  <div class='ocr_page' id='page_1' title='image "/cluster/home/n/w/nwhite01/storage/ocr_20150623/2/hvd.32044073501421/216.png"; bbox 0 0 4140 6344; ppageno 0'>
   <div class='ocr_carea' id='block_1_1' title="bbox 234 386 359 446">
    <p class='ocr_par' dir='ltr' id='par_1_1' title="bbox 234 386 359 446">
     <span class='ocr_line' id='line_1_1' title="bbox 234 386 359 446; baseline -0.016 0"><span class='ocrx_word' id='word_1_1' title='bbox 234 386 359 446; x_wconf 73' lang='grc'>409</span> 
     </span>
    </p>
   </div>
   <div class='ocr_carea' id='block_1_2' title="bbox 1329 376 2596 442">
    <p class='ocr_par' dir='ltr' id='par_1_2' title="bbox 1329 376 2596 442">
     <span class='ocr_line' id='line_1_2' title="bbox 1329 376 2596 442; baseline 0 -2"><span class='ocrx_word' id='word_1_2' title='bbox 1329 378 1856 442; x_wconf 82' lang='lat' dir='ltr'>CLEMENTINA.</span> <span class='ocrx_word' id='word_1_3' title='bbox 1891 411 1969 420; x_wconf 92' lang='lat'>—</span> <span class='ocrx_word' id='word_1_4' title='bbox 2002 376 2332 438; x_wconf 81' lang='lat' dir='ltr'><strong>HOMILIA</strong></span> <span class='ocrx_word' id='word_1_5' title='bbox 2376 379 2596 440; x_wconf 85' lang='lat' dir='ltr'><strong>XVIII.</strong></span> 
     </span>
    </p>
   </div>
   <div class='ocr_carea' id='block_1_3' title="bbox 3534 383 3653 442">
    <p class='ocr_par' dir='ltr' id='par_1_3' title="bbox 3534 383 3653 442">
     <span class='ocr_line' id='line_1_3' title="bbox 3534 383 3653 442; baseline 0.017 -2"><span class='ocrx_word' id='word_1_6' title='bbox 3534 383 3653 442; x_wconf 75' lang='lat' dir='ltr'>M0</span> 
     </span>
    </p>
   </div>
   <div class='ocr_carea' id='block_1_4' title="bbox 312 508 1909 590">
    <p class='ocr_par' dir='ltr' id='par_1_4' title="bbox 312 508 1894 590">
     <span class='ocr_line' id='line_1_4' title="bbox 312 508 1894 590; baseline -0.006 -19"><span class='ocrx_word' id='word_1_7' title='bbox 312 516 406 573; x_wconf 83' lang='lat' dir='ltr'><strong>VI.</strong></span> <span class='ocrx_word' id='word_1_8' title='bbox 442 516 542 570; x_wconf 78' lang='grc' dir='ltr'>Καὶ</span> <span class='ocrx_word' id='word_1_9' title='bbox 575 516 602 571; x_wconf 85' lang='lat'>6</span> <span class='ocrx_word' id='word_1_10' title='bbox 632 514 834 590; x_wconf 84' lang='grc' dir='ltr'>Πέτρος</span> <span class='ocrx_word' id='word_1_11' title='bbox 882 509 1006 588; x_wconf 80' lang='grc' dir='ltr'>ἔφη’</span> <span class='ocrx_word' id='word_1_12' title='bbox 1040 514 1103 570; x_wconf 79' lang='grc' dir='ltr'>Εἰ</span> <span class='ocrx_word' id='word_1_13' title='bbox 1133 518 1293 569; x_wconf 77' lang='grc' dir='ltr'>τοῦτο</span> <span class='ocrx_word' id='word_1_14' title='bbox 1342 511 1515 573; x_wconf 73' lang='grc' dir='ltr'>οὕτως</span> <span class='ocrx_word' id='word_1_15' title='bbox 1564 508 1678 585; x_wconf 82' lang='grc' dir='ltr'>ἔχει</span> <span class='ocrx_word' id='word_1_16' title='bbox 1727 510 1798 577; x_wconf 62' lang='lat'>5’,</span> <span class='ocrx_word' id='word_1_17' title='bbox 1830 510 1894 562; x_wconf 82' lang='grc' dir='ltr'>τὰ</span> 
     </span>
    </p>
   </div>
   <div class='ocr_carea' id='block_1_5' title="bbox 2023 508 3650 590">
    <p class='ocr_par' dir='ltr' id='par_1_5' title="bbox 2077 510 3650 583">
     <span class='ocr_line' id='line_1_5' title="bbox 2077 510 3650 583; baseline 0.005 -21"><span class='ocrx_word' id='word_1_18' title='bbox 2077 510 2173 563; x_wconf 86' lang='lat' dir='ltr'>VI.</span> <span class='ocrx_word' id='word_1_19' title='bbox 2214 511 2278 565; x_wconf 89' lang='lat' dir='ltr'>Et</span> <span class='ocrx_word' id='word_1_20' title='bbox 2308 515 2513 566; x_wconf 82' lang='lat' dir='ltr'>Petrus</span> <span class='ocrx_word' id='word_1_21' title='bbox 2545 512 2625 566; x_wconf 85' lang='lat' dir='ltr'>ait</span> <span class='ocrx_word' id='word_1_22' title='bbox 2656 530 2669 568; x_wconf 90' lang='lat'><strong>:</strong></span> <span class='ocrx_word' id='word_1_23' title='bbox 2702 511 2758 567; x_wconf 87' lang='lat' dir='ltr'>Si</span> <span class='ocrx_word' id='word_1_24' title='bbox 2793 512 2898 568; x_wconf 88' lang='lat' dir='ltr'>hoc</span> <span class='ocrx_word' id='word_1_25' title='bbox 2930 513 3010 569; x_wconf 88' lang='lat' dir='ltr'>ita</span> <span class='ocrx_word' id='word_1_26' title='bbox 3038 512 3233 583; x_wconf 85' lang='lat' dir='ltr'>habet,</span> <span class='ocrx_word' id='word_1_27' title='bbox 3254 513 3507 569; x_wconf 82' lang='lat' dir='ltr'>maxime</span> <span class='ocrx_word' id='word_1_28' title='bbox 3536 514 3650 571; x_wconf 88' lang='lat' dir='ltr'>im-</span> 
     </span>
    </p>
   </div>
   <div class='ocr_carea' id='block_1_6' title="bbox 246 598 1898 682">
    <p class='ocr_par' dir='ltr' id='par_1_6' title="bbox 246 598 1898 682">
     <span class='ocr_line' id='line_1_6' title="bbox 246 598 1898 682; baseline -0.006 -21"><span class='ocrx_word' id='word_1_29' title='bbox 246 608 475 682; x_wconf 76' lang='grc' dir='ltr'>μὲγιστα</span> <span class='ocrx_word' id='word_1_30' title='bbox 502 600 738 666; x_wconf 77' lang='grc' dir='ltr'>ἀσεϐεῖς.</span> <span class='ocrx_word' id='word_1_31' title='bbox 771 605 835 659; x_wconf 79' lang='lat' dir='ltr'>Ei</span> <span class='ocrx_word' id='word_1_32' title='bbox 885 605 989 680; x_wconf 85' lang='grc' dir='ltr'>γάρ</span> <span class='ocrx_word' id='word_1_33' title='bbox 1038 604 1167 657; x_wconf 68' lang='grc' dir='ltr'>ἴ*ἱοῦ</span> <span class='ocrx_word' id='word_1_34' title='bbox 1219 602 1352 673; x_wconf 79' lang='grc' dir='ltr'>ἐστὶ,</span> <span class='ocrx_word' id='word_1_35' title='bbox 1401 606 1499 656; x_wconf 80' lang='grc' dir='ltr'>τοῦ</span> <span class='ocrx_word' id='word_1_36' title='bbox 1551 600 1775 676; x_wconf 80' lang='grc' dir='ltr'>οὐρανὸν</span> <span class='ocrx_word' id='word_1_37' title='bbox 1809 598 1898 652; x_wconf 90' lang='grc' dir='ltr'>καὶ</span> 
     </span>
    </p>
   </div>
   <div class='ocr_carea' id='block_1_7' title="bbox 243 687 1901 769">
    <p class='ocr_par' dir='ltr' id='par_1_7' title="bbox 243 687 1901 769">
     <span class='ocr_line' id='line_1_7' title="bbox 243 687 1901 769; baseline -0.005 -20"><span class='ocrx_word' id='word_1_38' title='bbox 243 702 347 769; x_wconf 75' lang='grc' dir='ltr'>γῆν</span> <span class='ocrx_word' id='word_1_39' title='bbox 382 692 881 767; x_wconf 78' lang='grc' dir='ltr'>διακοσμήσαντος,</span> <span class='ocrx_word' id='word_1_40' title='bbox 910 694 972 747; x_wconf 84' lang='grc' dir='ltr'>τὸ</span> <span class='ocrx_word' id='word_1_41' title='bbox 1005 694 1050 764; x_wconf 83' lang='grc' dir='ltr'>ᾦ</span> <span class='ocrx_word' id='word_1_42' title='bbox 1103 690 1356 767; x_wconf 86' lang='grc' dir='ltr'>βούλεται</span> <span class='ocrx_word' id='word_1_43' title='bbox 1408 687 1810 745; x_wconf 67' lang='grc' dir='ltr'>ἀποκαλύπτειν</span> <span class='ocrx_word' id='word_1_44' title='bbox 1857 688 1901 723; x_wconf 79' lang='grc'>⁸³</span> 
     </span>
    </p>
   </div>
   <div class='ocr_carea' id='block_1_8' title="bbox 242 776 1899 858">
    <p class='ocr_par' dir='ltr' id='par_1_8' title="bbox 242 776 1899 858">
     <span class='ocr_line' id='line_1_8' title="bbox 242 776 1899 858; baseline -0.005 -20"><span class='ocrx_word' id='word_1_45' title='bbox 242 786 335 839; x_wconf 87' lang='grc' dir='ltr'>τὸν</span> <span class='ocrx_word' id='word_1_46' title='bbox 390 782 443 837; x_wconf 86' lang='grc' dir='ltr'>έν</span> <span class='ocrx_word' id='word_1_47' title='bbox 492 781 831 858; x_wconf 66' lang='grc' dir='ltr'>ἀπορρήτοις</span> <span class='ocrx_word' id='word_1_48' title='bbox 881 780 1044 836; x_wconf 75' lang='grc' dir='ltr'>αὐτοῦ</span> <span class='ocrx_word' id='word_1_49' title='bbox 1096 781 1327 856; x_wconf 84' lang='grc' dir='ltr'>Πατέρα,</span> <span class='ocrx_word' id='word_1_50' title='bbox 1385 780 1448 834; x_wconf 78' lang='grc' dir='ltr'>σὺ</span> <span class='ocrx_word' id='word_1_51' title='bbox 1493 778 1714 854; x_wconf 87' lang='grc' dir='ltr'>μέγιστα</span> <span class='ocrx_word' id='word_1_52' title='bbox 1749 822 1763 848; x_wconf 91' lang='grc'>,</span> <span class='ocrx_word' id='word_1_53' title='bbox 1826 776 1899 837; x_wconf 86' lang='grc' dir='ltr'>ὡς</span> 
     </span>
    </p>
   </div>
   <div class='ocr_carea' id='block_1_9' title="bbox 248 863 1900 950">
    <p class='ocr_par' dir='ltr' id='par_1_9' title="bbox 248 863 1900 950">
     <span class='ocr_line' id='line_1_9' title="bbox 248 863 1900 950; baseline -0.005 -23"><span class='ocrx_word' id='word_1_54' title='bbox 248 871 406 950; x_wconf 49' lang='grc' dir='ltr'>ἔφην,</span> <span class='ocrx_word' id='word_1_55' title='bbox 440 867 652 933; x_wconf 73' lang='grc' dir='ltr'>ἀσεϐεῖς</span> <span class='ocrx_word' id='word_1_56' title='bbox 685 870 1085 925; x_wconf 73' lang='grc' dir='ltr'>ἀποκαλύπτων</span> <span class='ocrx_word' id='word_1_57' title='bbox 1136 872 1217 932; x_wconf 77' lang='grc' dir='ltr'>οἷς</span> <span class='ocrx_word' id='word_1_58' title='bbox 1252 870 1453 931; x_wconf 84' lang='grc' dir='ltr'>ἐκεῖνος</span> <span class='ocrx_word' id='word_1_59' title='bbox 1494 867 1593 922; x_wconf 80' lang='grc' dir='ltr'>οὐκ</span> <span class='ocrx_word' id='word_1_60' title='bbox 1633 863 1900 921; x_wconf 83' lang='grc' dir='ltr'>ἀπεκάλυ-</span> 
     </span>
    </p>
   </div>
   <div class='ocr_carea' id='block_1_10' title="bbox 248 956 1903 1035">
    <p class='ocr_par' dir='ltr' id='par_1_10' title="bbox 248 956 1903 1035">
     <span class='ocr_line' id='line_1_10' title="bbox 248 956 1903 1035; baseline -0.012 -18"><span class='ocrx_word' id='word_1_61' title='bbox 248 966 366 1035; x_wconf 83' lang='grc' dir='ltr'>ψεν.</span> <span class='ocrx_word' id='word_1_62' title='bbox 426 962 529 1019; x_wconf 79' lang='grc' dir='ltr'>Καὶ</span> <span class='ocrx_word' id='word_1_63' title='bbox 563 960 590 1015; x_wconf 93' lang='lat'>6</span> <span class='ocrx_word' id='word_1_64' title='bbox 624 960 837 1035; x_wconf 86' lang='grc' dir='ltr'>Σίμων·</span> <span class='ocrx_word' id='word_1_65' title='bbox 884 958 1062 1015; x_wconf 83' lang='grc' dir='ltr'>Ἀλλά</span> <span class='ocrx_word' id='word_1_66' title='bbox 1105 958 1265 1021; x_wconf 80' lang='grc' dir='ltr'>αὐτός</span> <span class='ocrx_word' id='word_1_67' title='bbox 1298 980 1363 1031; x_wconf 85' lang='grc' dir='ltr'>με</span> <span class='ocrx_word' id='word_1_68' title='bbox 1398 956 1651 1032; x_wconf 76' lang='grc' dir='ltr'>βούλεται</span> <span class='ocrx_word' id='word_1_69' title='bbox 1700 956 1903 1010; x_wconf 81' lang='grc' dir='ltr'>ἀποκα-</span> 
     </span>
    </p>
   </div>
   <div class='ocr_carea' id='block_1_11' title="bbox 251 1043 1902 1124">
    <p class='ocr_par' dir='ltr' id='par_1_11' title="bbox 251 1043 1902 1124">
     <span class='ocr_line' id='line_1_11' title="bbox 251 1043 1902 1124; baseline -0.007 -17"><span class='ocrx_word' id='word_1_70' title='bbox 251 1050 497 1107; x_wconf 82' lang='grc' dir='ltr'>λύπτειν.</span> <span class='ocrx_word' id='word_1_71' title='bbox 532 1050 630 1104; x_wconf 80' lang='grc' dir='ltr'>Καὶ</span> <span class='ocrx_word' id='word_1_72' title='bbox 676 1050 704 1103; x_wconf 98' lang='lat'>6</span> <span class='ocrx_word' id='word_1_73' title='bbox 728 1050 953 1124; x_wconf 86' lang='grc' dir='ltr'>Πέτρος·</span> <span class='ocrx_word' id='word_1_74' title='bbox 987 1048 1059 1103; x_wconf 84' lang='lat'>06</span> <span class='ocrx_word' id='word_1_75' title='bbox 1089 1053 1231 1109; x_wconf 84' lang='grc' dir='ltr'>νοεῖς</span> <span class='ocrx_word' id='word_1_76' title='bbox 1264 1046 1297 1100; x_wconf 74' lang='grc' dir='ltr'>’ἀ</span> <span class='ocrx_word' id='word_1_77' title='bbox 1321 1045 1483 1123; x_wconf 82' lang='grc' dir='ltr'>λέγω,</span> <span class='ocrx_word' id='word_1_78' title='bbox 1511 1045 1715 1119; x_wconf 86' lang='grc' dir='ltr'>Σίμων.</span> <span class='ocrx_word' id='word_1_79' title='bbox 1750 1043 1902 1111; x_wconf 73' lang='grc' dir='ltr'>Πλὴν</span> 
     </span>
    </p>
   </div>
   <div class='ocr_carea' id='block_1_12' title="bbox 252 1132 1905 1210">
    <p class='ocr_par' dir='ltr' id='par_1_12' title="bbox 252 1132 1905 1210">
     <span class='ocr_line' id='line_1_12' title="bbox 252 1132 1905 1210; baseline -0.006 -12"><span class='ocrx_word' id='word_1_80' title='bbox 252 1142 408 1199; x_wconf 71' lang='grc'>358</span> <span class='ocrx_word' id='word_1_81' title='bbox 460 1138 693 1201; x_wconf 86' lang='grc' dir='ltr'>ἀκούσας</span> <span class='ocrx_word' id='word_1_82' title='bbox 743 1137 918 1200; x_wconf 80' lang='grc' dir='ltr'>σύνες.</span> <span class='ocrx_word' id='word_1_83' title='bbox 969 1139 1057 1209; x_wconf 83' lang='grc' dir='ltr'>Τῷ</span> <span class='ocrx_word' id='word_1_84' title='bbox 1104 1140 1150 1174; x_wconf 70' lang='grc'>⁸⁸</span> <span class='ocrx_word' id='word_1_85' title='bbox 1197 1136 1386 1192; x_wconf 74' lang='grc' dir='ltr'>εἰπεῖν’</span> <span class='ocrx_word' id='word_1_86' title='bbox 1438 1135 1535 1197; x_wconf 73' lang='grc' dir='ltr'>Οἷς</span> <span class='ocrx_word' id='word_1_87' title='bbox 1585 1134 1642 1189; x_wconf 75' lang='grc' dir='ltr'>ἂν</span> <span class='ocrx_word' id='word_1_88' title='bbox 1698 1132 1905 1210; x_wconf 83' lang='grc' dir='ltr'>βούλη-</span> 
     </span>
    </p>
   </div>
   <div class='ocr_carea' id='block_1_13' title="bbox 250 1223 1908 1300">
    <p class='ocr_par' dir='ltr' id='par_1_13' title="bbox 250 1223 1908 1300">
     <span class='ocr_line' id='line_1_13' title="bbox 250 1223 1908 1300; baseline -0.005 -15"><span class='ocrx_word' id='word_1_89' title='bbox 250 1251 337 1285; x_wconf 85' lang='grc' dir='ltr'>ται</span> <span class='ocrx_word' id='word_1_90' title='bbox 387 1231 435 1266; x_wconf 75' lang='grc'>⁸⁸</span> <span class='ocrx_word' id='word_1_91' title='bbox 485 1229 516 1284; x_wconf 90' lang='lat'>6</span> <span class='ocrx_word' id='word_1_92' title='bbox 571 1228 695 1290; x_wconf 78' lang='grc' dir='ltr'>Υἱὸς</span> <span class='ocrx_word' id='word_1_93' title='bbox 752 1225 1114 1300; x_wconf 79' lang='grc' dir='ltr'>ἀποκαλύψει,</span> <span class='ocrx_word' id='word_1_94' title='bbox 1166 1225 1227 1281; x_wconf 79' lang='grc' dir='ltr'>ού</span> <span class='ocrx_word' id='word_1_95' title='bbox 1278 1223 1598 1295; x_wconf 78' lang='grc' dir='ltr'>διδασκαλίᾳ</span> <span class='ocrx_word' id='word_1_96' title='bbox 1648 1224 1770 1279; x_wconf 78' lang='grc' dir='ltr'>τινὰ</span> <span class='ocrx_word' id='word_1_97' title='bbox 1796 1242 1908 1277; x_wconf 80' lang='grc' dir='ltr'>τοι·</span> 
     </span>
    </p>
   </div>
   <div class='ocr_carea' id='block_1_14' title="bbox 254 1312 1906 1392">
    <p class='ocr_par' dir='ltr' id='par_1_14' title="bbox 254 1312 1906 1392">
     <span class='ocr_line' id='line_1_14' title="bbox 254 1312 1906 1392; baseline -0.006 -19"><span class='ocrx_word' id='word_1_98' title='bbox 254 1324 412 1373; x_wconf 72' lang='grc' dir='ltr'>οὗτον</span> <span class='ocrx_word' id='word_1_99' title='bbox 473 1323 660 1390; x_wconf 81' lang='grc' dir='ltr'>μαθεῖν</span> <span class='ocrx_word' id='word_1_100' title='bbox 710 1315 878 1392; x_wconf 87' lang='grc' dir='ltr'>λέγει,</span> <span class='ocrx_word' id='word_1_101' title='bbox 926 1312 1071 1369; x_wconf 83' lang='grc' dir='ltr'>ἀλλά</span> <span class='ocrx_word' id='word_1_102' title='bbox 1119 1314 1459 1387; x_wconf 76' lang='grc' dir='ltr'>ἀποκαλύψει</span> <span class='ocrx_word' id='word_1_103' title='bbox 1515 1312 1700 1387; x_wconf 88' lang='grc' dir='ltr'>μόνον.</span> <span class='ocrx_word' id='word_1_104' title='bbox 1740 1318 1906 1366; x_wconf 78' lang='grc' dir='ltr'>Ἀπο-</span> 
     </span>
    </p>
   </div>
   <div class='ocr_carea' id='block_1_15' title="bbox 252 1401 1906 1479">
    <p class='ocr_par' dir='ltr' id='par_1_15' title="bbox 252 1401 1906 1479">
     <span class='ocr_line' id='line_1_15' title="bbox 252 1401 1906 1479; baseline -0.005 -17"><span class='ocrx_word' id='word_1_105' title='bbox 252 1406 490 1479; x_wconf 75' lang='grc' dir='ltr'>κάλυψίς</span> <span class='ocrx_word' id='word_1_106' title='bbox 563 1406 671 1460; x_wconf 77' lang='grc' dir='ltr'>ἐστι</span> <span class='ocrx_word' id='word_1_107' title='bbox 745 1407 810 1460; x_wconf 89' lang='grc' dir='ltr'>τὸ</span> <span class='ocrx_word' id='word_1_108' title='bbox 883 1403 933 1459; x_wconf 84' lang='grc' dir='ltr'>έν</span> <span class='ocrx_word' id='word_1_109' title='bbox 1005 1402 1199 1465; x_wconf 76' lang='grc' dir='ltr'>πάσαις</span> <span class='ocrx_word' id='word_1_110' title='bbox 1274 1401 1522 1478; x_wconf 79' lang='grc' dir='ltr'>καρδίαις</span> <span class='ocrx_word' id='word_1_111' title='bbox 1610 1401 1906 1476; x_wconf 85' lang='grc' dir='ltr'>ἀνθρώπων</span> 
     </span>
    </p>
   </div>
   <div class='ocr_carea' id='block_1_16' title="bbox 255 1489 1911 1571">
    <p class='ocr_par' dir='ltr' id='par_1_16' title="bbox 255 1489 1911 1571">
     <span class='ocr_line' id='line_1_16' title="bbox 255 1489 1911 1571; baseline -0.004 -22"><span class='ocrx_word' id='word_1_112' title='bbox 255 1495 587 1571; x_wconf 66' lang='grc' dir='ltr'>ἀπορῥήτως</span> <span class='ocrx_word' id='word_1_113' title='bbox 660 1494 908 1567; x_wconf 80' lang='grc' dir='ltr'>κείμενον</span> <span class='ocrx_word' id='word_1_114' title='bbox 976 1490 1387 1566; x_wconf 74' lang='grc' dir='ltr'>κεκαλυμμένον</span> <span class='ocrx_word' id='word_1_115' title='bbox 1439 1536 1453 1563; x_wconf 91' lang='grc'>,</span> <span class='ocrx_word' id='word_1_116' title='bbox 1524 1489 1648 1545; x_wconf 80' lang='grc' dir='ltr'>ἄνευ</span> <span class='ocrx_word' id='word_1_117' title='bbox 1725 1495 1911 1565; x_wconf 78' lang='grc' dir='ltr'>φωνῆς</span> 
     </span>
    </p>
   </div>
   <div class='ocr_carea' id='block_1_17' title="bbox 252 1578 1910 1659">
    <p class='ocr_par' dir='ltr' id='par_1_17' title="bbox 252 1578 1910 1659">
     <span class='ocr_line' id='line_1_17' title="bbox 252 1578 1910 1659; baseline -0.004 -21"><span class='ocrx_word' id='word_1_118' title='bbox 252 1588 323 1659; x_wconf 76' lang='grc' dir='ltr'>τῇ</span> <span class='ocrx_word' id='word_1_119' title='bbox 355 1585 525 1639; x_wconf 68' lang='grc' dir='ltr'>αὑτοῦ</span> <span class='ocrx_word' id='word_1_120' title='bbox 559 1582 735 1659; x_wconf 80' lang='grc' dir='ltr'>βουλῂ</span> <span class='ocrx_word' id='word_1_121' title='bbox 785 1586 829 1620; x_wconf 74' lang='grc'>⁸⁸</span> <span class='ocrx_word' id='word_1_122' title='bbox 878 1581 1417 1654; x_wconf 81' lang='grc' dir='ltr'>ἀποκάλυπτόμενον.</span> <span class='ocrx_word' id='word_1_123' title='bbox 1463 1580 1563 1637; x_wconf 80' lang='grc' dir='ltr'>Καὶ</span> <span class='ocrx_word' id='word_1_124' title='bbox 1606 1578 1778 1641; x_wconf 75' lang='grc' dir='ltr'>οὕτως</span> <span class='ocrx_word' id='word_1_125' title='bbox 1824 1578 1910 1653; x_wconf 90' lang='grc' dir='ltr'>γί-</span> 
     </span>
    </p>
   </div>
   <div class='ocr_carea' id='block_1_18' title="bbox 254 1666 1914 1749">
    <p class='ocr_par' dir='ltr' id='par_1_18' title="bbox 254 1666 1914 1749">
     <span class='ocr_line' id='line_1_18' title="bbox 254 1666 1914 1749; baseline -0.003 -23"><span class='ocrx_word' id='word_1_126' title='bbox 254 1694 403 1729; x_wconf 83' lang='grc' dir='ltr'>νεται</span> <span class='ocrx_word' id='word_1_127' title='bbox 434 1678 655 1749; x_wconf 85' lang='grc' dir='ltr'>γνῶναι,</span> <span class='ocrx_word' id='word_1_128' title='bbox 689 1672 751 1726; x_wconf 80' lang='grc' dir='ltr'>ού</span> <span class='ocrx_word' id='word_1_129' title='bbox 798 1669 1138 1747; x_wconf 70' lang='grc' dir='ltr'>διδαχθέντα,</span> <span class='ocrx_word' id='word_1_130' title='bbox 1190 1669 1336 1726; x_wconf 78' lang='grc' dir='ltr'>ἀλλά</span> <span class='ocrx_word' id='word_1_131' title='bbox 1384 1668 1623 1727; x_wconf 84' lang='grc' dir='ltr'>συνέντα.</span> <span class='ocrx_word' id='word_1_132' title='bbox 1655 1672 1743 1740; x_wconf 78' lang='grc' dir='ltr'>Τῷ</span> <span class='ocrx_word' id='word_1_133' title='bbox 1796 1666 1914 1740; x_wconf 81' lang='grc' dir='ltr'>μέν·</span> 
     </span>
    </p>
   </div>
   <div class='ocr_carea' id='block_1_19' title="bbox 251 1754 1911 1832">
    <p class='ocr_par' dir='ltr' id='par_1_19' title="bbox 251 1754 1911 1832">
     <span class='ocr_line' id='line_1_19' title="bbox 251 1754 1911 1832; baseline -0.004 -15"><span class='ocrx_word' id='word_1_134' title='bbox 251 1785 339 1818; x_wconf 79' lang='grc' dir='ltr'>τοι</span> <span class='ocrx_word' id='word_1_135' title='bbox 386 1756 618 1816; x_wconf 84' lang='grc' dir='ltr'>συνιέντι</span> <span class='ocrx_word' id='word_1_136' title='bbox 671 1765 714 1798; x_wconf 74' lang='grc'>⁸⁷</span> <span class='ocrx_word' id='word_1_137' title='bbox 769 1760 869 1815; x_wconf 80' lang='grc' dir='ltr'>οὐκ</span> <span class='ocrx_word' id='word_1_138' title='bbox 924 1758 1145 1831; x_wconf 79' lang='grc' dir='ltr'>ἔξεστιν,</span> <span class='ocrx_word' id='word_1_139' title='bbox 1204 1758 1360 1832; x_wconf 74' lang='grc' dir='ltr'>ἄλλῳ</span> <span class='ocrx_word' id='word_1_140' title='bbox 1406 1757 1567 1814; x_wconf 69' lang='grc' dir='ltr'>τούτο</span> <span class='ocrx_word' id='word_1_141' title='bbox 1613 1754 1911 1829; x_wconf 82' lang='grc' dir='ltr'>ἀποδεῖξαι,</span> 
     </span>
    </p>
   </div>
   <div class='ocr_carea' id='block_1_20' title="bbox 254 1844 1993 1948">
    <p class='ocr_par' dir='ltr' id='par_1_20' title="bbox 254 1844 1993 1948">
     <span class='ocr_line' id='line_1_20' title="bbox 254 1844 1993 1948; baseline -0.005 -42"><span class='ocrx_word' id='word_1_142' title='bbox 254 1851 374 1906; x_wconf 74' lang='grc' dir='ltr'>ἐπεὶ</span> <span class='ocrx_word' id='word_1_143' title='bbox 409 1848 539 1923; x_wconf 84' lang='grc' dir='ltr'>μηδ’</span> <span class='ocrx_word' id='word_1_144' title='bbox 569 1850 733 1912; x_wconf 75' lang='grc' dir='ltr'>αὐτὸς</span> <span class='ocrx_word' id='word_1_145' title='bbox 782 1847 1065 1925; x_wconf 75' lang='grc' dir='ltr'>ἐδιδάχθη,</span> <span class='ocrx_word' id='word_1_146' title='bbox 1100 1844 1222 1904; x_wconf 67' lang='grc' dir='ltr'>οὔτε</span> <span class='ocrx_word' id='word_1_147' title='bbox 1272 1846 1619 1921; x_wconf 80' lang='grc' dir='ltr'>ἀποκαλύψαι</span> <span class='ocrx_word' id='word_1_148' title='bbox 1670 1844 1910 1918; x_wconf 81' lang='grc' dir='ltr'>δύναται,</span> <span class='ocrx_word' id='word_1_149' title='bbox 1946 1883 1993 1948; x_wconf 82' lang='grc' dir='ltr'>Β</span> 
     </span>
    </p>
   </div>
   <div class='ocr_carea' id='block_1_21' title="bbox 255 1933 1913 2011">
    <p class='ocr_par' dir='ltr' id='par_1_21' title="bbox 255 1933 1913 2011">
     <span class='ocr_line' id='line_1_21' title="bbox 255 1933 1913 2011; baseline -0.003 -17"><span class='ocrx_word' id='word_1_150' title='bbox 255 1938 375 1994; x_wconf 81' lang='grc' dir='ltr'>ἐπεὶ</span> <span class='ocrx_word' id='word_1_151' title='bbox 414 1941 489 2011; x_wconf 83' lang='grc' dir='ltr'>μή</span> <span class='ocrx_word' id='word_1_152' title='bbox 537 1937 697 2000; x_wconf 82' lang='grc' dir='ltr'>αύτός</span> <span class='ocrx_word' id='word_1_153' title='bbox 748 1936 885 1993; x_wconf 80' lang='grc' dir='ltr'>ἐστιν</span> <span class='ocrx_word' id='word_1_154' title='bbox 930 1939 957 1992; x_wconf 89' lang='lat'>6</span> <span class='ocrx_word' id='word_1_155' title='bbox 1004 1938 1151 2005; x_wconf 72' lang='grc' dir='ltr'>Υἱὸς,</span> <span class='ocrx_word' id='word_1_156' title='bbox 1201 1936 1351 2000; x_wconf 78' lang='grc' dir='ltr'>ἐκτὸς</span> <span class='ocrx_word' id='word_1_157' title='bbox 1384 1937 1429 1991; x_wconf 82' lang='grc' dir='ltr'>εί</span> <span class='ocrx_word' id='word_1_158' title='bbox 1467 1939 1541 2010; x_wconf 72' lang='grc' dir='ltr'>μὴ</span> <span class='ocrx_word' id='word_1_159' title='bbox 1594 1936 1777 1991; x_wconf 68' lang='grc' dir='ltr'>ἑαυτὸν</span> <span class='ocrx_word' id='word_1_160' title='bbox 1824 1933 1913 1989; x_wconf 83' lang='grc' dir='ltr'>λέ-</span> 
     </span>
    </p>
   </div>
   <div class='ocr_carea' id='block_1_22' title="bbox 253 2023 1913 2105">
    <p class='ocr_par' dir='ltr' id='par_1_22' title="bbox 253 2023 1913 2105">
     <span class='ocr_line' id='line_1_22' title="bbox 253 2023 1913 2105; baseline -0.004 -22"><span class='ocrx_word' id='word_1_161' title='bbox 253 2050 339 2105; x_wconf 83' lang='grc' dir='ltr'>γει</span> <span class='ocrx_word' id='word_1_162' title='bbox 372 2030 510 2083; x_wconf 79' lang='grc' dir='ltr'>εἶναι</span> <span class='ocrx_word' id='word_1_163' title='bbox 538 2028 633 2082; x_wconf 86' lang='grc' dir='ltr'>τὸν</span> <span class='ocrx_word' id='word_1_164' title='bbox 661 2027 808 2083; x_wconf 75' lang='grc' dir='ltr'>Υἱόν.</span> <span class='ocrx_word' id='word_1_165' title='bbox 846 2026 919 2081; x_wconf 78' lang='grc' dir='ltr'>Σὺ</span> <span class='ocrx_word' id='word_1_166' title='bbox 951 2025 1007 2082; x_wconf 75' lang='grc' dir='ltr'>δὲ</span> <span class='ocrx_word' id='word_1_167' title='bbox 1057 2026 1155 2082; x_wconf 79' lang='grc' dir='ltr'>οὐκ</span> <span class='ocrx_word' id='word_1_168' title='bbox 1188 2027 1233 2081; x_wconf 78' lang='grc' dir='ltr'>εί</span> <span class='ocrx_word' id='word_1_169' title='bbox 1265 2028 1291 2081; x_wconf 90' lang='lat'>6</span> <span class='ocrx_word' id='word_1_170' title='bbox 1325 2027 1489 2088; x_wconf 70' lang='grc' dir='ltr'>ἑστὼς</span> <span class='ocrx_word' id='word_1_171' title='bbox 1540 2025 1682 2087; x_wconf 77' lang='grc' dir='ltr'>Υἱός.</span> <span class='ocrx_word' id='word_1_172' title='bbox 1716 2024 1783 2079; x_wconf 66' lang='lat' dir='ltr'>Ei</span> <span class='ocrx_word' id='word_1_173' title='bbox 1810 2023 1913 2099; x_wconf 67' lang='grc' dir='ltr'>γὰρ</span> 
     </span>
    </p>
   </div>
   <div class='ocr_carea' id='block_1_23' title="bbox 255 2112 1912 2191">
    <p class='ocr_par' dir='ltr' id='par_1_23' title="bbox 255 2112 1912 2191">
     <span class='ocr_line' id='line_1_23' title="bbox 255 2112 1912 2191; baseline -0.003 -19"><span class='ocrx_word' id='word_1_174' title='bbox 255 2119 383 2179; x_wconf 69' lang='grc' dir='ltr'>Υἱὸς</span> <span class='ocrx_word' id='word_1_175' title='bbox 415 2120 505 2187; x_wconf 69' lang='grc' dir='ltr'>ἧς,</span> <span class='ocrx_word' id='word_1_176' title='bbox 548 2118 765 2179; x_wconf 73' lang='grc' dir='ltr'>πάντως</span> <span class='ocrx_word' id='word_1_177' title='bbox 801 2118 858 2171; x_wconf 74' lang='grc' dir='ltr'>ἂν</span> <span class='ocrx_word' id='word_1_178' title='bbox 908 2113 1050 2191; x_wconf 74' lang='grc' dir='ltr'>ᾔδης</span> <span class='ocrx_word' id='word_1_179' title='bbox 1098 2119 1142 2153; x_wconf 74' lang='grc'>⁸⁸</span> <span class='ocrx_word' id='word_1_180' title='bbox 1189 2124 1287 2185; x_wconf 75' lang='grc' dir='ltr'>τῆς</span> <span class='ocrx_word' id='word_1_181' title='bbox 1334 2116 1590 2185; x_wconf 81' lang='grc' dir='ltr'>τοιαύτης</span> <span class='ocrx_word' id='word_1_182' title='bbox 1636 2112 1912 2169; x_wconf 81' lang='grc' dir='ltr'>ἀποκαλύ-</span> 
     </span>
    </p>
   </div>
   <div class='ocr_carea' id='block_1_24' title="bbox 256 2201 1911 2279">
    <p class='ocr_par' dir='ltr' id='par_1_24' title="bbox 256 2201 1911 2279">
     <span class='ocr_line' id='line_1_24' title="bbox 256 2201 1911 2279; baseline -0.003 -18"><span class='ocrx_word' id='word_1_183' title='bbox 256 2210 407 2279; x_wconf 81' lang='grc' dir='ltr'>ψεως</span> <span class='ocrx_word' id='word_1_184' title='bbox 438 2205 569 2268; x_wconf 79' lang='grc' dir='ltr'>τοὺς</span> <span class='ocrx_word' id='word_1_185' title='bbox 603 2205 805 2276; x_wconf 78' lang='grc' dir='ltr'>ἀξίους.</span> <span class='ocrx_word' id='word_1_186' title='bbox 840 2204 916 2259; x_wconf 78' lang='grc' dir='ltr'>Σὺ</span> <span class='ocrx_word' id='word_1_187' title='bbox 962 2202 1019 2259; x_wconf 77' lang='grc' dir='ltr'>δὲ</span> <span class='ocrx_word' id='word_1_188' title='bbox 1050 2204 1147 2260; x_wconf 76' lang='grc' dir='ltr'>οὐκ</span> <span class='ocrx_word' id='word_1_189' title='bbox 1178 2202 1345 2266; x_wconf 80' lang='grc' dir='ltr'>οἶδας.</span> <span class='ocrx_word' id='word_1_190' title='bbox 1380 2204 1441 2258; x_wconf 81' lang='lat' dir='ltr'>El</span> <span class='ocrx_word' id='word_1_191' title='bbox 1473 2205 1575 2279; x_wconf 71' lang='grc' dir='ltr'>γὰρ</span> <span class='ocrx_word' id='word_1_192' title='bbox 1621 2201 1911 2273; x_wconf 72' lang='grc' dir='ltr'>ἠπίστασο,</span> 
     </span>
    </p>
   </div>
   <div class='ocr_carea' id='block_1_25' title="bbox 254 2293 1293 2367">
    <p class='ocr_par' dir='ltr' id='par_1_25' title="bbox 254 2293 1293 2367">
     <span class='ocr_line' id='line_1_25' title="bbox 254 2293 1293 2367; baseline -0.001 -16"><span class='ocrx_word' id='word_1_193' title='bbox 254 2297 323 2351; x_wconf 85' lang='grc' dir='ltr'>τά</span> <span class='ocrx_word' id='word_1_194' title='bbox 353 2300 465 2350; x_wconf 88' lang='grc' dir='ltr'>τῶν</span> <span class='ocrx_word' id='word_1_195' title='bbox 500 2294 871 2367; x_wconf 73' lang='grc' dir='ltr'>ἐπισταμένων</span> <span class='ocrx_word' id='word_1_196' title='bbox 905 2294 963 2348; x_wconf 74' lang='grc' dir='ltr'>ἃν</span> <span class='ocrx_word' id='word_1_197' title='bbox 999 2293 1198 2355; x_wconf 76' lang='grc' dir='ltr'>ἐποίεις</span> <span class='ocrx_word' id='word_1_198' title='bbox 1228 2297 1293 2350; x_wconf 68' lang='grc'>⁵9.</span> 
     </span>
    </p>
   </div>
   <div class='ocr_carea' id='block_1_26' title="bbox 327 2379 1915 2460">
    <p class='ocr_par' dir='ltr' id='par_1_26' title="bbox 327 2379 1915 2460">
     <span class='ocr_line' id='line_1_26' title="bbox 327 2379 1915 2460; baseline -0.003 -21"><span class='ocrx_word' id='word_1_199' title='bbox 327 2390 452 2443; x_wconf 82' lang='lat' dir='ltr'><strong>VII.</strong></span> <span class='ocrx_word' id='word_1_200' title='bbox 512 2383 611 2440; x_wconf 81' lang='grc' dir='ltr'>Καὶ</span> <span class='ocrx_word' id='word_1_201' title='bbox 671 2386 700 2439; x_wconf 97' lang='lat'>6</span> <span class='ocrx_word' id='word_1_202' title='bbox 760 2383 948 2457; x_wconf 90' lang='grc' dir='ltr'>Σίμων</span> <span class='ocrx_word' id='word_1_203' title='bbox 1008 2379 1131 2460; x_wconf 77' lang='grc' dir='ltr'>ἔφη·</span> <span class='ocrx_word' id='word_1_204' title='bbox 1191 2381 1485 2458; x_wconf 81' lang='grc' dir='ltr'>Ὀμολογῶ</span> <span class='ocrx_word' id='word_1_205' title='bbox 1519 2425 1532 2450; x_wconf 88' lang='grc'>,</span> <span class='ocrx_word' id='word_1_206' title='bbox 1594 2381 1655 2436; x_wconf 83' lang='grc' dir='ltr'>οὐ</span> <span class='ocrx_word' id='word_1_207' title='bbox 1710 2387 1915 2451; x_wconf 80' lang='grc' dir='ltr'>συνῆκα</span> 
     </span>
    </p>
   </div>
   <div class='ocr_carea' id='block_1_27' title="bbox 253 2469 1912 2550">
    <p class='ocr_par' dir='ltr' id='par_1_27' title="bbox 253 2469 1912 2550">
     <span class='ocr_line' id='line_1_27' title="bbox 253 2469 1912 2550; baseline -0.003 -22"><span class='ocrx_word' id='word_1_208' title='bbox 253 2478 374 2535; x_wconf 81' lang='grc' dir='ltr'>πῶς</span> <span class='ocrx_word' id='word_1_209' title='bbox 423 2473 623 2550; x_wconf 81' lang='grc' dir='ltr'>λέγεις,</span> <span class='ocrx_word' id='word_1_210' title='bbox 672 2473 741 2527; x_wconf 76' lang='grc' dir='ltr'>τὰ</span> <span class='ocrx_word' id='word_1_211' title='bbox 785 2476 891 2527; x_wconf 87' lang='grc' dir='ltr'>τῶν</span> <span class='ocrx_word' id='word_1_212' title='bbox 940 2471 1309 2544; x_wconf 75' lang='grc' dir='ltr'>ἐπισταμένων</span> <span class='ocrx_word' id='word_1_213' title='bbox 1361 2470 1420 2526; x_wconf 77' lang='grc' dir='ltr'>ἂν</span> <span class='ocrx_word' id='word_1_214' title='bbox 1473 2470 1671 2532; x_wconf 74' lang='grc' dir='ltr'>ἐποίεις</span> <span class='ocrx_word' id='word_1_215' title='bbox 1710 2473 1773 2525; x_wconf 77' lang='lat'>7°.</span> <span class='ocrx_word' id='word_1_216' title='bbox 1811 2469 1912 2527; x_wconf 79' lang='grc' dir='ltr'>Καὶ</span> 
     </span>
    </p>
   </div>
   <div class='ocr_carea' id='block_1_28' title="bbox 255 2552 1919 2637">
    <p class='ocr_par' dir='ltr' id='par_1_28' title="bbox 255 2552 1919 2637">
     <span class='ocr_line' id='line_1_28' title="bbox 255 2552 1919 2637; baseline -0.002 -20"><span class='ocrx_word' id='word_1_217' title='bbox 255 2564 283 2617; x_wconf 90' lang='lat'>6</span> <span class='ocrx_word' id='word_1_218' title='bbox 318 2564 545 2637; x_wconf 72' lang='grc' dir='ltr'>Πέτροςο</span> <span class='ocrx_word' id='word_1_219' title='bbox 581 2562 644 2617; x_wconf 83' lang='grc' dir='ltr'><strong>Εἰ</strong></span> <span class='ocrx_word' id='word_1_220' title='bbox 679 2561 741 2616; x_wconf 78' lang='grc' dir='ltr'>οὐ</span> <span class='ocrx_word' id='word_1_221' title='bbox 772 2567 1023 2633; x_wconf 80' lang='grc' dir='ltr'>συνῆκας,</span> <span class='ocrx_word' id='word_1_222' title='bbox 1057 2559 1181 2615; x_wconf 74' lang='grc' dir='ltr'>οὐδὲ</span> <span class='ocrx_word' id='word_1_223' title='bbox 1221 2562 1316 2617; x_wconf 86' lang='grc' dir='ltr'>τὸν</span> <span class='ocrx_word' id='word_1_224' title='bbox 1366 2562 1588 2615; x_wconf 74' lang='grc' dir='ltr'>ἑκάστου</span> <span class='ocrx_word' id='word_1_225' title='bbox 1619 2564 1741 2614; x_wconf 72' lang='grc' dir='ltr'>νοῦν</span> <span class='ocrx_word' id='word_1_226' title='bbox 1772 2552 1919 2615; x_wconf 12' lang='grc' dir='ltr'>εἶδέ-Ὗ</span> 
     </span>
    </p>
   </div>
   <div class='ocr_carea' id='block_1_29' title="bbox 256 2648 1911 2727">
    <p class='ocr_par' dir='ltr' id='par_1_29' title="bbox 256 2648 1911 2727">
     <span class='ocr_line' id='line_1_29' title="bbox 256 2648 1911 2727; baseline -0.001 -21"><span class='ocrx_word' id='word_1_227' title='bbox 256 2674 340 2707; x_wconf 82' lang='grc' dir='ltr'>ναι</span> <span class='ocrx_word' id='word_1_228' title='bbox 381 2649 533 2726; x_wconf 70' lang='grc' dir='ltr'>δύνῃ,</span> <span class='ocrx_word' id='word_1_229' title='bbox 567 2651 657 2705; x_wconf 85' lang='grc' dir='ltr'>καὶ</span> <span class='ocrx_word' id='word_1_230' title='bbox 690 2650 737 2705; x_wconf 76' lang='grc' dir='ltr'>εἴ</span> <span class='ocrx_word' id='word_1_231' title='bbox 766 2651 975 2727; x_wconf 84' lang='grc' dir='ltr'>ἀγνοεῖς</span> <span class='ocrx_word' id='word_1_232' title='bbox 1005 2654 1071 2722; x_wconf 83' lang='grc'>⁷¹,</span> <span class='ocrx_word' id='word_1_233' title='bbox 1105 2648 1230 2706; x_wconf 73' lang='grc' dir='ltr'>οὐδὲ</span> <span class='ocrx_word' id='word_1_234' title='bbox 1258 2650 1386 2712; x_wconf 84' lang='grc' dir='ltr'>τοὺς</span> <span class='ocrx_word' id='word_1_235' title='bbox 1422 2649 1599 2723; x_wconf 81' lang='grc' dir='ltr'>ἀξίους</span> <span class='ocrx_word' id='word_1_236' title='bbox 1646 2657 1746 2719; x_wconf 80' lang='grc' dir='ltr'>τῆς</span> <span class='ocrx_word' id='word_1_237' title='bbox 1777 2652 1911 2705; x_wconf 90' lang='grc' dir='ltr'>ἀπο-</span> 
     </span>
    </p>
   </div>
   <div class='ocr_carea' id='block_1_30' title="bbox 254 2735 1908 2815">
    <p class='ocr_par' dir='ltr' id='par_1_30' title="bbox 254 2735 1908 2815">
     <span class='ocr_line' id='line_1_30' title="bbox 254 2735 1908 2815; baseline -0.001 -20"><span class='ocrx_word' id='word_1_238' title='bbox 254 2739 551 2815; x_wconf 83' lang='grc' dir='ltr'>καλύψεως</span> <span class='ocrx_word' id='word_1_239' title='bbox 602 2740 902 2811; x_wconf 83' lang='grc' dir='ltr'>ἐπίστασαι,</span> <span class='ocrx_word' id='word_1_240' title='bbox 956 2739 1054 2795; x_wconf 80' lang='grc' dir='ltr'>οὐκ</span> <span class='ocrx_word' id='word_1_241' title='bbox 1101 2740 1149 2795; x_wconf 83' lang='grc' dir='ltr'>εἶ</span> <span class='ocrx_word' id='word_1_242' title='bbox 1196 2735 1339 2802; x_wconf 71' lang='grc' dir='ltr'>Υἱὸςυ</span> <span class='ocrx_word' id='word_1_243' title='bbox 1390 2740 1417 2794; x_wconf 91' lang='lat'>6</span> <span class='ocrx_word' id='word_1_244' title='bbox 1467 2736 1524 2794; x_wconf 73' lang='grc' dir='ltr'>δὲ</span> <span class='ocrx_word' id='word_1_245' title='bbox 1572 2740 1695 2802; x_wconf 74' lang='grc' dir='ltr'>Υἱὸς</span> <span class='ocrx_word' id='word_1_246' title='bbox 1745 2737 1908 2794; x_wconf 71' lang='grc' dir='ltr'>οἶδεν·</span> 
     </span>
    </p>
   </div>
   <div class='ocr_carea' id='block_1_31' title="bbox 257 2828 1913 2905">
    <p class='ocr_par' dir='ltr' id='par_1_31' title="bbox 257 2828 1913 2905">
     <span class='ocr_line' id='line_1_31' title="bbox 257 2828 1913 2905; baseline -0.002 -20"><span class='ocrx_word' id='word_1_247' title='bbox 257 2828 362 2899; x_wconf 78' lang='grc' dir='ltr'>διὸ,</span> <span class='ocrx_word' id='word_1_248' title='bbox 411 2835 499 2890; x_wconf 88' lang='grc' dir='ltr'>οῖς</span> <span class='ocrx_word' id='word_1_249' title='bbox 535 2828 813 2905; x_wconf 82' lang='grc' dir='ltr'>βούλεται,</span> <span class='ocrx_word' id='word_1_250' title='bbox 847 2829 920 2892; x_wconf 82' lang='grc' dir='ltr'>ὡς</span> <span class='ocrx_word' id='word_1_251' title='bbox 953 2829 1120 2899; x_wconf 82' lang='grc' dir='ltr'>ἀξίοις</span> <span class='ocrx_word' id='word_1_252' title='bbox 1174 2829 1344 2897; x_wconf 76' lang='grc' dir='ltr'>οὖσιν,</span> <span class='ocrx_word' id='word_1_253' title='bbox 1387 2828 1781 2887; x_wconf 79' lang='grc' dir='ltr'>ἀποκαλύπτει.</span> <span class='ocrx_word' id='word_1_254' title='bbox 1814 2829 1913 2884; x_wconf 85' lang='grc' dir='ltr'>Καὶ</span> 
     </span>
    </p>
   </div>
   <div class='ocr_carea' id='block_1_32' title="bbox 257 2916 1913 2997">
    <p class='ocr_par' dir='ltr' id='par_1_32' title="bbox 257 2916 1913 2997">
     <span class='ocr_line' id='line_1_32' title="bbox 257 2916 1913 2997; baseline -0.001 -23"><span class='ocrx_word' id='word_1_255' title='bbox 257 2920 284 2974; x_wconf 82' lang='grc'>6</span> <span class='ocrx_word' id='word_1_256' title='bbox 318 2919 515 2992; x_wconf 79' lang='grc' dir='ltr'>Σίμων</span> <span class='ocrx_word' id='word_1_257' title='bbox 545 2916 669 2997; x_wconf 67' lang='grc' dir='ltr'>ἔφη*</span> <span class='ocrx_word' id='word_1_258' title='bbox 704 2920 795 2987; x_wconf 80' lang='grc' dir='ltr'>Μὴ</span> <span class='ocrx_word' id='word_1_259' title='bbox 850 2918 1060 2991; x_wconf 88' lang='grc' dir='ltr'>ἀπατῶ,</span> <span class='ocrx_word' id='word_1_260' title='bbox 1112 2916 1232 2973; x_wconf 77' lang='grc' dir='ltr'>οἶδα</span> <span class='ocrx_word' id='word_1_261' title='bbox 1259 2919 1388 2981; x_wconf 82' lang='grc' dir='ltr'>τοὺς</span> <span class='ocrx_word' id='word_1_262' title='bbox 1436 2918 1637 2990; x_wconf 81' lang='grc' dir='ltr'>ἀξίους,</span> <span class='ocrx_word' id='word_1_263' title='bbox 1669 2918 1758 2973; x_wconf 83' lang='grc' dir='ltr'>καὶ</span> <span class='ocrx_word' id='word_1_264' title='bbox 1792 2919 1913 2981; x_wconf 76' lang='grc' dir='ltr'>Υἱὸς</span> 
     </span>
    </p>
   </div>
   <div class='ocr_carea' id='block_1_33' title="bbox 258 3007 1913 3084">
    <p class='ocr_par' dir='ltr' id='par_1_33' title="bbox 258 3007 1913 3084">
     <span class='ocr_line' id='line_1_33' title="bbox 258 3007 1913 3084; baseline -0.001 -21"><span class='ocrx_word' id='word_1_265' title='bbox 258 3009 355 3064; x_wconf 77' lang='grc' dir='ltr'>οὐκ</span> <span class='ocrx_word' id='word_1_266' title='bbox 386 3007 529 3081; x_wconf 71' lang='grc' dir='ltr'>εῗμί.</span> <span class='ocrx_word' id='word_1_267' title='bbox 587 3013 757 3063; x_wconf 77' lang='grc' dir='ltr'>Τοῦτο</span> <span class='ocrx_word' id='word_1_268' title='bbox 814 3009 1020 3081; x_wconf 81' lang='grc' dir='ltr'>μέντοι,</span> <span class='ocrx_word' id='word_1_269' title='bbox 1080 3007 1130 3063; x_wconf 88' lang='grc' dir='ltr'>τί</span> <span class='ocrx_word' id='word_1_270' title='bbox 1177 3014 1297 3063; x_wconf 83' lang='grc' dir='ltr'>ποτ’</span> <span class='ocrx_word' id='word_1_271' title='bbox 1346 3007 1503 3080; x_wconf 76' lang='grc' dir='ltr'>ἔστιν,</span> <span class='ocrx_word' id='word_1_272' title='bbox 1547 3009 1626 3069; x_wconf 77' lang='grc' dir='ltr'>οἷς</span> <span class='ocrx_word' id='word_1_273' title='bbox 1657 3007 1913 3084; x_wconf 86' lang='grc' dir='ltr'>βούλεται</span> 
     </span>
    </p>
   </div>
   <div class='ocr_carea' id='block_1_34' title="bbox 255 3094 1911 3174">
    <p class='ocr_par' dir='ltr' id='par_1_34' title="bbox 255 3094 1911 3174">
     <span class='ocr_line' id='line_1_34' title="bbox 255 3094 1911 3174; baseline 0 -22"><span class='ocrx_word' id='word_1_274' title='bbox 255 3097 658 3167; x_wconf 81' lang='grc' dir='ltr'>ἀποκαλύπτει,</span> <span class='ocrx_word' id='word_1_275' title='bbox 712 3097 774 3152; x_wconf 83' lang='grc' dir='ltr'>οὐ</span> <span class='ocrx_word' id='word_1_276' title='bbox 823 3100 1027 3165; x_wconf 76' lang='grc' dir='ltr'>συνῆκα</span> <span class='ocrx_word' id='word_1_277' title='bbox 1074 3097 1149 3159; x_wconf 86' lang='grc' dir='ltr'>ὡς</span> <span class='ocrx_word' id='word_1_278' title='bbox 1197 3095 1394 3174; x_wconf 78' lang='grc' dir='ltr'>λέγεις’</span> <span class='ocrx_word' id='word_1_279' title='bbox 1444 3098 1507 3152; x_wconf 85' lang='grc' dir='ltr'>τὸ</span> <span class='ocrx_word' id='word_1_280' title='bbox 1557 3094 1613 3152; x_wconf 78' lang='grc' dir='ltr'>δὲ</span> <span class='ocrx_word' id='word_1_281' title='bbox 1666 3099 1742 3170; x_wconf 81' lang='grc' dir='ltr'>μὴ</span> <span class='ocrx_word' id='word_1_282' title='bbox 1789 3118 1911 3152; x_wconf 85' lang='grc' dir='ltr'>συν-</span> 
     </span>
    </p>
   </div>
   <div class='ocr_carea' id='block_1_35' title="bbox 261 3183 1909 3262">
    <p class='ocr_par' dir='ltr' id='par_1_35' title="bbox 261 3183 1909 3262">
     <span class='ocr_line' id='line_1_35' title="bbox 261 3183 1909 3262; baseline 0.001 -20"><span class='ocrx_word' id='word_1_283' title='bbox 261 3187 390 3242; x_wconf 76' lang='grc' dir='ltr'>ιέναι</span> <span class='ocrx_word' id='word_1_284' title='bbox 427 3185 539 3262; x_wconf 82' lang='grc' dir='ltr'>οὐχ</span> <span class='ocrx_word' id='word_1_285' title='bbox 583 3186 656 3248; x_wconf 84' lang='grc' dir='ltr'>ὡς</span> <span class='ocrx_word' id='word_1_286' title='bbox 709 3186 783 3258; x_wconf 77' lang='grc' dir='ltr'>μή</span> <span class='ocrx_word' id='word_1_287' title='bbox 831 3183 987 3248; x_wconf 64' lang='grc' dir='ltr'>εῗδὼς</span> <span class='ocrx_word' id='word_1_288' title='bbox 1033 3186 1208 3255; x_wconf 82' lang='grc' dir='ltr'>εἶπον,</span> <span class='ocrx_word' id='word_1_289' title='bbox 1255 3184 1383 3241; x_wconf 88' lang='grc' dir='ltr'>ἀλλ’</span> <span class='ocrx_word' id='word_1_290' title='bbox 1430 3184 1714 3248; x_wconf 43' lang='grc' dir='ltr'>ὡςνεῖδὼς</span> <span class='ocrx_word' id='word_1_291' title='bbox 1757 3189 1909 3245; x_wconf 74' lang='lat'>359</span> 
     </span>
    </p>
   </div>
   <div class='ocr_carea' id='block_1_36' title="bbox 2011 599 3651 669">
    <p class='ocr_par' dir='ltr' id='par_1_36' title="bbox 2011 599 3651 669">
     <span class='ocr_line' id='line_1_36' title="bbox 2011 599 3651 669; baseline 0.003 -16"><span class='ocrx_word' id='word_1_292' title='bbox 2011 599 2143 669; x_wconf 87' lang='lat' dir='ltr'>pius</span> <span class='ocrx_word' id='word_1_293' title='bbox 2175 616 2256 654; x_wconf 89' lang='lat' dir='ltr'>es.</span> <span class='ocrx_word' id='word_1_294' title='bbox 2292 599 2435 657; x_wconf 89' lang='lat' dir='ltr'>Nam</span> <span class='ocrx_word' id='word_1_295' title='bbox 2468 601 2517 655; x_wconf 93' lang='lat' dir='ltr'>si</span> <span class='ocrx_word' id='word_1_296' title='bbox 2550 602 2619 656; x_wconf 90' lang='lat' dir='ltr'>ad</span> <span class='ocrx_word' id='word_1_297' title='bbox 2656 602 2891 669; x_wconf 88' lang='lat' dir='ltr'>Filium,</span> <span class='ocrx_word' id='word_1_298' title='bbox 2932 601 3059 657; x_wconf 65' lang='grc' dir='ltr'>ορεΙί</span> <span class='ocrx_word' id='word_1_299' title='bbox 3091 607 3149 658; x_wconf 92' lang='lat' dir='ltr'>et</span> <span class='ocrx_word' id='word_1_300' title='bbox 3205 608 3369 658; x_wconf 72' lang='lat' dir='ltr'>terrea</span> <span class='ocrx_word' id='word_1_301' title='bbox 3430 604 3651 659; x_wconf 87' lang='lat' dir='ltr'>consti-</span> 
     </span>
    </p>
   </div>
   <div class='ocr_carea' id='block_1_37' title="bbox 2010 690 3648 764">
    <p class='ocr_par' dir='ltr' id='par_1_37' title="bbox 2010 690 3648 764">
     <span class='ocr_line' id='line_1_37' title="bbox 2010 690 3648 764; baseline 0.004 -22"><span class='ocrx_word' id='word_1_302' title='bbox 2010 691 2284 753; x_wconf 88' lang='lat' dir='ltr'>tutorem,</span> <span class='ocrx_word' id='word_1_303' title='bbox 2317 694 2541 761; x_wconf 78' lang='lat' dir='ltr'>spectat</span> <span class='ocrx_word' id='word_1_304' title='bbox 2572 690 2845 761; x_wconf 79' lang='lat' dir='ltr'>revelare,</span> <span class='ocrx_word' id='word_1_305' title='bbox 2879 691 2970 746; x_wconf 89' lang='lat' dir='ltr'>cui</span> <span class='ocrx_word' id='word_1_306' title='bbox 3004 690 3145 757; x_wconf 86' lang='lat' dir='ltr'>vult,</span> <span class='ocrx_word' id='word_1_307' title='bbox 3180 692 3369 764; x_wconf 86' lang='lat' dir='ltr'>ipsius</span> <span class='ocrx_word' id='word_1_308' title='bbox 3416 693 3648 749; x_wconf 85' lang='lat' dir='ltr'>Patrem</span> 
     </span>
    </p>
   </div>
   <div class='ocr_carea' id='block_1_38' title="bbox 2012 776 3651 850">
    <p class='ocr_par' dir='ltr' id='par_1_38' title="bbox 2012 776 3651 850">
     <span class='ocr_line' id='line_1_38' title="bbox 2012 776 3651 850; baseline 0.005 -20"><span class='ocrx_word' id='word_1_309' title='bbox 2012 776 2070 831; x_wconf 93' lang='lat' dir='ltr'>in</span> <span class='ocrx_word' id='word_1_310' title='bbox 2108 778 2467 833; x_wconf 85' lang='lat' dir='ltr'>absconditis</span> <span class='ocrx_word' id='word_1_311' title='bbox 2502 779 2778 850; x_wconf 90' lang='lat' dir='ltr'>positum,</span> <span class='ocrx_word' id='word_1_312' title='bbox 2812 786 2873 835; x_wconf 94' lang='lat' dir='ltr'>tu</span> <span class='ocrx_word' id='word_1_313' title='bbox 2936 779 3089 835; x_wconf 86' lang='lat' dir='ltr'>sicut</span> <span class='ocrx_word' id='word_1_314' title='bbox 3136 780 3272 847; x_wconf 83' lang='lat' dir='ltr'>dixi,</span> <span class='ocrx_word' id='word_1_315' title='bbox 3308 782 3558 843; x_wconf 86' lang='lat' dir='ltr'>maxime</span> <span class='ocrx_word' id='word_1_316' title='bbox 3590 800 3651 839; x_wconf 87' lang='lat' dir='ltr'>es</span> 
     </span>
    </p>
   </div>
   <div class='ocr_carea' id='block_1_39' title="bbox 2012 865 3654 941">
    <p class='ocr_par' dir='ltr' id='par_1_39' title="bbox 2012 865 3654 941">
     <span class='ocr_line' id='line_1_39' title="bbox 2012 865 3654 941; baseline 0.004 -22"><span class='ocrx_word' id='word_1_317' title='bbox 2012 865 2251 937; x_wconf 89' lang='lat' dir='ltr'>impius,</span> <span class='ocrx_word' id='word_1_318' title='bbox 2284 866 2385 938; x_wconf 88' lang='lat' dir='ltr'>qui</span> <span class='ocrx_word' id='word_1_319' title='bbox 2418 867 2636 923; x_wconf 89' lang='lat' dir='ltr'>revelas</span> <span class='ocrx_word' id='word_1_320' title='bbox 2666 869 2881 939; x_wconf 90' lang='lat' dir='ltr'>quibus</span> <span class='ocrx_word' id='word_1_321' title='bbox 2912 867 3008 923; x_wconf 91' lang='lat' dir='ltr'>ille</span> <span class='ocrx_word' id='word_1_322' title='bbox 3036 886 3404 941; x_wconf 85' lang='lat' dir='ltr'>nequaquam</span> <span class='ocrx_word' id='word_1_323' title='bbox 3438 871 3654 926; x_wconf 86' lang='lat' dir='ltr'>revela-</span> 
     </span>
    </p>
   </div>
   <div class='ocr_carea' id='block_1_40' title="bbox 2012 955 3658 1031">
    <p class='ocr_par' dir='ltr' id='par_1_40' title="bbox 2012 955 3658 1031">
     <span class='ocr_line' id='line_1_40' title="bbox 2012 955 3658 1031; baseline 0.004 -22"><span class='ocrx_word' id='word_1_324' title='bbox 2012 955 2112 1009; x_wconf 90' lang='lat' dir='ltr'>vit.</span> <span class='ocrx_word' id='word_1_325' title='bbox 2149 960 2226 1010; x_wconf 87' lang='lat' dir='ltr'>Ac</span> <span class='ocrx_word' id='word_1_326' title='bbox 2260 956 2461 1011; x_wconf 88' lang='lat' dir='ltr'>Simon</span> <span class='ocrx_word' id='word_1_327' title='bbox 2496 973 2507 1009; x_wconf 92' lang='lat'><strong>:</strong></span> <span class='ocrx_word' id='word_1_328' title='bbox 2544 957 2652 1012; x_wconf 87' lang='lat' dir='ltr'>Sed</span> <span class='ocrx_word' id='word_1_329' title='bbox 2687 957 2781 1013; x_wconf 90' lang='lat' dir='ltr'>ille</span> <span class='ocrx_word' id='word_1_330' title='bbox 2838 957 2963 1013; x_wconf 89' lang='lat' dir='ltr'>vult</span> <span class='ocrx_word' id='word_1_331' title='bbox 3024 962 3090 1013; x_wconf 93' lang='lat' dir='ltr'>ut</span> <span class='ocrx_word' id='word_1_332' title='bbox 3140 959 3409 1014; x_wconf 91' lang='lat' dir='ltr'>revelem.</span> <span class='ocrx_word' id='word_1_333' title='bbox 3469 964 3658 1031; x_wconf 83' lang='lat' dir='ltr'>Atque</span> 
     </span>
    </p>
   </div>
   <div class='ocr_carea' id='block_1_41' title="bbox 2015 1044 3659 1119">
    <p class='ocr_par' dir='ltr' id='par_1_41' title="bbox 2015 1044 3659 1119">
     <span class='ocr_line' id='line_1_41' title="bbox 2015 1044 3659 1119; baseline 0.004 -21"><span class='ocrx_word' id='word_1_334' title='bbox 2015 1044 2218 1099; x_wconf 83' lang='lat' dir='ltr'>Petrus</span> <span class='ocrx_word' id='word_1_335' title='bbox 2254 1063 2265 1099; x_wconf 92' lang='lat'><strong>:</strong></span> <span class='ocrx_word' id='word_1_336' title='bbox 2300 1045 2425 1100; x_wconf 92' lang='lat' dir='ltr'>Non</span> <span class='ocrx_word' id='word_1_337' title='bbox 2459 1045 2756 1118; x_wconf 83' lang='lat' dir='ltr'>intelligis,</span> <span class='ocrx_word' id='word_1_338' title='bbox 2816 1047 3036 1115; x_wconf 88' lang='lat' dir='ltr'>Simon,</span> <span class='ocrx_word' id='word_1_339' title='bbox 3088 1065 3215 1119; x_wconf 63' lang='lat' dir='ltr'>qua</span> <span class='ocrx_word' id='word_1_340' title='bbox 3272 1048 3383 1103; x_wconf 92' lang='lat' dir='ltr'>aio.</span> <span class='ocrx_word' id='word_1_341' title='bbox 3442 1049 3659 1105; x_wconf 86' lang='lat' dir='ltr'>Verum</span> 
     </span>
    </p>
   </div>
   <div class='ocr_carea' id='block_1_42' title="bbox 2017 1133 3663 1205">
    <p class='ocr_par' dir='ltr' id='par_1_42' title="bbox 2017 1133 3663 1205">
     <span class='ocr_line' id='line_1_42' title="bbox 2017 1133 3663 1205; baseline 0.004 -18"><span class='ocrx_word' id='word_1_342' title='bbox 2017 1133 2174 1199; x_wconf 91' lang='lat' dir='ltr'>audi,</span> <span class='ocrx_word' id='word_1_343' title='bbox 2209 1138 2264 1187; x_wconf 88' lang='lat' dir='ltr'>et</span> <span class='ocrx_word' id='word_1_344' title='bbox 2294 1133 2571 1205; x_wconf 89' lang='lat' dir='ltr'>intellige.</span> <span class='ocrx_word' id='word_1_345' title='bbox 2607 1136 2847 1200; x_wconf 84' lang='lat' dir='ltr'>Quando</span> <span class='ocrx_word' id='word_1_346' title='bbox 2879 1136 3020 1192; x_wconf 88' lang='lat' dir='ltr'>dicit</span> <span class='ocrx_word' id='word_1_347' title='bbox 3054 1153 3067 1193; x_wconf 88' lang='lat'><strong>:</strong></span> <span class='ocrx_word' id='word_1_348' title='bbox 3103 1137 3309 1205; x_wconf 72' lang='lat' dir='ltr'>Quibus</span> <span class='ocrx_word' id='word_1_349' title='bbox 3340 1138 3663 1193; x_wconf 76' lang='lat' dir='ltr'>vultFillius</span> 
     </span>
    </p>
   </div>
   <div class='ocr_carea' id='block_1_43' title="bbox 2020 1221 3665 1294">
    <p class='ocr_par' dir='ltr' id='par_1_43' title="bbox 2020 1221 3665 1294">
     <span class='ocr_line' id='line_1_43' title="bbox 2020 1221 3665 1294; baseline 0.005 -19"><span class='ocrx_word' id='word_1_350' title='bbox 2020 1221 2291 1289; x_wconf 79' lang='lat' dir='ltr'>reuelabit,</span> <span class='ocrx_word' id='word_1_351' title='bbox 2316 1238 2380 1276; x_wconf 85' lang='lat' dir='ltr'>eo</span> <span class='ocrx_word' id='word_1_352' title='bbox 2412 1223 2729 1294; x_wconf 81' lang='lat' dir='ltr'>signiﬁcat,</span> <span class='ocrx_word' id='word_1_353' title='bbox 2764 1223 2928 1280; x_wconf 90' lang='lat' dir='ltr'>illum</span> <span class='ocrx_word' id='word_1_354' title='bbox 2959 1225 3256 1280; x_wconf 87' lang='lat' dir='ltr'>hominem</span> <span class='ocrx_word' id='word_1_355' title='bbox 3292 1243 3406 1283; x_wconf 91' lang='lat' dir='ltr'>non</span> <span class='ocrx_word' id='word_1_356' title='bbox 3440 1228 3665 1283; x_wconf 85' lang='lat' dir='ltr'>discere</span> 
     </span>
    </p>
   </div>
   <div class='ocr_carea' id='block_1_44' title="bbox 2018 1311 3665 1385">
    <p class='ocr_par' dir='ltr' id='par_1_44' title="bbox 2018 1311 3665 1385">
     <span class='ocr_line' id='line_1_44' title="bbox 2018 1311 3665 1385; baseline 0.004 -19"><span class='ocrx_word' id='word_1_357' title='bbox 2018 1327 2122 1382; x_wconf 91' lang='lat' dir='ltr'>per</span> <span class='ocrx_word' id='word_1_358' title='bbox 2150 1311 2499 1383; x_wconf 81' lang='lat' dir='ltr'>doctrinam,</span> <span class='ocrx_word' id='word_1_359' title='bbox 2532 1313 2632 1368; x_wconf 88' lang='lat' dir='ltr'>sed</span> <span class='ocrx_word' id='word_1_360' title='bbox 2665 1330 2768 1385; x_wconf 88' lang='lat' dir='ltr'>per</span> <span class='ocrx_word' id='word_1_361' title='bbox 2823 1313 3010 1370; x_wconf 88' lang='lat' dir='ltr'>solam</span> <span class='ocrx_word' id='word_1_362' title='bbox 3072 1315 3506 1372; x_wconf 89' lang='lat' dir='ltr'>revelationem.</span> <span class='ocrx_word' id='word_1_363' title='bbox 3566 1318 3665 1373; x_wconf 89' lang='lat' dir='ltr'>Est</span> 
     </span>
    </p>
   </div>
   <div class='ocr_carea' id='block_1_45' title="bbox 2020 1401 3659 1475">
    <p class='ocr_par' dir='ltr' id='par_1_45' title="bbox 2020 1401 3659 1475">
     <span class='ocr_line' id='line_1_45' title="bbox 2020 1401 3659 1475; baseline 0.004 -21"><span class='ocrx_word' id='word_1_364' title='bbox 2020 1404 2212 1455; x_wconf 91' lang='lat' dir='ltr'>autem</span> <span class='ocrx_word' id='word_1_365' title='bbox 2247 1401 2538 1469; x_wconf 79' lang='lat' dir='ltr'>revelatio,</span> <span class='ocrx_word' id='word_1_366' title='bbox 2572 1418 2728 1473; x_wconf 89' lang='lat' dir='ltr'>cum,</span> <span class='ocrx_word' id='word_1_367' title='bbox 2761 1404 2915 1475; x_wconf 92' lang='lat' dir='ltr'>quod</span> <span class='ocrx_word' id='word_1_368' title='bbox 2950 1404 3007 1457; x_wconf 93' lang='lat' dir='ltr'>in</span> <span class='ocrx_word' id='word_1_369' title='bbox 3040 1404 3315 1460; x_wconf 88' lang='lat' dir='ltr'>omnibus</span> <span class='ocrx_word' id='word_1_370' title='bbox 3347 1405 3659 1461; x_wconf 90' lang='lat' dir='ltr'>hominum</span> 
     </span>
    </p>
   </div>
   <div class='ocr_carea' id='block_1_46' title="bbox 2021 1490 3662 1566">
    <p class='ocr_par' dir='ltr' id='par_1_46' title="bbox 2021 1490 3662 1566">
     <span class='ocr_line' id='line_1_46' title="bbox 2021 1490 3662 1566; baseline 0.003 -21"><span class='ocrx_word' id='word_1_371' title='bbox 2021 1490 2295 1545; x_wconf 87' lang='lat' dir='ltr'>cordibus</span> <span class='ocrx_word' id='word_1_372' title='bbox 2325 1506 2534 1546; x_wconf 84' lang='lat' dir='ltr'>arcane</span> <span class='ocrx_word' id='word_1_373' title='bbox 2563 1491 2817 1548; x_wconf 88' lang='lat' dir='ltr'>velatum</span> <span class='ocrx_word' id='word_1_374' title='bbox 2850 1493 3103 1564; x_wconf 91' lang='lat' dir='ltr'>positum</span> <span class='ocrx_word' id='word_1_375' title='bbox 3137 1498 3245 1563; x_wconf 87' lang='lat' dir='ltr'>est,</span> <span class='ocrx_word' id='word_1_376' title='bbox 3277 1495 3497 1566; x_wconf 87' lang='lat' dir='ltr'>absque</span> <span class='ocrx_word' id='word_1_377' title='bbox 3526 1510 3662 1551; x_wconf 90' lang='lat' dir='ltr'>voce</span> 
     </span>
    </p>
   </div>
   <div class='ocr_carea' id='block_1_47' title="bbox 2022 1578 3664 1654">
    <p class='ocr_par' dir='ltr' id='par_1_47' title="bbox 2022 1578 3664 1654">
     <span class='ocr_line' id='line_1_47' title="bbox 2022 1578 3664 1654; baseline 0.003 -20"><span class='ocrx_word' id='word_1_378' title='bbox 2022 1595 2124 1650; x_wconf 92' lang='lat' dir='ltr'>per</span> <span class='ocrx_word' id='word_1_379' title='bbox 2153 1578 2312 1635; x_wconf 90' lang='lat' dir='ltr'>illius</span> <span class='ocrx_word' id='word_1_380' title='bbox 2343 1579 2701 1637; x_wconf 88' lang='lat' dir='ltr'>voluntatem</span> <span class='ocrx_word' id='word_1_381' title='bbox 2733 1581 3042 1636; x_wconf 78' lang='lat' dir='ltr'>reveletur.</span> <span class='ocrx_word' id='word_1_382' title='bbox 3094 1581 3301 1653; x_wconf 90' lang='lat' dir='ltr'>Sicque</span> <span class='ocrx_word' id='word_1_383' title='bbox 3348 1599 3664 1654; x_wconf 90' lang='lat' dir='ltr'>cognocere</span> 
     </span>
    </p>
   </div>
   <div class='ocr_carea' id='block_1_48' title="bbox 2022 1669 3664 1744">
    <p class='ocr_par' dir='ltr' id='par_1_48' title="bbox 2022 1669 3664 1744">
     <span class='ocr_line' id='line_1_48' title="bbox 2022 1669 3664 1744; baseline 0.003 -20"><span class='ocrx_word' id='word_1_384' title='bbox 2022 1669 2233 1724; x_wconf 89' lang='lat' dir='ltr'>accidit</span> <span class='ocrx_word' id='word_1_385' title='bbox 2265 1686 2382 1724; x_wconf 89' lang='lat' dir='ltr'>non</span> <span class='ocrx_word' id='word_1_386' title='bbox 2416 1670 2663 1725; x_wconf 91' lang='lat' dir='ltr'>dicendo</span> <span class='ocrx_word' id='word_1_387' title='bbox 2697 1671 2797 1726; x_wconf 91' lang='lat' dir='ltr'>sed</span> <span class='ocrx_word' id='word_1_388' title='bbox 2831 1670 3231 1743; x_wconf 89' lang='lat' dir='ltr'>intelligendo.</span> <span class='ocrx_word' id='word_1_389' title='bbox 3284 1673 3462 1744; x_wconf 83' lang='lat' dir='ltr'>Atqui</span> <span class='ocrx_word' id='word_1_390' title='bbox 3494 1673 3664 1729; x_wconf 90' lang='lat' dir='ltr'>intel-</span> 
     </span>
    </p>
   </div>
   <div class='ocr_carea' id='block_1_49' title="bbox 2022 1757 3665 1833">
    <p class='ocr_par' dir='ltr' id='par_1_49' title="bbox 2022 1757 3665 1833">
     <span class='ocr_line' id='line_1_49' title="bbox 2022 1757 3665 1833; baseline 0.004 -22"><span class='ocrx_word' id='word_1_391' title='bbox 2022 1757 2224 1829; x_wconf 91' lang='lat' dir='ltr'>ligenti</span> <span class='ocrx_word' id='word_1_392' title='bbox 2260 1776 2375 1813; x_wconf 92' lang='lat' dir='ltr'>non</span> <span class='ocrx_word' id='word_1_393' title='bbox 2402 1758 2558 1825; x_wconf 90' lang='lat' dir='ltr'>licet,</span> <span class='ocrx_word' id='word_1_394' title='bbox 2594 1758 2763 1814; x_wconf 89' lang='lat' dir='ltr'>alteri</span> <span class='ocrx_word' id='word_1_395' title='bbox 2795 1760 2903 1815; x_wconf 91' lang='lat' dir='ltr'>hoc</span> <span class='ocrx_word' id='word_1_396' title='bbox 2935 1762 3259 1827; x_wconf 87' lang='lat' dir='ltr'>ostendere,</span> <span class='ocrx_word' id='word_1_397' title='bbox 3296 1761 3665 1833; x_wconf 88' lang='lat' dir='ltr'>quandoqui-</span> 
     </span>
    </p>
   </div>
   <div class='ocr_carea' id='block_1_50' title="bbox 2024 1847 3668 1920">
    <p class='ocr_par' dir='ltr' id='par_1_50' title="bbox 2024 1847 3668 1920">
     <span class='ocr_line' id='line_1_50' title="bbox 2024 1847 3668 1920; baseline 0.002 -18"><span class='ocrx_word' id='word_1_398' title='bbox 2024 1848 2155 1903; x_wconf 91' lang='lat' dir='ltr'>dem</span> <span class='ocrx_word' id='word_1_399' title='bbox 2190 1863 2293 1902; x_wconf 87' lang='lat' dir='ltr'>nec</span> <span class='ocrx_word' id='word_1_400' title='bbox 2320 1847 2445 1919; x_wconf 92' lang='lat' dir='ltr'>ipse</span> <span class='ocrx_word' id='word_1_401' title='bbox 2474 1849 2715 1903; x_wconf 86' lang='lat' dir='ltr'>edoctus</span> <span class='ocrx_word' id='word_1_402' title='bbox 2737 1852 2843 1916; x_wconf 88' lang='lat' dir='ltr'>est,</span> <span class='ocrx_word' id='word_1_403' title='bbox 2876 1866 3075 1904; x_wconf 82' lang='lat' dir='ltr'>verum</span> <span class='ocrx_word' id='word_1_404' title='bbox 3110 1851 3284 1905; x_wconf 90' lang='lat' dir='ltr'>etiam</span> <span class='ocrx_word' id='word_1_405' title='bbox 3332 1866 3445 1905; x_wconf 91' lang='lat' dir='ltr'>non</span> <span class='ocrx_word' id='word_1_406' title='bbox 3478 1855 3668 1920; x_wconf 90' lang='lat' dir='ltr'>potest</span> 
     </span>
    </p>
   </div>
   <div class='ocr_carea' id='block_1_51' title="bbox 2025 1936 3671 2010">
    <p class='ocr_par' dir='ltr' id='par_1_51' title="bbox 2025 1936 3671 2010">
     <span class='ocr_line' id='line_1_51' title="bbox 2025 1936 3671 2010; baseline 0.002 -18"><span class='ocrx_word' id='word_1_407' title='bbox 2025 1936 2298 2007; x_wconf 87' lang='lat' dir='ltr'>revelare,</span> <span class='ocrx_word' id='word_1_408' title='bbox 2326 1936 2464 2009; x_wconf 90' lang='lat' dir='ltr'>quia</span> <span class='ocrx_word' id='word_1_409' title='bbox 2494 1937 2619 2009; x_wconf 88' lang='lat' dir='ltr'>ipse</span> <span class='ocrx_word' id='word_1_410' title='bbox 2652 1954 2766 1993; x_wconf 92' lang='lat' dir='ltr'>non</span> <span class='ocrx_word' id='word_1_411' title='bbox 2791 1943 2880 1994; x_wconf 87' lang='lat' dir='ltr'>est</span> <span class='ocrx_word' id='word_1_412' title='bbox 2916 1938 3116 2010; x_wconf 88' lang='lat' dir='ltr'>Filius,</span> <span class='ocrx_word' id='word_1_413' title='bbox 3160 1938 3272 1994; x_wconf 88' lang='lat' dir='ltr'>nisi</span> <span class='ocrx_word' id='word_1_414' title='bbox 3303 1939 3351 1995; x_wconf 90' lang='lat' dir='ltr'>si</span> <span class='ocrx_word' id='word_1_415' title='bbox 3410 1954 3472 1994; x_wconf 88' lang='lat' dir='ltr'>se</span> <span class='ocrx_word' id='word_1_416' title='bbox 3517 1940 3671 1996; x_wconf 84' lang='lat' dir='ltr'>dicat</span> 
     </span>
    </p>
   </div>
   <div class='ocr_carea' id='block_1_52' title="bbox 2024 2025 3663 2085">
    <p class='ocr_par' dir='ltr' id='par_1_52' title="bbox 2024 2025 3663 2085">
     <span class='ocr_line' id='line_1_52' title="bbox 2024 2025 3663 2085; baseline 0.002 -3"><span class='ocrx_word' id='word_1_417' title='bbox 2024 2043 2151 2082; x_wconf 88' lang='lat' dir='ltr'>esse</span> <span class='ocrx_word' id='word_1_418' title='bbox 2182 2025 2413 2084; x_wconf 88' lang='lat' dir='ltr'>Filium.</span> <span class='ocrx_word' id='word_1_419' title='bbox 2447 2027 2529 2081; x_wconf 93' lang='lat' dir='ltr'>Tu</span> <span class='ocrx_word' id='word_1_420' title='bbox 2563 2031 2756 2083; x_wconf 92' lang='lat' dir='ltr'>autem</span> <span class='ocrx_word' id='word_1_421' title='bbox 2789 2044 2905 2083; x_wconf 93' lang='lat' dir='ltr'>non</span> <span class='ocrx_word' id='word_1_422' title='bbox 2936 2045 2998 2083; x_wconf 88' lang='lat' dir='ltr'>es</span> <span class='ocrx_word' id='word_1_423' title='bbox 3049 2033 3212 2084; x_wconf 87' lang='lat' dir='ltr'>stans</span> <span class='ocrx_word' id='word_1_424' title='bbox 3264 2028 3467 2083; x_wconf 90' lang='lat' dir='ltr'>Filius.</span> <span class='ocrx_word' id='word_1_425' title='bbox 3518 2028 3663 2085; x_wconf 88' lang='lat' dir='ltr'>Nam</span> 
     </span>
    </p>
   </div>
   <div class='ocr_carea' id='block_1_53' title="bbox 2025 2115 3665 2190">
    <p class='ocr_par' dir='ltr' id='par_1_53' title="bbox 2025 2115 3665 2190">
     <span class='ocr_line' id='line_1_53' title="bbox 2025 2115 3665 2190; baseline 0.002 -19"><span class='ocrx_word' id='word_1_426' title='bbox 2025 2116 2071 2171; x_wconf 91' lang='lat' dir='ltr'>si</span> <span class='ocrx_word' id='word_1_427' title='bbox 2108 2115 2288 2171; x_wconf 78' lang='lat' dir='ltr'>Filius</span> <span class='ocrx_word' id='word_1_428' title='bbox 2320 2132 2502 2183; x_wconf 89' lang='lat' dir='ltr'>esses,</span> <span class='ocrx_word' id='word_1_429' title='bbox 2533 2117 2771 2172; x_wconf 92' lang='lat' dir='ltr'>omnino</span> <span class='ocrx_word' id='word_1_430' title='bbox 2802 2133 3179 2189; x_wconf 85' lang='lat' dir='ltr'>cognosceres</span> <span class='ocrx_word' id='word_1_431' title='bbox 3208 2117 3315 2172; x_wconf 89' lang='lat' dir='ltr'>hac</span> <span class='ocrx_word' id='word_1_432' title='bbox 3336 2118 3544 2190; x_wconf 89' lang='lat' dir='ltr'>dignos</span> <span class='ocrx_word' id='word_1_433' title='bbox 3576 2134 3665 2173; x_wconf 86' lang='lat' dir='ltr'>re-</span> 
     </span>
    </p>
   </div>
   <div class='ocr_carea' id='block_1_54' title="bbox 2024 2204 3666 2277">
    <p class='ocr_par' dir='ltr' id='par_1_54' title="bbox 2024 2204 3666 2277">
     <span class='ocr_line' id='line_1_54' title="bbox 2024 2204 3666 2277; baseline 0.002 -18"><span class='ocrx_word' id='word_1_434' title='bbox 2024 2204 2325 2261; x_wconf 88' lang='lat' dir='ltr'>velatione.</span> <span class='ocrx_word' id='word_1_435' title='bbox 2361 2205 2447 2260; x_wconf 90' lang='lat' dir='ltr'>Tu</span> <span class='ocrx_word' id='word_1_436' title='bbox 2480 2221 2611 2261; x_wconf 91' lang='lat' dir='ltr'>vero</span> <span class='ocrx_word' id='word_1_437' title='bbox 2642 2204 2901 2277; x_wconf 87' lang='lat' dir='ltr'>ignoras.</span> <span class='ocrx_word' id='word_1_438' title='bbox 2930 2205 2989 2261; x_wconf 88' lang='lat' dir='ltr'>Si</span> <span class='ocrx_word' id='word_1_439' title='bbox 3022 2206 3179 2261; x_wconf 90' lang='lat' dir='ltr'>enim</span> <span class='ocrx_word' id='word_1_440' title='bbox 3210 2206 3392 2263; x_wconf 86' lang='lat' dir='ltr'>scires</span> <span class='ocrx_word' id='word_1_441' title='bbox 3446 2207 3666 2263; x_wconf 89' lang='lat' dir='ltr'>faceres</span> 
     </span>
    </p>
   </div>
   <div class='ocr_carea' id='block_1_55' title="bbox 2025 2293 2783 2366">
    <p class='ocr_par' dir='ltr' id='par_1_55' title="bbox 2025 2293 2783 2366">
     <span class='ocr_line' id='line_1_55' title="bbox 2025 2293 2783 2366; baseline 0.001 -17"><span class='ocrx_word' id='word_1_442' title='bbox 2025 2311 2151 2366; x_wconf 62' lang='lat' dir='ltr'>quae</span> <span class='ocrx_word' id='word_1_443' title='bbox 2185 2293 2407 2349; x_wconf 85' lang='lat' dir='ltr'>faciunt</span> <span class='ocrx_word' id='word_1_444' title='bbox 2437 2294 2536 2365; x_wconf 93' lang='lat' dir='ltr'>qui</span> <span class='ocrx_word' id='word_1_445' title='bbox 2568 2294 2783 2350; x_wconf 88' lang='lat' dir='ltr'>sciunt.</span> 
     </span>
    </p>
   </div>
   <div class='ocr_carea' id='block_1_56' title="bbox 2092 2382 3666 2457">
    <p class='ocr_par' dir='ltr' id='par_1_56' title="bbox 2092 2382 3666 2457">
     <span class='ocr_line' id='line_1_56' title="bbox 2092 2382 3666 2457; baseline 0.002 -20"><span class='ocrx_word' id='word_1_446' title='bbox 2092 2383 2213 2438; x_wconf 89' lang='lat' dir='ltr'><strong>VII.</strong></span> <span class='ocrx_word' id='word_1_447' title='bbox 2247 2382 2398 2438; x_wconf 81' lang='lat' dir='ltr'>Dixit</span> <span class='ocrx_word' id='word_1_448' title='bbox 2426 2383 2625 2439; x_wconf 90' lang='lat' dir='ltr'>Simon</span> <span class='ocrx_word' id='word_1_449' title='bbox 2661 2399 2675 2438; x_wconf 92' lang='lat'>:</span> <span class='ocrx_word' id='word_1_450' title='bbox 2711 2384 2935 2451; x_wconf 87' lang='lat' dir='ltr'>Fateor,</span> <span class='ocrx_word' id='word_1_451' title='bbox 2970 2399 3083 2439; x_wconf 92' lang='lat' dir='ltr'>non</span> <span class='ocrx_word' id='word_1_452' title='bbox 3115 2382 3377 2457; x_wconf 83' lang='lat' dir='ltr'>intelligo</span> <span class='ocrx_word' id='word_1_453' title='bbox 3402 2400 3517 2457; x_wconf 91' lang='lat' dir='ltr'>quo</span> <span class='ocrx_word' id='word_1_454' title='bbox 3549 2400 3666 2440; x_wconf 91' lang='lat' dir='ltr'>mo-</span> 
     </span>
    </p>
   </div>
   <div class='ocr_carea' id='block_1_57' title="bbox 2024 2471 3665 2545">
    <p class='ocr_par' dir='ltr' id='par_1_57' title="bbox 2024 2471 3665 2545">
     <span class='ocr_line' id='line_1_57' title="bbox 2024 2471 3665 2545; baseline 0.001 -17"><span class='ocrx_word' id='word_1_455' title='bbox 2024 2473 2097 2529; x_wconf 92' lang='lat' dir='ltr'>do</span> <span class='ocrx_word' id='word_1_456' title='bbox 2129 2471 2312 2540; x_wconf 86' lang='lat' dir='ltr'>dicas,</span> <span class='ocrx_word' id='word_1_457' title='bbox 2341 2474 2548 2544; x_wconf 70' lang='lat' dir='ltr'>faceres</span> <span class='ocrx_word' id='word_1_458' title='bbox 2580 2488 2703 2544; x_wconf 69' lang='lat' dir='ltr'>qua?</span> <span class='ocrx_word' id='word_1_459' title='bbox 2721 2474 2937 2544; x_wconf 80' lang='lat' dir='ltr'>faciunt</span> <span class='ocrx_word' id='word_1_460' title='bbox 2963 2475 3061 2545; x_wconf 82' lang='lat' dir='ltr'>qui</span> <span class='ocrx_word' id='word_1_461' title='bbox 3088 2474 3285 2529; x_wconf 77' lang='lat' dir='ltr'>sciunt.</span> <span class='ocrx_word' id='word_1_462' title='bbox 3323 2474 3392 2528; x_wconf 84' lang='lat' dir='ltr'>Et</span> <span class='ocrx_word' id='word_1_463' title='bbox 3423 2474 3665 2530; x_wconf 87' lang='lat' dir='ltr'>Petrus:</span> 
     </span>
    </p>
   </div>
   <div class='ocr_carea' id='block_1_58' title="bbox 2022 2561 3672 2635">
    <p class='ocr_par' dir='ltr' id='par_1_58' title="bbox 2022 2561 3672 2635">
     <span class='ocr_line' id='line_1_58' title="bbox 2022 2561 3672 2635; baseline 0.001 -18"><span class='ocrx_word' id='word_1_464' title='bbox 2022 2562 2080 2617; x_wconf 89' lang='lat' dir='ltr'>Si</span> <span class='ocrx_word' id='word_1_465' title='bbox 2114 2579 2228 2617; x_wconf 93' lang='lat' dir='ltr'>non</span> <span class='ocrx_word' id='word_1_466' title='bbox 2262 2561 2618 2628; x_wconf 83' lang='lat' dir='ltr'>intellexisti,</span> <span class='ocrx_word' id='word_1_467' title='bbox 2650 2566 2826 2618; x_wconf 86' lang='lat' dir='ltr'>etiam</span> <span class='ocrx_word' id='word_1_468' title='bbox 2859 2579 2974 2618; x_wconf 93' lang='lat' dir='ltr'>non</span> <span class='ocrx_word' id='word_1_469' title='bbox 3011 2567 3173 2634; x_wconf 89' lang='lat' dir='ltr'>potes</span> <span class='ocrx_word' id='word_1_470' title='bbox 3208 2562 3672 2635; x_wconf 86' lang='lat' dir='ltr'>uniuscujusque</span> 
     </span>
    </p>
   </div>
   <div class='ocr_carea' id='block_1_59' title="bbox 2022 2652 3668 2725">
    <p class='ocr_par' dir='ltr' id='par_1_59' title="bbox 2022 2652 3668 2725">
     <span class='ocr_line' id='line_1_59' title="bbox 2022 2652 3668 2725; baseline 0 -17"><span class='ocrx_word' id='word_1_471' title='bbox 2022 2652 2173 2709; x_wconf 87' lang='lat' dir='ltr'>scire</span> <span class='ocrx_word' id='word_1_472' title='bbox 2203 2656 2458 2707; x_wconf 90' lang='lat' dir='ltr'>mentem</span> <span class='ocrx_word' id='word_1_473' title='bbox 2485 2670 2497 2707; x_wconf 89' lang='lat'><strong>:</strong></span> <span class='ocrx_word' id='word_1_474' title='bbox 2532 2656 2589 2708; x_wconf 91' lang='lat' dir='ltr'>et</span> <span class='ocrx_word' id='word_1_475' title='bbox 2617 2653 2665 2706; x_wconf 91' lang='lat' dir='ltr'>si</span> <span class='ocrx_word' id='word_1_476' title='bbox 2689 2652 3125 2725; x_wconf 85' lang='lat' dir='ltr'>ignoras,etiam</span> <span class='ocrx_word' id='word_1_477' title='bbox 3159 2669 3273 2707; x_wconf 91' lang='lat' dir='ltr'>non</span> <span class='ocrx_word' id='word_1_478' title='bbox 3297 2653 3668 2709; x_wconf 84' lang='lat' dir='ltr'>revelationis</span> 
     </span>
    </p>
   </div>
   <div class='ocr_carea' id='block_1_60' title="bbox 2024 2741 3664 2814">
    <p class='ocr_par' dir='ltr' id='par_1_60' title="bbox 2024 2741 3664 2814">
     <span class='ocr_line' id='line_1_60' title="bbox 2024 2741 3664 2814; baseline 0.001 -17"><span class='ocrx_word' id='word_1_479' title='bbox 2024 2742 2234 2813; x_wconf 92' lang='lat' dir='ltr'>dignos</span> <span class='ocrx_word' id='word_1_480' title='bbox 2265 2741 2589 2814; x_wconf 81' lang='lat' dir='ltr'>cognoscis;</span> <span class='ocrx_word' id='word_1_481' title='bbox 2614 2759 2679 2797; x_wconf 92' lang='lat' dir='ltr'>ac</span> <span class='ocrx_word' id='word_1_482' title='bbox 2696 2742 2746 2798; x_wconf 89' lang='lat' dir='ltr'>si</span> <span class='ocrx_word' id='word_1_483' title='bbox 2770 2758 2883 2797; x_wconf 94' lang='lat' dir='ltr'>non</span> <span class='ocrx_word' id='word_1_484' title='bbox 2915 2742 3330 2814; x_wconf 88' lang='lat' dir='ltr'>cognocis,non</span> <span class='ocrx_word' id='word_1_485' title='bbox 3348 2748 3437 2798; x_wconf 87' lang='lat' dir='ltr'>est</span> <span class='ocrx_word' id='word_1_486' title='bbox 3460 2742 3664 2799; x_wconf 87' lang='lat' dir='ltr'>Filius.</span> 
     </span>
    </p>
   </div>
   <div class='ocr_carea' id='block_1_61' title="bbox 2023 2830 3667 2903">
    <p class='ocr_par' dir='ltr' id='par_1_61' title="bbox 2023 2830 3667 2903">
     <span class='ocr_line' id='line_1_61' title="bbox 2023 2830 3667 2903; baseline -0.001 -17"><span class='ocrx_word' id='word_1_487' title='bbox 2023 2830 2206 2886; x_wconf 85' lang='lat' dir='ltr'>Filius</span> <span class='ocrx_word' id='word_1_488' title='bbox 2237 2836 2433 2885; x_wconf 90' lang='lat' dir='ltr'>autem</span> <span class='ocrx_word' id='word_1_489' title='bbox 2464 2830 2827 2902; x_wconf 89' lang='lat' dir='ltr'>novit:quare</span> <span class='ocrx_word' id='word_1_490' title='bbox 2859 2831 3075 2902; x_wconf 89' lang='lat' dir='ltr'>quibus</span> <span class='ocrx_word' id='word_1_491' title='bbox 3104 2830 3534 2902; x_wconf 86' lang='lat' dir='ltr'>vult,tanquam</span> <span class='ocrx_word' id='word_1_492' title='bbox 3564 2831 3667 2903; x_wconf 93' lang='lat' dir='ltr'>qui</span> 
     </span>
    </p>
   </div>
   <div class='ocr_carea' id='block_1_62' title="bbox 2022 2919 3663 2993">
    <p class='ocr_par' dir='ltr' id='par_1_62' title="bbox 2022 2919 3663 2993">
     <span class='ocr_line' id='line_1_62' title="bbox 2022 2919 3663 2993; baseline 0.001 -18"><span class='ocrx_word' id='word_1_493' title='bbox 2022 2919 2181 2989; x_wconf 84' lang='lat' dir='ltr'>digni</span> <span class='ocrx_word' id='word_1_494' title='bbox 2210 2921 2349 2986; x_wconf 90' lang='lat' dir='ltr'>sint,</span> <span class='ocrx_word' id='word_1_495' title='bbox 2381 2919 2617 2976; x_wconf 87' lang='lat' dir='ltr'>revelat.</span> <span class='ocrx_word' id='word_1_496' title='bbox 2652 2920 2720 2975; x_wconf 85' lang='lat' dir='ltr'>Et</span> <span class='ocrx_word' id='word_1_497' title='bbox 2750 2920 2949 2976; x_wconf 90' lang='lat' dir='ltr'>Simon</span> <span class='ocrx_word' id='word_1_498' title='bbox 2978 2919 3125 2977; x_wconf 82' lang='lat' dir='ltr'>dixit</span> <span class='ocrx_word' id='word_1_499' title='bbox 3157 2938 3169 2977; x_wconf 93' lang='lat'><strong>:</strong></span> <span class='ocrx_word' id='word_1_500' title='bbox 3202 2919 3283 2976; x_wconf 91' lang='lat' dir='ltr'>Ne</span> <span class='ocrx_word' id='word_1_501' title='bbox 3331 2920 3663 2993; x_wconf 88' lang='lat' dir='ltr'>decipiaris,</span> 
     </span>
    </p>
   </div>
   <div class='ocr_carea' id='block_1_63' title="bbox 2022 3009 3664 3082">
    <p class='ocr_par' dir='ltr' id='par_1_63' title="bbox 2022 3009 3664 3082">
     <span class='ocr_line' id='line_1_63' title="bbox 2022 3009 3664 3082; baseline -0.001 -17"><span class='ocrx_word' id='word_1_502' title='bbox 2022 3009 2152 3065; x_wconf 91' lang='lat' dir='ltr'>novi</span> <span class='ocrx_word' id='word_1_503' title='bbox 2186 3009 2416 3081; x_wconf 87' lang='lat' dir='ltr'>dignos,</span> <span class='ocrx_word' id='word_1_504' title='bbox 2451 3026 2554 3065; x_wconf 90' lang='lat' dir='ltr'>nec</span> <span class='ocrx_word' id='word_1_505' title='bbox 2587 3009 2767 3066; x_wconf 88' lang='lat' dir='ltr'>Filius</span> <span class='ocrx_word' id='word_1_506' title='bbox 2799 3027 2953 3066; x_wconf 89' lang='lat' dir='ltr'>sum.</span> <span class='ocrx_word' id='word_1_507' title='bbox 2998 3014 3174 3066; x_wconf 90' lang='lat' dir='ltr'>Porro</span> <span class='ocrx_word' id='word_1_508' title='bbox 3222 3010 3365 3082; x_wconf 90' lang='lat' dir='ltr'>quid</span> <span class='ocrx_word' id='word_1_509' title='bbox 3410 3010 3517 3065; x_wconf 90' lang='lat' dir='ltr'>hoc</span> <span class='ocrx_word' id='word_1_510' title='bbox 3567 3010 3664 3078; x_wconf 87' lang='lat' dir='ltr'>sit,</span> 
     </span>
    </p>
   </div>
   <div class='ocr_carea' id='block_1_64' title="bbox 2021 3098 3663 3170">
    <p class='ocr_par' dir='ltr' id='par_1_64' title="bbox 2021 3098 3663 3170">
     <span class='ocr_line' id='line_1_64' title="bbox 2021 3098 3663 3170; baseline 0.001 -17"><span class='ocrx_word' id='word_1_511' title='bbox 2021 3099 2216 3169; x_wconf 72' lang='lat' dir='ltr'>quibus</span> <span class='ocrx_word' id='word_1_512' title='bbox 2254 3098 2379 3153; x_wconf 78' lang='lat' dir='ltr'>vult</span> <span class='ocrx_word' id='word_1_513' title='bbox 2426 3100 2645 3168; x_wconf 82' lang='lat' dir='ltr'>revelat,</span> <span class='ocrx_word' id='word_1_514' title='bbox 2699 3115 2814 3154; x_wconf 90' lang='lat' dir='ltr'>non</span> <span class='ocrx_word' id='word_1_515' title='bbox 2866 3098 3123 3154; x_wconf 81' lang='lat' dir='ltr'>intellexi</span> <span class='ocrx_word' id='word_1_516' title='bbox 3167 3100 3663 3170; x_wconf 87' lang='lat' dir='ltr'>quemadmodum</span> 
     </span>
    </p>
   </div>
   <div class='ocr_carea' id='block_1_65' title="bbox 2025 3187 3664 3260">
    <p class='ocr_par' dir='ltr' id='par_1_65' title="bbox 2025 3187 3664 3260">
     <span class='ocr_line' id='line_1_65' title="bbox 2025 3187 3664 3260; baseline 0.001 -18"><span class='ocrx_word' id='word_1_517' title='bbox 2025 3188 2186 3243; x_wconf 90' lang='lat' dir='ltr'>dicas</span> <span class='ocrx_word' id='word_1_518' title='bbox 2222 3204 2234 3243; x_wconf 93' lang='lat'>:</span> <span class='ocrx_word' id='word_1_519' title='bbox 2270 3204 2383 3243; x_wconf 93' lang='lat' dir='ltr'>non</span> <span class='ocrx_word' id='word_1_520' title='bbox 2416 3187 2739 3260; x_wconf 84' lang='lat' dir='ltr'>intelligere</span> <span class='ocrx_word' id='word_1_521' title='bbox 2788 3192 2981 3243; x_wconf 90' lang='lat' dir='ltr'>autem</span> <span class='ocrx_word' id='word_1_522' title='bbox 3038 3187 3181 3255; x_wconf 84' lang='lat' dir='ltr'>dixi,</span> <span class='ocrx_word' id='word_1_523' title='bbox 3212 3204 3327 3243; x_wconf 93' lang='lat' dir='ltr'>non</span> <span class='ocrx_word' id='word_1_524' title='bbox 3380 3192 3664 3258; x_wconf 85' lang='lat' dir='ltr'>tanquam</span> 
     </span>
    </p>
   </div>
   <div class='ocr_carea' id='block_1_66' title="bbox 256 3254 1909 3353">
    <p class='ocr_par' dir='ltr' id='par_1_66' title="bbox 256 3272 1909 3353">
     <span class='ocr_line' id='line_1_66' title="bbox 256 3272 1909 3353; baseline -0.001 -23"><span class='ocrx_word' id='word_1_525' title='bbox 256 3275 337 3331; x_wconf 81' lang='grc' dir='ltr'>ὅτι</span> <span class='ocrx_word' id='word_1_526' title='bbox 421 3275 476 3329; x_wconf 75' lang='grc' dir='ltr'>οἱ</span> <span class='ocrx_word' id='word_1_527' title='bbox 532 3279 871 3347; x_wconf 79' lang='grc' dir='ltr'>παρεστῶτες</span> <span class='ocrx_word' id='word_1_528' title='bbox 942 3273 1005 3329; x_wconf 80' lang='grc' dir='ltr'>οὐ</span> <span class='ocrx_word' id='word_1_529' title='bbox 1081 3281 1334 3347; x_wconf 80' lang='grc' dir='ltr'>συνῆκαν,</span> <span class='ocrx_word' id='word_1_530' title='bbox 1385 3272 1477 3329; x_wconf 76' lang='grc' dir='ltr'>’ίνα</span> <span class='ocrx_word' id='word_1_531' title='bbox 1551 3274 1679 3329; x_wconf 79' lang='grc' dir='ltr'>αὐτὸ</span> <span class='ocrx_word' id='word_1_532' title='bbox 1755 3274 1909 3353; x_wconf 82' lang='grc' dir='ltr'>σαφέ-</span> 
     </span>
    </p>
   </div>
   <div class='ocr_carea' id='block_1_67' title="bbox 2023 3254 3660 3353">
    <p class='ocr_par' dir='ltr' id='par_1_67' title="bbox 2026 3276 3660 3349">
     <span class='ocr_line' id='line_1_67' title="bbox 2026 3276 3660 3349; baseline 0.001 -18"><span class='ocrx_word' id='word_1_533' title='bbox 2026 3276 2150 3349; x_wconf 89' lang='lat' dir='ltr'>ipse</span> <span class='ocrx_word' id='word_1_534' title='bbox 2182 3278 2468 3348; x_wconf 88' lang='lat' dir='ltr'>nesciens,</span> <span class='ocrx_word' id='word_1_535' title='bbox 2503 3277 2602 3332; x_wconf 89' lang='lat' dir='ltr'>sed</span> <span class='ocrx_word' id='word_1_536' title='bbox 2628 3276 2787 3332; x_wconf 91' lang='lat' dir='ltr'>velut</span> <span class='ocrx_word' id='word_1_537' title='bbox 2818 3276 3008 3332; x_wconf 88' lang='lat' dir='ltr'>sciens</span> <span class='ocrx_word' id='word_1_538' title='bbox 3041 3276 3195 3348; x_wconf 80' lang='lat' dir='ltr'>quod</span> <span class='ocrx_word' id='word_1_539' title='bbox 3251 3280 3510 3332; x_wconf 88' lang='lat' dir='ltr'>astantes</span> <span class='ocrx_word' id='word_1_540' title='bbox 3543 3292 3660 3332; x_wconf 91' lang='lat' dir='ltr'>non</span> 
     </span>
    </p>
   </div>
   <div class='ocr_carea' id='block_1_68' title="bbox 255 3361 1909 3441">
    <p class='ocr_par' dir='ltr' id='par_1_68' title="bbox 255 3361 1909 3441">
     <span class='ocr_line' id='line_1_68' title="bbox 255 3361 1909 3441; baseline -0.001 -21"><span class='ocrx_word' id='word_1_541' title='bbox 255 3385 448 3441; x_wconf 83' lang='grc' dir='ltr'>στερον</span> <span class='ocrx_word' id='word_1_542' title='bbox 526 3361 679 3438; x_wconf 72' lang='grc' dir='ltr'>εἶ’πῃς</span> <span class='ocrx_word' id='word_1_543' title='bbox 723 3409 739 3431; x_wconf 86' lang='grc'>,</span> <span class='ocrx_word' id='word_1_544' title='bbox 816 3362 964 3425; x_wconf 73' lang='grc' dir='ltr'>ὅπως</span> <span class='ocrx_word' id='word_1_545' title='bbox 1050 3366 1316 3435; x_wconf 71' lang='grc' dir='ltr'>νοήσωσιν</span> <span class='ocrx_word' id='word_1_546' title='bbox 1404 3364 1477 3418; x_wconf 84' lang='grc' dir='ltr'>ὧν</span> <span class='ocrx_word' id='word_1_547' title='bbox 1560 3361 1735 3420; x_wconf 72' lang='grc' dir='ltr'>ἕνεκεν</span> <span class='ocrx_word' id='word_1_548' title='bbox 1821 3364 1909 3419; x_wconf 83' lang='grc' dir='ltr'>καὶ</span> 
     </span>
    </p>
   </div>
   <div class='ocr_carea' id='block_1_69' title="bbox 252 3452 1912 3530">
    <p class='ocr_par' dir='ltr' id='par_1_69' title="bbox 252 3452 1912 3530">
     <span class='ocr_line' id='line_1_69' title="bbox 252 3452 1912 3530; baseline 0.001 -23"><span class='ocrx_word' id='word_1_549' title='bbox 252 3455 352 3523; x_wconf 75' lang='grc' dir='ltr'>τήν</span> <span class='ocrx_word' id='word_1_550' title='bbox 416 3455 641 3523; x_wconf 74' lang='grc' dir='ltr'>ζήτησιν</span> <span class='ocrx_word' id='word_1_551' title='bbox 696 3452 1020 3526; x_wconf 82' lang='grc' dir='ltr'>ποιούμεθα.</span> <span class='ocrx_word' id='word_1_552' title='bbox 1083 3453 1179 3508; x_wconf 81' lang='grc' dir='ltr'>Καὶ</span> <span class='ocrx_word' id='word_1_553' title='bbox 1226 3454 1254 3508; x_wconf 93' lang='lat'>6</span> <span class='ocrx_word' id='word_1_554' title='bbox 1311 3454 1514 3530; x_wconf 82' lang='grc' dir='ltr'>Πέτρος</span> <span class='ocrx_word' id='word_1_555' title='bbox 1547 3472 1561 3486; x_wconf 78' lang='grc'><strong>⁸</strong></span> <span class='ocrx_word' id='word_1_556' title='bbox 1619 3455 1763 3529; x_wconf 84' lang='grc' dir='ltr'>Ἐγὼ</span> <span class='ocrx_word' id='word_1_557' title='bbox 1822 3474 1912 3509; x_wconf 92' lang='grc' dir='ltr'>σα-</span> 
     </span>
    </p>
   </div>
   <div class='ocr_carea' id='block_1_70' title="bbox 254 3538 1912 3619">
    <p class='ocr_par' dir='ltr' id='par_1_70' title="bbox 254 3538 1912 3619">
     <span class='ocr_line' id='line_1_70' title="bbox 254 3538 1912 3619; baseline 0.002 -22"><span class='ocrx_word' id='word_1_558' title='bbox 254 3544 515 3619; x_wconf 73' lang='grc' dir='ltr'>φέστερον</span> <span class='ocrx_word' id='word_1_559' title='bbox 562 3542 692 3597; x_wconf 77' lang='grc' dir='ltr'>αὐτὸ</span> <span class='ocrx_word' id='word_1_560' title='bbox 742 3542 909 3596; x_wconf 76' lang='grc' dir='ltr'>εἰπεῖν</span> <span class='ocrx_word' id='word_1_561' title='bbox 960 3540 1021 3597; x_wconf 75' lang='grc' dir='ltr'>οὐ</span> <span class='ocrx_word' id='word_1_562' title='bbox 1071 3538 1325 3616; x_wconf 87' lang='grc' dir='ltr'>δύναμαι,</span> <span class='ocrx_word' id='word_1_563' title='bbox 1378 3542 1440 3598; x_wconf 84' lang='grc' dir='ltr'>σὺ</span> <span class='ocrx_word' id='word_1_564' title='bbox 1471 3542 1631 3606; x_wconf 77' lang='grc' dir='ltr'>αὐτὸς</span> <span class='ocrx_word' id='word_1_565' title='bbox 1661 3544 1735 3606; x_wconf 85' lang='grc' dir='ltr'>ὡς</span> <span class='ocrx_word' id='word_1_566' title='bbox 1779 3546 1912 3615; x_wconf 71' lang='grc' dir='ltr'>νοή-</span> 
     </span>
    </p>
   </div>
   <div class='ocr_carea' id='block_1_71' title="bbox 252 3631 1909 3710">
    <p class='ocr_par' dir='ltr' id='par_1_71' title="bbox 252 3631 1909 3710">
     <span class='ocr_line' id='line_1_71' title="bbox 252 3631 1909 3710; baseline 0.001 -24"><span class='ocrx_word' id='word_1_567' title='bbox 252 3653 351 3695; x_wconf 88' lang='grc' dir='ltr'>σας</span> <span class='ocrx_word' id='word_1_568' title='bbox 383 3632 615 3709; x_wconf 74' lang='grc' dir='ltr'>φράσον.</span> <span class='ocrx_word' id='word_1_569' title='bbox 664 3633 761 3686; x_wconf 79' lang='grc' dir='ltr'>Καὶ</span> <span class='ocrx_word' id='word_1_570' title='bbox 815 3632 843 3686; x_wconf 88' lang='lat'>6</span> <span class='ocrx_word' id='word_1_571' title='bbox 893 3631 1103 3704; x_wconf 86' lang='grc' dir='ltr'>Σίμων·</span> <span class='ocrx_word' id='word_1_572' title='bbox 1142 3633 1280 3708; x_wconf 84' lang='grc' dir='ltr'>Ἐγὼ</span> <span class='ocrx_word' id='word_1_573' title='bbox 1325 3633 1392 3687; x_wconf 79' lang='grc' dir='ltr'>τὰ</span> <span class='ocrx_word' id='word_1_574' title='bbox 1439 3635 1505 3687; x_wconf 87' lang='grc' dir='ltr'>σά</span> <span class='ocrx_word' id='word_1_575' title='bbox 1542 3633 1642 3688; x_wconf 79' lang='grc' dir='ltr'>οὐκ</span> <span class='ocrx_word' id='word_1_576' title='bbox 1671 3632 1909 3710; x_wconf 79' lang='grc' dir='ltr'>ἀνάγκην</span> 
     </span>
    </p>
   </div>
   <div class='ocr_carea' id='block_1_72' title="bbox 251 3718 1907 3798">
    <p class='ocr_par' dir='ltr' id='par_1_72' title="bbox 251 3718 1907 3798">
     <span class='ocr_line' id='line_1_72' title="bbox 251 3718 1907 3798; baseline 0.002 -24"><span class='ocrx_word' id='word_1_577' title='bbox 251 3718 372 3795; x_wconf 83' lang='grc' dir='ltr'>ἔχω</span> <span class='ocrx_word' id='word_1_578' title='bbox 418 3719 623 3795; x_wconf 86' lang='grc' dir='ltr'>λέγειν.</span> <span class='ocrx_word' id='word_1_579' title='bbox 674 3720 775 3777; x_wconf 76' lang='grc' dir='ltr'>Καὶ</span> <span class='ocrx_word' id='word_1_580' title='bbox 826 3721 853 3775; x_wconf 92' lang='lat'>6</span> <span class='ocrx_word' id='word_1_581' title='bbox 906 3719 1126 3796; x_wconf 74' lang='grc' dir='ltr'>Πέτρος’</span> <span class='ocrx_word' id='word_1_582' title='bbox 1177 3721 1349 3795; x_wconf 69' lang='grc' dir='ltr'>Φαίδῃ</span> <span class='ocrx_word' id='word_1_583' title='bbox 1400 3743 1516 3795; x_wconf 84' lang='grc' dir='ltr'>μοι,</span> <span class='ocrx_word' id='word_1_584' title='bbox 1569 3722 1777 3795; x_wconf 87' lang='grc' dir='ltr'>Σίμων,</span> <span class='ocrx_word' id='word_1_585' title='bbox 1833 3725 1907 3798; x_wconf 80' lang='grc' dir='ltr'>μὴ</span> 
     </span>
    </p>
   </div>
   <div class='ocr_carea' id='block_1_73' title="bbox 252 3808 1909 3886">
    <p class='ocr_par' dir='ltr' id='par_1_73' title="bbox 252 3808 1909 3886">
     <span class='ocr_line' id='line_1_73' title="bbox 252 3808 1909 3886; baseline 0.004 -23"><span class='ocrx_word' id='word_1_586' title='bbox 252 3808 457 3870; x_wconf 80' lang='grc' dir='ltr'>συνιεὶς</span> <span class='ocrx_word' id='word_1_587' title='bbox 516 3808 667 3879; x_wconf 77' lang='grc' dir='ltr'>αὐτὸ,</span> <span class='ocrx_word' id='word_1_588' title='bbox 724 3808 815 3863; x_wconf 80' lang='grc' dir='ltr'>καὶ</span> <span class='ocrx_word' id='word_1_589' title='bbox 874 3808 1167 3886; x_wconf 80' lang='grc' dir='ltr'>ὁμολογεῖν</span> <span class='ocrx_word' id='word_1_590' title='bbox 1229 3812 1303 3884; x_wconf 78' lang='grc' dir='ltr'>μὴ</span> <span class='ocrx_word' id='word_1_591' title='bbox 1356 3809 1548 3884; x_wconf 81' lang='grc' dir='ltr'>θέλων,</span> <span class='ocrx_word' id='word_1_592' title='bbox 1597 3809 1689 3867; x_wconf 71' lang='grc' dir='ltr'>’ίνα</span> <span class='ocrx_word' id='word_1_593' title='bbox 1741 3813 1815 3885; x_wconf 75' lang='grc' dir='ltr'>μὴ</span> <span class='ocrx_word' id='word_1_594' title='bbox 1858 3812 1909 3867; x_wconf 84' lang='grc' dir='ltr'>ἐν</span> 
     </span>
    </p>
   </div>
   <div class='ocr_carea' id='block_1_74' title="bbox 252 3896 1909 3975">
    <p class='ocr_par' dir='ltr' id='par_1_74' title="bbox 252 3896 1909 3975">
     <span class='ocr_line' id='line_1_74' title="bbox 252 3896 1909 3975; baseline 0.003 -23"><span class='ocrx_word' id='word_1_595' title='bbox 252 3898 457 3975; x_wconf 72' lang='grc' dir='ltr'>ἀγνοίᾳ</span> <span class='ocrx_word' id='word_1_596' title='bbox 484 3899 755 3974; x_wconf 78' lang='grc' dir='ltr'>φωραθεὶς</span> <span class='ocrx_word' id='word_1_597' title='bbox 785 3901 831 3934; x_wconf 71' lang='grc' dir='ltr'>τ’</span> <span class='ocrx_word' id='word_1_598' title='bbox 860 3897 1130 3975; x_wconf 78' lang='grc' dir='ltr'>ἐλεγχθῇς</span> <span class='ocrx_word' id='word_1_599' title='bbox 1183 3901 1258 3973; x_wconf 78' lang='grc' dir='ltr'>μὴ</span> <span class='ocrx_word' id='word_1_600' title='bbox 1294 3896 1366 3955; x_wconf 80' lang='grc' dir='ltr'>ὢν</span> <span class='ocrx_word' id='word_1_601' title='bbox 1398 3900 1460 3955; x_wconf 80' lang='grc' dir='ltr'>σὺ</span> <span class='ocrx_word' id='word_1_602' title='bbox 1494 3901 1521 3955; x_wconf 91' lang='lat'>6</span> <span class='ocrx_word' id='word_1_603' title='bbox 1562 3901 1729 3963; x_wconf 74' lang='grc' dir='ltr'>ἑστὼς</span> <span class='ocrx_word' id='word_1_604' title='bbox 1763 3900 1909 3964; x_wconf 76' lang='grc' dir='ltr'>Υἱός.</span> 
     </span>
    </p>
   </div>
   <div class='ocr_carea' id='block_1_75' title="bbox 249 3986 1913 4066">
    <p class='ocr_par' dir='ltr' id='par_1_75' title="bbox 249 3986 1913 4066">
     <span class='ocr_line' id='line_1_75' title="bbox 249 3986 1913 4066; baseline 0.002 -25"><span class='ocrx_word' id='word_1_605' title='bbox 249 3992 428 4042; x_wconf 72' lang='grc' dir='ltr'>Τοῦτο</span> <span class='ocrx_word' id='word_1_606' title='bbox 477 3986 581 4062; x_wconf 75' lang='grc' dir='ltr'>γὰρ</span> <span class='ocrx_word' id='word_1_607' title='bbox 634 3987 885 4061; x_wconf 72' lang='grc' dir='ltr'>αἰνίσσῃ,</span> <span class='ocrx_word' id='word_1_608' title='bbox 934 3987 1029 4043; x_wconf 75' lang='grc' dir='ltr'>κᾶν</span> <span class='ocrx_word' id='word_1_609' title='bbox 1073 3993 1256 4066; x_wconf 71' lang='grc' dir='ltr'>σαφῶς</span> <span class='ocrx_word' id='word_1_610' title='bbox 1304 3988 1434 4045; x_wconf 81' lang='grc' dir='ltr'>αὐτὸ</span> <span class='ocrx_word' id='word_1_611' title='bbox 1484 3989 1649 4045; x_wconf 82' lang='grc' dir='ltr'>εἰπεῖν</span> <span class='ocrx_word' id='word_1_612' title='bbox 1703 3991 1779 4063; x_wconf 79' lang='grc' dir='ltr'>μὴ</span> <span class='ocrx_word' id='word_1_613' title='bbox 1833 3989 1913 4054; x_wconf 83' lang='grc' dir='ltr'>θέ-</span> 
     </span>
    </p>
   </div>
   <div class='ocr_carea' id='block_1_76' title="bbox 253 4074 1913 4155">
    <p class='ocr_par' dir='ltr' id='par_1_76' title="bbox 253 4074 1913 4155">
     <span class='ocr_line' id='line_1_76' title="bbox 253 4074 1913 4155; baseline 0.001 -24"><span class='ocrx_word' id='word_1_614' title='bbox 253 4074 376 4150; x_wconf 65' lang='grc' dir='ltr'>λῃς·</span> <span class='ocrx_word' id='word_1_615' title='bbox 430 4074 569 4130; x_wconf 81' lang='grc' dir='ltr'>ὥστε</span> <span class='ocrx_word' id='word_1_616' title='bbox 616 4074 723 4152; x_wconf 81' lang='grc' dir='ltr'>ἐγὼ</span> <span class='ocrx_word' id='word_1_617' title='bbox 782 4076 877 4149; x_wconf 76' lang='grc' dir='ltr'>μὶν</span> <span class='ocrx_word' id='word_1_618' title='bbox 929 4078 1025 4139; x_wconf 70' lang='grc' dir='ltr'>τὰς</span> <span class='ocrx_word' id='word_1_619' title='bbox 1077 4079 1172 4140; x_wconf 86' lang='grc' dir='ltr'>σάς</span> <span class='ocrx_word' id='word_1_620' title='bbox 1225 4078 1428 4153; x_wconf 83' lang='grc' dir='ltr'>βουΛάς</span> <span class='ocrx_word' id='word_1_621' title='bbox 1480 4078 1529 4152; x_wconf 80' lang='grc' dir='ltr'>ἐξ</span> <span class='ocrx_word' id='word_1_622' title='bbox 1579 4077 1651 4133; x_wconf 87' lang='grc' dir='ltr'>ὧν</span> <span class='ocrx_word' id='word_1_623' title='bbox 1702 4078 1913 4155; x_wconf 80' lang='grc' dir='ltr'>αἷνίσσῃ</span> 
     </span>
    </p>
   </div>
   <div class='ocr_carea' id='block_1_77' title="bbox 254 4164 1912 4244">
    <p class='ocr_par' dir='ltr' id='par_1_77' title="bbox 254 4164 1912 4244">
     <span class='ocr_line' id='line_1_77' title="bbox 254 4164 1912 4244; baseline 0.002 -24"><span class='ocrx_word' id='word_1_624' title='bbox 254 4164 578 4238; x_wconf 74' lang='grc' dir='ltr'>ἐπίσταμαι,</span> <span class='ocrx_word' id='word_1_625' title='bbox 628 4167 912 4241; x_wconf 79' lang='grc' dir='ltr'>προφήτου</span> <span class='ocrx_word' id='word_1_626' title='bbox 963 4165 1203 4234; x_wconf 76' lang='grc' dir='ltr'>ἀληθοῦς</span> <span class='ocrx_word' id='word_1_627' title='bbox 1257 4170 1506 4240; x_wconf 79' lang='grc' dir='ltr'>μαθητὴς</span> <span class='ocrx_word' id='word_1_628' title='bbox 1552 4165 1649 4238; x_wconf 77' lang='grc' dir='ltr'>ὢν,</span> <span class='ocrx_word' id='word_1_629' title='bbox 1682 4168 1743 4223; x_wconf 83' lang='grc' dir='ltr'>οὐ</span> <span class='ocrx_word' id='word_1_630' title='bbox 1774 4188 1912 4244; x_wconf 89' lang='grc' dir='ltr'>προ-</span> 
     </span>
    </p>
   </div>
   <div class='ocr_carea' id='block_1_78' title="bbox 255 4252 1914 4333">
    <p class='ocr_par' dir='ltr' id='par_1_78' title="bbox 255 4252 1914 4333">
     <span class='ocr_line' id='line_1_78' title="bbox 255 4252 1914 4333; baseline 0.002 -23"><span class='ocrx_word' id='word_1_631' title='bbox 255 4258 464 4332; x_wconf 61' lang='grc' dir='ltr'>φήτης.</span> <span class='ocrx_word' id='word_1_632' title='bbox 498 4255 574 4308; x_wconf 80' lang='grc' dir='ltr'>Σὺ</span> <span class='ocrx_word' id='word_1_633' title='bbox 601 4252 657 4309; x_wconf 75' lang='grc' dir='ltr'>δὲ</span> <span class='ocrx_word' id='word_1_634' title='bbox 687 4254 776 4310; x_wconf 85' lang='grc' dir='ltr'>καὶ</span> <span class='ocrx_word' id='word_1_635' title='bbox 806 4257 874 4310; x_wconf 86' lang='grc' dir='ltr'>τά</span> <span class='ocrx_word' id='word_1_636' title='bbox 916 4260 1097 4333; x_wconf 80' lang='grc' dir='ltr'>σαφῶς</span> <span class='ocrx_word' id='word_1_637' title='bbox 1148 4252 1416 4331; x_wconf 86' lang='grc' dir='ltr'>λεγόμενα</span> <span class='ocrx_word' id='word_1_638' title='bbox 1451 4259 1527 4330; x_wconf 76' lang='grc' dir='ltr'>μὴ</span> <span class='ocrx_word' id='word_1_639' title='bbox 1569 4258 1763 4312; x_wconf 89' lang='grc' dir='ltr'>συνιὼν</span> <span class='ocrx_word' id='word_1_640' title='bbox 1792 4258 1914 4314; x_wconf 72' lang='grc' dir='ltr'>Υἳὸν</span> 
     </span>
    </p>
   </div>
   <div class='ocr_carea' id='block_1_79' title="bbox 254 4342 1909 4421">
    <p class='ocr_par' dir='ltr' id='par_1_79' title="bbox 254 4342 1909 4421">
     <span class='ocr_line' id='line_1_79' title="bbox 254 4342 1909 4421; baseline 0.002 -22"><span class='ocrx_word' id='word_1_641' title='bbox 254 4344 447 4399; x_wconf 68' lang='grc' dir='ltr'>ἑαυτὸν</span> <span class='ocrx_word' id='word_1_642' title='bbox 482 4343 651 4398; x_wconf 81' lang='grc' dir='ltr'>εἰπεῖν</span> <span class='ocrx_word' id='word_1_643' title='bbox 702 4342 903 4411; x_wconf 80' lang='grc' dir='ltr'>θέλεις,</span> <span class='ocrx_word' id='word_1_644' title='bbox 936 4344 1194 4400; x_wconf 84' lang='grc' dir='ltr'>ἀνθιστῶν</span> <span class='ocrx_word' id='word_1_645' title='bbox 1227 4348 1272 4383; x_wconf 81' lang='grc'><strong>⁷³</strong></span> <span class='ocrx_word' id='word_1_646' title='bbox 1301 4349 1459 4419; x_wconf 83' lang='grc' dir='ltr'>ἡμῖν.</span> <span class='ocrx_word' id='word_1_647' title='bbox 1506 4347 1605 4402; x_wconf 81' lang='grc' dir='ltr'>Καὶ</span> <span class='ocrx_word' id='word_1_648' title='bbox 1638 4347 1665 4401; x_wconf 98' lang='lat'>6</span> <span class='ocrx_word' id='word_1_649' title='bbox 1700 4347 1909 4421; x_wconf 83' lang='grc' dir='ltr'>Σίμων’</span> 
     </span>
    </p>
   </div>
   <div class='ocr_carea' id='block_1_80' title="bbox 250 4433 1914 4512">
    <p class='ocr_par' dir='ltr' id='par_1_80' title="bbox 250 4433 1914 4512">
     <span class='ocr_line' id='line_1_80' title="bbox 250 4433 1914 4512; baseline 0.002 -24"><span class='ocrx_word' id='word_1_650' title='bbox 250 4437 404 4508; x_wconf 76' lang='grc' dir='ltr'>’Δρῶ</span> <span class='ocrx_word' id='word_1_651' title='bbox 456 4454 558 4487; x_wconf 89' lang='grc' dir='ltr'>σου</span> <span class='ocrx_word' id='word_1_652' title='bbox 606 4439 777 4487; x_wconf 83' lang='grc' dir='ltr'>πᾶσαν</span> <span class='ocrx_word' id='word_1_653' title='bbox 826 4433 1117 4512; x_wconf 76' lang='grc' dir='ltr'>πρόφασιν·</span> <span class='ocrx_word' id='word_1_654' title='bbox 1173 4434 1457 4511; x_wconf 84' lang='grc' dir='ltr'>ὁμολογῶ,</span> <span class='ocrx_word' id='word_1_655' title='bbox 1506 4436 1636 4492; x_wconf 80' lang='grc' dir='ltr'>αὐτὸ</span> <span class='ocrx_word' id='word_1_656' title='bbox 1685 4436 1747 4491; x_wconf 82' lang='grc' dir='ltr'>οὐ</span> <span class='ocrx_word' id='word_1_657' title='bbox 1795 4458 1914 4491; x_wconf 89' lang='grc' dir='ltr'>συν-</span> 
     </span>
    </p>
   </div>
   <div class='ocr_carea' id='block_1_81' title="bbox 252 4521 1911 4600">
    <p class='ocr_par' dir='ltr' id='par_1_81' title="bbox 252 4521 1911 4600">
     <span class='ocr_line' id='line_1_81' title="bbox 252 4521 1911 4600; baseline 0.003 -24"><span class='ocrx_word' id='word_1_658' title='bbox 252 4529 385 4593; x_wconf 74' lang='grc' dir='ltr'>ῆκα,</span> <span class='ocrx_word' id='word_1_659' title='bbox 434 4522 491 4576; x_wconf 88' lang='grc' dir='ltr'>τί</span> <span class='ocrx_word' id='word_1_660' title='bbox 548 4528 666 4577; x_wconf 88' lang='grc' dir='ltr'>ποτ’</span> <span class='ocrx_word' id='word_1_661' title='bbox 714 4521 881 4593; x_wconf 82' lang='grc' dir='ltr'>ἔστιν,</span> <span class='ocrx_word' id='word_1_662' title='bbox 931 4522 1020 4578; x_wconf 86' lang='grc' dir='ltr'>καὶ</span> <span class='ocrx_word' id='word_1_663' title='bbox 1069 4523 1150 4586; x_wconf 72' lang='grc' dir='ltr'>οἷς</span> <span class='ocrx_word' id='word_1_664' title='bbox 1196 4525 1254 4579; x_wconf 78' lang='grc' dir='ltr'>ἃν</span> <span class='ocrx_word' id='word_1_665' title='bbox 1310 4523 1575 4600; x_wconf 84' lang='grc' dir='ltr'>βούληται</span> <span class='ocrx_word' id='word_1_666' title='bbox 1616 4528 1661 4562; x_wconf 80' lang='lat'>7‘</span> <span class='ocrx_word' id='word_1_667' title='bbox 1710 4525 1737 4580; x_wconf 93' lang='lat'>6</span> <span class='ocrx_word' id='word_1_668' title='bbox 1786 4527 1911 4590; x_wconf 74' lang='grc' dir='ltr'>Υἱὸς</span> 
     </span>
    </p>
   </div>
   <div class='ocr_carea' id='block_1_82' title="bbox 190 4608 1566 4691">
    <p class='ocr_par' dir='ltr' id='par_1_82' title="bbox 190 4608 1566 4691">
     <span class='ocr_line' id='line_1_82' title="bbox 190 4608 1566 4691; baseline 0.004 -26"><span class='ocrx_word' id='word_1_669' title='bbox 190 4614 197 4619; x_wconf 80' lang='grc'><strong>’</strong></span> <span class='ocrx_word' id='word_1_670' title='bbox 254 4608 654 4669; x_wconf 79' lang='grc' dir='ltr'>ἀποκαλύπτει.</span> <span class='ocrx_word' id='word_1_671' title='bbox 685 4610 824 4687; x_wconf 84' lang='grc' dir='ltr'>Λέγε</span> <span class='ocrx_word' id='word_1_672' title='bbox 850 4609 1031 4667; x_wconf 90' lang='grc' dir='ltr'>τοίνυν</span> <span class='ocrx_word' id='word_1_673' title='bbox 1061 4610 1193 4667; x_wconf 83' lang='grc' dir='ltr'>αὐτὸ</span> <span class='ocrx_word' id='word_1_674' title='bbox 1224 4612 1566 4691; x_wconf 79' lang='grc' dir='ltr'>σαφέστερον.</span> 
     </span>
    </p>
   </div>
   <div class='ocr_carea' id='block_1_83' title="bbox 322 4699 1904 4779">
    <p class='ocr_par' dir='ltr' id='par_1_83' title="bbox 322 4699 1904 4779">
     <span class='ocr_line' id='line_1_83' title="bbox 322 4699 1904 4779; baseline 0.003 -23"><span class='ocrx_word' id='word_1_675' title='bbox 322 4701 473 4758; x_wconf 82' lang='lat' dir='ltr'><strong>VIII.</strong></span> <span class='ocrx_word' id='word_1_676' title='bbox 508 4700 607 4754; x_wconf 79' lang='grc' dir='ltr'>Καὶ</span> <span class='ocrx_word' id='word_1_677' title='bbox 665 4699 694 4754; x_wconf 88' lang='lat'>6</span> <span class='ocrx_word' id='word_1_678' title='bbox 750 4700 977 4777; x_wconf 86' lang='grc' dir='ltr'>Πέτρος·</span> <span class='ocrx_word' id='word_1_679' title='bbox 1044 4699 1263 4771; x_wconf 79' lang='grc' dir='ltr'>Ἐπειδὴ</span> <span class='ocrx_word' id='word_1_680' title='bbox 1321 4701 1416 4757; x_wconf 75' lang='grc' dir='ltr'>κᾶν</span> <span class='ocrx_word' id='word_1_681' title='bbox 1469 4704 1718 4779; x_wconf 74' lang='grc' dir='ltr'>σχήματι</span> <span class='ocrx_word' id='word_1_682' title='bbox 1774 4702 1904 4760; x_wconf 80' lang='grc' dir='ltr'>αὐτὸ</span> 
     </span>
    </p>
   </div>
   <div class='ocr_carea' id='block_1_84' title="bbox 256 4788 1902 4867">
    <p class='ocr_par' dir='ltr' id='par_1_84' title="bbox 256 4788 1902 4867">
     <span class='ocr_line' id='line_1_84' title="bbox 256 4788 1902 4867; baseline 0.003 -24"><span class='ocrx_word' id='word_1_683' title='bbox 256 4788 625 4865; x_wconf 64' lang='grc' dir='ltr'>ὡμολόγησας</span> <span class='ocrx_word' id='word_1_684' title='bbox 688 4790 764 4862; x_wconf 80' lang='grc' dir='ltr'>μὴ</span> <span class='ocrx_word' id='word_1_685' title='bbox 825 4790 1077 4862; x_wconf 86' lang='grc' dir='ltr'>συνιέναι,</span> <span class='ocrx_word' id='word_1_686' title='bbox 1126 4791 1263 4867; x_wconf 86' lang='grc' dir='ltr'>πρὸς</span> <span class='ocrx_word' id='word_1_687' title='bbox 1312 4792 1341 4847; x_wconf 73' lang='grc' dir='ltr'>’ὀ</span> <span class='ocrx_word' id='word_1_688' title='bbox 1391 4791 1728 4866; x_wconf 81' lang='grc' dir='ltr'>πυνθάνομαί</span> <span class='ocrx_word' id='word_1_689' title='bbox 1784 4815 1902 4865; x_wconf 90' lang='grc' dir='ltr'>σου,</span> 
     </span>
    </p>
   </div>
   <div class='ocr_carea' id='block_1_85' title="bbox 2021 3364 3663 3437">
    <p class='ocr_par' dir='ltr' id='par_1_85' title="bbox 2021 3364 3663 3437">
     <span class='ocr_line' id='line_1_85' title="bbox 2021 3364 3663 3437; baseline -0.001 -15"><span class='ocrx_word' id='word_1_690' title='bbox 2021 3366 2432 3430; x_wconf 80' lang='lat' dir='ltr'>intellexerint,</span> <span class='ocrx_word' id='word_1_691' title='bbox 2466 3371 2529 3421; x_wconf 93' lang='lat' dir='ltr'>ut</span> <span class='ocrx_word' id='word_1_692' title='bbox 2559 3365 2702 3420; x_wconf 90' lang='lat' dir='ltr'>illud</span> <span class='ocrx_word' id='word_1_693' title='bbox 2735 3365 2951 3421; x_wconf 73' lang='lat' dir='ltr'>clarius</span> <span class='ocrx_word' id='word_1_694' title='bbox 3008 3364 3233 3431; x_wconf 77' lang='lat' dir='ltr'>efferas,</span> <span class='ocrx_word' id='word_1_695' title='bbox 3304 3382 3419 3437; x_wconf 92' lang='lat' dir='ltr'>quo</span> <span class='ocrx_word' id='word_1_696' title='bbox 3480 3366 3663 3437; x_wconf 91' lang='lat' dir='ltr'>perci-</span> 
     </span>
    </p>
   </div>
   <div class='ocr_carea' id='block_1_86' title="bbox 2021 3453 3663 3527">
    <p class='ocr_par' dir='ltr' id='par_1_86' title="bbox 2021 3453 3663 3527">
     <span class='ocr_line' id='line_1_86' title="bbox 2021 3453 3663 3527; baseline 0.001 -18"><span class='ocrx_word' id='word_1_697' title='bbox 2021 3455 2207 3527; x_wconf 89' lang='lat' dir='ltr'>piant,</span> <span class='ocrx_word' id='word_1_698' title='bbox 2241 3455 2458 3526; x_wconf 87' lang='lat' dir='ltr'>quibus</span> <span class='ocrx_word' id='word_1_699' title='bbox 2490 3456 2558 3510; x_wconf 91' lang='lat' dir='ltr'>de</span> <span class='ocrx_word' id='word_1_700' title='bbox 2589 3454 2781 3510; x_wconf 87' lang='lat' dir='ltr'>causis</span> <span class='ocrx_word' id='word_1_701' title='bbox 2812 3470 2917 3510; x_wconf 92' lang='lat' dir='ltr'>nos</span> <span class='ocrx_word' id='word_1_702' title='bbox 2950 3453 3403 3510; x_wconf 89' lang='lat' dir='ltr'>controversiam</span> <span class='ocrx_word' id='word_1_703' title='bbox 3440 3454 3663 3511; x_wconf 90' lang='lat' dir='ltr'>habea-</span> 
     </span>
    </p>
   </div>
   <div class='ocr_carea' id='block_1_87' title="bbox 2023 3542 3661 3616">
    <p class='ocr_par' dir='ltr' id='par_1_87' title="bbox 2023 3542 3661 3616">
     <span class='ocr_line' id='line_1_87' title="bbox 2023 3542 3661 3616; baseline 0 -17"><span class='ocrx_word' id='word_1_704' title='bbox 2023 3561 2175 3600; x_wconf 90' lang='lat' dir='ltr'>mus.</span> <span class='ocrx_word' id='word_1_705' title='bbox 2208 3546 2277 3599; x_wconf 91' lang='lat' dir='ltr'>Et</span> <span class='ocrx_word' id='word_1_706' title='bbox 2302 3545 2507 3599; x_wconf 90' lang='lat' dir='ltr'>Petrus</span> <span class='ocrx_word' id='word_1_707' title='bbox 2541 3560 2553 3598; x_wconf 92' lang='lat'>:</span> <span class='ocrx_word' id='word_1_708' title='bbox 2590 3544 2708 3616; x_wconf 89' lang='lat' dir='ltr'>Ego</span> <span class='ocrx_word' id='word_1_709' title='bbox 2739 3542 2956 3599; x_wconf 78' lang='lat' dir='ltr'>clarius</span> <span class='ocrx_word' id='word_1_710' title='bbox 2979 3542 3087 3598; x_wconf 89' lang='lat' dir='ltr'>hoc</span> <span class='ocrx_word' id='word_1_711' title='bbox 3113 3560 3337 3615; x_wconf 88' lang='lat' dir='ltr'>nequeo</span> <span class='ocrx_word' id='word_1_712' title='bbox 3360 3544 3661 3615; x_wconf 90' lang='lat' dir='ltr'>dicere,tu,</span> 
     </span>
    </p>
   </div>
   <div class='ocr_carea' id='block_1_88' title="bbox 2022 3632 3665 3705">
    <p class='ocr_par' dir='ltr' id='par_1_88' title="bbox 2022 3632 3665 3705">
     <span class='ocr_line' id='line_1_88' title="bbox 2022 3632 3665 3705; baseline -0.001 -16"><span class='ocrx_word' id='word_1_713' title='bbox 2022 3637 2086 3689; x_wconf 91' lang='lat' dir='ltr'>ut</span> <span class='ocrx_word' id='word_1_714' title='bbox 2117 3633 2214 3705; x_wconf 87' lang='lat' dir='ltr'>qui</span> <span class='ocrx_word' id='word_1_715' title='bbox 2247 3632 2391 3687; x_wconf 89' lang='lat' dir='ltr'>illud</span> <span class='ocrx_word' id='word_1_716' title='bbox 2426 3633 3048 3705; x_wconf 73' lang='lat' dir='ltr'>perceperis,eifare.Et</span> <span class='ocrx_word' id='word_1_717' title='bbox 3079 3633 3426 3705; x_wconf 81' lang='lat' dir='ltr'>Simoango</span> <span class='ocrx_word' id='word_1_718' title='bbox 3451 3638 3549 3689; x_wconf 85' lang='lat' dir='ltr'>tua</span> <span class='ocrx_word' id='word_1_719' title='bbox 3571 3634 3665 3689; x_wconf 91' lang='lat' dir='ltr'>di-</span> 
     </span>
    </p>
   </div>
   <div class='ocr_carea' id='block_1_89' title="bbox 2022 3721 3669 3789">
    <p class='ocr_par' dir='ltr' id='par_1_89' title="bbox 2022 3721 3669 3789">
     <span class='ocr_line' id='line_1_89' title="bbox 2022 3721 3669 3789; baseline -0.001 -12"><span class='ocrx_word' id='word_1_720' title='bbox 2022 3738 2149 3778; x_wconf 87' lang='lat' dir='ltr'>cere</span> <span class='ocrx_word' id='word_1_721' title='bbox 2182 3738 2416 3778; x_wconf 87' lang='lat' dir='ltr'>necesse</span> <span class='ocrx_word' id='word_1_722' title='bbox 2447 3738 2562 3776; x_wconf 93' lang='lat' dir='ltr'>non</span> <span class='ocrx_word' id='word_1_723' title='bbox 2594 3721 2801 3778; x_wconf 90' lang='lat' dir='ltr'>habeo.</span> <span class='ocrx_word' id='word_1_724' title='bbox 2833 3721 3037 3777; x_wconf 91' lang='lat' dir='ltr'>Petrus</span> <span class='ocrx_word' id='word_1_725' title='bbox 3070 3738 3083 3776; x_wconf 88' lang='lat'><strong>:</strong></span> <span class='ocrx_word' id='word_1_726' title='bbox 3118 3722 3347 3777; x_wconf 92' lang='lat' dir='ltr'>Videris</span> <span class='ocrx_word' id='word_1_727' title='bbox 3380 3721 3548 3789; x_wconf 90' lang='lat' dir='ltr'>mihi,</span> <span class='ocrx_word' id='word_1_728' title='bbox 3581 3722 3669 3778; x_wconf 90' lang='lat' dir='ltr'>Si-</span> 
     </span>
    </p>
   </div>
   <div class='ocr_carea' id='block_1_90' title="bbox 2024 3809 3667 3883">
    <p class='ocr_par' dir='ltr' id='par_1_90' title="bbox 2024 3809 3667 3883">
     <span class='ocr_line' id='line_1_90' title="bbox 2024 3809 3667 3883; baseline -0.001 -16"><span class='ocrx_word' id='word_1_729' title='bbox 2024 3828 2182 3883; x_wconf 92' lang='lat' dir='ltr'>mon,</span> <span class='ocrx_word' id='word_1_730' title='bbox 2216 3810 2357 3866; x_wconf 92' lang='lat' dir='ltr'>illud</span> <span class='ocrx_word' id='word_1_731' title='bbox 2394 3828 2507 3866; x_wconf 92' lang='lat' dir='ltr'>non</span> <span class='ocrx_word' id='word_1_732' title='bbox 2535 3810 2877 3883; x_wconf 88' lang='lat' dir='ltr'>intelligere,</span> <span class='ocrx_word' id='word_1_733' title='bbox 2905 3827 3010 3866; x_wconf 91' lang='lat' dir='ltr'>nec</span> <span class='ocrx_word' id='word_1_734' title='bbox 3041 3809 3184 3866; x_wconf 93' lang='lat' dir='ltr'>velle</span> <span class='ocrx_word' id='word_1_735' title='bbox 3215 3811 3580 3877; x_wconf 84' lang='lat' dir='ltr'>confiteri,ne</span> <span class='ocrx_word' id='word_1_736' title='bbox 3608 3810 3667 3865; x_wconf 94' lang='lat' dir='ltr'>in</span> 
     </span>
    </p>
   </div>
   <div class='ocr_carea' id='block_1_91' title="bbox 2020 3899 3663 3973">
    <p class='ocr_par' dir='ltr' id='par_1_91' title="bbox 2020 3899 3663 3973">
     <span class='ocr_line' id='line_1_91' title="bbox 2020 3899 3663 3973; baseline -0.001 -17"><span class='ocrx_word' id='word_1_737' title='bbox 2020 3900 2353 3973; x_wconf 87' lang='lat' dir='ltr'>ignorantia</span> <span class='ocrx_word' id='word_1_738' title='bbox 2382 3899 2838 3973; x_wconf 88' lang='lat' dir='ltr'>deprehendaris</span> <span class='ocrx_word' id='word_1_739' title='bbox 2895 3904 2951 3955; x_wconf 90' lang='lat' dir='ltr'>et</span> <span class='ocrx_word' id='word_1_740' title='bbox 3005 3901 3273 3971; x_wconf 81' lang='lat' dir='ltr'>argueris</span> <span class='ocrx_word' id='word_1_741' title='bbox 3330 3900 3485 3973; x_wconf 91' lang='lat' dir='ltr'>quod</span> <span class='ocrx_word' id='word_1_742' title='bbox 3547 3917 3663 3955; x_wconf 91' lang='lat' dir='ltr'>non</span> 
     </span>
    </p>
   </div>
   <div class='ocr_carea' id='block_1_92' title="bbox 2023 3988 3665 4061">
    <p class='ocr_par' dir='ltr' id='par_1_92' title="bbox 2023 3988 3665 4061">
     <span class='ocr_line' id='line_1_92' title="bbox 2023 3988 3665 4061; baseline -0.001 -15"><span class='ocrx_word' id='word_1_743' title='bbox 2023 3996 2187 4047; x_wconf 88' lang='lat' dir='ltr'>stans</span> <span class='ocrx_word' id='word_1_744' title='bbox 2218 3990 2300 4046; x_wconf 90' lang='lat' dir='ltr'>sis</span> <span class='ocrx_word' id='word_1_745' title='bbox 2332 3988 2532 4045; x_wconf 89' lang='lat' dir='ltr'>Filius.</span> <span class='ocrx_word' id='word_1_746' title='bbox 2566 3989 2625 4044; x_wconf 89' lang='lat' dir='ltr'><strong>Id</strong></span> <span class='ocrx_word' id='word_1_747' title='bbox 2670 3990 2827 4046; x_wconf 88' lang='lat' dir='ltr'>enim</span> <span class='ocrx_word' id='word_1_748' title='bbox 2876 3990 3121 4045; x_wconf 84' lang='lat' dir='ltr'>obscure</span> <span class='ocrx_word' id='word_1_749' title='bbox 3178 3989 3495 4061; x_wconf 82' lang='lat' dir='ltr'>signiﬁcas,</span> <span class='ocrx_word' id='word_1_750' title='bbox 3531 4006 3665 4045; x_wconf 90' lang='lat' dir='ltr'>cum</span> 
     </span>
    </p>
   </div>
   <div class='ocr_carea' id='block_1_93' title="bbox 2022 4076 3665 4151">
    <p class='ocr_par' dir='ltr' id='par_1_93' title="bbox 2022 4076 3665 4151">
     <span class='ocr_line' id='line_1_93' title="bbox 2022 4076 3665 4151; baseline -0.001 -16"><span class='ocrx_word' id='word_1_751' title='bbox 2022 4084 2217 4135; x_wconf 89' lang='lat' dir='ltr'>tamen</span> <span class='ocrx_word' id='word_1_752' title='bbox 2251 4083 2445 4151; x_wconf 91' lang='lat' dir='ltr'>aperte</span> <span class='ocrx_word' id='word_1_753' title='bbox 2476 4079 2664 4134; x_wconf 90' lang='lat' dir='ltr'>dicere</span> <span class='ocrx_word' id='word_1_754' title='bbox 2695 4076 2846 4135; x_wconf 92' lang='lat' dir='ltr'>nolis</span> <span class='ocrx_word' id='word_1_755' title='bbox 2880 4096 2892 4133; x_wconf 89' lang='lat'>:</span> <span class='ocrx_word' id='word_1_756' title='bbox 2930 4079 3082 4134; x_wconf 89' lang='lat' dir='ltr'>sicut</span> <span class='ocrx_word' id='word_1_757' title='bbox 3129 4094 3233 4147; x_wconf 88' lang='lat' dir='ltr'>ego</span> <span class='ocrx_word' id='word_1_758' title='bbox 3275 4079 3512 4151; x_wconf 90' lang='lat' dir='ltr'>quidem</span> <span class='ocrx_word' id='word_1_759' title='bbox 3561 4084 3665 4134; x_wconf 91' lang='lat' dir='ltr'>tua</span> 
     </span>
    </p>
   </div>
   <div class='ocr_carea' id='block_1_94' title="bbox 2023 4167 3662 4240">
    <p class='ocr_par' dir='ltr' id='par_1_94' title="bbox 2023 4167 3662 4240">
     <span class='ocr_line' id='line_1_94' title="bbox 2023 4167 3662 4240; baseline -0.002 -15"><span class='ocrx_word' id='word_1_760' title='bbox 2023 4167 2266 4225; x_wconf 89' lang='lat' dir='ltr'>consilia</span> <span class='ocrx_word' id='word_1_761' title='bbox 2294 4185 2364 4223; x_wconf 83' lang='lat' dir='ltr'>ex</span> <span class='ocrx_word' id='word_1_762' title='bbox 2392 4167 2465 4223; x_wconf 85' lang='lat' dir='ltr'>iis</span> <span class='ocrx_word' id='word_1_763' title='bbox 2495 4185 2622 4240; x_wconf 72' lang='lat' dir='ltr'>quas</span> <span class='ocrx_word' id='word_1_764' title='bbox 2651 4169 2849 4224; x_wconf 91' lang='lat' dir='ltr'>innuis</span> <span class='ocrx_word' id='word_1_765' title='bbox 2889 4184 3195 4240; x_wconf 89' lang='lat' dir='ltr'>cognosco,</span> <span class='ocrx_word' id='word_1_766' title='bbox 3232 4168 3332 4239; x_wconf 90' lang='lat' dir='ltr'>qui</span> <span class='ocrx_word' id='word_1_767' title='bbox 3381 4185 3511 4224; x_wconf 88' lang='lat' dir='ltr'>sum</span> <span class='ocrx_word' id='word_1_768' title='bbox 3543 4168 3662 4223; x_wconf 89' lang='lat' dir='ltr'>veri</span> 
     </span>
    </p>
   </div>
   <div class='ocr_carea' id='block_1_95' title="bbox 2023 4256 3665 4331">
    <p class='ocr_par' dir='ltr' id='par_1_95' title="bbox 2023 4256 3665 4331">
     <span class='ocr_line' id='line_1_95' title="bbox 2023 4256 3665 4331; baseline -0.001 -18"><span class='ocrx_word' id='word_1_769' title='bbox 2023 4258 2315 4331; x_wconf 67' lang='lat' dir='ltr'>prophetae</span> <span class='ocrx_word' id='word_1_770' title='bbox 2346 4256 2696 4329; x_wconf 88' lang='lat' dir='ltr'>discipulus,</span> <span class='ocrx_word' id='word_1_771' title='bbox 2733 4274 2846 4313; x_wconf 92' lang='lat' dir='ltr'>non</span> <span class='ocrx_word' id='word_1_772' title='bbox 2878 4256 3181 4329; x_wconf 91' lang='lat' dir='ltr'>propheta.</span> <span class='ocrx_word' id='word_1_773' title='bbox 3214 4257 3300 4312; x_wconf 94' lang='lat' dir='ltr'>Tu</span> <span class='ocrx_word' id='word_1_774' title='bbox 3330 4274 3462 4313; x_wconf 91' lang='lat' dir='ltr'>vero</span> <span class='ocrx_word' id='word_1_775' title='bbox 3512 4256 3665 4312; x_wconf 87' lang='lat' dir='ltr'>clare</span> 
     </span>
    </p>
   </div>
   <div class='ocr_carea' id='block_1_96' title="bbox 2024 4345 3669 4417">
    <p class='ocr_par' dir='ltr' id='par_1_96' title="bbox 2024 4345 3669 4417">
     <span class='ocr_line' id='line_1_96' title="bbox 2024 4345 3669 4417; baseline -0.001 -14"><span class='ocrx_word' id='word_1_776' title='bbox 2024 4349 2179 4404; x_wconf 89' lang='lat' dir='ltr'>dicta</span> <span class='ocrx_word' id='word_1_777' title='bbox 2209 4363 2323 4402; x_wconf 89' lang='lat' dir='ltr'>non</span> <span class='ocrx_word' id='word_1_778' title='bbox 2355 4346 2687 4417; x_wconf 89' lang='lat' dir='ltr'>intelligens</span> <span class='ocrx_word' id='word_1_779' title='bbox 2714 4351 2768 4402; x_wconf 94' lang='lat' dir='ltr'>te</span> <span class='ocrx_word' id='word_1_780' title='bbox 2797 4346 3008 4402; x_wconf 90' lang='lat' dir='ltr'>Filium</span> <span class='ocrx_word' id='word_1_781' title='bbox 3042 4345 3232 4402; x_wconf 90' lang='lat' dir='ltr'>dicere</span> <span class='ocrx_word' id='word_1_782' title='bbox 3251 4346 3356 4412; x_wconf 91' lang='lat' dir='ltr'>vis,</span> <span class='ocrx_word' id='word_1_783' title='bbox 3386 4346 3669 4403; x_wconf 86' lang='lat' dir='ltr'>resistens</span> 
     </span>
    </p>
   </div>
   <div class='ocr_carea' id='block_1_97' title="bbox 2024 4435 3665 4507">
    <p class='ocr_par' dir='ltr' id='par_1_97' title="bbox 2024 4435 3665 4507">
     <span class='ocr_line' id='line_1_97' title="bbox 2024 4435 3665 4507; baseline -0.002 -14"><span class='ocrx_word' id='word_1_784' title='bbox 2024 4436 2288 4493; x_wconf 90' lang='lat' dir='ltr'>nobis.Et</span> <span class='ocrx_word' id='word_1_785' title='bbox 2317 4435 2771 4492; x_wconf 76' lang='lat' dir='ltr'>SimonzTollam</span> <span class='ocrx_word' id='word_1_786' title='bbox 2802 4452 3036 4491; x_wconf 91' lang='lat' dir='ltr'>omnem</span> <span class='ocrx_word' id='word_1_787' title='bbox 3069 4439 3235 4490; x_wconf 90' lang='lat' dir='ltr'>tuum</span> <span class='ocrx_word' id='word_1_788' title='bbox 3274 4440 3616 4507; x_wconf 66' lang='lat' dir='ltr'>praetextum</span> <span class='ocrx_word' id='word_1_789' title='bbox 3651 4451 3665 4489; x_wconf 88' lang='lat'><strong>:</strong></span> 
     </span>
    </p>
   </div>
   <div class='ocr_carea' id='block_1_98' title="bbox 2024 4523 3671 4597">
    <p class='ocr_par' dir='ltr' id='par_1_98' title="bbox 2024 4523 3671 4597">
     <span class='ocr_line' id='line_1_98' title="bbox 2024 4523 3671 4597; baseline -0.003 -14"><span class='ocrx_word' id='word_1_790' title='bbox 2024 4527 2226 4595; x_wconf 87' lang='lat' dir='ltr'>fateor,</span> <span class='ocrx_word' id='word_1_791' title='bbox 2258 4524 2369 4579; x_wconf 91' lang='lat' dir='ltr'>hoc</span> <span class='ocrx_word' id='word_1_792' title='bbox 2400 4541 2513 4580; x_wconf 93' lang='lat' dir='ltr'>non</span> <span class='ocrx_word' id='word_1_793' title='bbox 2537 4523 2792 4580; x_wconf 85' lang='lat' dir='ltr'>intellexi</span> <span class='ocrx_word' id='word_1_794' title='bbox 2827 4524 3103 4597; x_wconf 89' lang='lat' dir='ltr'>quidnam</span> <span class='ocrx_word' id='word_1_795' title='bbox 3150 4529 3327 4591; x_wconf 88' lang='lat' dir='ltr'>esset,</span> <span class='ocrx_word' id='word_1_796' title='bbox 3380 4531 3432 4579; x_wconf 82' lang='lat' dir='ltr'>et</span> <span class='ocrx_word' id='word_1_797' title='bbox 3476 4523 3671 4594; x_wconf 77' lang='lat' dir='ltr'>quibus</span> 
     </span>
    </p>
   </div>
   <div class='ocr_carea' id='block_1_99' title="bbox 1935 4612 3432 4689">
    <p class='ocr_par' dir='ltr' id='par_1_99' title="bbox 1935 4612 3432 4689">
     <span class='ocr_line' id='line_1_99' title="bbox 1935 4612 3432 4689; baseline -0.005 -13"><span class='ocrx_word' id='word_1_798' title='bbox 1935 4624 1983 4689; x_wconf 87' lang='lat' dir='ltr'><strong>D</strong></span> <span class='ocrx_word' id='word_1_799' title='bbox 2013 4617 2131 4675; x_wconf 79' lang='lat' dir='ltr'>vult</span> <span class='ocrx_word' id='word_1_800' title='bbox 2156 4615 2330 4672; x_wconf 77' lang='lat' dir='ltr'>Filius</span> <span class='ocrx_word' id='word_1_801' title='bbox 2358 4615 2581 4671; x_wconf 76' lang='lat' dir='ltr'>revelat.</span> <span class='ocrx_word' id='word_1_802' title='bbox 2606 4614 2708 4669; x_wconf 92' lang='lat' dir='ltr'>Dic</span> <span class='ocrx_word' id='word_1_803' title='bbox 2741 4629 2877 4685; x_wconf 91' lang='lat' dir='ltr'>ergo</span> <span class='ocrx_word' id='word_1_804' title='bbox 2908 4612 3054 4669; x_wconf 91' lang='lat' dir='ltr'>illud</span> <span class='ocrx_word' id='word_1_805' title='bbox 3086 4613 3432 4668; x_wconf 90' lang='lat' dir='ltr'>evidentius.</span> 
     </span>
    </p>
   </div>
   <div class='ocr_carea' id='block_1_100' title="bbox 2083 4699 3666 4773">
    <p class='ocr_par' dir='ltr' id='par_1_100' title="bbox 2083 4699 3666 4773">
     <span class='ocr_line' id='line_1_100' title="bbox 2083 4699 3666 4773; baseline -0.004 -12"><span class='ocrx_word' id='word_1_806' title='bbox 2083 4706 2233 4763; x_wconf 87' lang='lat' dir='ltr'><strong>VIII.</strong></span> <span class='ocrx_word' id='word_1_807' title='bbox 2290 4709 2437 4760; x_wconf 91' lang='lat' dir='ltr'>Tum</span> <span class='ocrx_word' id='word_1_808' title='bbox 2493 4708 2748 4759; x_wconf 89' lang='lat' dir='ltr'>Petrus:</span> <span class='ocrx_word' id='word_1_809' title='bbox 2785 4700 3289 4773; x_wconf 87' lang='lat' dir='ltr'>Quandoquidem,</span> <span class='ocrx_word' id='word_1_810' title='bbox 3350 4699 3459 4756; x_wconf 90' lang='lat' dir='ltr'>etsi</span> <span class='ocrx_word' id='word_1_811' title='bbox 3510 4700 3666 4768; x_wconf 83' lang='lat' dir='ltr'>ﬁcte,</span> 
     </span>
    </p>
   </div>
   <div class='ocr_carea' id='block_1_101' title="bbox 2013 4788 3665 4864">
    <p class='ocr_par' dir='ltr' id='par_1_101' title="bbox 2013 4788 3665 4864">
     <span class='ocr_line' id='line_1_101' title="bbox 2013 4788 3665 4864; baseline -0.005 -12"><span class='ocrx_word' id='word_1_812' title='bbox 2013 4795 2123 4852; x_wconf 88' lang='lat' dir='ltr'>hoc</span> <span class='ocrx_word' id='word_1_813' title='bbox 2155 4795 2348 4851; x_wconf 76' lang='lat' dir='ltr'>fassus</span> <span class='ocrx_word' id='word_1_814' title='bbox 2379 4810 2441 4849; x_wconf 87' lang='lat' dir='ltr'>es</span> <span class='ocrx_word' id='word_1_815' title='bbox 2473 4809 2591 4848; x_wconf 90' lang='lat' dir='ltr'>non</span> <span class='ocrx_word' id='word_1_816' title='bbox 2635 4790 2981 4864; x_wconf 86' lang='lat' dir='ltr'>intelligere,</span> <span class='ocrx_word' id='word_1_817' title='bbox 3016 4790 3087 4846; x_wconf 91' lang='lat' dir='ltr'>ad</span> <span class='ocrx_word' id='word_1_818' title='bbox 3118 4790 3175 4845; x_wconf 91' lang='lat' dir='ltr'>id</span> <span class='ocrx_word' id='word_1_819' title='bbox 3210 4789 3365 4861; x_wconf 92' lang='lat' dir='ltr'>quod</span> <span class='ocrx_word' id='word_1_820' title='bbox 3396 4794 3451 4845; x_wconf 92' lang='lat' dir='ltr'>te</span> <span class='ocrx_word' id='word_1_821' title='bbox 3483 4788 3665 4845; x_wconf 89' lang='lat' dir='ltr'>inter-</span> 
     </span>
    </p>
   </div>
   <div class='ocr_carea' id='block_1_102' title="bbox 1613 4901 2306 4960">
    <p class='ocr_par' dir='ltr' id='par_1_102' title="bbox 1613 4901 2306 4960">
     <span class='ocr_line' id='line_1_102' title="bbox 1613 4901 2306 4960; baseline 0 -5"><span class='ocrx_word' id='word_1_822' title='bbox 1613 4901 1855 4960; x_wconf 70' lang='lat' dir='ltr'>VARI/E</span> <span class='ocrx_word' id='word_1_823' title='bbox 1894 4902 2190 4960; x_wconf 83' lang='lat' dir='ltr'>LECTION</span> <span class='ocrx_word' id='word_1_824' title='bbox 2206 4902 2306 4956; x_wconf 85' lang='lat' dir='ltr'>ES.</span> 
     </span>
    </p>
   </div>
   <div class='ocr_carea' id='block_1_103' title="bbox 322 4996 3663 5072">
    <p class='ocr_par' dir='ltr' id='par_1_103' title="bbox 322 4996 3663 5072">
     <span class='ocr_line' id='line_1_103' title="bbox 322 4996 3663 5072; baseline -0.001 -19"><span class='ocrx_word' id='word_1_825' title='bbox 322 5002 373 5035; x_wconf 67' lang='grc'>⁵³</span> <span class='ocrx_word' id='word_1_826' title='bbox 399 4996 504 5072; x_wconf 74' lang='grc' dir='ltr'>’ἐχῃ</span> <span class='ocrx_word' id='word_1_827' title='bbox 534 4996 1049 5072; x_wconf 16' lang='grc' dir='ltr'>ΟᾏδδγΕιρι-οοανῇ</span> <span class='ocrx_word' id='word_1_828' title='bbox 1078 4998 1233 5072; x_wconf 91' lang='lat' dir='ltr'>hunc</span> <span class='ocrx_word' id='word_1_829' title='bbox 1277 4997 1469 5072; x_wconf 82' lang='lat' dir='ltr'>locum</span> <span class='ocrx_word' id='word_1_830' title='bbox 1521 5004 1721 5072; x_wconf 82' lang='lat' dir='ltr'>contra</span> <span class='ocrx_word' id='word_1_831' title='bbox 1771 5000 2269 5072; x_wconf 14' lang='lat' dir='ltr'>Sebliemannumq</span> <span class='ocrx_word' id='word_1_832' title='bbox 2311 4999 2579 5072; x_wconf 76' lang='lat' dir='ltr'>Baurius,</span> <span class='ocrx_word' id='word_1_833' title='bbox 2630 4997 2829 5052; x_wconf 83' lang='lat' dir='ltr'>Annal.</span> <span class='ocrx_word' id='word_1_834' title='bbox 2865 4996 3054 5072; x_wconf 65' lang='lat' dir='ltr'>{heql.,</span> <span class='ocrx_word' id='word_1_835' title='bbox 3104 4996 3377 5072; x_wconf 72' lang='lat' dir='ltr'>Tubing.,</span> <span class='ocrx_word' id='word_1_836' title='bbox 3412 4996 3571 5072; x_wconf 53' lang='lat'>484/5</span> <span class='ocrx_word' id='word_1_837' title='bbox 3608 5013 3663 5067; x_wconf 93' lang='lat' dir='ltr'>p.</span> 
     </span>
    </p>
   </div>
   <div class='ocr_carea' id='block_1_104' title="bbox 254 5018 3666 5146">
    <p class='ocr_par' dir='ltr' id='par_1_104' title="bbox 254 5018 3666 5146">
     <span class='ocr_line' id='line_1_104' title="bbox 322 5018 3663 5072; baseline -0.001 -19"><span class='ocrx_word' id='word_1_838' title='bbox 322 5018 371 5035; x_wconf 72' lang='grc' dir='ltr'><strong><em>υ</em></strong></span> <span class='ocrx_word' id='word_1_839' title='bbox 402 5018 445 5053; x_wconf 38' lang='lat' dir='ltr'>eo</span> <span class='ocrx_word' id='word_1_840' title='bbox 470 5021 504 5072; x_wconf 79' lang='grc' dir='ltr'>ῃ</span> <span class='ocrx_word' id='word_1_841' title='bbox 534 5018 595 5055; x_wconf 74' lang='grc' dir='ltr'>υ.</span> <span class='ocrx_word' id='word_1_842' title='bbox 633 5018 679 5033; x_wconf 68' lang='grc' dir='ltr'>νυ</span> <span class='ocrx_word' id='word_1_843' title='bbox 710 5018 1049 5071; x_wconf 75' lang='lat' dir='ltr'>mplanavu</span> <span class='ocrx_word' id='word_1_844' title='bbox 1080 5018 1233 5054; x_wconf 85' lang='lat' dir='ltr'>nunc</span> <span class='ocrx_word' id='word_1_845' title='bbox 1279 5018 1469 5054; x_wconf 85' lang='lat' dir='ltr'>locum</span> <span class='ocrx_word' id='word_1_846' title='bbox 1521 5018 1721 5056; x_wconf 74' lang='lat' dir='ltr'>contra</span> <span class='ocrx_word' id='word_1_847' title='bbox 1771 5018 2253 5058; x_wconf 61' lang='lat' dir='ltr'>{senilemannum</span> <span class='ocrx_word' id='word_1_848' title='bbox 2311 5018 2579 5067; x_wconf 73' lang='lat' dir='ltr'>Daunus,</span> <span class='ocrx_word' id='word_1_849' title='bbox 2630 5018 2829 5052; x_wconf 77' lang='lat' dir='ltr'>Annal.</span> <span class='ocrx_word' id='word_1_850' title='bbox 2865 5018 3054 5066; x_wconf 56' lang='lat' dir='ltr'>mem&quot;,</span> <span class='ocrx_word' id='word_1_851' title='bbox 3114 5018 3377 5069; x_wconf 69' lang='lat' dir='ltr'>11101ng</span> <span class='ocrx_word' id='word_1_852' title='bbox 3412 5018 3571 5065; x_wconf 67' lang='grc' dir='ltr'>τοίη,</span> <span class='ocrx_word' id='word_1_853' title='bbox 3608 5018 3663 5067; x_wconf 89' lang='lat' dir='ltr'>p.</span> 
     </span>
     <span class='ocr_line' id='line_1_105' title="bbox 254 5018 3666 5146; baseline -0.002 -19"><span class='ocrx_word' id='word_1_854' title='bbox 254 5072 382 5146; x_wconf 62' lang='grc' dir='ltr'>ξ52.</span> <span class='ocrx_word' id='word_1_855' title='bbox 506 5072 551 5106; x_wconf 73' lang='grc'>⁸⁸</span> <span class='ocrx_word' id='word_1_856' title='bbox 575 5067 863 5146; x_wconf 34' lang='grc' dir='ltr'>τῷ-βηιτό</span> <span class='ocrx_word' id='word_1_857' title='bbox 894 5070 1053 5146; x_wconf 39' lang='lat' dir='ltr'>CLO.</span> <span class='ocrx_word' id='word_1_858' title='bbox 1086 5071 1132 5146; x_wconf 59' lang='grc' dir='ltr'>θξ</span> <span class='ocrx_word' id='word_1_859' title='bbox 1162 5075 1245 5125; x_wconf 84' lang='lat' dir='ltr'>Ita</span> <span class='ocrx_word' id='word_1_860' title='bbox 1277 5070 1343 5146; x_wconf 82' lang='grc' dir='ltr'>Ο,</span> <span class='ocrx_word' id='word_1_861' title='bbox 1375 5078 1525 5146; x_wconf 69' lang='lat' dir='ltr'>c._S.,</span> <span class='ocrx_word' id='word_1_862' title='bbox 1560 5069 1814 5146; x_wconf 83' lang='grc' dir='ltr'>βούλεται</span> <span class='ocrx_word' id='word_1_863' title='bbox 1847 5074 1986 5146; x_wconf 60' lang='lat' dir='ltr'>C,_“</span> <span class='ocrx_word' id='word_1_864' title='bbox 2014 5078 2113 5146; x_wconf 80' lang='grc' dir='ltr'>τῆς</span> <span class='ocrx_word' id='word_1_865' title='bbox 2146 5104 2214 5113; x_wconf 85' lang='lat'>——</span> <span class='ocrx_word' id='word_1_866' title='bbox 2249 5069 2455 5146; x_wconf 80' lang='grc' dir='ltr'>βουλῆς</span> <span class='ocrx_word' id='word_1_867' title='bbox 2488 5072 2722 5146; x_wconf 41' lang='grc' dir='ltr'>ϐορραῖ-ς</span> <span class='ocrx_word' id='word_1_868' title='bbox 2763 5100 2830 5146; x_wconf 48' lang='lat' dir='ltr'>f—</span> <span class='ocrx_word' id='word_1_869' title='bbox 2866 5065 3092 5146; x_wconf 70' lang='grc' dir='ltr'>βουλαῖς</span> <span class='ocrx_word' id='word_1_870' title='bbox 3146 5068 3496 5146; x_wconf 35' lang='grc' dir='ltr'>8.,Δῖιυοίρτς</span> <span class='ocrx_word' id='word_1_871' title='bbox 3532 5069 3666 5146; x_wconf 80' lang='lat' dir='ltr'>Dav.</span> 
     </span>
    </p>
   </div>
   <div class='ocr_carea' id='block_1_105' title="bbox 254 5138 3083 5215">
    <p class='ocr_par' dir='ltr' id='par_1_105' title="bbox 254 5138 3083 5215">
     <span class='ocr_line' id='line_1_106' title="bbox 254 5138 3083 5215; baseline -0.004 -11"><span class='ocrx_word' id='word_1_872' title='bbox 254 5144 299 5215; x_wconf 44' lang='lat'>&#39;5</span> <span class='ocrx_word' id='word_1_873' title='bbox 326 5144 531 5215; x_wconf 69' lang='grc' dir='ltr'>συνένςει</span> <span class='ocrx_word' id='word_1_874' title='bbox 566 5138 699 5215; x_wconf 59' lang='lat' dir='ltr'>C.“</span> <span class='ocrx_word' id='word_1_875' title='bbox 746 5138 896 5215; x_wconf 73' lang='grc' dir='ltr'>ᾕδεις</span> <span class='ocrx_word' id='word_1_876' title='bbox 946 5141 1009 5215; x_wconf 73' lang='grc' dir='ltr'>Ο·</span> <span class='ocrx_word' id='word_1_877' title='bbox 1057 5142 1137 5198; x_wconf 80' lang='lat' dir='ltr'>Ad</span> <span class='ocrx_word' id='word_1_878' title='bbox 1181 5144 1337 5197; x_wconf 77' lang='lat' dir='ltr'>verb.</span> <span class='ocrx_word' id='word_1_879' title='bbox 1389 5138 1755 5203; x_wconf 66' lang='grc' dir='ltr'>οἷδαςήοῐεῐ</span> <span class='ocrx_word' id='word_1_880' title='bbox 1782 5149 1817 5199; x_wconf 92' lang='lat' dir='ltr'>S</span> <span class='ocrx_word' id='word_1_881' title='bbox 1848 5138 2475 5215; x_wconf 12' lang='lat' dir='ltr'>:iNihil&#39;mutandum.</span> <span class='ocrx_word' id='word_1_882' title='bbox 2530 5141 2642 5215; x_wconf 79' lang='lat' dir='ltr'>Cl‘r.</span> <span class='ocrx_word' id='word_1_883' title='bbox 2688 5141 2835 5215; x_wconf 13' lang='lat' dir='ltr'>I_.ob_.r</span> <span class='ocrx_word' id='word_1_884' title='bbox 2867 5138 3083 5215; x_wconf 33' lang='grc' dir='ltr'>Ῥήνης,</span> 
     </span>
    </p>
   </div>
   <div class='ocr_carea' id='block_1_106' title="bbox 3135 5137 3667 5211">
    <p class='ocr_par' dir='ltr' id='par_1_106' title="bbox 3135 5137 3667 5211">
     <span class='ocr_line' id='line_1_107' title="bbox 3135 5137 3667 5211; baseline -0.004 -19"><span class='ocrx_word' id='word_1_885' title='bbox 3135 5157 3189 5211; x_wconf 91' lang='lat' dir='ltr'>p.</span> <span class='ocrx_word' id='word_1_886' title='bbox 3231 5141 3355 5194; x_wconf 80' lang='lat'>236.</span> <span class='ocrx_word' id='word_1_887' title='bbox 3392 5140 3436 5174; x_wconf 73' lang='grc'>⁸9</span> <span class='ocrx_word' id='word_1_888' title='bbox 3467 5137 3667 5199; x_wconf 78' lang='grc' dir='ltr'>ἐποίεις</span> 
     </span>
    </p>
   </div>
   <div class='ocr_carea' id='block_1_107' title="bbox 256 5212 3666 5288">
    <p class='ocr_par' dir='ltr' id='par_1_107' title="bbox 256 5212 3666 5288">
     <span class='ocr_line' id='line_1_108' title="bbox 256 5212 3666 5288; baseline -0.002 -17"><span class='ocrx_word' id='word_1_889' title='bbox 256 5214 312 5281; x_wconf 84' lang='lat' dir='ltr'>S,</span> <span class='ocrx_word' id='word_1_890' title='bbox 340 5215 434 5288; x_wconf 70' lang='lat'>0.,</span> <span class='ocrx_word' id='word_1_891' title='bbox 474 5213 658 5287; x_wconf 67' lang='grc' dir='ltr'>έποίῃς</span> <span class='ocrx_word' id='word_1_892' title='bbox 685 5212 791 5288; x_wconf 68' lang='lat' dir='ltr'>_C.,</span> <span class='ocrx_word' id='word_1_893' title='bbox 833 5213 1067 5288; x_wconf 52' lang='grc' dir='ltr'>ποιήσῃς</span> <span class='ocrx_word' id='word_1_894' title='bbox 1117 5215 1266 5288; x_wconf 79' lang='lat' dir='ltr'>conj.</span> <span class='ocrx_word' id='word_1_895' title='bbox 1306 5215 1365 5288; x_wconf 89' lang='lat' dir='ltr'>D_.</span> <span class='ocrx_word' id='word_1_896' title='bbox 1400 5215 1558 5288; x_wconf 45' lang='lat' dir='ltr'>&quot;lita</span> <span class='ocrx_word' id='word_1_897' title='bbox 1586 5219 1709 5288; x_wconf 30' lang='lat' dir='ltr'>0A0.</span> <span class='ocrx_word' id='word_1_898' title='bbox 1742 5219 1823 5283; x_wconf 90' lang='lat' dir='ltr'>S.,</span> <span class='ocrx_word' id='word_1_899' title='bbox 1876 5214 2062 5288; x_wconf 76' lang='grc' dir='ltr'>έιτοίῃς</span> <span class='ocrx_word' id='word_1_900' title='bbox 2112 5217 2195 5281; x_wconf 85' lang='lat' dir='ltr'>C.,</span> <span class='ocrx_word' id='word_1_901' title='bbox 2249 5215 2479 5288; x_wconf 72' lang='grc' dir='ltr'>ποιήσῃς</span> <span class='ocrx_word' id='word_1_902' title='bbox 2512 5214 2663 5288; x_wconf 63' lang='grc' dir='ltr'>ιεοῐῂἒ</span> <span class='ocrx_word' id='word_1_903' title='bbox 2698 5212 2761 5288; x_wconf 87' lang='lat' dir='ltr'>D_.</span> <span class='ocrx_word' id='word_1_904' title='bbox 2798 5213 2839 5246; x_wconf 74' lang='grc' dir='ltr'>τί</span> <span class='ocrx_word' id='word_1_905' title='bbox 2964 5212 3134 5288; x_wconf 74' lang='lat' dir='ltr'>refert</span> <span class='ocrx_word' id='word_1_906' title='bbox 3166 5212 3233 5265; x_wconf 88' lang='lat' dir='ltr'>ad</span> <span class='ocrx_word' id='word_1_907' title='bbox 3274 5212 3433 5277; x_wconf 87' lang='lat' dir='ltr'>Lob.,</span> <span class='ocrx_word' id='word_1_908' title='bbox 3468 5212 3666 5288; x_wconf 81' lang='lat' dir='ltr'>P_ry_n.,</span> 
     </span>
    </p>
   </div>
   <div class='ocr_carea' id='block_1_108' title="bbox 256 5269 1050 5367">
    <p class='ocr_par' dir='ltr' id='par_1_108' title="bbox 256 5269 1050 5367">
     <span class='ocr_line' id='line_1_109' title="bbox 256 5269 1050 5367; baseline 0.006 -31"><span class='ocrx_word' id='word_1_909' title='bbox 256 5269 311 5355; x_wconf 54' lang='lat'>,5:</span> <span class='ocrx_word' id='word_1_910' title='bbox 342 5269 469 5341; x_wconf 64' lang='lat'>359.</span> <span class='ocrx_word' id='word_1_911' title='bbox 494 5269 883 5367; x_wconf 48' lang='lat' dir='ltr'>meme.</span> <span class='ocrx_word' id='word_1_912' title='bbox 913 5269 972 5349; x_wconf 74' lang='grc' dir='ltr'>ε’,</span> <span class='ocrx_word' id='word_1_913' title='bbox 1006 5269 1050 5341; x_wconf 80' lang='grc' dir='ltr'>ὁ</span> 
     </span>
    </p>
   </div>
   <div class='ocr_carea' id='block_1_109' title="bbox 256 5352 1945 5431">
    <p class='ocr_par' dir='ltr' id='par_1_109' title="bbox 256 5352 1945 5431">
     <span class='ocr_line' id='line_1_110' title="bbox 256 5352 1945 5431; baseline 0 -19"><span class='ocrx_word' id='word_1_914' title='bbox 256 5352 422 5427; x_wconf 67' lang='lat' dir='ltr'>cuna,</span> <span class='ocrx_word' id='word_1_915' title='bbox 454 5359 585 5415; x_wconf 83' lang='lat' dir='ltr'>ead.</span> <span class='ocrx_word' id='word_1_916' title='bbox 620 5352 778 5414; x_wconf 73' lang='lat' dir='ltr'>man.</span> <span class='ocrx_word' id='word_1_917' title='bbox 810 5357 871 5412; x_wconf 89' lang='lat' dir='ltr'>in</span> <span class='ocrx_word' id='word_1_918' title='bbox 905 5374 1088 5429; x_wconf 80' lang='lat' dir='ltr'>marg.</span> <span class='ocrx_word' id='word_1_919' title='bbox 1123 5352 1256 5417; x_wconf 68' lang='grc' dir='ltr'>ἴσως</span> <span class='ocrx_word' id='word_1_920' title='bbox 1277 5352 1480 5431; x_wconf 68' lang='grc' dir='ltr'>ἕτερος.</span> <span class='ocrx_word' id='word_1_921' title='bbox 1514 5359 1559 5392; x_wconf 77' lang='grc'>⁷³</span> <span class='ocrx_word' id='word_1_922' title='bbox 1590 5352 1856 5419; x_wconf 84' lang='grc' dir='ltr'>ἁνθεστώς</span> <span class='ocrx_word' id='word_1_923' title='bbox 1878 5352 1945 5415; x_wconf 29' lang='grc' dir='ltr'>⁷οξ</span> 
     </span>
    </p>
   </div>
   <div class='ocr_carea' id='block_1_110' title="bbox 1057 5281 3670 5364">
    <p class='ocr_par' dir='ltr' id='par_1_110' title="bbox 1057 5281 3670 5364">
     <span class='ocr_line' id='line_1_111' title="bbox 1057 5281 3670 5364; baseline 0.001 -29"><span class='ocrx_word' id='word_1_924' title='bbox 1057 5329 1070 5353; x_wconf 90' lang='grc'>,</span> <span class='ocrx_word' id='word_1_925' title='bbox 1106 5281 1302 5364; x_wconf 61' lang='grc' dir='ltr'>ᾁχνόῇε</span> <span class='ocrx_word' id='word_1_926' title='bbox 1334 5286 1393 5341; x_wconf 91' lang='lat' dir='ltr'>C.</span> <span class='ocrx_word' id='word_1_927' title='bbox 1428 5286 1475 5320; x_wconf 67' lang='grc'>⁷2</span> <span class='ocrx_word' id='word_1_928' title='bbox 1506 5286 1684 5364; x_wconf 34' lang='grc' dir='ltr'>[ρο-ΟΔ,</span> <span class='ocrx_word' id='word_1_929' title='bbox 1719 5304 1767 5342; x_wconf 91' lang='lat' dir='ltr'>c.</span> <span class='ocrx_word' id='word_1_930' title='bbox 1801 5281 2193 5364; x_wconf 41' lang='grc' dir='ltr'>βη-φιιζραοῇς,</span> <span class='ocrx_word' id='word_1_931' title='bbox 2218 5288 2277 5343; x_wconf 91' lang='lat' dir='ltr'>C.</span> <span class='ocrx_word' id='word_1_932' title='bbox 2310 5281 2948 5364; x_wconf 27' lang='lat' dir='ltr'>Prqltgrdi‘c&#39;legitﬂurﬁin</span> <span class='ocrx_word' id='word_1_933' title='bbox 2984 5286 3021 5364; x_wconf 71' lang='grc' dir='ltr'><strong>ρ</strong></span> <span class='ocrx_word' id='word_1_934' title='bbox 3053 5281 3106 5364; x_wconf 47' lang='lat' dir='ltr'>ag:-</span> <span class='ocrx_word' id='word_1_935' title='bbox 3146 5281 3550 5364; x_wconf 43' lang='lat' dir='ltr'>cumﬂparvula</span> <span class='ocrx_word' id='word_1_936' title='bbox 3580 5282 3670 5337; x_wconf 89' lang='lat' dir='ltr'>la-</span> 
     </span>
    </p>
   </div>
   <div class='ocr_carea' id='block_1_111' title="bbox 2033 5351 3328 5433">
    <p class='ocr_par' dir='ltr' id='par_1_111' title="bbox 2033 5351 3328 5433">
     <span class='ocr_line' id='line_1_112' title="bbox 2033 5351 3328 5433; baseline -0.003 -20"><span class='ocrx_word' id='word_1_937' title='bbox 2033 5351 2277 5433; x_wconf 57' lang='grc' dir='ltr'>υῐιῖἅρω</span> <span class='ocrx_word' id='word_1_938' title='bbox 2302 5358 2368 5424; x_wconf 88' lang='grc' dir='ltr'>Ο,</span> <span class='ocrx_word' id='word_1_939' title='bbox 2402 5358 2447 5392; x_wconf 70' lang='grc'>⁷⁸</span> <span class='ocrx_word' id='word_1_940' title='bbox 2480 5351 2747 5431; x_wconf 60' lang='grc' dir='ltr'>βούληται</span> <span class='ocrx_word' id='word_1_941' title='bbox 2770 5355 2829 5425; x_wconf 84' lang='lat' dir='ltr'>S,</span> <span class='ocrx_word' id='word_1_942' title='bbox 2863 5357 2946 5424; x_wconf 84' lang='grc'>0.,</span> <span class='ocrx_word' id='word_1_943' title='bbox 2983 5351 3235 5428; x_wconf 84' lang='grc' dir='ltr'>βούλεται</span> <span class='ocrx_word' id='word_1_944' title='bbox 3269 5351 3328 5409; x_wconf 66' lang='grc' dir='ltr'>Οξ</span> 
     </span>
    </p>
   </div>
   <div class='ocr_carea' id='block_1_112' title="bbox 1630 5466 2284 5523">
    <p class='ocr_par' dir='ltr' id='par_1_112' title="bbox 1630 5466 2284 5523">
     <span class='ocr_line' id='line_1_113' title="bbox 1630 5466 2284 5523; baseline 0.006 -5"><span class='ocrx_word' id='word_1_945' title='bbox 1630 5466 2010 5523; x_wconf 82' lang='lat' dir='ltr'>VARIORUM</span> <span class='ocrx_word' id='word_1_946' title='bbox 2050 5466 2284 5522; x_wconf 66' lang='lat' dir='ltr'>NOTJE.</span> 
     </span>
    </p>
   </div>
   <div class='ocr_carea' id='block_1_113' title="bbox 258 5561 3663 5634">
    <p class='ocr_par' dir='ltr' id='par_1_113' title="bbox 258 5561 3663 5634">
     <span class='ocr_line' id='line_1_114' title="bbox 258 5561 3663 5634; baseline 0 -20"><span class='ocrx_word' id='word_1_947' title='bbox 258 5562 394 5617; x_wconf 83' lang='lat' dir='ltr'>Vult</span> <span class='ocrx_word' id='word_1_948' title='bbox 442 5562 644 5617; x_wconf 84' lang='lat' dir='ltr'>Simon</span> <span class='ocrx_word' id='word_1_949' title='bbox 678 5562 881 5634; x_wconf 84' lang='lat' dir='ltr'>Magus</span> <span class='ocrx_word' id='word_1_950' title='bbox 912 5562 1090 5617; x_wconf 92' lang='lat' dir='ltr'>Deum</span> <span class='ocrx_word' id='word_1_951' title='bbox 1151 5566 1469 5634; x_wconf 83' lang='lat' dir='ltr'>creatorem</span> <span class='ocrx_word' id='word_1_952' title='bbox 1528 5580 1656 5619; x_wconf 89' lang='lat' dir='ltr'>esse</span> <span class='ocrx_word' id='word_1_953' title='bbox 1714 5563 1901 5618; x_wconf 79' lang='lat' dir='ltr'>tilium</span> <span class='ocrx_word' id='word_1_954' title='bbox 2010 5564 2293 5620; x_wconf 87' lang='lat' dir='ltr'>Turriano</span> <span class='ocrx_word' id='word_1_955' title='bbox 2325 5564 2382 5619; x_wconf 90' lang='lat' dir='ltr'>in</span> <span class='ocrx_word' id='word_1_956' title='bbox 2420 5561 2921 5634; x_wconf 66' lang='lat' dir='ltr'>Explanationibus</span> <span class='ocrx_word' id='word_1_957' title='bbox 2951 5561 3018 5617; x_wconf 84' lang='lat' dir='ltr'>ad</span> <span class='ocrx_word' id='word_1_958' title='bbox 3066 5561 3489 5619; x_wconf 77' lang='lat' dir='ltr'>Conslitutz&#39;ones</span> <span class='ocrx_word' id='word_1_959' title='bbox 3537 5574 3663 5633; x_wconf 85' lang='lat' dir='ltr'>apo-</span> 
     </span>
    </p>
   </div>
   <div class='ocr_carea' id='block_1_114' title="bbox 251 5633 1902 5717">
    <p class='ocr_par' dir='ltr' id='par_1_114' title="bbox 251 5633 1902 5717">
     <span class='ocr_line' id='line_1_115' title="bbox 251 5633 1902 5717; baseline 0.002 -31"><span class='ocrx_word' id='word_1_960' title='bbox 251 5634 554 5717; x_wconf 53' lang='lat' dir='ltr'>ignotidei</span> <span class='ocrx_word' id='word_1_961' title='bbox 590 5633 960 5717; x_wconf 33' lang='lat' dir='ltr'>suiapatrem</span> <span class='ocrx_word' id='word_1_962' title='bbox 994 5650 1125 5717; x_wconf 77' lang='lat' dir='ltr'>vero</span> <span class='ocrx_word' id='word_1_963' title='bbox 1155 5635 1297 5715; x_wconf 43' lang='lat' dir='ltr'>Jesu.</span> <span class='ocrx_word' id='word_1_964' title='bbox 1322 5633 1537 5717; x_wconf 74' lang='lat' dir='ltr'>Christi</span> <span class='ocrx_word' id='word_1_965' title='bbox 1571 5635 1902 5717; x_wconf 42' lang='lat' dir='ltr'>apstriiloc</span> 
     </span>
    </p>
   </div>
   <div class='ocr_carea' id='block_1_115' title="bbox 253 5703 1902 5777">
    <p class='ocr_par' dir='ltr' id='par_1_115' title="bbox 253 5703 1902 5777">
     <span class='ocr_line' id='line_1_116' title="bbox 253 5703 1902 5777; baseline 0.001 -17"><span class='ocrx_word' id='word_1_966' title='bbox 253 5703 472 5775; x_wconf 74' lang='lat' dir='ltr'>monui,</span> <span class='ocrx_word' id='word_1_967' title='bbox 506 5705 645 5777; x_wconf 90' lang='lat' dir='ltr'>quia</span> <span class='ocrx_word' id='word_1_968' title='bbox 675 5703 841 5762; x_wconf 80' lang='lat' dir='ltr'>aliter</span> <span class='ocrx_word' id='word_1_969' title='bbox 859 5709 1161 5777; x_wconf 86' lang='lat' dir='ltr'>acceptum</span> <span class='ocrx_word' id='word_1_970' title='bbox 1192 5721 1225 5760; x_wconf 89' lang='lat' dir='ltr'>a</span> <span class='ocrx_word' id='word_1_971' title='bbox 1246 5705 1368 5762; x_wconf 92' lang='lat' dir='ltr'>viro</span> <span class='ocrx_word' id='word_1_972' title='bbox 1395 5706 1564 5761; x_wconf 89' lang='lat' dir='ltr'>docto</span> <span class='ocrx_word' id='word_1_973' title='bbox 1596 5706 1902 5763; x_wconf 89' lang='lat' dir='ltr'>Francisco</span> 
     </span>
    </p>
   </div>
   <div class='ocr_carea' id='block_1_116' title="bbox 2010 5635 2418 5691">
    <p class='ocr_par' dir='ltr' id='par_1_116' title="bbox 2010 5635 2418 5691">
     <span class='ocr_line' id='line_1_117' title="bbox 2010 5635 2418 5691; baseline 0.005 -3"><span class='ocrx_word' id='word_1_974' title='bbox 2010 5638 2252 5691; x_wconf 72' lang='lat' dir='ltr'>stolz&#39;cas.</span> <span class='ocrx_word' id='word_1_975' title='bbox 2287 5635 2418 5690; x_wconf 79' lang='lat' dir='ltr'>Co&#39;r.</span> 
     </span>
    </p>
   </div>
  </div>
