4140 6344
415 373 529 433 411

1258 376 1324 435 8.
1371 376 1811 438 CLEMENTIS
1857 375 1882 437 Ι
1928 377 2117 437 ROM.
2165 376 2395 439 PONT.
2444 378 2704 442 OPERA
2746 380 3011 443 DUBIA.

3702 381 3824 440 412

418 522 579 579 rogo,
614 504 757 561 mihi
788 507 1093 577 responde,
1126 523 1191 562 ac
1231 507 1440 563 disces.
1479 508 1576 564 Dic
1625 509 1768 564 mihi
1801 528 1814 566 :
1848 511 1934 567 ais
1967 510 2058 565 Fi-

2185 508 2459 583 Ξπόκριναί
2494 532 2609 584 μοι,
2640 510 2729 566 καὶ
2777 513 3013 586 μαθήσῃ.
3064 511 3203 587 Λέγε
3253 531 3364 584 μοι·
3400 509 3505 588 φῂς
3553 510 3645 567 τὸν
3696 512 3818 568 Υἱὸν

418 596 586 666 lium,
622 596 955 667 quicunque
986 597 1081 663 sit,
1107 598 1337 666 justum
1369 614 1515 663 esse,
1569 599 1657 654 vel
1718 616 1829 655 non
1863 601 1890 655 ?
1923 601 2061 655 Res-

414 685 627 759 pondit
681 685 921 740 Simon:
965 685 1398 741 Justissimum.
1460 688 1664 744 Petrus
1715 706 1728 744 :
1781 692 1923 745 Cum
1958 707 2060 746 au-

419 779 535 831 tem
564 775 761 844 justus
794 775 1001 841 sit,cur
1029 792 1142 830 non
1174 776 1448 832 omnibus
1472 778 1810 849 revelat,sed
1844 781 2060 852 quibus

419 863 592 920 vult?
622 866 699 918 Ac
731 862 929 919 Simon
969 882 981 923 :
1015 863 1298 927 Quoniam
1349 866 1449 937 qui
1492 867 1692 937 justus
1740 874 1847 933 est,
1885 870 2061 939 justis

414 951 669 1009 revelare
691 950 834 1007 vult.
870 952 1072 1008 Petrus
1099 969 1112 1006 :
1146 954 1348 1009 Nonne
1380 954 1560 1027 igitur
1602 973 1837 1013 necesse
1869 962 1958 1013 est
1988 959 2059 1015 ab

413 1058 480 1099 eo
512 1042 779 1113 cognosci
813 1046 1069 1097 mentem
1095 1041 1558 1114 singulorum,ut
1587 1046 1799 1102 revelet
1830 1048 2061 1118 dignis?

407 1131 609 1188 Simon
644 1147 657 1185 :
692 1130 939 1186 Omnino
978 1133 1378 1187 necessarium
1411 1138 1499 1189 est
1528 1134 1612 1189 ita
1642 1135 1872 1192 habere.
1908 1139 2057 1194 Tum

404 1225 613 1277 Petrus
644 1238 657 1277 :
694 1222 894 1292 Itaque
923 1219 1024 1275 ille
1053 1220 1217 1277 solus
1242 1221 1449 1277 merito
1481 1223 1736 1280 revelare
1782 1226 2059 1282 definitus

405 1315 514 1377 est,
539 1310 639 1382 qui
672 1308 831 1366 solus
864 1309 1337 1382 uniuscujusque
1362 1316 1615 1367 mentem
1650 1313 1829 1381 novit,
1860 1321 1916 1370 et
1940 1332 2056 1371 non

405 1404 491 1468 tu,
525 1400 624 1471 qui
658 1416 729 1454 ne
760 1416 827 1455 ea
858 1398 1098 1471 quidem
1133 1415 1259 1471 quas
1294 1417 1325 1455 a
1358 1401 1528 1457 nobis
1572 1403 1846 1458 dicuntur
1894 1410 2058 1476 potes

410 1488 757 1560 intelligere.

489 1579 647 1633 IX.Id
682 1578 915 1633 Petrum
947 1578 1234 1634 dicentem
1268 1579 1519 1651 populus
1549 1579 1825 1637 laudibus
1858 1598 2054 1653 prose-

417 1671 591 1724 cutus
620 1672 728 1721 est.
761 1670 833 1721 At
862 1668 1079 1732 Simon,
1132 1669 1191 1723 in
1235 1668 1406 1740 lapsu
1459 1670 1878 1742 deprehensus,
1911 1689 2057 1743 pras-

416 1757 635 1829 pudore
664 1757 1100 1829 erubuit,atque
1132 1758 1335 1813 fricata
1366 1759 1553 1815 fronte
1582 1760 1729 1815 dixit
1761 1778 1775 1817 :
1807 1762 1934 1816 1am
1961 1778 2053 1816 me

409 1861 646 1913 magum
682 1845 846 1901 aiunt
878 1862 910 1901 a
966 1850 1134 1901 Petro
1183 1864 1297 1902 non
1329 1852 1560 1904 tantum
1592 1849 1830 1916 victum,
1865 1850 1965 1906 sed
1999 1854 2055 1906 et

408 1935 1040 2007 rationibuspressum.
1074 1936 1197 1994 Non
1231 1938 1443 1993 autem"
1467 1937 1601 1993 licet
1631 1940 1765 2011 quis
1822 1938 2055 1995 ratioci-

412 2024 752 2080 nationibus
782 2029 1100 2097 prematur,
1146 2025 1423 2097 abreptus
1474 2028 1775 2083 veritatem
1823 2027 1883 2082 in
1928 2028 2056 2100 ipso

411 2112 623 2169 victam
656 2113 851 2168 habet.
886 2113 1085 2185 Neque
1115 2114 1272 2169 enim
1325 2114 1638 2171 inﬁrmitas
1688 2117 2057 2172 defendentis

416 2202 628 2259 veritas
660 2206 749 2257 est
777 2204 1129 2274 superantis.
1162 2205 1429 2259 Attamen
1461 2205 1549 2259 aio
1570 2204 1698 2270 tibi,
1734 2221 1825 2260 me
1856 2221 2059 2260 omnes

417 2296 676 2347 astantes
701 2292 1061 2361 judicavisse
1089 2291 1318 2364 dignos,
1352 2293 1452 2363 qui
1481 2292 1539 2347 in
1572 2292 1799 2348 arcanis
1830 2293 2059 2349 Patrem

416 2382 1059 2453 cognoscerent.Quare
1090 2398 1222 2436 cum
1256 2381 1449 2453 palam
1480 2382 1625 2454 ipsis
1657 2382 1936 2448 revelo,tu
1961 2399 2062 2455 per

415 2469 693 2525 invidiam
726 2470 871 2525 mihi
902 2469 1035 2525 illos
1062 2470 1340 2527 beneficio
1375 2473 1605 2527 afﬁcere
1636 2472 2060 2545 cupientifsuc-

418 2578 643 2618 0811868.

491 2651 557 2706 Χ.
590 2650 744 2705 Dixit
766 2651 971 2708 Petrus
1006 2669 1018 2707 :
1054 2652 1360 2720 Quoniam,
1392 2658 1455 2708 ut
1480 2652 1754 2724 praesenti
1803 2651 2064 2707 multitu-

428 2738 550 2795 dini
581 2746 813 2813 gratum
844 2742 1084 2809 faceres,
1115 2742 1197 2798 ita
1227 2743 1460 2798 locutus
1490 2759 1572 2808 es,
1592 2758 1697 2814 ego
1725 2741 1917 2796 dicam
1945 2759 2063 2797 non

423 2832 608 2901 grate,
641 2829 740 2885 sed
766 2846 917 2885 vere.
951 2830 1050 2886 Dic
1083 2832 1247 2897 mibi,
1281 2848 1396 2902 quo
1457 2831 1628 2886 modo
1682 2831 1892 2902 dignos
1935 2846 2064 2885 esse

420 2919 724 2989 cognoscis
755 2920 1013 2974 astantes
1058 2920 1382 2986 universos,
1426 2920 1902 2991 quandoquidem
1958 2920 2063 2974 tibi

422 3007 703 3063 iudicanti
727 3024 799 3062 ne
820 3025 975 3063 unus
1002 3009 1240 3081 quidem
1263 3010 1508 3080 praebuit
1530 3025 1836 3064 assensum
1858 3009 1886 3062 ‘?
1917 3008 2063 3064 Nam

420 3098 572 3168 quod
607 3113 699 3152 me
730 3103 932 3153 contra
953 3103 1012 3154 te
1043 3097 1556 3165 laudaverint,non
1588 3103 1677 3154 est
1707 3099 2068 3154 consentien-

2171 594 2376 653 δίκαιον
2429 600 2582 671 εἶναι,
2633 599 2779 663 ὅστις
2830 602 2951 656 ποτ’
2998 599 3161 667 ἔστιν,
3194 600 3227 669 ἢ
3262 596 3323 654 οὔ
3358 617 3371 669 ;
3404 599 3501 654 Καὶ
3555 599 3583 655 6
3630 599 3817 673 Σίμων

2171 684 2293 764 ἔφη·
2347 690 2710 746 Δικαιότατον.
2759 690 2856 744 Καὶ
2910 689 2937 744 6
2987 688 3205 765 Πέτρος·
3258 689 3472 750 Δίκαιος
3522 686 3579 744 δὲ
3611 686 3685 743 ὢν
3731 686 3823 743 διὰ

2168 776 2221 831 τί
2254 779 2329 851 μὴ
2360 785 2519 834 πᾶσιν
2569 777 2960 851 ἀποκαλύπτει,
3011 778 3137 834 ἀλλ’
3185 777 3263 840 οἶς
3317 777 3570 853 βούλεται
3602 797 3616 847 ς
3654 778 3756 834 Καὶ
3790 778 3820 833 6

2173 866 2383 938 Σίμων·
2444 871 2562 922 Ὅτι
2622 866 2829 929 δίκαιος
2888 865 2960 921 ὣν
3013 872 3131 930 τοῖς
3188 866 3356 937 ἀξίοις
3416 866 3818 922 ἀποκαλύπτειν

2176 953 2450 1029 βούλεται.
2510 956 2608 1011 Καὶ
2667 958 2695 1012 6
2755 958 2977 1033 Πέτρος’
3042 956 3243 1011 Οὐκοῦν
3300 958 3344 992 ⁷⁸
3404 957 3602 1032 ἀνάγκη
3662 956 3819 1011 αὐτὸν

2171 1042 2364 1100 εἰδέναι
2432 1046 2522 1101 τὸν
2570 1045 2794 1101 ἑκάστου
2844 1050 2991 1114 νοῦν,
3035 1042 3126 1099 ’ίνα
3184 1044 3353 1116 ἀξίοις
3409 1043 3815 1119 ἀποκαλύπτῃς

2170 1132 2267 1189 Καὶ
2339 1135 2366 1189 ὁ
2437 1133 2625 1209 Σίμων
2662 1155 2674 1167 '
2738 1134 2971 1211 Ἀνάγκη
3034 1137 3078 1172 ⁷⁸
3136 1134 3309 1195 οὕτως
3385 1129 3529 1210 ἔχειν
3587 1175 3601 1192 .
3662 1136 3819 1191 360

2168 1222 2264 1277 Καὶ
2297 1224 2325 1277 6
2357 1222 2579 1300 Πέτρος·
2613 1223 2815 1278 Οὐκοῦν
2847 1222 3007 1285 αὐτὸς
3063 1223 3226 1297 μόνος
3260 1220 3502 1299 εὐλόγως
3532 1225 3575 1259 ’⁷⁷
3608 1223 3817 1279 ἀποκα-

2169 1312 2388 1367 λύπτειν
2424 1312 2658 1388 ὡρίσθη,
2694 1313 2860 1387 μόνος
2891 1314 2982 1368 τὸν
3017 1313 3243 1367 ἑκάστου
3275 1310 3396 1367 νοῦν
3431 1309 3611 1382 εἰδὼς,
3634 1313 3721 1366 καὶ
3755 1311 3817 1367 οὗ

2167 1399 2230 1455 σὺ
2262 1402 2289 1456 6
2324 1400 2464 1476 μηδὲ
2491 1404 2558 1457 τὰ
2589 1404 2674 1482 ὑφ’
2703 1406 2862 1476 ἡμῶν
2913 1401 3180 1480 λεγόμενα
3223 1399 3516 1475 δυνάμενος
3564 1400 3816 1459 συνιέναι.

2238 1583 2331 1637 IX.
2389 1585 2557 1636 Τοῦτο
2612 1584 2710 1635 τοῦ
2769 1580 2976 1658 Πέτρου
3034 1580 3278 1642 εἰπόντος
3311 1625 3326 1651 ,
3384 1581 3490 1635 ἀπὸ
3553 1580 3647 1655 μὶν
3707 1585 3813 1636 τῶν

2166 1666 2354 1746 ὄχλων
2409 1668 2625 1732 ἔπαινος
2676 1669 2906 1745 ἐγένετο·
2939 1671 2996 1725 Ὀ
3047 1666 3105 1723 δὲ
3157 1670 3343 1742 Σίμων
3380 1668 3701 1747 κατάφωρος
3731 1690 3819 1744 γε·

2164 1759 2357 1835 γονὼς,
2417 1757 2676 1821 αἶ’δεσθεὶς
2723 1758 3037 1835 ἠρυθρίασε,
3080 1760 3168 1813 καὶ
3212 1759 3276 1813 τὸ
3318 1758 3565 1832 μέτωπον
3618 1758 3814 1834 τρίψας

2087 1891 2134 1954 Β
2165 1845 2288 1923 ἔφη·
2322 1846 2477 1905 Ἀλλ’
2508 1847 2605 1922 ἐμὲ
2656 1850 2829 1924 μάγον
2882 1846 3130 1925 λέγουσιν
3184 1848 3286 1903 ὑπὸ
3320 1849 3524 1923 Πέτρου
3572 1848 3815 1921 νικώμε-

2167 1959 2255 1993 νον
2289 1941 2354 2010 τθ,
2387 1937 2533 1993 ἀλλά
2561 1938 2651 1992 καὶ
2678 1935 3164 2014 συλλογιζόμενον.
3198 1936 3309 1991 Οὐκ
3338 1934 3390 1991 εἷ’
3413 1958 3494 1999 τις
3526 1934 3585 1992 δὲ
3611 1934 3814 1991 συλλο-

2167 2027 2401 2103 γισθείη,
2463 2026 2847 2103 συναρπασθεὶς
2901 2028 3002 2095 τὴν
3062 2025 3114 2081 έν
3170 2025 3315 2098 αὐτῷ
3362 2026 3619 2096 ἀλήθειαν
3676 2040 3815 2080 νενι-

2166 2116 2414 2190 κημένην
2466 2113 2603 2192 ἔχει.
2667 2115 2744 2173 Οὐ
2792 2116 2893 2192 γὰρ
2950 2118 2985 2186 ἡ
3040 2115 3285 2179 ἀσθένεια
3329 2120 3427 2170 τοῦ
3476 2112 3817 2176 ἐκδικοῦντος

2169 2204 2402 2276 ἀλήθειά
2449 2203 2560 2260 ἐστι
2608 2208 2704 2259 τοῦ
2752 2204 3057 2277 νικωμένου
3087 2206 3151 2259 7°.
3196 2209 3348 2272 Πλὴν
3396 2203 3542 2280 φημί
3586 2202 3690 2274 σοί,
3734 2201 3819 2258 ὅτι

2170 2294 2275 2371 ἐγὼ
2321 2292 2446 2357 τοὺς
2495 2297 2841 2365 παρεστῶτας
2902 2294 3110 2355 πάντας
3159 2291 3340 2363 ἀξίους
3392 2289 3575 2368 ἔκρινα
3619 2296 3817 2367 γνῶναι

2167 2382 2259 2438 τὸν
2290 2382 2340 2437 έν
2392 2381 2729 2458 ἀπορρήτοις
2780 2380 3007 2452 Πατέρα.
3062 2381 3153 2434 Διὸ
3204 2377 3444 2454 δημοσίᾳ
3477 2402 3586 2454 μου
3634 2379 3817 2442 αὐτοῖς

2171 2470 2681 2538 ἀποκαλύπτοντος,
2708 2468 2769 2525 σὺ
2795 2470 2954 2533 αὐτὸς
2983 2472 3028 2507 ⁸ο
3059 2467 3148 2524 διὰ
3188 2469 3383 2549 φθόνον
3410 2469 3533 2544 ἐμοὶ
3560 2473 3640 2543 τῷ
3669 2469 3818 2542 εὐερ-

2170 2567 2343 2638 γετεῖν
2379 2559 2573 2622 αὐτοὺς
2605 2558 2818 2615 θέλοντι
2851 2557 3221 2635 χαλεπαίνεις.

2241 2652 2305 2706 Χ.
2349 2649 2445 2704 Καὶ
2505 2649 2532 2704 6
2592 2649 2794 2729 Πέτρος
2854 2645 2979 2726 ἔφη·
3041 2645 3261 2718 Ἐπειδή
3321 2647 3655 2724 ἀρεσκόντως
3709 2652 3823 2710 τοῖς

2172 2743 2432 2816 παροῦσιν
2461 2735 2657 2815 ὄχλοις
2703 2738 2878 2801 οὕτως
2930 2733 3084 2815 ἔφης,
3135 2737 3240 2814 ἐγὼ
3288 2736 3395 2814 έρῶ
3443 2737 3541 2792 οὐκ
3571 2736 3821 2812 ἀρεσκόν-

2169 2850 2303 2897 τως,
2334 2826 2395 2883 ἀλ
2410 2828 2459 2884 λ’
2486 2832 2529 2866 ⁸1
2562 2828 2803 2899 ἀληθῶς.
2850 2826 2983 2903 Λέγε
3016 2849 3132 2900 μοι,
3165 2832 3281 2890 πῶς
3327 2826 3508 2898 ἀξίους
3547 2826 3824 2883 ἐπίστασαι

2171 2917 2297 2981 τοὺς
2325 2922 2672 2995 παρεστῶτας
2704 2916 2925 2979 πάντας.
2972 2916 3109 2971 ὅπου
3141 2938 3225 2971 σοι
3270 2915 3574 2994 έκφαίνοντι
3607 2914 3720 2972 οὐδ’
3752 2918 3827 2979 εἷς

2175 3009 2419 3063 συνέθετο
2464 3027 2478 3078 ;
2523 3008 2586 3062 τὸ
2643 3007 2747 3083 γὰρ
2806 3005 2931 3079 ἐμοὶ
2998 3008 3326 3075 ποιήσασθαι
3388 3007 3527 3062 κατά
3578 3010 3679 3060 σοῦ
3732 3005 3825 3060 τὸν

2175 3093 2392 3153 ἔπαινον
2423 3096 2523 3152 οὐκ
2571 3092 2679 3151 ἔστι
2738 3096 3214 3171 συγκαταθεμένων
3265 3096 3373 3164 σοὶ,
3424 3094 3550 3150 ἀλλ’
3597 3098 3642 3131 ⁸²
3678 3094 3825 3167 ἐμοὶ,

425 3185 575 3241 tium
606 3186 735 3252 tibi,
766 3187 867 3242 sed
902 3186 1070 3254 mihi,
1108 3188 1199 3243 cui
1230 3193 1287 3244 et
1315 3187 1548 3244 laudem
1591 3194 1873 3259 tanquam
1921 3189 2068 3243 bene

2185 3187 2223 3253 ᾧ
2279 3187 2367 3241 καὶ
2422 3186 2514 3240 τὸν
2565 3180 2779 3241 ἔπαινον
2842 3185 2917 3247 ὡς
2979 3183 3156 3260 ὀρθῶς
3210 3184 3454 3261 εἷ’ρηκότι
3514 3182 3826 3256 ἀπένειμαν.

432 3274 978 3332 locutotribuerunt.
1011 3277 1227 3333 Verum
1260 3279 1398 3349 quia
1429 3278 1821 3349 Deus,utpote
1845 3280 2066 3349 justus.

2185 3272 2336 3333 Ἀλλ’
2396 3271 2581 3343 ἐπειδὴ
2642 3274 2670 3328 6
2728 3273 2855 3335 Θεὸς
2903 3270 3114 3334 δίκαιος
3162 3271 3233 3327 ὢν
3265 3259 3533 3349 βραϐεύει
3580 3273 3671 3327 τὸν
3714 3272 3834 3327 ἑκά-

433 3365 801 3438 singulorum
836 3372 1093 3422 mentem
1124 3368 1426 3438 dijudicat,
1464 3368 1617 3439 quod
1651 3373 1711 3422 tu
1750 3368 1947 3422 dixisti
1978 3384 2071 3423 ve-

432 3470 562 3510 rum
594 3471 741 3522 esse,
778 3455 834 3510 id
865 3455 1052 3511 noluit
1080 3473 1184 3529 per
1214 3458 1513 3513 sinistram
1548 3457 1765 3513 dextris
1794 3457 2077 3528 dari,qua

432 3544 677 3613 ratione,
712 3545 810 3615 qui
844 3544 1064 3616 aliquid
1098 3564 1131 3600 a
1162 3548 1287 3602 fure
1318 3546 1548 3618 accipit,
1583 3550 1642 3602 et
1668 3548 1792 3619 ipse
1823 3563 1957 3601 reus
1987 3550 2078 3601 est

432 3632 633 3704 Itaque
663 3650 790 3688 eam
823 3634 894 3689 ob
926 3651 1162 3690 causam
1193 3636 1347 3706 quod
1380 3653 1413 3690 a
1443 3641 1497 3690 te
1520 3636 1870 3691 afferebatur
1895 3635 2079 3690 noluit

440 3736 539 3777 eos
570 3722 848 3794 accipere,
880 3724 980 3779 sed
1013 3741 1113 3795 per
1145 3723 1376 3791 Filium,
1428 3725 1528 3796 qui
1579 3726 1650 3779 ad
1700 3724 2078 3780 revelandum

439 3812 801 3883 praestitutus
833 3818 940 3867 est.
974 3813 1074 3867 Cui
1105 3813 1263 3868 enim
1294 3814 1559 3869 convenit
1608 3818 1840 3869 Patrem
1873 3813 2082 3869 revela-

439 3917 521 3967 re,
554 3905 940 3973 praeterquam
974 3902 1081 3957 soli
1114 3901 1277 3970 Filio,
1318 3904 1455 3973 quia
1485 3903 1535 3958 is
1589 3902 1688 3958 tali
1735 3902 2083 3959 revelatione

439 3990 682 4061 dignum
715 3990 1016 4062 cognoscit
1044 3992 1071 4047 ‘I
1101 3992 1192 4047 Sic
1224 4009 1337 4048 non
1369 3997 1459 4048 est
1488 3993 1595 4048 hoc
1619 3994 1821 4048 docere
1853 3998 1955 4048 aut
1985 3993 2082 4048 do-

440 4079 574 4143 ceri,
609 4081 708 4135 sed
742 4080 1020 4135 ineﬁ‘abili
1051 4098 1227 4137 manu
1255 4083 1304 4138 ei
1338 4082 1598 4147 revelari,
1628 4083 1727 4154 qui
1757 4081 1903 4137 illud
1935 4082 2084 4138 scire

444 4167 659 4240 dignus
691 4169 786 4224 sit.

518 4257 607 4313 ΧΙ.
641 4258 712 4313 Et
740 4258 941 4315 Simon
977 4277 989 4316 :
1023 4259 1297 4333 Multum,
1325 4261 1537 4333 inquit,
1570 4261 1844 4317 conducit
1897 4261 1968 4316 ad
1998 4260 2086 4315 vi-

453 4347 695 4402 ctoriam
727 4348 798 4415 ei,
834 4348 932 4419 qui
964 4349 1183 4405 bellum
1226 4350 1394 4421 gerit,
1446 4350 1697 4423 propriis
1750 4350 1835 4405 uti
1885 4350 2086 4405 armis.

453 4437 615 4503 Quod
646 4436 801 4493 enim
835 4439 968 4509 quis
1000 4444 1176 4507 amat,
1206 4440 1382 4495 etiam
1415 4440 1637 4496 sincere
1677 4444 1866 4511 potest
1893 4440 2090 4496 delen-

452 4526 587 4581 dere
620 4544 633 4581 :
660 4526 882 4583 sincere
913 4532 1106 4583 autem
1138 4528 1442 4583 defensum
1476 4546 1589 4585 non
1646 4528 1944 4602 vulgarem
1974 4528 2091 4583 vim

2183 3385 2308 3419 στου
2357 3369 2505 3433 νοῦν,
2554 3363 2583 3419 ὃ
2624 3360 2729 3441 φῂς
2777 3362 2979 3432 ἀληθές
3029 3362 3184 3435 εἶναι,
3234 3365 3378 3419 361
3440 3360 3539 3416 οὐκ
3581 3362 3639 3416 ἂν
3675 3355 3830 3416 ἐϐου-

2184 3451 2330 3523 λήθη
2366 3450 2455 3507 διὰ
2481 3459 2582 3521 τῆς
2612 3452 2892 3529 ἀριστερᾶς
2919 3456 3036 3513 τοῖς
3083 3448 3280 3521 δεξιοῖς
3308 3455 3469 3506 τοῦτο
3511 3447 3756 3520 δοθῆναι,
3787 3450 3833 3523 ᾧ

2186 3540 2341 3617 λόγῳ
2375 3542 2403 3596 6
2431 3542 2577 3615 παρά
2625 3540 2863 3596 κλέπτου
2915 3561 2969 3595 τι
3000 3535 3184 3594 λαϐὼν
3230 3540 3319 3595 καὶ
3351 3540 3511 3602 αὐτὸς
3546 3538 3836 3600 ὑπεύθυνός

2188 3630 2351 3687 ἐστιν.
2384 3632 2542 3685 Ὠστε
2585 3630 2781 3685 τούτου
2826 3626 3002 3684 ἕνεκεν
3035 3629 3095 3682 τὸ
3150 3628 3251 3683 ὑπὸ
3284 3633 3377 3684 σοῦ
3410 3628 3706 3707 φερόμενον
3738 3626 3837 3682 οὐκ

2188 3718 2454 3791 ἠθέλησεν
2489 3718 2681 3780 αὐτοὺς
2729 3713 2940 3788 λαϐεῖν,
2974 3716 3118 3773 ἀλλά
3167 3715 3255 3772 διὰ
3297 3721 3394 3771 τοῦ
3425 3717 3502 3779 εἷς
3540 3716 3603 3771 τὸ
3633 3717 3835 3771 ἀποκα-

2190 3808 2411 3866 λύπτειν
2460 3810 2506 3846 ⁸³
2553 3806 2859 3885 ὡρισμένου
2910 3807 3058 3863 Υἱοῦ.
3108 3806 3222 3861 Τίνι
3268 3806 3370 3882 γὰρ
3419 3802 3649 3881 εὔλογόν
3697 3804 3836 3859 ἐστιν

2191 3897 2592 3953 ἀποκαλύπτειν
2634 3897 2726 3952 τὸν
2774 3896 3005 3972 Πατέρα,
3037 3895 3071 3965 ἢ
3118 3894 3229 3968 Υἱῷ
3263 3894 3436 3968 μόνῳ,
3487 3891 3576 3949 διὰ
3611 3892 3672 3949 τι)
3704 3890 3839 3948 εἰδέ-

2190 4009 2274 4043 ναι
2320 3994 2422 4057 τῆς
2471 3988 2730 4057 τοιαύτης
2787 3983 3187 4059 ἀποκαλύψεως
3242 3984 3334 4040 νὸν
3395 3984 3540 4055 ἄξιον
3590 4003 3604 4054 ;
3656 3980 3839 4045 Οὕτως

2193 4077 2292 4132 οὐκ
2339 4073 2451 4132 ἔστι
2495 4079 2656 4131 τοῦτο
2707 4072 2912 4145 διδάξαι
2942 4075 2977 4143 ἢ
3012 4071 3359 4149 διδαχθῆναι,
3412 4072 3538 4128 ἀλλ’
3586 4073 3843 4150 ἀφράστῳ

2195 4166 2343 4244 χειρὶ
2377 4164 2823 4243 ἀποκαλυφθῆναι
2854 4161 2934 4237 τῷ
2962 4167 3123 4218 τοῦτο
3156 4160 3352 4217 εἰδέναι
3385 4161 3536 4234 ἀξίῳ.

2270 4262 2361 4314 XI.
2396 4255 2497 4312 Καὶ
2529 4255 2556 4309 ὁ
2589 4253 2776 4327 Σίμων
2820 4251 2943 4331 ἔφη·
2979 4250 3130 4307 Πολὺ
3177 4246 3549 4325 συμϐάλλεται
3603 4249 3740 4326 πρὸς
3771 4248 3845 4304 νί-

2198 4367 2299 4417 κην
2330 4349 2409 4418 τῷ
2438 4341 2771 4417 πολεμοῦντι
2802 4342 2864 4396 τὸ
2889 4339 3051 4403 ἰδίοις
3075 4342 3380 4417 χρήσασθαι
3413 4338 3631 4401 ὅπλοις.
3662 4342 3726 4393 "0
3745 4340 3845 4416 γὰρ

2201 4434 2352 4515 φιλεῖ
2399 4455 2502 4501 τις,
2549 4432 2637 4488 καὶ
2685 4430 2923 4509 γνησίως
2974 4426 3203 4485 ἐκδικεῖν
3234 4426 3474 4499 δύναται,
3520 4427 3759 4503 γνησίως
3792 4424 3850 4483 δὲ

2204 4522 2583 4597 έκδικούμενον
2635 4520 2697 4576 οὗ
2743 4522 2842 4590 τὴν
2889 4523 3161 4595 τυχοῦσαν
3214 4516 3370 4593 ἰσχὺν
3425 4515 3562 4593 ἔχει.
3616 4518 3709 4572 Διὸ
3753 4520 3848 4570 τοῦ

450 4614 645 4671 habet.
682 4617 813 4671 Ideo
842 4617 1116 4690 deinceps
1150 4618 1304 4689 quod
1348 4634 1477 4673 vere
1536 4618 1723 4674 sentio
1780 4634 2062 4690 exponam

2207 4613 2404 4671 λοιποῦ
2435 4612 2565 4687 ὅπερ
2598 4607 2767 4673 ὄντως
2799 4614 2981 4689 φρονῶ
3014 4606 3337 4681 ἐκθήσομαι.
3363 4607 3519 4681 Φημί
3550 4626 3668 4661 τινα
3693 4603 3847 4660 δύνα-

452 4704 558 4761 Aio
610 4707 925 4776 quamdam
974 4707 1035 4762 in
1069 4709 1296 4764 arcanis
1327 4706 1601 4763 virtutem
1660 4723 1809 4773 esse,
1865 4706 2096 4763 cunctis

2212 4725 2302 4778 μιν
2334 4702 2383 4758 έν
2418 4701 2751 4779 ἀπορρήτοις
2806 4699 2937 4754 εἶναι
2991 4695 3262 4773 ἄγνωστον
3303 4702 3455 4767 πᾶσι,
3483 4696 3573 4750 καὶ
3604 4694 3750 4767 αὐτῷ
3776 4697 3853 4765 τῷ

451 4793 733 4868 ignotam,
767 4795 881 4867 ipsi
913 4813 1146 4869 quoque
1174 4798 1382 4853 mundi
1432 4796 1648 4869 opiﬁci,
1707 4796 1861 4851 sicut
1888 4800 1945 4851 et
1974 4796 2064 4867 ips

2209 4791 2555 4868 δημιουργῷ,
2588 4790 2664 4853 ὡς
2708 4789 2798 4844 καὶ
2847 4787 3007 4849 αὐτὸς
3041 4787 3070 4841 6
3101 4786 3313 4857 Ἰησοῦς
3347 4781 3577 4858 εἴρηκεν,
3608 4783 3707 4839 οὐκ
3736 4782 3854 4837 ἐπι-

450 4884 480 4941 J
489 4901 623 4941 esus
639 4885 1079 4957 dixit,nesciens
1104 4886 1241 4959 quid
1257 4885 1916 4958 loqueretur.Interdum
1938 4883 2094 4940 enim

454 4988 526 5029 ex
563 4973 933 5047 multiloquio
982 4975 1194 5048 aliquis
1245 4991 1488 5048 scopum
1532 4973 1792 5030 veritatis
1839 4973 2094 5045 attingit,

457 5064 738 5136 ignorans
769 5064 908 5136 quid
940 5063 1386 5137 dicat.Intelligo
1418 5068 1612 5120 autem
1638 5068 1695 5119 et
1716 5064 1786 5120 de
1817 5062 2099 5133 illo,quod

2208 4881 2473 4954 στάμενος
2525 4881 2555 4935 ’ὀ
2595 4876 2901 4955 ἐφθέγξατο.
2955 4877 3050 4932 Ἐκ
3091 4871 3440 4934 πολυλαλιᾶς
3467 4874 3514 4910 ⁸⁵
3556 4872 3661 4948 γὰρ
3694 4870 3856 4927 ἐνίοτε

2210 4970 2462 5047 εὖστοχεῖ
2488 4989 2571 5031 τις
2603 4967 2742 5043 πρὸς
2760 4965 2824 5022 τὸ
2856 4963 3079 5035 ἀληθές,
3112 4962 3211 5018 οὐκ
3240 4959 3400 5024 εἰδὼς
3431 4962 3461 5018 ’ὀ
3492 4960 3661 5037 λέγει.
3700 4960 3855 5035 Λέγω

2370 5059 2383 5076 \
2524 5058 2539 5078 ἱ
2667 5056 2680 5077 Ι
2870 5054 2899 5075 τ’
2979 5051 3005 5075 ,Ι
3278 5050 3291 5071 9
3369 5050 3382 5069 \
3479 5047 3489 5068 ί
3671 5050 3686 5067 \

2210 5057 2269 5116 δὲ
2298 5081 2386 5115 και
2417 5078 2540 5135 περι
2586 5076 2806 5123 τουτου,
2838 5075 2901 5110 ου
2952 5070 3186 5131 ειρηκεν’
3225 5048 3417 5113 Ουδεις
3464 5050 3604 5126 ἓγνω
3632 5070 3723 5105 τον
3757 5054 3859 5103 Πα-

464 5153 865 5226 pronuntiavit
898 5170 911 5209 :
946 5156 1111 5211 Nemo
1139 5156 1290 5210 novit
1324 5136 1573 5209 Patrem.
1622 5153 1692 5208 Et
1734 5152 1938 5209 Petrus
1973 5168 1985 5208 :
2019 5151 2066 5207 N

2207 5150 2357 5225 τέρα.
2411 5148 2514 5206 Καὶ
2560 5147 2589 5203 6
2642 5144 2872 5222 Πέτρος·
2926 5142 3002 5199 Σὺ
3048 5142 3115 5198 τά
3165 5139 3372 5197 ἐκείνου
3424 5136 3617 5196 εἰδέναι
3664 5137 3857 5212 μηκέτι

1802 5312 2045 5368 VARl/E
2084 5309 2499 5368 LECTIONES.

532 5444 575 5484 ἰδ
607 5443 705 5497 οὐκ
734 5443 823 5497 οῦν
856 5443 917 5498 C.
977 5444 1021 5479 ⁷⁵
1050 5443 1184 5499 Post
1214 5446 1353 5495 πᾶσα
1385 5442 1443 5497 in
1475 5442 1518 5497 Ο
1550 5441 1901 5512 repetuntur
1921 5438 2052 5512 vbb.
2086 5434 2242 5512 αὐτὸν
2290 5431 2483 5512 εἷ’δέναι
2527 5430 2642 5512 τρν.
2666 5429 2889 5512 ἑκάστου
2910 5430 3061 5512 ’γοῦν
3083 5423 3195 5512 ’ίνα,
3239 5425 3337 5481 sed
3370 5425 3675 5512 expurget-1:.
3707 5423 3760 5511 77,
3780 5420 3861 5512 ad-

464 5493 840 5599 λόγωι-δέει
864 5493 923 5569 ῖιλ
958 5516 1022 5572 ο.
1050 5493 1442 5597 crassas?
1471 5493 1804 5599 piratae
2200 5508 2327 5599 ρ
2377 5506 2467 5574 οη
2519 5500 2777 5599 οὐχὶ
2819 5502 2885 5599 θλ
2910 5500 2955 5599 ⁷2
2988 5493 3863 5599 ξῗῖξε.ἶί³ἓ1ἳ⁶ἱ⁰3..ἓῑ.

465 5571 732 5655 οοόλξϐ..
769 5585 949 5645 αὐτοῖς
975 5571 1059 5640 id.
1095 5586 1149 5640 in
1186 5571 1339 5641 textu
1375 5571 1440 5641 ut
1468 5584 1532 5640 Ο.
1566 5583 1789 5655 Deinde
1814 5577 2166 5655 χαλεπαίνεις
2202 5580 2244 5655 Q
2276 5585 2333 5634 et
2360 5595 2427 5634 ex
2453 5571 2705 5655 conject.
2739 5572 2824 5639 C.,
2856 5571 2971 5655 cuj.
3010 5576 3199 5627 textus
3250 5588 3325 5655 χα

3368 5562 3618 5623 επαίνειν.
3650 5566 3692 5602 ⁸¹
3727 5562 3866 5620 ἀλλα

464 5638 1338 5715 bii—"2'51152.0.79'3Proilitteris
1383 5638 1527 5711 ποκα
1572 5638 1729 5712 vocis
1770 5638 2171 5708 ἁτῗοκκλύπτειν
2201 5652 2261 5707 in
2310 5656 2374 5706 υ.
2408 5638 2662 5722 spatium
2707 5638 2948 5718 apparet
2994 5638 3381 5700 vacuuml'lta
3422 5639 3594 5714 paulo
3641 5642 3793 5712 post.
3823 5638 3867 5674 ⁸⁴

459 5728 803 5808 πολυλογίας
834 5732 898 5788 Ο.
