  <div class='ocr_page' id='page_1' title='image "/cluster/home/n/w/nwhite01/storage/ocr_20150623/2/hvd.32044073501421/218.png"; bbox 0 0 4140 6344; ppageno 0'>
   <div class='ocr_carea' id='block_1_1' title="bbox 256 453 383 512">
    <p class='ocr_par' dir='ltr' id='par_1_1' title="bbox 256 453 383 512">
     <span class='ocr_line' id='line_1_1' title="bbox 256 453 383 512; baseline -0.008 0"><span class='ocrx_word' id='word_1_1' title='bbox 256 453 383 512; x_wconf 73' lang='lat' dir='ltr'>M3</span> 
     </span>
    </p>
   </div>
   <div class='ocr_carea' id='block_1_2' title="bbox 1337 448 2611 514">
    <p class='ocr_par' dir='ltr' id='par_1_2' title="bbox 1337 448 2611 514">
     <span class='ocr_line' id='line_1_2' title="bbox 1337 448 2611 514; baseline -0.005 0"><span class='ocrx_word' id='word_1_2' title='bbox 1337 451 1863 514; x_wconf 82' lang='lat' dir='ltr'>CLEMENTINA.</span> <span class='ocrx_word' id='word_1_3' title='bbox 1900 483 1975 492; x_wconf 97' lang='lat'><strong>—</strong></span> <span class='ocrx_word' id='word_1_4' title='bbox 2016 448 2344 509; x_wconf 79' lang='lat' dir='ltr'>HOMILIA</span> <span class='ocrx_word' id='word_1_5' title='bbox 2390 449 2611 509; x_wconf 80' lang='lat' dir='ltr'>XVIII.</span> 
     </span>
    </p>
   </div>
   <div class='ocr_carea' id='block_1_3' title="bbox 3562 449 3680 507">
    <p class='ocr_par' dir='ltr' id='par_1_3' title="bbox 3562 449 3680 507">
     <span class='ocr_line' id='line_1_3' title="bbox 3562 449 3680 507; baseline 0 -1"><span class='ocrx_word' id='word_1_6' title='bbox 3562 449 3680 507; x_wconf 75' lang='grc'>414</span> 
     </span>
    </p>
   </div>
   <div class='ocr_carea' id='block_1_4' title="bbox 263 580 1923 657">
    <p class='ocr_par' dir='ltr' id='par_1_4' title="bbox 263 580 1914 657">
     <span class='ocr_line' id='line_1_4' title="bbox 263 580 1914 657; baseline -0.004 -18"><span class='ocrx_word' id='word_1_7' title='bbox 263 581 640 657; x_wconf 70' lang='grc' dir='ltr'>ἱπαγγέλλου.</span> <span class='ocrx_word' id='word_1_8' title='bbox 676 585 773 638; x_wconf 79' lang='grc' dir='ltr'>Καὶ</span> <span class='ocrx_word' id='word_1_9' title='bbox 814 584 841 638; x_wconf 86' lang='grc' dir='ltr'>ὁ</span> <span class='ocrx_word' id='word_1_10' title='bbox 894 583 1081 657; x_wconf 81' lang='grc' dir='ltr'>Σίμων</span> <span class='ocrx_word' id='word_1_11' title='bbox 1122 587 1185 621; x_wconf 69' lang='lat'>3&#39;5-</span> <span class='ocrx_word' id='word_1_12' title='bbox 1238 584 1312 638; x_wconf 78' lang='grc' dir='ltr'>Τά</span> <span class='ocrx_word' id='word_1_13' title='bbox 1359 583 1560 639; x_wconf 80' lang='grc' dir='ltr'>ἐκείνου</span> <span class='ocrx_word' id='word_1_14' title='bbox 1607 582 1707 636; x_wconf 76' lang='grc' dir='ltr'>οὐκ</span> <span class='ocrx_word' id='word_1_15' title='bbox 1754 580 1914 654; x_wconf 79' lang='grc' dir='ltr'>ἐπαγ-</span> 
     </span>
    </p>
   </div>
   <div class='ocr_carea' id='block_1_5' title="bbox 2038 580 3678 657">
    <p class='ocr_par' dir='ltr' id='par_1_5' title="bbox 2038 580 3678 651">
     <span class='ocr_line' id='line_1_5' title="bbox 2038 580 3678 651; baseline 0 -16"><span class='ocrx_word' id='word_1_16' title='bbox 2038 580 2286 651; x_wconf 86' lang='lat' dir='ltr'>amplius</span> <span class='ocrx_word' id='word_1_17' title='bbox 2319 582 2726 650; x_wconf 77' lang='lat' dir='ltr'>proﬁtearis,te</span> <span class='ocrx_word' id='word_1_18' title='bbox 2755 580 2913 636; x_wconf 88' lang='lat' dir='ltr'>illius</span> <span class='ocrx_word' id='word_1_19' title='bbox 2947 581 3266 636; x_wconf 73' lang='lat' dir='ltr'>doctrinam</span> <span class='ocrx_word' id='word_1_20' title='bbox 3302 596 3678 651; x_wconf 80' lang='lat' dir='ltr'>cognoscere,</span> 
     </span>
    </p>
   </div>
   <div class='ocr_carea' id='block_1_6' title="bbox 261 668 1921 748">
    <p class='ocr_par' dir='ltr' id='par_1_6' title="bbox 261 668 1921 748">
     <span class='ocr_line' id='line_1_6' title="bbox 261 668 1921 748; baseline -0.002 -21"><span class='ocrx_word' id='word_1_21' title='bbox 261 673 549 747; x_wconf 71' lang='grc' dir='ltr'>γέλλομαι</span> <span class='ocrx_word' id='word_1_22' title='bbox 581 672 871 745; x_wconf 74' lang='grc' dir='ltr'>πιστεύειν,</span> <span class='ocrx_word' id='word_1_23' title='bbox 906 672 982 735; x_wconf 81' lang='grc' dir='ltr'>εἷς</span> <span class='ocrx_word' id='word_1_24' title='bbox 1033 671 1091 727; x_wconf 68' lang='grc' dir='ltr'>δὲ</span> <span class='ocrx_word' id='word_1_25' title='bbox 1136 674 1204 728; x_wconf 72' lang='grc' dir='ltr'>τὰ</span> <span class='ocrx_word' id='word_1_26' title='bbox 1250 673 1633 748; x_wconf 79' lang='grc' dir='ltr'>ἐπιτευχθέντα</span> <span class='ocrx_word' id='word_1_27' title='bbox 1684 672 1729 706; x_wconf 76' lang='grc'><strong>⁸⁸</strong></span> <span class='ocrx_word' id='word_1_28' title='bbox 1777 668 1921 740; x_wconf 83' lang='grc' dir='ltr'>αύτῴ</span> 
     </span>
    </p>
   </div>
   <div class='ocr_carea' id='block_1_7' title="bbox 264 757 1920 839">
    <p class='ocr_par' dir='ltr' id='par_1_7' title="bbox 264 757 1920 839">
     <span class='ocr_line' id='line_1_7' title="bbox 264 757 1920 839; baseline -0.004 -22"><span class='ocrx_word' id='word_1_29' title='bbox 264 760 595 839; x_wconf 77' lang='grc' dir='ltr'>διαλέγομαί</span> <span class='ocrx_word' id='word_1_30' title='bbox 628 784 736 819; x_wconf 89' lang='grc' dir='ltr'>σοι.</span> <span class='ocrx_word' id='word_1_31' title='bbox 770 762 870 818; x_wconf 82' lang='grc' dir='ltr'>Καὶ</span> <span class='ocrx_word' id='word_1_32' title='bbox 902 763 929 817; x_wconf 98' lang='lat'>6</span> <span class='ocrx_word' id='word_1_33' title='bbox 966 764 1186 839; x_wconf 86' lang='grc' dir='ltr'>Πέτρος·</span> <span class='ocrx_word' id='word_1_34' title='bbox 1220 764 1336 817; x_wconf 78' lang='grc' dir='ltr'>Ἵνα</span> <span class='ocrx_word' id='word_1_35' title='bbox 1367 763 1439 835; x_wconf 80' lang='grc' dir='ltr'>μή</span> <span class='ocrx_word' id='word_1_36' title='bbox 1475 781 1559 815; x_wconf 91' lang='grc' dir='ltr'>σοι</span> <span class='ocrx_word' id='word_1_37' title='bbox 1591 757 1668 813; x_wconf 79' lang='grc' dir='ltr'>δῶ</span> <span class='ocrx_word' id='word_1_38' title='bbox 1711 758 1920 835; x_wconf 76' lang='grc' dir='ltr'>πρόφα-</span> 
     </span>
    </p>
   </div>
   <div class='ocr_carea' id='block_1_8' title="bbox 266 847 1924 930">
    <p class='ocr_par' dir='ltr' id='par_1_8' title="bbox 266 847 1924 930">
     <span class='ocr_line' id='line_1_8' title="bbox 266 847 1924 930; baseline -0.004 -24"><span class='ocrx_word' id='word_1_39' title='bbox 266 874 348 906; x_wconf 84' lang='grc' dir='ltr'>σιν</span> <span class='ocrx_word' id='word_1_40' title='bbox 379 851 460 913; x_wconf 76' lang='grc' dir='ltr'>εἰς</span> <span class='ocrx_word' id='word_1_41' title='bbox 494 854 693 930; x_wconf 73' lang='grc' dir='ltr'>φυγήν,</span> <span class='ocrx_word' id='word_1_42' title='bbox 726 854 950 922; x_wconf 74' lang='grc' dir='ltr'>ζητήσω</span> <span class='ocrx_word' id='word_1_43' title='bbox 982 873 1063 907; x_wconf 90' lang='grc' dir='ltr'>σοι</span> <span class='ocrx_word' id='word_1_44' title='bbox 1098 851 1175 913; x_wconf 81' lang='grc' dir='ltr'>ὡς</span> <span class='ocrx_word' id='word_1_45' title='bbox 1225 850 1419 915; x_wconf 85' lang='grc' dir='ltr'>θέλεις.</span> <span class='ocrx_word' id='word_1_46' title='bbox 1453 848 1603 918; x_wconf 72' lang='grc' dir='ltr'>Πλὴν</span> <span class='ocrx_word' id='word_1_47' title='bbox 1658 847 1924 923; x_wconf 83' lang='grc' dir='ltr'>μαρτύρο-</span> 
     </span>
    </p>
   </div>
   <div class='ocr_carea' id='block_1_9' title="bbox 270 935 1918 1019">
    <p class='ocr_par' dir='ltr' id='par_1_9' title="bbox 270 935 1918 1019">
     <span class='ocr_line' id='line_1_9' title="bbox 270 935 1918 1019; baseline -0.002 -24"><span class='ocrx_word' id='word_1_48' title='bbox 270 962 367 1014; x_wconf 80' lang='grc' dir='ltr'>μαι</span> <span class='ocrx_word' id='word_1_49' title='bbox 399 942 601 1003; x_wconf 89' lang='grc' dir='ltr'>πάντας</span> <span class='ocrx_word' id='word_1_50' title='bbox 633 940 715 995; x_wconf 78' lang='grc' dir='ltr'>ὅτι</span> <span class='ocrx_word' id='word_1_51' title='bbox 747 939 872 995; x_wconf 75' lang='grc' dir='ltr'>οὐδὲ</span> <span class='ocrx_word' id='word_1_52' title='bbox 901 942 959 996; x_wconf 84' lang='grc' dir='ltr'>’ὀν</span> <span class='ocrx_word' id='word_1_53' title='bbox 990 938 1083 995; x_wconf 79' lang='grc' dir='ltr'>νῦν</span> <span class='ocrx_word' id='word_1_54' title='bbox 1112 938 1245 1019; x_wconf 75' lang='grc' dir='ltr'>ἔφης</span> <span class='ocrx_word' id='word_1_55' title='bbox 1302 939 1467 1014; x_wconf 87' lang='grc' dir='ltr'>λόγον</span> <span class='ocrx_word' id='word_1_56' title='bbox 1518 937 1580 993; x_wconf 83' lang='grc' dir='ltr'>ού</span> <span class='ocrx_word' id='word_1_57' title='bbox 1627 935 1918 997; x_wconf 77' lang='grc' dir='ltr'>πιστεύεις.</span> 
     </span>
    </p>
   </div>
   <div class='ocr_carea' id='block_1_10' title="bbox 268 1023 1921 1107">
    <p class='ocr_par' dir='ltr' id='par_1_10' title="bbox 268 1023 1921 1107">
     <span class='ocr_line' id='line_1_10' title="bbox 268 1023 1921 1107; baseline -0.002 -25"><span class='ocrx_word' id='word_1_58' title='bbox 268 1029 408 1088; x_wconf 69' lang='grc' dir='ltr'>Οἶδα</span> <span class='ocrx_word' id='word_1_59' title='bbox 448 1033 492 1066; x_wconf 76' lang='grc'>⁸⁷</span> <span class='ocrx_word' id='word_1_60' title='bbox 540 1032 641 1105; x_wconf 77' lang='grc' dir='ltr'>γὰρ</span> <span class='ocrx_word' id='word_1_61' title='bbox 690 1029 724 1083; x_wconf 83' lang='grc' dir='ltr'>ἀ</span> <span class='ocrx_word' id='word_1_62' title='bbox 762 1035 996 1107; x_wconf 69' lang='grc' dir='ltr'>φρονεῖς.</span> <span class='ocrx_word' id='word_1_63' title='bbox 1032 1029 1134 1086; x_wconf 85' lang='grc' dir='ltr'>Καὶ</span> <span class='ocrx_word' id='word_1_64' title='bbox 1185 1031 1337 1087; x_wconf 72' lang='grc'>362</span> <span class='ocrx_word' id='word_1_65' title='bbox 1381 1027 1473 1081; x_wconf 73' lang='grc' dir='ltr'>’ἱνα</span> <span class='ocrx_word' id='word_1_66' title='bbox 1525 1028 1598 1100; x_wconf 79' lang='grc' dir='ltr'>μή</span> <span class='ocrx_word' id='word_1_67' title='bbox 1655 1046 1720 1100; x_wconf 90' lang='grc' dir='ltr'>με</span> <span class='ocrx_word' id='word_1_68' title='bbox 1768 1023 1921 1098; x_wconf 74' lang='grc' dir='ltr'>δόξῃς</span> 
     </span>
    </p>
   </div>
   <div class='ocr_carea' id='block_1_11' title="bbox 268 1113 1921 1193">
    <p class='ocr_par' dir='ltr' id='par_1_11' title="bbox 268 1113 1921 1193">
     <span class='ocr_line' id='line_1_11' title="bbox 268 1113 1921 1193; baseline -0.002 -20"><span class='ocrx_word' id='word_1_69' title='bbox 268 1117 580 1191; x_wconf 69' lang='grc' dir='ltr'>ψεύδεσθαι,</span> <span class='ocrx_word' id='word_1_70' title='bbox 611 1118 894 1192; x_wconf 76' lang='grc' dir='ltr'>ἀνοίξομαί</span> <span class='ocrx_word' id='word_1_71' title='bbox 924 1140 1010 1175; x_wconf 92' lang='grc' dir='ltr'>σοι</span> <span class='ocrx_word' id='word_1_72' title='bbox 1038 1120 1107 1174; x_wconf 88' lang='grc' dir='ltr'>τά</span> <span class='ocrx_word' id='word_1_73' title='bbox 1151 1118 1236 1193; x_wconf 74' lang='grc' dir='ltr'>σά,</span> <span class='ocrx_word' id='word_1_74' title='bbox 1258 1116 1351 1173; x_wconf 66' lang='grc' dir='ltr'>’ἱνα</span> <span class='ocrx_word' id='word_1_75' title='bbox 1399 1113 1545 1191; x_wconf 78' lang='grc' dir='ltr'>εἰδῇς</span> <span class='ocrx_word' id='word_1_76' title='bbox 1578 1118 1623 1153; x_wconf 78' lang='grc'>⁸⁸</span> <span class='ocrx_word' id='word_1_77' title='bbox 1656 1114 1737 1170; x_wconf 80' lang='grc' dir='ltr'>ὅτι</span> <span class='ocrx_word' id='word_1_78' title='bbox 1785 1115 1921 1189; x_wconf 88' lang='grc' dir='ltr'>πρὸς</span> 
     </span>
    </p>
   </div>
   <div class='ocr_carea' id='block_1_12' title="bbox 269 1203 729 1282">
    <p class='ocr_par' dir='ltr' id='par_1_12' title="bbox 269 1203 729 1282">
     <span class='ocr_line' id='line_1_12' title="bbox 269 1203 729 1282; baseline -0.004 -21"><span class='ocrx_word' id='word_1_79' title='bbox 269 1203 455 1261; x_wconf 76' lang='grc' dir='ltr'>εἰδότα</span> <span class='ocrx_word' id='word_1_80' title='bbox 485 1203 729 1282; x_wconf 79' lang='grc' dir='ltr'>διαλέγῃ.</span> 
     </span>
    </p>
   </div>
   <div class='ocr_carea' id='block_1_13' title="bbox 335 1380 1925 1459">
    <p class='ocr_par' dir='ltr' id='par_1_13' title="bbox 335 1380 1925 1459">
     <span class='ocr_line' id='line_1_13' title="bbox 335 1380 1925 1459; baseline -0.003 -20"><span class='ocrx_word' id='word_1_81' title='bbox 335 1390 455 1441; x_wconf 81' lang='lat' dir='ltr'><strong>XII.</strong></span> <span class='ocrx_word' id='word_1_82' title='bbox 488 1385 704 1457; x_wconf 83' lang='grc' dir='ltr'>Ἡμεῖς,</span> <span class='ocrx_word' id='word_1_83' title='bbox 738 1385 783 1438; x_wconf 77' lang='grc' dir='ltr'>ὦ</span> <span class='ocrx_word' id='word_1_84' title='bbox 818 1383 1031 1457; x_wconf 84' lang='grc' dir='ltr'>Σίμων,</span> <span class='ocrx_word' id='word_1_85' title='bbox 1064 1384 1124 1439; x_wconf 75' lang='grc' dir='ltr'>ἐκ</span> <span class='ocrx_word' id='word_1_86' title='bbox 1165 1390 1264 1453; x_wconf 80' lang='grc' dir='ltr'>τῆς</span> <span class='ocrx_word' id='word_1_87' title='bbox 1323 1383 1571 1459; x_wconf 80' lang='grc' dir='ltr'>μεγάλης</span> <span class='ocrx_word' id='word_1_88' title='bbox 1622 1380 1925 1454; x_wconf 81' lang='grc' dir='ltr'>δυνάμεως,</span> 
     </span>
    </p>
   </div>
   <div class='ocr_carea' id='block_1_14' title="bbox 260 1469 1927 1549">
    <p class='ocr_par' dir='ltr' id='par_1_14' title="bbox 260 1469 1927 1549">
     <span class='ocr_line' id='line_1_14' title="bbox 260 1469 1927 1549; baseline -0.002 -20"><span class='ocrx_word' id='word_1_89' title='bbox 260 1472 339 1529; x_wconf 80' lang='grc' dir='ltr'>ἔτι</span> <span class='ocrx_word' id='word_1_90' title='bbox 371 1494 433 1529; x_wconf 83' lang='grc' dir='ltr'>τε</span> <span class='ocrx_word' id='word_1_91' title='bbox 463 1474 552 1528; x_wconf 81' lang='grc' dir='ltr'>καὶ</span> <span class='ocrx_word' id='word_1_92' title='bbox 580 1480 682 1543; x_wconf 81' lang='grc' dir='ltr'>τῆς</span> <span class='ocrx_word' id='word_1_93' title='bbox 714 1474 905 1549; x_wconf 86' lang='grc' dir='ltr'>κυρίας</span> <span class='ocrx_word' id='word_1_94' title='bbox 938 1473 1265 1549; x_wconf 80' lang='grc' dir='ltr'>λεγομένης,</span> <span class='ocrx_word' id='word_1_95' title='bbox 1300 1473 1361 1528; x_wconf 77' lang='grc' dir='ltr'>ού</span> <span class='ocrx_word' id='word_1_96' title='bbox 1394 1472 1627 1548; x_wconf 87' lang='grc' dir='ltr'>λέγομεν</span> <span class='ocrx_word' id='word_1_97' title='bbox 1660 1469 1755 1525; x_wconf 84' lang='grc' dir='ltr'>δύο</span> <span class='ocrx_word' id='word_1_98' title='bbox 1799 1470 1927 1525; x_wconf 85' lang='grc' dir='ltr'>ἀπε-</span> 
     </span>
    </p>
   </div>
   <div class='ocr_carea' id='block_1_15' title="bbox 262 1559 1923 1637">
    <p class='ocr_par' dir='ltr' id='par_1_15' title="bbox 262 1559 1923 1637">
     <span class='ocr_line' id='line_1_15' title="bbox 262 1559 1923 1637; baseline -0.002 -20"><span class='ocrx_word' id='word_1_99' title='bbox 262 1562 495 1618; x_wconf 81' lang='grc' dir='ltr'>στάλθαι</span> <span class='ocrx_word' id='word_1_100' title='bbox 528 1563 817 1637; x_wconf 86' lang='grc' dir='ltr'>ἀγγέλους,</span> <span class='ocrx_word' id='word_1_101' title='bbox 845 1564 937 1617; x_wconf 87' lang='grc' dir='ltr'>τὸν</span> <span class='ocrx_word' id='word_1_102' title='bbox 975 1564 1066 1635; x_wconf 77' lang='grc' dir='ltr'>μὲν</span> <span class='ocrx_word' id='word_1_103' title='bbox 1102 1562 1189 1617; x_wconf 81' lang='grc' dir='ltr'>έπὶ</span> <span class='ocrx_word' id='word_1_104' title='bbox 1228 1567 1308 1634; x_wconf 81' lang='grc' dir='ltr'>τῷ</span> <span class='ocrx_word' id='word_1_105' title='bbox 1348 1562 1524 1616; x_wconf 78' lang='grc' dir='ltr'>κτίσαι</span> <span class='ocrx_word' id='word_1_106' title='bbox 1575 1561 1801 1633; x_wconf 82' lang='grc' dir='ltr'>κόσμον,</span> <span class='ocrx_word' id='word_1_107' title='bbox 1833 1559 1923 1613; x_wconf 85' lang='grc' dir='ltr'>τὸν</span> 
     </span>
    </p>
   </div>
   <div class='ocr_carea' id='block_1_16' title="bbox 262 1646 1925 1725">
    <p class='ocr_par' dir='ltr' id='par_1_16' title="bbox 262 1646 1925 1725">
     <span class='ocr_line' id='line_1_16' title="bbox 262 1646 1925 1725; baseline -0.001 -20"><span class='ocrx_word' id='word_1_108' title='bbox 262 1650 322 1707; x_wconf 74' lang='grc' dir='ltr'>δὲ</span> <span class='ocrx_word' id='word_1_109' title='bbox 351 1651 445 1707; x_wconf 74' lang='grc' dir='ltr'>ἐπὶ</span> <span class='ocrx_word' id='word_1_110' title='bbox 475 1653 556 1723; x_wconf 79' lang='grc' dir='ltr'>τῷ</span> <span class='ocrx_word' id='word_1_111' title='bbox 588 1653 770 1716; x_wconf 84' lang='grc' dir='ltr'>θέσθαι</span> <span class='ocrx_word' id='word_1_112' title='bbox 801 1652 890 1706; x_wconf 84' lang='grc' dir='ltr'>τὸν</span> <span class='ocrx_word' id='word_1_113' title='bbox 921 1652 1107 1725; x_wconf 87' lang='grc' dir='ltr'>νόμον·</span> <span class='ocrx_word' id='word_1_114' title='bbox 1144 1648 1257 1706; x_wconf 74' lang='grc' dir='ltr'>οὐδ’</span> <span class='ocrx_word' id='word_1_115' title='bbox 1297 1650 1379 1706; x_wconf 76' lang='grc' dir='ltr'>ὅτι</span> <span class='ocrx_word' id='word_1_116' title='bbox 1428 1651 1601 1705; x_wconf 81' lang='grc' dir='ltr'>αὐτῶν</span> <span class='ocrx_word' id='word_1_117' title='bbox 1630 1652 1674 1687; x_wconf 70' lang='grc'>⁸9</span> <span class='ocrx_word' id='word_1_118' title='bbox 1699 1646 1925 1711; x_wconf 72' lang='grc' dir='ltr'>ἕκαστος</span> 
     </span>
    </p>
   </div>
   <div class='ocr_carea' id='block_1_17' title="bbox 262 1737 1929 1810">
    <p class='ocr_par' dir='ltr' id='par_1_17' title="bbox 262 1737 1929 1810">
     <span class='ocr_line' id='line_1_17' title="bbox 262 1737 1929 1810; baseline -0.002 -15"><span class='ocrx_word' id='word_1_119' title='bbox 262 1740 469 1808; x_wconf 73' lang='grc' dir='ltr'>ἐλθὼν,</span> <span class='ocrx_word' id='word_1_120' title='bbox 501 1740 581 1794; x_wconf 64' lang='lat' dir='ltr'>éo’</span> <span class='ocrx_word' id='word_1_121' title='bbox 628 1742 711 1801; x_wconf 83' lang='grc' dir='ltr'>οἷς</span> <span class='ocrx_word' id='word_1_122' title='bbox 760 1740 1030 1810; x_wconf 76' lang='grc' dir='ltr'>ἐποίησεν,</span> <span class='ocrx_word' id='word_1_123' title='bbox 1064 1740 1137 1802; x_wconf 85' lang='grc' dir='ltr'>ὡς</span> <span class='ocrx_word' id='word_1_124' title='bbox 1187 1739 1346 1801; x_wconf 80' lang='grc' dir='ltr'>αὐτὸς</span> <span class='ocrx_word' id='word_1_125' title='bbox 1390 1737 1462 1794; x_wconf 79' lang='grc' dir='ltr'>ὢν</span> <span class='ocrx_word' id='word_1_126' title='bbox 1519 1740 1800 1809; x_wconf 73' lang='grc' dir='ltr'>αὐθέντης,</span> <span class='ocrx_word' id='word_1_127' title='bbox 1840 1737 1929 1791; x_wconf 86' lang='grc' dir='ltr'>αύ-</span> 
     </span>
    </p>
   </div>
   <div class='ocr_carea' id='block_1_18' title="bbox 262 1826 1927 1905">
    <p class='ocr_par' dir='ltr' id='par_1_18' title="bbox 262 1826 1927 1905">
     <span class='ocr_line' id='line_1_18' title="bbox 262 1826 1927 1905; baseline -0.003 -20"><span class='ocrx_word' id='word_1_128' title='bbox 262 1832 357 1885; x_wconf 76' lang='grc' dir='ltr'>τὸν</span> <span class='ocrx_word' id='word_1_129' title='bbox 417 1826 697 1905; x_wconf 74' lang='grc' dir='ltr'>ἤγγειλεν·</span> <span class='ocrx_word' id='word_1_130' title='bbox 732 1827 846 1884; x_wconf 81' lang='grc' dir='ltr'>οὐδ’</span> <span class='ocrx_word' id='word_1_131' title='bbox 877 1831 905 1884; x_wconf 88' lang='lat'>6</span> <span class='ocrx_word' id='word_1_132' title='bbox 947 1830 1113 1891; x_wconf 76' lang='grc' dir='ltr'>ἑστὼς</span> <span class='ocrx_word' id='word_1_133' title='bbox 1164 1832 1208 1867; x_wconf 68' lang='grc' dir='ltr'>⁸ο</span> <span class='ocrx_word' id='word_1_134' title='bbox 1256 1828 1587 1901; x_wconf 76' lang='grc' dir='ltr'>στησάμενος</span> <span class='ocrx_word' id='word_1_135' title='bbox 1625 1826 1927 1900; x_wconf 88' lang='grc' dir='ltr'>ἀντικείμε-</span> 
     </span>
    </p>
   </div>
   <div class='ocr_carea' id='block_1_19' title="bbox 265 1916 2006 2021">
    <p class='ocr_par' dir='ltr' id='par_1_19' title="bbox 265 1916 2006 2021">
     <span class='ocr_line' id='line_1_19' title="bbox 265 1916 2006 2021; baseline -0.001 -49"><span class='ocrx_word' id='word_1_136' title='bbox 265 1942 387 1981; x_wconf 87' lang='grc' dir='ltr'>νος.</span> <span class='ocrx_word' id='word_1_137' title='bbox 422 1919 591 1989; x_wconf 82' lang='grc' dir='ltr'>Μάθε,</span> <span class='ocrx_word' id='word_1_138' title='bbox 621 1923 739 1981; x_wconf 81' lang='grc' dir='ltr'>πῶς</span> <span class='ocrx_word' id='word_1_139' title='bbox 795 1918 1060 1986; x_wconf 82' lang='grc' dir='ltr'>ἀπιστεῖς,</span> <span class='ocrx_word' id='word_1_140' title='bbox 1091 1919 1180 1973; x_wconf 80' lang='grc' dir='ltr'>καὶ</span> <span class='ocrx_word' id='word_1_141' title='bbox 1235 1919 1334 1987; x_wconf 73' lang='grc' dir='ltr'>τὴν</span> <span class='ocrx_word' id='word_1_142' title='bbox 1397 1917 1648 1981; x_wconf 88' lang='grc' dir='ltr'>ὑπόθεσιν</span> <span class='ocrx_word' id='word_1_143' title='bbox 1701 1916 1923 1986; x_wconf 87' lang='grc' dir='ltr'>ταύτην.</span> <span class='ocrx_word' id='word_1_144' title='bbox 1958 1956 2006 2021; x_wconf 77' lang='grc' dir='ltr'><strong>Β</strong></span> 
     </span>
     <span class='ocr_line' id='line_1_20' title="bbox 265 2005 1800 2021; baseline 0 0"><span class='ocrx_word' id='word_1_145' title='bbox 265 2011 335 2021; x_wconf 91' lang='lat'>-_</span> <span class='ocrx_word' id='word_1_146' title='bbox 455 2007 468 2021; x_wconf 81' lang='lat'>.</span> <span class='ocrx_word' id='word_1_147' title='bbox 546 2006 603 2021; x_wconf 58' lang='grc' dir='ltr'>κ,</span> <span class='ocrx_word' id='word_1_148' title='bbox 824 2007 837 2021; x_wconf 80' lang='lat'>.</span> <span class='ocrx_word' id='word_1_149' title='bbox 923 2007 937 2021; x_wconf 84' lang='lat'><strong>.</strong></span> <span class='ocrx_word' id='word_1_150' title='bbox 1323 2007 1349 2021; x_wconf 65' lang='grc' dir='ltr'><strong>ν</strong></span> <span class='ocrx_word' id='word_1_151' title='bbox 1496 2009 1507 2021; x_wconf 94' lang='grc'><em>.</em></span> <span class='ocrx_word' id='word_1_152' title='bbox 1620 2006 1632 2021; x_wconf 85' lang='grc'><em>.</em></span> <span class='ocrx_word' id='word_1_153' title='bbox 1790 2005 1800 2021; x_wconf 90' lang='grc'><strong><em>.</em></strong></span> 
     </span>
    </p>
   </div>
   <div class='ocr_carea' id='block_1_20' title="bbox 263 2005 1923 2086">
    <p class='ocr_par' dir='ltr' id='par_1_20' title="bbox 263 2005 1923 2086">
     <span class='ocr_line' id='line_1_21' title="bbox 263 2005 1923 2086; baseline -0.009 -12"><span class='ocrx_word' id='word_1_154' title='bbox 263 2011 368 2065; x_wconf 76' lang='grc' dir='ltr'>Ἦν</span> <span class='ocrx_word' id='word_1_155' title='bbox 405 2007 511 2086; x_wconf 45' lang='lat' dir='ltr'>Qui:</span> <span class='ocrx_word' id='word_1_156' title='bbox 543 2006 769 2082; x_wconf 66' lang='grc' dir='ltr'>δύναμιν</span> <span class='ocrx_word' id='word_1_157' title='bbox 820 2007 871 2062; x_wconf 86' lang='grc' dir='ltr'>έν</span> <span class='ocrx_word' id='word_1_158' title='bbox 914 2007 1250 2084; x_wconf 65' lang='grc' dir='ltr'>ἀποῤῥήτοις</span> <span class='ocrx_word' id='word_1_159' title='bbox 1299 2007 1449 2075; x_wconf 69' lang='grc' dir='ltr'>εἶναι,</span> <span class='ocrx_word' id='word_1_160' title='bbox 1486 2006 1696 2082; x_wconf 83' lang='grc' dir='ltr'>ἀγνοίας</span> <span class='ocrx_word' id='word_1_161' title='bbox 1747 2005 1923 2082; x_wconf 88' lang='grc' dir='ltr'>γέμει.</span> 
     </span>
    </p>
   </div>
   <div class='ocr_carea' id='block_1_21' title="bbox 263 2094 1922 2174">
    <p class='ocr_par' dir='ltr' id='par_1_21' title="bbox 263 2094 1922 2174">
     <span class='ocr_line' id='line_1_22' title="bbox 263 2094 1922 2174; baseline -0.002 -21"><span class='ocrx_word' id='word_1_162' title='bbox 263 2100 381 2167; x_wconf 74' lang='grc' dir='ltr'>Τὴν</span> <span class='ocrx_word' id='word_1_163' title='bbox 410 2100 514 2174; x_wconf 77' lang='grc' dir='ltr'>γὰρ</span> <span class='ocrx_word' id='word_1_164' title='bbox 566 2097 961 2173; x_wconf 79' lang='grc' dir='ltr'>ἀγνωμοσύνην</span> <span class='ocrx_word' id='word_1_165' title='bbox 1010 2102 1117 2151; x_wconf 83' lang='grc' dir='ltr'>τῶν</span> <span class='ocrx_word' id='word_1_166' title='bbox 1178 2097 1265 2152; x_wconf 86' lang='grc' dir='ltr'>ὑπ’</span> <span class='ocrx_word' id='word_1_167' title='bbox 1298 2096 1462 2166; x_wconf 76' lang='grc' dir='ltr'>αὐτῆς</span> <span class='ocrx_word' id='word_1_168' title='bbox 1512 2094 1922 2151; x_wconf 81' lang='grc' dir='ltr'>ἀποσταλέντων</span> 
     </span>
    </p>
   </div>
   <div class='ocr_carea' id='block_1_22' title="bbox 264 2185 1924 2264">
    <p class='ocr_par' dir='ltr' id='par_1_22' title="bbox 264 2185 1924 2264">
     <span class='ocr_line' id='line_1_23' title="bbox 264 2185 1924 2264; baseline -0.002 -22"><span class='ocrx_word' id='word_1_169' title='bbox 264 2186 522 2264; x_wconf 87' lang='grc' dir='ltr'>ἀγγέλων</span> <span class='ocrx_word' id='word_1_170' title='bbox 576 2187 639 2241; x_wconf 80' lang='grc' dir='ltr'>ού</span> <span class='ocrx_word' id='word_1_171' title='bbox 688 2185 1105 2263; x_wconf 87' lang='grc' dir='ltr'>προεγίνωσκεν.</span> <span class='ocrx_word' id='word_1_172' title='bbox 1140 2187 1237 2241; x_wconf 82' lang='grc' dir='ltr'>Καὶ</span> <span class='ocrx_word' id='word_1_173' title='bbox 1270 2187 1297 2240; x_wconf 89' lang='lat'>6</span> <span class='ocrx_word' id='word_1_174' title='bbox 1332 2186 1539 2259; x_wconf 82' lang='grc' dir='ltr'>Σίμων,</span> <span class='ocrx_word' id='word_1_175' title='bbox 1569 2189 1670 2239; x_wconf 71' lang='grc' dir='ltr'>τοῦ</span> <span class='ocrx_word' id='word_1_176' title='bbox 1720 2186 1924 2261; x_wconf 84' lang='grc' dir='ltr'>Πέτρου</span> 
     </span>
    </p>
   </div>
   <div class='ocr_carea' id='block_1_23' title="bbox 259 2273 1923 2352">
    <p class='ocr_par' dir='ltr' id='par_1_23' title="bbox 259 2273 1923 2352">
     <span class='ocr_line' id='line_1_24' title="bbox 259 2273 1923 2352; baseline -0.001 -21"><span class='ocrx_word' id='word_1_177' title='bbox 259 2282 436 2331; x_wconf 71' lang='grc' dir='ltr'>ταῦτα</span> <span class='ocrx_word' id='word_1_178' title='bbox 466 2276 749 2351; x_wconf 86' lang='grc' dir='ltr'>λέγοντος,</span> <span class='ocrx_word' id='word_1_179' title='bbox 788 2274 1042 2351; x_wconf 80' lang='grc' dir='ltr'>μεγάλως</span> <span class='ocrx_word' id='word_1_180' title='bbox 1079 2274 1345 2352; x_wconf 83' lang='grc' dir='ltr'>ὀργισθεὶς</span> <span class='ocrx_word' id='word_1_181' title='bbox 1396 2274 1624 2348; x_wconf 75' lang='grc' dir='ltr'>έπέκοψε</span> <span class='ocrx_word' id='word_1_182' title='bbox 1674 2273 1923 2349; x_wconf 88' lang='grc' dir='ltr'>λέγοντα,</span> 
     </span>
    </p>
   </div>
   <div class='ocr_carea' id='block_1_24' title="bbox 262 2362 1923 2442">
    <p class='ocr_par' dir='ltr' id='par_1_24' title="bbox 262 2362 1923 2442">
     <span class='ocr_line' id='line_1_25' title="bbox 262 2362 1923 2442; baseline -0.001 -23"><span class='ocrx_word' id='word_1_183' title='bbox 262 2364 456 2420; x_wconf 72' lang='grc' dir='ltr'>εἰπών’</span> <span class='ocrx_word' id='word_1_184' title='bbox 508 2365 570 2419; x_wconf 89' lang='grc' dir='ltr'>Τί</span> <span class='ocrx_word' id='word_1_185' title='bbox 622 2364 905 2442; x_wconf 68' lang='grc' dir='ltr'>φλυαρεῖς,</span> <span class='ocrx_word' id='word_1_186' title='bbox 946 2364 1197 2441; x_wconf 77' lang='grc' dir='ltr'>τολμηρὲ</span> <span class='ocrx_word' id='word_1_187' title='bbox 1259 2364 1347 2418; x_wconf 85' lang='grc' dir='ltr'>καὶ</span> <span class='ocrx_word' id='word_1_188' title='bbox 1398 2363 1611 2419; x_wconf 86' lang='grc' dir='ltr'>πάντων</span> <span class='ocrx_word' id='word_1_189' title='bbox 1658 2362 1923 2437; x_wconf 81' lang='grc' dir='ltr'>προπετέ-</span> 
     </span>
    </p>
   </div>
   <div class='ocr_carea' id='block_1_25' title="bbox 260 2449 1925 2530">
    <p class='ocr_par' dir='ltr' id='par_1_25' title="bbox 260 2449 1925 2530">
     <span class='ocr_line' id='line_1_26' title="bbox 260 2449 1925 2530; baseline -0.002 -21"><span class='ocrx_word' id='word_1_190' title='bbox 260 2454 565 2524; x_wconf 80' lang='grc' dir='ltr'>στατε,έπ’</span> <span class='ocrx_word' id='word_1_191' title='bbox 626 2449 815 2529; x_wconf 76' lang='grc' dir='ltr'>ὄχλων</span> <span class='ocrx_word' id='word_1_192' title='bbox 876 2452 1088 2526; x_wconf 78' lang='grc' dir='ltr'>εὐμαθῆ</span> <span class='ocrx_word' id='word_1_193' title='bbox 1147 2456 1189 2491; x_wconf 81' lang='grc'>⁹¹</span> <span class='ocrx_word' id='word_1_194' title='bbox 1253 2451 1516 2530; x_wconf 65' lang='grc' dir='ltr'>έκφαίνων</span> <span class='ocrx_word' id='word_1_195' title='bbox 1568 2452 1811 2528; x_wconf 79' lang='grc' dir='ltr'>ἀτεχνῶς</span> <span class='ocrx_word' id='word_1_196' title='bbox 1858 2454 1925 2507; x_wconf 83' lang='grc' dir='ltr'>τά</span> 
     </span>
    </p>
   </div>
   <div class='ocr_carea' id='block_1_26' title="bbox 260 2540 1923 2618">
    <p class='ocr_par' dir='ltr' id='par_1_26' title="bbox 260 2540 1923 2618">
     <span class='ocr_line' id='line_1_27' title="bbox 260 2540 1923 2618; baseline -0.001 -22"><span class='ocrx_word' id='word_1_197' title='bbox 260 2542 594 2617; x_wconf 58' lang='grc' dir='ltr'>ἀπόρῥητεη</span> <span class='ocrx_word' id='word_1_198' title='bbox 645 2542 749 2599; x_wconf 76' lang='grc' dir='ltr'>Καὶ</span> <span class='ocrx_word' id='word_1_199' title='bbox 800 2542 827 2596; x_wconf 90' lang='lat'>6</span> <span class='ocrx_word' id='word_1_200' title='bbox 875 2542 1100 2617; x_wconf 73' lang='grc' dir='ltr'>Πέτρος*</span> <span class='ocrx_word' id='word_1_201' title='bbox 1150 2540 1211 2596; x_wconf 83' lang='grc' dir='ltr'>Τί</span> <span class='ocrx_word' id='word_1_202' title='bbox 1262 2544 1475 2618; x_wconf 72' lang='grc' dir='ltr'>φθονεῖς</span> <span class='ocrx_word' id='word_1_203' title='bbox 1533 2540 1923 2617; x_wconf 81' lang='grc' dir='ltr'>εὐεργετεῖσθαι</span> 
     </span>
    </p>
   </div>
   <div class='ocr_carea' id='block_1_27' title="bbox 259 2630 1926 2708">
    <p class='ocr_par' dir='ltr' id='par_1_27' title="bbox 259 2630 1926 2708">
     <span class='ocr_line' id='line_1_28' title="bbox 259 2630 1926 2708; baseline -0.002 -21"><span class='ocrx_word' id='word_1_204' title='bbox 259 2632 393 2693; x_wconf 62' lang='grc' dir='ltr'>τοὺς</span> <span class='ocrx_word' id='word_1_205' title='bbox 454 2631 727 2708; x_wconf 81' lang='grc' dir='ltr'>παρόντας</span> <span class='ocrx_word' id='word_1_206' title='bbox 790 2632 1093 2707; x_wconf 81' lang='grc' dir='ltr'>ἀκροατάς;</span> <span class='ocrx_word' id='word_1_207' title='bbox 1144 2631 1243 2684; x_wconf 82' lang='grc' dir='ltr'>Καὶ</span> <span class='ocrx_word' id='word_1_208' title='bbox 1291 2631 1319 2684; x_wconf 94' lang='lat'>6</span> <span class='ocrx_word' id='word_1_209' title='bbox 1364 2630 1573 2703; x_wconf 87' lang='grc' dir='ltr'>Σίμων·</span> <span class='ocrx_word' id='word_1_210' title='bbox 1623 2631 1830 2687; x_wconf 79' lang='grc' dir='ltr'>Οὐκοῦν</span> <span class='ocrx_word' id='word_1_211' title='bbox 1882 2634 1926 2668; x_wconf 78' lang='grc'>⁹²</span> 
     </span>
    </p>
   </div>
   <div class='ocr_carea' id='block_1_28' title="bbox 266 2719 1920 2796">
    <p class='ocr_par' dir='ltr' id='par_1_28' title="bbox 266 2719 1920 2796">
     <span class='ocr_line' id='line_1_29' title="bbox 266 2719 1920 2796; baseline -0.002 -19"><span class='ocrx_word' id='word_1_212' title='bbox 266 2720 571 2795; x_wconf 76' lang='grc' dir='ltr'>ὁμολογεῖς</span> <span class='ocrx_word' id='word_1_213' title='bbox 598 2722 698 2789; x_wconf 78' lang='grc' dir='ltr'>την</span> <span class='ocrx_word' id='word_1_214' title='bbox 757 2721 1016 2790; x_wconf 85' lang='grc' dir='ltr'>τοιαύτην</span> <span class='ocrx_word' id='word_1_215' title='bbox 1068 2719 1353 2796; x_wconf 77' lang='grc' dir='ltr'>ἐπίγνωσιν</span> <span class='ocrx_word' id='word_1_216' title='bbox 1400 2719 1699 2796; x_wconf 79' lang='grc' dir='ltr'>εὐεργεσίαν</span> <span class='ocrx_word' id='word_1_217' title='bbox 1749 2720 1920 2790; x_wconf 84' lang='grc' dir='ltr'>εἶναι;</span> 
     </span>
    </p>
   </div>
   <div class='ocr_carea' id='block_1_29' title="bbox 267 2806 1921 2886">
    <p class='ocr_par' dir='ltr' id='par_1_29' title="bbox 267 2806 1921 2886">
     <span class='ocr_line' id='line_1_30' title="bbox 267 2806 1921 2886; baseline -0.002 -20"><span class='ocrx_word' id='word_1_218' title='bbox 267 2811 370 2866; x_wconf 75' lang='grc' dir='ltr'>Καὶ</span> <span class='ocrx_word' id='word_1_219' title='bbox 421 2812 451 2865; x_wconf 89' lang='lat'>6</span> <span class='ocrx_word' id='word_1_220' title='bbox 513 2810 735 2884; x_wconf 84' lang='grc' dir='ltr'>Πέτρος’</span> <span class='ocrx_word' id='word_1_221' title='bbox 794 2808 1101 2886; x_wconf 82' lang='grc' dir='ltr'>Ὀμολογῶ.</span> <span class='ocrx_word' id='word_1_222' title='bbox 1156 2811 1226 2863; x_wconf 88' lang='lat' dir='ltr'>T6</span> <span class='ocrx_word' id='word_1_223' title='bbox 1279 2810 1379 2884; x_wconf 85' lang='grc' dir='ltr'>γάρ</span> <span class='ocrx_word' id='word_1_224' title='bbox 1438 2806 1635 2883; x_wconf 78' lang='grc' dir='ltr'>ψεῦδος</span> <span class='ocrx_word' id='word_1_225' title='bbox 1691 2810 1921 2885; x_wconf 71' lang='grc' dir='ltr'>γνωσθὲν</span> 
     </span>
    </p>
   </div>
   <div class='ocr_carea' id='block_1_30' title="bbox 267 2898 1923 2976">
    <p class='ocr_par' dir='ltr' id='par_1_30' title="bbox 267 2898 1923 2976">
     <span class='ocr_line' id='line_1_31' title="bbox 267 2898 1923 2976; baseline -0.002 -20"><span class='ocrx_word' id='word_1_226' title='bbox 267 2900 563 2976; x_wconf 73' lang='grc' dir='ltr'>εὖεργετεῖ,</span> <span class='ocrx_word' id='word_1_227' title='bbox 596 2899 813 2974; x_wconf 81' lang='grc' dir='ltr'>ἀγνοίας</span> <span class='ocrx_word' id='word_1_228' title='bbox 870 2898 1015 2971; x_wconf 78' lang='grc' dir='ltr'>αἰτίᾳ</span> <span class='ocrx_word' id='word_1_229' title='bbox 1075 2900 1148 2972; x_wconf 82' lang='grc' dir='ltr'>μὴ</span> <span class='ocrx_word' id='word_1_230' title='bbox 1210 2903 1516 2973; x_wconf 85' lang='grc' dir='ltr'>περιπεσεῖν</span> <span class='ocrx_word' id='word_1_231' title='bbox 1566 2898 1731 2970; x_wconf 76' lang='grc' dir='ltr'>αὐτῷ.</span> <span class='ocrx_word' id='word_1_232' title='bbox 1766 2898 1863 2953; x_wconf 81' lang='grc' dir='ltr'>Καὶ</span> <span class='ocrx_word' id='word_1_233' title='bbox 1895 2899 1923 2953; x_wconf 91' lang='lat'>6</span> 
     </span>
    </p>
   </div>
   <div class='ocr_carea' id='block_1_31' title="bbox 270 2985 1925 3063">
    <p class='ocr_par' dir='ltr' id='par_1_31' title="bbox 270 2985 1925 3063">
     <span class='ocr_line' id='line_1_32' title="bbox 270 2985 1925 3063; baseline -0.001 -18"><span class='ocrx_word' id='word_1_234' title='bbox 270 2990 493 3063; x_wconf 79' lang='grc' dir='ltr'>Σίμων·</span> <span class='ocrx_word' id='word_1_235' title='bbox 534 2992 686 3048; x_wconf 71' lang='lat'>363</span> <span class='ocrx_word' id='word_1_236' title='bbox 732 2988 901 3063; x_wconf 77' lang='grc' dir='ltr'>Φαίνη</span> <span class='ocrx_word' id='word_1_237' title='bbox 951 3009 1044 3061; x_wconf 89' lang='grc' dir='ltr'>μοι</span> <span class='ocrx_word' id='word_1_238' title='bbox 1102 2989 1178 3061; x_wconf 76' lang='grc' dir='ltr'>μὴ</span> <span class='ocrx_word' id='word_1_239' title='bbox 1230 2985 1523 3061; x_wconf 82' lang='grc' dir='ltr'>δύναμενος</span> <span class='ocrx_word' id='word_1_240' title='bbox 1573 2988 1741 3043; x_wconf 71' lang='grc' dir='ltr'>εἷπεῖν</span> <span class='ocrx_word' id='word_1_241' title='bbox 1788 2988 1862 3050; x_wconf 75' lang='grc' dir='ltr'>εἷς</span> <span class='ocrx_word' id='word_1_242' title='bbox 1890 2988 1925 3043; x_wconf 78' lang='grc' dir='ltr'>’ἀ</span> 
     </span>
    </p>
   </div>
   <div class='ocr_carea' id='block_1_32' title="bbox 269 3074 1924 3157">
    <p class='ocr_par' dir='ltr' id='par_1_32' title="bbox 269 3074 1924 3157">
     <span class='ocr_line' id='line_1_33' title="bbox 269 3074 1924 3157; baseline -0.001 -22"><span class='ocrx_word' id='word_1_243' title='bbox 269 3080 562 3157; x_wconf 71' lang='grc' dir='ltr'>προέτεινα</span> <span class='ocrx_word' id='word_1_244' title='bbox 608 3100 712 3133; x_wconf 87' lang='grc' dir='ltr'>σοι.</span> <span class='ocrx_word' id='word_1_245' title='bbox 749 3076 900 3155; x_wconf 83' lang='grc' dir='ltr'>Λέγω</span> <span class='ocrx_word' id='word_1_246' title='bbox 950 3076 1017 3146; x_wconf 78' lang='grc' dir='ltr'>δὴ</span> <span class='ocrx_word' id='word_1_247' title='bbox 1065 3080 1109 3115; x_wconf 73' lang='grc'>⁹³</span> <span class='ocrx_word' id='word_1_248' title='bbox 1138 3076 1219 3131; x_wconf 83' lang='grc' dir='ltr'>ὅτι</span> <span class='ocrx_word' id='word_1_249' title='bbox 1265 3077 1353 3132; x_wconf 86' lang='grc' dir='ltr'>καὶ</span> <span class='ocrx_word' id='word_1_250' title='bbox 1388 3078 1416 3132; x_wconf 89' lang='lat'>6</span> <span class='ocrx_word' id='word_1_251' title='bbox 1449 3074 1781 3140; x_wconf 83' lang='grc' dir='ltr'>Διδάσκαλός</span> <span class='ocrx_word' id='word_1_252' title='bbox 1828 3099 1924 3133; x_wconf 88' lang='grc' dir='ltr'>σου</span> 
     </span>
    </p>
   </div>
   <div class='ocr_carea' id='block_1_33' title="bbox 270 3165 1452 3243">
    <p class='ocr_par' dir='ltr' id='par_1_33' title="bbox 270 3165 1452 3243">
     <span class='ocr_line' id='line_1_34' title="bbox 270 3165 1452 3243; baseline -0.002 -20"><span class='ocrx_word' id='word_1_253' title='bbox 270 3168 324 3223; x_wconf 74' lang='grc' dir='ltr'>ἓν</span> <span class='ocrx_word' id='word_1_254' title='bbox 353 3166 691 3243; x_wconf 70' lang='grc' dir='ltr'>ἀποῤῥήτοις</span> <span class='ocrx_word' id='word_1_255' title='bbox 720 3170 841 3221; x_wconf 77' lang='grc' dir='ltr'>τινα</span> <span class='ocrx_word' id='word_1_256' title='bbox 871 3165 1020 3234; x_wconf 83' lang='grc' dir='ltr'>λέγει</span> <span class='ocrx_word' id='word_1_257' title='bbox 1055 3166 1191 3221; x_wconf 79' lang='grc' dir='ltr'>εἶναι</span> <span class='ocrx_word' id='word_1_258' title='bbox 1221 3167 1452 3243; x_wconf 87' lang='grc' dir='ltr'>Πατέρα.</span> 
     </span>
    </p>
   </div>
   <div class='ocr_carea' id='block_1_34' title="bbox 342 3252 1924 3334">
    <p class='ocr_par' dir='ltr' id='par_1_34' title="bbox 342 3252 1924 3334">
     <span class='ocr_line' id='line_1_35' title="bbox 342 3252 1924 3334; baseline -0.001 -21"><span class='ocrx_word' id='word_1_259' title='bbox 342 3264 487 3313; x_wconf 72' lang='lat' dir='ltr'><strong>XIII.</strong></span> <span class='ocrx_word' id='word_1_260' title='bbox 518 3256 614 3311; x_wconf 82' lang='grc' dir='ltr'>Καὶ</span> <span class='ocrx_word' id='word_1_261' title='bbox 646 3258 674 3311; x_wconf 85' lang='lat'>6</span> <span class='ocrx_word' id='word_1_262' title='bbox 732 3258 937 3331; x_wconf 81' lang='grc' dir='ltr'>Πέτρος</span> <span class='ocrx_word' id='word_1_263' title='bbox 998 3252 1120 3334; x_wconf 81' lang='grc' dir='ltr'>ἔφη’</span> <span class='ocrx_word' id='word_1_264' title='bbox 1168 3256 1595 3329; x_wconf 82' lang='grc' dir='ltr'>’Δποκρινοῦμαι</span> <span class='ocrx_word' id='word_1_265' title='bbox 1646 3255 1724 3318; x_wconf 81' lang='grc' dir='ltr'>εἷς</span> <span class='ocrx_word' id='word_1_266' title='bbox 1766 3257 1794 3311; x_wconf 85' lang='grc' dir='ltr'>’ὀ</span> <span class='ocrx_word' id='word_1_267' title='bbox 1840 3256 1924 3312; x_wconf 86' lang='grc' dir='ltr'>Οέ-</span> 
     </span>
    </p>
   </div>
   <div class='ocr_carea' id='block_1_35' title="bbox 2032 669 3671 741">
    <p class='ocr_par' dir='ltr' id='par_1_35' title="bbox 2032 669 3671 741">
     <span class='ocr_line' id='line_1_36' title="bbox 2032 669 3671 741; baseline 0.001 -17"><span class='ocrx_word' id='word_1_268' title='bbox 2032 669 2097 724; x_wconf 84' lang='grc' dir='ltr'>Ει</span> <span class='ocrx_word' id='word_1_269' title='bbox 2126 670 2325 725; x_wconf 87' lang='lat' dir='ltr'>Simon</span> <span class='ocrx_word' id='word_1_270' title='bbox 2382 687 2393 725; x_wconf 89' lang='lat'>:</span> <span class='ocrx_word' id='word_1_271' title='bbox 2449 671 2586 740; x_wconf 81' lang='lat' dir='ltr'>Ejus</span> <span class='ocrx_word' id='word_1_272' title='bbox 2618 671 2941 726; x_wconf 82' lang='lat' dir='ltr'>doctrinam</span> <span class='ocrx_word' id='word_1_273' title='bbox 2975 689 3089 726; x_wconf 91' lang='lat' dir='ltr'>non</span> <span class='ocrx_word' id='word_1_274' title='bbox 3123 672 3392 741; x_wconf 83' lang='lat' dir='ltr'>proﬁteor</span> <span class='ocrx_word' id='word_1_275' title='bbox 3422 688 3515 726; x_wconf 89' lang='lat' dir='ltr'>me</span> <span class='ocrx_word' id='word_1_276' title='bbox 3546 688 3671 726; x_wconf 90' lang='lat' dir='ltr'>cre-</span> 
     </span>
    </p>
   </div>
   <div class='ocr_carea' id='block_1_36' title="bbox 2032 758 3668 835">
    <p class='ocr_par' dir='ltr' id='par_1_36' title="bbox 2032 758 3668 835">
     <span class='ocr_line' id='line_1_37' title="bbox 2032 758 3668 835; baseline 0.001 -22"><span class='ocrx_word' id='word_1_277' title='bbox 2032 758 2187 825; x_wconf 85' lang='lat' dir='ltr'>dere,</span> <span class='ocrx_word' id='word_1_278' title='bbox 2221 764 2279 813; x_wconf 89' lang='lat' dir='ltr'>at</span> <span class='ocrx_word' id='word_1_279' title='bbox 2306 760 2378 835; x_wconf 87' lang='lat' dir='ltr'>de</span> <span class='ocrx_word' id='word_1_280' title='bbox 2410 759 2501 825; x_wconf 88' lang='lat' dir='ltr'>iis,</span> <span class='ocrx_word' id='word_1_281' title='bbox 2536 760 2593 814; x_wconf 92' lang='lat' dir='ltr'>in</span> <span class='ocrx_word' id='word_1_282' title='bbox 2635 778 2757 829; x_wconf 84' lang='lat' dir='ltr'>quae</span> <span class='ocrx_word' id='word_1_283' title='bbox 2792 778 2930 816; x_wconf 91' lang='lat' dir='ltr'>casu</span> <span class='ocrx_word' id='word_1_284' title='bbox 2972 761 3196 827; x_wconf 86' lang='lat' dir='ltr'>incidit,</span> <span class='ocrx_word' id='word_1_285' title='bbox 3245 762 3505 817; x_wconf 87' lang='lat' dir='ltr'>edissere</span> <span class='ocrx_word' id='word_1_286' title='bbox 3536 761 3668 817; x_wconf 87' lang='lat' dir='ltr'>tibi.</span> 
     </span>
    </p>
   </div>
   <div class='ocr_carea' id='block_1_37' title="bbox 2033 848 3672 920">
    <p class='ocr_par' dir='ltr' id='par_1_37' title="bbox 2033 848 3672 920">
     <span class='ocr_line' id='line_1_38' title="bbox 2033 848 3672 920; baseline 0.001 -18"><span class='ocrx_word' id='word_1_287' title='bbox 2033 848 2182 902; x_wconf 92' lang='lat' dir='ltr'>Tum</span> <span class='ocrx_word' id='word_1_288' title='bbox 2217 848 2419 903; x_wconf 89' lang='lat' dir='ltr'>Petrus</span> <span class='ocrx_word' id='word_1_289' title='bbox 2453 865 2465 901; x_wconf 89' lang='lat'><strong>:</strong></span> <span class='ocrx_word' id='word_1_290' title='bbox 2502 848 2582 905; x_wconf 89' lang='lat' dir='ltr'>Ne</span> <span class='ocrx_word' id='word_1_291' title='bbox 2632 849 2759 903; x_wconf 91' lang='lat' dir='ltr'>dem</span> <span class='ocrx_word' id='word_1_292' title='bbox 2816 848 2921 903; x_wconf 86' lang='lat' dir='ltr'>tibi</span> <span class='ocrx_word' id='word_1_293' title='bbox 2968 854 3310 919; x_wconf 66' lang='lat' dir='ltr'>praetextum</span> <span class='ocrx_word' id='word_1_294' title='bbox 3345 850 3413 902; x_wconf 88' lang='lat' dir='ltr'>ad</span> <span class='ocrx_word' id='word_1_295' title='bbox 3449 850 3672 920; x_wconf 85' lang='lat' dir='ltr'>fugam,</span> 
     </span>
    </p>
   </div>
   <div class='ocr_carea' id='block_1_38' title="bbox 2034 937 3673 1008">
    <p class='ocr_par' dir='ltr' id='par_1_38' title="bbox 2034 937 3673 1008">
     <span class='ocr_line' id='line_1_39' title="bbox 2034 937 3673 1008; baseline 0.002 -17"><span class='ocrx_word' id='word_1_296' title='bbox 2034 937 2412 1008; x_wconf 78' lang='lat' dir='ltr'>quaestionem</span> <span class='ocrx_word' id='word_1_297' title='bbox 2444 941 2636 991; x_wconf 88' lang='lat' dir='ltr'>tecum</span> <span class='ocrx_word' id='word_1_298' title='bbox 2671 937 2895 992; x_wconf 84' lang='lat' dir='ltr'>habebo</span> <span class='ocrx_word' id='word_1_299' title='bbox 2927 938 3079 993; x_wconf 90' lang='lat' dir='ltr'>sicut</span> <span class='ocrx_word' id='word_1_300' title='bbox 3115 937 3219 993; x_wconf 92' lang='lat' dir='ltr'>vis.</span> <span class='ocrx_word' id='word_1_301' title='bbox 3254 938 3673 994; x_wconf 85' lang='lat' dir='ltr'>Verumtamen</span> 
     </span>
    </p>
   </div>
   <div class='ocr_carea' id='block_1_39' title="bbox 2033 1025 3671 1099">
    <p class='ocr_par' dir='ltr' id='par_1_39' title="bbox 2033 1025 3671 1099">
     <span class='ocr_line' id='line_1_40' title="bbox 2033 1025 3671 1099; baseline -0.001 -17"><span class='ocrx_word' id='word_1_302' title='bbox 2033 1043 2235 1082; x_wconf 89' lang='lat' dir='ltr'>omnes</span> <span class='ocrx_word' id='word_1_303' title='bbox 2258 1030 2456 1093; x_wconf 85' lang='lat' dir='ltr'>testor,</span> <span class='ocrx_word' id='word_1_304' title='bbox 2478 1028 2631 1097; x_wconf 90' lang='lat' dir='ltr'>quod</span> <span class='ocrx_word' id='word_1_305' title='bbox 2658 1044 2839 1096; x_wconf 84' lang='lat' dir='ltr'>neque</span> <span class='ocrx_word' id='word_1_306' title='bbox 2858 1025 3047 1092; x_wconf 92' lang='lat' dir='ltr'>illum,</span> <span class='ocrx_word' id='word_1_307' title='bbox 3068 1044 3242 1099; x_wconf 86' lang='lat' dir='ltr'>quem</span> <span class='ocrx_word' id='word_1_308' title='bbox 3268 1043 3422 1082; x_wconf 91' lang='lat' dir='ltr'>nunc</span> <span class='ocrx_word' id='word_1_309' title='bbox 3454 1026 3671 1096; x_wconf 86' lang='lat' dir='ltr'>dixisti,</span> 
     </span>
    </p>
   </div>
   <div class='ocr_carea' id='block_1_40' title="bbox 2034 1115 3674 1187">
    <p class='ocr_par' dir='ltr' id='par_1_40' title="bbox 2034 1115 3674 1187">
     <span class='ocr_line' id='line_1_41' title="bbox 2034 1115 3674 1187; baseline -0.001 -14"><span class='ocrx_word' id='word_1_310' title='bbox 2034 1131 2360 1173; x_wconf 88' lang='lat' dir='ltr'>sermonem</span> <span class='ocrx_word' id='word_1_311' title='bbox 2395 1115 2617 1170; x_wconf 88' lang='lat' dir='ltr'>credas.</span> <span class='ocrx_word' id='word_1_312' title='bbox 2651 1116 2789 1169; x_wconf 87' lang='lat' dir='ltr'>Novi</span> <span class='ocrx_word' id='word_1_313' title='bbox 2824 1132 3078 1187; x_wconf 85' lang='lat' dir='ltr'>namque</span> <span class='ocrx_word' id='word_1_314' title='bbox 3108 1121 3267 1171; x_wconf 85' lang='lat' dir='ltr'>tuam</span> <span class='ocrx_word' id='word_1_315' title='bbox 3302 1117 3674 1172; x_wconf 89' lang='lat' dir='ltr'>sententiam.</span> 
     </span>
    </p>
   </div>
   <div class='ocr_carea' id='block_1_41' title="bbox 2034 1203 3677 1278">
    <p class='ocr_par' dir='ltr' id='par_1_41' title="bbox 2034 1203 3677 1278">
     <span class='ocr_line' id='line_1_42' title="bbox 2034 1203 3677 1278; baseline -0.001 -17"><span class='ocrx_word' id='word_1_316' title='bbox 2034 1206 2103 1261; x_wconf 86' lang='lat' dir='ltr'>Et</span> <span class='ocrx_word' id='word_1_317' title='bbox 2133 1221 2203 1260; x_wconf 90' lang='lat' dir='ltr'>ne</span> <span class='ocrx_word' id='word_1_318' title='bbox 2239 1221 2328 1259; x_wconf 89' lang='lat' dir='ltr'>me</span> <span class='ocrx_word' id='word_1_319' title='bbox 2359 1203 2659 1259; x_wconf 79' lang='lat' dir='ltr'>arbitreris</span> <span class='ocrx_word' id='word_1_320' title='bbox 2710 1204 2919 1259; x_wconf 82' lang='lat' dir='ltr'>falsum</span> <span class='ocrx_word' id='word_1_321' title='bbox 2955 1206 3164 1272; x_wconf 89' lang='lat' dir='ltr'>dicere,</span> <span class='ocrx_word' id='word_1_322' title='bbox 3198 1206 3539 1278; x_wconf 81' lang='lat' dir='ltr'>signiﬁcabo</span> <span class='ocrx_word' id='word_1_323' title='bbox 3575 1206 3677 1262; x_wconf 90' lang='lat' dir='ltr'>tibi</span> 
     </span>
    </p>
   </div>
   <div class='ocr_carea' id='block_1_42' title="bbox 2033 1293 3308 1366">
    <p class='ocr_par' dir='ltr' id='par_1_42' title="bbox 2033 1293 3308 1366">
     <span class='ocr_line' id='line_1_43' title="bbox 2033 1293 3308 1366; baseline -0.001 -15"><span class='ocrx_word' id='word_1_324' title='bbox 2033 1300 2156 1360; x_wconf 88' lang='lat' dir='ltr'>tua,</span> <span class='ocrx_word' id='word_1_325' title='bbox 2190 1299 2253 1349; x_wconf 90' lang='lat' dir='ltr'>ut</span> <span class='ocrx_word' id='word_1_326' title='bbox 2284 1293 2434 1349; x_wconf 87' lang='lat' dir='ltr'>scias</span> <span class='ocrx_word' id='word_1_327' title='bbox 2464 1298 2517 1348; x_wconf 90' lang='lat' dir='ltr'>te</span> <span class='ocrx_word' id='word_1_328' title='bbox 2551 1310 2683 1348; x_wconf 88' lang='lat' dir='ltr'>cum</span> <span class='ocrx_word' id='word_1_329' title='bbox 2715 1294 2934 1349; x_wconf 88' lang='lat' dir='ltr'>sciente</span> <span class='ocrx_word' id='word_1_330' title='bbox 2968 1294 3308 1366; x_wconf 84' lang='lat' dir='ltr'>disceptare.</span> 
     </span>
    </p>
   </div>
   <div class='ocr_carea' id='block_1_43' title="bbox 2105 1382 3681 1455">
    <p class='ocr_par' dir='ltr' id='par_1_43' title="bbox 2105 1382 3681 1455">
     <span class='ocr_line' id='line_1_44' title="bbox 2105 1382 3681 1455; baseline 0.002 -19"><span class='ocrx_word' id='word_1_331' title='bbox 2105 1382 2228 1438; x_wconf 84' lang='lat' dir='ltr'><strong>XII.</strong></span> <span class='ocrx_word' id='word_1_332' title='bbox 2260 1383 2395 1449; x_wconf 87' lang='lat' dir='ltr'>Nos,</span> <span class='ocrx_word' id='word_1_333' title='bbox 2429 1398 2461 1436; x_wconf 92' lang='grc' dir='ltr'>ο</span> <span class='ocrx_word' id='word_1_334' title='bbox 2492 1382 2716 1450; x_wconf 88' lang='lat' dir='ltr'>Simon,</span> <span class='ocrx_word' id='word_1_335' title='bbox 2745 1399 2813 1437; x_wconf 84' lang='lat' dir='ltr'>ex</span> <span class='ocrx_word' id='word_1_336' title='bbox 2839 1399 3055 1455; x_wconf 87' lang='lat' dir='ltr'>magna</span> <span class='ocrx_word' id='word_1_337' title='bbox 3074 1383 3309 1450; x_wconf 88' lang='lat' dir='ltr'>virtute,</span> <span class='ocrx_word' id='word_1_338' title='bbox 3342 1401 3468 1455; x_wconf 73' lang='lat' dir='ltr'>quae</span> <span class='ocrx_word' id='word_1_339' title='bbox 3499 1389 3554 1439; x_wconf 89' lang='lat' dir='ltr'>et</span> <span class='ocrx_word' id='word_1_340' title='bbox 3584 1384 3681 1440; x_wconf 90' lang='lat' dir='ltr'>do-</span> 
     </span>
    </p>
   </div>
   <div class='ocr_carea' id='block_1_44' title="bbox 2036 1471 3681 1542">
    <p class='ocr_par' dir='ltr' id='par_1_44' title="bbox 2036 1471 3681 1542">
     <span class='ocr_line' id='line_1_45' title="bbox 2036 1471 3681 1542; baseline 0.001 -15"><span class='ocrx_word' id='word_1_341' title='bbox 2036 1472 2197 1527; x_wconf 91' lang='lat' dir='ltr'>mina</span> <span class='ocrx_word' id='word_1_342' title='bbox 2225 1475 2484 1542; x_wconf 84' lang='lat' dir='ltr'>vocatur,</span> <span class='ocrx_word' id='word_1_343' title='bbox 2518 1488 2634 1526; x_wconf 92' lang='lat' dir='ltr'>non</span> <span class='ocrx_word' id='word_1_344' title='bbox 2667 1471 2917 1527; x_wconf 89' lang='lat' dir='ltr'>dicimus</span> <span class='ocrx_word' id='word_1_345' title='bbox 2949 1473 3162 1527; x_wconf 89' lang='lat' dir='ltr'>missos</span> <span class='ocrx_word' id='word_1_346' title='bbox 3192 1472 3372 1528; x_wconf 80' lang='lat' dir='ltr'>fuisse</span> <span class='ocrx_word' id='word_1_347' title='bbox 3403 1474 3551 1528; x_wconf 89' lang='lat' dir='ltr'>duos</span> <span class='ocrx_word' id='word_1_348' title='bbox 3584 1491 3681 1529; x_wconf 91' lang='lat' dir='ltr'>an-</span> 
     </span>
    </p>
   </div>
   <div class='ocr_carea' id='block_1_45' title="bbox 2035 1560 3682 1634">
    <p class='ocr_par' dir='ltr' id='par_1_45' title="bbox 2035 1560 3682 1634">
     <span class='ocr_line' id='line_1_46' title="bbox 2035 1560 3682 1634; baseline 0 -17"><span class='ocrx_word' id='word_1_349' title='bbox 2035 1560 2216 1634; x_wconf 88' lang='lat' dir='ltr'>gelos,</span> <span class='ocrx_word' id='word_1_350' title='bbox 2250 1578 2433 1616; x_wconf 92' lang='lat' dir='ltr'>unum</span> <span class='ocrx_word' id='word_1_351' title='bbox 2467 1561 2702 1633; x_wconf 90' lang='lat' dir='ltr'>quidem</span> <span class='ocrx_word' id='word_1_352' title='bbox 2728 1562 2799 1616; x_wconf 84' lang='lat' dir='ltr'>ad</span> <span class='ocrx_word' id='word_1_353' title='bbox 2830 1562 3149 1617; x_wconf 85' lang='lat' dir='ltr'>creandum</span> <span class='ocrx_word' id='word_1_354' title='bbox 3182 1560 3682 1627; x_wconf 89' lang='lat' dir='ltr'>mundum,alium</span> 
     </span>
    </p>
   </div>
   <div class='ocr_carea' id='block_1_46' title="bbox 2034 1649 3679 1722">
    <p class='ocr_par' dir='ltr' id='par_1_46' title="bbox 2034 1649 3679 1722">
     <span class='ocr_line' id='line_1_47' title="bbox 2034 1649 3679 1722; baseline 0.001 -17"><span class='ocrx_word' id='word_1_355' title='bbox 2034 1667 2166 1706; x_wconf 90' lang='lat' dir='ltr'>vero</span> <span class='ocrx_word' id='word_1_356' title='bbox 2198 1651 2269 1705; x_wconf 90' lang='lat' dir='ltr'>ad</span> <span class='ocrx_word' id='word_1_357' title='bbox 2302 1651 2596 1705; x_wconf 86' lang='lat' dir='ltr'>ferendam</span> <span class='ocrx_word' id='word_1_358' title='bbox 2629 1649 2839 1721; x_wconf 83' lang='lat' dir='ltr'>legem,</span> <span class='ocrx_word' id='word_1_359' title='bbox 2880 1667 3068 1722; x_wconf 90' lang='lat' dir='ltr'>neque</span> <span class='ocrx_word' id='word_1_360' title='bbox 3119 1652 3272 1722; x_wconf 91' lang='lat' dir='ltr'>quod</span> <span class='ocrx_word' id='word_1_361' title='bbox 3306 1655 3553 1722; x_wconf 88' lang='lat' dir='ltr'>uterque</span> <span class='ocrx_word' id='word_1_362' title='bbox 3582 1668 3679 1707; x_wconf 89' lang='lat' dir='ltr'>ve-</span> 
     </span>
    </p>
   </div>
   <div class='ocr_carea' id='block_1_47' title="bbox 2036 1739 3677 1811">
    <p class='ocr_par' dir='ltr' id='par_1_47' title="bbox 2036 1739 3677 1811">
     <span class='ocr_line' id='line_1_48' title="bbox 2036 1739 3677 1811; baseline 0.001 -16"><span class='ocrx_word' id='word_1_363' title='bbox 2036 1739 2204 1795; x_wconf 89' lang='lat' dir='ltr'>niens</span> <span class='ocrx_word' id='word_1_364' title='bbox 2257 1756 2479 1808; x_wconf 91' lang='lat' dir='ltr'>eorum,</span> <span class='ocrx_word' id='word_1_365' title='bbox 2532 1756 2660 1811; x_wconf 65' lang='lat' dir='ltr'>quae</span> <span class='ocrx_word' id='word_1_366' title='bbox 2706 1740 2864 1807; x_wconf 80' lang='lat' dir='ltr'>fecit,</span> <span class='ocrx_word' id='word_1_367' title='bbox 2898 1757 2959 1795; x_wconf 89' lang='lat' dir='ltr'>se</span> <span class='ocrx_word' id='word_1_368' title='bbox 3006 1756 3349 1811; x_wconf 86' lang='lat' dir='ltr'>supremum</span> <span class='ocrx_word' id='word_1_369' title='bbox 3381 1745 3677 1797; x_wconf 86' lang='lat' dir='ltr'>auctorem</span> 
     </span>
    </p>
   </div>
   <div class='ocr_carea' id='block_1_48' title="bbox 2036 1828 3681 1901">
    <p class='ocr_par' dir='ltr' id='par_1_48' title="bbox 2036 1828 3681 1901">
     <span class='ocr_line' id='line_1_49' title="bbox 2036 1828 3681 1901; baseline 0.001 -17"><span class='ocrx_word' id='word_1_370' title='bbox 2036 1828 2450 1901; x_wconf 69' lang='lat' dir='ltr'>praedicaverit,</span> <span class='ocrx_word' id='word_1_371' title='bbox 2487 1845 2673 1900; x_wconf 89' lang='lat' dir='ltr'>neque</span> <span class='ocrx_word' id='word_1_372' title='bbox 2704 1829 2859 1900; x_wconf 89' lang='lat' dir='ltr'>quod</span> <span class='ocrx_word' id='word_1_373' title='bbox 2894 1833 3059 1884; x_wconf 89' lang='lat' dir='ltr'>stans</span> <span class='ocrx_word' id='word_1_374' title='bbox 3086 1829 3160 1884; x_wconf 85' lang='lat' dir='ltr'>sit</span> <span class='ocrx_word' id='word_1_375' title='bbox 3186 1833 3448 1884; x_wconf 90' lang='lat' dir='ltr'>staturus</span> <span class='ocrx_word' id='word_1_376' title='bbox 3480 1834 3545 1884; x_wconf 90' lang='lat' dir='ltr'>ut</span> <span class='ocrx_word' id='word_1_377' title='bbox 3577 1831 3681 1885; x_wconf 88' lang='lat' dir='ltr'>ad-</span> 
     </span>
    </p>
   </div>
   <div class='ocr_carea' id='block_1_49' title="bbox 2036 1917 3680 1989">
    <p class='ocr_par' dir='ltr' id='par_1_49' title="bbox 2036 1917 3680 1989">
     <span class='ocr_line' id='line_1_50' title="bbox 2036 1917 3680 1989; baseline 0.001 -18"><span class='ocrx_word' id='word_1_378' title='bbox 2036 1918 2348 1974; x_wconf 89' lang='lat' dir='ltr'>versarius.</span> <span class='ocrx_word' id='word_1_379' title='bbox 2380 1917 2527 1973; x_wconf 88' lang='lat' dir='ltr'>Audi</span> <span class='ocrx_word' id='word_1_380' title='bbox 2554 1935 2667 1989; x_wconf 84' lang='lat' dir='ltr'>quo</span> <span class='ocrx_word' id='word_1_381' title='bbox 2698 1919 2869 1973; x_wconf 88' lang='lat' dir='ltr'>modo</span> <span class='ocrx_word' id='word_1_382' title='bbox 2901 1918 3007 1973; x_wconf 88' lang='lat' dir='ltr'>hac</span> <span class='ocrx_word' id='word_1_383' title='bbox 3039 1918 3216 1973; x_wconf 91' lang='lat' dir='ltr'>etiam</span> <span class='ocrx_word' id='word_1_384' title='bbox 3248 1918 3306 1973; x_wconf 93' lang='lat' dir='ltr'>in</span> <span class='ocrx_word' id='word_1_385' title='bbox 3332 1936 3390 1974; x_wconf 84' lang='lat' dir='ltr'>re</span> <span class='ocrx_word' id='word_1_386' title='bbox 3410 1918 3680 1974; x_wconf 90' lang='lat' dir='ltr'>incredu-</span> 
     </span>
    </p>
   </div>
   <div class='ocr_carea' id='block_1_50' title="bbox 2034 2006 3675 2079">
    <p class='ocr_par' dir='ltr' id='par_1_50' title="bbox 2034 2006 3675 2079">
     <span class='ocr_line' id='line_1_51' title="bbox 2034 2006 3675 2079; baseline -0.001 -16"><span class='ocrx_word' id='word_1_387' title='bbox 2034 2007 2127 2063; x_wconf 91' lang='lat' dir='ltr'>lus</span> <span class='ocrx_word' id='word_1_388' title='bbox 2158 2007 2260 2062; x_wconf 90' lang='lat' dir='ltr'>sis.</span> <span class='ocrx_word' id='word_1_389' title='bbox 2282 2007 2498 2077; x_wconf 88' lang='lat' dir='ltr'>Virtus,</span> <span class='ocrx_word' id='word_1_390' title='bbox 2524 2024 2700 2078; x_wconf 85' lang='lat' dir='ltr'>quam</span> <span class='ocrx_word' id='word_1_391' title='bbox 2722 2007 2779 2060; x_wconf 91' lang='lat' dir='ltr'>in</span> <span class='ocrx_word' id='word_1_392' title='bbox 2812 2007 3039 2061; x_wconf 85' lang='lat' dir='ltr'>arcanis</span> <span class='ocrx_word' id='word_1_393' title='bbox 3062 2006 3148 2062; x_wconf 88' lang='lat' dir='ltr'>ais</span> <span class='ocrx_word' id='word_1_394' title='bbox 3170 2007 3675 2079; x_wconf 67' lang='lat' dir='ltr'>esse,ignorantim</span> 
     </span>
    </p>
   </div>
   <div class='ocr_carea' id='block_1_51' title="bbox 2036 2096 3678 2168">
    <p class='ocr_par' dir='ltr' id='par_1_51' title="bbox 2036 2096 3678 2168">
     <span class='ocr_line' id='line_1_52' title="bbox 2036 2096 3678 2168; baseline 0.001 -18"><span class='ocrx_word' id='word_1_395' title='bbox 2036 2096 2206 2168; x_wconf 90' lang='lat' dir='ltr'>plena</span> <span class='ocrx_word' id='word_1_396' title='bbox 2222 2101 2327 2152; x_wconf 89' lang='lat' dir='ltr'>est.</span> <span class='ocrx_word' id='word_1_397' title='bbox 2344 2100 2490 2151; x_wconf 89' lang='lat' dir='ltr'>Nam</span> <span class='ocrx_word' id='word_1_398' title='bbox 2512 2096 2806 2168; x_wconf 89' lang='lat' dir='ltr'>ingratum</span> <span class='ocrx_word' id='word_1_399' title='bbox 2829 2096 3095 2151; x_wconf 89' lang='lat' dir='ltr'>animum</span> <span class='ocrx_word' id='word_1_400' title='bbox 3117 2097 3188 2151; x_wconf 91' lang='lat' dir='ltr'>ab</span> <span class='ocrx_word' id='word_1_401' title='bbox 3214 2096 3340 2167; x_wconf 87' lang='lat' dir='ltr'>ipsa</span> <span class='ocrx_word' id='word_1_402' title='bbox 3362 2096 3678 2152; x_wconf 88' lang='lat' dir='ltr'>missorum</span> 
     </span>
    </p>
   </div>
   <div class='ocr_carea' id='block_1_52' title="bbox 2035 2184 3681 2258">
    <p class='ocr_par' dir='ltr' id='par_1_52' title="bbox 2035 2184 3681 2258">
     <span class='ocr_line' id='line_1_53' title="bbox 2035 2184 3681 2258; baseline -0.001 -16"><span class='ocrx_word' id='word_1_403' title='bbox 2035 2186 2374 2258; x_wconf 83' lang='lat' dir='ltr'>angelorum</span> <span class='ocrx_word' id='word_1_404' title='bbox 2402 2202 2516 2241; x_wconf 91' lang='lat' dir='ltr'>non</span> <span class='ocrx_word' id='word_1_405' title='bbox 2549 2184 2857 2258; x_wconf 68' lang='lat' dir='ltr'>prrescivit.</span> <span class='ocrx_word' id='word_1_406' title='bbox 2888 2186 2967 2241; x_wconf 86' lang='lat' dir='ltr'>Ac</span> <span class='ocrx_word' id='word_1_407' title='bbox 2996 2185 3215 2256; x_wconf 90' lang='lat' dir='ltr'>Simon,</span> <span class='ocrx_word' id='word_1_408' title='bbox 3250 2185 3413 2241; x_wconf 89' lang='lat' dir='ltr'>Petro</span> <span class='ocrx_word' id='word_1_409' title='bbox 3445 2186 3565 2241; x_wconf 69' lang='lat' dir='ltr'>haec</span> <span class='ocrx_word' id='word_1_410' title='bbox 3596 2187 3681 2241; x_wconf 86' lang='lat' dir='ltr'>di-</span> 
     </span>
    </p>
   </div>
   <div class='ocr_carea' id='block_1_53' title="bbox 2035 2274 3673 2347">
    <p class='ocr_par' dir='ltr' id='par_1_53' title="bbox 2035 2274 3673 2347">
     <span class='ocr_line' id='line_1_54' title="bbox 2035 2274 3673 2347; baseline -0.001 -16"><span class='ocrx_word' id='word_1_411' title='bbox 2035 2280 2219 2346; x_wconf 88' lang='lat' dir='ltr'>cente,</span> <span class='ocrx_word' id='word_1_412' title='bbox 2252 2275 2624 2331; x_wconf 87' lang='lat' dir='ltr'>vehementer</span> <span class='ocrx_word' id='word_1_413' title='bbox 2654 2274 2840 2329; x_wconf 81' lang='lat' dir='ltr'>iratus</span> <span class='ocrx_word' id='word_1_414' title='bbox 2876 2274 3213 2346; x_wconf 90' lang='lat' dir='ltr'>loquentem</span> <span class='ocrx_word' id='word_1_415' title='bbox 3248 2274 3553 2347; x_wconf 86' lang='lat' dir='ltr'>interrupit</span> <span class='ocrx_word' id='word_1_416' title='bbox 3586 2275 3673 2330; x_wconf 90' lang='lat' dir='ltr'>di-</span> 
     </span>
    </p>
   </div>
   <div class='ocr_carea' id='block_1_54' title="bbox 2034 2363 3677 2438">
    <p class='ocr_par' dir='ltr' id='par_1_54' title="bbox 2034 2363 3677 2438">
     <span class='ocr_line' id='line_1_55' title="bbox 2034 2363 3677 2438; baseline 0 -18"><span class='ocrx_word' id='word_1_417' title='bbox 2034 2366 2234 2438; x_wconf 86' lang='lat' dir='ltr'>xitque</span> <span class='ocrx_word' id='word_1_418' title='bbox 2267 2382 2280 2420; x_wconf 88' lang='lat'>:</span> <span class='ocrx_word' id='word_1_419' title='bbox 2316 2365 2462 2430; x_wconf 89' lang='lat' dir='ltr'>Quid</span> <span class='ocrx_word' id='word_1_420' title='bbox 2493 2364 2764 2429; x_wconf 81' lang='lat' dir='ltr'>blateras,</span> <span class='ocrx_word' id='word_1_421' title='bbox 2799 2363 3103 2419; x_wconf 87' lang='lat' dir='ltr'>temerarie</span> <span class='ocrx_word' id='word_1_422' title='bbox 3134 2364 3515 2436; x_wconf 88' lang='lat' dir='ltr'>omniumque</span> <span class='ocrx_word' id='word_1_423' title='bbox 3546 2381 3677 2437; x_wconf 87' lang='lat' dir='ltr'>pro-</span> 
     </span>
    </p>
   </div>
   <div class='ocr_carea' id='block_1_55' title="bbox 2034 2452 3679 2526">
    <p class='ocr_par' dir='ltr' id='par_1_55' title="bbox 2034 2452 3679 2526">
     <span class='ocr_line' id='line_1_56' title="bbox 2034 2452 3679 2526; baseline -0.001 -15"><span class='ocrx_word' id='word_1_424' title='bbox 2034 2455 2379 2519; x_wconf 88' lang='lat' dir='ltr'>tervissime,</span> <span class='ocrx_word' id='word_1_425' title='bbox 2412 2458 2467 2509; x_wconf 90' lang='lat' dir='ltr'>et</span> <span class='ocrx_word' id='word_1_426' title='bbox 2488 2470 2679 2508; x_wconf 87' lang='lat' dir='ltr'>coram</span> <span class='ocrx_word' id='word_1_427' title='bbox 2709 2453 2922 2526; x_wconf 89' lang='lat' dir='ltr'>populo</span> <span class='ocrx_word' id='word_1_428' title='bbox 2952 2452 3124 2508; x_wconf 89' lang='lat' dir='ltr'>docili</span> <span class='ocrx_word' id='word_1_429' title='bbox 3152 2457 3369 2508; x_wconf 89' lang='lat' dir='ltr'>temere</span> <span class='ocrx_word' id='word_1_430' title='bbox 3400 2452 3679 2525; x_wconf 86' lang='lat' dir='ltr'>patelacis</span> 
     </span>
    </p>
   </div>
   <div class='ocr_carea' id='block_1_56' title="bbox 2036 2542 3677 2601">
    <p class='ocr_par' dir='ltr' id='par_1_56' title="bbox 2036 2542 3677 2601">
     <span class='ocr_line' id='line_1_57' title="bbox 2036 2542 3677 2601; baseline -0.002 -1"><span class='ocrx_word' id='word_1_431' title='bbox 2036 2544 2294 2601; x_wconf 86' lang='lat' dir='ltr'>arcana?</span> <span class='ocrx_word' id='word_1_432' title='bbox 2324 2544 2391 2599; x_wconf 88' lang='lat' dir='ltr'>Et</span> <span class='ocrx_word' id='word_1_433' title='bbox 2419 2544 2650 2598; x_wconf 91' lang='lat' dir='ltr'>Petrus:</span> <span class='ocrx_word' id='word_1_434' title='bbox 2686 2543 2802 2598; x_wconf 89' lang='lat' dir='ltr'>Cur</span> <span class='ocrx_word' id='word_1_435' title='bbox 2843 2542 3067 2597; x_wconf 89' lang='lat' dir='ltr'>invides</span> <span class='ocrx_word' id='word_1_436' title='bbox 3098 2542 3426 2597; x_wconf 86' lang='lat' dir='ltr'>astantibus</span> <span class='ocrx_word' id='word_1_437' title='bbox 3449 2542 3677 2597; x_wconf 89' lang='lat' dir='ltr'>audito-</span> 
     </span>
    </p>
   </div>
   <div class='ocr_carea' id='block_1_57' title="bbox 2034 2631 3679 2703">
    <p class='ocr_par' dir='ltr' id='par_1_57' title="bbox 2034 2631 3679 2703">
     <span class='ocr_line' id='line_1_58' title="bbox 2034 2631 3679 2703; baseline -0.001 -14"><span class='ocrx_word' id='word_1_438' title='bbox 2034 2635 2197 2689; x_wconf 88' lang='lat' dir='ltr'>ribus</span> <span class='ocrx_word' id='word_1_439' title='bbox 2229 2633 2337 2688; x_wconf 93' lang='lat' dir='ltr'>hoc</span> <span class='ocrx_word' id='word_1_440' title='bbox 2370 2631 2713 2688; x_wconf 81' lang='lat' dir='ltr'>beneficium</span> <span class='ocrx_word' id='word_1_441' title='bbox 2734 2632 2761 2686; x_wconf 88' lang='lat'><strong>?</strong></span> <span class='ocrx_word' id='word_1_442' title='bbox 2790 2631 2991 2686; x_wconf 90' lang='lat' dir='ltr'>Simon</span> <span class='ocrx_word' id='word_1_443' title='bbox 3025 2647 3037 2686; x_wconf 94' lang='lat'>:</span> <span class='ocrx_word' id='word_1_444' title='bbox 3075 2631 3199 2686; x_wconf 91' lang='lat' dir='ltr'>Non</span> <span class='ocrx_word' id='word_1_445' title='bbox 3234 2631 3413 2703; x_wconf 85' lang='lat' dir='ltr'>igitur</span> <span class='ocrx_word' id='word_1_446' title='bbox 3442 2632 3679 2687; x_wconf 81' lang='lat' dir='ltr'>confite-</span> 
     </span>
    </p>
   </div>
   <div class='ocr_carea' id='block_1_58' title="bbox 2034 2720 3673 2793">
    <p class='ocr_par' dir='ltr' id='par_1_58' title="bbox 2034 2720 3673 2793">
     <span class='ocr_line' id='line_1_59' title="bbox 2034 2720 3673 2793; baseline -0.002 -15"><span class='ocrx_word' id='word_1_447' title='bbox 2034 2722 2483 2793; x_wconf 88' lang='lat' dir='ltr'>ris,hujusmodi</span> <span class='ocrx_word' id='word_1_448' title='bbox 2508 2721 2861 2793; x_wconf 87' lang='lat' dir='ltr'>agnitionem</span> <span class='ocrx_word' id='word_1_449' title='bbox 2886 2720 3165 2776; x_wconf 82' lang='lat' dir='ltr'>beneﬁciu</span> <span class='ocrx_word' id='word_1_450' title='bbox 3178 2739 3232 2775; x_wconf 83' lang='grc' dir='ltr'>ιιι</span> <span class='ocrx_word' id='word_1_451' title='bbox 3254 2738 3380 2777; x_wconf 87' lang='lat' dir='ltr'>esse</span> <span class='ocrx_word' id='word_1_452' title='bbox 3396 2720 3423 2775; x_wconf 84' lang='lat'><strong>?</strong></span> <span class='ocrx_word' id='word_1_453' title='bbox 3450 2721 3673 2775; x_wconf 88' lang='lat' dir='ltr'>Petrus:</span> 
     </span>
    </p>
   </div>
   <div class='ocr_carea' id='block_1_59' title="bbox 2034 2809 3673 2881">
    <p class='ocr_par' dir='ltr' id='par_1_59' title="bbox 2034 2809 3673 2881">
     <span class='ocr_line' id='line_1_60' title="bbox 2034 2809 3673 2881; baseline -0.004 -13"><span class='ocrx_word' id='word_1_454' title='bbox 2034 2814 2257 2868; x_wconf 81' lang='lat' dir='ltr'>Fateor.</span> <span class='ocrx_word' id='word_1_455' title='bbox 2291 2813 2437 2867; x_wconf 91' lang='lat' dir='ltr'>Nam</span> <span class='ocrx_word' id='word_1_456' title='bbox 2482 2811 2853 2866; x_wconf 85' lang='lat' dir='ltr'>mendacium</span> <span class='ocrx_word' id='word_1_457' title='bbox 2907 2810 3229 2881; x_wconf 88' lang='lat' dir='ltr'>cognitium</span> <span class='ocrx_word' id='word_1_458' title='bbox 3281 2827 3346 2865; x_wconf 91' lang='lat' dir='ltr'>eo</span> <span class='ocrx_word' id='word_1_459' title='bbox 3393 2809 3673 2865; x_wconf 85' lang='lat' dir='ltr'>beneficio</span> 
     </span>
    </p>
   </div>
   <div class='ocr_carea' id='block_1_60' title="bbox 2034 2898 3677 2971">
    <p class='ocr_par' dir='ltr' id='par_1_60' title="bbox 2034 2898 3677 2971">
     <span class='ocr_line' id='line_1_61' title="bbox 2034 2898 3677 2971; baseline -0.003 -14"><span class='ocrx_word' id='word_1_460' title='bbox 2034 2901 2231 2969; x_wconf 83' lang='lat' dir='ltr'>afﬁcit,</span> <span class='ocrx_word' id='word_1_461' title='bbox 2266 2906 2331 2956; x_wconf 92' lang='lat' dir='ltr'>ut</span> <span class='ocrx_word' id='word_1_462' title='bbox 2360 2900 2419 2955; x_wconf 93' lang='lat' dir='ltr'>in</span> <span class='ocrx_word' id='word_1_463' title='bbox 2470 2899 2617 2954; x_wconf 91' lang='lat' dir='ltr'>Illud</span> <span class='ocrx_word' id='word_1_464' title='bbox 2651 2916 2751 2971; x_wconf 90' lang='lat' dir='ltr'>per</span> <span class='ocrx_word' id='word_1_465' title='bbox 2779 2899 3169 2970; x_wconf 86' lang='lat' dir='ltr'>ignorantiam</span> <span class='ocrx_word' id='word_1_466' title='bbox 3203 2916 3317 2953; x_wconf 90' lang='lat' dir='ltr'>non</span> <span class='ocrx_word' id='word_1_467' title='bbox 3347 2898 3677 2953; x_wconf 87' lang='lat' dir='ltr'>incidamus</span> 
     </span>
    </p>
   </div>
   <div class='ocr_carea' id='block_1_61' title="bbox 2034 2988 3677 3061">
    <p class='ocr_par' dir='ltr' id='par_1_61' title="bbox 2034 2988 3677 3061">
     <span class='ocr_line' id='line_1_62' title="bbox 2034 2988 3677 3061; baseline -0.002 -15"><span class='ocrx_word' id='word_1_468' title='bbox 2034 2991 2235 3046; x_wconf 87' lang='lat' dir='ltr'>Simon</span> <span class='ocrx_word' id='word_1_469' title='bbox 2266 3007 2278 3044; x_wconf 90' lang='lat'>:</span> <span class='ocrx_word' id='word_1_470' title='bbox 2313 2990 2539 3045; x_wconf 89' lang='lat' dir='ltr'>Videris</span> <span class='ocrx_word' id='word_1_471' title='bbox 2571 2988 2715 3045; x_wconf 88' lang='lat' dir='ltr'>mihi</span> <span class='ocrx_word' id='word_1_472' title='bbox 2746 3006 2861 3044; x_wconf 91' lang='lat' dir='ltr'>non</span> <span class='ocrx_word' id='word_1_473' title='bbox 2894 3004 3064 3061; x_wconf 87' lang='lat' dir='ltr'>posse</span> <span class='ocrx_word' id='word_1_474' title='bbox 3097 2989 3446 3060; x_wconf 90' lang='lat' dir='ltr'>respondere</span> <span class='ocrx_word' id='word_1_475' title='bbox 3490 2989 3561 3043; x_wconf 86' lang='lat' dir='ltr'>ad</span> <span class='ocrx_word' id='word_1_476' title='bbox 3609 3004 3677 3042; x_wconf 89' lang='lat' dir='ltr'>ea</span> 
     </span>
    </p>
   </div>
   <div class='ocr_carea' id='block_1_62' title="bbox 2034 3077 3675 3151">
    <p class='ocr_par' dir='ltr' id='par_1_62' title="bbox 2034 3077 3675 3151">
     <span class='ocr_line' id='line_1_63' title="bbox 2034 3077 3675 3151; baseline -0.002 -17"><span class='ocrx_word' id='word_1_477' title='bbox 2034 3096 2161 3151; x_wconf 84' lang='lat' dir='ltr'>quae</span> <span class='ocrx_word' id='word_1_478' title='bbox 2218 3078 2323 3133; x_wconf 91' lang='lat' dir='ltr'>tibi</span> <span class='ocrx_word' id='word_1_479' title='bbox 2382 3081 2679 3151; x_wconf 89' lang='lat' dir='ltr'>proposui.</span> <span class='ocrx_word' id='word_1_480' title='bbox 2739 3079 2841 3133; x_wconf 91' lang='lat' dir='ltr'>Aio</span> <span class='ocrx_word' id='word_1_481' title='bbox 2875 3084 3090 3145; x_wconf 88' lang='lat' dir='ltr'>autem,</span> <span class='ocrx_word' id='word_1_482' title='bbox 3125 3079 3277 3149; x_wconf 79' lang='lat' dir='ltr'>quod</span> <span class='ocrx_word' id='word_1_483' title='bbox 3312 3082 3369 3133; x_wconf 90' lang='lat' dir='ltr'>et</span> <span class='ocrx_word' id='word_1_484' title='bbox 3400 3077 3675 3149; x_wconf 86' lang='lat' dir='ltr'>Magister</span> 
     </span>
    </p>
   </div>
   <div class='ocr_carea' id='block_1_63' title="bbox 2034 3167 3479 3239">
    <p class='ocr_par' dir='ltr' id='par_1_63' title="bbox 2034 3167 3479 3239">
     <span class='ocr_line' id='line_1_64' title="bbox 2034 3167 3479 3239; baseline -0.003 -15"><span class='ocrx_word' id='word_1_485' title='bbox 2034 3172 2173 3224; x_wconf 91' lang='lat' dir='ltr'>tuus</span> <span class='ocrx_word' id='word_1_486' title='bbox 2204 3170 2515 3239; x_wconf 82' lang='lat' dir='ltr'>quemdam</span> <span class='ocrx_word' id='word_1_487' title='bbox 2548 3167 2689 3222; x_wconf 90' lang='lat' dir='ltr'>dicit</span> <span class='ocrx_word' id='word_1_488' title='bbox 2719 3183 2845 3223; x_wconf 90' lang='lat' dir='ltr'>esse</span> <span class='ocrx_word' id='word_1_489' title='bbox 2876 3167 2934 3221; x_wconf 90' lang='lat' dir='ltr'>in</span> <span class='ocrx_word' id='word_1_490' title='bbox 2967 3167 3199 3221; x_wconf 88' lang='lat' dir='ltr'>arcanis</span> <span class='ocrx_word' id='word_1_491' title='bbox 3231 3167 3479 3221; x_wconf 89' lang='lat' dir='ltr'>Patrem.</span> 
     </span>
    </p>
   </div>
   <div class='ocr_carea' id='block_1_64' title="bbox 2107 3255 3670 3327">
    <p class='ocr_par' dir='ltr' id='par_1_64' title="bbox 2107 3255 3670 3327">
     <span class='ocr_line' id='line_1_65' title="bbox 2107 3255 3670 3327; baseline -0.001 -16"><span class='ocrx_word' id='word_1_492' title='bbox 2107 3260 2256 3313; x_wconf 75' lang='lat' dir='ltr'><strong>XIII.</strong></span> <span class='ocrx_word' id='word_1_493' title='bbox 2294 3258 2357 3312; x_wconf 90' lang='lat' dir='ltr'>Et</span> <span class='ocrx_word' id='word_1_494' title='bbox 2388 3261 2593 3312; x_wconf 87' lang='lat' dir='ltr'>Petrus</span> <span class='ocrx_word' id='word_1_495' title='bbox 2614 3257 2755 3311; x_wconf 87' lang='lat' dir='ltr'>dicit</span> <span class='ocrx_word' id='word_1_496' title='bbox 2778 3272 2790 3311; x_wconf 88' lang='lat'><strong>:</strong></span> <span class='ocrx_word' id='word_1_497' title='bbox 2812 3256 3191 3327; x_wconf 83' lang='lat' dir='ltr'>Respondebo</span> <span class='ocrx_word' id='word_1_498' title='bbox 3215 3256 3286 3309; x_wconf 91' lang='lat' dir='ltr'>ad</span> <span class='ocrx_word' id='word_1_499' title='bbox 3312 3256 3366 3309; x_wconf 93' lang='lat' dir='ltr'>id</span> <span class='ocrx_word' id='word_1_500' title='bbox 3389 3255 3542 3327; x_wconf 91' lang='lat' dir='ltr'>quod</span> <span class='ocrx_word' id='word_1_501' title='bbox 3564 3255 3670 3323; x_wconf 91' lang='lat' dir='ltr'>vis,</span> 
     </span>
    </p>
   </div>
   <div class='ocr_carea' id='block_1_65' title="bbox 263 3322 1923 3420">
    <p class='ocr_par' dir='ltr' id='par_1_65' title="bbox 263 3343 1922 3420">
     <span class='ocr_line' id='line_1_66' title="bbox 263 3343 1922 3420; baseline -0.002 -18"><span class='ocrx_word' id='word_1_502' title='bbox 263 3346 381 3409; x_wconf 84' lang='grc' dir='ltr'>λεις</span> <span class='ocrx_word' id='word_1_503' title='bbox 440 3346 563 3419; x_wconf 80' lang='grc' dir='ltr'>περὶ</span> <span class='ocrx_word' id='word_1_504' title='bbox 620 3350 741 3400; x_wconf 70' lang='grc' dir='ltr'>τοῦ·</span> <span class='ocrx_word' id='word_1_505' title='bbox 790 3343 984 3407; x_wconf 68' lang='grc' dir='ltr'>Οὐδεὶς</span> <span class='ocrx_word' id='word_1_506' title='bbox 1041 3344 1181 3420; x_wconf 83' lang='grc' dir='ltr'>ἔγνω</span> <span class='ocrx_word' id='word_1_507' title='bbox 1239 3345 1328 3399; x_wconf 83' lang='grc' dir='ltr'>τὸν</span> <span class='ocrx_word' id='word_1_508' title='bbox 1388 3344 1618 3420; x_wconf 85' lang='grc' dir='ltr'>Πατέρα,</span> <span class='ocrx_word' id='word_1_509' title='bbox 1670 3343 1721 3399; x_wconf 81' lang='grc' dir='ltr'>εἷ’</span> <span class='ocrx_word' id='word_1_510' title='bbox 1766 3347 1840 3419; x_wconf 74' lang='grc' dir='ltr'>μὴ</span> <span class='ocrx_word' id='word_1_511' title='bbox 1895 3346 1922 3399; x_wconf 84' lang='grc' dir='ltr'>ὁ</span> 
     </span>
    </p>
   </div>
   <div class='ocr_carea' id='block_1_66' title="bbox 2038 3322 3676 3420">
    <p class='ocr_par' dir='ltr' id='par_1_66' title="bbox 2038 3322 3676 3415">
     <span class='ocr_line' id='line_1_67' title="bbox 2038 3322 3676 3415; baseline -0.002 -12"><span class='ocrx_word' id='word_1_512' title='bbox 2038 3349 2108 3403; x_wconf 91' lang='lat' dir='ltr'>de</span> <span class='ocrx_word' id='word_1_513' title='bbox 2137 3347 2237 3403; x_wconf 88' lang='lat' dir='ltr'>illo</span> <span class='ocrx_word' id='word_1_514' title='bbox 2273 3364 2284 3403; x_wconf 89' lang='lat'>:</span> <span class='ocrx_word' id='word_1_515' title='bbox 2319 3349 2481 3402; x_wconf 84' lang='lat' dir='ltr'>Nemo</span> <span class='ocrx_word' id='word_1_516' title='bbox 2524 3349 2677 3401; x_wconf 82' lang='lat' dir='ltr'>novit</span> <span class='ocrx_word' id='word_1_517' title='bbox 2727 3322 2943 3401; x_wconf 66' lang='lat' dir='ltr'>Patreni</span> <span class='ocrx_word' id='word_1_518' title='bbox 2983 3346 3098 3399; x_wconf 89' lang='lat' dir='ltr'>nisi</span> <span class='ocrx_word' id='word_1_519' title='bbox 3136 3346 3331 3409; x_wconf 81' lang='lat' dir='ltr'>Filius,</span> <span class='ocrx_word' id='word_1_520' title='bbox 3380 3322 3552 3415; x_wconf 56' lang='lat' dir='ltr'>neque</span> <span class='ocrx_word' id='word_1_521' title='bbox 3581 3322 3676 3399; x_wconf 80' lang='lat' dir='ltr'>Fi-</span> 
     </span>
    </p>
   </div>
   <div class='ocr_carea' id='block_1_67' title="bbox 261 3431 1918 3510">
    <p class='ocr_par' dir='ltr' id='par_1_67' title="bbox 261 3431 1918 3510">
     <span class='ocr_line' id='line_1_68' title="bbox 261 3431 1918 3510; baseline 0.001 -20"><span class='ocrx_word' id='word_1_522' title='bbox 261 3437 414 3506; x_wconf 79' lang='grc' dir='ltr'>Υἱὸς,</span> <span class='ocrx_word' id='word_1_523' title='bbox 450 3432 575 3490; x_wconf 70' lang='grc' dir='ltr'>οὐδέ</span> <span class='ocrx_word' id='word_1_524' title='bbox 628 3436 717 3489; x_wconf 86' lang='grc' dir='ltr'>τὸν</span> <span class='ocrx_word' id='word_1_525' title='bbox 778 3434 902 3489; x_wconf 77' lang='grc' dir='ltr'>Υἱόν</span> <span class='ocrx_word' id='word_1_526' title='bbox 952 3456 1033 3495; x_wconf 83' lang='grc' dir='ltr'>τις</span> <span class='ocrx_word' id='word_1_527' title='bbox 1080 3431 1245 3507; x_wconf 71' lang='grc' dir='ltr'>οἶδεν,</span> <span class='ocrx_word' id='word_1_528' title='bbox 1288 3433 1334 3488; x_wconf 67' lang='grc' dir='ltr'>εἴ</span> <span class='ocrx_word' id='word_1_529' title='bbox 1386 3435 1461 3507; x_wconf 79' lang='grc' dir='ltr'>μὴ</span> <span class='ocrx_word' id='word_1_530' title='bbox 1510 3434 1538 3487; x_wconf 86' lang='grc' dir='ltr'>ὁ</span> <span class='ocrx_word' id='word_1_531' title='bbox 1590 3436 1798 3510; x_wconf 74' lang='grc' dir='ltr'>Πατὴρ,</span> <span class='ocrx_word' id='word_1_532' title='bbox 1830 3436 1918 3489; x_wconf 85' lang='grc' dir='ltr'>καὶ</span> 
     </span>
    </p>
   </div>
   <div class='ocr_carea' id='block_1_68' title="bbox 574 3520 1919 3599">
    <p class='ocr_par' dir='ltr' id='par_1_68' title="bbox 574 3520 1919 3599">
     <span class='ocr_line' id='line_1_69' title="bbox 574 3520 1919 3599; baseline 0 -21"><span class='ocrx_word' id='word_1_533' title='bbox 574 3522 842 3599; x_wconf 82' lang='grc' dir='ltr'>βούληται</span> <span class='ocrx_word' id='word_1_534' title='bbox 903 3525 931 3578; x_wconf 92' lang='lat'>6</span> <span class='ocrx_word' id='word_1_535' title='bbox 982 3524 1104 3585; x_wconf 74' lang='grc' dir='ltr'>Υἱὸς</span> <span class='ocrx_word' id='word_1_536' title='bbox 1165 3520 1514 3596; x_wconf 76' lang='grc' dir='ltr'>ἀποκαλύψαι</span> <span class='ocrx_word' id='word_1_537' title='bbox 1571 3526 1635 3579; x_wconf 67' lang='grc'>⁸⁵⁸.</span> <span class='ocrx_word' id='word_1_538' title='bbox 1697 3528 1919 3599; x_wconf 85' lang='grc' dir='ltr'>Πρῶτον</span> 
     </span>
    </p>
   </div>
   <div class='ocr_carea' id='block_1_69' title="bbox 260 3611 1920 3689">
    <p class='ocr_par' dir='ltr' id='par_1_69' title="bbox 260 3611 1920 3689">
     <span class='ocr_line' id='line_1_70' title="bbox 260 3611 1920 3689; baseline -0.001 -21"><span class='ocrx_word' id='word_1_539' title='bbox 260 3616 359 3687; x_wconf 77' lang='grc' dir='ltr'>μὲν</span> <span class='ocrx_word' id='word_1_540' title='bbox 393 3614 675 3686; x_wconf 83' lang='grc' dir='ltr'>θαυμάζω,</span> <span class='ocrx_word' id='word_1_541' title='bbox 708 3618 849 3685; x_wconf 82' lang='grc' dir='ltr'>πῶς,</span> <span class='ocrx_word' id='word_1_542' title='bbox 881 3617 979 3667; x_wconf 76' lang='grc' dir='ltr'>τοῦ</span> <span class='ocrx_word' id='word_1_543' title='bbox 1012 3612 1179 3689; x_wconf 87' lang='grc' dir='ltr'>λόγου</span> <span class='ocrx_word' id='word_1_544' title='bbox 1208 3612 1404 3666; x_wconf 87' lang='grc' dir='ltr'>τούτου</span> <span class='ocrx_word' id='word_1_545' title='bbox 1465 3612 1658 3686; x_wconf 89' lang='grc' dir='ltr'>μυρίας</span> <span class='ocrx_word' id='word_1_546' title='bbox 1690 3615 1733 3649; x_wconf 67' lang='grc'>9⁵</span> <span class='ocrx_word' id='word_1_547' title='bbox 1764 3611 1920 3689; x_wconf 79' lang='grc' dir='ltr'>ἔχον-</span> 
     </span>
    </p>
   </div>
   <div class='ocr_carea' id='block_1_70' title="bbox 253 3698 1921 3778">
    <p class='ocr_par' dir='ltr' id='par_1_70' title="bbox 253 3698 1921 3778">
     <span class='ocr_line' id='line_1_71' title="bbox 253 3698 1921 3778; baseline -0.001 -20"><span class='ocrx_word' id='word_1_548' title='bbox 253 3725 352 3765; x_wconf 82' lang='grc' dir='ltr'>τος</span> <span class='ocrx_word' id='word_1_549' title='bbox 388 3700 720 3778; x_wconf 80' lang='grc' dir='ltr'>ἐκδοχάς,σὺ</span> <span class='ocrx_word' id='word_1_550' title='bbox 749 3702 811 3756; x_wconf 89' lang='grc' dir='ltr'>τὸ</span> <span class='ocrx_word' id='word_1_551' title='bbox 843 3698 1307 3776; x_wconf 71' lang='grc' dir='ltr'>ἐπικινδυνότερον</span> <span class='ocrx_word' id='word_1_552' title='bbox 1334 3700 1558 3771; x_wconf 78' lang='grc' dir='ltr'>ἐξελέξω</span> <span class='ocrx_word' id='word_1_553' title='bbox 1585 3702 1921 3777; x_wconf 81' lang='grc' dir='ltr'>μέρος,πρὸς</span> 
     </span>
    </p>
   </div>
   <div class='ocr_carea' id='block_1_71' title="bbox 251 3789 1920 3867">
    <p class='ocr_par' dir='ltr' id='par_1_71' title="bbox 251 3789 1920 3867">
     <span class='ocr_line' id='line_1_72' title="bbox 251 3789 1920 3867; baseline 0 -21"><span class='ocrx_word' id='word_1_554' title='bbox 251 3792 530 3867; x_wconf 84' lang='grc' dir='ltr'>ἀγνωσίαν</span> <span class='ocrx_word' id='word_1_555' title='bbox 556 3796 653 3846; x_wconf 72' lang='grc' dir='ltr'>τοῦ</span> <span class='ocrx_word' id='word_1_556' title='bbox 685 3794 1041 3865; x_wconf 77' lang='grc' dir='ltr'>Δημιουργοῦ</span> <span class='ocrx_word' id='word_1_557' title='bbox 1070 3789 1161 3844; x_wconf 85' lang='grc' dir='ltr'>καὶ</span> <span class='ocrx_word' id='word_1_558' title='bbox 1208 3794 1315 3844; x_wconf 84' lang='grc' dir='ltr'>τῶν</span> <span class='ocrx_word' id='word_1_559' title='bbox 1371 3790 1457 3844; x_wconf 82' lang='grc' dir='ltr'>ὑπ’</span> <span class='ocrx_word' id='word_1_560' title='bbox 1489 3789 1652 3845; x_wconf 78' lang='grc' dir='ltr'>αὐτοῦ</span> <span class='ocrx_word' id='word_1_561' title='bbox 1711 3793 1920 3846; x_wconf 83' lang='grc' dir='ltr'>πάντων</span> 
     </span>
    </p>
   </div>
   <div class='ocr_carea' id='block_1_72' title="bbox 258 3877 1925 3958">
    <p class='ocr_par' dir='ltr' id='par_1_72' title="bbox 258 3877 1925 3958">
     <span class='ocr_line' id='line_1_73' title="bbox 258 3877 1925 3958; baseline -0.001 -23"><span class='ocrx_word' id='word_1_562' title='bbox 258 3884 441 3958; x_wconf 69' lang='grc' dir='ltr'>φήσας</span> <span class='ocrx_word' id='word_1_563' title='bbox 483 3879 728 3954; x_wconf 79' lang='grc' dir='ltr'>εἰρῆσθαι</span> <span class='ocrx_word' id='word_1_564' title='bbox 760 3879 853 3935; x_wconf 89' lang='grc' dir='ltr'>τὸν</span> <span class='ocrx_word' id='word_1_565' title='bbox 886 3878 1075 3954; x_wconf 89' lang='grc' dir='ltr'>λόγον.</span> <span class='ocrx_word' id='word_1_566' title='bbox 1112 3883 1334 3953; x_wconf 80' lang='grc' dir='ltr'>Πρῶτον</span> <span class='ocrx_word' id='word_1_567' title='bbox 1395 3878 1487 3951; x_wconf 70' lang='grc' dir='ltr'>μὲν</span> <span class='ocrx_word' id='word_1_568' title='bbox 1544 3880 1646 3955; x_wconf 89' lang='grc' dir='ltr'>γάρ</span> <span class='ocrx_word' id='word_1_569' title='bbox 1708 3877 1925 3935; x_wconf 84' lang='grc' dir='ltr'>δύναται</span> 
     </span>
    </p>
   </div>
   <div class='ocr_carea' id='block_1_73' title="bbox 259 3965 1925 4046">
    <p class='ocr_par' dir='ltr' id='par_1_73' title="bbox 259 3965 1925 4046">
     <span class='ocr_line' id='line_1_74' title="bbox 259 3965 1925 4046; baseline 0 -21"><span class='ocrx_word' id='word_1_570' title='bbox 259 3972 291 4025; x_wconf 83' lang='grc' dir='ltr'>ὁ</span> <span class='ocrx_word' id='word_1_571' title='bbox 322 3969 491 4046; x_wconf 86' lang='grc' dir='ltr'>λόγος</span> <span class='ocrx_word' id='word_1_572' title='bbox 526 3968 769 4042; x_wconf 81' lang='grc' dir='ltr'>εἰρῆσθαι</span> <span class='ocrx_word' id='word_1_573' title='bbox 802 3969 939 4044; x_wconf 88' lang='grc' dir='ltr'>πρὸς</span> <span class='ocrx_word' id='word_1_574' title='bbox 967 3970 1167 4030; x_wconf 80' lang='grc' dir='ltr'>πάντας</span> <span class='ocrx_word' id='word_1_575' title='bbox 1203 3965 1517 4040; x_wconf 78' lang='grc' dir='ltr'>Ἰουδαίους,</span> <span class='ocrx_word' id='word_1_576' title='bbox 1547 3968 1672 4031; x_wconf 79' lang='grc' dir='ltr'>τοὺς</span> <span class='ocrx_word' id='word_1_577' title='bbox 1724 3968 1925 4045; x_wconf 84' lang='grc' dir='ltr'>πατέρα</span> 
     </span>
    </p>
   </div>
   <div class='ocr_carea' id='block_1_74' title="bbox 262 4052 1927 4134">
    <p class='ocr_par' dir='ltr' id='par_1_74' title="bbox 262 4052 1927 4134">
     <span class='ocr_line' id='line_1_75' title="bbox 262 4052 1927 4134; baseline 0.001 -21"><span class='ocrx_word' id='word_1_578' title='bbox 262 4060 594 4133; x_wconf 81' lang='grc' dir='ltr'>νομίζοντας</span> <span class='ocrx_word' id='word_1_579' title='bbox 636 4058 770 4114; x_wconf 79' lang='grc' dir='ltr'>εἶναι</span> <span class='ocrx_word' id='word_1_580' title='bbox 821 4060 1055 4134; x_wconf 78' lang='grc' dir='ltr'>Χριστοῦ</span> <span class='ocrx_word' id='word_1_581' title='bbox 1103 4056 1196 4113; x_wconf 83' lang='grc' dir='ltr'>τὸν</span> <span class='ocrx_word' id='word_1_582' title='bbox 1227 4060 1272 4095; x_wconf 66' lang='grc'>9⁸</span> <span class='ocrx_word' id='word_1_583' title='bbox 1302 4052 1491 4126; x_wconf 74' lang='grc' dir='ltr'>Δαὸὶδ,</span> <span class='ocrx_word' id='word_1_584' title='bbox 1524 4058 1611 4112; x_wconf 88' lang='grc' dir='ltr'>καὶ</span> <span class='ocrx_word' id='word_1_585' title='bbox 1659 4058 1817 4113; x_wconf 80' lang='grc' dir='ltr'>αὐτὸν</span> <span class='ocrx_word' id='word_1_586' title='bbox 1870 4057 1927 4114; x_wconf 72' lang='grc' dir='ltr'>δὲ</span> 
     </span>
    </p>
   </div>
   <div class='ocr_carea' id='block_1_75' title="bbox 260 4145 1922 4225">
    <p class='ocr_par' dir='ltr' id='par_1_75' title="bbox 260 4145 1922 4225">
     <span class='ocr_line' id='line_1_76' title="bbox 260 4145 1922 4225; baseline 0.001 -21"><span class='ocrx_word' id='word_1_587' title='bbox 260 4151 357 4205; x_wconf 83' lang='grc' dir='ltr'>τὸν</span> <span class='ocrx_word' id='word_1_588' title='bbox 390 4149 617 4225; x_wconf 80' lang='grc' dir='ltr'>Χριστὸν</span> <span class='ocrx_word' id='word_1_589' title='bbox 650 4148 764 4203; x_wconf 75' lang='grc' dir='ltr'>υἱὸν</span> <span class='ocrx_word' id='word_1_590' title='bbox 795 4145 941 4218; x_wconf 78' lang='grc' dir='ltr'>ὄντα,</span> <span class='ocrx_word' id='word_1_591' title='bbox 973 4148 1064 4202; x_wconf 80' lang='grc' dir='ltr'>καὶ</span> <span class='ocrx_word' id='word_1_592' title='bbox 1103 4147 1225 4201; x_wconf 72' lang='grc' dir='ltr'>Υὶὸν</span> <span class='ocrx_word' id='word_1_593' title='bbox 1259 4152 1392 4202; x_wconf 78' lang='grc' dir='ltr'>Θεοῦ</span> <span class='ocrx_word' id='word_1_594' title='bbox 1428 4148 1503 4220; x_wconf 75' lang='grc' dir='ltr'>μὴ</span> <span class='ocrx_word' id='word_1_595' title='bbox 1538 4147 1828 4223; x_wconf 77' lang='grc' dir='ltr'>ἐγνωκέναι</span> <span class='ocrx_word' id='word_1_596' title='bbox 1858 4152 1922 4206; x_wconf 71' lang='grc'>9⁷.</span> 
     </span>
    </p>
   </div>
   <div class='ocr_carea' id='block_1_76' title="bbox 272 4232 1922 4315">
    <p class='ocr_par' dir='ltr' id='par_1_76' title="bbox 272 4232 1922 4315">
     <span class='ocr_line' id='line_1_77' title="bbox 272 4232 1922 4315; baseline 0 -21"><span class='ocrx_word' id='word_1_597' title='bbox 272 4239 367 4294; x_wconf 82' lang='grc' dir='ltr'>Διὸ</span> <span class='ocrx_word' id='word_1_598' title='bbox 417 4238 507 4293; x_wconf 80' lang='grc' dir='ltr'>καὶ</span> <span class='ocrx_word' id='word_1_599' title='bbox 561 4236 777 4299; x_wconf 72' lang='grc' dir='ltr'>οῗκείως</span> <span class='ocrx_word' id='word_1_600' title='bbox 842 4235 1071 4312; x_wconf 78' lang='grc' dir='ltr'>εἷ’ρηται·</span> <span class='ocrx_word' id='word_1_601' title='bbox 1126 4235 1311 4299; x_wconf 72' lang='grc' dir='ltr'>Οὐδεὶς</span> <span class='ocrx_word' id='word_1_602' title='bbox 1360 4232 1499 4311; x_wconf 84' lang='grc' dir='ltr'>ἔγνω</span> <span class='ocrx_word' id='word_1_603' title='bbox 1546 4238 1638 4291; x_wconf 89' lang='grc' dir='ltr'>τὸν</span> <span class='ocrx_word' id='word_1_604' title='bbox 1694 4240 1922 4315; x_wconf 82' lang='grc' dir='ltr'>Πατέρα,</span> 
     </span>
    </p>
   </div>
   <div class='ocr_carea' id='block_1_77' title="bbox 270 4321 1926 4401">
    <p class='ocr_par' dir='ltr' id='par_1_77' title="bbox 270 4321 1926 4401">
     <span class='ocr_line' id='line_1_78' title="bbox 270 4321 1926 4401; baseline 0 -19"><span class='ocrx_word' id='word_1_605' title='bbox 270 4327 385 4383; x_wconf 73' lang='grc' dir='ltr'>ἐπεὶ</span> <span class='ocrx_word' id='word_1_606' title='bbox 437 4328 552 4381; x_wconf 86' lang='grc' dir='ltr'>ἀντῖ</span> <span class='ocrx_word' id='word_1_607' title='bbox 602 4331 698 4381; x_wconf 78' lang='grc' dir='ltr'>τοῦ</span> <span class='ocrx_word' id='word_1_608' title='bbox 746 4330 876 4381; x_wconf 82' lang='grc' dir='ltr'>Θευῦ</span> <span class='ocrx_word' id='word_1_609' title='bbox 922 4327 1014 4381; x_wconf 84' lang='grc' dir='ltr'>τὸν</span> <span class='ocrx_word' id='word_1_610' title='bbox 1050 4321 1214 4380; x_wconf 75' lang='grc' dir='ltr'>Δαὸὶδ</span> <span class='ocrx_word' id='word_1_611' title='bbox 1253 4326 1448 4388; x_wconf 83' lang='grc' dir='ltr'>πάντες</span> <span class='ocrx_word' id='word_1_612' title='bbox 1504 4324 1715 4401; x_wconf 78' lang='grc' dir='ltr'>ἔλεγον,</span> <span class='ocrx_word' id='word_1_613' title='bbox 1748 4329 1809 4382; x_wconf 83' lang='grc' dir='ltr'>τὸ</span> <span class='ocrx_word' id='word_1_614' title='bbox 1869 4326 1926 4382; x_wconf 77' lang='grc' dir='ltr'>δὲ</span> 
     </span>
    </p>
   </div>
   <div class='ocr_carea' id='block_1_78' title="bbox 272 4413 1923 4488">
    <p class='ocr_par' dir='ltr' id='par_1_78' title="bbox 272 4413 1923 4488">
     <span class='ocr_line' id='line_1_79' title="bbox 272 4413 1923 4488; baseline 0.001 -18"><span class='ocrx_word' id='word_1_615' title='bbox 272 4415 533 4486; x_wconf 80' lang='grc' dir='ltr'>έπάξαντα</span> <span class='ocrx_word' id='word_1_616' title='bbox 590 4414 782 4485; x_wconf 83' lang='grc' dir='ltr'>εἰπεῖν,</span> <span class='ocrx_word' id='word_1_617' title='bbox 821 4414 896 4477; x_wconf 84' lang='grc' dir='ltr'>ὡς</span> <span class='ocrx_word' id='word_1_618' title='bbox 956 4413 1081 4469; x_wconf 71' lang='grc' dir='ltr'>οὐδὲ</span> <span class='ocrx_word' id='word_1_619' title='bbox 1136 4415 1225 4469; x_wconf 88' lang='grc' dir='ltr'>τὸν</span> <span class='ocrx_word' id='word_1_620' title='bbox 1276 4414 1398 4469; x_wconf 71' lang='grc' dir='ltr'>Υἱόν</span> <span class='ocrx_word' id='word_1_621' title='bbox 1452 4436 1536 4477; x_wconf 88' lang='grc' dir='ltr'>τις</span> <span class='ocrx_word' id='word_1_622' title='bbox 1593 4413 1756 4488; x_wconf 78' lang='grc' dir='ltr'>οἶδεν,</span> <span class='ocrx_word' id='word_1_623' title='bbox 1809 4415 1923 4471; x_wconf 77' lang='grc' dir='ltr'>ἐπεὶ</span> 
     </span>
    </p>
   </div>
   <div class='ocr_carea' id='block_1_79' title="bbox 272 4498 1921 4577">
    <p class='ocr_par' dir='ltr' id='par_1_79' title="bbox 272 4498 1921 4577">
     <span class='ocr_line' id='line_1_80' title="bbox 272 4498 1921 4577; baseline -0.001 -17"><span class='ocrx_word' id='word_1_624' title='bbox 272 4505 432 4560; x_wconf 72' lang='grc' dir='ltr'>αὐτὸν</span> <span class='ocrx_word' id='word_1_625' title='bbox 464 4504 585 4558; x_wconf 73' lang='grc' dir='ltr'>Υἱὸν</span> <span class='ocrx_word' id='word_1_626' title='bbox 618 4499 747 4558; x_wconf 77' lang='grc' dir='ltr'>ὄντα</span> <span class='ocrx_word' id='word_1_627' title='bbox 778 4504 875 4558; x_wconf 77' lang='grc' dir='ltr'>οὐκ</span> <span class='ocrx_word' id='word_1_628' title='bbox 904 4498 1122 4577; x_wconf 73' lang='grc' dir='ltr'>ᾔδεισαν</span> <span class='ocrx_word' id='word_1_629' title='bbox 1162 4506 1227 4571; x_wconf 72' lang='lat'>98,</span> <span class='ocrx_word' id='word_1_630' title='bbox 1258 4502 1345 4557; x_wconf 78' lang='grc' dir='ltr'>καὶ</span> <span class='ocrx_word' id='word_1_631' title='bbox 1394 4504 1458 4558; x_wconf 87' lang='grc' dir='ltr'>τὸ</span> <span class='ocrx_word' id='word_1_632' title='bbox 1508 4504 1700 4572; x_wconf 76' lang='grc' dir='ltr'>εἰπεῖν,</span> <span class='ocrx_word' id='word_1_633' title='bbox 1735 4506 1815 4566; x_wconf 82' lang='grc' dir='ltr'>οίς</span> <span class='ocrx_word' id='word_1_634' title='bbox 1864 4504 1921 4559; x_wconf 70' lang='grc' dir='ltr'>ἂν</span> 
     </span>
    </p>
   </div>
   <div class='ocr_carea' id='block_1_80' title="bbox 275 4590 1922 4670">
    <p class='ocr_par' dir='ltr' id='par_1_80' title="bbox 275 4590 1922 4670">
     <span class='ocr_line' id='line_1_81' title="bbox 275 4590 1922 4670; baseline 0 -23"><span class='ocrx_word' id='word_1_635' title='bbox 275 4591 545 4667; x_wconf 78' lang='grc' dir='ltr'>βούληται</span> <span class='ocrx_word' id='word_1_636' title='bbox 598 4593 626 4647; x_wconf 89' lang='lat'>6</span> <span class='ocrx_word' id='word_1_637' title='bbox 684 4592 801 4653; x_wconf 69' lang='grc' dir='ltr'>Υἱὸς</span> <span class='ocrx_word' id='word_1_638' title='bbox 852 4590 1221 4666; x_wconf 73' lang='grc' dir='ltr'>ἀποκαλύψαι,</span> <span class='ocrx_word' id='word_1_639' title='bbox 1273 4591 1449 4665; x_wconf 81' lang='grc' dir='ltr'>ὀρθῶς</span> <span class='ocrx_word' id='word_1_640' title='bbox 1499 4591 1728 4668; x_wconf 76' lang='grc' dir='ltr'>εἷ’ρηται’</span> <span class='ocrx_word' id='word_1_641' title='bbox 1766 4594 1922 4670; x_wconf 86' lang='grc' dir='ltr'>ὁγάρ</span> 
     </span>
    </p>
   </div>
   <div class='ocr_carea' id='block_1_81' title="bbox 259 3525 490 3587">
    <p class='ocr_par' dir='ltr' id='par_1_81' title="bbox 259 3525 490 3587">
     <span class='ocr_line' id='line_1_82' title="bbox 259 3525 490 3587; baseline -0.009 -7"><span class='ocrx_word' id='word_1_642' title='bbox 259 3527 348 3587; x_wconf 85' lang='grc' dir='ltr'>οἷς</span> <span class='ocrx_word' id='word_1_643' title='bbox 431 3525 490 3579; x_wconf 80' lang='grc' dir='ltr'>ἂν</span> 
     </span>
    </p>
   </div>
   <div class='ocr_carea' id='block_1_82' title="bbox 2031 3435 3673 3508">
    <p class='ocr_par' dir='ltr' id='par_1_82' title="bbox 2031 3435 3673 3508">
     <span class='ocr_line' id='line_1_83' title="bbox 2031 3435 3673 3508; baseline -0.001 -17"><span class='ocrx_word' id='word_1_644' title='bbox 2031 3438 2174 3491; x_wconf 79' lang='lat' dir='ltr'>lium</span> <span class='ocrx_word' id='word_1_645' title='bbox 2202 3438 2321 3508; x_wconf 87' lang='lat' dir='ltr'>quis</span> <span class='ocrx_word' id='word_1_646' title='bbox 2350 3438 2517 3501; x_wconf 81' lang='lat' dir='ltr'>novit,</span> <span class='ocrx_word' id='word_1_647' title='bbox 2552 3437 2663 3489; x_wconf 89' lang='lat' dir='ltr'>nisi</span> <span class='ocrx_word' id='word_1_648' title='bbox 2692 3436 2876 3503; x_wconf 82' lang='lat' dir='ltr'>Pater,</span> <span class='ocrx_word' id='word_1_649' title='bbox 2909 3438 2960 3489; x_wconf 85' lang='lat' dir='ltr'>et</span> <span class='ocrx_word' id='word_1_650' title='bbox 3007 3435 3206 3505; x_wconf 81' lang='lat' dir='ltr'>quibus</span> <span class='ocrx_word' id='word_1_651' title='bbox 3237 3435 3471 3489; x_wconf 79' lang='lat' dir='ltr'>voluerit</span> <span class='ocrx_word' id='word_1_652' title='bbox 3499 3435 3673 3489; x_wconf 80' lang='lat' dir='ltr'>Filius</span> 
     </span>
    </p>
   </div>
   <div class='ocr_carea' id='block_1_83' title="bbox 2028 3524 3671 3595">
    <p class='ocr_par' dir='ltr' id='par_1_83' title="bbox 2028 3524 3671 3595">
     <span class='ocr_line' id='line_1_84' title="bbox 2028 3524 3671 3595; baseline -0.001 -14"><span class='ocrx_word' id='word_1_653' title='bbox 2028 3528 2294 3581; x_wconf 81' lang='lat' dir='ltr'>revelare.</span> <span class='ocrx_word' id='word_1_654' title='bbox 2332 3525 2524 3579; x_wconf 87' lang='lat' dir='ltr'>Primo</span> <span class='ocrx_word' id='word_1_655' title='bbox 2564 3524 2798 3595; x_wconf 91' lang='lat' dir='ltr'>quidem</span> <span class='ocrx_word' id='word_1_656' title='bbox 2850 3524 3048 3589; x_wconf 90' lang='lat' dir='ltr'>miror,</span> <span class='ocrx_word' id='word_1_657' title='bbox 3080 3541 3196 3595; x_wconf 87' lang='lat' dir='ltr'>qua</span> <span class='ocrx_word' id='word_1_658' title='bbox 3244 3524 3487 3589; x_wconf 86' lang='lat' dir='ltr'>ratione,</span> <span class='ocrx_word' id='word_1_659' title='bbox 3538 3540 3671 3579; x_wconf 90' lang='lat' dir='ltr'>cum</span> 
     </span>
    </p>
   </div>
   <div class='ocr_carea' id='block_1_84' title="bbox 2030 3612 3672 3685">
    <p class='ocr_par' dir='ltr' id='par_1_84' title="bbox 2030 3612 3672 3685">
     <span class='ocr_line' id='line_1_85' title="bbox 2030 3612 3672 3685; baseline -0.002 -16"><span class='ocrx_word' id='word_1_660' title='bbox 2030 3615 2140 3669; x_wconf 91' lang='lat' dir='ltr'>hoc</span> <span class='ocrx_word' id='word_1_661' title='bbox 2170 3615 2389 3669; x_wconf 91' lang='lat' dir='ltr'>dictum</span> <span class='ocrx_word' id='word_1_662' title='bbox 2422 3614 2761 3669; x_wconf 88' lang='lat' dir='ltr'>innumeros</span> <span class='ocrx_word' id='word_1_663' title='bbox 2792 3614 3005 3668; x_wconf 86' lang='lat' dir='ltr'>habeat</span> <span class='ocrx_word' id='word_1_664' title='bbox 3034 3629 3264 3684; x_wconf 88' lang='lat' dir='ltr'>sensus,</span> <span class='ocrx_word' id='word_1_665' title='bbox 3289 3617 3352 3668; x_wconf 89' lang='lat' dir='ltr'>tu</span> <span class='ocrx_word' id='word_1_666' title='bbox 3387 3612 3672 3685; x_wconf 89' lang='lat' dir='ltr'>periculo-</span> 
     </span>
    </p>
   </div>
   <div class='ocr_carea' id='block_1_85' title="bbox 2033 3701 3675 3775">
    <p class='ocr_par' dir='ltr' id='par_1_85' title="bbox 2033 3701 3675 3775">
     <span class='ocr_line' id='line_1_86' title="bbox 2033 3701 3675 3775; baseline -0.002 -16"><span class='ocrx_word' id='word_1_667' title='bbox 2033 3704 2244 3760; x_wconf 88' lang='lat' dir='ltr'>siorem</span> <span class='ocrx_word' id='word_1_668' title='bbox 2276 3703 2521 3775; x_wconf 85' lang='lat' dir='ltr'>elegeris</span> <span class='ocrx_word' id='word_1_669' title='bbox 2569 3707 2812 3774; x_wconf 90' lang='lat' dir='ltr'>partem,</span> <span class='ocrx_word' id='word_1_670' title='bbox 2864 3702 3025 3757; x_wconf 88' lang='lat' dir='ltr'>aiens</span> <span class='ocrx_word' id='word_1_671' title='bbox 3071 3702 3361 3773; x_wconf 90' lang='lat' dir='ltr'>prolatum</span> <span class='ocrx_word' id='word_1_672' title='bbox 3406 3702 3588 3757; x_wconf 86' lang='lat' dir='ltr'>fuisse</span> <span class='ocrx_word' id='word_1_673' title='bbox 3618 3701 3675 3755; x_wconf 92' lang='lat' dir='ltr'>in</span> 
     </span>
    </p>
   </div>
   <div class='ocr_carea' id='block_1_86' title="bbox 2032 3791 3674 3866">
    <p class='ocr_par' dir='ltr' id='par_1_86' title="bbox 2032 3791 3674 3866">
     <span class='ocr_line' id='line_1_87' title="bbox 2032 3791 3674 3866; baseline -0.002 -18"><span class='ocrx_word' id='word_1_674' title='bbox 2032 3793 2421 3866; x_wconf 85' lang='lat' dir='ltr'>ignorantiam</span> <span class='ocrx_word' id='word_1_675' title='bbox 2455 3791 2742 3847; x_wconf 85' lang='lat' dir='ltr'>Creatoris</span> <span class='ocrx_word' id='word_1_676' title='bbox 2798 3791 3180 3863; x_wconf 90' lang='lat' dir='ltr'>omniumque</span> <span class='ocrx_word' id='word_1_677' title='bbox 3210 3794 3319 3847; x_wconf 92' lang='lat' dir='ltr'>sub</span> <span class='ocrx_word' id='word_1_678' title='bbox 3359 3808 3424 3847; x_wconf 89' lang='lat' dir='ltr'>eo</span> <span class='ocrx_word' id='word_1_679' title='bbox 3458 3792 3674 3862; x_wconf 90' lang='lat' dir='ltr'>posito-</span> 
     </span>
    </p>
   </div>
   <div class='ocr_carea' id='block_1_87' title="bbox 2033 3881 3677 3953">
    <p class='ocr_par' dir='ltr' id='par_1_87' title="bbox 2033 3881 3677 3953">
     <span class='ocr_line' id='line_1_88' title="bbox 2033 3881 3677 3953; baseline -0.002 -15"><span class='ocrx_word' id='word_1_680' title='bbox 2033 3900 2187 3938; x_wconf 89' lang='lat' dir='ltr'>rum.</span> <span class='ocrx_word' id='word_1_681' title='bbox 2214 3882 2518 3937; x_wconf 88' lang='lat' dir='ltr'>Enimvero</span> <span class='ocrx_word' id='word_1_682' title='bbox 2542 3881 2798 3953; x_wconf 87' lang='lat' dir='ltr'>primum</span> <span class='ocrx_word' id='word_1_683' title='bbox 2824 3884 3012 3953; x_wconf 87' lang='lat' dir='ltr'>potest</span> <span class='ocrx_word' id='word_1_684' title='bbox 3032 3881 3432 3936; x_wconf 88' lang='lat' dir='ltr'>testimonium</span> <span class='ocrx_word' id='word_1_685' title='bbox 3456 3881 3677 3935; x_wconf 89' lang='lat' dir='ltr'>dictum</span> 
     </span>
    </p>
   </div>
   <div class='ocr_carea' id='block_1_88' title="bbox 2034 3969 3679 4041">
    <p class='ocr_par' dir='ltr' id='par_1_88' title="bbox 2034 3969 3679 4041">
     <span class='ocr_line' id='line_1_89' title="bbox 2034 3969 3679 4041; baseline -0.004 -12"><span class='ocrx_word' id='word_1_686' title='bbox 2034 3989 2163 4029; x_wconf 90' lang='lat' dir='ltr'>esse</span> <span class='ocrx_word' id='word_1_687' title='bbox 2192 3972 2250 4026; x_wconf 91' lang='lat' dir='ltr'>in</span> <span class='ocrx_word' id='word_1_688' title='bbox 2284 3988 2489 4027; x_wconf 88' lang='lat' dir='ltr'>omnes</span> <span class='ocrx_word' id='word_1_689' title='bbox 2535 3972 2789 4039; x_wconf 73' lang='lat' dir='ltr'>Judzeos,</span> <span class='ocrx_word' id='word_1_690' title='bbox 2836 3970 2931 4041; x_wconf 91' lang='lat' dir='ltr'>qui</span> <span class='ocrx_word' id='word_1_691' title='bbox 2982 3975 3207 4041; x_wconf 85' lang='lat' dir='ltr'>patrem</span> <span class='ocrx_word' id='word_1_692' title='bbox 3252 3969 3464 4025; x_wconf 89' lang='lat' dir='ltr'>Christi</span> <span class='ocrx_word' id='word_1_693' title='bbox 3510 3973 3679 4041; x_wconf 88' lang='lat' dir='ltr'>puta-</span> 
     </span>
    </p>
   </div>
   <div class='ocr_carea' id='block_1_89' title="bbox 2035 4058 3676 4131">
    <p class='ocr_par' dir='ltr' id='par_1_89' title="bbox 2035 4058 3676 4131">
     <span class='ocr_line' id='line_1_90' title="bbox 2035 4058 3676 4131; baseline -0.003 -14"><span class='ocrx_word' id='word_1_694' title='bbox 2035 4062 2178 4117; x_wconf 88' lang='lat' dir='ltr'>bant</span> <span class='ocrx_word' id='word_1_695' title='bbox 2206 4061 2479 4125; x_wconf 90' lang='lat' dir='ltr'>Davidem</span> <span class='ocrx_word' id='word_1_696' title='bbox 2529 4076 2677 4128; x_wconf 87' lang='lat' dir='ltr'>esse,</span> <span class='ocrx_word' id='word_1_697' title='bbox 2726 4063 2901 4131; x_wconf 88' lang='lat' dir='ltr'>atque</span> <span class='ocrx_word' id='word_1_698' title='bbox 2948 4059 3244 4115; x_wconf 88' lang='lat' dir='ltr'>Christum</span> <span class='ocrx_word' id='word_1_699' title='bbox 3288 4060 3417 4129; x_wconf 89' lang='lat' dir='ltr'>ejus</span> <span class='ocrx_word' id='word_1_700' title='bbox 3466 4058 3676 4128; x_wconf 84' lang='lat' dir='ltr'>filium,</span> 
     </span>
    </p>
   </div>
   <div class='ocr_carea' id='block_1_90' title="bbox 2034 4147 3675 4222">
    <p class='ocr_par' dir='ltr' id='par_1_90' title="bbox 2034 4147 3675 4222">
     <span class='ocr_line' id='line_1_91' title="bbox 2034 4147 3675 4222; baseline -0.001 -18"><span class='ocrx_word' id='word_1_701' title='bbox 2034 4151 2251 4222; x_wconf 89' lang='lat' dir='ltr'>quique</span> <span class='ocrx_word' id='word_1_702' title='bbox 2295 4148 2502 4203; x_wconf 81' lang='lat' dir='ltr'>Filium</span> <span class='ocrx_word' id='word_1_703' title='bbox 2551 4147 2652 4203; x_wconf 90' lang='lat' dir='ltr'>Dei</span> <span class='ocrx_word' id='word_1_704' title='bbox 2697 4164 2812 4203; x_wconf 90' lang='lat' dir='ltr'>non</span> <span class='ocrx_word' id='word_1_705' title='bbox 2857 4152 3263 4219; x_wconf 84' lang='lat' dir='ltr'>cognoverant.</span> <span class='ocrx_word' id='word_1_706' title='bbox 3318 4148 3503 4212; x_wconf 79' lang='lat' dir='ltr'>Quare</span> <span class='ocrx_word' id='word_1_707' title='bbox 3544 4152 3675 4219; x_wconf 87' lang='lat' dir='ltr'>apte</span> 
     </span>
    </p>
   </div>
   <div class='ocr_carea' id='block_1_91' title="bbox 2034 4238 3672 4309">
    <p class='ocr_par' dir='ltr' id='par_1_91' title="bbox 2034 4238 3672 4309">
     <span class='ocr_line' id='line_1_92' title="bbox 2034 4238 3672 4309; baseline -0.002 -15"><span class='ocrx_word' id='word_1_708' title='bbox 2034 4239 2255 4295; x_wconf 89' lang='lat' dir='ltr'>dictum</span> <span class='ocrx_word' id='word_1_709' title='bbox 2292 4242 2379 4292; x_wconf 90' lang='lat' dir='ltr'>est</span> <span class='ocrx_word' id='word_1_710' title='bbox 2411 4254 2424 4291; x_wconf 75' lang='grc' dir='ltr'>ε</span> <span class='ocrx_word' id='word_1_711' title='bbox 2458 4241 2629 4293; x_wconf 89' lang='lat' dir='ltr'>Nemo</span> <span class='ocrx_word' id='word_1_712' title='bbox 2653 4238 2799 4293; x_wconf 80' lang='lat' dir='ltr'>novit</span> <span class='ocrx_word' id='word_1_713' title='bbox 2830 4239 3070 4305; x_wconf 81' lang='lat' dir='ltr'>Patrem,</span> <span class='ocrx_word' id='word_1_714' title='bbox 3098 4238 3237 4309; x_wconf 88' lang='lat' dir='ltr'>quia</span> <span class='ocrx_word' id='word_1_715' title='bbox 3271 4256 3371 4309; x_wconf 91' lang='lat' dir='ltr'>pro</span> <span class='ocrx_word' id='word_1_716' title='bbox 3402 4238 3517 4293; x_wconf 87' lang='lat' dir='ltr'>Deo</span> <span class='ocrx_word' id='word_1_717' title='bbox 3550 4253 3672 4291; x_wconf 86' lang='lat' dir='ltr'>om-</span> 
     </span>
    </p>
   </div>
   <div class='ocr_carea' id='block_1_92' title="bbox 2034 4326 3678 4398">
    <p class='ocr_par' dir='ltr' id='par_1_92' title="bbox 2034 4326 3678 4398">
     <span class='ocr_line' id='line_1_93' title="bbox 2034 4326 3678 4398; baseline -0.002 -15"><span class='ocrx_word' id='word_1_718' title='bbox 2034 4344 2137 4383; x_wconf 90' lang='lat' dir='ltr'>nes</span> <span class='ocrx_word' id='word_1_719' title='bbox 2159 4327 2435 4382; x_wconf 89' lang='lat' dir='ltr'>Davidem</span> <span class='ocrx_word' id='word_1_720' title='bbox 2458 4326 2692 4381; x_wconf 89' lang='lat' dir='ltr'>aiebant</span> <span class='ocrx_word' id='word_1_721' title='bbox 2726 4344 2738 4381; x_wconf 92' lang='lat'>:</span> <span class='ocrx_word' id='word_1_722' title='bbox 2775 4332 2831 4381; x_wconf 90' lang='lat' dir='ltr'>et</span> <span class='ocrx_word' id='word_1_723' title='bbox 2874 4329 3029 4398; x_wconf 90' lang='lat' dir='ltr'>quod</span> <span class='ocrx_word' id='word_1_724' title='bbox 3059 4328 3382 4398; x_wconf 79' lang='lat' dir='ltr'>subjungit,</span> <span class='ocrx_word' id='word_1_725' title='bbox 3414 4330 3557 4382; x_wconf 81' lang='lat' dir='ltr'>sicut</span> <span class='ocrx_word' id='word_1_726' title='bbox 3582 4341 3678 4381; x_wconf 84' lang='lat' dir='ltr'>nec</span> 
     </span>
    </p>
   </div>
   <div class='ocr_carea' id='block_1_93' title="bbox 2032 4416 3681 4487">
    <p class='ocr_par' dir='ltr' id='par_1_93' title="bbox 2032 4416 3681 4487">
     <span class='ocr_line' id='line_1_94' title="bbox 2032 4416 3681 4487; baseline -0.002 -15"><span class='ocrx_word' id='word_1_727' title='bbox 2032 4418 2237 4473; x_wconf 82' lang='lat' dir='ltr'>Filium</span> <span class='ocrx_word' id='word_1_728' title='bbox 2264 4417 2386 4487; x_wconf 83' lang='lat' dir='ltr'>quis</span> <span class='ocrx_word' id='word_1_729' title='bbox 2416 4418 2589 4481; x_wconf 79' lang='lat' dir='ltr'>novit,</span> <span class='ocrx_word' id='word_1_730' title='bbox 2622 4416 2843 4471; x_wconf 88' lang='lat' dir='ltr'>dictum</span> <span class='ocrx_word' id='word_1_731' title='bbox 2874 4421 2983 4484; x_wconf 86' lang='lat' dir='ltr'>est,</span> <span class='ocrx_word' id='word_1_732' title='bbox 3001 4417 3137 4486; x_wconf 90' lang='lat' dir='ltr'>quia</span> <span class='ocrx_word' id='word_1_733' title='bbox 3165 4433 3295 4471; x_wconf 85' lang='lat' dir='ltr'>eum</span> <span class='ocrx_word' id='word_1_734' title='bbox 3321 4416 3528 4471; x_wconf 79' lang='lat' dir='ltr'>Filium</span> <span class='ocrx_word' id='word_1_735' title='bbox 3552 4431 3681 4470; x_wconf 88' lang='lat' dir='ltr'>esse</span> 
     </span>
    </p>
   </div>
   <div class='ocr_carea' id='block_1_94' title="bbox 2034 4503 3679 4575">
    <p class='ocr_par' dir='ltr' id='par_1_94' title="bbox 2034 4503 3679 4575">
     <span class='ocr_line' id='line_1_95' title="bbox 2034 4503 3679 4575; baseline -0.002 -14"><span class='ocrx_word' id='word_1_736' title='bbox 2034 4506 2425 4573; x_wconf 90' lang='lat' dir='ltr'>nesciverunt,</span> <span class='ocrx_word' id='word_1_737' title='bbox 2459 4510 2517 4559; x_wconf 89' lang='lat' dir='ltr'>et</span> <span class='ocrx_word' id='word_1_738' title='bbox 2542 4505 2697 4575; x_wconf 90' lang='lat' dir='ltr'>quod</span> <span class='ocrx_word' id='word_1_739' title='bbox 2730 4503 2811 4559; x_wconf 89' lang='lat' dir='ltr'>ait</span> <span class='ocrx_word' id='word_1_740' title='bbox 2843 4521 2855 4558; x_wconf 89' lang='lat'><strong>:</strong></span> <span class='ocrx_word' id='word_1_741' title='bbox 2901 4504 3103 4571; x_wconf 80' lang='lat' dir='ltr'>Quibus</span> <span class='ocrx_word' id='word_1_742' title='bbox 3128 4508 3357 4561; x_wconf 78' lang='lat' dir='ltr'>voluerit</span> <span class='ocrx_word' id='word_1_743' title='bbox 3390 4505 3565 4560; x_wconf 81' lang='lat' dir='ltr'>Filius</span> <span class='ocrx_word' id='word_1_744' title='bbox 3596 4518 3679 4557; x_wconf 83' lang='lat' dir='ltr'>re-</span> 
     </span>
    </p>
   </div>
   <div class='ocr_carea' id='block_1_95' title="bbox 2032 4592 3680 4665">
    <p class='ocr_par' dir='ltr' id='par_1_95' title="bbox 2032 4592 3680 4665">
     <span class='ocr_line' id='line_1_96' title="bbox 2032 4592 3680 4665; baseline -0.002 -14"><span class='ocrx_word' id='word_1_745' title='bbox 2032 4597 2392 4665; x_wconf 85' lang='lat' dir='ltr'>velare,recte</span> <span class='ocrx_word' id='word_1_746' title='bbox 2415 4594 2649 4664; x_wconf 81' lang='lat' dir='ltr'>habet,q</span> <span class='ocrx_word' id='word_1_747' title='bbox 2662 4594 2718 4648; x_wconf 93' lang='lat' dir='ltr'>ui</span> <span class='ocrx_word' id='word_1_748' title='bbox 2742 4594 2897 4648; x_wconf 90' lang='lat' dir='ltr'>enim</span> <span class='ocrx_word' id='word_1_749' title='bbox 2920 4594 2991 4648; x_wconf 88' lang='lat' dir='ltr'>ab</span> <span class='ocrx_word' id='word_1_750' title='bbox 3014 4594 3177 4648; x_wconf 90' lang='lat' dir='ltr'>initio</span> <span class='ocrx_word' id='word_1_751' title='bbox 3201 4600 3289 4647; x_wconf 85' lang='lat' dir='ltr'>est</span> <span class='ocrx_word' id='word_1_752' title='bbox 3312 4592 3680 4660; x_wconf 87' lang='lat' dir='ltr'>Filius,solus</span> 
     </span>
    </p>
   </div>
   <div class='ocr_carea' id='block_1_96' title="bbox 270 4678 1923 4758">
    <p class='ocr_par' dir='ltr' id='par_1_96' title="bbox 270 4678 1923 4758">
     <span class='ocr_line' id='line_1_97' title="bbox 270 4678 1923 4758; baseline 0.001 -21"><span class='ocrx_word' id='word_1_753' title='bbox 270 4682 359 4737; x_wconf 87' lang='grc' dir='ltr'>ἀπ’</span> <span class='ocrx_word' id='word_1_754' title='bbox 392 4684 571 4758; x_wconf 81' lang='grc' dir='ltr'>ἀρχῆς</span> <span class='ocrx_word' id='word_1_755' title='bbox 624 4678 696 4735; x_wconf 81' lang='grc' dir='ltr'>ὢν</span> <span class='ocrx_word' id='word_1_756' title='bbox 750 4681 871 4743; x_wconf 73' lang='grc' dir='ltr'>Υἱὸς</span> <span class='ocrx_word' id='word_1_757' title='bbox 927 4679 1088 4753; x_wconf 84' lang='grc' dir='ltr'>μόνος</span> <span class='ocrx_word' id='word_1_758' title='bbox 1142 4678 1491 4757; x_wconf 68' lang='grc' dir='ltr'>ὡρίσθη,’ίνα</span> <span class='ocrx_word' id='word_1_759' title='bbox 1539 4683 1619 4743; x_wconf 81' lang='grc' dir='ltr'>οἷς</span> <span class='ocrx_word' id='word_1_760' title='bbox 1669 4681 1923 4757; x_wconf 89' lang='grc' dir='ltr'>βούλεται</span> 
     </span>
    </p>
   </div>
   <div class='ocr_carea' id='block_1_97' title="bbox 2038 4678 3677 4758">
    <p class='ocr_par' dir='ltr' id='par_1_97' title="bbox 2038 4682 3677 4754">
     <span class='ocr_line' id='line_1_98' title="bbox 2038 4682 3677 4754; baseline -0.002 -14"><span class='ocrx_word' id='word_1_761' title='bbox 2038 4687 2367 4741; x_wconf 88' lang='lat' dir='ltr'>destinatus</span> <span class='ocrx_word' id='word_1_762' title='bbox 2398 4688 2504 4751; x_wconf 84' lang='lat' dir='ltr'>est,</span> <span class='ocrx_word' id='word_1_763' title='bbox 2537 4688 2601 4738; x_wconf 91' lang='lat' dir='ltr'>ut</span> <span class='ocrx_word' id='word_1_764' title='bbox 2634 4683 2847 4754; x_wconf 88' lang='lat' dir='ltr'>quibus</span> <span class='ocrx_word' id='word_1_765' title='bbox 2888 4683 3048 4753; x_wconf 83' lang='lat' dir='ltr'>cupit</span> <span class='ocrx_word' id='word_1_766' title='bbox 3078 4682 3305 4737; x_wconf 86' lang='lat' dir='ltr'>revelet.</span> <span class='ocrx_word' id='word_1_767' title='bbox 3349 4683 3415 4736; x_wconf 91' lang='lat' dir='ltr'>Et</span> <span class='ocrx_word' id='word_1_768' title='bbox 3447 4682 3531 4736; x_wconf 89' lang='lat' dir='ltr'>sic</span> <span class='ocrx_word' id='word_1_769' title='bbox 3565 4698 3677 4736; x_wconf 86' lang='lat' dir='ltr'>non</span> 
     </span>
    </p>
   </div>
   <div class='ocr_carea' id='block_1_98' title="bbox 273 4767 1924 4844">
    <p class='ocr_par' dir='ltr' id='par_1_98' title="bbox 273 4767 1924 4844">
     <span class='ocr_line' id='line_1_99' title="bbox 273 4767 1924 4844; baseline 0.001 -19"><span class='ocrx_word' id='word_1_770' title='bbox 273 4769 619 4844; x_wconf 77' lang='grc' dir='ltr'>ἀποκαλύψῃ.</span> <span class='ocrx_word' id='word_1_771' title='bbox 654 4768 751 4823; x_wconf 82' lang='grc' dir='ltr'>Καὶ</span> <span class='ocrx_word' id='word_1_772' title='bbox 808 4768 981 4832; x_wconf 77' lang='grc' dir='ltr'>οὕτως</span> <span class='ocrx_word' id='word_1_773' title='bbox 1033 4767 1253 4824; x_wconf 83' lang='grc' dir='ltr'>δύναται</span> <span class='ocrx_word' id='word_1_774' title='bbox 1293 4768 1473 4843; x_wconf 77' lang='grc' dir='ltr'>Ἀδάμ</span> <span class='ocrx_word' id='word_1_775' title='bbox 1522 4770 1549 4824; x_wconf 93' lang='lat'>6</span> <span class='ocrx_word' id='word_1_776' title='bbox 1593 4770 1924 4843; x_wconf 86' lang='grc' dir='ltr'>πρωτόπλα-</span> 
     </span>
    </p>
   </div>
   <div class='ocr_carea' id='block_1_99' title="bbox 273 4855 1922 4937">
    <p class='ocr_par' dir='ltr' id='par_1_99' title="bbox 273 4855 1922 4937">
     <span class='ocr_line' id='line_1_100' title="bbox 273 4855 1922 4937; baseline 0.001 -23"><span class='ocrx_word' id='word_1_777' title='bbox 273 4880 395 4921; x_wconf 86' lang='grc' dir='ltr'>στος</span> <span class='ocrx_word' id='word_1_778' title='bbox 427 4858 586 4915; x_wconf 79' lang='grc' dir='ltr'>αὐτὸν</span> <span class='ocrx_word' id='word_1_779' title='bbox 620 4859 697 4933; x_wconf 75' lang='grc' dir='ltr'>μὴ</span> <span class='ocrx_word' id='word_1_780' title='bbox 731 4859 963 4934; x_wconf 86' lang='grc' dir='ltr'>ἀγνοεῖν,</span> <span class='ocrx_word' id='word_1_781' title='bbox 997 4855 1122 4914; x_wconf 76' lang='grc' dir='ltr'>οὐδὲ</span> <span class='ocrx_word' id='word_1_782' title='bbox 1161 4859 1339 4935; x_wconf 77' lang='grc' dir='ltr'>Ἑνὼχ</span> <span class='ocrx_word' id='word_1_783' title='bbox 1367 4860 1394 4913; x_wconf 86' lang='lat'>6</span> <span class='ocrx_word' id='word_1_784' title='bbox 1429 4858 1788 4936; x_wconf 80' lang='grc' dir='ltr'>εύαρεστήσας</span> <span class='ocrx_word' id='word_1_785' title='bbox 1847 4864 1922 4937; x_wconf 80' lang='grc' dir='ltr'>μὴ</span> 
     </span>
    </p>
   </div>
   <div class='ocr_carea' id='block_1_100' title="bbox 2038 4769 3679 4848">
    <p class='ocr_par' dir='ltr' id='par_1_100' title="bbox 2038 4769 3679 4848">
     <span class='ocr_line' id='line_1_101' title="bbox 2038 4769 3679 4848; baseline -0.004 -17"><span class='ocrx_word' id='word_1_786' title='bbox 2038 4779 2229 4848; x_wconf 88' lang='lat' dir='ltr'>potest</span> <span class='ocrx_word' id='word_1_787' title='bbox 2261 4774 2541 4841; x_wconf 88' lang='lat' dir='ltr'>Adamus,</span> <span class='ocrx_word' id='word_1_788' title='bbox 2576 4772 2801 4844; x_wconf 88' lang='lat' dir='ltr'>primus</span> <span class='ocrx_word' id='word_1_789' title='bbox 2833 4776 3064 4827; x_wconf 89' lang='lat' dir='ltr'>creatus</span> <span class='ocrx_word' id='word_1_790' title='bbox 3095 4771 3289 4837; x_wconf 91' lang='lat' dir='ltr'>homo,</span> <span class='ocrx_word' id='word_1_791' title='bbox 3322 4769 3487 4825; x_wconf 90' lang='lat' dir='ltr'>illum</span> <span class='ocrx_word' id='word_1_792' title='bbox 3520 4770 3679 4841; x_wconf 86' lang='lat' dir='ltr'>igno-</span> 
     </span>
    </p>
   </div>
   <div class='ocr_carea' id='block_1_101' title="bbox 2038 4857 3677 4933">
    <p class='ocr_par' dir='ltr' id='par_1_101' title="bbox 2038 4857 3677 4933">
     <span class='ocr_line' id='line_1_102' title="bbox 2038 4857 3677 4933; baseline -0.005 -11"><span class='ocrx_word' id='word_1_793' title='bbox 2038 4880 2199 4922; x_wconf 83' lang='lat' dir='ltr'>rasse</span> <span class='ocrx_word' id='word_1_794' title='bbox 2228 4877 2413 4933; x_wconf 90' lang='lat' dir='ltr'>neque</span> <span class='ocrx_word' id='word_1_795' title='bbox 2435 4861 2649 4929; x_wconf 88' lang='lat' dir='ltr'>Enoch,</span> <span class='ocrx_word' id='word_1_796' title='bbox 2684 4860 2781 4931; x_wconf 92' lang='lat' dir='ltr'>qui</span> <span class='ocrx_word' id='word_1_797' title='bbox 2814 4859 3055 4932; x_wconf 87' lang='lat' dir='ltr'>placuit,</span> <span class='ocrx_word' id='word_1_798' title='bbox 3079 4859 3381 4929; x_wconf 77' lang='lat' dir='ltr'>nesciisse,</span> <span class='ocrx_word' id='word_1_799' title='bbox 3415 4875 3518 4914; x_wconf 91' lang='lat' dir='ltr'>nec</span> <span class='ocrx_word' id='word_1_800' title='bbox 3537 4857 3677 4927; x_wconf 82' lang='lat' dir='ltr'>Noe,</span> 
     </span>
    </p>
   </div>
   <div class='ocr_carea' id='block_1_102' title="bbox 1628 4978 2305 5036">
    <p class='ocr_par' dir='ltr' id='par_1_102' title="bbox 1628 4978 2305 5036">
     <span class='ocr_line' id='line_1_103' title="bbox 1628 4978 2305 5036; baseline 0.006 -5"><span class='ocrx_word' id='word_1_801' title='bbox 1628 4978 1865 5036; x_wconf 74' lang='grc' dir='ltr'>νΑΗΙιΕ</span> <span class='ocrx_word' id='word_1_802' title='bbox 1900 4978 2305 5036; x_wconf 74' lang='lat' dir='ltr'>LEGI‘IONES.</span> 
     </span>
    </p>
   </div>
   <div class='ocr_carea' id='block_1_103' title="bbox 342 5068 3682 5151">
    <p class='ocr_par' dir='ltr' id='par_1_103' title="bbox 342 5068 3682 5151">
     <span class='ocr_line' id='line_1_104' title="bbox 342 5068 3682 5151; baseline -0.002 -21"><span class='ocrx_word' id='word_1_803' title='bbox 342 5075 387 5151; x_wconf 61' lang='grc' dir='ltr'>⁸ξ</span> <span class='ocrx_word' id='word_1_804' title='bbox 414 5074 559 5151; x_wconf 73' lang='lat' dir='ltr'>Vbb.</span> <span class='ocrx_word' id='word_1_805' title='bbox 591 5071 683 5127; x_wconf 81' lang='grc' dir='ltr'>καὶ</span> <span class='ocrx_word' id='word_1_806' title='bbox 740 5072 793 5151; x_wconf 85' lang='lat'>6_</span> <span class='ocrx_word' id='word_1_807' title='bbox 819 5072 1008 5151; x_wconf 85' lang='grc' dir='ltr'>Σίμων</span> <span class='ocrx_word' id='word_1_808' title='bbox 1039 5090 1185 5151; x_wconf 19' lang='grc' dir='ltr'>Αοω.</span> <span class='ocrx_word' id='word_1_809' title='bbox 1244 5074 1308 5131; x_wconf 92' lang='grc' dir='ltr'>Ο.</span> <span class='ocrx_word' id='word_1_810' title='bbox 1340 5074 1430 5151; x_wconf 29' lang='grc'>.-⁸⁸</span> <span class='ocrx_word' id='word_1_811' title='bbox 1487 5072 1928 5151; x_wconf 81' lang='grc' dir='ltr'>ἐπιτετευχθέντα</span> <span class='ocrx_word' id='word_1_812' title='bbox 1984 5082 2042 5151; x_wconf 79' lang='grc' dir='ltr'>Ο,</span> <span class='ocrx_word' id='word_1_813' title='bbox 2078 5073 2489 5151; x_wconf 71' lang='grc' dir='ltr'>ἐπιτετευγμένα</span> <span class='ocrx_word' id='word_1_814' title='bbox 2671 5075 2713 5109; x_wconf 81' lang='grc'>⁸⁷</span> <span class='ocrx_word' id='word_1_815' title='bbox 2759 5069 2896 5151; x_wconf 25' lang='grc' dir='ltr'>οἷᾼδεν</span> <span class='ocrx_word' id='word_1_816' title='bbox 3070 5072 3114 5108; x_wconf 77' lang='grc'>⁸⁸</span> <span class='ocrx_word' id='word_1_817' title='bbox 3140 5068 3267 5151; x_wconf 71' lang='grc' dir='ltr'>’ίδης</span> <span class='ocrx_word' id='word_1_818' title='bbox 3404 5073 3479 5151; x_wconf 43' lang='grc'>,⁸9</span> <span class='ocrx_word' id='word_1_819' title='bbox 3507 5070 3682 5151; x_wconf 72' lang='grc' dir='ltr'>αὖτῷν</span> 
     </span>
    </p>
   </div>
   <div class='ocr_carea' id='block_1_104' title="bbox 272 5142 3675 5221">
    <p class='ocr_par' dir='ltr' id='par_1_104' title="bbox 272 5142 3675 5221">
     <span class='ocr_line' id='line_1_105' title="bbox 272 5142 3675 5221; baseline -0.001 -19"><span class='ocrx_word' id='word_1_820' title='bbox 272 5146 482 5221; x_wconf 70' lang='lat' dir='ltr'>scripsi</span> <span class='ocrx_word' id='word_1_821' title='bbox 540 5162 609 5202; x_wconf 81' lang='lat' dir='ltr'>ex</span> <span class='ocrx_word' id='word_1_822' title='bbox 664 5142 931 5221; x_wconf 63' lang='lat' dir='ltr'>conjectl,</span> <span class='ocrx_word' id='word_1_823' title='bbox 972 5149 1056 5221; x_wconf 80' lang='lat' dir='ltr'>_ut</span> <span class='ocrx_word' id='word_1_824' title='bbox 1109 5146 1415 5221; x_wconf 67' lang='lat' dir='ltr'>sequentia</span> <span class='ocrx_word' id='word_1_825' title='bbox 1484 5152 1646 5221; x_wconf 74' lang='lat' dir='ltr'>stare</span> <span class='ocrx_word' id='word_1_826' title='bbox 1722 5142 1969 5221; x_wconf 64' lang='lat' dir='ltr'>possint,</span> <span class='ocrx_word' id='word_1_827' title='bbox 2029 5142 2216 5202; x_wconf 74' lang='grc' dir='ltr'>ἒαυτόν</span> <span class='ocrx_word' id='word_1_828' title='bbox 2274 5142 2457 5221; x_wconf 56' lang='lat' dir='ltr'>C,&quot;0_.</span> <span class='ocrx_word' id='word_1_829' title='bbox 2510 5146 2664 5221; x_wconf 68' lang='lat' dir='ltr'>Tum</span> <span class='ocrx_word' id='word_1_830' title='bbox 2746 5146 2881 5221; x_wconf 72' lang='lat' dir='ltr'>add.</span> <span class='ocrx_word' id='word_1_831' title='bbox 2940 5144 3014 5205; x_wconf 83' lang='grc' dir='ltr'>ὡς</span> <span class='ocrx_word' id='word_1_832' title='bbox 3064 5148 3203 5221; x_wconf 74' lang='lat' dir='ltr'>ante</span> <span class='ocrx_word' id='word_1_833' title='bbox 3280 5142 3463 5221; x_wconf 56' lang='grc' dir='ltr'>αὐτός⁸</span> <span class='ocrx_word' id='word_1_834' title='bbox 3510 5162 3558 5200; x_wconf 92' lang='lat' dir='ltr'>c.</span> <span class='ocrx_word' id='word_1_835' title='bbox 3607 5148 3675 5221; x_wconf 45' lang='grc' dir='ltr'>ρ,</span> 
     </span>
    </p>
   </div>
   <div class='ocr_carea' id='block_1_105' title="bbox 273 5214 1923 5289">
    <p class='ocr_par' dir='ltr' id='par_1_105' title="bbox 273 5214 1923 5289">
     <span class='ocr_line' id='line_1_106' title="bbox 273 5214 1923 5289; baseline 0 -15"><span class='ocrx_word' id='word_1_836' title='bbox 273 5214 605 5289; x_wconf 70' lang='lat' dir='ltr'>Lectionem</span> <span class='ocrx_word' id='word_1_837' title='bbox 636 5214 944 5289; x_wconf 75' lang='lat' dir='ltr'>utriusque</span> <span class='ocrx_word' id='word_1_838' title='bbox 972 5217 1141 5273; x_wconf 91' lang='lat' dir='ltr'>Hom.</span> <span class='ocrx_word' id='word_1_839' title='bbox 1175 5214 1301 5273; x_wconf 75' lang='lat' dir='ltr'>cod.</span> <span class='ocrx_word' id='word_1_840' title='bbox 1336 5214 1408 5271; x_wconf 82' lang='grc' dir='ltr'>ὣν</span> <span class='ocrx_word' id='word_1_841' title='bbox 1442 5215 1696 5289; x_wconf 78' lang='grc' dir='ltr'>αὐθέντης</span> <span class='ocrx_word' id='word_1_842' title='bbox 1722 5214 1885 5274; x_wconf 69' lang='grc' dir='ltr'>αὐτόν</span> <span class='ocrx_word' id='word_1_843' title='bbox 1913 5227 1923 5273; x_wconf 79' lang='grc' dir='ltr'>ι</span> 
     </span>
    </p>
   </div>
   <div class='ocr_carea' id='block_1_106' title="bbox 2038 5214 3200 5289">
    <p class='ocr_par' dir='ltr' id='par_1_106' title="bbox 2038 5214 3200 5289">
     <span class='ocr_line' id='line_1_107' title="bbox 2038 5214 3200 5289; baseline -0.005 -14"><span class='ocrx_word' id='word_1_844' title='bbox 2038 5225 2195 5276; x_wconf 89' lang='lat' dir='ltr'>ustra</span> <span class='ocrx_word' id='word_1_845' title='bbox 2225 5217 2476 5273; x_wconf 89' lang='lat' dir='ltr'>mutavit</span> <span class='ocrx_word' id='word_1_846' title='bbox 2506 5217 2563 5271; x_wconf 92' lang='lat' dir='ltr'>in</span> <span class='ocrx_word' id='word_1_847' title='bbox 2597 5216 2671 5276; x_wconf 85' lang='grc' dir='ltr'>ὡς</span> <span class='ocrx_word' id='word_1_848' title='bbox 2702 5214 2959 5284; x_wconf 72' lang='grc' dir='ltr'>αὐθέντην</span> <span class='ocrx_word' id='word_1_849' title='bbox 3020 5214 3200 5289; x_wconf 74' lang='grc' dir='ltr'>αὐτός.</span> 
     </span>
    </p>
   </div>
   <div class='ocr_carea' id='block_1_107' title="bbox 3278 5210 3679 5271">
    <p class='ocr_par' dir='ltr' id='par_1_107' title="bbox 3278 5210 3679 5271">
     <span class='ocr_line' id='line_1_108' title="bbox 3278 5210 3679 5271; baseline -0.007 -2"><span class='ocrx_word' id='word_1_850' title='bbox 3278 5216 3322 5251; x_wconf 79' lang='grc'>⁹⁰</span> <span class='ocrx_word' id='word_1_851' title='bbox 3362 5216 3507 5271; x_wconf 92' lang='lat' dir='ltr'>Vbb.</span> <span class='ocrx_word' id='word_1_852' title='bbox 3567 5210 3679 5267; x_wconf 80' lang='grc' dir='ltr'>οὐδ’</span> 
     </span>
    </p>
   </div>
   <div class='ocr_carea' id='block_1_108' title="bbox 272 5285 3679 5363">
    <p class='ocr_par' dir='ltr' id='par_1_108' title="bbox 272 5285 3679 5363">
     <span class='ocr_line' id='line_1_109' title="bbox 272 5285 3679 5363; baseline -0.001 -20"><span class='ocrx_word' id='word_1_853' title='bbox 272 5290 300 5343; x_wconf 79' lang='grc' dir='ltr'>ὁ</span> <span class='ocrx_word' id='word_1_854' title='bbox 333 5288 525 5353; x_wconf 68' lang='grc' dir='ltr'>ἑστώς,</span> <span class='ocrx_word' id='word_1_855' title='bbox 555 5308 607 5344; x_wconf 85' lang='grc' dir='ltr'>κ.</span> <span class='ocrx_word' id='word_1_856' title='bbox 640 5307 691 5343; x_wconf 90' lang='grc' dir='ltr'>τ.</span> <span class='ocrx_word' id='word_1_857' title='bbox 725 5285 779 5343; x_wconf 88' lang='grc' dir='ltr'>λ.</span> <span class='ocrx_word' id='word_1_858' title='bbox 813 5285 1034 5361; x_wconf 85' lang='lat' dir='ltr'>absque</span> <span class='ocrx_word' id='word_1_859' title='bbox 1063 5289 1437 5363; x_wconf 82' lang='lat' dir='ltr'>distinctione</span> <span class='ocrx_word' id='word_1_860' title='bbox 1467 5289 1525 5345; x_wconf 92' lang='lat' dir='ltr'>in</span> <span class='ocrx_word' id='word_1_861' title='bbox 1562 5285 1673 5346; x_wconf 82' lang='lat' dir='ltr'>ms.</span> <span class='ocrx_word' id='word_1_862' title='bbox 1706 5293 1768 5347; x_wconf 89' lang='lat' dir='ltr'>ld</span> <span class='ocrx_word' id='word_1_863' title='bbox 1802 5296 1890 5349; x_wconf 87' lang='lat' dir='ltr'>est</span> <span class='ocrx_word' id='word_1_864' title='bbox 1920 5309 1934 5348; x_wconf 88' lang='lat'><strong>:</strong></span> <span class='ocrx_word' id='word_1_865' title='bbox 1969 5293 2153 5363; x_wconf 81' lang='lat' dir='ltr'>Neque</span> <span class='ocrx_word' id='word_1_866' title='bbox 2194 5299 2367 5363; x_wconf 80' lang='lat' dir='ltr'>stans,</span> <span class='ocrx_word' id='word_1_867' title='bbox 2410 5290 2578 5363; x_wconf 71' lang='lat' dir='ltr'>atteri</span> <span class='ocrx_word' id='word_1_868' title='bbox 2624 5291 2900 5363; x_wconf 74' lang='lat' dir='ltr'>oppositus</span> <span class='ocrx_word' id='word_1_869' title='bbox 2949 5293 3012 5363; x_wconf 65' lang='lat' dir='ltr'>et</span> <span class='ocrx_word' id='word_1_870' title='bbox 3042 5288 3410 5363; x_wconf 69' lang='lat' dir='ltr'>adversarius,</span> <span class='ocrx_word' id='word_1_871' title='bbox 3439 5291 3679 5363; x_wconf 82' lang='lat' dir='ltr'>staturus</span> 
     </span>
    </p>
   </div>
   <div class='ocr_carea' id='block_1_109' title="bbox 270 5359 3349 5435">
    <p class='ocr_par' dir='ltr' id='par_1_109' title="bbox 270 5359 3349 5435">
     <span class='ocr_line' id='line_1_110' title="bbox 270 5359 3349 5435; baseline -0.002 -17"><span class='ocrx_word' id='word_1_872' title='bbox 270 5366 365 5418; x_wconf 72' lang='lat' dir='ltr'>est.</span> <span class='ocrx_word' id='word_1_873' title='bbox 398 5364 583 5435; x_wconf 85' lang='lat' dir='ltr'>Quem</span> <span class='ocrx_word' id='word_1_874' title='bbox 615 5376 855 5435; x_wconf 81' lang='lat' dir='ltr'>sensum</span> <span class='ocrx_word' id='word_1_875' title='bbox 890 5359 1147 5435; x_wconf 11' lang='lat' dir='ltr'>utgpotui</span> <span class='ocrx_word' id='word_1_876' title='bbox 1178 5361 1513 5435; x_wconf 81' lang='lat' dir='ltr'>expiscatus</span> <span class='ocrx_word' id='word_1_877' title='bbox 1546 5380 1701 5429; x_wconf 87' lang='lat' dir='ltr'>sum,</span> <span class='ocrx_word' id='word_1_878' title='bbox 1728 5364 1939 5435; x_wconf 89' lang='lat' dir='ltr'>partim</span> <span class='ocrx_word' id='word_1_879' title='bbox 1971 5381 2039 5419; x_wconf 85' lang='lat' dir='ltr'>ex</span> <span class='ocrx_word' id='word_1_880' title='bbox 2057 5359 2346 5419; x_wconf 66' lang='lat' dir='ltr'>orationis</span> <span class='ocrx_word' id='word_1_881' title='bbox 2377 5361 2544 5435; x_wconf 83' lang='lat' dir='ltr'>serie,</span> <span class='ocrx_word' id='word_1_882' title='bbox 2578 5359 2788 5435; x_wconf 79' lang='lat' dir='ltr'>partim</span> <span class='ocrx_word' id='word_1_883' title='bbox 2822 5359 3047 5435; x_wconf 61' lang='lat' dir='ltr'>egt__al_iis</span> <span class='ocrx_word' id='word_1_884' title='bbox 3080 5360 3287 5435; x_wconf 80' lang='lat' dir='ltr'>borum</span> <span class='ocrx_word' id='word_1_885' title='bbox 3320 5377 3349 5414; x_wconf 87' lang='lat' dir='ltr'>a</span> 
     </span>
    </p>
   </div>
   <div class='ocr_carea' id='block_1_110' title="bbox 3396 5360 3677 5431">
    <p class='ocr_par' dir='ltr' id='par_1_110' title="bbox 3396 5360 3677 5431">
     <span class='ocr_line' id='line_1_111' title="bbox 3396 5360 3677 5431; baseline -0.004 -17"><span class='ocrx_word' id='word_1_886' title='bbox 3396 5360 3677 5431; x_wconf 78' lang='lat' dir='ltr'>ocrypho-</span> 
     </span>
    </p>
   </div>
   <div class='ocr_carea' id='block_1_111' title="bbox 270 5377 1923 5505">
    <p class='ocr_par' dir='ltr' id='par_1_111' title="bbox 270 5377 1923 5505">
     <span class='ocr_line' id='line_1_112' title="bbox 270 5377 1923 5435; baseline 0.001 -17"><span class='ocrx_word' id='word_1_887' title='bbox 270 5377 365 5418; x_wconf 71' lang='lat' dir='ltr'>est.</span> <span class='ocrx_word' id='word_1_888' title='bbox 398 5377 583 5426; x_wconf 80' lang='lat' dir='ltr'>uuem</span> <span class='ocrx_word' id='word_1_889' title='bbox 615 5377 855 5416; x_wconf 85' lang='lat' dir='ltr'>sensum</span> <span class='ocrx_word' id='word_1_890' title='bbox 890 5377 955 5416; x_wconf 84' lang='grc' dir='ltr'>ιιι</span> <span class='ocrx_word' id='word_1_891' title='bbox 986 5377 1147 5433; x_wconf 83' lang='grc' dir='ltr'>ροιιιι</span> <span class='ocrx_word' id='word_1_892' title='bbox 1178 5377 1513 5433; x_wconf 80' lang='lat' dir='ltr'>expiscatus</span> <span class='ocrx_word' id='word_1_893' title='bbox 1546 5380 1701 5429; x_wconf 87' lang='lat' dir='ltr'>sum,</span> <span class='ocrx_word' id='word_1_894' title='bbox 1728 5377 1923 5435; x_wconf 68' lang='lat' dir='ltr'>partu:</span> 
     </span>
     <span class='ocr_line' id='line_1_113' title="bbox 270 5431 1899 5505; baseline 0 -16"><span class='ocrx_word' id='word_1_895' title='bbox 270 5432 595 5505; x_wconf 27' lang='lat' dir='ltr'>rum‘locis,</span> <span class='ocrx_word' id='word_1_896' title='bbox 628 5431 786 5487; x_wconf 90' lang='lat' dir='ltr'>hom.</span> <span class='ocrx_word' id='word_1_897' title='bbox 820 5450 883 5499; x_wconf 90' lang='grc' dir='ltr'>ιι,</span> <span class='ocrx_word' id='word_1_898' title='bbox 912 5433 1003 5500; x_wconf 83' lang='grc'>22,</span> <span class='ocrx_word' id='word_1_899' title='bbox 1034 5433 1140 5499; x_wconf 80' lang='grc'>24;</span> <span class='ocrx_word' id='word_1_900' title='bbox 1173 5449 1255 5499; x_wconf 89' lang='grc' dir='ltr'>ιιι,</span> <span class='ocrx_word' id='word_1_901' title='bbox 1288 5434 1359 5500; x_wconf 85' lang='grc'>2;</span> <span class='ocrx_word' id='word_1_902' title='bbox 1394 5450 1549 5503; x_wconf 77' lang='grc' dir='ltr'>χνιι,</span> <span class='ocrx_word' id='word_1_903' title='bbox 1586 5435 1634 5489; x_wconf 93' lang='grc'>1.</span> <span class='ocrx_word' id='word_1_904' title='bbox 1669 5437 1819 5505; x_wconf 75' lang='lat' dir='ltr'>Epit.</span> <span class='ocrx_word' id='word_1_905' title='bbox 1850 5452 1899 5490; x_wconf 93' lang='lat' dir='ltr'>c.</span> 
     </span>
    </p>
   </div>
   <div class='ocr_carea' id='block_1_112' title="bbox 2038 5377 3677 5505">
    <p class='ocr_par' dir='ltr' id='par_1_112' title="bbox 2038 5377 3677 5505">
     <span class='ocr_line' id='line_1_114' title="bbox 2038 5377 3677 5484; baseline -0.003 -66"><span class='ocrx_word' id='word_1_906' title='bbox 2038 5413 2039 5418; x_wconf 45' lang='grc' dir='ltr'>η</span> <span class='ocrx_word' id='word_1_907' title='bbox 2068 5377 2346 5419; x_wconf 77' lang='lat' dir='ltr'>orationis</span> <span class='ocrx_word' id='word_1_908' title='bbox 2377 5377 2544 5426; x_wconf 81' lang='lat' dir='ltr'>serie,</span> <span class='ocrx_word' id='word_1_909' title='bbox 2578 5377 2788 5431; x_wconf 85' lang='lat' dir='ltr'>parum</span> <span class='ocrx_word' id='word_1_910' title='bbox 2822 5378 2889 5415; x_wconf 87' lang='lat' dir='ltr'>ex</span> <span class='ocrx_word' id='word_1_911' title='bbox 2920 5377 3047 5415; x_wconf 79' lang='lat' dir='ltr'>aius</span> <span class='ocrx_word' id='word_1_912' title='bbox 3081 5377 3287 5415; x_wconf 86' lang='lat' dir='ltr'>norum</span> <span class='ocrx_word' id='word_1_913' title='bbox 3320 5377 3677 5484; x_wconf 67' lang='lat' dir='ltr'>apocrypno-</span> 
     </span>
     <span class='ocr_line' id='line_1_115' title="bbox 2054 5430 3677 5505; baseline -0.004 -14"><span class='ocrx_word' id='word_1_914' title='bbox 2054 5437 2309 5505; x_wconf 46' lang='lat' dir='ltr'>Recogry,</span> <span class='ocrx_word' id='word_1_915' title='bbox 2329 5451 2390 5505; x_wconf 85' lang='grc' dir='ltr'>ιι,</span> <span class='ocrx_word' id='word_1_916' title='bbox 2420 5434 2494 5505; x_wconf 84' lang='lat'>7-,</span> <span class='ocrx_word' id='word_1_917' title='bbox 2522 5449 2605 5505; x_wconf 82' lang='grc' dir='ltr'>ιιι,</span> <span class='ocrx_word' id='word_1_918' title='bbox 2638 5433 2724 5505; x_wconf 73' lang='grc'>47.</span> <span class='ocrx_word' id='word_1_919' title='bbox 2759 5430 2996 5505; x_wconf 35' lang='grc' dir='ltr'>ΟηιΜίίιί-</span> <span class='ocrx_word' id='word_1_920' title='bbox 3022 5431 3359 5505; x_wconf 77' lang='lat' dir='ltr'>quidem,co</span> <span class='ocrx_word' id='word_1_921' title='bbox 3388 5430 3423 5484; x_wconf 95' lang='lat' dir='ltr'>l.</span> <span class='ocrx_word' id='word_1_922' title='bbox 3443 5447 3677 5505; x_wconf 73' lang='lat' dir='ltr'>praeser-</span> 
     </span>
    </p>
   </div>
   <div class='ocr_carea' id='block_1_113' title="bbox 268 5500 1923 5574">
    <p class='ocr_par' dir='ltr' id='par_1_113' title="bbox 268 5500 1923 5574">
     <span class='ocr_line' id='line_1_116' title="bbox 268 5500 1923 5574; baseline 0.001 -14"><span class='ocrx_word' id='word_1_923' title='bbox 268 5507 373 5560; x_wconf 89' lang='lat' dir='ltr'>tim</span> <span class='ocrx_word' id='word_1_924' title='bbox 406 5503 531 5560; x_wconf 92' lang='lat' dir='ltr'>loco</span> <span class='ocrx_word' id='word_1_925' title='bbox 566 5505 719 5574; x_wconf 88' lang='lat' dir='ltr'>hom.</span> <span class='ocrx_word' id='word_1_926' title='bbox 758 5521 816 5571; x_wconf 88' lang='grc' dir='ltr'>ιι,</span> <span class='ocrx_word' id='word_1_927' title='bbox 848 5505 938 5557; x_wconf 84' lang='grc'>22.</span> <span class='ocrx_word' id='word_1_928' title='bbox 968 5509 1169 5559; x_wconf 82' lang='lat' dir='ltr'>nostra</span> <span class='ocrx_word' id='word_1_929' title='bbox 1200 5505 1282 5559; x_wconf 88' lang='lat' dir='ltr'>sic</span> <span class='ocrx_word' id='word_1_930' title='bbox 1316 5500 1585 5559; x_wconf 86' lang='lat' dir='ltr'>videntur</span> <span class='ocrx_word' id='word_1_931' title='bbox 1614 5500 1742 5561; x_wconf 78' lang='lat' dir='ltr'>esse</span> <span class='ocrx_word' id='word_1_932' title='bbox 1776 5507 1923 5562; x_wconf 61' lang='lat' dir='ltr'>restit</span> 
     </span>
    </p>
   </div>
   <div class='ocr_carea' id='block_1_114' title="bbox 2038 5500 3673 5574">
    <p class='ocr_par' dir='ltr' id='par_1_114' title="bbox 2038 5500 3673 5574">
     <span class='ocr_line' id='line_1_117' title="bbox 2038 5500 3673 5574; baseline -0.005 -12"><span class='ocrx_word' id='word_1_933' title='bbox 2038 5509 2137 5562; x_wconf 74' lang='lat' dir='ltr'>ida</span> <span class='ocrx_word' id='word_1_934' title='bbox 2170 5500 2332 5560; x_wconf 78' lang='grc' dir='ltr'>εόὐδ⁹</span> <span class='ocrx_word' id='word_1_935' title='bbox 2359 5503 2441 5559; x_wconf 77' lang='grc' dir='ltr'>ὅτι</span> <span class='ocrx_word' id='word_1_936' title='bbox 2475 5502 2584 5574; x_wconf 88' lang='lat' dir='ltr'>(vel</span> <span class='ocrx_word' id='word_1_937' title='bbox 2618 5503 2792 5557; x_wconf 88' lang='lat' dir='ltr'>etiam</span> <span class='ocrx_word' id='word_1_938' title='bbox 2825 5500 2905 5554; x_wconf 78' lang='grc' dir='ltr'>ὅτι</span> <span class='ocrx_word' id='word_1_939' title='bbox 2939 5500 3000 5574; x_wconf 78' lang='grc' dir='ltr'>σύ</span> <span class='ocrx_word' id='word_1_940' title='bbox 3033 5500 3163 5558; x_wconf 80' lang='lat' dir='ltr'>coll.</span> <span class='ocrx_word' id='word_1_941' title='bbox 3216 5502 3374 5557; x_wconf 88' lang='lat' dir='ltr'>hom.</span> <span class='ocrx_word' id='word_1_942' title='bbox 3425 5500 3583 5569; x_wconf 64' lang='lat' dir='ltr'>mu,</span> <span class='ocrx_word' id='word_1_943' title='bbox 3616 5503 3673 5572; x_wconf 81' lang='grc'>7)</span> 
     </span>
    </p>
   </div>
   <div class='ocr_carea' id='block_1_115' title="bbox 270 5572 1923 5665">
    <p class='ocr_par' dir='ltr' id='par_1_115' title="bbox 270 5572 1923 5665">
     <span class='ocr_line' id='line_1_118' title="bbox 270 5572 1923 5665; baseline 0 -36"><span class='ocrx_word' id='word_1_944' title='bbox 270 5575 497 5665; x_wconf 33' lang='grc' dir='ltr'>όνέστὼς</span> <span class='ocrx_word' id='word_1_945' title='bbox 545 5572 990 5665; x_wconf 24' lang='grc' dir='ltr'>στηῆσόμενοςηάεὶ</span> <span class='ocrx_word' id='word_1_946' title='bbox 1020 5574 1108 5665; x_wconf 51' lang='grc' dir='ltr'>,κμὶ</span> <span class='ocrx_word' id='word_1_947' title='bbox 1251 5574 1699 5665; x_wconf 32' lang='grc' dir='ltr'>κεισόμενὶοςθφοι</span> <span class='ocrx_word' id='word_1_948' title='bbox 1735 5576 1923 5664; x_wconf 35' lang='grc' dir='ltr'>πὴερούι</span> 
     </span>
    </p>
   </div>
   <div class='ocr_carea' id='block_1_116' title="bbox 2038 5572 3674 5665">
    <p class='ocr_par' dir='ltr' id='par_1_116' title="bbox 2043 5572 3674 5665">
     <span class='ocr_line' id='line_1_119' title="bbox 2043 5572 3674 5665; baseline -0.004 -33"><span class='ocrx_word' id='word_1_949' title='bbox 2043 5579 2196 5665; x_wconf 49' lang='grc' dir='ltr'>ςὶ,</span> <span class='ocrx_word' id='word_1_950' title='bbox 2249 5578 2435 5665; x_wconf 55' lang='lat' dir='ltr'>Cedent</span> <span class='ocrx_word' id='word_1_951' title='bbox 2483 5572 2596 5665; x_wconf 65' lang='lat' dir='ltr'>Ott.</span> <span class='ocrx_word' id='word_1_952' title='bbox 2631 5576 2937 5665; x_wconf 52' lang='lat' dir='ltr'>confirmat</span> <span class='ocrx_word' id='word_1_953' title='bbox 2988 5573 3292 5665; x_wconf 65' lang='lat' dir='ltr'>lectionem</span> <span class='ocrx_word' id='word_1_954' title='bbox 3348 5575 3468 5665; x_wconf 59' lang='grc' dir='ltr'>θ,ωο</span> <span class='ocrx_word' id='word_1_955' title='bbox 3518 5574 3674 5663; x_wconf 60' lang='grc' dir='ltr'>ριιιιί-</span> 
     </span>
    </p>
   </div>
   <div class='ocr_carea' id='block_1_117' title="bbox 268 5645 1410 5716">
    <p class='ocr_par' dir='ltr' id='par_1_117' title="bbox 268 5645 1410 5716">
     <span class='ocr_line' id='line_1_120' title="bbox 268 5645 1410 5716; baseline -0.006 -12"><span class='ocrx_word' id='word_1_956' title='bbox 268 5648 473 5704; x_wconf 78' lang='lat' dir='ltr'>bitam.</span> <span class='ocrx_word' id='word_1_957' title='bbox 552 5648 594 5682; x_wconf 75' lang='grc'>⁹¹</span> <span class='ocrx_word' id='word_1_958' title='bbox 629 5645 852 5716; x_wconf 82' lang='grc' dir='ltr'>ἀμαθῶς</span> <span class='ocrx_word' id='word_1_959' title='bbox 885 5647 943 5701; x_wconf 89' lang='lat' dir='ltr'>C.</span> <span class='ocrx_word' id='word_1_960' title='bbox 1020 5648 1065 5681; x_wconf 77' lang='lat'><strong>&quot;</strong></span> <span class='ocrx_word' id='word_1_961' title='bbox 1095 5645 1195 5699; x_wconf 79' lang='grc' dir='ltr'>ούκ</span> <span class='ocrx_word' id='word_1_962' title='bbox 1225 5645 1316 5698; x_wconf 76' lang='grc' dir='ltr'>οὖν</span> <span class='ocrx_word' id='word_1_963' title='bbox 1351 5648 1410 5702; x_wconf 87' lang='lat' dir='ltr'>C.</span> 
     </span>
    </p>
   </div>
   <div class='ocr_carea' id='block_1_118' title="bbox 1488 5643 1997 5716">
    <p class='ocr_par' dir='ltr' id='par_1_118' title="bbox 1488 5643 1997 5716">
     <span class='ocr_line' id='line_1_121' title="bbox 1488 5643 1997 5716; baseline 0.01 -16"><span class='ocrx_word' id='word_1_964' title='bbox 1488 5649 1532 5683; x_wconf 70' lang='grc' dir='ltr'>οε</span> <span class='ocrx_word' id='word_1_965' title='bbox 1566 5643 1629 5716; x_wconf 82' lang='grc' dir='ltr'>δή</span> <span class='ocrx_word' id='word_1_966' title='bbox 1668 5650 1725 5702; x_wconf 89' lang='lat' dir='ltr'>S.</span> <span class='ocrx_word' id='word_1_967' title='bbox 1845 5643 1997 5712; x_wconf 82' lang='lat' dir='ltr'>c,‘0.</span> 
     </span>
    </p>
   </div>
   <div class='ocr_carea' id='block_1_119' title="bbox 2078 5644 3673 5718">
    <p class='ocr_par' dir='ltr' id='par_1_119' title="bbox 2078 5644 3673 5718">
     <span class='ocr_line' id='line_1_122' title="bbox 2078 5644 3673 5718; baseline -0.003 -17"><span class='ocrx_word' id='word_1_968' title='bbox 2078 5651 2123 5684; x_wconf 66' lang='lat'>9‘</span> <span class='ocrx_word' id='word_1_969' title='bbox 2153 5646 2498 5718; x_wconf 75' lang='grc' dir='ltr'>ἀποκαλύψαι</span> <span class='ocrx_word' id='word_1_970' title='bbox 2532 5647 2574 5701; x_wconf 91' lang='grc' dir='ltr'><strong>Ο</strong></span> <span class='ocrx_word' id='word_1_971' title='bbox 2635 5663 2684 5700; x_wconf 87' lang='lat' dir='ltr'>c.</span> <span class='ocrx_word' id='word_1_972' title='bbox 2743 5646 2811 5713; x_wconf 83' lang='grc'>1),</span> <span class='ocrx_word' id='word_1_973' title='bbox 2841 5644 3203 5718; x_wconf 23' lang='grc' dir='ltr'>,ἀποκαλύψει</span> <span class='ocrx_word' id='word_1_974' title='bbox 3246 5648 3303 5700; x_wconf 90' lang='lat' dir='ltr'>C.</span> <span class='ocrx_word' id='word_1_975' title='bbox 3381 5646 3424 5679; x_wconf 71' lang='lat'>95</span> <span class='ocrx_word' id='word_1_976' title='bbox 3460 5644 3673 5718; x_wconf 80' lang='grc' dir='ltr'>μυρίοις</span> 
     </span>
    </p>
   </div>
   <div class='ocr_carea' id='block_1_120' title="bbox 267 5715 1923 5802">
    <p class='ocr_par' dir='ltr' id='par_1_120' title="bbox 267 5715 1923 5802">
     <span class='ocr_line' id='line_1_123' title="bbox 267 5715 1923 5802; baseline -0.004 0"><span class='ocrx_word' id='word_1_977' title='bbox 267 5720 369 5802; x_wconf 61' lang='lat'>9;-</span> <span class='ocrx_word' id='word_1_978' title='bbox 396 5720 455 5802; x_wconf 75' lang='lat'>3°</span> <span class='ocrx_word' id='word_1_979' title='bbox 480 5715 573 5802; x_wconf 52' lang='grc' dir='ltr'>τε</span> <span class='ocrx_word' id='word_1_980' title='bbox 607 5717 733 5802; x_wconf 75' lang='lat' dir='ltr'>9.et</span> <span class='ocrx_word' id='word_1_981' title='bbox 761 5718 820 5772; x_wconf 75' lang='grc' dir='ltr'>ίη</span> <span class='ocrx_word' id='word_1_982' title='bbox 852 5735 1045 5802; x_wconf 54' lang='grc' dir='ltr'>φατες</span> <span class='ocrx_word' id='word_1_983' title='bbox 1070 5721 1127 5802; x_wconf 67' lang='grc' dir='ltr'>(ἓν</span> <span class='ocrx_word' id='word_1_984' title='bbox 1288 5715 1679 5802; x_wconf 60' lang='grc' dir='ltr'>ωηιεκευιςθτ</span> <span class='ocrx_word' id='word_1_985' title='bbox 1716 5721 1849 5794; x_wconf 76' lang='lat' dir='ltr'>Les-</span> <span class='ocrx_word' id='word_1_986' title='bbox 1883 5719 1923 5794; x_wconf 63' lang='grc' dir='ltr'>ξπ</span> 
     </span>
    </p>
   </div>
   <div class='ocr_carea' id='block_1_121' title="bbox 2038 5715 3669 5802">
    <p class='ocr_par' dir='ltr' id='par_1_121' title="bbox 2038 5715 3669 5791">
     <span class='ocr_line' id='line_1_124' title="bbox 2038 5715 3669 5791; baseline -0.002 -17"><span class='ocrx_word' id='word_1_987' title='bbox 2038 5719 2203 5781; x_wconf 89' lang='grc' dir='ltr'>ιότας.</span> <span class='ocrx_word' id='word_1_988' title='bbox 2240 5720 2397 5776; x_wconf 89' lang='lat' dir='ltr'>Idem</span> <span class='ocrx_word' id='word_1_989' title='bbox 2420 5715 2735 5791; x_wconf 77' lang='lat' dir='ltr'>proposuit</span> <span class='ocrx_word' id='word_1_990' title='bbox 2765 5715 3235 5789; x_wconf 83' lang='lat' dir='ltr'>Schliemannus,</span> <span class='ocrx_word' id='word_1_991' title='bbox 3266 5715 3669 5789; x_wconf 35' lang='lat' dir='ltr'>Clem.,p.‘200,</span> 
     </span>
    </p>
   </div>
   <div class='ocr_carea' id='block_1_122' title="bbox 264 5783 1755 5865">
    <p class='ocr_par' dir='ltr' id='par_1_122' title="bbox 264 5783 1755 5865">
     <span class='ocr_line' id='line_1_125' title="bbox 264 5783 1755 5865; baseline -0.002 -17"><span class='ocrx_word' id='word_1_992' title='bbox 264 5790 371 5848; x_wconf 55' lang='grc' dir='ltr'>ὥς)</span> <span class='ocrx_word' id='word_1_993' title='bbox 395 5793 452 5845; x_wconf 85' lang='lat' dir='ltr'>S.</span> <span class='ocrx_word' id='word_1_994' title='bbox 530 5789 575 5823; x_wconf 74' lang='lat'><strong>”</strong></span> <span class='ocrx_word' id='word_1_995' title='bbox 607 5783 816 5862; x_wconf 74' lang='grc' dir='ltr'>ᾔδησαν</span> <span class='ocrx_word' id='word_1_996' title='bbox 849 5788 915 5859; x_wconf 87' lang='grc' dir='ltr'>Ο,</span> <span class='ocrx_word' id='word_1_997' title='bbox 951 5783 1049 5861; x_wconf 60' lang='lat' dir='ltr'>qui</span> <span class='ocrx_word' id='word_1_998' title='bbox 1087 5783 1214 5846; x_wconf 79' lang='lat' dir='ltr'>tum</span> <span class='ocrx_word' id='word_1_999' title='bbox 1246 5788 1448 5846; x_wconf 82' lang='lat' dir='ltr'>scribit</span> <span class='ocrx_word' id='word_1_1000' title='bbox 1482 5786 1755 5865; x_wconf 84' lang='grc' dir='ltr'>βούλεται.</span> 
     </span>
    </p>
   </div>
  </div>
