4140 6344
417 366 534 422 419

1237 363 1298 420 S.
1350 358 1792 419 CLEMENTIS
1838 360 1859 418 Ι
1910 356 2095 417 ΙὶΟΜ.
2143 357 2373 418 ΡυΝΤ.
2420 356 2681 419 OPERA
2728 358 2993 417 DUBIA.

3698 360 3818 420 420

415 493 529 549 Alii
560 509 693 548 vero
724 493 1091 549 contra.l\'am
1116 493 1544 564 Scripturarum
1577 492 1853 546 adversus
1876 490 2048 545 Deum

2174 487 2441 542 ἐναντίων.
2473 488 2573 550 Τὰς
2632 486 2735 563 γὰρ
2790 487 2924 542 κατά
2979 493 3073 543 τοῦ
3106 492 3237 543 Θεοῦ
3282 493 3389 543 τῶν
3440 492 3664 565 Γραφῶν
3700 510 3812 566 φω-

414 598 585 639 voces
617 582 850 655 iniquas
877 588 933 638 et
956 583 1131 638 falsas
1168 582 1272 637 rati
1303 598 1467 636 veras
1488 596 1835 648 esse,veram
1868 578 2055 651 ipsius

418 673 783 728 divinitatem
833 689 899 727 ac
944 672 1217 727 virtutem
1266 670 1620 725 nescierunt.
1672 671 2053 741 Quapropter,

418 760 584 831 quasi
618 760 743 831 ipse
774 761 1019 832 ignoret,
1053 764 1109 814 et
1150 759 1407 814 caedibus
1440 758 1709 830 gaudeat,
1736 762 1793 813 et
1836 756 2055 811 sacriﬁ-

417 849 639 904 ciorum
671 848 839 903 donis
868 866 1074 920 pravos
1104 848 1381 912 dimittat,
1416 852 1691 918 preterea
1722 850 1778 901 et
1806 845 2058 916 decipiat

414 942 471 992 et
502 938 1174 1009 mentiatur,cunctaque
1205 936 1408 1007 iniqua
1439 935 1842 1006 faciat,ipsi,ut
1871 935 2054 989 Deum

414 1026 949 1099 imitati,peccando
980 1027 1071 1098 pio
1104 1043 1272 1099 agere
1302 1025 1695 1080 crediderunt.
1728 1024 1914 1087 Quare
1950 1024 2056 1079 im-

413 1114 724 1171 mutabiles
772 1117 843 1170 ad
876 1114 1087 1170 melius
1134 1114 1497 1181 exstiterunt,
1531 1118 1587 1168 et
1612 1112 1893 1168 admoniti
1938 1129 2053 1167 non

410 1204 670 1260 conversi
721 1208 878 1260 sunt.
927 1203 1078 1258 Nihil
1129 1203 1283 1259 enim
1328 1202 1698 1269 verebantur,
1732 1202 1902 1274 quasi
1953 1218 2053 1274 per

409 1293 531 1349 haec
561 1310 735 1365 opera
759 1294 874 1349 Deo
907 1297 1103 1349 essent
1132 1291 1376 1349 similes.

485 1471 888 1527 XX.Caaterum
920 1470 991 1526 ad
1022 1470 1247 1541 eos,qui
1282 1472 1461 1526 Deum
1494 1469 1671 1526 talem
1704 1473 2053 1542 putant,me-

411 1560 522 1616 rito
556 1561 688 1631 quis
720 1564 941 1615 asserat
971 1559 1189 1613 dictum
1223 1559 1599 1614 fuissezNemo
1629 1560 1778 1613 novit
1810 1563 2049 1627 Patrem,

412 1652 525 1704 nisi
552 1651 901 1714 Filius,sicut
930 1666 1027 1704 nec
1055 1649 1258 1704 Filium
1289 1651 1411 1719 quis
1439 1649 1729 1713 norit,nisi
1759 1649 1923 1702 Pater
1952 1648 2048 1718 (a).

408 1738 651 1809 Etjure.
688 1738 831 1795 Nam
865 1738 911 1793 si
944 1739 1372 1809 cognovissent,
1407 1752 1708 1808 nunquam
1761 1735 1927 1791 libris
1958 1752 2048 1790 re-

408 1844 543 1882 vera
596 1829 667 1883 ad
716 1828 1094 1883 tentationem
1147 1827 1379 1898 scriptis
1428 1832 1628 1882 contra
1682 1832 1876 1890 Deum,
1927 1842 2048 1880 cre-

404 1916 606 1971 dentes
640 1921 996 1987 peccassent.
1032 1917 1141 1971 Sed
1174 1921 1231 1971 et
1262 1915 1374 1971 alio
1406 1917 1657 1987 quodam
1695 1916 1750 1969 in
1782 1914 1907 1969 loco
1947 1915 2046 1981 ait,

403 2004 604 2061 volens
634 2007 892 2076 apertius
923 2006 1005 2060 eis
1025 2006 1330 2061 ostendere
1361 2021 1601 2061 causam
1633 2021 1739 2060 cur
1767 2008 2045 2060 errarent:

407 2095 523 2150 Ideo
555 2098 774 2160 erratis,
822 2097 1121 2150 nescientes
1171 2111 1297 2150 vera
1347 2094 1782 2166 Scripturarum,
1828 2107 2052 2165 propter

407 2184 550 2255 quod
580 2186 847 2255 ignoratis
876 2193 927 2239 et
956 2185 1211 2239 virtutem
1242 2185 1341 2238 Dei
1368 2184 1465 2255 (b).
1499 2183 1776 2249 Quocirca
1825 2186 2051 2253 oportet

407 2278 474 2328 ut
505 2274 698 2329 omnis
719 2273 1020 2344 homo,qui
1042 2274 1237 2327 salvus
1266 2272 2049 2342 essedesiderat,ﬁat(quem-

406 2363 722 2417 admodum
756 2362 903 2417 dixit
934 2363 1417 2433 Magister)judex
1444 2361 1727 2417 librorum
1761 2361 1831 2416 ad
1865 2364 2049 2415 tenta-

402 2451 621 2507 tionem
672 2451 1043 2522 scriptorum.
1086 2456 1171 2505 Ita
1220 2452 1374 2506 enim
1423 2450 1652 2506 locutus
1702 2454 1791 2505 est
1824 2467 1836 2505 :
1869 2451 2051 2504 Estote

399 2540 578 2610 probi,
632 2541 937 2611 trapezita}.
989 2539 1147 2611 Opus
1179 2544 1374 2594 autem
1430 2543 1518 2595 est
1558 2539 1873 2611 trapezitis,
1909 2539 2050 2611 quia

406 2628 605 2699 probis
636 2628 966 2684 adulterina
996 2629 1276 2700 permista
1306 2632 1461 2684 sunt.

480 2807 621 2863 XXI.
654 2808 756 2862 His
788 2825 821 2863 a
851 2807 1015 2863 Petro
1047 2806 1443 2875 dictis,Simon
1475 2823 1537 2862 se
1568 2806 1900 2879 perculsum
1934 2821 2048 2861 ser-

411 2913 584 2952 mone
615 2897 685 2952 de
715 2896 1033 2968 Scripturis
1086 2896 1394 2965 simulans,
1428 2902 1711 2968 tanquam
1763 2896 2047 2951 attonitus

403 2986 548 3041 dixit
576 3002 589 3041 :
621 2986 785 3041 Absit
816 3003 850 3041 a
881 3003 973 3041 me
1019 2990 1074 3041 et
1103 2987 1175 3041 ab
1220 2986 1424 3042 amicis
1472 2986 1640 3054 meis,
1671 2991 1803 3041 tuos
1844 2984 2047 3039 audire

401 3076 802 3131 sermones.Et
834 3075 1093 3146 quandiu
1126 3075 1363 3147 quidem
1395 3074 1722 3130 nesciebam
1746 3078 1810 3129 te
1841 3073 1954 3129 ista
1975 3074 2047 3129 de

398 3163 717 3235 Scripturis
749 3164 985 3231 sentire,
1010 3165 1376 3221 sustinebam
1407 3169 1464 3220 et
1491 3164 2044 3234 colloquebar,nunc

2164 577 2280 649 νὰς,
2331 575 2548 639 ἀδίκους
2596 573 2756 639 οὕσας
2810 576 2899 632 καὶ
2944 575 3175 651 ψευδεῖς,
3220 576 3447 647 ἀληθεῖς
3500 573 3819 651 ὑπολαμϐά-

2165 669 2496 736 νοντες,τὴν
2557 662 2725 729 ὄντως
2787 666 2951 721 αὐτοῦ
3010 666 3262 737 θειότητα
3317 668 3407 721 καὶ
3465 665 3687 741 δύναμιν
3720 667 3820 721 οὐκ

2166 752 2401 830 ᾔδεισαν.
2464 755 2661 831 Διόπερ
2719 755 2793 817 ὡς
2853 756 3178 831 ἀγνοοῦντος
3236 755 3400 811 αὐτοῦ
3482 756 3572 811 καὶ
3632 756 3816 834 φόνοις

2166 844 2453 920 χαίροντος
2483 844 2571 899 καὶ
2603 846 2797 898 Θυσιῶν
2830 840 3029 918 δώροις
3060 843 3188 907 τοὺς
3219 845 3489 920 πονηροὺς
3544 845 3814 922 ἀφιέντος,

2166 931 2189 952 ’1

2166 931 2240 988 ἔτι
2300 931 2357 988 δὲ
2413 933 2501 988 καὶ
2560 933 2874 995 ἀπατῶντος
2930 934 3019 988 καὶ
3077 931 3415 1008 ψευδομένου
3482 935 3572 989 καὶ
3642 934 3814 990 πάντα

2164 1020 2321 1077 ἄδικα
2352 1027 2660 1095 ποιοῦντος,
2694 1022 2845 1077 αὐτοὶ
2897 1023 2971 1084 ὡς
3030 1022 3196 1096 ὅμοια
3224 1028 3357 1079 Θεοῦ
3398 1026 3438 1061 ⁸⁸
3468 1026 3811 1099 ποιήσαντες,

2166 1110 2580 1188 ἁμαρτάνοντες,
2617 1112 2958 1188 ἰσχυρίζοντο
3020 1108 3277 1170 εύσεὸεῖν.
3312 1113 3405 1168 Διὸ
3454 1116 3497 1152 ¹⁹
3542 1114 3630 1168 καὶ
3679 1114 3813 1188 ἀμε-

2160 1202 2370 1255 τάϐετοι
2403 1201 2476 1263 εἷς
2504 1201 2567 1256 τὸ
2614 1206 2856 1277 κρεῖττον
2902 1202 3063 1271 ἦσαν,
3092 1203 3182 1256 καὶ
3240 1201 3656 1277 νουθετούμενοι
3714 1202 3816 1258 ούκ

2161 1288 2566 1367 ἐπεστρέφοντο.
2599 1289 2678 1347 Οὐ
2706 1292 2807 1366 γὰρ
2840 1284 3156 1368 ἐφοϐοῦντο,
3189 1291 3262 1355 ὡς
3292 1296 3370 1365 τῷ
3409 1296 3524 1365 Θεῷ
3573 1290 3662 1347 διὰ
3707 1297 3815 1347 τῶν

2157 1378 2421 1434 τοιούτων
2452 1379 2695 1455 πράξεων
2729 1378 2811 1449 έξο
2822 1381 3160 1453 μοιούμενοι,

2230 1474 2339 1523 XX.
2377 1469 2519 1544 Πρὸς
2576 1467 2633 1523 δὲ
2683 1468 2810 1531 τοὺς
2863 1473 3112 1525 τοιοῦτον
3171 1468 3331 1525 αὐτὸν
3391 1472 3439 1507 ²⁰
3484 1468 3808 1543 νομίζοντας

2162 1556 2291 1611 εἶναι
2370 1556 2610 1634 εὐλόγως
2686 1559 2745 1612 ἄν
2822 1580 2903 1619 τις
2980 1558 3129 1635 λέγοι
3188 1561 3235 1598 ²ί
3296 1559 3561 1633 εἰρῆσθαι’
3617 1557 3811 1621 Οὐδεὶς

2162 1643 2299 1721 ἔγνω
2350 1647 2438 1701 τὸν
2499 1646 2729 1724 Πατέρα,
2763 1648 2811 1702 εἷ’
2873 1649 2946 1721 μὴ
2982 1650 3009 1703 6
3042 1649 3295 1716 1’ἱὸς,ὡς
3352 1646 3479 1703 οὐδὲ
3534 1649 3625 1703 τὸν
3684 1648 3805 1703 Υἱόν

2158 1755 2241 1797 τις
2273 1733 2434 1805 οἶδεν,
2468 1735 2512 1790 εἰ
2550 1738 2626 1809 μὴ
2678 1737 2705 1790 6
2750 1740 2957 1813 Πατήρ.
2987 1737 3084 1792 Καὶ
3134 1736 3380 1799 εἰκότως.
3413 1737 3478 1792 Εἰ
3526 1738 3627 1815 γὰρ
3676 1737 3807 1808 ἠπί-

2160 1845 2372 1897 σταντο,
2406 1824 2503 1879 οὐκ
2533 1828 2591 1880 ἂν
2627 1831 2745 1888 ταῖς
2777 1822 2946 1889 ὄντως
2978 1827 3113 1903 πρὸς
3163 1828 3460 1899 πειρασμὸν
3520 1827 3655 1882 κατὰ
3709 1831 3807 1882 τοῦ

2158 1918 2290 1968 Θεοῦ
2329 1915 2641 1992 γραφείσαις
2702 1911 2918 1991 βίϐλοις
2978 1916 3318 1977 πιστεύοντες
3352 1919 3505 1973 368
3563 1918 3807 1992 ἡμάρτα-

2156 2024 2269 2060 νον.
2300 2003 2475 2058 Ἀλλά
2523 2004 2613 2058 ναὶ
2668 2003 2891 2080 ἀλλαχῆ
2942 2026 3047 2059 που
3082 2004 3252 2081 λέγει,
3281 2005 3454 2061 Θέλων
3489 2006 3807 2084 σαφέστερον

2156 2093 2339 2155 αὐτοῖς
2395 2094 2493 2162 τὴν
2547 2093 2719 2147 αἰτίαν
2768 2100 2870 2163 τῆς
2917 2092 3126 2163 πλάνης
3172 2094 3346 2149 αὐτῶν
3382 2092 3675 2167 ὑποδεῖξαι·
3710 2096 3809 2150 Διά

2154 2186 2315 2236 τοῦτο
2392 2180 2663 2237 πλανᾶσθε
2724 2185 2792 2254 ³2,
2855 2184 2932 2255 μή
3021 2180 3223 2246 εἰδότες
3296 2185 3363 2237 τὰ
3439 2182 3621 2254 ἀληθῆ
3696 2189 3805 2239 τῶν

2158 2276 2403 2349 Γραφῶν,
2464 2272 2525 2326 οὗ
2582 2269 2754 2326 εἷ’νεκα
2808 2272 3046 2348 ἀγνοεῖτε
3103 2273 3191 2327 καὶ
3242 2273 3341 2341 τήν
3416 2270 3641 2346 δύναμιν
3705 2278 3802 2329 τοῦ

2156 2366 2310 2417 Θεοῦ.
2345 2362 2439 2416 Διὸ
2495 2357 2575 2415 δεῖ
2631 2361 2803 2415 πάντα
2833 2360 3112 2438 ἄνθρωπον
3144 2369 3382 2431 σωθῆναι
3442 2360 3669 2425 θέλοντα
3714 2384 3801 2439 γε·

2155 2448 2355 2520 νέσθαι,
2388 2450 2462 2513 ὡς
2496 2452 2523 2506 ὁ
2555 2448 2888 2513 Διδάσκαλος
2921 2452 3087 2523 εἶπεν,
3118 2452 3308 2524 κριτήν
3340 2455 3445 2505 τῶν
3495 2452 3634 2526 πρὸς
3686 2473 3805 2506 πει-

2158 2540 2361 2615 ρασμὸν
2418 2544 2717 2618 γραφεισῶν
2781 2535 3013 2616 βίϐλων.
3047 2540 3231 2603 Οὸτως
3290 2541 3394 2617 γὰρ
3455 2541 3617 2595 εἰπενο
3654 2540 3802 2596 Γίνε-

2156 2630 2247 2682 σθε
2275 2629 2585 2704 τραπεζίται
2620 2626 2860 2701 δόκιμοι.
2891 2631 3240 2705 Τραπεζιτῶν
3275 2626 3332 2683 δὲ
3362 2628 3542 2705 χρεία,
3572 2628 3652 2685 ὅτι
3682 2636 3799 2693 τοῖς

2157 2715 2405 2790 δοκίμοις
2436 2719 2524 2772 καὶ
2556 2719 2619 2771 τὰ
2647 2712 2889 2786 κίϐδηλα
2917 2717 3350 2792 ἀναμεμιγμένα.

2224 2808 2364 2863 XXI.
2398 2809 2579 2863 Ταῦτα
2606 2805 2702 2861 τοῦ
2736 2806 2938 2879 Πέτρου
2966 2806 3228 2877 εἰπόντος,
3266 2807 3290 2860 3
3323 2805 3510 2879 Σίμων
3539 2804 3625 2860 ἐπὶ
3681 2812 3801 2870 τοῖς

2160 2894 2367 2971 ῥηθεῖσι
2398 2895 2520 2971 περὶ
2550 2900 2655 2949 τῶν
2694 2900 2916 2972 Γραφῶν
2967 2895 3478 2970 προσποιησάμενος
3528 2894 3802 2966 ἐκπεπλῆ-

2156 2985 2305 3060 χθαι,
2338 2985 2412 3046 ὡς
2461 2983 2715 3053 monesi;
2768 2986 2811 3020 ²⁸
2842 2980 2965 3060 ἔφη·
3000 2984 3190 3053 Ἀπείη
3256 3006 3349 3057 μοι
3396 2985 3486 3039 καὶ
3533 2990 3647 3046 τοῖς
3704 2985 3802 3058 ἐμὲ

2155 3072 2427 3150 φιλοῦσιν,
2457 3076 2564 3126 τῶν
2612 3078 2715 3126 σῶῖ
2772 3071 3052 3127 ἐπακούειν
3106 3070 3311 3148 λόγων.
3345 3073 3440 3128 Καὶ
3479 3073 3641 3150 μέχρι
3705 3076 3798 3147 μὲν

2154 3160 2242 3216 ὅτε
2272 3160 2372 3215 οὐκ
2400 3157 2548 3235 ᾔδειν
2577 3183 2633 3215 σε
2664 3166 2831 3215 ταῦτα
2877 3162 3001 3237 περὶ
3048 3166 3151 3216 τῶν
3206 3166 3430 3239 Γραφῶν
3482 3167 3797 3240 φρονοῦντα,

3018 3254 3045 3263 ~

399 3258 593 3309 autem
630 3254 1252 3325 abscedo.0portuerat
1272 3272 1411 3310 sane
1440 3254 1722 3326 principio
1739 3270 1829 3308 me
1860 3269 2041 3307 reces-

2162 3249 2462 3324 ἠνειχόμην
2488 3249 2575 3303 καὶ
2609 3245 2957 3324 διελεγόμην,
2990 3254 3077 3304 νῦν
3112 3252 3157 3296 ²ι
3201 3246 3257 3304 δὲ
3304 3249 3621 3327 ἀφίσταμαι.
3653 3248 3800 3307 Ἔδει

400 3343 572 3411 sisse,
627 3344 906 3414 quoniam
956 3343 1149 3398 audivi
1201 3347 1257 3398 te
1308 3343 1592 3398 dicentem
1630 3359 1642 3397 :
1676 3347 1792 3413 Ego
1842 3346 2044 3396 contra

402 3430 609 3485 mundi
626 3431 991 3487 Conditorem
1024 3431 1168 3486 nihil
1193 3430 1429 3486 cuilibet
1449 3431 1707 3503 loquenti
1740 3431 2044 3496 credo,nec

399 3518 645 3590 angelis,
681 3535 786 3575 nec
818 3519 1134 3591 prophetis,
1168 3537 1283 3575 non
1332 3520 1670 3591 Scripturis,
1702 3536 1816 3575 non
1849 3535 2044 3574 sacer-

398 3607 658 3674 dotibus,
692 3624 806 3663 non
861 3609 1220 3677 doctoribus,
1254 3625 1369 3663 non
1401 3608 1506 3663 ulli
1556 3608 1742 3675 alteri,
1776 3607 2044 3679 quamvis

400 3696 570 3767 signa
600 3696 732 3767 quis
781 3697 916 3752 edat
943 3702 999 3753 et
1047 3698 1335 3769 prodigia,
1373 3697 1639 3768 quamvis
1669 3698 1726 3751 in
1773 3713 1902 3752 aere
1954 3696 2042 3751 in-

393 3786 640 3857 signiter
671 3785 908 3857 tulgeat,
943 3785 1029 3841 vel
1062 3803 1165 3857 per
1212 3786 1339 3841 visa
1371 3792 1473 3841 aut
1504 3802 1604 3857 per
1634 3785 1928 3841 insomnia
1957 3801 2044 3840 re-

395 3876 568 3930 velet.
604 3875 744 3938 Quis
776 3890 911 3947 ergo
943 3880 999 3930 te
1025 3879 1217 3947 potest
1248 3892 1281 3929 a
1312 3875 1601 3930 sententia
1630 3875 2043 3945 deducere,seu

398 3964 546 4019 bene
576 3980 678 4018 seu
701 3964 941 4029 male,ut
969 3963 1124 4018 aliud
1153 3964 1291 4035 quid
1316 3963 1535 4018 sentias
1557 3969 1761 4035 praeter
1782 3982 1905 4035 qua:
1924 3963 2049 4018 visa

403 4056 545 4107 sunt
574 4052 700 4122 tibi,
734 4053 833 4124 qui
864 4053 1007 4108 adeo
1046 4052 1211 4108 enixe
1242 4069 1308 4107 ac
1336 4052 1578 4108 immote
1607 4054 1665 4107 in
1698 4059 1798 4108 tuo
1820 4054 2046 4123 judicio

401 4158 731 4213 permanes.

478 4229 646 4285 XXII.
680 4231 748 4285 Et
780 4231 981 4286 Petrus
1012 4230 1083 4285 ad
1116 4230 1415 4286 Simonem
1460 4230 1583 4286 haec
1614 4229 1948 4303 loquentem
1982 4245 2049 4288 ac

407 4334 786 4390 egressurum
817 4319 925 4375 ait:
948 4319 1153 4375 Adhuc
1184 4320 1321 4375 audi
1349 4336 1383 4374 a
1411 4336 1503 4375 me
1536 4319 1731 4388 hoc,et
1759 4320 1904 4376 vade
1933 4337 2049 4392 quo

406 4406 598 4479 cupis.
651 4408 887 4464 Simone
928 4424 1063 4463 vero
1111 4425 1386 4465 converso
1430 4424 1497 4465 ac
1542 4412 1897 4476 remanente,
1949 4410 2049 4464 Pe-

404 4498 538 4550 trus
574 4512 587 4551 :
620 4495 782 4563 Novi,
825 4496 1038 4568 inquit,
1081 4512 1195 4567 quo
1244 4497 1416 4553 modo
1446 4502 1585 4552 tunc
1629 4497 1875 4553 audiens
1922 4513 2049 4569 per-

406 4583 614 4640 culsus
658 4585 761 4653 sis,
813 4586 951 4657 quia
996 4585 1112 4640 dixi
1165 4601 1178 4641 :

403 4674 609 4728 mundi
643 4679 962 4729 creatorem
994 4672 1295 4744 quodlibet
1322 4675 1552 4729 locutus
1583 4675 1900 4742 fuerit,non
1932 4692 2051 4731 cre-

402 4762 498 4817 do.
532 4762 697 4818 Nunc
745 4763 879 4817 audi
931 4763 1172 4833 insuper
1222 4764 1413 4833 majus
1460 4764 1679 4833 aliquid
1716 4780 1728 4820 :
1761 4764 1819 4819 Si
1852 4780 2049 4820 revera

402 4850 503 4921 qui
555 4852 841 4906 mundum
897 4852 1115 4907 creavit
1160 4851 1315 4907 Deus
1364 4868 1430 4907 eo
1462 4853 1657 4907 animo
1706 4858 1878 4920 esset,
1931 4870 2047 4925 quo

404 4939 716 5013 Scripturis
749 4941 1051 5007 denotant,
1085 4941 1227 5012 quin
1260 4941 1482 5012 adeo,si
1512 4942 2049 5014 incomparabiliter

2154 3337 2336 3411 μέντοι
2378 3340 2475 3407 τήν
2520 3338 2699 3414 ἀρχὴν
2756 3338 3113 3415 ὑποχωρῆσαί
3175 3361 3260 3412 με,
3308 3338 3389 3394 ὅτι
3446 3338 3654 3409 ἤκουσά
3703 3361 3798 3395 σου

2152 3425 2420 3504 λέγοντος·
2456 3428 2597 3503 Ἐγὼ
2623 3428 2758 3482 κατὰ
2784 3432 2881 3483 τοῦ
2909 3428 3187 3489 κτίσαντος
3233 3428 3325 3483 τὸν
3380 3428 3607 3501 κόσμον,
3642 3427 3795 3485 οὐδὲν

2152 3514 2327 3572 οὐδενὶ
2379 3516 2615 3571 πιστεύω
2660 3515 2902 3592 λέγοντι,
2932 3514 3059 3571 οὔτε
3109 3513 3381 3593 ἀγγέλοις,
3416 3514 3536 3572 οὕτε
3586 3521 3798 3597 προφή-

2148 3626 2289 3674 ταις,
2340 3605 2401 3659 ού
2447 3611 2703 3682 Γραφαῖς,
2752 3606 2860 3681 οὐχ
2906 3606 3157 3681 ἱερεῦσιν,
3190 3605 3256 3660 οὐ
3302 3603 3669 3675 διδασκάλοις,
3699 3608 3797 3663 ούκ

2153 3690 2311 3766 ἄλλῳ
2366 3692 2565 3766 οὐδενὶ,
2599 3694 2694 3749 κᾶν
2755 3694 2957 3767 σημεῖά
3010 3716 3094 3756 τις
3150 3694 3237 3749 καὶ
3286 3696 3480 3771 τέρατα
3510 3700 3665 3769 ποιῇ,
3698 3696 3793 3751 κᾶν

2153 3782 2205 3838 έν
2282 3782 2395 3857 ἀέρι
2455 3782 2733 3859 ἐπιφανῶς
2772 3783 3077 3858 ἀστράπτῃ,
3108 3782 3143 3851 ἢ
3189 3780 3260 3837 δι’
3316 3784 3605 3859 ὁραμάτων
3654 3786 3689 3854 ἢ
3742 3784 3810 3840 δι’

2153 3870 2408 3926 ἐνυπνίων
2467 3870 2842 3945 ἀποκαλύπτῃ·
2875 3872 2965 3933 Τίς
3030 3869 3121 3926 οὖν
3156 3892 3213 3925 σε
3274 3878 3589 3944 μεταπεῖσαι
3651 3871 3809 3929 δύνα-

2150 3982 2238 4015 ται
2269 3963 2332 4028 ⁸⁵,
2368 3957 2472 4014 εἴτε
2530 3958 2715 4021 καλῶς
2775 3958 2881 4015 εἶίτε
2937 3964 3117 4021 κακῶς
3149 3962 3214 4032 2⁸,
3246 3956 3426 4037 ἕτερόν
3481 3982 3533 4016 τι
3594 3968 3806 4039 φρονεῖν

2153 4050 2299 4122 παρά
2325 4050 2392 4103 τὰ
2423 4047 2646 4119 δόξαντά
2677 4069 2784 4106 σοι.
2830 4049 3071 4125 ἰσχυρῶς
3118 4047 3260 4103 οὕτω
3302 4051 3345 4085 2⁷
3399 4050 3488 4105 καὶ
3537 4051 3807 4122 ἀκινήτως

2153 4142 2222 4213 τῇ
2254 4138 2482 4193 σεαυτοῦ
2512 4138 2711 4212 γνώσει
2742 4135 3142 4211 ένδιαμένοντα.

2228 4230 2380 4285 369
2428 4230 2587 4285 XXII.
2636 4227 2733 4282 Καὶ
2784 4230 2813 4283 6
2860 4226 3063 4303 Πέτρος
3112 4231 3277 4282 ταῦτα
3324 4227 3528 4282 εἰπόντι
3580 4229 3659 4301 τῷ
3711 4228 3802 4283 Σί-

2161 4338 2322 4390 μωνι.
2356 4311 2617 4372 ἐκϐαίνειν
2653 4315 2939 4390 μέλλοντι,
2974 4312 3097 4395 ἔφη·
3132 4318 3251 4373 Ἔτι
3277 4317 3438 4372 τοῦτό
3480 4338 3584 4391 μου
3642 4315 3805 4373 ἄκου-

2156 4428 2272 4478 σον,
2304 4407 2393 4462 καὶ
2423 4406 2658 4484 πορεύου
2690 4405 2826 4461 ὅπου
2881 4404 3077 4472 θέλεις.
3104 4411 3209 4461 Τοῦ
3267 4403 3325 4461 δὲ
3383 4406 3635 4481 Σίμωνος
3693 4406 3805 4462 έπι-

2160 4495 2487 4574 πραφέντος
2541 4496 2631 4551 καὶ
2690 4495 3084 4569 ἐπιμείναντος,
3144 4496 3172 4550 6
3229 4494 3430 4571 Πέτρος
3489 4494 3611 4574 ἔφη’
3671 4494 3806 4552 Οἶδα

1230 4585 1572 4657 Quicunque
1619 4591 1819 4641 contra
1866 4585 2048 4642 Deum

2162 4590 2276 4647 πῶς
2328 4586 2451 4640 τότε
2507 4584 2717 4639 ἁκούων
2774 4585 3142 4661 κατεπλάγης,
3176 4583 3257 4639 ὅτι
3310 4587 3353 4621 ²⁸
3403 4584 3572 4640 εἶπον’
3614 4586 3803 4647 ’Όστις

2158 4676 2279 4729 ποτ’
2310 4674 2369 4729 ἃν
2403 4674 2440 4749 ᾖ
2469 4675 2605 4729 κατά
2632 4678 2728 4729 τοῦ
2760 4676 2848 4729 τὸν
2893 4674 3096 4747 κόσμον
3136 4673 3416 4736 κτίσαντος
3449 4678 3582 4729 Θεοῦ
3632 4672 3808 4748 λέγων

2159 4764 2361 4835 ὁτιοῦν,
2394 4764 2456 4819 οὐ
2504 4762 2760 4819 πιστεύω.
2797 4765 2867 4818 Τὸ
2908 4766 2953 4801 ²⁹
2999 4760 3057 4817 δὲ
3106 4762 3192 4817 ἐπὶ
3239 4762 3434 4817 τούτου
3486 4768 3669 4836 μεῖζον
3714 4767 3807 4817 νῦν

2157 4852 2408 4910 ἄκουσον.
2443 4854 2563 4908 Ἐὰν
2588 4857 2668 4925 τῷ
2695 4848 2807 4908 ὄντι
2841 4853 2868 4907 ὁ
2896 4854 2986 4908 τὸν
3045 4852 3248 4925 κόσμον
3294 4851 3477 4914 κτίσας
3525 4853 3653 4914 Θεὸς
3706 4852 3807 4923 τήν

2157 4943 2385 5018 γνώμην
2438 4946 2686 5004 τοιοῦτος
2716 4944 2761 4978 ⁸ο
2810 4938 2883 4997 ὢν
2942 4942 3202 5019 τυγχάνῃ,
3236 4941 3423 4996 ὁποῖον
3484 4941 3539 4995 αἱ
3598 4939 3804 5019 Γραφαὶ

473 5091 550 5166 (α)
582 5093 787 5153 Matth.
818 5110 896 5167 x1,
926 5094 1017 5149 27.
1094 5095 1173 5163 (ὁ)
1204 5093 1383 5150 Marc.
1414 5109 1516 5162 xu,
1544 5094 1633 5149 24.

1757 5236 1999 5294 VARI/E
2037 5237 2450 5295 LEGTIONES.

470 5350 515 5424 ξε
545 5352 657 5422 Θεῷ
711 5351 823 5424 legi
876 5351 1001 5407 vult
1060 5353 1118 5408 D.
1155 5352 1201 5387 ¹⁹
1230 5346 1300 5404 δι’
1329 5347 1447 5424 δλο.
1478 5351 1627 5424 Tum
1656 5350 2000 5424 _&p.€'ta'0£‘tOt
2032 5359 2076 5411 Ο
2105 5359 2162 5411 et
2217 5372 2286 5412 ex
2339 5354 2579 5424 conject.
2612 5357 2694 5424 C.,
2728 5352 3051 5424 ἀμετάθετον
3107 5354 3262 5424 idem
3319 5351 3380 5408 in
3441 5355 3622 5424 textu.
3664 5351 3711 5387 9°
3739 5352 3802 5407 Ο.

397 5421 528 5500 ςξίἱ.
594 5420 1572 5500 μεμθκῖμιωεῐυω.ρρείιᾘαύτόνέυ
1610 5420 1762 5500 λέγοι
1821 5429 1860 5476 Ο
1892 5442 1945 5500 ο.
1975 5427 2033 5495 8,
2068 5424 2238 5500 λέγων
2404 5420 2778 5500 ²²’πλανᾶσθαι
2837 5426 2899 5480 Ο.
2935 5428 3087 5481 Tum
3147 5422 3339 5479 εἵνεκεν
3396 5423 3677 5500 (inborn.
3738 5440 3801 5500 I_l,

394 5494 459 5577 Et
491 5511 503 5559 ;
536 5490 624 5577 1‘1‘,
658 5495 746 5577 59.
782 5490 827 5529 9³
881 5490 1143 5577 «pingas:
1163 5499 1234 5577 0.,
1259 5495 1298 5528 ²⁴
1328 5494 1417 5577 τάἠ
1450 5497 1540 5577 νῦν
1562 5567 1573 5577 .
1600 5512 1653 5577 p.
1684 5490 1778 5577 ξιῦν
1905 5498 1948 5531 ³⁵
1982 5490 2237 5570 μεταπεις
2295 5498 2439 5569 (seq.
2502 5498 2731 5577 lacuna)
2779 5516 2908 5577 ἀται
2972 5516 3025 5570 p.
3091 5500 3405 5577 μεταηεῖσαι
3464 5490 3680 5577 ξύναται
3710 5490 3803 5577 “0.

396 5565 444 5643 9f
474 5562 642 5643 καλὸς
676 5561 975 5643 εἶ’τεᾷκακός
1002 5568 1064 5622 Ο.
1100 5568 1142 5643 ²ξ¹
1176 5563 1347 5643 οὕτως
1379 5561 1736 5643 CLSubinde
1764 5566 1852 5643 καὶ
1887 5561 2030 5643 (seq.
2065 5561 2417 5643 lacuu_a)‘~'tat-
2438 5570 2504 5643 τῇ
2540 5585 2593 5643 ρ,
2627 5561 2722 5643 καί
2764 5561 3035 5643 ἀκινήτως
3066 5561 3135 5641 τῇ
3284 5564 3442 5643 ²⁸μὸτι
3472 5567 3554 5634 S.,
3581 5564 3668 5643 ἔτι
3702 5565 3803 5643 ᾂΟ

395 5640 454 5692 et
481 5636 538 5689 in
572 5643 729 5691 textu
763 5641 845 5706 0.,
879 5638 979 5708 qui
1010 5639 1161 5707 conj.
1196 5631 1277 5689 ὅτι
1311 5656 1395 5691 αν.
1428 5637 1687 5692 Subinde
1737 5631 1901 5692 εἶπεν’
1928 5631 2009 5696 Ο.”
2027 5642 2186 5697 Idem
2220 5631 2343 5708 ἃν’ᾖ
2372 5656 2420 5694 c.
2455 5631 2627 5705 3.,’ἂν
2662 5637 2711 5693 εἶ
2754 5639 2817 5695 C.
2849 5631 3026 5694 ’θ’τοῦ
3075 5631 3136 5698 (ί.
3192 5631 3548 5697 Ιιοοιὶοηθω’
3573 5637 3808 5695 Ottobo-

396 5708 558 5767 niani
592 5708 738 5779 conj.
773 5709 950 5765 etiam
981 5709 1039 5765 S.
1071 5708 1116 5743 ³ο
1144 5710 1388 5762 τοιοῦτον
1420 5711 1480 5777 0,
1510 5708 1751 5784 τυγχάνῃ
1779 5712 1933 5769 idem
1965 5730 2016 5771 ο.
2048 5714 2107 5781 S,
2138 5711 2395 5788 τυγχάνει
2424 5711 2483 5768 C.
