4148 6342
202 341 307 401 421
1301 333 1829 397 CLEMENTINA.
1863 367 1896 378 -

2009 334 2313 397 IOMILIA
2361 338 2520 398 XIX.
3493 341 3608 400 422

201 468 610 548 καταλέγουσιν,
644 469 732 525 καὶ
764 468 808 524 εἰ
840 465 1026 530 ἄλλως
1073 488 1191 529 πως
1241 462 1643 542 ἀπαραὸλήτως
1684 462 1849 527 κακός
1881 497 1896 536 λ

2009 470 2120 522 sset
2151 470 2361 539 malus,
2405 473 2468 525 ut
2515 485 2619 525 nec
2667 468 2979 542 Scriptura:
3027 471 3218 527 dicere
3268 471 3603 537 valuerunt,

206 564 369 629 ἔστιν,
402 562 481 622 ὡς
513 557 635 615 οὗτε
665 560 721 613 αἱ
746 558 950 635 Γραφαὶ
983 557 1148 612 εἰπεῖν
1196 553 1446 631 ἴσχυσαν,
1480 553 1601 610 οὔτε
1658 552 1853 627 ἄλλος,

2009 572 2155 628 eque
2186 557 2335 612 alius
2367 558 2499 629 quis
2528 558 2617 614 vel
2645 559 2897 631 cogitare
2929 559 3266 631 potest,pari
3300 576 3404 633 ego
3438 561 3609 615 modo

203 674 282 714 τις
315 652 414 705 κᾶν
449 650 698 719 ἐννοῆσαι
732 646 956 708 δυνατός
988 646 1148 718 ἐστιν,
1182 646 1388 717 ὁμοίως
1429 644 1532 721 ἐγὼ
1573 643 1671 699 οὐκ
1719 644 1856 699 ἀπο-

2010 659 2082 697 on
2113 644 2454 700 desisterem
2488 663 2622 702 eum
2655 646 2847 702 solum
2879 646 3371 719 colere,illiusque
3400 647 3606 703 volun-

591 743 615 753 ιδ

208 743 481 813 στήσομαι
524 743 623 793 τοῦ
673 741 718 774 ³1
770 736 929 791 αὺτὸν
987 735 1149 808 μόνον
1202 729 1397 803 σέϐειν,
1446 733 1536 788 καὶ
1586 734 1648 788 τὸ
1698 732 1860 787 αὐτοῦ

216 828 479 903 βούλημα
508 832 706 881 ποιεῖν.
741 822 949 880 Είδέναι
984 825 1085 901 γάρ
1117 845 1174 878 σε
1210 823 1353 878 θέλω
1410 822 1497 877 καὶ
1556 823 1863 890 πεπεῖσθαι,

216 919 357 972 δτιό
391 918 468 978 εἷς
501 918 591 971 τὸν
636 915 799 970 αὐτοῦ
846 915 1082 983 ποιητὴν
1132 912 1229 967 οὐκ
1276 910 1419 988 ἔχων
1466 913 1718 987 στοργήν,
1752 907 1864 965 οὐδ’

216 1008 289 1069 είς
321 1004 507 1080 ’ἕτερον
542 1002 687 1080 ἔχειν
720 1004 851 1059 ποτὶ
888 1000 1105 1058 δύναται
1135 1002 1198 1058 Ei
1232 999 1288 1056 δὲ
1319 998 1435 1077 ἔχει
1479 1004 1524 1037 ³⁸
1566 1001 1702 1074 πρὸς
1748 996 1870 1054 ἓτε-

221 1117 337 1173 ρον,
370 1097 517 1165 παρὰ
547 1095 701 1170 φύσιν
760 1092 927 1168 ἔχων,
962 1090 1020 1146 ἐκ
1071 1094 1318 1166 πονηροῦ
1373 1089 1465 1145 τὸν
1522 1093 1629 1143 τῶν
1673 1086 1872 1143 ἀδίκων

219 1172 397 1263 ἔρωτα
428 1181 573 1260 ἔχων
611 1183 818 1258 ἀγνοεῖ,
850 1182 926 1243 ὡς
979 1177 1108 1253 μηδ’
1157 1179 1356 1235 ἐκεῖνον
1413 1172 1644 1253 βεϐαίως
1701 1176 1872 1255 φυλά-

220 1278 300 1348 ξαι
348 1272 663 1346 δυνάμενος.
701 1271 804 1326 Κπὶ
854 1270 900 1325 εἷ
948 1271 1049 1345 ἄρα
1092 1269 1200 1324 ἐστί
1246 1290 1328 1329 τις
1365 1264 1549 1342 ἕτερος
1602 1267 1733 1343 ὑπὲρ
1781 1267 1871 1321 τὸν

222 1363 592 1438 Δημιουργὸν,
625 1357 937 1429 ἀποδέξεταί
968 1361 1012 1395 ³³
1052 1379 1119 1431 με
1166 1358 1239 1420 ὡς
1279 1356 1471 1433 ἀγαθὸς
1516 1354 1683 1429 ταύτῃ
1734 1353 1876 1427 μᾶλ-

221 1452 349 1523 λον,
385 1452 466 1506 ὅτι
497 1451 589 1506 τὸν
624 1449 754 1521 ἐμὸν
789 1449 982 1523 ἀγαπῶ
1011 1445 1236 1523 πατέρα,
1269 1446 1326 1500 σὶ
1374 1443 1431 1500 δὲ
1477 1444 1577 1499 οὐκ
1626 1441 1878 1515 ἀποδέξε-

222 1564 313 1596 ται
342 1538 520 1608 εἰδὼς,
555 1538 637 1594 ὅτι
666 1539 755 1593 τὸν
809 1536 962 1615 φύσει
1018 1557 1115 1591 σου
1173 1535 1432 1605 ποιητὴν,
1467 1533 1528 1589 οὐ
1580 1534 1682 1609 γὰρ
1732 1532 1880 1607 λέγω

222 1631 434 1705 πατέρα
462 1631 537 1698 ³⁸,
566 1625 853 1687 κατέλιπες
889 1624 968 1680 ἐπ’
1000 1623 1181 1679 ἐλπίδι
1226 1623 1451 1697 μείζονι,
1487 1622 1547 1676 οὐ
1598 1621 1880 1700 φροντίσας

224 1724 324 1774 τοῖ’)
355 1717 609 1792 εὐλόγου.
635 1716 819 1776 Οὕτως
852 1715 897 1770 εἱ
936 1715 1025 1768 καὶ
1056 1713 1219 1768 αὐτοῦ
1243 1712 1523 1789 κρείττονα
1554 1712 1793 1787 εὑρήσῃς
1818 1714 1881 1781 ³⁸,

228 1806 371 1862 οἶδεν
407 1809 562 1864 370
591 1804 673 1859 ὅτι
705 1804 794 1858 καὶ
826 1802 983 1857 αὐτὸν
1029 1800 1370 1873 καταλείψεις
1402 1801 1557 1870 ποτὶ,
1598 1800 1686 1855 καὶ
1742 1798 1883 1873 μᾶλ-

230 1897 330 1953 λον
363 1896 445 1950 ὅτι
498 1896 572 1967 μὴ
606 1892 794 1970 γέγονέ
844 1913 938 1946 σου
987 1894 1188 1965 πατὴρ,
1222 1890 1383 1945 ὁπότε
1428 1888 1517 1944 καὶ
1575 1890 1665 1944 τὸν
1718 1883 1885 1950 ὅντως

234 2008 330 2040 σου
360 1983 569 2058 πατέρα
597 1981 904 2042 κατέλιπες,

310 2079 500 2129 XXIII.
534 2070 688 2128 Ἀλλ’
719 2069 876 2147 ἐρεῖς·
909 2064 1064 2125 Οἶδεν
1098 2066 1180 2121 ὅτι
1214 2066 1312 2122 οὐκ
1340 2063 1477 2122 ἔστιν
1520 2063 1703 2142 ἕτερος
1756 2066 1886 2141 ὑπὶρ

239 2163 421 2229 αὐτὸν,
454 2161 546 2215 καὶ
590 2156 676 2214 διὰ
723 2163 884 2213 τοῦτο
927 2155 1346 2234 καταλειφθῆναι
1396 2155 1457 2210 οὐ
1517 2152 1755 2211 δύναται.
1788 2154 1891 2211 Χά-

242 2273 325 2329 ρις
353 2249 444 2305 οὖν
503 2253 583 2322 τῷ
644 2250 718 2321 μὴ
764 2247 918 2302 εἶναι’
945 2247 1011 2299 τὰ
1051 2243 1108 2300 δὲ
1134 2253 1235 2314 τῆς
1270 2246 1497 2320 γνώμης
1530 2242 1668 2299 οἶδεν
1696 2241 1893 2317 ἕτοιμα

244 2341 380 2408 πρὸς
431 2335 850 2414 ἀγνωμοσύνην.
886 2335 947 2390 Εἰ
1008 2332 1065 2389 δὲ
1110 2332 1269 2395 εἰδὼς
1320 2333 1612 2408 ἀγνώμονα
1652 2354 1709 2387 σε
1756 2333 1890 2387 ἀπο-

248 2427 491 2504 δέχεται,
547 2426 643 2498 ἐμὲ
694 2424 749 2480 δὲ
804 2424 1121 2501 εὐγνώμονα
1169 2422 1521 2495 ἐπιστάμενος
1570 2421 1631 2478 οὐ
1678 2420 1894 2497 προσίε-

246 2540 315 2574 τα
368 2515 657 2592 ἀλόγιστός
709 2515 817 2570 ἐστι
866 2515 1002 2569 κατὰ
1042 2513 1134 2567 τὸν
1186 2513 1275 2567 σὸν
1327 2512 1512 2588 λόγον,
1562 2516 1639 2583 τῷ
1689 2510 1898 2585 εὐλόγῳ

257 2608 333 2681 μὴ
375 2603 742 2680 κεχρημένος.
775 2603 928 2657 Οὕτω
976 2601 1260 2677 πονηρίας,
1295 2602 1339 2655 ὦ
1389 2601 1599 2674 Σίμων,
1633 2600 1899 2675 ὑπουργὸς

257 2693 327 2749 ὢν
375 2694 612 2767 ἆγνοεῖς.
648 2692 747 2749 Καὶ
798 2694 825 2747 6
877 2690 1061 2764 Σίμων
1113 2690 1454 2764 ἀπεκρίνατο.
1498 2689 1661 2744 Πόθεν
1708 2687 1798 2743 οὖν
1838 2689 1901 2743 τὸ

256 2786 494 2859 πονηρὸν
544 2781 797 2858 πέφυκεν,
844 2781 963 2835 εἷπε
1005 2782 1163 2849 ἡμῖν.
1199 2779 1294 2833 Καὶ
1345 2780 1373 2833 6
1422 2777 1644 2853 Πέτροςο
1680 2775 1899 2847 Ἐπειδή

256 2876 519 2948 σήμερον,
563 2869 686 2947 ἔφη,
720 2865 979 2923 ὲκῧαίνειν
1032 2865 1281 2943 ἔφθασας,
1313 2867 1402 2920 καὶ
1453 2865 1586 2943 ἔφης
1634 2871 1731 2921 τοῦ
1782 2864 1901 2921 λοι-

256 2967 357 3016 ποῦ
411 2962 486 3022 ὡς
551 2958 883 3035 βλασφήμου
931 2960 1006 3031 μὴ
1066 2956 1280 3011 ἀκούειν
1329 2955 1485 3028 ἐμοῦ,
1532 2952 1735 3030 αὔριον,
1796 2951 1904 3031 εἶίγε

254 3049 409 3123 θέλῃς
434 3052 480 3085 ³⁸
518 3050 722 3119 μαθεῖν,
756 3044 965 3100 ἐλθόντι
1002 3046 1353 3122 ὑφηγήσομαι
1379 3046 1445 3116 ³⁷,
1476 3043 1565 3098 καὶ
1610 3044 1683 3105 ὡς
1728 3043 1902 3106 θέλεις

253 3137 588 3210 ἐξετασθῆναί
638 3156 703 3209 με
747 3136 1096 3210 συγχωρήσω
1146 3133 1268 3188 ἄνευ
1326 3133 1678 3210 φιλονεικίας.
1726 3133 1823 3187 Καὶ
1874 3134 1902 3188 6

1970 735 2150 787 tatem
2182 751 2428 789 servare.
2461 735 2617 791 Scire
2649 736 2805 791 enim
2839 742 2893 790 te
2952 735 3078 791 volo
3134 752 3200 791 ac
3260 753 3610 808 persuasum

1974 820 2346 893 habere,eum
2376 825 2473 894 qui
2507 823 2565 878 in
2597 831 2892 880 auctorem
2919 841 3094 880 suum
3126 825 3472 882 charitatem
3496 844 3609 883 non

1976 910 2168 975 habet,
2229 928 2413 982 neque
2469 912 2527 966 in
2587 913 2767 968 alium
2828 930 2997 986 posse
3058 930 3319 986 unquam
3374 915 3607 972 habere.

1978 999 2140 1063 Quod
2172 1000 2219 1055 si
2252 1017 2389 1072 erga
2420 1000 2600 1057 alium
2634 1002 2924 1070 habuerit,
2957 1008 3158 1059 contra
3199 1010 3474 1060 naturam
3507 1008 3620 1061 ha-

1980 1090 2383 1161 bens,ignorat
2412 1108 2472 1147 se
2503 1108 2537 1146 a
2568 1091 2720 1147 malo
2750 1092 2962 1147 habere
2986 1109 3245 1148 amorem
3269 1094 3367 1165 qui
3392 1094 3624 1165 iniquo-

1984 1194 2115 1232 rum
2146 1182 2253 1243 est,
2286 1180 2387 1234 sed
2420 1196 2525 1235 nec
2557 1180 2767 1251 poterit
2812 1179 2978 1235 illum
3011 1181 3255 1237 firmiter
3306 1184 3624 1239 custodire.

1985 1271 2175 1339 Atque
2205 1267 2254 1323 si
2284 1273 2374 1323 est
2404 1268 2620 1340 aliquis
2650 1269 2801 1324 alius
2833 1286 3009 1340 super
3038 1270 3389 1339 Creatorem,
3412 1270 3631 1343 ample-

1988 1359 2176 1411 ctetur
2207 1373 2317 1426 me,
2353 1362 2417 1411 ut
2449 1357 2659 1424 bonus,
2694 1374 2760 1414 eo
2793 1360 2983 1431 magis
3016 1360 3150 1429 quia
3205 1375 3401 1414 meum
3449 1360 3629 1432 diligo

1990 1450 2235 1517 patrem,
2269 1451 2324 1501 te
2355 1462 2487 1501 vero
2521 1464 2636 1502 non
2668 1447 2926 1519 recipiet,
2962 1448 3059 1519 qui
3094 1449 3427 1519 sciat,quod
3460 1454 3633 1504 natu-

1992 1534 2173 1590 ralem
2206 1540 2373 1590 tuum
2406 1541 2724 1602 auctorem,
2760 1554 2875 1591 non
2908 1536 3063 1591 enim
3090 1537 3217 1592 dico
3251 1542 3494 1609 patrem,
3529 1540 3628 1593 de-

1993 1622 2319 1695 reliqueris,
2355 1641 2454 1696 per
2485 1642 2647 1696 spem
2698 1626 2977 1695 majorem
3012 1642 3123 1680 non
3157 1626 3445 1682 sollicitus
3479 1628 3630 1700 aequi

1994 1718 2050 1767 et
2070 1712 2242 1780 juris.
2277 1714 2359 1768 Ita
2390 1713 2438 1769 si
2472 1730 2536 1769 eo
2568 1714 2847 1785 potiorem
2880 1714 3283 1781 invenias,scit
3311 1732 3371 1770 se
3402 1732 3634 1789 quoque

1996 1817 2029 1855 a
2058 1805 2114 1855 te
2146 1801 2552 1857 deserendum.
2586 1820 2650 1858 eo
2683 1802 2911 1858 facilius
2942 1803 3096 1874 quod
3130 1808 3266 1859 tuus
3291 1821 3403 1859 non
3436 1806 3508 1860 sit
3533 1824 3634 1877 pa-

1999 1893 2102 1957 ter,
2134 1890 2606 1961 quandoquidem
2641 1897 2696 1946 et
2725 1907 2928 1947 verum
2960 1897 3127 1947 tuum
3170 1898 3395 1963 patrem
3426 1894 3638 1951 dereli-

1997 1994 2216 2048 querls.

2070 2067 2269 2122 XXIII.
2305 2068 2410 2123 Sed
2443 2068 2639 2123 dices:
2675 2069 2843 2123 Novit
2891 2085 3004 2123 non
3050 2086 3176 2125 esse
3227 2070 3407 2126 alium
3458 2089 3637 2143 supra

2000 2172 2080 2223 se,
2114 2156 2361 2228 ideoque
2390 2174 2452 2211 se
2482 2174 2597 2213 non
2631 2174 2799 2229 posse
2842 2158 3050 2213 deseri.
3083 2160 3337 2215 Gratiam
3397 2178 3501 2232 ego
3531 2162 3638 2218 de-

1999 2245 2096 2300 bet
2127 2262 2239 2301 non
2271 2246 2592 2301 existentire
2624 2247 2863 2303 alterius
2895 2264 2907 2302 :
2943 2254 3094 2303 certe
3114 2248 3270 2303 novit
3294 2254 3344 2305 te
3368 2250 3631 2308 animum

2002 2351 2200 2406 gerere
2230 2341 2497 2407 paratum
2530 2337 2600 2390 ad
2634 2336 2958 2407 perﬁdiam.
3004 2336 3106 2391 Sin
3165 2354 3296 2393 vero
3328 2354 3548 2410 gnarus
3579 2345 3634 2397 te

2005 2440 2133 2479 esse
2164 2425 2480 2495 ingratum,
2516 2425 2718 2496 recipit
2747 2430 2964 2494 tamen,
3017 2442 3107 2480 me
3155 2430 3351 2483 autem
3402 2434 3634 2501 gratum

2009 2529 2386 2585 cognoscens,
2420 2530 2533 2568 non
2566 2514 2841 2580 admittit,
2876 2513 3292 2571 irrationabilis
3325 2522 3413 2572 est
3443 2535 3645 2575 secun-

2012 2601 2151 2655 dum
2180 2606 2341 2656 tuam
2376 2602 2680 2668 rationem,
2702 2602 2802 2672 qui
2837 2607 2990 2657 recta
3020 2602 3242 2659 ratione
3273 2622 3390 2660 non
3422 2612 3643 2664 utatur.

2011 2691 2100 2745 Sic
2132 2708 2246 2745 non
2275 2691 2547 2753 advertis,
2575 2692 2857 2757 Simon,te
2886 2709 3013 2747 esse
3039 2692 3270 2747 malitiae
3288 2695 3646 2754 ministrum.

2014 2781 2081 2834 Et
2110 2779 2310 2834 Simon
2343 2780 2645 2852 respondit
2672 2796 2685 2834 :
2718 2779 2881 2835 Unde
2909 2797 3044 2853 ergo
3075 2781 3293 2837 malum
3326 2788 3517 2840 ortum
3550 2786 3645 2853 sit,

2014 2869 2182 2924 nobis
2210 2869 2400 2925 effare.
2460 2870 2529 2923 Et
2584 2873 2788 2925 Petrus
2831 2886 2842 2925 :
2878 2870 3380 2941 Quandoquidem,
3433 2874 3649 2946 inquit,

2013 2959 2184 3014 hodie
2214 2958 2371 3029 prior
2400 2959 2594 3030 egredi
2624 2958 2943 3025 voluisti,et
2972 2960 3167 3014 dixisti
3199 2961 3353 3031 quod
3375 2963 3649 3036 deinceps

2015 3064 2106 3102 me
2140 3052 2203 3101 ut
2234 3046 2644 3117 blasphemum
2675 3064 2788 3102 non
2821 3049 2900 3103 sis
2933 3049 3264 3117 auditurus,
3297 3053 3653 3124 cras,siqui-

2016 3137 2147 3191 dem
2177 3134 2432 3191 volueris
2461 3136 2703 3203 discere,
2736 3137 2985 3191 venienti
3008 3138 3309 3208 enarrabo,
3342 3140 3654 3212 sinamque

256 3230 438 3299 Σίμων
474 3222 699 3303 €13.11;
732 3222 788 3278 ἅν
828 3244 919 3297 μοι
952 3220 1076 3297 δόξῃ
1106 3222 1457 3292 ποιήσω.Καὶ
1487 3223 1633 3277 τοῦτ’
1662 3225 1704 3258 ³⁸
1738 3221 1896 3276 εἰπὼν

2019 3229 2081 3278 ut
2113 3240 2205 3279 me
2238 3240 2341 3294 pro
2382 3223 2550 3279 libitu
2600 3224 2941 3295 interroges,
2991 3226 3213 3297 absque
3259 3202 3652 3286 contentione.

254 3316 542 3390 ἐπορεὲθίι.
575 3318 688 3367 Τῶν
733 3312 790 3367 at
840 3311 1280 3375 συνεισελοόντων
1340 3311 1486 3383 αὐτῷ
1550 3308 1727 3372 οὐδεὶς
1789 3333 1906 3366 συν-

257 3404 495 3476 εξῆλθεν,
531 3401 674 3458 ἀλλᾶ
702 3406 819 3463 τοῖς
849 3400 977 3456 ποσὶ
1025 3400 1417 3477 προσπεσόντες
1462 3400 1668 3471 Ηέτρου
1698 3399 1903 3472 ἠξίουν,

259 3493 341 3548 ἐπὶ
375 3498 453 3565 τῷ
485 3495 530 3528 ³9
561 3490 930 3565 συνηρπάσοαι
959 3490 1038 3561 τῷ
1074 3487 1284 3561 Σίμωνι
1336 3489 1659 3565 συγγνώμης
1702 3489 1904 3565 τυγχά-

255 3604 383 3653 νειν,
442 3580 532 3635 καὶ
583 3577 958 3654 ἀποδεχθῆναι
1023 3582 1434 3651 μετανοοῦντας.
1477 3578 1533 3630 Ὀ
1590 3574 1648 3631 δὲ
1705 3577 1905 3652 Πέτρος

255 3673 615 3745 προσιέμενος
672 3671 717 3705 ⁴⁰
777 3665 968 3728 αὐτούς
1019 3687 1079 3720 τε
1131 3665 1258 3728 τοὺς
1311 3664 1787 3740 μεταμελομένους
1818 3664 1907 3720 καὶ

252 3760 376 3820 τοὺς
411 3756 618 3818 ἄλλους
650 3752 1126 3831 ὅχλους,ἐπέθτ,κε
1153 3756 1249 3815 τὶς
1286 3760 1476 3830 χεῖρας
1509 3756 1551 3791 δί
1587 3754 1906 3831 εὐχόμενος,

253 3850 339 3903 καὶ
366 3848 605 3919 ἰώμενος
639 3846 813 3900 αὐτῶν
847 3843 975 3904 τοὺς
1009 3842 1342 3918 πάσχοντας,
1373 3842 1463 3898 καί
1495 3842 1667 3905 οὕτως
1698 3846 1743 3880 ⁴²
1776 3844 1908 3898 ἀπο-

256 3937 399 3992 λύων
435 3932 824 4008 παρήγγελλεν
857 3931 1066 4003 αὐτοῖς,
1096 3932 1219 4008 περὶ
1249 3932 1339 3986 τὸν
1389 3926 1578 4007 ὄρθρον
1634 3931 1908 4007 ταχύνειν.

258 4026 353 4082 Καὶ
395 4025 545 4080 τοῦτ’
596 4026 638 4059 ⁸³
689 4025 836 4079 371
892 4021 1056 4075 εἰπὼν
1122 4021 1211 4075 καὶ
1273 4018 1525 4075 εἰσελθὼν
1595 4024 1728 4094 μετὰ
1801 4026 1909 4076 τῶν

259 4117 504 4185 συνήθων
559 4114 625 4167 τὰ
684 4110 912 4175 εἰωθότα
971 4110 1107 4185 πρὸς
1153 4111 1251 4180 τήν
1308 4109 1619 4186 ἐπείγουσαν
1670 4109 1903 4186 ἡσυχίαν

260 4204 478 4275 ἐποίησε
491 4227 529 4271 ι,
559 4223 656 4256 κατ
666 4202 730 4255 αλ
740 4198 979 4271 χεούσης
1010 4199 1253 4275 ἑσπέρας.

1053 4409 1121 4421 ﬂ

892 4469 1151 4525 ὈΜΙΑΙΑ
1194 4468 1293 4524 ῙΘ’.

331 4582 374 4636 Ι.
406 4585 516 4647 Τῆς
546 4575 603 4632 δὲ
636 4574 817 4645 ἄλλης
846 4577 1059 4650 ἡμέρας
1091 4576 1135 4610 ⁴⁴
1168 4572 1531 4649 ὀρθριαίτερον
1564 4572 1843 4648 προελθὼν
1883 4574 1911 4628 ὁ
1941 4573 1987 4639 D

265 4667 489 4743 Πέτρος,
520 4665 610 4720 καὶ
645 4662 772 4718 ἰδὼν
800 4664 888 4717 τὸν
926 4662 1152 4735 Σίμωνα
1178 4661 1268 4715 σὺν
1302 4660 1495 4723 ἄλλοις
1529 4659 1763 4723 πολλοῖς
1797 4662 1917 4716 ἀνα-

272 4757 497 4829 μένοντα
529 4753 712 4825 αυτὸν,
743 4749 1180 4828 προσαγορεύσας
1212 4750 1272 4804 τὸ
1302 4748 1512 4818 πλῆθος
1554 4748 1754 4826 ἤρξατο
1805 4747 1918 4804 δια-

270 4841 537 4920 λέγεσθαι.
571 4845 723 4914 ’Ἅμα
755 4839 811 4896 δὲ
835 4845 915 4911 τῷ
947 4840 1200 4916 ἄρξασθαι
1228 4840 1256 4893 6
1290 4838 1471 4911 Σίμων
1515 4838 1745 4913 ἐκκόψας
1793 4837 1916 4917 ἔφη·

267 4935 340 4986 Τὰ
372 4933 553 5008 μακρά
582 4952 678 4985 σου
705 4934 872 4985 ταῦτα
892 4928 1081 5002 παρεὶς
1116 4927 1382 5003 προοίμια
1412 4926 1487 4989 εἷς
1523 4928 1584 4982 τὸ
1627 4928 1919 5002 προκείμε-

269 5041 357 5075 νον
405 5019 797 5092 πυνθανομένῳ
848 5038 939 5092 μοι
990 5014 1275 5091 ἀπόκριναι
1324 5017 1389 5074 ⁴⁸.
1434 5012 1651 5086 Ἐπειδὴ
1714 5021 1919 5072 συννοῶ

2014 3313 2215 3368 Simon
2246 3312 2327 3368 ait
2356 3330 2368 3367 :
2403 3312 2630 3368 Faciam
2663 3313 2814 3368 sicut
2847 3312 2989 3368 mihi
3022 3314 3405 3372 videbitur.Et
3434 3317 3544 3374 hoc
3566 3319 3655 3375 di-

2014 3418 2150 3457 cens
2183 3401 2475 3473 profectus
2506 3405 2614 3457 est.
2668 3402 2839 3457 Porro
2871 3418 3094 3472 eorum,
3141 3404 3239 3475 qui
3298 3422 3433 3461 cum
3466 3423 3531 3463 eo
3564 3408 3655 3463 in-

2014 3491 2196 3562 gressi
2233 3491 2479 3553 fuerant.
2521 3507 2691 3546 nemo
2725 3508 2841 3546 una
2873 3507 3143 3561 egressus
3192 3498 3282 3549 est
3313 3511 3325 3549 :
3363 3497 3463 3551 sed
3498 3495 3655 3553 Petri

2016 3579 2264 3652 pedibus
2296 3578 2623 3635 accidentes
2662 3581 2967 3652 rogabant,
3000 3584 3082 3648 ut,
3143 3582 3283 3653 quia
3333 3601 3368 3639 a
3416 3584 3656 3643 Simone

2017 3669 2239 3740 abrepti
2269 3669 2518 3736 fuerant,
2551 3669 2781 3725 veniam
2824 3676 3338 3741 consequerentur,
3373 3690 3438 3728 ac
3469 3674 3654 3744 pceni-

2018 3761 2207 3812 tentes
2238 3755 2648 3827 reciperentur.
2680 3757 2884 3813 Petrus
2915 3774 3071 3825 vero,
3097 3763 3155 3814 et
3184 3758 3288 3815 hos
3315 3760 3658 3830 poenitentia

2020 3846 2227 3900 ductos
2249 3849 2305 3901 et
2321 3844 2606 3916 reliquam
2637 3845 2835 3917 populi
2857 3846 3290 3903 multitudinem
3314 3850 3657 3921 admittens,

2022 3952 2231 3989 manus
2266 3934 2566 4005 imposuit,
2617 3942 2886 4006 precatus
2933 3940 3022 3991 est
3063 3942 3120 3992 et
3173 3939 3399 3993 sanavit
3455 3956 3659 3996 eorum

2020 4040 2223 4094 aegros,
2275 4023 2477 4094 sicque
2534 4025 2837 4079 dimittens
2900 4026 3264 4081 denuntiavit
3319 4027 3440 4083 illis
3489 4032 3555 4084 ut
3584 4029 3659 4086 ad

2026 4128 2197 4166 mane
2229 4111 2592 4169 festinarent.
2628 4114 2749 4177 Quo
2780 4114 2931 4168 dicto
2976 4131 3110 4170 cum
3157 4116 3545 4173 familiaribus
3577 4119 3663 4173 in-

2026 4216 2265 4271 gressus
2299 4204 2405 4269 est,
2431 4206 2487 4256 et
2515 4202 2687 4257 solita
2724 4203 2796 4258 ad
2846 4203 3163 4260 instantem
3215 4206 3471 4277 quietem
3504 4207 3660 4277 fecit,

2026 4304 2267 4361 vespera
2298 4288 2659 4346 adveniente.

2816 4408 2885 4420 —

2606 4467 2911 4524 HOMlLIA
2943 4469 3082 4526 XIX.

2092 4574 2131 4628 Ι.
2162 4573 2436 4645 Sequenti
2468 4591 2598 4630 vero
2630 4575 2723 4631 die
2754 4575 3043 4632 maturius
3080 4578 3392 4648 procedens
3424 4578 3658 4644 Petrus,

2026 4680 2092 4718 ac
2120 4662 2322 4717 videns
2354 4662 2651 4718 Simonem
2684 4681 2816 4719 cum
2851 4664 2984 4720 aliis
3014 4665 3283 4737 pluribus
3343 4666 3539 4738 ipsum
3573 4684 3672 4723 ex-

2028 4757 2306 4823 spectare,
2343 4757 2653 4824 postquam
2685 4752 3002 4809 salutasset
3030 4754 3333 4827 populum,
3358 4756 3531 4828 coepit
3555 4756 3673 4811 dis-

2029 4857 2239 4896 serere.
2268 4840 2453 4894 Simul
2477 4857 2607 4897 vero
2632 4858 2696 4896 ac
2726 4842 3182 4914 incoapit,Simon
3207 4844 3667 4916 interrumpens,

2030 4930 2112 4986 ait
2144 4947 2156 4985 :
2190 4929 2438 4985 Omissis
2469 4929 2563 4985 his
2593 4931 2712 4986 tuis
2744 4930 2931 5004 longis
2964 4932 3400 5004 praefationibus
3432 4933 3503 4987 ad
3536 4950 3669 5005 pro-

2032 5017 2287 5090 positum
2320 5018 2700 5090 interroganti
2732 5020 2878 5076 mihi
2927 5021 3231 5093 responde.
3265 5018 3555 5084 Quoniam
3585 5022 3675 5078 in-

1621 5179 1863 5236 ἾΑΗΙᾸΞ
1912 5178 2211 5235 LECTION
2220 5178 2324 5234 ES.

344 5306 389 5344 ³¹
418 5310 516 5361 τοῦ
546 5310 611 5375 0,
657 5311 724 5362 ut
756 5305 869 5377 legi
917 5303 1101 5360 voluit
1149 5302 1206 5373 S,
1257 5298 1349 5355 τόν
1399 5302 1458 5358 G.
1535 5303 1581 5338 ³²
1613 5298 1714 5427 ἔξω
1743 5305 1802 5359 C.

352 5384 489 5427 Post
516 5376 722 5427 πατέοα
750 5377 898 5427 Vbb.
932 5375 990 5427 σὲ
1020 5371 1077 5427 δὲ
1107 5372 1206 5426 οὐκ
1237 5369 1546 5427 ἀποδέξεται
1577 5372 1622 5427 εἲ
1661 5394 1733 5427 ως
1765 5374 1802 5427 δι

277 5379 321 5453 ³]
352 5384 489 5453 Ρρεῐ
516 5369 722 5453 πατέρα
750 5369 898 5432 Vbb.
920 5375 990 5453 ,σὲ
1020 5371 1077 5427 δὲ
1107 5369 1206 5426 οὐκ
1237 5369 1546 5453 ἀποδέξεται
1577 5372 1619 5453 εἶ

1880 5305 1925 5377 3?
1956 5302 2114 5377 ItaAO
2146 5320 2195 5358 ο.
2229 5303 2267 5357 S
2300 5318 2313 5357 :
2347 5301 2441 5356 hic
2467 5305 2525 5377 et
2554 5302 2743 5377 paulo
2766 5309 2915 5377 post,
2945 5301 3269 5377 ἀποδέξηται
3301 5308 3341 5363 C
3372 5308 3673 5365 utrobivis.

1661 5372 1733 5451 ξος
1765 5374 1853 5451 ὅτι
1877 5374 1979 5451 16v_
1997 5373 2146 5451 φύσει
2180 5392 2274 5427 σου
2304 5372 2572 5451 ποιητὴν,
2598 5373 2659 5451 06
2690 5372 2969 5451 γὰρ-λέγω
3000 5372 3203 5451 πατέρα
3242 5384 3586 5451 repetuntur
3614 5381 3676 5437 in

281 5449 342 5505 Ο.
372 5452 520 5506 Tum
554 5443 708 5535 idem
743 5446 1096 5535 ἳρονξίσωωρ.
1120 5443 1436 5535 ξρρξντίσας;
1468 5446 1512 5535 ἓξ
1543 5444 1786 5535 eamea
1821 5447 1884 5502 Ο.
1910 5443 2022 5535 ῼῒιῆ
2060 5447 2216 5535 I.0b.,
2250 5448 2485 5534 Ph'ryn”
2900 5443 2964 5484 ’³⁸
3008 5443 3182 5535 θέλεις
3234 5443 3419 5535 Ο.’Λ³⁷
3478 5446 3672 5535 διηγή-

281 5470 342 5505 υ,
373 5470 520 5506 ἰιιῐῃ
554 5470 708 5505 mem
743 5470 1010 5535 ἳροντισω
1044 5470 1096 5517 p.
1132 5470 1434 5521 φρυντισας.
1468 5470 1512 5480 νν
1543 5470 1786 5519 ευρησῑις
1821 5470 1884 5502 υ.
1910 5470 2022 5503 uxr.
2061 5470 2216 5510 1.00.,
2250 5470 2485 5518 l’ltryn.,
2521 5470 2575 5517 μ.
2639 5470 2729 5501 (21
2785 5470 2840 5504 ὓ.
2920 5470 2964 5484 νν
3008 5470 3182 5511 υΞΛεις
3234 5470 3296 5506 U.
3374 5470 3414 5484 ν’
3479 5470 3672 5576 0111;11-

276 5540 437 5602 σομαι
468 5528 527 5577 C.
607 5523 650 5602 3]
680 5540 840 5573 τουτο
861 5520 925 5602 .ος
952 5592 987 5602 Α
1008 5518 1054 5553 ³9
1079 5520 1159 5602 1gp
1189 5516 1249 5602 Sz
1281 5516 1344 5602 0".
1376 5513 1438 5568 16
1610 5519 1654 5602 ξο
1684 5517 1885 5602 6h(seq_.
1918 5518 2147 5602 lacuna)
2177 5515 2506 5602 προσέμενε-ς
2539 5534 2593 5588 p.
2629 5514 2745 5602 6‘6“;
2776 5518 3302 5602 Hé1.m'ztpoctéus_voq
3332 5523 3396 5577 Ο.
3447 5522 3516 5602 ,ξι
3612 5538 3675 5602 Eo

273 5584 367 5655 τάξ
398 5598 594 5668 χεῖρας
622 5593 834 5648 lacuna
859 5591 917 5645 in
947 5592 1012 5645 Ο.
1056 5584 1141 5668 .“f
1163 5585 1258 5668 καὶ⁵
1278 5584 1460 5668 οὕτως.
1486 5587 1579 5668 bis
1611 5584 1911 5668 legiﬁturjin
2081 5589 2125 5623 ‘3
2153 5584 2404 5668 10510_C_«.
2438 5584 2585 5668 Tum
2619 5589 2715 5656 τὴν
2743 5666 2750 5668 Δ
2775 5584 3121 5667 συνήθη’ριιο
3147 5584 3269 5647 ’τῶν
3328 5591 3571 5662 συνήθων
3613 5593 3672 5652 S.

277 5667 321 5701 “
351 5656 625 5741 ἡξῖετέρας
658 5664 722 5722 Ο.
757 5662 1015 5721 Subinde
1048 5656 1415 5737 ὀρθριαίτερον
1447 5658 1600 5716 idem
1631 5656 1696 5717 οῖ
1715 5660 1771 5718 S.
1811 5657 2120 5737 ὀρθρίτερον
2154 5659 2215 5717 C.
2292 5660 2336 5694 ⁸³
2360 5658 2685 5736 ἀποκρίθητι
2717 5666 2781 5719 Ο.
