4148 6342
464 388 580 445 423

1291 378 1354 437 S.
1403 372 1844 436 CLEMENTIS
1891 375 1911 432 l
1962 370 2150 434 ROM.
2198 374 2425 434 PONT.
2471 377 2730 437 OPERA
2775 380 3035 442 DUBIA.

3753 382 3893 448 424'

468 514 668 585 telligo
702 512 719 584 (
752 511 905 566 sicut
935 525 1000 563 ex
1032 508 1103 562 iis
1155 524 1288 579 quoe
1342 506 1414 561 ab
1463 504 1627 560 initio
1685 503 1877 558 audivi
1922 503 2107 558 habeo

2221 523 2296 574 σε,
2330 503 2405 564 ὡς
2434 503 2524 580 ἀφ’
2571 506 2642 559 ὧν
2687 508 2774 561 ἀπ’
2822 509 3003 586 ἀρχῆς
3062 511 3382 583 ἐπακηκοὼς
3442 512 3753 588 ἐπίσταμαι,
3787 516 3874 573 ὅτι

470 600 857 675 compertum)
882 599 1035 671 quod
1071 596 1211 652 nihil
1246 595 1401 651 aliud
1445 594 1547 650 tibi
1599 592 1959 665 propositum
2011 591 2106 657 sit,

470 710 645 767 quam
682 690 842 747 omni
886 687 1160 743 machina
1208 687 1534 753 ostendere,
1594 684 1920 740 Creatorem
1981 698 2109 737 esse

471 799 652 841 unum
677 778 1037 852 inculpatum
1069 777 1559 846 Deum,tantoque
1581 773 1791 844 ﬂagres
1823 770 2107 827 desiderio

467 871 813 930 sententiam
846 865 1254 931 conﬁrmandi,
1299 868 1362 918 ut
1388 867 1444 919 et
1483 862 1748 934 quaedam
1780 860 2107 931 Scriptura-

468 978 600 1016 rum
649 957 924 1031 capitula,
977 972 1103 1027 quas
1154 958 1349 1025 aperte
1401 952 1567 1005 illum
1614 954 1912 1016 accusant,
1960 947 2109 1003 falsa

466 1050 657 1105 dicere
689 1048 925 1115 audeas,
968 1062 1036 1100 ea
1064 1044 1135 1099 de
1166 1059 1341 1098 causa
1373 1040 1599 1096 institui
1632 1038 1804 1094 hodie
1840 1037 2105 1109 probare,

466 1136 830 1211 impossibile
862 1151 989 1190 esse
1020 1137 1083 1189 ut
1114 1132 1376 1188 omnium
1418 1129 1684 1185 conditor
1728 1126 1804 1182 sit
1841 1125 2107 1197 inculpa-

465 1226 995 1284 tus.Probationem
1029 1238 1161 1277 vero
1193 1220 1468 1275 inchoare
1500 1233 1738 1291 possum
1766 1213 2108 1286 jam,siqui-

469 1318 596 1372 dem
630 1317 700 1371 ad
732 1315 814 1381 id,
847 1312 1000 1385 quod
1034 1310 1378 1366 sciscitabor
1409 1325 1441 1363 a
1470 1306 1698 1373 te,mihi
1729 1304 2104 1377 respondeas.

540 1406 611 1461 II.
642 1404 743 1459 Ais
774 1402 1027 1474 aliquem
1062 1398 1296 1453 malitiae
1327 1396 1652 1469 principem
1690 1409 1955 1461 esse,nec
1986 1409 2058 1447 ne
2080 1392 2109 1447 ‘I

470 1495 617 1553 Nam
651 1493 699 1547 si
730 1491 944 1546 dixeris
986 1505 1099 1544 non
1134 1504 1281 1552 esse,
1316 1503 1384 1540 ex
1414 1484 1637 1548 multis,
1688 1483 1875 1554 iisque
1926 1500 1960 1536 a
1988 1482 2107 1537 Ma-

476 1583 661 1656 gistro
693 1586 792 1636 tuo
824 1579 1087 1653 prolatis,
1120 1577 1305 1632 habeo
1354 1574 1659 1631 ostendere
1707 1573 1857 1644 quod
1904 1572 1995 1626 sit.
2052 1571 2107 1625 Si

474 1687 607 1727 vero
640 1686 804 1741 aequo
845 1668 1041 1723 animo
1100 1666 1401 1721 confessus
1452 1664 1632 1718 fueris
1679 1678 1807 1718 esse
1862 1660 2106 1726 malum,

474 1762 900 1830 consequenter
930 1771 1257 1811 sermonem
1291 1753 1519 1809 faciam.
1563 1752 1630 1807 Et
1679 1752 1879 1807 Petrus
1914 1767 1927 1804 :
1966 1749 2109 1805 Fieri

2223 591 2391 662 μηθὲν
2422 589 2602 669 ἕτερόν
2637 616 2719 673 σοι
2752 597 3053 672 πρόκειται,
3086 603 3121 671 ἢ
3156 603 3296 677 πάσῃ
3331 609 3557 678 μηχανῇ
3611 606 3702 659 τὸν
3759 614 3873 675 Δη-

2222 682 2483 756 μιουργὸν
2511 681 2669 737 αὐτὸν
2705 681 2869 757 δεῖξαι
2908 687 3068 760 μόνον
3101 691 3383 764 ἄμεμπτον
3418 694 3551 747 εἶναι
3589 691 3739 765 Θεὸν,
3780 696 3876 749 καὶ

2215 773 2470 823 τοσοῦτον
2526 772 2894 848 προαιρέσεως
2944 779 2989 813 ⁴⁶
3036 779 3202 832 πόθον
3282 779 3481 855 ἔχοντα
3542 779 3877 858 διισχυρίζε-

2217 867 2357 948 σθαι,
2393 858 2466 919 ὡς
2486 859 2573 913 καὶ
2607 858 2746 923 ἐνίας
2777 868 2883 917 τῶν
2919 870 3142 945 Γραφῶν
3183 870 3481 944 περικοπὰς
3538 872 3721 948 σαφῶς
3769 893 3875 926 κα-

2214 944 2546 1021 ταλεγούσας
2575 948 2739 1003 αὐτοῦ
2794 950 3008 1026 τολμᾷν
3064 954 3279 1028 ψευδεῖς
3331 957 3526 1034 λέγειν·
3557 944 3628 1013 οὗ.
3680 959 3876 1015 ε’ίνεκεν

2216 1034 2538 1110 προῄρημαι
2598 1040 2837 1114 σήμερον
2896 1041 3195 1115 ἀποδεῖξαι,
3256 1046 3337 1101 ὅτι
3396 1045 3655 1103 ἀδύνατόν
3724 1048 3871 1105 ἐστιν

2215 1122 2373 1177 αὐτὸν
2407 1126 2616 1181 πάντων
2651 1125 2987 1206 δημιουργὸν
3034 1128 3163 1188 ὄντα
3222 1132 3511 1209 ἄμεμπτον
3567 1137 3722 1194 εἶναι.
3756 1144 3871 1207 Τῆς

2217 1209 2274 1266 δὲ
2331 1210 2656 1285 ἀποδείξεως
2710 1216 2819 1289 ἤδη
2876 1220 3129 1295 ἄρξασθαι
3182 1222 3434 1298 δύναμαι,
3467 1224 3553 1279 ἐάν
3582 1246 3643 1303 γε
3672 1227 3805 1303 πρὸς
3838 1228 3872 1282 ’ὀ

2215 1303 2551 1376 πυνθάνομαί
2582 1326 2697 1375 σου,
2731 1306 2995 1384 ἀποκρίνῃ
3029 1332 3143 1383 μοι.

2287 1396 2360 1448 ΙΙ.
2395 1393 2513 1465 Φῄς
2570 1416 2686 1449 τινα
2730 1396 2921 1459 κικίαις
2980 1399 3228 1474 ἡγεμόνα
3292 1402 3449 1473 εἶναι,
3487 1404 3523 1472 ἢ
3585 1401 3682 1473 cii;
3744 1405 3872 1461 Ἐὰν

2216 1480 2317 1555 γὰρ
2349 1484 2392 1517 ⁴⁷
2433 1479 2583 1556 εἷ’πῃς
2613 1485 2690 1555 μή
2724 1487 2877 1556 εἶναι,
2911 1490 3064 1547 872
3098 1489 3157 1545 ὲκ
3205 1489 3431 1546 πολλῶν
3482 1492 3571 1547 καὶ
3617 1497 3724 1547 τῶν
3770 1498 3875 1548 τοῦ

2220 1566 2554 1625 Διδασκάλου
2586 1593 2679 1626 σου
2710 1572 2984 1646 ἀποδεῖξαι
3018 1573 3153 1653 ἔχω,
3188 1577 3269 1633 ὅτι
3301 1577 3459 1634 ἔστιν·
3498 1579 3546 1635 εἴ
3575 1578 3631 1634 δὲ
3664 1580 3874 1656 εύγνω-

2222 1663 2397 1731 μονῶν
2458 1658 2811 1736 ὁμολογήσῃς
2866 1667 2908 1701 ’⁵⁸
2950 1667 3082 1720 εἶναι
3140 1667 3232 1722 τὸν
3290 1670 3548 1745 πονηρὸν,
3584 1668 3874 1743 ἑπομένως

2217 1751 2433 1819 ποιήσω
2463 1749 2551 1804 τὸν
2583 1747 2767 1826 λόγον.
2804 1753 2899 1807 Καὶ
2951 1754 2978 1807 ὁ
3010 1754 3234 1831 Πέτροςο
3272 1753 3557 1811 Ἀδύνατόν
3611 1757 3720 1812 ἐστί
3772 1780 3874 1831 μοι

472 1849 694 1921 nequit,
727 1852 791 1902 ut
821 1863 1015 1902 vocem
1050 1843 1310 1916 Magistri
1346 1842 1457 1897 mei
1507 1843 1809 1912 denegem,
1845 1856 2023 1911 quare
2054 1839 2107 1894 fa

2220 1838 2401 1911 φωνὴν
2431 1842 2527 1892 τοῦ
2559 1838 2694 1911 ἐμοῦ
2728 1841 3052 1913 ἀρνήσασθαι
3086 1841 3443 1917 Διδασκάλου,
3479 1842 3564 1900 διὸ
3593 1845 3684 1900 καὶ
3736 1847 3875 1920 ὁμο-

472 1943 595 1994 teor
628 1936 847 1992 malum
881 1932 1180 2005 esse,quia
1211 1947 1359 2003 szepe
1392 1931 1557 1985 illum
1588 1930 1833 1984 existere
1865 1932 2108 1983 testatus

2220 1924 2369 2001 λογῶ
2396 1929 2528 1981 εἶναι
2557 1928 2647 1982 τὸν
2680 1930 2940 2004 πονηρὸν,
2971 1931 3051 1986 ὅτι
3085 1930 3356 1994 πολλάκις
3389 1933 3547 1989 αὐτὸν
3599 1935 3870 2011 ὑπάρχειν

471 2030 561 2083 est
582 2027 679 2099 qui
714 2029 923 2080 cuncta
979 2039 1111 2078 vere
1168 2020 1498 2093 praedicavit
1554 2018 1846 2090 Magister.
1900 2016 2107 2072 Statim

470 2114 669 2187 itaque
700 2111 1138 2181 conﬁtetur,per
1162 2108 1552 2180 quadraginta
1581 2107 1706 2163 dies
1755 2105 2107 2161 collocutum

462 2201 780 2258 tentavisse
811 2201 1003 2273 ipsum
1035 2199 1133 2270 (a).
1169 2199 1240 2252 Et
1269 2196 1405 2251 alibi
1435 2195 1567 2250 novi
1597 2212 1730 2251 eum
1763 2194 1978 2249 dixisse
2010 2211 2022 2248 :
2049 2192 2110 2250 Si

465 2292 698 2347 Satanas
727 2291 995 2346 Satanam
1021 2289 1225 2360 ejiciat,
1272 2287 1540 2341 adversus
1595 2301 1652 2340 se
1711 2285 1927 2338 divisus
1977 2286 2057 2337 est
2085 2299 2104 2337 :

465 2397 569 2452 quo
590 2380 748 2436 modo
775 2395 899 2450 ergo
927 2378 1137 2433 steterit
1171 2393 1398 2448 regnum
1429 2376 1502 2446 (ὁ)
1525 2377 1550 2427 .9
1580 2374 1646 2428 Et
1695 2373 1847 2445 quod
1896 2372 2107 2426 viderit

466 2474 738 2527 Satanam
772 2469 923 2524 sicut
954 2467 1149 2539 fulgur
1177 2467 1478 2521 cadentem
1512 2465 1582 2519 de
1631 2462 1795 2530 cmlo,
1845 2461 2104 2517 declara-

464 2559 541 2614 vii
564 2559 654 2631 (c).
692 2560 872 2629 Atque
904 2556 1040 2611 alibi
1088 2555 1167 2610 ait
1198 2573 1210 2610 :
1249 2556 1355 2623 Qui
1382 2552 1753 2609 vero-malum
1794 2568 1975 2607 semen
2019 2565 2103 2604 se-

463 2651 665 2713 minat,
697 2654 775 2701 est
804 2645 1052 2699 diabolus
1077 2643 1174 2715 (d).
1201 2644 1267 2697 Et
1328 2643 1539 2696 iterum
1565 2657 1579 2696 :
1614 2639 1803 2698 Nolite
1853 2639 1985 2695 dare
2012 2655 2104 2695 oc—

466 2738 744 2792 casionem
773 2735 939 2789 malo.
974 2733 1123 2796 Quin
1155 2732 1331 2787 etiam
1361 2729 1673 2785 consilium
1705 2728 1865 2784 dedit
1894 2728 1987 2783 his
2009 2744 2106 2783 ver

466 2824 558 2881 bis
587 2842 599 2880 :
634 2824 717 2879 Sit
748 2827 1007 2893 vestrum,
1033 2823 1145 2887 Est,
1176 2828 1272 2887 est,
1303 2836 1367 2875 ac
1394 2824 1535 2881 Non.
1562 2835 1673 2873 non
1697 2834 1716 2879 ;
1756 2818 1894 2888 quod
1924 2824 2107 2871 autem

468 2914 555 2969 his
588 2912 958 2968 abundantius
994 2912 1090 2975 est,
1121 2926 1156 2965 α
1184 2910 1327 2964 malo
1357 2916 1437 2964 est
1469 2909 1559 2979 (e).
1611 2907 1720 2962 Sed
1771 2911 1828 2961 et
1870 2906 1928 2960 in
1974 2923 2103 2960 ora-

465 3004 626 3058 tione
657 3018 835 3074 quam
866 2999 1128 3065 tradidit,
1160 2998 1379 3053 dictum
1422 2997 1708 3051 habemus
1734 3012 1746 3049 :
1782 2996 1980 3051 Libera
2008 3011 2106 3050 nos

463 3108 497 3146 a
528 3091 675 3145 malo
706 3090 799 3164 (Ῑ).
832 3089 902 3143 Et
932 3088 1043 3143 alio
1076 3087 1327 3159 quodam
1358 3086 1417 3140 in
1464 3085 1589 3140 loco
1620 3083 1982 3139 denuntiavit
2010 3083 2104 3138 di-

466 3195 594 3234 cere
623 3178 822 3250 impiis
858 3195 870 3232 :
902 3175 1166 3232 Discedite
1210 3175 1271 3229 in
1312 3176 1569 3230 tenebras
1614 3175 1937 3244 exteriores,
1970 3189 2103 3245 quas

463 3271 680 3340 paravit
706 3237 868 3323 Pater
898 3266 1122 3321 diabolo
1149 3275 1202 3320 et
1251 3266 1462 3334 angelis
1510 3265 1627 3335 ejus
1683 3264 1779 3335 (g).
1838 3237 2016 3318 Ac'ne
2046 3262 2103 3317 in
2137 3237 2178 3304 Ο

465 3356 705 3429 longum
738 3356 1056 3429 producam
1088 3354 1434 3421 orationem,
1470 3354 1685 3425 saepius
1744 3353 1863 3407 scio
1922 3351 2104 3423 Magi-

465 3449 653 3499 strum
682 3461 873 3499 meum
909 3443 1178 3499 docuisse
1208 3460 1337 3499 esse
1367 3441 1975 3507 diabolum.Quocirca
2000 3457 2105 3513 ego

462 3549 694 3603 quoque
727 3533 909 3588 fateor
936 3531 1105 3587 illum
1167 3530 1433 3587 existere.
1495 3535 1571 3586 De
1630 3534 1850 3599 caetero,
1883 3529 1932 3583 si
1965 3527 2104 3599 quid

463 3620 644 3675 habes
685 3626 1109 3692 consequenter
1157 3620 1492 3691 dicendum,
1556 3618 1709 3674 sicut
1760 3616 2106 3689 promisisti,

462 3709 752 3781 eloquere.

533 3886 634 3940 ΙΙΙ.
669 3886 737 3940 Et
766 3884 1006 3941 Simon:
1043 3882 1326 3947 Quoniam
1358 3882 1716 3955 igituraaquo
1752 3881 1947 3938 animo
1979 3899 2111 3938 con-

463 3975 654 4030 fessus
678 3991 740 4029 es
773 3973 993 4028 malum
1026 3972 1290 4038 existere,
1326 3989 1393 4027 ex
1428 3972 1767 4043 Scripturis,
1796 3971 1886 4026 dic
1916 3972 2105 4039 nobis,

461 4080 576 4134 quo
612 4063 783 4117 modo
817 4063 1003 4117 factus
1035 4062 1182 4130 sit,si
1212 4062 1397 4116 factus
1427 4066 1534 4128 est,
1561 4067 1617 4115 et
1648 4080 1681 4115 a
1703 4068 1903 4132 quo,et
1932 4078 2111 4131 quare

461 4156 542 4206 Ac
577 4151 780 4205 Petrus
815 4168 828 4205 :
867 4152 1104 4222 Ignosce
1138 4150 1532 4217 mihi,Simon,
1563 4166 1678 4205 non
1706 4150 1891 4205 audeo
1923 4150 2112 4205 dicere

470 4239 622 4309 quod
658 4239 940 4310 scriptum
973 4256 1084 4294 non
1118 4238 1334 4293 est.Vel
1353 4238 1401 4293 si
1426 4242 1487 4293 tu
1514 4238 1798 4309 scriptum
1823 4238 2110 4307 afﬁrmas,

471 4329 733 4384 ostende.
770 4329 866 4383 Sin
901 4344 1053 4396 vero,
1090 4333 1380 4399 quatenus
1410 4344 1524 4383 non
1576 4327 1806 4399 legitur,
1841 4328 2014 4382 etiam
2047 4332 2112 4383 tu

470 4418 526 4473 id
562 4434 676 4472 non
709 4422 873 4489 potes
903 4417 1233 4485 ostendere,
1263 4433 1367 4472 cur
1394 4417 1465 4471 de
1497 4416 1670 4471 rebus
1704 4432 1819 4471 non
1879 4416 2114 4488 scriptis

468 4506 892 4579 pronuntiandi
918 4506 1190 4561 subimus
1213 4503 1570 4577 periculum?
1586 4505 1640 4559 Si
1658 4504 1812 4559 enim
1847 4521 1960 4559 non
1991 4521 2113 4561 cre-

572 4613 629 4686 a)
660 4615 831 4686 Marc.
868 4631 907 4684 1,
939 4613 1027 4669 13.

651 4684 851 4740 Matth.
886 4702 989 4752 x11,
1018 4685 1109 4740 26.

568 4686 621 4756 ὁ)
651 4686 851 4740 Matth.
886 4702 989 4752 x11,

561 4756 872 4882 ista

716 4845 749 4882 a
849 4867 861 4879 .
895 4844 994 4882 x111

543 4827 624 4899 (ἀ)
658 4828 861 4884 Matth.
895 4844 1019 4895 x111,
1050 4827 1139 4882 39.

2221 2014 2445 2070 ὀπάντα
2502 2015 2800 2082 ἀληθεύσας
2849 2016 3035 2095 εἷ’ρηκε
3084 2018 3439 2083 Διδάσκαλος.
3493 2022 3695 2077 Δῦτίκα
3735 2028 3869 2098 γοῦν

2221 2102 2491 2178 ὁμολογεῖ
2534 2102 2621 2159 ἐπὶ
2659 2109 3053 2182 τεσσαράκοντα
3103 2109 3316 2184 ἡμέρας
3361 2107 3717 2186 διαλεχθέντα
3774 2133 3875 2167 πε-

2215 2192 2521 2270 πειρακὲναι
2555 2193 2734 2250 αὐτόν.
2764 2197 2867 2251 Καὶ
2896 2195 3039 2270 ἄλλῃ
3068 2218 3172 2252 που
3206 2195 3328 2253 οἴδα
3376 2198 3534 2254 αὐτὸν
3587 2200 3869 2274 είρηκότα’

2213 2282 2278 2337 Εἰ
2338 2281 2364 2335 ό
2420 2288 2657 2343 Σατανᾶς
2715 2283 2807 2337 τὸν
2869 2289 3104 2339 Σατανᾶν
3162 2280 3422 2341 ἐκϐάλλει
3483 2290 3548 2355 ⁴⁹,
3602 2286 3683 2366 ἐφ’
3743 2288 3871 2342 ἑαυ-

2210 2371 2301 2424 τὸν
2356 2370 2637 2446 ἐμερίσθη,
2698 2375 2817 2432 πῶς
2876 2369 2966 2425 οὗν
3044 2372 3207 2427 αὐτοῦ
3281 2376 3452 2448 στήκῃ
3509 2378 3554 2411 ⁶⁰
3610 2378 3644 2442 ἡ
3717 2377 3874 2451 βασι-

2214 2457 2375 2528 λεία;
2422 2458 2520 2513 Καὶ
2579 2458 2663 2513 ὅτι
2711 2460 2914 2532 ἑώρακε
2969 2461 3060 2515 τὸν
3118 2464 3359 2537 πονηρὸν
3418 2464 3494 2525 ὡς
3583 2465 3867 2537 ἀστραπὴν

2214 2548 2443 2603 πεσόντα
2500 2547 2559 2603 ἐκ
2608 2553 2705 2603 τοῦ
2761 2548 2996 2623 ούρανοῦ
3056 2548 3329 2621 ἐδήλωσεν
3372 2552 3470 2606 Καὶ
3504 2550 3700 2607 ἄλλοθι
3733 2552 3863 2632 ἔφη’

2215 2637 2274 2694 Ὀ
2333 2634 2389 2691 δὲ
2443 2637 2504 2691 τὸ
2552 2637 2712 2691 κακὸν
2765 2638 2979 2713 σπέρμα
3036 2637 3257 2713 σπείρας
3316 2639 3455 2695 ἐστὶν
3500 2639 3527 2694 6
3577 2637 3862 2704 διάϐολος,

2214 2727 2311 2780 Καὶ
2367 2725 2552 2781 πάλινο
2613 2728 2700 2795 Μή
2778 2723 2898 2780 δότε
2957 2728 3069 2801 (64)
3124 2727 3388 2803 πρόφασιν
3467 2733 3545 2801 τῷ
3612 2735 3865 2807 πονηρῷ.

2216 2813 2391 2870 Ἀλλὰ
2418 2815 2506 2869 καὶ
2538 2810 2926 2887 συμϐουλεύων
2962 2812 3195 2891 εἷ’ρηκενο
3229 2818 3408 2873 Ἐστω
3441 2818 3591 2890 ὑμῶν
3651 2819 3713 2874 τὸ
3752 2819 3861 2890 ναὶ,

2212 2903 2319 2971 ναὶ,
2360 2902 2446 2958 καὶ
2495 2904 2557 2957 τὸ
2607 2901 2689 2975 οὗ,
2750 2899 2832 2958 οὔ·
2866 2905 2928 2958 τὸ
2978 2901 3034 2959 δὲ
3082 2906 3331 2981 περισσὸν
3387 2906 3592 2961 τούτων
3655 2907 3713 2962 ἐκ
3763 2912 3865 2963 τοῦ

2212 2997 2456 3068 πονηροῦ
2488 2992 2649 3049 ἐστίν.
2676 2990 2852 3048 Ἀλλὰ
2878 2993 2966 3047 καὶ
2999 2994 3050 3047 ἐν
3148 2991 3456 3070 παρέδωκεν
3490 2995 3627 3071 εὐχῇ
3657 2994 3862 3073 ἔχομεν

2214 3081 2520 3157 εἰρημένον·
2555 3083 2730 3134 Ῥὗσαι
2776 3083 2923 3153 ἡμᾶς
2973 3082 3077 3136 ἀπὸ
3124 3087 3220 3137 τοῦ
3262 3088 3528 3159 πονηροῦ.
3576 3086 3674 3139 Καὶ
3718 3084 3868 3160 ἄλλῃ

2215 3193 2319 3227 που
2367 3171 2534 3225 εἰπεῖν
2597 3170 2859 3245 ὑπέσχετο
2905 3176 3019 3231 τοῖς
3064 3166 3341 3226 ἀσεϐοῦσιν
3391 3175 3456 3208 δι’
3490 3174 3740 3249 Ὑπάγετε
3789 3174 3871 3237 εἷς

2214 3260 2277 3314 τὸ
2335 3260 2525 3320 σκότος
2580 3259 2643 3313 τὸ
2704 3258 2981 3334 ἐξώτερον,
3035 3259 3063 3313 ὃ
3112 3260 3405 3333 ἡτοίμασεν
3471 3261 3498 3316 6
3545 3264 3729 3335 Πατὴρ
3788 3267 3872 3336 τῷ

2216 3343 2461 3419 διαϐόλῳ
2501 3346 2588 3401 καὶ
2638 3353 2755 3409 τοῖς
2810 3347 3065 3423 ἀγγέλοις
3122 3348 3304 3405 αὐτοῦ.
3352 3350 3450 3404 Καὶ
3501 3348 3592 3404 ’ίνα
3652 3352 3728 3424 μή
3789 3351 3868 3415 εἷς

2215 3435 2358 3493 πολὺ
2395 3436 2619 3509 μηκύνω
2647 3436 2736 3491 τὸν
2771 3435 2957 3511 λόγον,
2990 3434 3262 3500 πολλάκις
3295 3436 3416 3493 οῖδα
3461 3439 3552 3493 τὸν
3613 3437 3872 3495 Διδάσκα-

2218 3525 2313 3581 λόν
2352 3547 2454 3599 μου
2488 3524 2708 3579 εἰπόντα
2738 3526 2868 3579 εἶναι
2902 3528 3055 3583 373
3084 3526 3175 3581 τὸν
3216 3527 3475 3602 πονηρόν.
3510 3529 3602 3583 Διὸ
3634 3531 3679 3565 ⁶²
3710 3530 3867 3604 κάγὼ

2217 3614 2473 3691 σύμφημι
2502 3614 2658 3668 αὐτὸν
2695 3615 2981 3689 ὑπάρχειν.
3025 3616 3225 3669 Λοιπὸν
3277 3615 3327 3669 εἷ’
3362 3637 3417 3670 τι
3466 3613 3614 3692 ἔχεις
3668 3616 3871 3691 ἐπομε-

2216 3725 2318 3765 νως
2350 3701 2550 3777 λέγειν,
2585 3703 2659 3763 ὡς
2692 3700 2950 3778 ὑπέσχου,
2981 3700 3105 3779 λέγε
3135 3705 3198 3761 ⁸⁸.

2290 3883 2384 3937 ΙΙΙ.
2421 3879 2521 3937 Καὶ
2550 3882 2595 3916 ⁵⁸
2624 3879 2651 3933 6
2679 3878 2887 3951 Σίμων·
2923 3879 3071 3936 Ἐπεὶ
3106 3877 3196 3934 οὖν
3230 3879 3653 3957 εὖγνωμονήσας
3712 3884 3868 3957 ὡμο-

2220 3968 2459 4046 λόγησας
2520 3970 2651 4023 εἶναι
2705 3970 2794 4023 τὸν
2859 3968 3121 4044 πονηρὸν,
3171 3970 3275 4024 ἀπὸ
3333 3976 3581 4050 Γραφῶν,
3638 3975 3772 4041 ἠολῖν
3824 3975 3875 4011 ⁸⁸

2223 4057 2347 4135 λὲγε
2392 4059 2452 4112 τὸ
2495 4063 2611 4120 πῶς
2662 4062 2900 4134 γέγονεν,
2936 4056 3084 4133 εἷ’περ
3137 4058 3380 4134 γέγονεν,
3410 4062 3499 4115 καὶ
3553 4062 3655 4116 ὑπὸ
3701 4061 3870 4135 τίνος,

2221 4144 2309 4200 καί
2358 4143 2446 4200 διὰ
2490 4145 2560 4203 τί.
2598 4146 2700 4201 Καὶ
2737 4145 2764 4200 6
2796 4146 3013 4223 Πέτρος
3049 4146 3331 4223 Σύγγνωθί
3394 4170 3509 4223 μοι,
3540 4149 3750 4222 Σίμων,
3789 4152 3869 4223 μὴ

2221 4234 2503 4308 τολμῶντι
2553 4234 2720 4290 εἰπεῖν
2754 4236 2782 4290 ὃ
2818 4236 2891 4308 μὴ
2945 4235 3269 4311 γέγραπται.
3306 4237 3368 4291 El
3418 4238 3481 4292 σὺ
3531 4238 3635 4316 φῄς
3682 4239 3877 4315 γεγρά-

2223 4325 2370 4402 φθαι,
2406 4322 2592 4394 δεῖξον.
2625 4323 2689 4379 Εἰ
2721 4322 2797 4397 δὲ,
2830 4323 2964 4379 καθὰ
2997 4325 3072 4397 μὴ
3105 4326 3421 4400 γέγραπται,
3454 4325 3578 4382 οὐδὲ
3610 4327 3672 4381 σὺ
3703 4325 3873 4402 δεῖξαι

2224 4400 2370 4487 δύνῃ,
2404 4411 2571 4467 διὰτί
2608 4413 2732 4488 περὶ
2779 4417 2886 4466 τῶν
2951 4413 3024 4485 μὴ
3079 4415 3386 4492 γραφέντων
3443 4400 3877 4494 ἀποφαινόμενοι

2223 4500 2637 4576 κινδυνεύομεν;
2670 4500 2806 4556 Εἷ¹⁶⁶
2861 4502 2964 4577 γὰρ
3024 4501 3085 4556 οὐ
3143 4504 3570 4579 πεπιστεύκαμεν
3620 4506 3876 4582 κριθήσε-

2148 4604 2195 4669 Β
2299 4612 2369 4756 te?
2399 4611 2606 4667 Matth.
2639 4627 2692 4682 v,
2724 4610 2794 4665 37
2814 4626 2835 4673 ;
2865 4613 2985 4667 Jac.
3018 4628 3074 4679 ν,
3107 4611 3192 4667 12.

2320 4686 2349 4755 f
2399 4683 2604 4756 Matth.
2639 4700 2717 4752 v1,
2754 4682 2862 4756 13.

2320 4682 2368 4755 f)
2399 4683 2604 4738 Matth.
2639 4700 2717 4752 v1,
2754 4682 2841 4737 13.

2300 4757 2376 4828 (g)
2403 4755 2608 4811 Matth.
2642 4770 2776 4822 xxv,
2804 4755 2895 4810 30.

1820 4913 2064 4971 VARUE
2107 4916 2520 4976 LECTIONES.

542 5012 587 5047 ‘5
612 5010 925 5085 προαίρεσιν
956 5013 1016 5068 C.
1094 5013 1135 5047 ‘7
1167 5011 1316 5066 Vbb.
1349 5009 1483 5117 ﬂf6€
1516 5007 1545 5062 ὅ
1575 5012 1648 5081 (c.
1682 5011 1749 5083 Ι.)
1773 5041 1841 5051 -—
1870 5010 1957 5065 ἐὰν
1993 5012 2096 5088 γάρ
2128 5033 2241 5072 non
2275 5016 2550 5088 leguntur
2578 5011 2638 5066 in
2666 5015 2726 5065 Ο.
2805 5011 2850 5047 ⁴⁸
2895 5008 3263 5084 ὁμολογήσεις
3306 5017 3366 5068 Ο.
3442 5015 3488 5049 ⁴⁰
3534 5006 3791 5068 ἐκϐάλλει
3834 5013 3882 5070 Ο

554 5088 712 5117 ιονι..
751 5089 792 5117 λι
848 5084 894 5117 φ
973 5076 1211 5117 latin)...
1244 5087 1282 5117 ρ
1404 5083 1426 5116 o
1456 5083 1635 5117 ...πίνω
1668 5086 1712 5117 n
1808 5083 1849 5117 δι
1887 5088 1961 5117 nn
1996 5086 2187 5117 iam...
2222 5089 2556 5117 nummi...“
2592 5082 2821 5117 main“;
2852 5098 2880 5117 η
2926 5080 3183 5117 (Lixum.
3220 5082 3438 5117 ἀοι-κιρ...
3470 5086 3713 5117 manu...
3740 5103 3855 5117 ..-ιη

471 5099 522 5155 c.
554 5076 715 5139 textu
748 5076 814 5138 Ν.
848 5084 939 5153 Τ.,
973 5076 1214 5155 ἐκϐάλλῃ
1244 5087 1303 5138 C.

473 5154 611 5209 bere
643 5181 707 5227 ετ
739 5151 952 5227 dicere)
982 5157 1137 5227 idem
1191 5151 1500 5227 signiﬁcat
1540 5170 1605 5207 ac
1659 5151 1849 5208 εἰπεῖν.
1885 5154 2078 5212 Utitur
2134 5164 2327 5215 autem

1456 5083 1639 5167 στήκει
1778 5083 1849 5167 ⁸⁵³
1885 5088 1973 5167 ita.
1987 5080 2189 5167 locum
2219 5080 2560 5167 corruptum
2592 5082 2824 5167 restitui
2852 5098 2901 5137 c.
2926 5080 3183 5167 Οςλόγον
3220 5082 3438 5167 ὑπέχειν
3468 5086 3887 5167 (ἀίοῳυῖρτςεὶ

2410 5152 2573 5210 orma
2630 5152 2800 5207 Medii
2866 5170 2981 5209 non
3032 5152 3157 5211 sine
3188 5152 3433 5212 malitia.
3468 5152 3659 5213 Lectio
3685 5152 3809 5211 Cia
3839 5157 3881 5213 S

471 5226 722 5302 repetita
747 5225 879 5302 εἶπες
916 5222 1177 5302 ύπὲσχετο
1205 5222 1321 5302 rei;
1351 5222 1590 5302 ἀσεορσιν
1624 5230 1953 5280 monstrum
1984 5241 2091 5285 est.
2169 5232 2214 5265 ⁸³
2246 5231 2352 5285 Pro
2386 5223 2468 5280 διό
2500 5226 2710 5280 lacuna
2740 5223 2800 5278 in
2831 5227 2891 5279 Ο.
2968 5226 3013 5260 ⁸³
3045 5226 3150 5282 Pro
3185 5224 3307 5302 λέγε
3335 5227 3609 5284 lacunam
3659 5229 3880 5300 praebet

475 5292 556 5351 o:
617 5297 722 5365 μή
759 5298 885 5369 (sic)
917 5297 981 5354 o.
1053 5292 1105 5332 ῖε
1135 5295 1223 5350 καί
1249 5300 1307 5351 ο.
1385 5297 1427 5331 ω
1456 5292 1491 5363 ἥ
1524 5301 1581 5350 ο.

1845 5395 1938 5448 VA
1951 5397 2228 5454 RIORUM
2273 5396 2502 5454 NOTxE.

544 5490 661 5613 γεω
700 5490 1126 5546 Testimonium
1194 5494 1387 5547 forsan
1450 5490 1753 5545 Ebionitici
1815 5492 2119 5562 evangelii,

562 5576 656 5613 me
686 5561 839 5613 dicto
862 5564 1179 5613 anostnlico
1216 5579 1228 5613 :
1265 5564 1415 5613 Μήτε
1448 5558 1626 5613 δίδοτε
1680 5561 1846 5613 τόπον
1904 5566 1983 5613 τῶ
2008 5561 2119 5613 δια-

478 5558 656 5633 afline
686 5561 839 5633 dicto
862 5564 1179 5632 apostolico
1216 5579 1228 5617 :
1265 5564 1415 5631 Μήτε
1448 5558 1626 5615 δίδοτε
1680 5561 1846 5615 τόπον
1904 5558 2123 5633 «eam;

480 5625 657 5704 ἦόλῳ,
684 5625 1004 5703 Ερίλθείιν,
1036 5636 1125 5690 27.
1190 5625 1469 5704 Equidem
1528 5634 1849 5703 observavi,
1902 5625 2005 5689 nec
2062 5636 2121 5690 in

480 5702 836 5761 Clementinis
884 5720 987 5759 nec
1041 5705 1100 5759 in
1150 5702 1652 5774 Recognitionibus,
1702 5722 1830 5777 quae
1883 5722 2121 5781 apocry-

2233 5492 2541 5565 phaszepe
2572 5488 2826 5565 diximus
2866 5490 2937 5565 ab
2995 5491 3279 5548 Ebionaais
3313 5492 3494 5548 fuisse
3550 5493 3885 5563 depravata,

2234 5560 2489 5619 Ραυιυηῐ
2514 5560 2840 5631 apostolum
2876 5561 3119 5617 citatum
3167 5565 3434 5619 inveniri.
3483 5565 3542 5620 C.
3595 5560 3675 5619 De
3729 5560 3887 5619 dicto

2235 5634 2518 5708 illoAvide1
2541 5649 2668 5708 qua:
2694 5648 2804 5708 pos
2843 5634 3219 5708 eaposuimus
3278 5635 3602 5708 Nachapost,
3659 5635 3883 5692 Zeitalt.

2233 5724 2296 5776 ιι,
2328 5706 2452 5762 391.
2485 5698 2657 5776 8.“μὴ
2690 5698 2768 5756 δω
2793 5721 2851 5756 τε
2881 5698 2946 5760 0⁷.
2983 5706 3255 5762 υιιεεεει.
