4148 6342
221 384 333 443 429

1324 374 1856 437 CLEMENTINA.
1888 406 1965 417 —
1994 374 2328 438 HUMlLlA
2371 378 2449 437 Xl
2469 380 2532 435 \'.

3507 383 3627 445 430

224 510 476 582 ἀληθείας
513 509 799 585 ὀρέγομαι,
848 508 922 570 ὡς
965 506 1133 577 αὐτῆς
1162 504 1316 561 ’ἑνεκα
1349 508 1423 578 μὴ
1457 506 1677 574 ὀκνῆσαι
1720 524 1787 577 με
1825 508 1870 551 8°

1989 522 2161 562 causa
2193 524 2308 562 non
2340 508 2535 581 pigeat
2565 525 2659 563 me
2687 509 2863 564 etiam
2924 509 3248 581 periculum
3308 512 3627 583 suscipere.

224 600 304 653 ταὶ
332 598 396 653 τὸ
442 594 767 651 κινδυνεύειν
823 592 1192 671 ἀναδέχεσθαι.
1228 592 1378 662 Πλὴν
1430 592 1566 669 πρὸς
1596 592 1663 647 τὰ
1700 591 1871 666 ἀπαρ-

225 694 335 764 χῆς
360 707 446 741 σοι
480 685 570 741 ὑπ’
610 685 746 759 ἐμοῦ
792 686 1144 759 προταθέντα,
1180 678 1285 759 εἴγε
1328 680 1493 737 εἰπεῖν
1542 676 1709 757 ἔχεις,
1758 677 1868 751 ἤδη

225 775 364 832 λέγε.

285 798 437 919 ξίιι.
488 861 585 916 Καὶ
632 862 661 916 6
713 860 937 936 Πέτρος·
992 856 1213 928 Ἐπειδή
1260 858 1470 931 τολμᾷν
1528 861 1667 931 ἡμᾶς
1711 857 1870 933 ἀναγ-

221 952 419 1020 κάζεις,
450 952 549 1013 τὰς
578 955 675 1005 τοῦ
702 954 836 1006 Θεοῦ
882 950 1083 1024 τέχνας
1132 943 1373 1025 ἂκριϐὦς
1424 946 1744 1025 έφευρόντας
1775 946 1865 1002 λέ-

220 1062 352 1115 γειν,
383 1040 474 1094 καὶ
505 1044 671 1094 ταῦτα
702 1039 1017 1113 ἀνθρώπους
1056 1036 1184 1099 τοὺς
1222 1034 1355 1109 μηδὲ
1382 1041 1490 1091 τῶν
1533 1035 1739 1108 ὁμοίων
1770 1035 1864 1097 τὰς

218 1130 412 1205 τέχνας
470 1123 768 1204 ἆκριϐὦσαι
820 1124 1169 1198 δυναμένους,
1227 1122 1316 1179 διὰ
1369 1129 1497 1199 γοῦν
1544 1125 1671 1185 τοὺς
1728 1143 1865 1195 παρ-

221 1223 477 1285 εστῶτας,
528 1217 645 1271 ἀντί
693 1222 795 1285 τῆς
842 1210 1227 1284 εὑσεϐεστάτης
1283 1220 1467 1288 σιγῆς,
1496 1213 1619 1286 περὶ
1669 1214 1741 1266 ὧν
1782 1214 1867 1266 θε-

221 1306 332 1368 λεις
366 1304 829 1381 διαλεχθήσομαι.
864 1301 1237 1378 Συνομυλογῶ
1270 1322 1355 1356 σοι
1378 1300 1511 1356 εἷναί
1539 1322 1659 1355 τινα
1678 1299 1865 1362 κακίας

219 1396 483 1470 ἡγεμόνα,
530 1394 593 1449 οῦ
644 1396 689 1431 ⁹⁰
731 1394 829 1461 τήν
878 1392 1082 1468 γένεσιν
1112 1393 1148 1460 ἡ
1180 1394 1218 1428 ⁹¹
1256 1392 1440 1468 Γραφή
1491 1386 1613 1445 οὔτε
1646 1390 1869 1459 ἀληθὲς,

219 1483 340 1539 οὔτε
386 1480 580 1557 ψευδές
630 1482 798 1537 εἰπεῖν
838 1480 1161 1553 ἐτόλμησεν.
1213 1479 1365 1548 Πλὴν
1421 1474 1867 1552 συνδιαπορήσω-

222 1595 312 1646 μεν
362 1570 671 1647 πολλαχῶς
712 1569 775 1623 τὸ
823 1574 941 1631 πῶς
988 1569 1226 1644 γέγονεν,
1280 1565 1429 1642 εἷ’περ
1476 1566 1730 1642 γέγονεν,
1778 1565 1867 1619 καὶ

217 1667 321 1717 τῶν
350 1659 655 1715 δοκούντων
688 1660 748 1712 τὸ
792 1658 1160 1733 εὖφημὸτερον
1209 1654 1480 1728 ἑλώμεθα,
1518 1654 1631 1709 ἐπεὶ
1673 1654 1730 1708 ἐκ
1758 1659 1864 1708 τῶν

222 1751 444 1806 εἰκότων
477 1743 810 1820 λαμϐάνεται
858 1752 1018 1801 τοῦτο
1073 1739 1327 1820 βεϐαίως,
1356 1746 1384 1799 ’ὀ
1417 1748 1460 1781 ⁹²
1496 1745 1588 1816 μέν
1640 1742 1723 1797 δτι
1754 1748 1868 1814 Θεῷ

217 1840 278 1893 τὸ
312 1836 685 1914 εὐφημότερον
720 1835 910 1912 πρέπει
962 1832 1166 1904 δοῦναι,
1212 1832 1379 1907 ταύτῃ
1413 1831 1650 1905 μᾶλλον,
1682 1836 1864 1887 πασῶν

220 1928 484 1982 ὑπονοιῶν
542 1926 925 2000 καθαρθεισῶν,
985 1922 1073 1978 καὶ
1125 1920 1302 1993 ἄλλης
1346 1924 1534 1991 ἱκανῆς
1588 1921 1869 1976 καὶλάκιν-

219 2012 505 2087 δυνοτέρας
551 2011 957 2087 παρακειμένης
1008 2011 1265 2085 ὑποψίας.
1302 2009 1455 2080 Πλὴν
1505 2008 1613 2079 ἤδη
1649 2030 1733 2063 σοι
1764 2009 1869 2084 πρὸ

212 2110 313 2172 τῆς
345 2104 498 2161 378
534 2103 812 2172 ζητήσεως
861 2100 1253 2177 ὑπισχνοῦμαι,
1306 2098 1387 2154 ὅτι
1424 2105 1568 2153 πᾶσα
1617 2096 1740 2160 ὁδος
1775 2103 1871 2167 ζη-

210 2194 419 2262 τήσεως
476 2192 762 2264 ἄμεμπτον
813 2188 971 2243 αὑτὸν
1033 2188 1196 2261 μόνον
1259 2184 1478 2242 δύναται
1540 2184 1709 2257 δεῖξαι
1774 2186 1866 2240 τὸν

219 2280 345 2336 Θεόν
357 2324 369 2337 .

288 2370 378 2425 IX.
435 2366 611 2436 Πλὴν,
670 2366 745 2429 ὡς
804 2365 961 2444 ἔφης,
1023 2366 1051 2420 6
1110 2366 1346 2439 πονηρὸς
1402 2363 1513 2439 εἷ’γε
1560 2364 1785 2439 γενητός
1829 2366 1873 2403 93

218 2458 385 2526 ἐστιν,
417 2457 451 2524 ἢ
486 2457 562 2518 ὡς
616 2460 752 2525 ζῶον
800 2456 1112 2530 γεγέννηται
1145 2458 1209 2522 ⁹⁴,
1241 2454 1276 2523 ἢ
1313 2451 1592 2515 οὐσιωδὼς
1643 2454 1731 2508 ὑπ’
1782 2452 1873 2507 αὑ-

218 2551 314 2600 τοῦ
345 2540 743 2621 προϐέϐληται⁹
777 2544 812 2612 ἢ
847 2542 946 2616 ἔξω
997 2544 1271 2618 κέκραται,
1302 2544 1336 2612 ἢ
1388 2547 1454 2616 τῇ
1504 2544 1687 2617 κράσει
1734 2563 1872 2614 συμ-

218 2629 449 2705 ϐέϐηκεν
502 2633 666 2689 αὐτοῦ
722 2636 757 2703 ἡ
818 2633 1163 2708 προαίρεσις,
1220 2633 1255 2701 ἢ
1311 2633 1433 2686 ἄνευ
1486 2630 1727 2707 κράσεως
1780 2630 1869 2685 καὶ

214 2728 350 2779 Θεοῦ
404 2721 612 2797 βουλῆς
667 2717 863 2791 συνέϐη
924 2720 1165 2797 γενέσθαι
1218 2720 1269 2790 ἐξ
1310 2718 1409 2775 οὑκ
1455 2715 1646 2787 ὄντων,
1678 2721 1712 2788 ἢ
1768 2720 1870 2774 ὑπὸ

221 2816 357 2867 Θεοῦ
390 2810 451 2866 έκ
476 2815 573 2865 τοῦ
622 2807 853 2883 μηδαμῆ
888 2812 931 2847 ⁸⁸
964 2807 1235 2882 μηδαμῶς
1284 2809 1518 2885 γέγονεν,
1548 2810 1583 2877 ἢ
1617 2808 1765 2870 έκτὸς
1802 2809 1868 2878 ἧν

223 2905 357 2956 Θεοῦ
388 2902 423 2969 ἡ
457 2899 560 2969 ὅλη
596 2900 807 2974 ἄψυχος
850 2897 979 2953 οὖσα
1025 2898 1059 2967 ἢ
1112 2896 1360 2973 ἔμψυχος
1414 2895 1531 2960 ὅθεν
1564 2897 1798 2973 γέγονεν,
1831 2897 1866 2966 ἢ

215 2990 405 3043 ἑαυτὸν
449 2986 891 3063 δημιουργήσας,
942 2987 976 3055 ἢ
1032 2987 1134 3041 ὑπὸ
1183 2984 1316 3041 Θεοῦ
1364 2986 1627 3061 γεγονὼς,
1676 2987 1710 3055 ἢ
1760 2991 1867 3040 τῶν

214 3078 356 3154 πρός
386 3077 438 3130 τί
471 3077 633 3147 ἐστιν,
683 3078 718 3145 ἢ
751 3075 858 3130 αἰεὶ
911 3079 1000 3144 ἦν,
1045 3076 1213 3130 εἰπεῖν
1261 3074 1360 3151 γὰρ
1413 3074 1568 3129 αὐτὸν
1625 3076 1700 3147 μή
1735 3076 1869 3129 εἶναι

217 3166 281 3221 οὗ
316 3163 608 3238 δυνάμεθα,
657 3162 1193 3239 συνωμολογήσαμεν
1239 3164 1339 3238 γὰρ
1390 3162 1546 3217 αὑτὸν
1582 3164 1864 3238 ὑπάρχειν.

1984 599 2160 651 Porro
2193 597 2264 652 ad
2296 612 2386 664 ea,
2418 613 2544 668 quea
2576 597 2850 669 primitus
2880 615 2913 653 a
2943 615 3034 655 me
3072 599 3181 655 tibi
3230 605 3368 655 sunt
3425 617 3630 674 propo-

1984 683 2117 749 sita,
2151 684 2442 755 siquidem
2473 684 2655 742 habes
2677 686 2889 757 dicere,
2912 687 3038 758 jam
3071 687 3268 743 dicito.

2051 860 2199 916 VIII.
2232 862 2302 916 Et
2330 865 2535 917 Petrus
2568 878 2580 915 :
2623 863 2907 926 Quoniam
2936 880 3041 918 nos
3073 863 3255 937 cogis,
3290 869 3355 920 ut
3405 860 3626 922 audea-

1983 965 2116 1005 mus
2147 950 2373 1005 divinas
2403 956 2555 1005 artes
2587 950 2895 1021 diligenter
2922 951 3285 1022 inquirentes
3318 970 3623 1026 exponere,

1982 1038 2158 1109 idque
2190 1056 2294 1095 nos
2328 1039 2615 1105 homines,
2648 1039 2749 1111 qui
2783 1056 2886 1094 nec
2934 1040 3213 1096 similium
3261 1048 3412 1098 artes
3469 1043 3624 1100 vale-

1984 1144 2116 1181 mus
2163 1133 2357 1183 exacte
2413 1144 2780 1199 cognoscere,
2847 1129 3167 1185 astantium
3214 1136 3367 1186 certe
3422 1147 3620 1200 causa,

1982 1232 2086 1287 pro
2119 1216 2368 1271 maxime
2398 1217 2492 1287 pio
2516 1215 2845 1283 silentio,de
2876 1217 3093 1289 quibus
3119 1218 3286 1290 cupis
3311 1220 3621 1277 disseram.

1985 1306 2184 1360 Fateor
2215 1312 2401 1359 tecum
2435 1306 2745 1374 quemdam
2802 1322 2931 1361 esse
2987 1306 3217 1362 malitiae
3274 1308 3618 1381 principem,

1980 1394 2149 1464 cujus
2180 1398 2371 1448 ortum
2403 1393 2706 1465 Scriptura
2737 1411 2925 1467 neque
2951 1401 3103 1463 vere,
3118 1413 3303 1467 neque
3325 1397 3465 1453 t'also
3480 1414 3623 1454 ausa

1980 1488 2068 1538 est
2099 1483 2375 1537 indicare.
2403 1483 2684 1538 Caeterum
2720 1501 2836 1539 una
2871 1484 3069 1539 multis
3108 1501 3439 1555 quaeramus
3498 1502 3623 1542 mo-

1982 1573 2094 1637 dis,
2128 1588 2243 1642 quo
2276 1576 2442 1642 pacto
2477 1572 2664 1626 factus
2696 1572 2790 1640 sit,
2826 1574 2903 1627 sit
2936 1573 3121 1628 factus
3159 1578 3267 1641 est,
3323 1579 3380 1629 et
3422 1591 3623 1630 eorum

1983 1677 2108 1731 quae
2130 1659 2500 1726 videbuntur,
2535 1662 2690 1731 quod
2724 1661 3026 1716 honestius
3050 1662 3161 1716 erit
3184 1679 3248 1717 ac
3272 1662 3623 1734 religiosius,

1982 1748 2265 1819 eligamus
2295 1766 2306 1801 :
2338 1748 2809 1820 quandoquidem
2837 1751 2972 1821 jure
2994 1751 3101 1804 hoc
3158 1750 3404 1806 ﬁrmiter
3450 1752 3629 1806 sumi-

1978 1838 2160 1907 tur,id
2182 1838 2418 1908 quidem
2441 1838 2642 1892 decere
2660 1838 2773 1893 Deo
2806 1840 3060 1894 tribuere
3084 1840 3240 1909 quod
3273 1839 3627 1895 laudabilius

1980 1931 2087 1989 est,
2113 1943 2178 1980 eo
2209 1926 2418 1997 magis,
2460 1942 2593 1980 cum
2624 1927 2849 1981 cunctis
2881 1926 3317 1997 suspicionibus
3364 1926 3627 2000 purgatis

1981 2015 2094 2069 alia
2124 2015 2332 2069 idonea
2363 2014 2677 2086 minusque
2719 2015 3044 2086 periculosa
3097 2015 3155 2070 in
3218 2021 3489 2088 promptu
3548 2016 3626 2072 sit

1980 2103 2195 2175 opinio.
2224 2102 2439 2157 Verum
2464 2103 2587 2172 jam
2621 2103 2727 2158 tibi
2760 2109 2893 2159 ante
2922 2104 3406 2176 disceptationem
3447 2104 3623 2176 proﬁ-

1978 2197 2121 2261 teor,
2147 2192 2301 2262 quod
2333 2208 2537 2247 omnes
2567 2176 3042 2264 investigationis
3100 2193 3201 2247 vias
3255 2192 3621 2265 inculpatum

1979 2295 2112 2335 eum
2145 2281 2338 2335 solum
2370 2284 2619 2352 possunt
2651 2280 2956 2335 ostendere
2988 2285 3188 2335 Deum.

2051 2458 2144 2512 1X.
2182 2458 2401 2529 Itaque,
2437 2462 2501 2512 ut
2523 2457 2741 2524 dixisti,
2776 2456 2966 2513 malus
3000 2458 3082 2513 sic
3122 2460 3308 2514 factus
3364 2462 3475 2526 est,
3520 2462 3623 2514 aut

1982 2552 2047 2602 ut
2079 2546 2296 2601 animal
2329 2546 2561 2618 genitus
2590 2551 2699 2614 est,
2733 2552 2835 2602 aut
2866 2550 3189 2603 secundum
3230 2547 3622 2603 substantiam

1981 2638 2052 2691 ab
2081 2636 2205 2707 ipso
2237 2640 2325 2690 est
2359 2634 2640 2706 prolatus,
2674 2641 2777 2690 aut
2807 2639 2970 2691 extra
2999 2642 3358 2708 temperatus
3391 2636 3627 2702 fuit,aut

1981 2741 2080 2796 per
2123 2724 2601 2795 temperationem
2626 2724 2872 2797 contigit
2927 2724 3114 2796 ipsius
3172 2724 3465 2795 voluntas,
3527 2730 3628 2780 aut

1981 2813 2106 2867 sine
2133 2812 2548 2884 temperatione
2570 2818 2625 2868 et
2648 2813 2747 2868 Dei
2771 2812 3012 2869 consilio
3035 2813 3245 2869 accidit
3270 2813 3393 2868 fieri
3424 2830 3491 2868 ex
3509 2830 3625 2869 non

1979 2900 2364 2968 exstantibus,
2400 2905 2500 2954 aut
2528 2917 2561 2955 a
2589 2900 2704 2955 Deo
2746 2900 2906 2955 nullo
2939 2901 3170 2973 penitus
3218 2903 3391 2957 modo
3440 2903 3628 2958 tactus

1978 2994 2085 3058 est,
2119 2994 2222 3044 aut
2251 2993 2411 3044 extra
2441 2989 2620 3044 Deum
2654 2994 2777 3044 erat
2807 2991 3051 3045 materia
3083 2990 3345 3046 inanima
3382 2989 3469 3047 vel
3501 2990 3627 3045 ani-

1980 3078 2319 3144 mata,unde
2348 3084 2540 3132 ortum
2574 3077 2770 3146 habet,
2800 3082 2897 3132 aut
2929 3078 3186 3149 seipsum
3242 3078 3474 3147 creavit,
3524 3082 3627 3133 aut

1981 3185 2014 3223 a
2044 3168 2156 3222 Deo
2189 3166 2376 3221 factus
2393 3170 2499 3231 est,
2534 3171 2635 3220 aut
2664 3166 2734 3221 de
2780 3166 3152 3221 relativorum
3211 3171 3301 3221 est
3355 3183 3622 3233 numero,

218 3255 320 3310 Καὶ
353 3254 381 3307 6
414 3254 621 3326 Σίμων·
675 3250 867 3314 Καλῶς
916 3238 1087 3313 πάσας
1116 3251 1279 3306 αὐτοῦ
1321 3253 1417 3312 τὰς
1450 3249 1608 3313 ὁδοὺς
1647 3249 1866 3324 διεῖλες,

1989 3261 2086 3313 aut
2116 3272 2346 3327 semper
2370 3255 2478 3309 fuit
2511 3272 2524 3322 ;
2560 3271 2694 3308 nam
2726 3272 2858 3309 eum
2884 3271 2997 3309 non
3047 3271 3197 3325 esse,
3256 3256 3446 3309 dicere
3504 3271 3621 3311 non

213 3345 279 3398 τὸ
310 3341 605 3419 κεφάλαιον
656 3340 840 3397 αὐτοῦ.
875 3341 1076 3395 Λοιπὸν
1128 3339 1257 3412 ἐμόν
1312 3338 1421 3393 ἐστι
1471 3341 1570 3409 τὴν
1616 3338 1870 3416 διαίρεσιν

215 3431 574 3507 ἀνακρίναντα
621 3428 787 3501 δεῖξαί
838 3450 927 3484 σοι
983 3429 1075 3483 τὸν
1126 3426 1458 3503 δημιουργὸν
1518 3427 1621 3483 ὐπὸ
1672 3431 1875 3503 μέμψιν

216 3518 491 3577 ὅντα.Σοῦ
523 3516 579 3573 δὲ
610 3517 768 3595 ἔργον
821 3515 1097 3587 ἀποδεῖξαι
1144 3517 1327 3584 αὑτὸν,
1356 3517 1429 3578 ὡς
1474 3516 1775 3593 ὑπέσχησαι
1810 3520 1873 3589 9⁸,

214 3607 401 3678 πάσης
454 3606 714 3681 μέμψεως
766 3604 917 3667 ἐκτὸς
978 3601 1102 3659 ὄντα
1157 3604 1425 3678 Θαυμάζω
1475 3603 1532 3660 δέ
1564 3606 1611 3660 εἷ’
1653 3603 1874 3681 δυνήσῃ,

219 3700 454 3768 Πρῶτον
492 3697 586 3767 μέν
625 3696 729 3772 γὰρ
762 3695 790 3749 6
820 3694 1061 3770 πονηρὸς
1113 3698 1175 3764 ⁹’¹,
1212 3694 1257 3748 εἰ
1289 3694 1394 3748 ἀπὸ
1439 3699 1537 3750 τοῦ
1584 3700 1713 3755 Θεοῦ
1743 3700 1876 3764 ζῶον

220 3787 550 3862 γεγέννηται
584 3787 647 3857 ³³,
680 3782 998 3847 ἀκολούθως
1044 3785 1144 3852 τῆς
1193 3782 1358 3853 αὐτῆς
1389 3789 1485 3838 τοῦ
1529 3780 1877 3859 προϐάλλον-

216 3896 319 3936 τος
374 3873 568 3935 κακίας
624 3873 907 3947 τυγγάνει.
964 3871 1062 3929 Καὶ
1112 3872 1139 3926 6
1188 3873 1390 3947 Πέτρος
1419 3876 1479 3930 99.
1514 3872 1590 3930 Οὑ
1640 3874 1878 3935 πάντως.

219 3967 479 4041 Ὁρῶμεν
511 3962 610 4039 γὰρ
641 3959 889 4023 πολλοὺς
934 3965 1043 4016 τῶν
1096 3960 1393 4036 ἀνθρώπων
1440 3961 1673 4035 ἀγαθοὺς
1705 3956 1881 4030 ὄντας,

219 4053 318 4109 καὶ
368 4049 568 4112 κακοὺς
624 4053 691 4087 ¹⁸⁰
744 4051 1123 4125 γεννήσαντας,
1183 4047 1386 4110 ἄλλους
1435 4046 1491 4103 δὲ
1541 4050 1882 4125 ὑπάρχοντας

221 4143 427 4203 κυιοὺς
505 4145 523 4179 1
559 4185 576 4211 ,
633 4138 721 4193 καὶ
801 4138 1036 4214 ἀγαθοὺς
1114 4137 1458 4213 ἐσχηκότας,
1538 4136 1752 4213 ἐτέρους
1828 4135 1887 4193 δὲ

224 4229 433 4292 κακοὺς
480 4224 661 4297 ὄντας,
711 4227 801 4283 καὶ
848 4226 1082 4302 ἀγαθοὺς
1113 4221 1549 4303 προϐάλλοντας,
1595 4225 1799 4289 ἄλλους
1830 4225 1887 4281 δὲ

230 4319 473 4394 ἀγαθοὺς
506 4316 961 4393 ὑπάρχοντας,καὶ
994 4319 1146 4373 379
1177 4314 1375 4371 κακούς
1403 4337 1462 4370 τε
1490 4316 1578 4369 καὶ
1612 4315 1843 4390 ἀγαθοὺς
1867 4318 1888 4352 ²

224 4409 621 4468 τεκνώσαντας.
674 4404 878 4460 Αὐτίκα
936 4408 1064 4479 γοῦν
1117 4405 1145 4458 6
1190 4408 1407 4478 πρῶτος
1456 4401 1888 4481 δημιουργηθεὶς

229 4499 526 4573 ἅνθρωπος
582 4494 832 4570 ἐγέννησε
867 4494 959 4548 τὸν
1007 4490 1189 4547 ἄδικον
1242 4493 1367 4547 Κάϊν
1410 4494 1499 4546 καὶ
1548 4494 1638 4547 τὸν
1682 4490 1888 4548 δίκαιον

1982 3360 2321 3418 possumus,
2355 3343 2495 3413 quia
2517 3342 2575 3396 in
2607 3359 2671 3397 eo
2702 3343 2851 3412 quod
2894 3343 3135 3397 exsistat
3190 3342 3619 3400 consensimus.

1985 3435 2052 3489 Et
2081 3433 2329 3488 Simon:
2390 3432 2543 3486 Bene
2601 3440 2843 3485 cunctas
2899 3431 3027 3501 ejus
3083 3431 3206 3486 vias
3261 3430 3513 3487 divisisti
3572 3436 3641 3488 et

1985 3538 2281 3578 summam
2314 3520 2749 3589 ejus.Superest
2772 3523 2835 3573 ut
2863 3535 2968 3591 ego
3000 3519 3346 3575 divisionem
3379 3537 3624 3593 perpen-

1987 3612 2132 3666 dens
2162 3608 2467 3665 ostendam
2500 3608 2605 3662 tibi
2638 3608 2964 3662 Creatorem
2998 3607 3180 3680 culpa:
3210 3608 3445 3663 afﬁnem
3477 3625 3628 3664 esse.

1986 3704 2175 3755 Tuum
2207 3715 2339 3753 vero
2381 3700 2470 3752 est
2517 3697 2938 3763 demonstrare,
2992 3696 3144 3752 sicut
3198 3697 3498 3768 professus
3548 3713 3632 3766 es,

1989 3805 2123 3844 eum
2146 3787 2305 3843 omni
2336 3785 2508 3857 culpa
2532 3802 2747 3840 carere.
2810 3785 2986 3841 Miror
3043 3790 3237 3840 autem
3288 3785 3338 3841 si
3397 3785 3633 3857 poteris.

1990 3878 2252 3932 Primum
2277 3875 2541 3945 equidem
2571 3873 2836 3940 malus,si
2869 3892 2902 3928 a
2923 3874 3040 3929 Deo
3073 3879 3137 3928 ut
3165 3873 3380 3929 animal
3404 3874 3638 3946 genitus

1991 3971 2097 4031 est,
2134 3968 2558 4034 consequenter
2586 3963 2851 4033 ejusdem
2885 3962 3119 4018 malitia
3149 3967 3237 4018 est
3269 3979 3401 4017 cum
3442 3961 3639 4034 prola-

1993 4061 2135 4110 tore.
2171 4054 2239 4108 Et
2272 4053 2473 4107 Petrus
2508 4069 2520 4106 :
2555 4052 2678 4106 Non
2710 4051 3057 4107 necessario.
3119 4050 3423 4107 Cernimus
3481 4052 3638 4108 enim

1996 4143 2212 4198 multos
2242 4140 2531 4210 homines,
2567 4140 2686 4210 qui,
2720 4141 2827 4196 etsi
2861 4141 3022 4206 boni,
3055 4141 3242 4197 malos
3298 4146 3494 4198 tamen
3547 4159 3642 4216 ge-

1996 4234 2270 4296 nuerunt,
2295 4228 2441 4284 alios
2471 4245 2621 4294 vero,
2654 4228 2753 4299 qui
2782 4230 2918 4284 mali
2943 4234 3099 4298 sunt,
3127 4234 3185 4285 et
3213 4230 3398 4287 bonos
3441 4247 3640 4288 susce-

1998 4323 2226 4391 perunt,
2280 4316 2424 4372 alios
2480 4320 2697 4384 autem,
2756 4317 2853 4387 qui
2906 4316 3043 4371 mali
3120 4318 3305 4374 bonos
3363 4319 3644 4376 simulac

1998 4406 2182 4464 malos
2213 4404 2719 4477 producunt,alios
2749 4405 3023 4477 denique,
3050 4406 3305 4476 quicum
3343 4408 3479 4463 boni
3504 4408 3641 4475 sint,

1999 4504 2057 4552 et
2088 4495 2270 4551 malos
2292 4500 2348 4549 et
2379 4495 2561 4549 bonos
2584 4495 3193 4563 procrearunt.Statim
3225 4512 3360 4568 ergo
3391 4495 3648 4566 primum

231 4581 432 4641 ’Ἅϐελ
489 4584 630 4659 Πρὸς
677 4580 845 4636 ταῦτα
898 4582 926 4635 ὁ
981 4580 1169 4653 Σίμων
1218 4578 1341 4657 ἔφη’
1392 4582 1669 4651 ’Δνοήτως
1714 4587 1873 4636 ποιεῖ‹

1999 4590 2228 4641 creatus
2266 4584 2440 4638 homo
2473 4582 2678 4654 genuit
2708 4582 2977 4653 iniquum
3009 4582 3257 4638 Cainum
3306 4587 3363 4639 et
3411 4585 3647 4653 justum

228 4676 361 4750 περὶ
415 4676 549 4728 Θεοῦ
599 4669 985 4746 διαλεγόμενος
1024 4669 1114 4724 καὶ
1144 4672 1166 4706 ⁸
1195 4668 1555 4745 ἀνθρωπίνοις
1603 4671 1893 4746 χρώμενος

226 4759 692 4838 παραδείγμασιν.
735 4759 841 4815 Καὶ
874 4760 901 4813 6
934 4760 1158 4830 Πέτρος·
1212 4756 1288 4812 Σὺ
1320 4755 1410 4813 οὖν
1444 4760 1579 4831 ἡμῖν
1616 4758 1739 4834 λέγε
1769 4758 1892 4834 περὶ

233 4850 401 4921 Θεοῦ,
434 4848 795 4923 ἀνθρωπίνοις
833 4848 908 4920 μὴ
941 4849 1226 4923 χρώμενος
1257 4843 1708 4922 παραδείγμασιν,
1762 4848 1895 4920 μετᾶ

226 4945 335 4997 τοῦ
373 4940 557 5012 μέντοι
606 4939 868 5008 νοηθῆναι
899 4934 1151 5001 δύνασθαι
1199 4936 1267 4991 τὰ
1316 4933 1607 5011 λεγόμενα·
1656 4934 1783 4991 ἀλλ’
1832 4935 1895 4991 οὐ

233 5028 469 5103 δυνήσῃ.

2004 4672 2265 4729 Abelem.
2298 4672 2380 4726 Ad
2414 4670 2533 4725 haec
2566 4670 2709 4724 dixit
2739 4670 2941 4725 Simon
2971 4688 2983 4726 :
3017 4671 3238 4727 Stolide
3295 4672 3458 4741 facis,
3509 4673 3652 4727 dum

2005 4763 2073 4816 de
2106 4761 2219 4817 Deo
2250 4760 2548 4815 disserens
2573 4759 2748 4813 etiam
2784 4758 3044 4814 humana
3074 4758 3316 4815 adhibes
3367 4760 3649 4832 exempla.

2005 4851 2073 4905 Et
2103 4853 2346 4903 Petrus:
2378 4848 2463 4903 Tu
2501 4846 2679 4919 igitur
2710 4846 2878 4902 nobis
2899 4847 2970 4902 de
3000 4852 3113 4902 Deo
3147 4848 3404 4919 loquere,
3442 4848 3651 4904 huma-

2004 4939 2100 4995 nis
2133 4954 2237 4993 nec
2269 4942 2429 4992 utere
2467 4935 2773 5008 exemplis,
2827 4934 2912 4990 ita
2969 4941 3165 4993 tamen
3217 4942 3280 4991 ut
3325 4954 3455 5008 quae
3506 4937 3655 4994 dicis

2006 5026 2235 5101 possint
2264 5024 2511 5097 intelligi
2538 5042 2551 5093 ;
2586 5024 2685 5080 sed
2716 5040 3085 5095 nequaquam
3117 5025 3351 5098 poteris.

1620 5161 1859 5216 VARl/E
1897 5159 2302 5216 LECTIONES.

315 5264 364 5298 ⁸9
424 5280 490 5345 με
556 5277 670 5345 oni.
729 5262 795 5314 Ο.
855 5254 1065 5345 ⁹⁰’[ο¹ἶξ]
1244 5261 1286 5295 ⁹¹
1334 5259 1386 5345 ⁸η.
1436 5259 1653 5345 inserui
1715 5276 1781 5341 ο..
1824 5262 1889 5315 Ο.
1948 5259 1995 5293 9³
2052 5256 2114 5311 τό
2173 5257 2239 5311 Ο.
2299 5257 2447 5311 Tum
2481 5252 2868 5345 εὑέημιιὶῖερον
2910 5250 3352 5345 οδοῦναιήπρέςτιει
3408 5257 3466 5311 C.
3519 5256 3562 5339 ξθ
3612 5255 3659 5345 εἰ

241 5328 475 5409 γενητὸς
507 5336 565 5400 C,
618 5330 653 5399 ἢ
686 5329 970 5457 ververet;
1002 5332 1066 5385 Ο.
1126 5335 1269 5385 Tum
1332 5331 1483 5385 idcm
1542 5331 1707 5400 ζωήν,
1768 5331 1825 5385 ἱη
1889 5346 2074 5400 marg.
2138 5345 2294 5383 man.
2355 5328 2853 5409 1³60⁸..ἷΓσωςζῶογε
2910 5328 2955 5361 ⁹⁴
2988 5329 3169 5409 lta~0
3228 5331 3283 5381 et
3313 5343 3379 5382 ex
3412 5329 3656 5399 conject.

245 5412 307 5457 C-
373 5401 658 5457 γεγένηται
718 5404 735 5457 i
786 5445 798 5457 .
832 5405 891 5457 in
948 5408 1129 5457 textu.
1162 5402 1413 5457 γενέηται
1470 5401 1554 5457 Cl.
1610 5403 1776 5456 Errat
1828 5402 1883 5456 S.
1957 5402 2026 5455 de
2060 5399 2305 5454 lectione
2337 5399 2553 5453 COdlCIS
2586 5396 2872 5452 Colelern.
2905 5398 2949 5432 9‘
2979 5402 3134 5457 Θεου.
3175 5392 3256 5457 [ἤ]
3311 5394 3570 5457 μηδαμοῦ
3601 5405 3656 5457 C.

245 5401 308 5477 ὸ,
337 5478 347 5488 ⁸
370 5401 658 5488 γεγένηται
701 5401 735 5457 ’ἱ

832 5392 891 5457 in
948 5408 1129 5471 textu,
1162 5402 1419 5475 γενέηται
1470 5392 1567 5459 Cl:
1593 5392 1776 5475 ΔΕῐδιίιὶίι
1828 5402 1883 5475 S.
1957 5392 2305 5455 devlectione
2337 5398 2553 5475 codicis
2586 5396 2949 5475 Colelerii..9‘
2979 5399 3150 5475 Θεοῦ,
3311 5392 3570 5475 μηδαμοῦ
3601 5405 3662 5473 Ο,

243 5466 349 5586 aui
388 5466 591 5547 postea
624 5475 933 5546 legendum
968 5488 1098 5528 esse
1115 5466 1373 5545 putabat
1403 5471 1463 5526 ἐκ
1494 5492 1548 5545 p.
1582 5469 1642 5540 ἤ,
1677 5489 1809 5527 cum
1859 5474 1917 5527 in
1970 5489 2145 5528 mscr.
2182 5477 2314 5541 post
2362 5470 2483 5520 θεοῦ
2537 5476 2842 5540 appareret
2887 5466 2911 5521 ἐ
2959 5485 3089 5523 cum
3136 5466 3321 5523 initio
3353 5466 3561 5527 litterae
3609 5466 3663 5529 κζ

322 5546 566 5586 ﬁmi-num.
595 5554 640 5586 n
696 5546 739 5581 97
772 5545 876 5586 Dm
907 5542 1040 5586 ἰθέῃ
1076 5542 1117 5586 ci
1152 5546 1356 5586 lnmmn
1394 5545 1448 5586 in
1492 5551 1537 5586 n
1592 5546 1632 5580 93
1668 5545 1745 5586 [tn
1779 5548 1823 5586 n
1869 5548 1927 5586 at
1956 5561 2021 5586 mr
2053 5544 2299 5586 nnninnt,
2335 5543 2375 5586 (ἶ
2430 5540 2485 5586 in
2540 5541 2710 5586 {mins
2741 5544 2897 5586 textu
2946 5537 3244 5586 'VE‘PéV'n‘tdL
3281 5542 3324 5576 99
3354 5540 3409 5586 [Α
3442 5543 3663 5586 Πὲτῖηητ·

322 5537 566 5617 ὑπέσχου
595 5537 1040 5617 ofﬁrma?“
1061 5537 1361 5617 iet-lacuna
1394 5545 1450 5599 in
1492 5537 1556 5599 Ο.
1668 5545 1751 5598 Ita
1779 5548 1851 5617 0._
1869 5548 1927 5600 et
1943 5561 2026 5617 ex
2053 5537 2300 5617 conject.
2335 5543 2397 5610 Ο,
2424 5540 2487 5617 in
2540 5537 2710 5617 cujus
2741 5544 2900 5617 textu
2946 5537 3245 5617 γεγένηται.
3281 5542 3324 5617 οἳ
3354 5540 3668 5617 [aesqpoc

248 5622 313 5678 C.
351 5621 420 5656 ¹⁰⁰
452 5608 697 5690 (inﬁmi;
730 5616 791 5673 C.
828 5621 845 5652 ¹
874 5608 1497 5690 [καμοὺςλὺπάρχοντας
1529 5620 1585 5672 C.
1621 5616 1641 5649 ²
1666 5619 1802 5672 Post
1828 5613 2061 5689 ἀγαθούς
2092 5614 2133 5670 C
2161 5608 2300 5670 addi
2340 5608 2465 5667 vult
2494 5630 2554 5663 τε
2582 5608 2669 5664 καὶ
2701 5611 2917 5684 κακούς,
2960 5608 3032 5669 ’δι’
3069 5613 3150 5668 ita
3185 5608 3374 5671 vertit:
3406 5614 3429 5649 ⁸
3458 5608 3667 5677 καΓίη.

243 5691 415 5752 serui
440 5682 491 5748 ὁ.
523 5682 599 5747 Οἱ
626 5689 790 5746 Idem
821 5682 936 5747 scr.
967 5682 1396 5765 παραδίγμὰὸὶν.
