4148 6342
464 385 575 443 431
608 434 609 437 η

1284 386 1346 443 s.
1398 383 1840 444 CLEMENTIS
1885 383 1909 441 1
1958 379 2145 441 ROM.
2191 366 2422 439 PONT.
2469 378 2732 441 OPERA
2777 381 3045 441 DUBlA.

3751 385 3875 445 432

536 513 602 570 X.
634 513 765 571 Jam
794 530 950 587 ergo,
983 514 1121 586 quid
1156 514 1441 587 principio
1472 514 1715 571 dixisti?
1754 515 1814 571 Si
1869 531 1935 570 ex
1992 513 2107 568 Deo

2293 512 2335 565 Χ
2384 507 2591 564 Αὐτΐκα
2647 513 2776 584 γοῦν
2833 509 2885 565 τί
2925 512 3025 580 τήν
3062 511 3242 587 ἀρχὴν
3295 510 3473 589 ἔλεγες
3505 532 3519 582 ;
3550 512 3616 569 Ei
3648 512 3708 569 ἐκ
3736 518 3874 570 Θεοῦ

468 603 661 659 malus
691 605 925 677 genitus
956 609 1065 671 est,
1100 604 1366 674 ejusdem
1398 621 1531 660 cum
1565 621 1631 659 eo
1661 605 1948 660 exsistens
1980 605 2114 658 sub-

2223 598 2251 651 6
2302 600 2541 673 πονηρὸς
2589 600 2901 673 γεγέννηται
2933 602 2973 671 ⁸,
3004 607 3106 669 τῆς
3155 601 3321 670 αὐτῆς
3365 601 3509 673 αὐτῷ
3541 599 3614 657 ὢν
3666 602 3870 674 οὐσίας,

470 693 902 761 stantiee,etiam
927 697 1077 748 Deus
1109 691 1300 748 malus
1331 697 1437 749 est.
1462 693 1725 765 Cumque
1756 693 2112 748 ostenderim

2231 686 2310 740 ui
2340 686 2580 759 πονηρός
2613 686 2773 741 ἐστιν.
2807 689 2976 760 Ἐμοῦ
3029 687 3086 743 δὲ
3134 687 3401 760 δείξαντος
3450 690 3501 761 ἐξ
3531 691 3699 767 οὗπερ
3724 695 3746 728 ³
3777 693 3874 747 αὐ-

470 798 574 855 per
603 781 747 837 illud
779 782 933 853 quod
965 781 1093 853 ipse
1122 781 1417 837 tradidisti
1443 782 1797 854 exemplum,
1831 798 1899 837 ex
1946 780 2114 836 bonis

472 870 659 927 malos
690 870 825 926 oriri
856 876 1029 942 atque
1059 885 1130 926 ex
1159 870 1327 926 malis
1367 871 1571 939 honos,
1632 887 1745 925 non
1801 868 2114 938 admisisti,

471 960 799 1015 humanum
830 959 1166 1031 prolocutus
1189 959 1514 1030 exemplum
1546 958 1864 1014 esse.Unde
1882 963 1938 1014 et
1959 972 2116 1012 nunc

474 1064 663 1120 neque
692 1065 794 1119 ego
817 1048 999 1103 Deum
1022 1047 1282 1120 genitum
1316 1064 1443 1103 esse
1475 1047 1854 1119 recipio,quia
1880 1046 2116 1119 gignere

473 1137 781 1194 hominum
813 1141 919 1204 est,
950 1154 1062 1191 non
1100 1136 1216 1191 Dei.
1240 1137 1348 1191 Sed
1380 1153 1484 1191 nec
1515 1137 1705 1192 bonus
1756 1135 1843 1191 vel
1901 1134 2114 1203 malus,

465 1226 668 1297 justus
699 1224 786 1281 vel
818 1225 1075 1296 injustus
1107 1241 1235 1280 esse
1265 1228 1456 1296 potest
1486 1225 1659 1293 Deus,
1694 1240 1881 1296 neque
1939 1225 2114 1279 etiam

474 1315 752 1387 prudens,
781 1318 882 1369 aut
906 1313 1141 1381 animal,
1191 1319 1292 1369 aut
1321 1330 1676 1385 quaecunque
1698 1313 1812 1368 alia
1871 1314 2118 1384 possunt

472 1404 664 1460 inesse
695 1402 1053 1471 hominibus,
1087 1419 1222 1457 nam
1255 1403 1370 1458 ista
1399 1402 1704 1458 hominum
1736 1406 1893 1458 sunt.
1949 1402 2020 1456 Et
2065 1398 2117 1456 si

473 1509 590 1548 non
623 1497 849 1565 oportet
872 1492 1028 1548 inter
1056 1492 1433 1563 quaerendum
1466 1492 1536 1547 de
1567 1492 1705 1558 Deo,
1738 1494 1875 1546 dare
1905 1491 1957 1546 ei
1991 1507 2117 1562 quae

473 1579 815 1636 hominibus
862 1580 1067 1636 insunt
1124 1580 1295 1644 bona,
1372 1579 1520 1635 nihil
1569 1584 1750 1636 restat
1796 1578 2118 1651 intelligere

475 1673 578 1724 aut
606 1668 787 1741 loqui,
820 1668 933 1723 nisi
978 1668 1169 1724 solum
1229 1669 1543 1740 quaerenda
1591 1668 1779 1740 ipsius
1825 1668 2116 1735 voluntas,

477 1774 655 1831 quam
685 1757 813 1830 ipse
842 1757 1010 1812 nobis
1033 1756 1299 1829 permisit
1337 1757 1729 1823 considerare,
1762 1761 1849 1823 ut,
1883 1756 2117 1827 quando

470 1846 894 1919 judicabimur,
918 1846 1346 1901 inexcusabiles
1372 1845 1559 1901 simus
1581 1845 1639 1900 in
1662 1845 1733 1902 iis
1755 1862 1882 1917 quae
1912 1862 2119 1918 cogno-
2150 1881 2196 1946 B

476 1939 705 1992 scentes
736 1952 849 1990 non
882 1935 1259 1990 servavimus.

546 2023 639 2079 XI.
674 2024 741 2079 Et
772 2022 973 2079 Simon
1002 2023 1246 2079 audiens
1277 2022 1459 2078 dixit:
1488 2023 1612 2078 Non
1658 2024 2029 2096 extorquebis
2085 2040 2120 2079 a

477 2128 592 2182 me,
624 2116 706 2181 ut,
741 2113 811 2168 de
843 2111 1176 2168 substantia
1206 2112 1334 2182 ejus
1374 2110 1573 2181 silens,
1599 2113 1668 2167 de
1719 2112 1841 2167 sola
1870 2113 1997 2183 ejus
2028 2112 2117 2166 in-

476 2201 704 2273 quiram
734 2201 1049 2257 voluntate.
1076 2204 1256 2255 Datur
1285 2200 1441 2255 enim
1473 2205 1529 2255 et
1559 2201 1628 2255 de
1662 2200 1818 2256 illius
1850 2202 2120 2256 substan-

474 2291 558 2346 tia
588 2289 910 2363 intelligere
942 2306 1007 2345 ac
1041 2289 1221 2360 loqui,
1252 2306 1320 2344 ex
1352 2290 1543 2357 bonis,
1574 2289 1840 2361 inquam,
1865 2307 1990 2360 quae
2024 2290 2120 2345 ho-

477 2380 739 2435 minibus
768 2380 990 2434 insunt.
1024 2377 1283 2449 Exempli
1312 2378 1517 2450 gratia,
1545 2378 1768 2433 homini
1830 2380 1981 2434 inest
2036 2379 2118 2433 vi-

474 2485 607 2524 vere
638 2485 703 2524 ac
734 2468 921 2535 mori;
952 2468 1051 2523 sed
1084 2467 1197 2522 Deo
1221 2484 1335 2521 non
1371 2467 1537 2533 mori,
1563 2471 1622 2522 at
1671 2467 1876 2533 vivere,
1928 2472 1985 2522 et
2036 2467 2118 2522 vi-

476 2557 687 2613 verein
721 2560 1089 2628 perpetuum.
1118 2556 1320 2610 Adhuc
1353 2556 1596 2611 insitum
1628 2562 1715 2611 est
1757 2556 2117 2627 hominibus,

479 2646 665 2702 bonos
695 2662 823 2702 esse
853 2649 910 2701 et
932 2644 1115 2700 malos
1150 2661 1162 2700 :
1215 2644 1354 2709 Deo,
1399 2660 1527 2700 esse
1584 2644 2123 2717 incomparabiliter

481 2736 722 2790 bonum.
778 2735 847 2789 Et
901 2751 972 2789 ne
1030 2732 1281 2788 multum
1340 2749 1669 2788 sermonem
1740 2735 2117 2805 protraham:

482 2839 705 2894 eorum,
735 2839 860 2893 quae
891 2821 1110 2877 habent
1139 2820 1426 2889 homines,
1452 2821 1853 2892 praestantiora
1883 2822 1941 2877 in
1964 2827 2124 2877 teter-

484 2930 625 2967 num
654 2911 914 2984 possidet
948 2912 1117 2965 Deus.
1144 2910 1236 2964 Ait
1266 2913 1473 2964 Petrus
1506 2926 1519 2965 :
1554 2910 1655 2965 Dic
1689 2910 1852 2977 mihi,
1899 2912 2119 2979 Simon,

482 3001 648 3057 adest
675 2999 1037 3063 hominibus,
1069 2997 1305 3070 gignere
1330 2998 1515 3053 malos
1546 3003 1601 3053 et
1629 2998 1904 3069 bonos,ac
1940 3000 2124 3055 facere

481 3089 637 3144 mala
666 3093 722 3144 et
750 3088 942 3143 bona?
975 3087 1177 3142 Simon
1232 3086 1533 3158 respondit
1565 3104 1577 3141 :
1642 3087 1833 3143 Adest.
1893 3087 2127 3160 Excepit

480 3177 687 3233 Petrus
722 3192 735 3231 :
770 3176 1053 3241 Quoniam
1086 3175 1167 3231 ita
1196 3175 1526 3243 afﬁrmasti,
1558 3193 1780 3243 eorum,
1832 3193 1958 3248 qua:
2018 3176 2120 3231 ha-

2221 775 2312 837 τὸς
2344 773 2547 838 ἔδωκας
2600 773 3062 852 παραδείγματος,
3104 777 3185 833 ὅτι
3238 777 3289 850 ἐξ
3340 781 3550 854 ἀγαθῶν
3594 782 3750 835 κακοὶ
3780 782 3876 855 γί-

2221 884 2403 919 νονται
2451 865 2540 919 καὶ
2590 864 2648 919 ἐκ
2692 870 2871 920 κακῶν
2920 866 3130 943 ἀγαθοὶ,
3160 867 3221 923 οὐ
3268 865 3563 944 παρεδὲξω,
3597 870 3874 944 ἀνθρώπι-

2224 974 2313 1009 νον
2366 955 2541 1031 φήσας
2598 954 2730 1008 εἶναι
2779 955 2840 1009 τὸ
2888 953 3255 1031 παράδειγμα.
3304 958 3457 1021 Ὅθεν
3498 962 3593 1012 καῖ
3636 963 3726 1012 νῦν
3761 958 3877 1034 ἐγὼ

2225 1040 2349 1097 οὐδὲ
2376 1043 2439 1097 τὸ
2470 1044 2821 1118 γεγεννῆσθαι
2851 1046 2873 1081 ⁸
2912 1045 3039 1099 Θεὸν
3082 1043 3487 1121 παραδέχομαι,
3537 1046 3621 1102 ὅτι
3662 1048 3725 1102 τὸ
3753 1069 3877 1123 γεν-

2224 1136 2313 1201 νᾷν
2348 1132 2643 1206 ἀνθρώπων
2693 1131 2856 1201 ἐστὶν,
2908 1133 2969 1187 οὐ
3018 1138 3170 1189 Θεοῦ.
3224 1133 3382 1191 Ἀλλ’
3429 1132 3553 1190 οὔτε
3601 1136 3797 1213 ἀγαθὸς
3835 1136 3874 1206 ἢ

2225 1220 2413 1287 κακὸς,
2442 1219 2478 1289 ἤ
2512 1218 2719 1284 δίκαιος
2749 1222 2784 1290 ἢ
2820 1218 3004 1285 ἄδικος
3054 1222 3183 1277 εἶναι
3232 1220 3448 1278 δύναται
3496 1226 3524 1279 6
3564 1226 3716 1294 Θεὸς,
3749 1222 3876 1280 οὔτε

2230 1309 2336 1379 μὴν
2369 1311 2387 1343 ⁷
2419 1308 2685 1385 φρόνιμος
2715 1310 2750 1378 ἢ
2787 1314 2921 1379 ζῶον
2953 1310 2988 1381 ἢ
3022 1310 3121 1366 ὅσα
3173 1309 3318 1368 ἄλλα
3364 1313 3672 1389 ἀνθρώποις
3701 1335 3876 1390 προσ-

2226 1402 2359 1451 εῖναι
2418 1394 2652 1452 δύναται·
2710 1398 3010 1475 ἀνθρώπων
3064 1401 3165 1476 γὰρ
3220 1402 3287 1456 τά
3342 1399 3607 1461 τοιαῦτα.
3668 1404 3769 1461 Καὶ
3827 1400 3882 1459 εἷ’

2231 1486 2304 1558 μή
2339 1486 2450 1561 χρὴ
2500 1491 2789 1556 ζητοῦντας
2820 1488 2943 1565 περὶ
2974 1493 3106 1544 Θεοῦ
3158 1487 3360 1545 διδόναι
3392 1490 3631 1563 αὐτῷ·τὰ
3670 1492 3883 1565 ἀνθρώ-

2224 1595 2352 1635 ποις
2406 1574 2678 1651 προσόντα
2723 1574 2883 1646 καλὰ,
2935 1575 3086 1632 οὐδὲν
3139 1576 3248 1633 ἔστι
3297 1576 3394 1634 τοῦ
3426 1578 3627 1637 λοιποῦ
3663 1586 3801 1636 νοεῖν
3835 1581 3875 1651 ἢ

2228 1660 2418 1732 λὲνειν,
2564 1664 2728 1720 ταύτὸ
2771 1665 2934 1739 μόνον
2994 1672 3193 1739 ζητεῖν,
3249 1668 3312 1724 τὸ
3357 1676 3458 1738 τῆς
3506 1671 3877 1747 προαιρέσεως

2227 1752 2382 1808 380
2411 1751 2593 1822 αὐτοῦ,
2625 1751 2692 1822 ἤν
2742 1752 2901 1816 αὐτὸς
2948 1756 3326 1832 συνεχώρησεν
3362 1759 3497 1830 ἡμῖν
3528 1763 3692 1828 νοεῖν,
3721 1757 3875 1823 ὅπως

2226 1840 2533 1915 κρινόμενοι
2584 1840 2987 1918 ἀναπολόγητοι
3043 1842 3190 1916 ὦμεν
3240 1845 3365 1920 περὶ
3415 1844 3489 1901 ὧν
3528 1846 3745 1923 γνόντες
3778 1847 3879 1903 οὐκ

2227 1926 2589 2006 ἐφυλάζαμεν.

2298 2023 2387 2073 ΧΙ.
2422 2018 2519 2071 Καὶ
2552 2019 2579 2073 6
2613 2017 2800 2093 Σίμων
2847 2018 3078 2083 ἆκούσας
3129 2019 3253 2100 ἔφη’
3287 2021 3363 2079 Οὐ
3397 2020 3736 2095 δυσωπήσεις
3781 2046 3873 2099 με,

2224 2105 2349 2181 περὶ
2376 2108 2397 2143 ⁸
2424 2109 2521 2175 τῆς
2569 2107 2749 2169 οὐσίας
2780 2107 2944 2164 αὐτοῦ
2984 2111 3353 2180 σιωπήσαντα,
3387 2111 3511 2187 περὶ
3551 2115 3651 2182 τῆς
3681 2134 3877 2188 προαι-

2228 2194 2424 2269 ρέσεως
2455 2195 2617 2250 αὐτοῦ
2650 2201 2827 2265 ζητεῖν
2879 2197 3072 2269 μόνης.
3120 2200 3267 2254 Ἔστι
3319 2201 3423 2277 γὰρ
3472 2202 3595 2277 περὶ
3644 2210 3747 2273 τῆς
3787 2203 3883 2258 οὐ-

2227 2284 2343 2345 σίας
2373 2283 2536 2339 αὐτοῦ
2567 2286 2655 2339 καὶ
2686 2291 2827 2340 νοεῖν
2874 2286 2963 2341 καὶ
2997 2286 3193 2363 λέγειν,
3227 2288 3371 2364 λέγω
3404 2288 3470 2359 δὴ
3505 2292 3609 2346 ἀπὸ
3648 2297 3752 2347 τῶν
3786 2293 3885 2347 ἀν-

2229 2373 2468 2445 θρώποις
2501 2377 2521 2411 ⁹
2549 2373 2861 2450 προσόντων
2892 2376 3098 2433 καλῶν.
3133 2378 3256 2433 Οἴον
3289 2379 3571 2456 πρόσεστιν
3607 2382 3884 2456 ἀνθρώπῳ

2226 2462 2288 2516 τὸ
2323 2466 2417 2535 ζῇν
2449 2462 2536 2516 καὶ
2569 2464 2630 2517 τὸ
2667 2463 2934 2532 τεθνάναι,
2984 2463 3130 2519 ἀλλά
3158 2470 3237 2538 τῷ
3286 2472 3401 2539 Θεῷ
3434 2467 3495 2522 οὐ
3525 2468 3588 2523 τὸ
3617 2469 3884 2542 τεθνάναι,

2228 2547 2375 2603 ἀλλά
2405 2550 2465 2604 τὸ
2500 2555 2616 2623 ζῇν,
2649 2549 2739 2605 καί
2766 2553 2829 2607 τὸ
2863 2555 2957 2625 ζῇν
2992 2552 3251 2615 αἰωνίως.
3283 2556 3399 2609 Ἔτι
3457 2557 3563 2629 μὴν
3596 2556 3887 2633 πρόσεστιν

2230 2640 2535 2713 ἀνθρώποις
2582 2641 2645 2694 τὸ
2691 2646 2878 2703 κακοῖς
2913 2640 3045 2695 εἶναι
3076 2642 3166 2695 καὶ
3199 2642 3442 2718 ἀγαθοῖς,
3477 2648 3555 2717 τῷ
3586 2643 3642 2700 δὲ
3674 2650 3791 2718 Θεῷ
3817 2646 3885 2702 τὸ

2230 2728 2563 2803 ἀσυγκρίτως
2594 2732 2638 2765 ¹⁰
2685 2730 2867 2805 ἀγαθῷ
2912 2731 3064 2787 εἶναι.
3114 2732 3213 2785 Καὶ
3256 2729 3349 2786 ἵνα
3400 2733 3474 2805 μὴ
3528 2733 3614 2788 ἐπὶ
3657 2738 3699 2772 ίί
3733 2734 3883 2790 πολὺ

2236 2816 2461 2890 μηκύνω
2513 2817 2603 2871 τὸν
2663 2815 2855 2893 λόγον,
2909 2822 3015 2873 τῶν
3076 2820 3388 2897 προσόντων
3448 2820 3756 2897 ἀνθρώποις
3813 2824 3885 2877 τὰ

2231 2905 2510 2981 κρείττονα
2566 2904 2803 2968 αἱωνίως
2852 2906 3108 2983 πρόσεστι
3154 2913 3233 2980 τῷ
3285 2913 3423 2981 Θεῷ.
3472 2910 3569 2964 Καὶ
3603 2911 3630 2964 6
3676 2911 3885 2987 Πέτρος

2234 2992 2357 3072 ἔφη·
2392 2994 2533 3050 Λὲχε
2576 3016 2690 3067 μοι,
2747 2995 2959 3068 Σίμων,
3010 2996 3293 3072 πρόσεστιν
3345 2999 3649 3074 ἀνθρώποις
3693 3004 3886 3075 γεννᾷν

2231 3084 2429 3145 κακοὺς
2460 3084 2549 3138 καὶ
2580 3082 2831 3159 ἀγαθοὺς,
2880 3084 2988 3139 καὶ⁴
3018 3091 3197 3140 ποιεῖν
3246 3088 3385 3142 κακά
3414 3088 3502 3142 καὶ
3533 3088 3742 3162 ἀγαθά;
3779 3089 3884 3143 Καὶ

2235 3174 2262 3227 6
2295 3174 2481 3245 Σίμων
2535 3171 2657 3251 ἔφη·
2719 3172 3031 3248 Πρόσεστιν.
3066 3174 3164 3230 Καὶ
3218 3176 3245 3230 6
3306 3175 3507 3253 Πέτρος
3557 3173 3680 3254 ἔφη·
3729 3178 3883 3232 Ἐπεὶ

481 3266 620 3322 bent
653 3266 939 3336 homines,
973 3264 1378 3338 praestantiora
1410 3269 1636 3337 oportet
1656 3266 1770 3321 Deo
1821 3246 2075 3321 tribuere
2103 3282 2115 3321 :

2234 3261 2404 3323 οὕτως
2453 3260 2584 3339 ἔφης
2633 3264 2698 3330 ¹²,
2748 3266 2855 3315 τῶν
2884 3262 3194 3337 ἀνθρώποις
3242 3265 3555 3341 προσόντων
3587 3267 3653 3319 τὰ
3698 3265 3889 3341 κρείτ-

481 3371 613 3410 cum
645 3355 717 3411 ab
750 3354 1090 3410 hominibus
1121 3354 1438 3426 gignantur
1459 3352 1597 3409 mali
1649 3358 1705 3409 et
1750 3355 1910 3421 boni,
1972 3356 2125 3410 Deus

484 3443 640 3499 solos
669 3443 852 3499 bonos
885 3446 1076 3515 potest
1099 3443 1335 3515 gignere
1361 3459 1372 3497 :
1410 3448 1706 3511 praterea,
1737 3461 1871 3499 cum
1931 3443 2123 3499 homi-

485 3548 589 3587 nes
615 3531 832 3587 faciant
862 3531 1017 3587 mala
1048 3536 1104 3586 et
1134 3532 1306 3599 bona,
1343 3530 1467 3603 ipse
1500 3531 1688 3586 solum
1722 3533 1872 3587 bona
1940 3534 2125 3589 facere

484 3620 907 3676 oblectamento
937 3621 1136 3675 habet.
1169 3624 1359 3690 Atque
1391 3619 1473 3673 ita
1492 3619 1563 3675 de
1587 3619 1724 3690 Deo,
1756 3639 1828 3675 an
1853 3638 2124 3693 non,quaa

484 3708 792 3765 hominum
823 3712 961 3763 sunt
991 3707 1179 3762 dicere
1211 3711 1311 3762 aut
1342 3711 1530 3763 tacere
1547 3712 1656 3775 est,
1674 3708 1761 3764 vel
1792 3726 1859 3764 ex
1888 3710 2125 3783 iis,quae

483 3796 753 3854 homines
780 3796 1062 3867 obtinent,
1097 3796 1284 3865 bonis,
1318 3812 1549 3867 aequum
1582 3802 1671 3852 est
1701 3798 1751 3852 ei
1792 3797 1989 3871 largiri
2024 3817 2124 3871 po-

484 3887 633 3943 tiora
663 3886 691 3942 7
722 3886 933 3958 Sicque
962 3884 1225 3941 omnium
1258 3884 1541 3940 bonorum
1574 3885 1735 3941 solus
1765 3892 1854 3942 est
1900 3892 2121 3944 auctor.

552 4064 672 4121 XlI.
705 4065 776 4120 Et
805 4064 1045 4120 Simon:
1102 4061 1285 4135 Igitur
1318 4061 1367 4116 si
1424 4061 1577 4117 Deus
1634 4061 1891 4118 solorum
1941 4065 2124 4121 bono-

480 4170 614 4210 rum
645 4157 844 4209 auctor
873 4157 981 4222 est,
1017 4152 1157 4223 quid
1190 4151 1397 4207 deinde
1449 4151 1770 4223 intelligere
1820 4153 2119 4219 debemus,

479 4241 593 4298 uisi
622 4241 773 4312 quod
806 4240 1028 4296 malum
1062 4239 1174 4295 alia
1198 4239 1465 4310 quaedam
1517 4240 1784 4312 genuerit
1840 4246 2117 4311 potestas,

478 4335 579 4387 aut
610 4332 754 4386 forte
784 4328 1110 4402 ingenitum
1142 4327 1238 4383 sit.
1273 4328 1343 4382 Et
1373 4328 1579 4383 Petrus
1613 4328 1843 4399 :Neque
1867 4328 1980 4385 alia
2010 4331 2121 4386 vir-

476 4424 573 4476 tus
630 4418 833 4491 genuit
888 4416 1132 4490 malum,
1191 4433 1379 4488 neque
1432 4416 1657 4472 malitia
1713 4415 1971 4489 ingenita
2010 4425 2117 4487 est,

477 4507 977 4581 quemadmodum
1017 4506 1087 4562 ad
1132 4506 1306 4561 finem
1365 4506 1692 4560 ostendam.
1753 4506 1917 4561 Nunc
1963 4508 2116 4562 enim

2232 3371 2362 3404 τονα
2408 3349 2697 3423 ἀπονέμειν
2744 3347 2826 3404 δεῖ
2870 3355 2949 3422 τῷ
2999 3356 3133 3423 Θεῷ·
3167 3352 3468 3427 ἀνθρώπιον
3494 3354 3804 3430 γεννώντων
3841 3357 3891 3393 1³

2233 3439 2432 3501 κακοὺς
2463 3439 2550 3494 καὶ
2582 3438 2833 3515 ἀγαθοὺς,
2867 3441 2895 3494 6
2926 3440 3057 3502 Θεὸς
3106 3440 3336 3516 ἀγαθοὺς
3389 3442 3588 3515 μόνους
3634 3451 3887 3519 γεννῆσαι

2236 3526 2475 3597 δύναται,
2508 3525 2582 3582 ἔτι
2622 3549 2679 3582 τε
2710 3532 2815 3582 τῶν
2864 3528 3158 3604 ἀνθρώπων
3207 3529 3508 3585 ποιούντων
3552 3534 3599 3568 ¹⁴
3625 3532 3764 3586 κοικά
3791 3534 3887 3587 καὶ

2234 3617 2425 3693 ἀγαθὰ,
2475 3616 2635 3679 αὐτὸς
2689 3616 2853 3689 μόνον
2884 3618 2952 3672 τὰ
2999 3618 3168 3694 ἀγαθά
3192 3624 3364 3674 ποιῶν
3393 3620 3665 3694 τέρπεται,
3698 3621 3887 3684 Οὕτως

2234 3707 2358 3784 περὶ
2410 3710 2562 3778 Θεοῦ,
2609 3703 2645 3775 ἤ
2699 3705 2760 3760 οὐ
2812 3704 2877 3775 δὴ
2927 3707 2993 3761 τά
3038 3707 3345 3782 ἀνθρώποις
3394 3709 3663 3784 προσόντα
3702 3708 3885 3784 λέγειν

2233 3796 2323 3850 καὶ
2356 3798 2560 3865 σιωπᾷν
2594 3791 2759 3861 ἔστιν,
2780 3790 2817 3862 ἤ
2847 3799 2953 3849 τῶν
2978 3794 3280 3868 ἀνθρώποις
3301 3796 3613 3873 προσόντων
3633 3795 3814 3853 καλῶν
3842 3801 3889 3835 ¹⁶

2238 3882 2465 3957 εὔλογόν
2525 3882 2665 3937 ἐστιν
2724 3881 3013 3956 ἀπονέμειν
3067 3883 3214 3956 αὐτῷ
3269 3884 3337 3939 τὰ
3388 3884 3668 3961 κρείττονα
3718 3906 3731 3956 ;
3777 3887 3885 3943 Καὶ

2237 3993 2407 4033 ουτως
2437 3971 2647 4025 πάντων
2679 3966 2863 4024 καλῶν
2900 3970 3061 4043 μόνος
3090 3970 3228 4026 ἐστὶν
3261 3968 3453 4034 αἷίτιος.

2305 4062 2451 4117 381
2489 4060 2610 4115 ΧΙΙ.
2665 4059 2768 4115 Καὶ
2800 4059 2828 4113 6
2862 4058 3069 4133 Σίμων’
3119 4059 3345 4132 Οὐκοῦν,
3387 4060 3433 4115 εἷ
3462 4061 3491 4116 6
3522 4060 3653 4123 Θεὸς
3703 4061 3885 4135 μὸνων

2230 4154 2333 4204 τῶν
2391 4146 2572 4203 καλῶν
2635 4143 2805 4209 αἷίτιός
2861 4146 3021 4220 ἐστιν,
3069 4152 3167 4203 τοῦ
3220 4147 3419 4203 λοιποῦ
3466 4149 3519 4203 τί
3567 4147 3675 4204 ἔστι
3714 4156 3879 4219 νοεῖν,

2228 4236 2264 4307 ἤ
2317 4237 2397 4291 ὅτι
2456 4237 2546 4290 τὸν
2599 4238 2643 4274 1⁸
2689 4237 2928 4310 πονηρὸν
2980 4238 3131 4309 ἑτέρα
3177 4258 3259 4300 τις
3305 4236 3580 4313 ἐγέννησεν
3632 4239 3810 4315 ἀρχὴ,
3844 4235 3883 4307 ἤ

2231 4326 2314 4402 ἄρ’
2364 4323 2647 4401 ἀγὲννητόν
2709 4326 2749 4360 ¹⁷
2808 4323 2946 4381 ἐστιν
2976 4369 2989 4381 .
3036 4323 3140 4383 Kal
3187 4327 3215 4381 6
3265 4326 3503 4402 Πέτροςο
3550 4324 3683 4382 Οὔτε
3729 4326 3885 4402 ἑτέρα

2226 4437 2310 4476 τις
2366 4411 2587 4486 δύναμις
2645 4411 2895 4487 ἐγέννησε
2950 4413 3039 4468 τὸν
3092 4414 3354 4492 πονηρὸν,
3414 4414 3537 4470 οὕτε
3584 4412 3877 4491 ἀγέννητόν

2229 4503 2368 4559 ἐστιν
2422 4502 2485 4557 τὸ
2531 4500 2715 4572 κακὸν,
2766 4502 2843 4563 ὡς
2889 4501 2975 4557 ἐπὶ
3013 4501 3158 4557 τέλει
3215 4500 3390 4575 δείξω.
3436 4509 3543 4559 Νῦν
3592 4506 3697 4581 γὰρ
3747 4506 3883 4560 ἀπο-

474 4596 842 4670 propositum
874 4600 963 4651 est
995 4594 1139 4651 mihi
1180 4595 1602 4662 demonstrare,
1662 4599 1727 4649 ut
1784 4593 1947 4650 initio
1983 4612 2115 4667 pro-

2231 4590 2385 4662 δεῖξαί
2439 4612 2530 4664 μοι
2581 4589 2886 4663 πρόκειται,
2918 4591 2997 4645 ὡσ
3026 4590 3117 4646 ἀπ’
3165 4592 3347 4669 ἀρχῆς
3400 4593 3743 4670 ὑπεσχόμην,
3791 4594 3876 4650 ὅτι

474 4685 629 4755 misi,
666 4691 849 4741 Deum
875 4685 1037 4740 omni
1078 4684 1249 4739 modo
1266 4699 1394 4738 esse
1427 4682 2115 4755 inculpabilem.Conces-

471 4775 657 4832 simus
677 4791 835 4847 ergo,
871 4779 1052 4829 Deum
1076 4790 1145 4829 ex
1186 4773 1276 4837 iis,
1310 4788 1439 4843 quae
1490 4771 1691 4827 insunt
1751 4771 2108 4843 hominibus,

466 4864 872 4936 praestantiora
895 4864 1041 4919 citra
1082 4861 1579 4933 comparationem
1610 4861 1844 4916 habere.
1891 4861 1967 4916 Ex
1997 4879 2111 4933 quo

466 4953 551 5027 ﬁt,
586 4957 650 5010 ut
677 4953 992 5026 productor
1021 4952 1099 5008 sit
1128 4955 1377 5023 quatuor
1397 4949 1883 5018 substantiarum,
1917 4950 2109 5023 calidi,

2222 4684 2358 4737 κατὰ
2387 4682 2557 4735 πάντα
2607 4683 2649 4717 ¹⁸
2695 4679 2897 4755 τρόπον
2931 4681 2959 4735 6
2989 4682 3119 4743 Θεὸς
3172 4678 3459 4755 ἄμεμπτός
3498 4682 3660 4740 ἐστιν.
3696 4679 3876 4738 Δεδώ-

2220 4793 2389 4845 καμεν
2447 4768 2536 4825 οῦν
2566 4770 2649 4824 ’ὁτι
2691 4771 2719 4824 6
2767 4770 2895 4832 Θεὸς
2946 4774 3053 4825 τῶν
3108 4769 3417 4847 ἀνθρώποις
3463 4770 3776 4843 προσόντων
3807 4772 3879 4827 τὰ

2220 4860 2501 4932 κρείττονα
2529 4856 2868 4934 ἀσυγκρίτως
2930 4854 3067 4936 ἔχει.
3109 4860 3202 4914 Διὸ
3251 4860 3342 4915 καὶ
3394 4857 3665 4936 ἐνδέχεται
3714 4860 3878 4917 αὐτὸν

2220 4944 2501 5025 προϐολέα
2555 4946 2794 5022 γενέσθαι
2852 4952 2958 5002 τῶν
3034 4949 3307 5024 τεσσάρων
3365 4948 3608 5022 οὐσιῶν,
3665 4951 3874 5026 θερμοῦ

1813 5092 2053 5150 VARI/E
2100 5092 2511 5150 LEC’I‘IONES.

535 5212 558 5245 ὀ
589 5212 672 5265 Ita
784 5214 842 5266 et
885 5227 955 5267 ex
997 5211 1246 5293 conject.
1294 5210 1382 5293 9.,
1434 5207 1795 5293 ουᾹ..ῐεχ1ιυε
1841 5205 2202 5293 γεγένηται.)
2234 5206 2309 5278 ἐ[ξ
2352 5206 2555 5293 ,οὗ]περ
2604 5208 2664 5293 C;
2700 5202 3428 5293 ‘ldEm-ﬂapaSEi‘Ylagtok].
3477 5209 3499 5244 ⁸
3531 5208 3871 5293 Legendum

535 5225 558 5245 θ
590 5225 672 5265 Ita
702 5225 746 5267 U
784 5225 842 5266 et.
885 5227 955 5267 ex
1001 5225 1246 5293 conject.
1298 5225 1382 5276 LL,
1434 5225 1549 5278 CUJ.
1604 5225 1795 5263 texrus
1841 5225 2148 5295 γεγενηται.
2182 5225 2202 5243 '
2234 5225 2309 5278 ειξ
2352 5225 2555 5293 ,συριπερ
2604 5225 2662 5260 u.
2710 5225 2870 5261 luem
2920 5225 3428 5332 παῖαοειγματοις].
3477 5225 3499 5244 υ
3531 5225 3565 5263 L

464 5282 863 5355 γεγεννηκέναι,
914 5286 1016 5355 aut
1063 5289 1260 5355 etiam_
1287 5281 1440 5355 Θεόν-
1466 5279 1813 5355 mutandum
1847 5296 1903 5355 in
1945 5278 2112 5355 ,αυτόν
2138 5280 2402 5355 *(εοητον
2454 5274 2735 5355 πρνηρόνλ
2787 5277 2841 5332 S.
2893 5278 2987 5355 7p.
3015 5300 3039 5332 ν
3074 5279 3175 5355 Δ(2.1.
3229 5280 3431 5355 Falsus
3476 5284 3565 5355 est

468 5346 747 5439 φρόνημέος
791 5346 904 5408 scr.
937 5352 1089 5439 .01,“
1138 5351 1284 5439 περς,
1310 5348 1609 5439 ΕὈδῖπρό
1656 5353 1713 5403 C.
1749 5349 2086 5439 νάνθρεῦπων
2108 5346 2192 5439 "0'.
2252 5351 2328 5439 wn
2345 5352 2429 5439 Ita
2699 5346 3153 5439 #0.,
3197 5353 3278 5422 τῷ
3325 5349 3586 5439 ἀσυγκρςτ

3661 5281 3780 5337 .de
3809 5284 3873 5336 Ο.

3686 5351 3772 5421 C.,
3805 5351 3873 5406 τὸ

462 5418 770 5499 semper.)
821 5424 972 5494 conj.
1018 5418 1287 5499 idemi“
1345 5421 1421 5483 εἷς
1462 5424 1520 5476 C.
1547 5418 1609 5457 ἠ
1658 5439 1747 5499 ης,
1778 5438 1833 5492 p.
1885 5418 2253 5499 attactam
2379 5438 2428 5477 c.
2466 5420 2677 5499 praevia
2704 5418 2938 5499 lacuna.
2975 5418 3868 5499 Ιὰθώπρσσόπῲίάῄρώπὸις.

464 5496 509 5531 ¹³
542 5489 602 5548 In
636 5489 826 5567 Ογενν
868 5489 1002 5549 cum
1051 5512 1174 5567 seq.
1222 5495 1431 5551 lacuna
1487 5510 1542 5564 p.
1593 5489 1920 5566 γεννώντων.
1976 5495 2020 5529 ¹⁸
2074 5489 2421 5566 [πὰιούν]των
2466 5489 2529 5548 C.
2584 5492 2745 5546 Idem
2800 5489 2964 5562 μόνος
3013 5510 3069 5564 ρ.
3149 5489 3270 5546 όνόν
3318 5496 3403 5549 τά.
3442 5495 3487 5531 ¹⁸
3515 5489 3687 5569 π[ερ],
3716 5489 3871 5564 ﬁcii,

464 5562 551 5616 διὰ
578 5562 644 5616 τὰ
674 5565 801 5616 (τῶν
834 5581 903 5616 ex
948 5565 1219 5616 coniecti
1272 5564 1576 5616 ἀνθρώποις
1627 5560 1937 5616 προσόντων
1982 5562 2213 5616 καλῖῶνἸ
2248 5583 2303 5616 n.
2335 5562 2457 5616 πεοὶ
2498 5558 2689 5616 Θεοῦίίί
2727 5558 2787 5614 οὐ
2830 5558 2895 5616 δὴ
2930 5561 2998 5616 τὰ
3034 5513 3339 5616 ἀνθρώποις
3380 5563 3650 5616 προσόντα
3719 5564 3867 5616 ἑγειν

463 5562 551 5640 8ιᾷ
578 5562 644 5617 τὰ
674 5560 801 5640 (τῶν
834 5581 903 5640 ex
948 5560 1219 5640 conject.)
1271 5560 1576 5640 ἀνθρώπὸις
1606 5560 1937 5640 ’προσόντων
1982 5560 2213 5640 zeal-[5:3]
2248 5560 2309 5640 p;
2335 5562 2457 5640 περὶ
2480 5565 2631 5640 *Θεοῦ

1039 5581 1219 5638 rect.)
1272 5581 1576 5640 ἀνθρώποις
1627 5581 1937 5633 προσοντων
1982 5581 2213 5638 καΛίων]
2248 5583 2303 5637 p.
2335 5583 2457 5634 περι
2498 5581 2687 5630 υεουη
2727 5581 2787 5614 ου
2830 5581 2895 5628 οη
2930 5581 2998 5616 τα
3034 5581 3339 5638 ανορωποις
3380 5581 3650 5641 προσόντα
3719 5581 3867 5640 εγειν

1039 5581 1075 5705 λ
1100 5635 1564 5713 ⁸τῶν-ἀνθρώποις
1590 5631 1903 5713 ’προσόντων
1936 5634 2117 5692 καλῶν
2145 5637 2205 5694 C.
2260 5637 2304 5675 ¹⁶
2346 5635 2438 5689 τὸν
2476 5635 2533 5693 S.
2568 5634 2735 5689 codd.
2763 5630 2827 5686 τό
2869 5634 2912 5670 ίτ
2954 5631 3000 5687 εἰ
3039 5632 3141 5709 ἄρα
3175 5634 3434 5713 γεννητόν
3476 5638 3541 5710 Ο,
3573 5635 3875 5711 ἀγὲννητός

460 5634 548 5691 καὶ
589 5632 795 5705 σιωπᾷν
832 5632 994 5705 ἐστιν,

462 5707 685 5772 mavult
712 5714 749 5764 ὃ
771 5708 814 5746 ³⁸
842 5704 1017 5763 πάντα
1049 5704 1273 5766 addidit
1306 5704 1447 5766 S'ex
1475 5706 1719 5777 conject.
1744 5706 1823 5762 Ci.

2652 5558 2689 5630 ἤ
2727 5558 2808 5614 οὐ
2830 5558 2895 5628 δὴ
2930 5558 3093 5616 τά’ἀν

3130 5563 3339 5638 ρώποις
3380 5563 3665 5641 προσόντος
3719 5564 3867 5641 ἑγειν
