4148 6342
463 419 585 482 435

1286 423 1351 483 S.
1399 418 1840 483 CLEMENTIS
1882 419 1907 479 Ι
1954 417 2145 477 ιιον.
2192 415 2422 475 ΡΟΝΤ.
2469 413 2729 475 OPEBA
2776 410 3046 472 DUBIA.

3749 404 3876 466 436

464 553 734 621 inimica;
752 554 905 625 quod
920 553 1076 610 enim
1091 571 1321 625 semper
1340 554 1767 618 exsistit,etiam
1786 549 2105 624 perpessio-

2239 563 2380 599 .o-rw'
2432 545 2494 599 τὸ
2549 545 2653 619 γὰρ
2703 542 2782 597 ἀεὶ
2831 544 2875 579 ⁴⁰
2921 542 2979 596 ’ὸν
3034 538 3123 594 καὶ
3181 538 3378 601 ἀπαθὲς
3443 534 3612 604 ἐστιν,
3670 536 3882 591 ιῖιπαθὶς

467 643 560 699 nis
591 660 792 714 expers
821 648 928 709 est,
963 661 1168 714 expers
1199 650 1396 698 autem
1430 642 1823 713 perpessionis
1872 642 2108 695 beatum

470 742 576 798 est,
593 733 823 788 beatum
839 750 968 788 vero
991 733 1278 788 exsistens
1305 732 1750 786 inimicitiarum
1774 747 1957 801 capax
1981 745 2111 784 esse

470 821 833 893 nequit,cum
861 826 1093 892 propter
1114 828 1387 876 aeternam
1413 821 1766 876 creationem
1783 835 1894 873 non
1919 834 2113 872 verea-

471 914 571 965 tur
599 926 895 982 quoquam
929 910 1165 981 privari.
1199 911 1321 973 Quo
1355 911 1527 964 modo
1555 913 1748 963 autem
1783 924 1894 961 non
1924 905 2117 978 potius

477 999 667 1070 diligit
698 1004 1015 1053 creatorem
1050 999 1312 1069 materia,
1346 1015 1477 1053 cum
1542 999 1764 1052 fructus
1806 1010 2117 1067 procreans

477 1092 773 1158 appareat,
807 1092 871 1141 ut
903 1087 1238 1141 nutriantur
1294 1086 1490 1141 omnia
1546 1086 1618 1140 ab
1680 1085 1806 1157 ipso
1839 1080 2117 1138 condita?

477 1175 678 1231 Nonne
710 1176 901 1247 potius
929 1192 1062 1231 eum
1099 1180 1162 1229 ut
1191 1174 1303 1229 sibi
1362 1174 1721 1246 superiorem
1752 1174 1940 1240 timet,
1971 1186 2118 1242 quo-

478 1266 651 1320 modo
682 1269 739 1319 et
768 1269 931 1319 terrae
962 1263 1223 1319 motibus
1252 1269 1509 1318 tremens
1542 1263 1871 1328 conﬁtetur,
1904 1265 1959 1316 et
1998 1276 2122 1331 per-

476 1353 728 1409 turbatis
760 1353 933 1407 undis
966 1352 1210 1407 Domino
1242 1350 1537 1422 naviganti
1569 1369 1602 1407 a
1659 1350 1925 1422 marique
1971 1364 2121 1403 sere-

477 1441 718 1496 nitatem
750 1441 1064 1512 imperanti
1101 1440 1256 1495 haud
1314 1444 1657 1495 cunctanter
1713 1439 1992 1494 obediens
2033 1454 2121 1491 ac-

476 1529 791 1601 quievit(b)
813 1530 840 1583 ?
870 1530 1071 1584 Nonne
1102 1529 1276 1584 etiam
1309 1529 1601 1584 daemones
1633 1528 1810 1584 simul
1833 1525 2019 1582 territi
2053 1542 2118 1580 ac

472 1617 867 1673 venerabundi
903 1619 1120 1688 egressi
1189 1622 1348 1687 sunt,
1381 1617 1478 1671 alii
1536 1633 1669 1673 vero
1710 1632 1934 1681 eorum,
1966 1619 2032 1669 ut
2060 1614 2121 1667 in

476 1722 685 1779 porcos
713 1706 931 1761 intrare
963 1706 1072 1761 sibi
1102 1706 1319 1775 liceret,
1354 1706 1517 1778 prius
1575 1705 1891 1778 petendum
1951 1707 2123 1775 puta-

477 1795 870 1866 bant,quippe
902 1797 1000 1867 qui
1033 1796 1257 1867 absque
1288 1794 1447 1851 illius
1478 1812 1766 1851 consensu
1800 1812 1871 1849 ne
1904 1793 1961 1847 in
1986 1807 2123 1848 sues

480 1883 715 1955 quidem
747 1883 1109 1955 ingrediendi
1140 1884 1424 1940 baberent
1452 1888 1799 1956 potestatem
1834 1882 1953 1954 (c)?

550 1972 662 2027 XV.
699 1971 765 2025 Et
818 1971 1057 2026 Simon:
1119 1972 1263 2037 Quid
1326 1988 1482 2037 vero,
1544 1971 1593 2026 si
1653 1970 1851 2025 anima
1882 1967 2119 2040 quidem

483 2061 707 2133 privata
732 2059 989 2115 indolem
1023 2060 1235 2115 habeat
1265 2060 1419 2115 mala
1450 2077 1515 2115 ac
1540 2060 1688 2115 bona
1734 2057 2075 2131 ingignendi
2099 2057 2127 2111 ?

487 2149 809 2220 Respondit
838 2150 1081 2205 Petrus:
1118 2149 1234 2204 Hac
1294 2150 1517 2204 ratione
1576 2165 1764 2219 neque
1821 2148 1974 2202 bona
2016 2151 2125 2213 est,

486 2255 676 2310 neque
708 2238 879 2308 mala,
940 2237 1078 2309 quia
1136 2237 1344 2293 anima:
1405 2255 1468 2293 ac
1525 2254 1734 2293 sensus
1774 2252 1979 2308 expers
2010 2234 2132 2307 agit

487 2327 613 2382 sine
644 2325 909 2382 consilio.
939 2328 1125 2392 Quare
1157 2330 1214 2381 et
1270 2326 1379 2381 hoc
1436 2325 1679 2397 intelligi
1738 2328 1945 2396 potest,
1990 2339 2132 2394 quo-

487 2416 661 2471 modo
691 2415 901 2469 animae
932 2430 1135 2486 expers
1168 2418 1428 2487 procreet
1459 2414 1657 2468 anima
1677 2417 1958 2484 tanquam
1985 2429 2128 2483 prae-

487 2504 628 2569 dita,
663 2507 720 2558 et
746 2502 1014 2574 quamvis
1046 2519 1221 2559 sensu
1280 2518 1484 2557 carens
1543 2518 1784 2573 corpora
1815 2500 2133 2556 artiﬁciosa

485 2608 619 2648 cum
653 2592 1001 2647 animalium
1033 2597 1157 2647 tum
1194 2591 1522 2663 plantarum
1580 2590 1805 2662 operari
1844 2590 2128 2645 videatur.

486 2681 637 2736 Tum
689 2681 931 2736 Simon:
966 2680 1113 2745 Quid
1146 2697 1299 2747 vero,
1334 2680 1380 2733 si
1415 2680 1569 2735 Deus
1601 2679 1863 2734 animam
1894 2677 1945 2732 ei
1978 2677 2130 2733 indi-

487 2769 652 2830 derit,
690 2785 882 2823 nonne
914 2785 1047 2823 reus
1080 2769 1143 2823 fit
1172 2769 1295 2840 ipse
1327 2767 1584 2833 illorum,
1620 2784 1749 2838 quae
1780 2765 1892 2822 sibi
1949 2766 2134 2838 gignit

491 2857 779 2912 malorum
803 2856 831 2911 ?
862 2858 931 2911 Et
959 2857 1205 2911 Petrus:
1240 2857 1298 2911 Si
1332 2857 1485 2912 Deus
1543 2872 1670 2911 eam
1730 2854 2010 2910 animavit
2042 2871 2129 2909 se-

492 2946 753 3001 cundum
784 2961 953 3001 suam
980 2945 1359 3012 voluntatem,
1393 2946 1520 3017 ejus
1552 2944 1794 3017 spiritus
1826 2960 1953 2998 eam
2002 2959 2132 3014 ope-

494 3037 679 3101 ratur,
715 3050 902 3106 neque
933 3034 1047 3089 Deo
1083 3033 1317 3088 inimica
1382 3034 1537 3089 ultro
1596 3033 1873 3088 exsistere
1924 3035 2132 3103 potest,

496 3140 686 3194 neque
715 3140 880 3195 aequa
912 3122 1126 3195 pollere
1157 3123 1453 3194 potentia;
1488 3127 1588 3177 aut
1635 3122 1759 3176 ﬁeri
1816 3121 2036 3191 nequit,
2070 3123 2137 3174 ut

500 3212 890 3283 quodcunque
922 3228 1023 3282 per
1053 3228 1185 3266 eum
1226 3212 1347 3277 ﬁat,
1381 3211 1703 3266 secundum
1760 3210 1889 3280 ejus
1930 3208 2135 3281 gigna-

2156 1916 2204 1980 B

2223 631 2280 689 δέ
2310 635 2365 688 ’ὀν
2404 631 2664 707 μακάριόν
2719 630 2877 694 ἐστιν,
2919 628 3179 702 μακάριον
3229 626 3286 682 δὲ
3328 628 3385 681 ὃν
3438 626 3639 701 ἔχθρας
3698 624 3884 681 δεκτι-

2221 724 2314 778 κὸν
2344 723 2585 797 γενέσθαι
2636 720 2697 774 οὗ
2746 718 2986 788 δύναται,
3018 716 3180 789 ἀϊδίῳ
3228 716 3399 771 κτίσει
3450 719 3492 753 ⁴¹
3543 716 3881 790 στερηθῆναί

2221 832 2366 872 τινος
2403 812 2476 883 μὴ
2531 804 2914 887 πεφοϐημένη.
2946 811 3072 868 Πῶς
3129 803 3187 860 δὲ
3244 804 3393 881 οὐχὶ]
3427 803 3639 876 μᾶλλον
3699 803 3883 879 ἀγαπᾷ

2222 900 2315 954 τὸν
2346 897 2681 973 δημιουργὸν
2733 900 2767 967 ἡ
2813 896 2943 967 ὕλη,
2977 895 3140 949 ὁπότε
3192 890 3307 967 (64)
3338 894 3579 971 φαίνεται
3635 891 3882 969 καρποὺς

2225 988 2494 1066 ἐκφύουσα
2547 987 2621 1048 εἰς
2661 986 2868 1062 τροφὴν
2901 985 3116 1038 πάντων
3164 988 3271 1038 τῶν
3319 984 3404 1037 ὁπ’
3451 981 3615 1037 αὐτοῦ
3655 1003 3885 1056 γεγενη-

2231 1076 2437 1149 μένων;
2472 1080 2595 1136 Πῶς
2646 1072 2694 1129 δ’
2740 1074 2847 1148 οὐχ
2877 1073 2950 1134 ὡς
2978 1072 3258 1149 κρείττονα
3305 1065 3631 1148 πεφόϐηται,
3666 1069 3740 1130 ὡς
3787 1069 3881 1124 καὶ

2228 1163 2317 1220 διὰ
2344 1170 2450 1219 τῶν
2486 1168 2719 1236 σεισμῶν
2758 1162 3032 1239 τρέμουσα
3077 1159 3366 1234 ὁμολογεῖ,
3400 1158 3489 1213 καὶ
3533 1158 3608 1220 ὡς
3668 1156 3882 1234 μεγάλα

2227 1253 2613 1326 κυματουμένη
2645 1253 2724 1323 τῷ
2754 1249 3076 1323 Διδασκάλῳ
3108 1249 3331 1305 πλέοντι
3362 1248 3452 1302 καὶ
3483 1246 3730 1323 γαλήνην
3761 1247 3883 1302 ἐπι-

2227 1343 2439 1414 τάξαντι
2484 1342 2717 1417 τάχιστα
2778 1341 3052 1395 πεισθεῖσα
3114 1336 3428 1413 ἡσύχασεν,
3478 1336 3542 1391 Τί
3590 1334 3647 1390 δὲ
3692 1336 3781 1391 καὶ
3833 1336 3888 1389 οἱ

2231 1428 2485 1503 δαίμονες
2541 1429 2602 1483 οὐ
2677 1429 2809 1502 μετὰ
2853 1432 2951 1483 τοῦ
3011 1421 3287 1505 φοϐεῖσθαι
3346 1424 3437 1479 καὶ
3492 1429 3762 1501 προτιμᾷν
3811 1424 3891 1495 ἐξ·

2232 1513 2465 1586 ἐϐαινον,
2491 1514 2655 1573 ἄλλοι
2688 1515 2743 1572 δὲ
2775 1516 2852 1579 είς
2887 1514 3113 1593 χοίρους
3146 1513 3404 1569 εἰσελθεῖν
3434 1515 3589 1571 384
3619 1512 3886 1589 πρότερον

2228 1604 2666 1682 παρακαλοῦντες
2721 1605 2932 1675 ἠξίουν,
2993 1604 3069 1666 ὡς
3132 1600 3274 1676 μηδὲ
3336 1606 3432 1657 τοῦ
3490 1602 3568 1663 εἷς
3651 1601 3890 1677 χοίρους

2233 1694 2492 1759 εἰσελθεῖν
2562 1692 2685 1749 ἄνευ
2759 1700 2862 1763 τῆς
2935 1691 3099 1747 αὐτοῦ
3184 1692 3587 1768 συγχωρήσεως
3646 1689 3888 1761 ἐξουσίαν

2234 1782 2453 1860 ἔχοντες
2479 1810 2492 1853 ;

2304 1962 2419 2018 XV.
2453 1958 2550 2015 Καὶ
2582 1961 2609 2015 6
2643 1960 2848 2033 Σίμων·
2881 1958 2941 2013 Τί
2972 1956 3030 2013 δὲ
3061 1957 3106 2013 εἰ
3137 1959 3350 2033 ἄψυχος
3378 1956 3515 2012 οὖσα
3564 1956 3718 2036 φύσιν
3766 1955 3887 2032 ἔχει

2236 2049 2456 2129 ἐμφύειν
2505 2051 2572 2104 τὰ
2616 2049 2755 2104 κακὰ
2798 2047 2889 2102 καὶ
2936 2048 3004 2102 τὰ
3045 2047 3256 2123 ἀγαθά;
3294 2047 3391 2101 Καὶ
3442 2047 3470 2101 ὁ
3524 2047 3746 2121 Πέτρος
3782 2048 3892 2102 Κα-

2234 2144 2302 2194 τᾶ
2329 2140 2420 2194 τὸν
2482 2137 2647 2214 λόγον
2706 2142 2893 2192 τοῦτον
2937 2132 3060 2191 οὔτε
3114 2137 3286 2211 ἀγαθή
3349 2135 3507 2203 ἐστιν,
3540 2130 3664 2189 οὔτε
3718 2135 3891 2203 κακή,

2237 2227 2319 2283 ὅτι
2355 2230 2430 2301 μὴ
2464 2227 2771 2305 προαιρέσει
2821 2225 3040 2302 πράττει
3094 2226 3304 2301 ἄψυχος
3351 2222 3484 2299 οξὶσα
3530 2223 3619 2278 καὶ
3676 2223 3895 2293 ἀναίση·

2236 2339 2349 2380 τος.
2384 2318 2476 2372 Διὸ
2512 2317 2602 2372 καὶ
2632 2316 2856 2380 ἐνταῦθα
2887 2312 3077 2369 διϊδεῖν
3114 2312 3273 2384 ἔστιν,
3307 2317 3425 2375 πῶς
3487 2314 3698 2388 ἄψυχος
3757 2313 3896 2367 οὗσα

2238 2403 2489 2482 ἔμψυχος
2536 2409 2583 2442 ⁴²
2630 2400 2957 2481 προϐάλλει,
2994 2404 3082 2459 καὶ
3122 2402 3445 2472 ἀναίσθητος
3490 2402 3622 2457 οὖσα
3670 2402 3897 2477 τεχνικᾶ

2238 2498 2519 2571 σχήματα,
2550 2496 2617 2550 τά
2643 2515 2703 2550 τε
2749 2495 2900 2564 ζώων
2950 2494 3040 2548 καὶ
3093 2496 3270 2570 φυτῶν
3319 2490 3729 2567 δημιουργοῦσα
3775 2490 3897 2568 φαί-

2237 2606 2403 2640 νεται.
2438 2584 2536 2638 Καὶ
2577 2584 2605 2638 6
2638 2584 2845 2655 Σίμων·
2878 2582 2938 2636 Τί
2998 2579 3056 2637 δὲ
3110 2582 3155 2638 εἰ
3216 2582 3241 2637 6
3298 2582 3429 2643 Θεὸς
3485 2580 3644 2642 αὐτὸς
3702 2578 3894 2653 ἐνεψύ-

2240 2692 2418 2748 χωσεν
2451 2672 2641 2741 αὐτὴν,
2676 2671 2774 2726 οὐκ
2816 2670 2975 2733 αὐτὸς
3020 2666 3193 2732 αἷιτιός
3232 2669 3369 2724 ἐστιν
3424 2670 3497 2723 ὧν
3541 2668 3673 2737 αὖτὴ
3721 2667 3894 2723 τίκτει

2238 2766 2460 2830 κακῶν;
2498 2762 2600 2817 Καὶ
2632 2761 2659 2814 ὁ
2718 2760 2939 2834 Πέτρος·
2973 2758 3036 2814 Εἰ
3091 2760 3118 2813 6
3169 2760 3296 2820 Θεὸς
3353 2757 3522 2827 αὐτὴν
3580 2756 3896 2832 ἐνεψύχωσε

2239 2851 2374 2905 κατὰ
2426 2851 2525 2919 τήν
2580 2848 2745 2903 αὐτοῦ
2807 2846 3094 2925 βούλησιν,
3124 2848 3186 2902 τὸ
3242 2844 3405 2901 αὖτοῦ
3454 2851 3667 2919 πνεῦμα
3721 2846 3892 2915 αὐτὴν

2242 2938 2542 3013 ἐργάζεται,
2575 2938 2663 2992 καὶ
2697 2937 2873 2992 οὐκέτι
2904 2942 2982 3009 τῷ
3012 2941 3126 3009 Θεῷ
3158 2936 3353 3012 ἐχθρόν
3408 2936 3459 2990 τί
3504 2935 3642 2990 ἐστιν
3692 2935 3727 3004 ἢ
3770 2935 3892 2990 ἶσο-

2244 3025 2497 3100 δῦναμοψ
2548 3027 2583 3095 ἢ
2634 3024 2911 3095 ἀδύνατον,
2944 3025 3027 3080 δτι
3074 3032 3175 3080 πᾶν
3228 3026 3291 3079 τὸ
3338 3024 3616 3100 γινόμενον
3670 3024 3758 3079 ὑπ’
3796 3023 3894 3078 αὗ-

2240 3121 2358 3188 τοῦ,
2391 3117 2464 3178 ὡς
2494 3114 2661 3185 θέλει,
2695 3115 2918 3191 γίνεται.
2954 3114 3111 3171 Ἀλλ’
3140 3115 3301 3190 ἐρεῖς”
3335 3115 3507 3176 Αὐτὸς
3554 3120 3654 3183 τῆς
3701 3111 3891 3174 κακίας

2244 3204 2437 3277 αἷίτιος,
2496 3202 2645 3281 εἷ’περ
2707 3204 2865 3265 αὐτὸς
2925 3201 2993 3257 δι’
3052 3203 3222 3273 αὐτῆς
3283 3204 3557 3279 ἐργάζεται
3617 3204 3683 3258 τὰ
3738 3203 3899 3259 κακά.

497 3302 595 3354 tur
621 3298 1001 3354 voluntatem.
1035 3302 1106 3354 At
1137 3300 1329 3355 dices:
1366 3301 1492 3371 Ipse
1548 3303 1636 3355 est
1666 3303 1866 3353 auctor
1897 3296 2053 3361 mali,
2088 3296 2128 3350 si

2252 3300 2391 3349 Ποῖα
2441 3295 2542 3369 ἄρα
2591 3294 2729 3369 ἐρεῖς
2783 3293 2851 3347 τὰ
2901 3293 3074 3361 xxxi;
3109 3292 3338 3368 Ἑρπετᾶ
3375 3288 3572 3346 ἷοϐόλα
3600 3295 3645 3329 ‘3
3675 3291 3764 3346 καὶ
3800 3292 3901 3364 βο-

504 3404 606 3459 per
635 3404 762 3442 eam
794 3392 1067 3459 operetur
1096 3388 1387 3444 mala.Ast
1416 3387 1609 3459 qualia
1644 3387 1923 3459 intelligis
1947 3384 2141 3439 mala?

503 3476 982 3547 Reptiliaveneno
996 3477 1291 3547 infecta,et
1304 3476 1535 3548 plantas
1551 3475 1917 3542 letiferas,vel
1932 3476 2144 3529 daemo-

499 3581 624 3631 nes,
645 3565 731 3619 vel
764 3565 939 3621 etiam
973 3566 1105 3631 alia,
1131 3582 1259 3635 qum
1293 3566 1630 3621 hominibus
1659 3581 1864 3619 nocere
1884 3562 2141 3635 queant?

498 3653 636 3717 Quae
658 3654 892 3725 quidem
920 3654 1206 3725 ejusmodi
1226 3653 1378 3708 mala
1398 3672 1509 3709 non
1538 3653 1805 3717 essent,si
1825 3654 1999 3707 homo
2024 3666 2138 3705 non

492 3743 1032 3814 peccavisset,unde
1056 3759 1214 3796 mors
1235 3743 1589 3813 supervenit.
1622 3742 1767 3796 Nam
1794 3758 1928 3796 cum
1962 3740 2139 3797 homo

488 3832 709 3902 peccati
742 3847 946 3901 expers
977 3832 1312 3895 exsistebat,
1346 3847 1633 3885 venenum
1689 3830 1983 3901 reptilium
2020 3848 2135 3885 non

489 3921 1057 3990 operabatur,neque
1089 3920 1423 3975 nocivarum
1460 3918 1790 3990 plantarum
1832 3919 2000 3984 vires,
2037 3935 2139 3972 ne-

489 4023 602 4079 que
632 4010 924 4063 daemones
950 4008 1197 4078 injurias
1220 4008 1565 4071 inferebant,
1599 4024 1786 4079 neque
1822 4007 1975 4063 aliud
2013 4025 2135 4062 ma-

489 4095 613 4149 lum
649 4100 860 4150 natura
890 4096 938 4150 ei
973 4096 1217 4150 insitum
1250 4100 1412 4161 erat;
1444 4101 1845 4150 verumtamen
1892 4096 2135 4151 immor-

488 4183 753 4249 talitatis,
780 4188 844 4237 ut
873 4184 1015 4251 dixi,
1047 4186 1120 4239 ob
1154 4188 1456 4255 peccatum
1480 4185 1715 4255 jactura
1758 4186 1926 4251 facta,
1962 4191 2135 4257 aptus

492 4272 562 4327 ad
595 4271 861 4342 quamvis
893 4271 1281 4326 calamitatem
1316 4273 1704 4344 recipiendam
1741 4274 2002 4329 redditus
2024 4278 2131 4328 est.

490 4361 548 4416 Si
581 4366 774 4416 autem
808 4361 997 4416 dices:
1032 4361 1147 4415 Cur
1182 4361 1361 4433 igitur
1419 4362 1679 4417 humana
1732 4367 1940 4417 natura
1970 4362 2133 4417 initio

488 4449 693 4505 mortis
724 4466 905 4521 capax
937 4457 1024 4505 est
1054 4451 1277 4505 reddita
1303 4450 1331 4504 ?
1362 4451 1467 4504 tibi
1501 4451 1819 4522 respondeo
1847 4467 1859 4506 :
1896 4451 2135 4522 Propter

482 4537 733 4593 liberum
768 4538 954 4609 ipsius
988 4538 1317 4594 arbitrium.
1380 4539 1439 4594 Si
1498 4539 1653 4594 enim
1713 4556 1827 4594 non
1862 4556 2129 4595 essemus

2250 3382 2406 3444 τάνας
2439 3382 2785 3454 θανασίμους,
2816 3381 2849 3450 ἢ
2886 3379 3173 3454 δαίμονας,
3202 3382 3236 3450 ἢ
3281 3381 3367 3435 καὶ
3420 3378 3564 3435 ἄλλα
3615 3382 3737 3435 τινὰ
3786 3384 3899 3435 τῶν

2252 3472 2556 3546 ἀνθρώποις
2590 3470 2778 3546 ὀχλεῖν
2813 3468 3120 3543 δυναμένων
3148 3489 3161 3539 ;
3194 3473 3365 3544 "Am-:9
3397 3470 3462 3524 τὰ
3503 3473 3614 3543 [νῦν
3666 3472 3764 3545 χα]
3816 3471 3908 3527 λε-

2249 3562 2326 3615 πδ.
2358 3565 2403 3598 ⁸⁸
2433 3560 2531 3615 οὐκ
2591 3561 2649 3614 ἂν
2701 3561 2787 3629 ἦν,
2841 3560 2887 3614 εἰ
2949 3561 3021 3632 μὴ
3077 3561 3383 3633 ἡμαρτήκει
3417 3560 3444 3612 ὁ
3504 3556 3803 3635 ἅνθρωπος,
3840 3562 3904 3615 οὗ

2250 3646 2445 3703 ε’ίνεκεν
2477 3649 2702 3710 Θάνατος
2758 3646 3134 3723 παρεισῆλθεν*
3170 3647 3547 3722 ἀναμαρτήτου
3578 3651 3621 3684 ⁸⁵
3649 3648 3749 3724 γὰρ
3810 3644 3903 3703 ὅν-

2247 3759 2341 3798 τος
2380 3742 2475 3791 τοῦ
2532 3738 2817 3811 ἀνθρώπου
2876 3737 2980 3812 οὐχ
3038 3736 3274 3812 ἐρπετῶν
3309 3738 3336 3791 6
3370 3736 3451 3798 ἰὸς
3507 3736 3805 3813 εἰργάζετο,
3840 3739 3904 3793 οὐ

2244 3830 2351 3880 τῶν
2383 3830 2560 3880 κακῶν
2604 3827 2842 3901 βοτανῶν
2884 3826 2939 3880 αἱ
2984 3824 3262 3901 ἐνέργειαι,
3296 3825 3358 3879 οὐ
3401 3822 3670 3898 δαιμόνων
3723 3825 3907 3902 ὀχλή-

2247 3936 2358 3976 σεις
2390 3914 2649 3989 ἐγίνοντο,
2683 3912 2807 3969 οὐδὲ
2838 3915 2986 3973 885
3025 3912 3166 3969 ἄλλο
3194 3935 3247 3968 τι
3294 3912 3464 3976 πάθος
3530 3914 3676 3987 αὐτῷ
3730 3936 3903 3992 προσ-

2247 4009 2380 4058 εῖναι
2413 4002 2566 4081 φύσιν
2601 4004 2767 4079 εἶχεν
2804 4001 2871 4057 δι’
2905 4003 3167 4076 ἁμαρτίαν
3220 3999 3278 4057 δέ
3327 4001 3565 4058 ἐκπεσὼν
3615 4008 3708 4058 τοῦ
3768 4004 3903 4068 ἀθά-

2244 4114 2400 4155 νατος
2432 4093 2585 4161 εἶναι,
2618 4093 2693 4155 ὡς
2726 4091 2880 4170 ἔφην,
2912 4092 3107 4153 παντὸς
3138 4092 3339 4154 πάθους
3388 4093 3573 4167 γέγονε
3632 4090 3901 4155 δεκτικός.

2245 4181 2309 4237 Εἰ
2342 4179 2398 4236 δὲ
2429 4181 2588 4257 ἐρεῖς·
2622 4182 2721 4235 Διὰ
2774 4180 2827 4235 τί
2885 4180 2975 4235 οὖν
3020 4181 3139 4235 κατ’
3168 4181 3343 4256 ἀρχὰς
3394 4180 3599 4256 ἐγένετο
3630 4184 3665 4251 ἡ
3701 4182 3908 4258 ἀνθρω-

2243 4270 2367 4325 πεία
2424 4270 2579 4348 φύσις
2635 4269 2857 4324 θανάτου
2918 4266 3358 4343 δεκτική;Φημί
3418 4289 3522 4324 σοι·
3557 4270 3654 4325 Διᾶ
3699 4270 3761 4325 τὸ
3809 4273 3908 4326 αὐ-

2241 4359 2534 4429 τεξούσιον.
2588 4362 2650 4415 Εἰ
2706 4359 2806 4435 γὰρ
2863 4357 2962 4413 οὐκ
3017 4358 3155 4430 ἦμεν
3219 4360 3446 4422 θανάτου
3505 4356 3759 4430 δεκτικοῖ,
3811 4359 3901 4415 ἐπὶ

2241 4449 2566 4521 αὐτεξουσίῳ
2652 4449 3002 4522 ἁμαρτήματι
3082 4450 3437 4523 τιμωρεῖσθαι
3508 4448 3583 4510 ὡς
3635 4448 3894 4504 ἀθάνατοι

2242 4538 2341 4594 οὐκ
2371 4536 2688 4611 ἐδυνάμεθα.
2723 4536 2819 4591 Καὶ
2852 4536 3023 4599 οὕτως
3056 4534 3145 4591 διὰ
3198 4537 3259 4591 τὸ
3312 4537 3509 4601 ἀπαθὲς
3568 4532 3759 4592 πλεῖόν
3814 4560 3897 4607 τι,

483 4626 655 4683 morti
687 4626 939 4694 obnoxii,
978 4627 1050 4682 ob
1083 4632 1472 4698 spontaneum
1527 4632 1831 4700 peccatum
1877 4646 1985 4684 nos
2019 4629 2127 4683 im-

2239 4626 2334 4682 κᾶν
2383 4632 2451 4702 τῇ
2510 4628 2820 4703 προαιρέσει
2850 4626 2989 4699 ἦμεν
3045 4625 3201 4679 γακοὶ
3232 4628 3296 4698 ⁴⁶,
3329 4628 3363 4696 ἡ
3424 4626 3513 4680 καὶ
3568 4623 3891 4700 δικαιοσύνη

579 4752 634 4820 α)
664 4750 889 4807 Matth..
925 4768 1097 4820 vxvn,
1129 4752 1199 4805 52
1219 4768 1239 4812 ,°
1269 4769 1394 4817 VIII,
1425 4752 1512 4808 23.

579 4768 611 4805 α
664 4751 889 4807 Matth..
925 4768 1097 4820 vxvn,
1129 4752 1199 4805 52
1219 4768 1239 4812 ,°
1269 4769 1394 4817 VIII,
1425 4752 1512 4808 23.

555 4751 634 4895 ibi
662 4821 868 4878 Matth.
898 4839 1022 4890 VIII,
1056 4823 1163 4891 26;
1200 4823 1335 4879 Luc.
1370 4840 1491 4893 VIII,
1522 4822 1612 4877 24.

2312 4753 2384 4826 (c)
2416 4753 2619 4809 Matth.
2648 4771 2770 4821 VIII,
2801 4753 2889 4808 31.

1836 4949 2078 5004 VARI/E
2128 4948 2539 5005 LECTIONES.

557 5043 602 5079 ⁴⁰
631 5041 735 5096 αἰεί
854 5045 915 5127 ‘1'
944 5040 1103 5115 ἀϊδίῳ
1156 5046 1344 5127 κτήσει
1387 5046 1551 5127 (:9ng
1571 5049 1627 5099 C.
1683 5040 1955 5127 ἀϊδιότητι
1984 5046 2309 5127 Proposuit
2364 5046 2455 5127 D.,
2495 5041 2584 5127 ,δι’
2633 5040 3195 5127 ἀξιδιᾷτητξιηῐηθχυμ
3241 5046 3301 5101 S.
3346 5046 3390 5080 “
3446 5045 3595 5127 Post.
3638 5042 3897 5127 ἔμψυχος

488 5114 577 5196 0:,
621 5115 827 5196 repetit
856 5112 986 5196 οὖσα
1017 5109 1408 5196 expunctum;
1438 5109 1600 5196 “"9”
1634 5109 1945 5196 commate.
1968 5109 2278 5196 distinguit
2336 5122 2464 5186 post
2492 5113 2684 5196 ἑρπετά
2713 5120 2770 5171 et
2819 5109 3031 5169 ἰόϐόλα.
3066 5118 3109 5151 “
3139 5117 3429 5196 Lacunam
3470 5109 3687 5196 codicis
3726 5109 3896 5196 exci-

486 5182 657 5289 Poith
685 5182 889 5241 litterae
921 5182 1263 5289 leno'X-(sic).
1300 5189 1343 5221 ‘5
1374 5186 1887 5289 gro'dvqpaptrjtqu
1928 5182 2383 5289 lacunalvinqoé,
2434 5182 2558 5289 Sed:
2584 5187 2869 5289 adloragn
2920 5203 3077 5289 mag.
3130 5205 3242 5243 rec.
3290 5185 3425 5248 ⁶ίσως
3480 5187 3887 5261 ἀναμαρτήτων.

509 5256 532 5290 ⁸
560 5258 647 5311 Ita
676 5273 832 5312 man.
867 5274 980 5313 rec.
1014 5260 1084 5314 ad
1117 5256 1280 5314 eram
1311 5260 1548 5330 codicis,
1580 5256 1639 5314 in
1681 5256 1795 5331 cuj.
1830 5263 1989 5315 textu
2026 5257 2211 5316 κακόν.
2243 5258 2502 5315 Subinde
2526 5258 2559 5326 ἦ

2602 5255 2690 5311 καί
2711 5276 2767 5331 p.
2800 5258 2835 5326 ἡ
2875 5275 2964 5310 και
2995 5258 3167 5314 idem.

1855 5402 2242 5458 VARIORUM
2284 5402 2514 5460 nom.
3003 5468 3007 5471 λ

708 5515 1026 5599 Hpcusque
1060 5531 1170 5597 ms.
1205 5517 1867 5599 CetelneriizAttriajam
1910 5521 2144 5599 peracta
2241 5536 2358 5599 ’των
2393 5532 2577 5599 usque
2608 5516 2677 5599 ad
2730 5514 2894 5598 hom:
2947 5531 3037 5585 xx,
3096 5516 3167 5599 23
3226 5516 3487 5590 ὁρμήσειν
3546 5514 3888 5599 Ἀντιόχειαν

485 5585 628 5637 sunt
662 5585 951 5655 lustra,ex
976 5587 1161 5655 quoin
1178 5588 1300 5642 cod.
1347 5585 1969 5644 Ottoboniano'inveni
2000 5588 2130 5643 reli-

481 5669 659 5730 quam
684 5653 1151 5730 Qlementinbrum
1178 5664 1395 5730 partem
1422 5660 1577 5730 (inde
1605 5677 1637 5730 a
1659 5661 1791 5716 vbb.
1824 5660 1983 5714 hom.
2009 5677 2124 5729 xxx,

483 5722 574 5791 f4,
633 5722 867 5802 φαίνεται
922 5722 1191 5800 καρποὺς’
1250 5722 1515 5805 ἐκφύουσα
1597 5728 1672 5791 εἷς
1726 5730 1935 5807 τροφὴν
1994 5722 2128 5783 πάνὲ

2239 5584 2511 5658 ἔσπευσεν)
2545 5591 2825 5661 hactenus
2880 5584 3268 5657 incognitam,
3297 5584 3495 5659 quam
3554 5584 3888 5661 nunc"pri-

2240 5675 2402 5732 mum
2436 5658 2721 5732 evulgavi.
2742 5658 3016 5732 Lacunas
3039 5674 3162 5732 qua
3177 5658 3526 5732 occurrunt,
3560 5658 3887 5732 conjectan-

2236 5730 2309 5785 do
2341 5728 2560 5801 explevi
2592 5728 2875 5801 uncisque
2904 5728 3139 5785 inclusi.
3174 5730 3451 5788 DRESSEL.
