4148 6342
272 407 398 469 43⁵7

1390 411 1918 476 CLEMENTINA.
1952 444 2031 461 —
2060 415 2390 478 HOMILIA
2433 415 2589 477 XIX.

3568 419 3690 484 438

282 536 551 609 ὲξησθένει
577 584 592 611 ,
635 540 745 594 τῶν
793 539 962 603 κακὰς
1007 539 1245 617 ἐχόντων
1296 545 1635 621 προαιρέσεις
1683 542 1922 599 ἀπαθείας

2053 547 2555 621 mortales'puniri
2586 564 2701 603 non
2733 562 3061 620 possemus.
3088 548 3154 605 Et
3182 548 3291 607 hoc
3322 550 3516 619 modo,
3540 551 3590 608 si
3621 568 3691 609 ex

280 626 431 697 αἰτίᾳ
456 629 841 701 τιμωρηθῆναι
878 630 953 701 μὴ
988 628 1314 703 δυναμένων.

2043 639 2286 696 consilio
2347 636 2486 692 mali
2543 652 2829 703 essemus,
2887 637 3061 693 etiam
3136 638 3373 709 justitia
3455 641 3527 696 ob
3596 640 3685 696 in-

280 716 598 774 dolentiam
632 719 823 792 magis
852 718 1319 796 imminueretur,
1367 741 1501 783 cum
1533 730 1633 800 qui
1666 730 1822 787 mala
1852 733 2080 789 foveant
2109 727 2354 785 consilia
2383 724 2775 781 immunitatis
2805 741 2983 781 causa
3012 726 3198 798 pugnis
3229 726 3381 783 afﬁci
3413 744 3528 784 non
3560 745 3689 801 pos-

276 811 432 863 sent.

350 933 490 990 XVI.
520 931 622 990 Kal
656 934 684 987 6
712 932 902 1007 Σίμων
944 936 1079 1012 πρὸς
1126 942 1294 992 ταῦτα
1345 936 1468 1015 ἔφη’
1507 943 1635 1015 Περὶ
1684 949 1930 1019 πονηροῦ

271 1041 327 1075 τι
361 1019 438 1076 ἔτι
480 1020 595 1097 ἔχω
624 1019 808 1099 ἕτερον
842 1022 1040 1100 λέγειν,
1074 1028 1141 1083 Ἢ
1170 1026 1254 1080 ὅτι
1310 1026 1359 1099 ἐξ
1408 1027 1506 1082 οὐκ
1556 1026 1724 1084 ὄντων
1772 1032 1929 1087 αὐτὸν

274 1109 531 1181 ἰποίησεν
556 1112 585 1166 6
612 1113 761 1181 Θεὸς,
794 1113 883 1167 καὶ
932 1116 1067 1169 κατά
1112 1120 1273 1170 τοῦτο
1322 1118 1486 1178 κακὸς
1516 1120 1544 1173 6
1584 1122 1835 1190 ποιήσας,
1868 1123 1929 1184 ’ὀς

271 1200 339 1253 τὸ
372 1200 447 1271 μὴ
484 1198 539 1253 ὃν
590 1199 839 1271 ἐποίησεν
886 1204 1040 1274 εἶναι,
1074 1204 1162 1257 καὶ
1209 1210 1377 1259 ταῦτα
1428 1202 1723 1279 δυνάμενος
1772 1209 1931 1265 αὐτὸν

274 1287 478 1363 ἀγαθὸν
508 1296 733 1358 ποιῆσαι
762 1295 841 1362 τῷ
868 1291 961 1346 τὸν
1012 1292 1298 1367 γινόμενον
1349 1294 1517 1365 μηδὲν
1561 1297 1697 1371 πρὸς
1739 1300 1927 1362 κακίας

271 1376 592 1452 προαίρεσιν
647 1376 785 1433 ἰδίαν
836 1382 1122 1450 κεκτῆσθαι
1173 1380 1349 1457 φύσιν.
1403 1384 1498 1438 Καὶ
1532 1385 1560 1439 6
1601 1386 1825 1460 Πέτρος·
1858 1388 1929 1441 Τὸ

271 1464 328 1537 ἐξ
362 1465 464 1521 οὐκ
492 1459 658 1521 ὅντων
683 1466 841 1522 αὐτὸν
873 1476 1101 1538 ποιῆσαι
1132 1471 1446 1546 προαίρεσιν
1480 1459 1926 1548 ἔγοντα,νὸμοιόν

274 1553 421 1609 ἐστιν
454 1555 499 1627 ᾦ
530 1558 934 1632 προειρήκαμεν
972 1556 1138 1634 λόγῳ,
1173 1558 1255 1614 ὅτι
1300 1560 1436 1634 πρὸς
1480 1562 1543 1615 τὸ
1575 1562 1787 1638 χαίρειν
1833 1565 1929 1620 αὐ-

264 1644 362 1698 τὸν
394 1649 585 1707 κακοῖς
614 1646 714 1713 τήν
747 1650 933 1719 κρᾶσιν
986 1649 1221 1718 ποιήσας
1273 1649 1428 1710 αὐνὸς
1479 1646 1653 1713 αἴτιος
1684 1651 1928 1729 φαίνεται

266 1736 370 1786 τοῦ
397 1732 709 1808 γενομένου.
745 1736 891 1796 Μιᾶς
924 1732 1013 1789 οὖν
1048 1732 1212 1806 οὔσης
1240 1744 1341 1806 τῆς
1371 1737 1692 1815 ἀμφοτέρων
1744 1740 1929 1796 ἐπιλύ-

268 1841 433 1889 σεως,
488 1821 552 1874 τὸ
609 1818 697 1875 διὰ
750 1821 803 1876 τί
856 1823 1069 1899 χαίρειν
1118 1824 1276 1881 αὐτὸν
1328 1824 1409 1880 ἐπ’
1468 1826 1698 1903 ὀλέθρου
1748 1835 1923 1885 κακῶν

270 1908 532 1977 ἐποίησεν
564 1908 783 1985 ὕστερον
818 1911 1069 1987 ἐροῦμεν.
1114 1913 1215 1969 Καὶ
1246 1914 1274 1968 6
1307 1915 1515 1986 Σίμων·
1566 1916 1627 1971 Εἰ
1676 1917 1924 1989 αὐτεξουο

2109 945 2249 1001 XVI.
2284 944 2367 999 Ad
2399 944 2518 999 haec
2550 944 2749 999 Simon
2780 961 2793 999 :
2827 944 2906 1001 De
2937 944 3090 1000 malo
3121 944 3279 999 aliud
3312 943 3452 1016 quid
3494 944 3684 1001 dicere

2039 1035 2245 1091 habeo.
2278 1033 2569 1088 Nimirum
2603 1033 2651 1087 si
2686 1032 2839 1087 Deus
2870 1050 3004 1088 eum
3061 1049 3130 1088 ex
3176 1033 3359 1089 nihilo
3388 1032 3540 1099 fecit,
3572 1032 3683 1088 hac

2040 1138 2269 1195 quoque
2303 1122 2522 1176 ratione
2555 1125 2782 1175 creator
2811 1126 2899 1175 est
2930 1120 3142 1188 malus,
3176 1125 3374 1193 utpote
3432 1121 3530 1193 qui
3566 1137 3681 1177 non

2038 1214 2380 1269 existentem
2420 1210 2710 1280 ejusmodi
2745 1209 2961 1277 fecerit,
2997 1210 3265 1281 quamvis
3296 1208 3512 1277 liceret,
3546 1225 3681 1265 eum

2038 1304 2225 1357 facere
2256 1301 2498 1366 bonum,
2533 1299 2581 1353 si
2615 1298 2879 1369 genitum
2912 1298 2992 1353 ita
3022 1302 3295 1367 creasset,
3330 1302 3394 1353 ut
3451 1298 3685 1369 prOpria

2039 1395 2252 1445 natura
2284 1386 2741 1459 propensitatem
2804 1387 2875 1440 ad
2910 1385 3135 1441 malum
3190 1402 3305 1441 non
3338 1386 3679 1457 possideret.

2038 1480 2188 1534 Tum
2220 1476 2426 1531 Petrus
2457 1491 2469 1529 :
2504 1474 2665 1537 Quod
2698 1475 2897 1530 fecerit
2924 1491 2995 1531 ex
3053 1473 3232 1529 nihilo
3287 1473 3680 1547 propensitate

2038 1565 2343 1639 prsadltum
2380 1581 2495 1619 non
2526 1564 2719 1618 differt
2746 1565 2817 1618 ab
2850 1563 2970 1630 illo,
3006 1564 3161 1633 quod
3192 1580 3372 1635 supra
3398 1562 3678 1629 diximus,

2038 1672 2171 1712 eum
2205 1654 2343 1726 quia
2374 1652 2545 1710 malis
2576 1653 2856 1725 gauderet
2887 1652 3160 1708 mistione
3192 1653 3513 1725 composita
3534 1670 3676 1708 cau-

2038 1761 2163 1800 sam
2195 1759 2323 1799 esse
2354 1742 2534 1797 videri
2568 1758 2792 1811 eorum,
2826 1758 2953 1814 quae
2995 1742 3361 1813 proveniunt.
3396 1741 3542 1797 Cum
3577 1759 3675 1798 ea-

2036 1835 2167 1889 dem
2200 1832 2279 1888 sit
2308 1832 2616 1901 utriusque
2645 1830 2881 1901 solutio,
2933 1829 3176 1902 posthac
3232 1830 3673 1902 explicabimus,

2037 1939 2142 1978 cur
2162 1924 2241 1977 ita
2261 1920 2598 1976 ordinatum
2628 1918 2725 1988 sit,
2750 1923 2815 1973 ut
2837 1917 3122 1973 malorum
3148 1918 3403 1990 pernicie
3421 1918 3677 1990 gaudere

268 1996 422 2057 σίους
453 1995 675 2066 ἐποίησε
704 1998 795 2053 καὶ
842 2000 969 2062 τοὺς
1022 2000 1311 2076 ἀγγέλους,
1344 2003 1372 2057 6
1405 2000 1462 2057 δὲ
1510 2006 1750 2080 πονηρὸς
1801 2008 1922 2063 ἀπέ-

2037 2012 2320 2066 videatur.
2352 2008 2420 2062 Et
2442 2008 2643 2063 Simon
2670 2024 2683 2062 :
2708 2007 2766 2062 Si
2789 2011 2847 2062 et
2871 2006 3109 2077 angelos
3154 2007 3347 2062 liberas
3372 2008 3674 2078 potestatis

271 2106 373 2155 στη
404 2089 503 2139 τοῦ
531 2084 737 2148 δίκαιος
770 2089 1022 2159 εἴναι,καὶ
1056 2087 1143 2144 διὰ
1168 2089 1221 2145 τί
1250 2090 1397 2167 ἀρχῇ
1417 2092 1703 2166 τετίμηται
1728 2114 1741 2164 ;
1764 2096 1820 2150 Ὀ
1840 2118 1920 2151 τι-

273 2172 555 2247 μήσας,δι’
583 2175 645 2229 οὗ
676 2178 719 2211 ⁴τ
748 2176 1059 2250 τετίμηκεν,
1093 2179 1166 2241 ὡς
1195 2186 1383 2243 κακοῖς
1412 2182 1619 2256 χαίρων
1653 2184 1916 2257 φαίνεται.

266 2264 368 2317 Καὶ
401 2264 430 2317 6
462 2261 686 2338 Πέτρος·
721 2264 785 2319 Εἰ
834 2265 1139 2322 ἀποστάντα
1169 2267 1330 2323 αὐτὸν
1365 2271 1392 2325 6
1425 2272 1554 2333 Θεὸς
1589 2272 1775 2348 ἄρχειν
1808 2278 1914 2329 τῶν

268 2351 483 2424 ὁμοίων
509 2350 804 2423 κατέστησε
832 2357 987 2413 886
1034 2356 1211 2430 νόμῳ,
1244 2359 1339 2427 τήν
1390 2361 1657 2436 τιμωρίαν
1702 2360 1913 2438 ἐπάγειν

260 2446 380 2501 τοῖς
432 2439 800 2517 ἁμαρτάνουσι
848 2444 1105 2507 κελεύσας
1153 2445 1317 2518 αὐτῷ,
1351 2447 1455 2503 οὐκ
1511 2446 1697 2511 ἄδικός
1752 2450 1911 2508 ἐστιν.

260 2528 330 2585 EI
362 2527 421 2584 δὲ
448 2529 532 2585 ὅτι
560 2530 649 2585 καὶ
679 2532 983 2588 ἀποστάντα
1022 2534 1334 2607 τετίμηκεν,
1366 2536 1429 2591 τὸ
1473 2540 1749 2612 χρήσιμον
1783 2540 1810 2593 6
1840 2560 1920 2593 τι·

266 2621 449 2691 μήσας
478 2616 753 2694 προεῖδέν,
785 2619 866 2675 ὅτι
895 2623 985 2676 καὶ
1025 2625 1059 2692 ἡ
1110 2624 1246 2696 τιμή
1298 2624 1649 2701 πρόσκαιρος,
1693 2627 1782 2681 καὶ
1831 2627 1914 2683 ὅτι

265 2705 473 2762 δίκαιον
521 2707 651 2770 τοὺς
680 2710 879 2771 κακοὺς
912 2710 1013 2765 ὐπὸ
1059 2717 1226 2767 κακοῦ
1277 2711 1534 2788 ἄρχεσθαι
1566 2716 1653 2769 καὶ
1682 2716 1917 2792 ἀμαρτά-

261 2816 457 2859 νοντας
490 2796 578 2852 ὑπ’
609 2796 774 2853 αὐτοῦ
800 2802 1177 2876 τιμωρεῖσθαι.

337 2978 508 3034 XVII.
531 2976 629 3031 Kal
661 2979 689 3033 6
722 2976 929 3051 Σίμων·
966 2979 1113 3047 Μήτι
1144 2977 1225 3045 ἀεὶ
1259 2975 1331 3033 ὢν
1367 2978 1457 3034 καὶ
1484 2978 1658 3043 οὕτως
1684 2980 1916 3058 ἀναιρεῖ-

260 3086 353 3120 ται
385 3068 451 3120 τὰ
478 3073 581 3135 τῆς
608 3065 927 3142 μοναρχίας,
944 3066 1318 3141 συναρχούσης
1338 3066 1426 3121 καὶ
1449 3068 1633 3142 ἑτέρας
1660 3077 1760 3139 τῆς
1781 3071 1916 3126 κατά

260 3155 367 3223 τήν
400 3154 539 3225 ὕλην
565 3151 845 3227 δυνάμεως
869 3175 883 3225 ;
908 3155 1006 3210 Καὶ
1034 3156 1060 3209 ὁ
1085 3155 1373 3231 Πέτροςοεί
1397 3153 1647 3234 διάφοροί
1672 3158 1771 3213 εἰσι
1794 3166 1913 3222 ταῖς

265 3241 757 3321 οὐσίαις,διάφοροί
779 3243 877 3298 είσι
898 3244 987 3298 καὶ
1017 3249 1135 3306 ταῖς
1171 3242 1571 3316 ὃυνάμεσιν.καὶ
1604 3248 1631 3301 6
1652 3247 1910 3322 κρείττων

264 3332 427 3407 ἄρχει
448 3337 545 3386 τοῦ
564 3330 881 3401 ἤττονοςΕῗ
904 3329 961 3386 δὲ
980 3338 1081 3400 τῆς
1107 3332 1275 3400 αὑτῆς
1298 3332 1429 3386 εἰσὶν
1450 3333 1785 3406 οὐσίας,τότε
1808 3336 1913 3390 ἰσο-

263 3417 499 3493 δῦναμοι
522 3420 993 3497 τυγχάνουσιν,καὶ
1019 3418 1230 3492 ὁμοίως
1251 3420 1445 3495 ἀγαθοὶ
1474 3420 1509 3491 ἥ
1532 3423 1834 3480 κακοί.”οτι
1859 3424 1919 3480 δὲ

266 3510 371 3565 οὐκ
418 3510 549 3565 εἰσὶν
585 3508 997 3583 ἷσοὸύναμοι,οὐ
1026 3517 1126 3579 τῆς
1148 3509 1313 3578 αὐτῆς
1346 3510 1528 3573 οὐσίας
1556 3514 1598 3549 ⁸⁸
1622 3514 1917 3591 φαίνονται·

266 3599 376 3654 ὑπὸ
406 3599 508 3675 γὰρ
537 3604 635 3654 τοῦ
666 3603 1019 3675 Δημιουργοῦ
1048 3601 1083 3668 ἡ
1116 3598 1222 3668 ὕλη
1258 3598 1332 3661 εἷς
1373 3602 1488 3654 οἷον
1521 3601 1766 3673 ἠθέλησε
1804 3604 1923 3659 κόσ.

272 3709 381 3761 μου
428 3688 635 3764 ἠνέχθη
687 3688 1005 3763 σχῆμα.Καὶ
1055 3690 1184 3760 μήτι
1218 3708 1281 3761 γε
1330 3686 1468 3742 ἔστιν
1501 3688 1692 3763 εἰπεῖν,
1726 3691 1809 3746 ὅτι
1840 3693 1920 3747 ἀεὶ

268 3777 338 3844 ἦν
372 3775 547 3848 οὐσία,
582 3776 714 3831 οὖσα
760 3775 866 3845 ὖλη
901 3779 947 3813 ⁴⁹
975 3776 1050 3838 ὡς
1099 3780 1232 3832 Θεοῦ
1260 3783 1504 3848 ταμεῖον.
1540 3778 1617 3835 O6
1649 3780 1752 3855 γὰρ
1784 3779 1923 3837 ἔστιν

270 3866 467 3937 εἰπεῖν,
521 3863 605 3921 ὅτι
651 3868 695 3902 ⁸ο
740 3866 807 3935 ἦν
856 3864 1142 3939 [ταμεῖον],
1188 3863 1277 3920 ὅτε
1326 3866 1585 3940 ἀκτήμων
1617 3870 1681 3936 ἦν
1712 3869 1739 3923 6
1769 3870 1921 3942 Θεὸς,

270 3952 420 4008 ἀλλὰ
449 3954 531 4008 ἀεὶ
561 3956 627 4021 ἦν
684 3953 845 4026 μόνος
893 3954 1080 4028 ἄρχων
1132 3953 1320 4023 αὐτῆς.
1352 3955 1445 4010 Διὸ
1493 3956 1580 4010 καὶ
1612 3954 1787 4020 ἀΐδιος
1824 3958 1922 4031 μό-

270 4045 409 4117 [νος]
440 4042 604 4112 ⁵³,καὶ
636 4042 723 4097 ἐπὶ
752 4040 922 4117 ταύτῃ
968 4045 1035 4116 τῇ
1088 4042 1335 4106 ὑποθέσει
1376 4042 1562 4106 καλῶς
1610 4046 1668 4100 ἂν
1708 4045 1923 4122 λέγοιτο

272 4128 427 4194 ὄντος
456 4130 546 4186 καὶ
578 4135 674 4185 τοῦ
714 4132 982 4206 ἄρχοντος
1012 4131 1103 4185 καὶ
1131 4136 1229 4186 τοῦ
1258 4130 1505 4207 [ἀϊδίου.]
1540 4135 1637 4189 Καὶ
1662 4136 1689 4189 6
1736 4135 1923 4208 Σίμων

272 4220 398 4299 ἔφη’
433 4220 496 4275 Τί
542 4218 631 4275 οὖν
682 4220 867 4275 ἑαυτὸν
919 4219 1166 4290 ἐποίησεν
1204 4220 1231 4274 6
1275 4221 1515 4297 πονηρός
1550 4242 1563 4291 ;
1600 4223 1699 4277 Kal
1749 4223 1923 4287 οὕτως

271 4310 478 4385 ἀγαθὸς
509 4309 537 4364 6
569 4310 719 4381 Θεὸς,
752 4308 857 4377 ὅτι,
907 4306 1064 4371 εἰδὼς
1112 4308 1271 4364 αὐτὸν
1318 4308 1405 4364 ἐπὶ
1452 4310 1604 4383 κακῷ
1654 4312 1923 4387 ἐσόμενον,

270 4399 555 4475 γινόμενον
597 4398 753 4453 αὐτὸν
784 4398 884 4453 οὐκ
923 4396 1150 4468 ἀνεῖλεν,
1185 4397 1273 4453 ὅτε
1304 4398 1380 4459 ὡς
1411 4398 1610 4466 ἀτελὴς
1640 4399 1923 4473 ἀναιρεθῆ-

271 4510 360 4543 ναι
391 4486 614 4550 δυνατὸς
641 4491 705 4556 ἦν
732 4507 745 4557 ;
780 4487 843 4541 Εἰ
876 4486 980 4562 γὰρ
1012 4485 1262 4563 ἐξαίφνης
1293 4482 1608 4559 συμϐέϐηκε
1642 4488 1732 4542 καὶ
1760 4493 1928 4543 ταῦτα

268 4576 500 4647 τέλειος,
542 4576 631 4630 καὶ
682 4574 771 4630 διὰ
816 4578 984 4630 ταῦτα
1028 4572 1240 4636 τέλειος
1285 4577 1432 4632 887
1486 4575 1575 4629 καὶ
1627 4574 1716 4630 διὰ
1760 4582 1927 4633 ταῦτα

272 4663 659 4738 προσπολεμεῖ
698 4668 778 4736 τῷ
824 4661 1248 4739 δημιουργῷ,ὡς
1298 4663 1547 4741 ἐξαίφνης
1596 4661 1924 4739 ἰσοδύναμος

272 4752 423 4825 αὐτῷ
452 4752 713 4829 γεγονώς.

2028 2100 2185 2165 fecit,
2222 2098 2413 2153 malus
2442 2101 2637 2151 autem
2662 2097 2867 2166 justus
2896 2111 3024 2151 esse
3054 2096 3298 2165 destitit,
3330 2111 3436 2150 cur
3489 2095 3674 2169 impe-

2025 2189 2111 2244 rio
2143 2184 2588 2242 honorabatur?
2643 2184 2934 2239 Nimirum
2996 2184 3047 2239 is
3097 2184 3196 2254 qui
3242 2183 3567 2253 honoravit,
3601 2186 3673 2241 ob

2026 2294 2201 2349 quem
2238 2273 2565 2343 honoravit,
2600 2272 2775 2328 malis
2818 2273 3071 2345 gaudere
3108 2272 3354 2327 videtur.
3387 2273 3537 2329 Tum
3571 2274 3673 2330 Pe-

2022 2371 2181 2421 trus:
2217 2365 2275 2420 Si
2310 2367 2441 2435 post
2470 2362 2852 2417 defectionem
2868 2361 3122 2427 Deus,ut
3149 2360 3443 2417 similibus
3464 2378 3671 2434 regna-

2025 2459 2129 2520 ret,
2165 2452 2291 2525 le'ge
2321 2451 2625 2506 constituit
2663 2450 2715 2504 ei
2748 2449 3109 2521 praecipiens,
3144 2453 3207 2504 ut
3237 2466 3437 2520 poenas
3467 2466 3667 2521 pecca-

2022 2543 2249 2599 toribus
2281 2539 2588 2611 infligeret,
2624 2555 2739 2593 non
2796 2538 2924 2593 ideo
2982 2538 3239 2608 injustus
3277 2542 3384 2594 est.
3418 2540 3579 2605 Quod
3615 2540 3665 2595 si

2023 2631 2199 2687 etiam
2232 2634 2364 2702 post
2394 2628 2777 2684 defectionem
2836 2643 2972 2682 eum
3005 2627 3329 2698 honoravit,
3358 2628 3501 2684 utile
3532 2629 3667 2684 inde

2024 2724 2441 2791 proventurum
2475 2716 2759 2789 prazvidit,
2792 2715 2892 2787 qui
2925 2715 3230 2770 honoravit
3258 2740 3273 2783 ;
3304 2732 3441 2771 nam
3471 2722 3528 2772 et
3557 2716 3661 2772 ho-

2023 2825 2132 2863 nor
2159 2806 2496 2878 temporalis
2528 2809 2637 2871 est,
2672 2810 2729 2859 et
2776 2804 3012 2876 justum
3046 2803 3230 2859 malos
3262 2820 3295 2860 a
3338 2804 3492 2861 malo
3541 2804 3661 2876 regi

2022 2900 2197 2968 atque
2224 2899 2553 2966 peccatores
2585 2894 2656 2949 ab
2687 2909 2753 2949 eo
2785 2892 3003 2964 puniri.

2096 2985 2269 3041 XVII.
2304 2985 2454 3040 Tum
2478 2982 2678 3039 Simon
2707 2998 2721 3038 :
2747 2982 2807 3037 Si
2829 2981 3221 3054 sempiternus
3244 2997 3358 3038 non
3402 2981 3529 3053 fuit,
3562 2999 3667 3038 an-

2024 3092 2139 3129 non
2170 3091 2235 3129 eo
2262 3074 2389 3144 ipso
2420 3076 2477 3127 et
2534 3070 2884 3126 monarchiaa
2940 3074 2998 3125 et
3048 3069 3282 3140 reliquae
3326 3086 3395 3125 ex
3425 3071 3668 3126 materia

2023 3161 2416 3236 provenientis
2440 3159 2708 3231 potentiae
2755 3159 3112 3215 consortium
3162 3157 3388 3213 deletur
3408 3158 3437 3212 ‘I
3461 3160 3531 3214 Et
3561 3159 3668 3214 Pe-

2022 3255 2150 3307 trus
2175 3268 2186 3306 :
2213 3251 2272 3305 Si
2306 3248 2654 3304 substantiis
2680 3247 3265 3312 differunt,differunt
3286 3246 3461 3301 etiam
3486 3246 3669 3302 facul-

2026 3339 2270 3405 tatibus,
2294 3343 2353 3393 et
2384 3337 2675 3410 potentior
2706 3335 2952 3406 imperat
3005 3333 3281 3389 inferiori.
3313 3334 3413 3390 Sin
3471 3338 3669 3391 autem

2030 3428 2295 3500 ejusdem
2330 3427 2449 3481 sint
2462 3423 3035 3492 substantias,eadem
3051 3422 3309 3494 potentia
3329 3423 3553 3495 praediti
3574 3441 3671 3481 ex-

2030 3517 2269 3582 sistunt,
2293 3521 2350 3571 et
2401 3515 2641 3585 quidem
2702 3511 2882 3568 simili
2940 3512 3111 3567 modo
3139 3512 3225 3566 vel
3258 3512 3394 3568 boni
3426 3517 3565 3568 sunt
3583 3513 3673 3569 vel

2031 3605 2193 3661 mali.
2219 3604 2330 3660 Sed
2357 3620 2489 3658 cum
2525 3601 2650 3673 pari
2682 3601 2944 3673 potentia
2974 3616 3088 3655 non
3119 3605 3383 3665 utantur,
3404 3602 3672 3673 ejusdem

2031 3709 2265 3765 quoque
2283 3710 2347 3748 su
2357 3690 2625 3747 bstantiaa
2642 3706 2757 3745 non
2773 3706 2901 3745 esse
2913 3688 3208 3756 videntur;
3225 3690 3497 3745 materies
3517 3690 3674 3745 enim

2032 3800 2066 3837 a
2095 3782 2360 3837 Creatore
2393 3781 2658 3851 impensa
2682 3778 2812 3843 fuit,
2834 3778 2893 3833 in
2925 3777 3156 3849 qualem
3189 3777 3391 3832 mundi
3425 3778 3673 3833 formam

2032 3869 2128 3928 ille
2151 3869 2349 3925 voluit.
2374 3868 2572 3939 Neque
2601 3867 2873 3923 contendi
2897 3870 3107 3938 potest,
3131 3882 3362 3937 semper
3383 3866 3679 3923 exstitisse

2033 3958 2449 4023 substantiam,
2483 3956 2699 4027 quippe
2731 3972 2881 4027 qua,
2914 3959 2979 4009 ut
3036 3954 3328 4025 materies,
3362 3954 3539 4009 fuerit
3576 3954 3679 4011 Dei

2034 4046 2180 4103 cella
2211 4047 2467 4118 penaria.
2505 4045 2627 4100 Non
2659 4043 2817 4099 enim
2850 4043 2985 4098 licet
3045 4043 3257 4107 dicere,
3314 4058 3444 4098 eam
3496 4042 3679 4099 fuisse

2035 4136 2240 4192 cellam
2276 4134 2598 4206 peoariam,
2632 4149 2771 4187 cum
2831 4133 3002 4203 inops
3048 4136 3202 4187 esset
3228 4131 3422 4197 Deus;
3457 4135 3517 4187 at
3545 4147 3679 4187 vero

2035 4241 2265 4295 semper
2296 4224 2345 4279 is
2374 4221 2599 4278 exstitit
2628 4222 2791 4276 solus
2850 4220 3013 4276 illius
3043 4220 3337 4276 dominus.
3371 4220 3557 4285 Quam
3606 4220 3679 4276 ob

2036 4329 2159 4367 rem
2190 4316 2247 4366 et
2275 4316 2526 4365 aeternus
2558 4308 2741 4377 solus,
2800 4309 3046 4379 ideoque
3102 4309 3247 4364 bene
3283 4324 3351 4364 ea
3391 4309 3682 4365 diceretur

2036 4416 2164 4456 esse
2180 4416 2307 4455 vere
2327 4399 2661 4454 exsistentis
2677 4396 2965 4453 etdomini
2978 4397 3678 4468 atquesempiterni.Tum

2036 4489 2273 4545 Simon:
2310 4487 2480 4553 Quid,
2513 4486 2725 4558 inquit,
2759 4486 2809 4540 si
2867 4485 3181 4556 semetipso
3236 4486 3513 4541 creaverit
3550 4502 3680 4540 ma-

2035 4576 2128 4632 lus
2149 4576 2176 4630 ?
2197 4578 2283 4630 An
2312 4576 2461 4630 Deus
2483 4578 2543 4629 et
2564 4574 2670 4629 hoc
2699 4574 2871 4628 modo
2897 4573 3087 4627 bonus
3110 4577 3217 4641 est,
3242 4578 3324 4641 ut,
3349 4574 3455 4629 etsi
3478 4572 3679 4644 cogni-

2036 4672 2164 4721 tum
2199 4664 2474 4730 habebat,
2507 4668 2877 4718 versaturum
2908 4677 3040 4716 eum
3074 4663 3132 4717 in
3165 4659 3337 4729 malo,
3370 4678 3485 4716 non
3525 4660 3679 4716 dele-

1956 4742 2003 4806 D
2035 4755 2200 4823 verit,
2225 4754 2325 4824 qui
2358 4770 2473 4809 non
2508 4750 2812 4807 absolutus
2838 4750 3129 4821 exstingui
3162 4748 3427 4821 poterat?
3455 4749 3681 4805 Etenim

272 4844 325 4901 si
360 4844 557 4900 subito
588 4842 768 4899 simul
801 4858 935 4898 cum
968 4857 1035 4898 eo
1068 4842 1253 4898 factus
1285 4842 1478 4907 fuerit,
1512 4846 1569 4898 et
1598 4844 1654 4899 id
1688 4843 1927 4916 quidem
1958 4846 2161 4901 ﬁnitus
2189 4857 2372 4914 eoque
2402 4842 2713 4913 perfectus,
2746 4841 2817 4895 ob
2848 4840 3038 4911 ipsam
3069 4854 3308 4894 causam
3366 4837 3685 4893 bellaretur

274 4937 480 4989 contra
508 4935 853 5001 creatorem,
888 4931 982 4987 cui
1015 4930 1297 4987 nimirum
1328 4932 1401 4987 ab
1431 4931 1597 4988 initio
1627 4950 1735 5004 par
1764 4938 1941 4990 natus
1970 4938 2094 4990 erat
2123 4931 2399 5005 potentia.

347 5057 545 5114 XVIII.
579 5055 677 5111 Kal
741 5054 769 5110 6
826 5057 1052 5130 Πέτρος·
1111 5050 1381 5111 Ἀδύνατα
1440 5054 1639 5129 λέγεις·
1691 5055 1779 5110 καὶ
1824 5055 1929 5131 γὰρ

275 5148 395 5203 κατ’
432 5144 618 5221 ὀλίγον
637 5144 755 5221 γιτό
765 5164 919 5217 μενον
943 5142 1103 5198 αὐτὸν
1127 5143 1202 5203 ὡς
1224 5142 1418 5217 ἐχθρὸν
1441 5142 1526 5197 ὑπ’
1548 5142 1710 5197 αὑτοῦ
1740 5164 1931 5220 προαι-

279 5236 420 5312 ρέσει
454 5232 657 5289 ἀνελεῖν
690 5230 945 5303 ἠδύνατο.
979 5231 1079 5286 Καὶ
1126 5235 1515 5307 προγινῶσκων
1558 5232 1791 5308 γίνεσθαι
1836 5232 1929 5287 αὐ-

273 5327 369 5381 τὸν
401 5323 466 5381 οὗ
496 5322 687 5393 καλὸν,
722 5321 783 5377 οὐ
816 5323 861 5360 ⁸³
885 5321 1209 5397 συνεχώρει,
1242 5320 1290 5375 εἴ
1324 5323 1398 5394 μή
1431 5322 1568 5397 πρὸς
1598 5320 1744 5393 αὐτῷ
1790 5323 1931 5398 χρή-

2110 5056 2311 5113 XVIII.
2345 5053 2582 5127 Excepit
2612 5052 2857 5108 Petrus:
2886 5049 3061 5121 Dicis,
3086 5066 3213 5121 qua;
3240 5048 3361 5104 ﬁeri
3413 5065 3525 5105 non
3548 5063 3682 5121 pos-

2040 5149 2217 5212 sunt;
2242 5160 2431 5215 neque
2462 5142 2616 5198 enim
2642 5157 2774 5196 eum
2828 5137 3001 5211 paulo
3033 5144 3166 5193 ante
3188 5136 3450 5209 genitum
3474 5142 3541 5193 ut
3570 5138 3680 5194 ini-

2042 5234 2263 5291 micum
2290 5250 2320 5289 e
2353 5230 2596 5287 consilio
2628 5230 2753 5302 ipse
2783 5226 3152 5299 exstinguere
3200 5226 3408 5297 potuit.
3438 5227 3518 5282 Ac
3547 5243 3682 5283 cum

2042 5322 2405 5395 previderet,
2437 5334 2572 5375 eum
2606 5333 2721 5373 non
2750 5316 2972 5373 bonum
3000 5314 3285 5385 futurum,
3312 5330 3427 5371 non
3448 5315 3562 5372 sibi
3589 5332 3683 5372 as-

1643 5509 1881 5567 VAVLE
1916 5507 2327 5566 LEGI‘IONES.

358 5670 400 5703 ⁸⁷
431 5663 851 5738 Leg._fo_rtasse_
881 5657 949 5738 6U
974 5656 1053 5716 ὅν.
1085 5660 1130 5697 ⁸⁸
1158 5660 1307 5738 Vbb.
1341 5658 1404 5714 οὐ
1432 5661 1529 5738 τῇς
1561 5659 1733 5738 αὐτῆς
1761 5657 1922 5738 οιξιῖίαἶ

2037 5658 2213 5738 _d_didi_
2241 5658 2313 5713 de
2363 5655 2713 5738 conjectura.
2748 5654 2792 5690 ‘9
2823 5650 2957 5707 οὖσα
3004 5649 3113 5728 οὐχ
3142 5648 3249 5722 ὅλη
3282 5656 3344 5711 0.
3375 5652 3421 5691 ω
3457 5650 3540 5709 ὅτι
3571 5670 3685 5712 non

287 5746 377 5801 est
404 5740 465 5798 in
495 5728 625 5795 cod.
653 5736 694 5770 ⁶¹
732 5753 801 5806 μο
834 5733 983 5806 (sine
1013 5737 1277 5803 accentu)
1309 5749 1433 5805 seq.
1466 5728 1769 5791 lacunaO.
1802 5733 1848 5769 ⁸³
1880 5731 1941 5788 οὐ
1973 5730 2218 5804 adjunxi
2247 5746 2317 5786 ex
2342 5728 2701 5800 conjectura.
