4148 6342
477 412 599 473 439

1313 412 1378 473 8.
1427 410 1869 474 CLEMENTIS
1914 411 1935 470 Ῑ
1984 409 2174 470 ROM.
2220 407 2453 469 PONT.
2501 407 2760 468 OPERA
2802 407 3066 469 DUBIA.

3775 405 3901 466 NO

483 542 1397 615 sociasset,nisicognovisset,ita
1427 559 1559 598 eum
1593 542 1704 597 sibi
1738 541 1862 597 fieri
1894 540 2117 595 utilem.

2255 556 2394 609 ιιμον
2442 535 2726 610 γινόμενον
2775 535 3061 605 ἠπίστατο.
3114 535 3211 591 Καὶ
3260 532 3468 597 τέλειος
3517 532 3768 613 ἐξαίφνης
3793 534 3870 612 ἆφ

486 634 683 705 Neque
704 633 898 688 subito
920 650 1023 705 per
1043 632 1429 702 semetipsum
1455 632 1744 703 perfectus
1768 630 2006 685 evadere
2027 646 2125 701 po-

487 723 622 778 tuit.
648 722 793 776 Nam
826 721 876 775 is
908 721 1008 791 qui
1045 722 1306 774 nondum
1340 724 1482 785 erat,
1500 721 1750 773 tormare
1773 734 1835 772 se
1860 717 1983 789 ipse
2012 734 2127 771 non

2238 625 2428 678 ὲαυτοῦ
2455 626 2698 699 γενέσθαι
2751 625 2859 700 οὐχ
2897 623 3008 686 οἷός
3055 645 3114 679 τε
3141 626 3229 693 ἦν.
3262 625 3481 679 Ἑαυτὸν
3522 624 3625 700 γὰρ
3656 625 3683 679 6
3720 626 3893 697 μήπω

2240 711 2312 767 ὣν
2341 711 2595 767 πλάττειν
2624 712 2722 767 οὐκ
2754 710 2996 781 ἐδύνατο,
3042 712 3131 766 καὶ
3162 710 3371 774 τέλειος
3421 711 3545 767 οὕτε
3576 711 3628 783 ἐξ
3680 711 3778 767 οὐκ
3808 707 3901 765 ὅν-

488 810 698 883 potuit,
732 825 919 879 neque
944 808 1232 880 perfectus
1263 806 1603 863 facultatem
1636 807 1811 861 habet
1849 823 1917 861 ex
1947 806 2130 860 nihilo

2255 820 2344 855 των
2375 800 2611 874 γενέσθαι
2650 821 2701 853 τι
2742 798 2921 853 οὐσίαν
2968 795 3113 873 ἔχειν
3146 801 3191 836 ⁸³
3242 796 3482 871 δύναται,
3512 800 3599 854 καὶ
3638 798 3896 875 γεννητὸν

489 897 743 963 oriundi,
765 912 951 968 neque
980 912 1113 951 eum
1142 900 1335 951 ortum
1358 912 1523 965 zequa
1546 894 1802 967 potentia
1824 893 2129 966 praaditum

490 990 641 1042 recte
672 985 886 1056 aliquis
916 985 1146 1040 dixerit.
1209 984 1529 1056 Respondit
1585 983 1822 1038 Simon:
1881 984 1966 1037 An
2018 999 2132 1037 non

492 1076 636 1131 forte
668 1073 900 1129 illorum
933 1079 1041 1143 est,
1076 1091 1203 1145 quae
1236 1074 1307 1128 ad
1353 1073 1529 1127 ﬁnem
1571 1071 1827 1143 aliquem
1858 1071 2133 1127 creaban-

490 1163 633 1219 tur?
654 1163 771 1218 Hoc
800 1163 971 1217 modo
1000 1162 1325 1232 malignum
1351 1178 1463 1216 non
1489 1165 1579 1216 est
1611 1160 1829 1215 malum
1863 1175 2135 1230 perenne,

492 1255 559 1308 ut
580 1268 730 1323 aqua
749 1252 985 1322 quidem
1020 1250 1320 1323 igni,bona
1341 1256 1535 1304 autem
1562 1266 1667 1304 suo
1690 1254 1950 1321 tempore
1973 1254 2137 1303 terra

493 1338 749 1406 sitienti;
784 1340 1070 1409 quomodo
1095 1345 1149 1393 et
1180 1340 1394 1394 ferrum
1427 1339 1644 1393 bonum
1669 1338 1727 1392 in
1758 1337 2137 1409 agricultura,

497 1428 721 1485 malum
752 1432 945 1483 autem
978 1428 1049 1483 ad
1083 1444 1283 1483 necem
1318 1426 1765 1498 perpetrandam
1793 1444 1805 1481 :
1833 1426 2008 1482 etiam
2041 1426 2139 1481 de-

499 1517 782 1574 siderium
815 1517 884 1571 ad
917 1515 1291 1571 matrimonia
1320 1515 1578 1571 ineunda
1607 1513 1764 1570 haud
1798 1514 2137 1587 pravum,ad

502 1604 855 1663 adulterium
886 1609 1080 1660 autem
1114 1603 1390 1673 noxium;
1423 1606 1485 1658 ut
1552 1608 1609 1658 et
1666 1603 1926 1659 occidere
1957 1602 2141 1673 nefas,

503 1692 768 1766 quamvis
800 1692 1109 1764 pulchrum
1140 1709 1207 1748 ex
1228 1692 1545 1749 occidentis
1568 1692 1811 1747 consilio
1836 1710 1849 1760 ;
1874 1696 1931 1747 et
1957 1691 2144 1747 avari-

504 1782 589 1839 tia
617 1781 861 1847 malum,
898 1782 1166 1853 quamvis
1196 1782 1363 1837 dulce
1420 1799 1613 1848 avaro,
1661 1787 1737 1851 et,
1781 1797 2146 1853 quzecunque

502 1874 642 1927 sunt
671 1870 1035 1941 hujusmodi,
1068 1872 1269 1927 eodem
1302 1886 1365 1926 se
1399 1871 1571 1926 modo
1602 1870 1838 1925 habent.
1872 1870 1984 1925 Sed
2037 1869 2146 1924 hac

502 1959 726 2015 ratione
757 1976 944 2031 neque
975 1959 1197 2016 malum
1256 1963 1344 2015 est
1399 1958 1645 2028 malum,
1678 1975 1869 2031 neque
1926 1958 2144 2013 bonum

504 2048 787 2119 contingit
814 2064 943 2104 esse
978 2048 1220 2116 bonum,
1253 2064 1389 2103 cum
1422 2047 1668 2103 alterum
1702 2051 1977 2119 operetur
2006 2046 2146 2102 alte-

504 2137 771 2202 rum.Qui
796 2141 993 2192 autem
1017 2137 1096 2206 id,
1123 2137 1276 2209 quod
1307 2136 1458 2191 male
1495 2135 1618 2191 ﬁeri
1667 2135 1917 2200 videtur,
1949 2140 2147 2191 aucto-

505 2241 627 2282 rem
650 2226 917 2293 delectat,
950 2226 1002 2280 ei
1029 2242 1159 2281 vero
1191 2224 1419 2281 dolores
1441 2228 1619 2292 creat,
1646 2224 1742 2296 qui
1784 2223 2004 2295 patitur
2025 2224 2053 2279 ?
2083 2226 2151 2279 Et

505 2314 555 2371 si
578 2314 711 2386 quis
727 2314 798 2370 ob
821 2313 1068 2370 nimium
1088 2314 1179 2369 sui
1207 2330 1464 2369 amorem
1485 2317 1775 2385 quantum
1799 2312 1923 2368 fieri
1956 2316 2151 2385 potest

506 2419 635 2460 sese
665 2403 964 2458 obiectans
996 2402 1149 2458 male
1197 2401 1384 2458 facere
1433 2405 1692 2474 putatur,
1757 2402 1850 2457 cui
1911 2419 2025 2457 non
2058 2418 2149 2457 res

506 2506 635 2549 esse
660 2490 892 2547 videtur
916 2489 1213 2563 injusta,si
1234 2491 1305 2546 ob
1327 2489 1493 2545 illum
1520 2506 1779 2546 amorem
1801 2490 2150 2563 perjustum

500 2580 766 2653 judicem
792 2579 1027 2652 gravius
1058 2578 1356 2651 patiatur?

578 2668 719 2724 XIX.
743 2668 809 2723 Et
834 2668 1036 2724 Petrus
1060 2685 1074 2724 :
1107 2668 1225 2740 Ipsi
1254 2666 1493 2721 viriliter
1516 2682 1623 2722 nos
1655 2667 1945 2739 castigare
1976 2666 2147 2723 debe-

509 2757 904 2829 mus,quando
926 2756 1104 2813 libido
1135 2756 1207 2812 ad
1240 2755 1481 2811 alterius
1539 2772 1747 2811 noxam
1790 2754 1913 2811 vult
1943 2754 2149 2828 impel-

506 2845 913 2917 lere,scientes
938 2844 1153 2917 quippe
1177 2843 1398 2900 malum
1421 2843 1612 2900 delere
1634 2860 1803 2916 posse
1827 2844 2146 2916 improbos,

507 2939 572 2992 ut
598 2935 699 3007 qui
722 2934 794 2990 ab
818 2933 983 2989 initio
1011 2949 1213 2989 eorum
1246 2933 1530 3005 acceperit
1556 2936 1926 3004 potestatem.
1952 2933 2151 3005 Neque

505 3023 615 3080 hoc
646 3022 867 3078 malum
901 3021 972 3077 iis
1001 3022 1101 3093 qui
1133 3022 1287 3078 mala
1318 3025 1761 3094 perpetrarunt;
1795 3026 1886 3077 ast
1918 3039 2149 3093 pceuam

505 3112 734 3169 animas
765 3126 964 3167 eorum
1021 3114 1153 3182 post
1197 3110 1655 3183 peremptionem
1715 3114 2148 3181 exspectantem

505 3216 610 3274 pro
643 3199 791 3256 male
821 3198 1245 3271 praedispositis
1262 3198 1421 3253 omni
1444 3215 1579 3253 cum
1611 3199 1739 3269 iure
1759 3198 1973 3270 aliquis
1994 3200 2149 3254 dicat

2244 888 2558 963 ὑπάρχοντα
2583 892 2661 960 τῷ
2691 888 2771 942 ἀεὶ
2804 885 3144 961 ἰσοδυναμεῖν
3178 887 3279 943 οὐκ
3308 887 3479 963 ὀρθῶς
3512 887 3570 942 ἂν
3611 887 3757 943 εἷ’ποι
3784 910 3898 950 τις.

2246 976 2342 1031 Καὶ
2374 978 2402 1031 6
2435 976 2643 1048 Σίμων’
2679 979 2824 1046 Μήτι
2855 975 2945 1031 οῦν
2973 981 3078 1031 τῶν
3112 976 3251 1052 πρός
3278 976 3331 1031 τί
3362 976 3502 1032 ἐστιν
3530 996 3543 1046 ;
3578 976 3679 1035 Καὶ
3720 976 3901 1040 οὕτως

2244 1067 2483 1139 πονηρὸν
2518 1064 2616 1119 οὐκ
2644 1066 2689 1102 ⁸⁴
2720 1063 2828 1120 ἔστι
2860 1067 3021 1120 κακὸν
3071 1064 3224 1138 μένον
3269 1065 3343 1127 ὡς
3392 1062 3539 1139 ὕδωρ
3576 1064 3727 1141 πυρὶ,
3761 1066 3902 1141 ἀγα-

2245 1154 2336 1209 θὸν
2372 1151 2429 1209 δὲ
2459 1158 2527 1228 τῇ
2562 1153 2823 1229 εὐκαίρως
2860 1151 3072 1228 διψώσῃ
3229 1152 3410 1229 ὥσπερ
3439 1176 3500 1231 γε
3544 1154 3635 1209 καὶ
3669 1152 3900 1229 σίδηρος

2250 1243 2327 1305 είς
2360 1245 2454 1316 μὲν
2497 1241 2760 1319 γεωργίαν
2803 1242 2993 1313 καλὸς,
3046 1243 3120 1305 είς
3168 1240 3226 1298 δὲ
3271 1243 3466 1321 φόνους
3514 1244 3701 1305 κακός’
3733 1243 3825 1298 καὶ
3857 1246 3893 1314 ἡ

2250 1330 2505 1403 ἐπιθυμία
2534 1328 2592 1386 δὲ
2621 1331 2696 1392 εἰς
2732 1332 2825 1404 μὲν
2859 1331 3071 1405 γάμους
3102 1332 3163 1387 οὐ
3215 1334 3379 1405 κακὴ,
3424 1332 3502 1395 είς
3536 1331 3593 1388 δὲ
3645 1332 3907 1408 μοιχείαν

2250 1418 2491 1495 χαλεπή·
2545 1420 2619 1482 ὡς
2664 1421 2752 1474 καὶ
2797 1421 2861 1475 τὸ
2909 1425 3159 1499 φονεῦσαι
3192 1423 3376 1491 κακὸν,
3426 1419 3571 1477 ἀλλά
3598 1421 3679 1495 τῷ
3708 1422 3906 1500 φονεύ-

2252 1528 2399 1564 σαντι
2431 1509 2567 1585 πρὸς
2598 1508 2627 1563 ὃ
2663 1504 3013 1583 βεϐούλευται
3061 1506 3250 1580 καλὸν,
3281 1510 3370 1565 καὶ
3410 1512 3445 1579 ἡ
3497 1508 3779 1584 πλεονεξία
3807 1531 3907 1565 κα-

2251 1598 2369 1667 κὸν,
2402 1596 2546 1652 ἀλλὰ
2573 1595 2652 1670 τῷ
2680 1595 3094 1652 πλεονεκτοῦντι
3117 1595 3241 1667 ἡδύ¹
3274 1599 3365 1654 καὶ
3393 1596 3492 1654 ὅσα
3518 1603 3744 1653 τοιαῦτα
3770 1620 3909 1674 τυγ-

2253 1687 2410 1763 χάνει
2438 1691 2627 1741 τοῦτον
2660 1687 2905 1762 περιέχει
2932 1686 3024 1741 τὸν
3054 1686 3279 1763 τρόπον.
3310 1686 3497 1760 Τούτῳ
3529 1684 3587 1743 δέ
3627 1692 3707 1760 τῷ
3744 1686 3907 1762 λόγῳ

2255 1772 2379 1830 οὔτε
2422 1775 2485 1831 τὸ
2526 1774 2689 1830 κακὸν
2739 1775 2902 1830 κακόν
2959 1775 3123 1843 ἐστιν,
3174 1774 3298 1832 οὔτε
3345 1777 3407 1832 τὸ
3459 1776 3654 1854 ἀγαθὸν
3706 1776 3909 1853 ἀγαθὸν

2252 1865 2530 1941 τυγχάνει·
2591 1865 2838 1938 ἑκάτερον
2892 1864 2994 1939 γὰρ
3050 1865 3114 1919 τὸ
3167 1861 3350 1941 ἕτερον
3404 1865 3699 1942 ἐργάζεται.
3752 1868 3908 1936 Μήτι

2255 1974 2318 2029 γε
2364 1956 2407 1991 ⁸⁸
2435 1953 2498 2008 τὸ
2557 1951 2747 2009 δοκοῦν
2806 1958 2985 2017 κακῶς
3038 1953 3276 2029 γίνεσθαι
3336 1953 3604 2033 εὐφραίνει
3664 1956 3759 2027 μὲν
3810 1954 3906 2009 τὸν

2256 2047 2535 2110 ποιοῦντα,
2594 2042 2813 2112 κολάζει
2867 2039 2923 2097 δὶ
2968 2043 3059 2097 τὸν
3097 2044 3380 2118 πάςχοντα
3412 2063 3426 2113 ;
3460 2044 3562 2100 Καὶ
3621 2043 3667 2098 εἷ
3719 2040 3907 2099 ἄδικον

2258 2129 2407 2186 δοκεῖ
2453 2131 2514 2185 τὸ
2565 2131 2750 2186 ἑαυτὸν
2803 2131 3151 2207 ἀγαπήσαντα
3199 2130 3500 2210 εὐφραίνειν
3558 2132 3633 2194 ὡς
3683 2129 3907 2187 δυνατόν

2258 2218 2417 2292 ἐστιν,
2448 2219 2538 2273 καὶ
2588 2217 2676 2274 διὰ
2702 2223 2865 2274 τοῦτο
2912 2220 3133 2295 ’χαλεπὰ
3180 2221 3334 2278 388
3383 2220 3653 2276 πείσεσθαι
3686 2221 3789 2275 ὑπὸ
3821 2218 3916 2275 δι-

2257 2308 2412 2363 καίου
2446 2304 2697 2363 δικαστοῦ
2727 2307 2851 2383 περὶ
2880 2313 2977 2364 τοῦ
3008 2308 3193 2364 ἑαυτὸν
3217 2308 3583 2385 ἠγαπηκέναι,
3612 2308 3719 2365 τίνι
3750 2307 3915 2365 κούκ

2259 2394 2441 2453 ἄδικον
2475 2397 2715 2477 φαίνεται
2739 2416 2754 2468 ;

2330 2663 2471 2720 XIX.
2504 2662 2607 2718 Καὶ
2634 2662 2662 2718 6
2696 2660 2918 2739 Dé1poc°
2949 2662 3168 2718 Ἑαυτὸν
3218 2663 3332 2739 χρή
3382 2660 3634 2734 κολάζειν
3679 2665 3805 2724 τότε
3840 2672 3911 2742 τῇ

2260 2749 2559 2826 ἐγκρατείᾳ,
2610 2748 2733 2805 ὅταν
2766 2752 2801 2820 ἡ
2848 2749 3107 2824 ἐπιθυμία
3149 2752 3285 2828 πρὸς
3331 2752 3516 2828 ἑτέρου
3564 2750 3779 2828 βλάϐην
3826 2758 3915 2835 ὁρ-

2263 2846 2432 2913 μῆσαι
2462 2838 2612 2913 θέλῃ,
2645 2836 2825 2894 εἰδότα
2853 2838 2936 2894 ὅτι
2968 2842 3010 2877 ⁸⁷
3044 2841 3072 2895 6
3103 2840 3344 2915 πονηρὸς
3394 2841 3521 2903 τοὺς
3575 2843 3669 2916 μὲν
3711 2847 3915 2909 κακοὺς

2259 2926 2462 2983 ἀνελεῖν
2497 2925 2735 2997 δύναται,
2767 2927 2858 2983 ἀπ’
2906 2928 3085 3005 ἀρχῆς
3128 2930 3230 2998 τήν
3280 2930 3397 2985 κατ’
3445 2930 3621 2986 αὐτῶν
3666 2933 3913 3013 εἰληφὼς

2258 3016 2516 3088 ἐξουσίαν.
2552 3016 2647 3073 Καὶ
2680 3013 2832 3072 οὔπω
2876 3022 3035 3073 τοῦτο
3084 3018 3247 3074 κακὸν
3297 3024 3416 3081 τοῖς
3462 3021 3601 3075 κακά
3624 3023 3909 3097 πράξασιν,

2259 3101 2405 3159 ἀλλά
2431 3101 2493 3158 τὰ
2527 3102 2661 3176 μετᾶ
2689 3104 2786 3173 τήν
2835 3102 3101 3180 ἀναίρεσιν
3152 3104 3248 3168 τὰς
3299 3108 3479 3181 ψυχὰς
3523 3107 3698 3163 αὐτῶν
3739 3109 3913 3167 κολα-

2261 3190 2491 3265 ζομένας
2522 3189 2816 3265 διαμένειν,
2856 3197 3021 3248 τοῦτο
3052 3191 3223 3256 ὄντως
3251 3194 3384 3249 εἶναι
3417 3193 3659 3270 χαλεπὸν
3693 3196 3919 3263 δικαίως

508 3273 737 3346 duram.
762 3291 969 3357 Quare,
992 3287 1208 3356 utdixi,
1233 3287 1478 3343 evitetur
1502 3292 1733 3359 oportet
1769 3287 1883 3342 alia
1912 3288 2143 3359 injusti-

2261 3285 2366 3335 τῶν
2398 3286 2577 3343 κακῶς
2609 3279 3093 3357 προδιωρισμένων
3125 3282 3301 3360 ὀρθῶς
3352 3279 3498 3360 ἔχειν
3551 3282 3693 3340 εἷ’ποι
3735 3309 3821 3350 τις
3850 3292 3916 3346 ⁸⁸.

507 3378 592 3435 tia
621 3395 721 3450 pro
748 3378 903 3433 brevi
934 3376 1249 3449 voluptate,
1282 3393 1353 3431 ne
1383 3377 1454 3431 ob
1489 3393 1727 3449 parvam
1775 3376 2038 3433 laetitiam
2072 3394 2151 3431 aa-

511 3470 678 3524 terna
706 3465 901 3523 luatur
933 3483 1119 3538 pmna.
1151 3467 1299 3521 Tum
1333 3466 1569 3521 Simon:
1601 3467 1687 3521 An
1733 3466 1878 3521 forte
1912 3483 2024 3521 non
2055 3482 2151 3522 ex-

514 3554 849 3628 sistit,quod
871 3560 1078 3611 natura
1100 3554 1319 3611 malum
1343 3560 1430 3611 est
1461 3559 1561 3611 aut
1591 3555 1942 3621 bonum,sed
1975 3556 2147 3612 modo

509 3644 697 3701 differt
716 3648 774 3699 et
797 3644 1001 3699 more?
1034 3646 1118 3699 Ita
1155 3645 1307 3715 apud
1338 3644 1543 3699 Persas
1577 3660 1703 3699 mos
1727 3649 1817 3699 est
1848 3644 2151 3700 matrimo-

510 3733 675 3788 nium
699 3731 938 3788 ineundi
968 3749 1101 3786 cum
1160 3731 1467 3795 matribus,
1519 3732 1841 3802 sororibus,
1894 3732 2147 3799 ﬁliabus,

507 3820 653 3878 alias
683 3825 878 3876 autem
910 3821 1121 3875 ducere
1153 3819 1542 3874 suavissimum
1601 3819 1952 3892 appellatur.
1986 3819 2149 3877 Unde

507 3909 793 3965 malorum
828 3926 940 3963 non
972 3907 1346 3963 deﬁnitorum
1380 3908 1474 3962 Dei
1501 3907 1792 3978 judicium
1854 3926 1968 3963 non
2018 3926 2147 3965 esse

504 4002 697 4070 potest
719 4014 821 4069 pro
844 3996 1441 4052 omnibus.Et'Petrus
1464 3995 1643 4051 dixit:
1680 3996 1795 4051 Hoc
1826 3997 2150 4054 subsistere

506 4087 743 4157 nequit:
778 4102 915 4140 nam
948 4085 1223 4140 omnibus
1252 4086 1644 4140 exsecrandus
1703 4085 1931 4141 videtur
1961 4086 2148 4143 coitus

504 4190 637 4229 cum
663 4173 1023 4243 matribus,si
1050 4174 1225 4228 etiam
1253 4173 1455 4241 Persm,
1481 4173 1579 4245 qui
1605 4175 1973 4244 partiuncula
2010 4181 2148 4231 sunt

502 4262 734 4334 generis
756 4260 1397 4333 humani,iniquitatem
1415 4262 1570 4317 exosi
1593 4278 1793 4317 eorum
1818 4263 1998 4318 moris
2031 4281 2145 4319 non

504 4349 848 4421 capiant.lta
867 4355 923 4405 et
936 4349 1194 4404 Britanni
1220 4350 1414 4422 palam
1429 4366 1623 4405 coram
1646 4351 1920 4408 omnibus
1933 4357 2144 4408 coeunt

504 4437 630 4494 sine
652 4439 896 4511 pudore;
913 4437 1011 4493 alii
1032 4438 1294 4493 humana
1306 4455 1481 4495 carne
1497 4442 1813 4495 vescuntur
1836 4441 1960 4497 sine
1984 4442 2143 4497 fasti-

502 4526 598 4583 dia
627 4526 761 4595 ;alii
790 4543 859 4582 ea
892 4544 1019 4598 qua:
1049 4544 1222 4582 canes
1251 4530 1307 4581 et
1336 4526 1453 4581 alia
1498 4528 1747 4583 nefanda
1790 4533 2140 4600 perpetrant.

501 4615 620 4672 Hoc
652 4617 822 4671 modo
854 4632 967 4670 non
990 4616 1381 4686 judicandum
1401 4620 1490 4671 est
1509 4616 1580 4671 de
1609 4632 1786 4672 sensu
1818 4618 2142 4673 secundum

499 4708 768 4759 naturam
795 4703 1238 4775 perverso.Nam
1260 4708 1317 4759 et
1345 4702 1509 4759 occili
1543 4702 1763 4759 malum
1796 4705 2141 4772 est,etiamsi

501 4809 617 4848 non
645 4809 849 4848 omnes
876 4793 958 4847 ita
986 4792 1202 4853 dicant.
1239 4808 1373 4847 cum
1407 4808 1577 4847 nemo
1609 4792 1735 4865 ipse
1764 4792 1874 4849 sibi
1914 4792 2141 4850 dolores

500 4897 702 4953 parere
731 4880 888 4951 velit,
918 4897 1019 4936 nec
1042 4898 1212 4952 paena
1241 4881 1313 4936 ob
1347 4882 1569 4936 furtum
1601 4881 1713 4937 sibi
1745 4882 1963 4937 inﬂicta
1984 4882 2140 4939 ullus

499 4969 837 5026 delectetur.
862 4970 921 5025 Si
954 4970 1087 5041 quis
1118 4985 1254 5040 ergo
1282 4968 1626 5026 nullatenus
1652 4970 1916 5026 concedit
1938 4987 2138 5042 pecca-

494 5063 623 5115 tum
644 5059 1278 5124 exsistere,necessario
1310 5061 1366 5113 et
1395 5058 1634 5114 tertium
1649 5058 1939 5130 judicium
1969 5060 2041 5115 ob
2074 5077 2140 5116 ea

494 5152 649 5204 recte
677 5148 1133 5221 exspectandum
1154 5150 1281 5218 .est.
1317 5145 1424 5213 Qui
1472 5163 1605 5203 cum
1638 5146 1842 5205 Petrus
1874 5148 2134 5219 dixisset,

2264 3370 2336 3424 06
2364 3368 2556 3425 εἷ’νεκεν
2588 3372 2956 3444 παραιτεῖσθαι
3006 3372 3142 3447 χρὴ,
3193 3372 3266 3433 ὠς
3318 3370 3474 3451 ἔφην,
3522 3375 3780 3451 βραχείας
3815 3379 3918 3453 χά-

2263 3478 2344 3533 ριν
2380 3456 2581 3529 ἡδονῆς
2611 3457 2781 3515 ἄλλον
2816 3457 2999 3515 ἄδικον
3023 3460 3158 3536 πρὸς
3185 3461 3247 3516 τὸ
3272 3462 3347 3534 μή
3381 3462 3541 3518 αὐτόν
3571 3484 3692 3519 τινα
3713 3465 3914 3543 ὀλίγης

2260 3546 2420 3623 χάριν
2452 3545 2655 3617 ἡδονῆς
2686 3545 2845 3621 ἀϊδίῳ
2874 3544 3189 3626 περιϐαλεῖν
3228 3548 3473 3609 κολάσει.
3506 3553 3603 3607 Καὶ
3635 3554 3664 3609 6
3695 3554 3910 3628 Σίμων·

2261 3638 2398 3706 Ηήτι
2431 3634 2522 3691 06v
2554 3636 2653 3692 οὐκ
2695 3635 2803 3693 ἔστι
2850 3642 2920 3711 τῇ
2965 3637 3120 3717 φύσει
3167 3640 3406 3714 πονηρὸν
3438 3641 3473 3709 ἢ
3506 3640 3722 3717 ἀγαθὸν,
3765 3641 3915 3700 ἀλλὰ

2258 3725 2414 3798 νόμῳ
2440 3722 2679 3803 διαφέρει
2711 3726 2801 3781 καὶ
2834 3722 2938 3782 ἔθει
2964 3746 2977 3795 ;
3012 3726 3211 3801 [Οὕτω]
3243 3731 3287 3765 ⁶⁰
3314 3730 3462 3804 παρᾶ
3488 3729 3719 3806 Πέρσαις
3772 3729 3911 3789 ἴδιον

2259 3814 2320 3868 τὸ
2374 3820 2565 3890 γαμεῖν
2629 3814 2886 3890 μητέρας,
2938 3812 3196 3893 ἀδελφὰς,
3258 3817 3574 3893 θυγατέρας,
3626 3817 3799 3882 ἄλλας
3854 3818 3916 3877 δὲ

2259 3901 2438 3979 ὥσπερ
2490 3902 2907 3979 χαλεπώτ[ατον
2959 3904 3316 3981 ἀ]γορεύεται.
3366 3908 3519 3961 Ὅθεν
3570 3912 3679 3963 τῶν
3727 3914 3909 3964 κακῶν

2261 4002 2336 4065 μή
2390 3992 2706 4068 ὡρισμένων
2755 3998 2883 4047 πᾶσι
2931 3993 3050 4062 τὴν
3089 3993 3148 4047 ἐκ
3195 3998 3325 4048 Θεοῦ
3371 3994 3547 4070 κρίσιν
3600 3993 3907 4071 προσδοκᾷν

2257 4080 2355 4135 οὐκ
2403 4078 2563 4136 ἔστιν.
2607 4081 2706 4135 Καὶ
2739 4082 2767 4136 6
2799 4081 2999 4157 Πέτρος
3050 4080 3173 4152 ἔφη·
3222 4082 3295 4136 Οῦ
3345 4080 3564 4138 δύναται
3613 4089 3775 4140 τοῦτο
3818 4107 3913 4141 συ-

2254 4177 2460 4240 στῆναι·
2494 4176 2621 4231 πᾶςι
2652 4171 2753 4247 γὰρ
2787 4170 3048 4248 φαίνεται,
3083 4169 3165 4226 ὅτι
3214 4172 3276 4227 τὸ
3333 4172 3568 4247 μητράσι
3622 4173 3907 4249 μίγνυσθαι

2259 4259 2517 4333 μυσαρὸν,
2543 4258 2638 4313 κᾶν
2668 4258 2888 4333 Πέρσαι,
2943 4258 3133 4335 μόριον
3181 4259 3519 4337 ὑπάρχοντες
3558 4267 3654 4317 τοῦ
3683 4264 3909 4338 παντὸς,

2257 4348 2359 4402 ὑπὸ
2413 4353 2581 4402 κακοῦ
2638 4345 2793 4410 ἔθους
2849 4354 2947 4417 τῆς
3009 4354 3249 4424 μυσαρᾶς
3307 4349 3483 4404 αὐτῶν
3542 4350 3787 4427 πράξεως
3841 4353 3907 4407 τὸ

2255 4433 2456 4509 ἄνομον
2493 4438 2568 4510 μὴ
2602 4431 3105 4510 ἀντιλαμϐάνωνται
3135 4439 3199 4492 ⁶⁰.
3233 4438 3322 4500 Ὧς
3360 4437 3449 4492 καὶ
3483 4439 3768 4513 Βρεττανοὶ
3803 4440 3906 4514 ἂμ.-

2254 4531 2432 4604 φανῶς
2490 4525 2578 4581 ἐπὶ
2640 4525 2845 4581 πάντων
2896 4530 3269 4594 κοινωνοῦσιν,
3326 4526 3414 4582 καὶ
3468 4526 3567 4583 οῦκ
3603 4526 3905 4585 αἰδοῦνται·

2252 4614 2341 4670 καὶ
2401 4612 2563 4671 ἄλλοι
2624 4616 2821 4690 σάρκας
2879 4615 3177 4691 ἀνθρώπων
3230 4614 3522 4687 ἐσθίουσιν,
3569 4618 3659 4672 καὶ
3707 4617 3769 4672 οὐ
3806 4640 3909 4691 μυ-

2252 4704 2549 4758 σάττονται·
2594 4704 2745 4760 889
2779 4702 2868 4757 καὶ
2916 4699 3091 4779 ἕτεροι
3140 4704 3206 4758 τὰ
3251 4709 3429 4759 κυνῶν
3474 4704 3564 4759 καὶ
3613 4702 3759 4761 ἄλλα
3805 4707 3903 4783 ἄῤ-

2254 4790 2390 4867 ῥητα
2419 4792 2745 4867 πράσσουσιν
2777 4794 2845 4848 ⁶¹.
2880 4791 3063 4854 Οὕτως
3093 4792 3155 4847 οὐ
3185 4794 3297 4868 χρὴ
3330 4792 3576 4865 αἰσθήσει
3621 4794 3723 4849 ὑπὸ
3749 4793 3905 4859 ἔθους

2246 4885 2344 4936 τοῦ
2402 4881 2537 4934 κατὰ
2593 4878 2749 4958 φύσιν
2802 4879 3122 4957 ἐκτραπείσῃ
3177 4882 3273 4944 τὰς
3330 4882 3535 4959 κρίσεις
3581 4886 3895 4945 ποιεῖσθαι,

2250 4968 2349 5022 Καὶ
2390 4968 2492 5044 γὰρ
2539 4968 2601 5022 τὸ
2651 4969 2973 5040 φονευθῆναι
3022 4970 3183 5024 κακὸν
3234 4970 3399 5043 ἐστιν,
3446 4972 3543 5026 κᾶν
3595 4973 3673 5045 μὴ
3702 4974 3903 5037 πάντες

2253 5056 2505 5133 λέγωσιν,
2540 5054 2622 5111 ὅτι
2658 5052 2851 5129 μηδεὶς
2882 5056 3199 5113 αὐτοπαθεῖν
3230 5057 3397 5134 θέλει,
3428 5059 3517 5115 καὶ
3570 5059 3753 5132 κλοπῆ
3805 5061 3899 5117 οὖ-

2249 5144 2358 5208 δεὶς
2389 5144 2475 5201 ἐπὶ
2505 5149 2574 5220 τῇ
2608 5146 2798 5200 ἑαυτοῦ
2826 5142 3047 5201 κολάσει
3096 5144 3305 5215 ἥδεται.
3341 5147 3443 5205 Κᾶν
3494 5147 3589 5204 οὖν
3640 5148 3757 5214 ἑνὸς
3803 5150 3900 5206 οὗ·

1847 5306 2090 5363 νΑΒΙιΕ
2129 5305 2542 5365 LECTIONES.

635 5412 749 5493 ἔχει
879 5420 924 5502 δέ
953 5416 1051 5473 οὐκ
1097 5419 1335 5502 adjunxi
1366 5422 1902 5502 exconjectura,“
1933 5423 2046 5502 Ita_
2062 5422 2173 5495 leg.
2217 5426 2383 5502 nptat
2408 5420 2457 5489 Ο
2490 5419 2547 5502 in
2600 5419 2883 5502 margine,
2909 5420 3091 5502 μήτοι
3141 5441 3203 5495 γε
3250 5424 3308 5502 in
3362 5427 3545 5502 textu.
3591 5421 3784 5502 “H19!
3828 5431 3890 5485 Ο.

488 5489 531 5569 ξ⁷
562 5485 918 5563 ὅτι’ἆεοι’ἱρ8ἰ
950 5508 1018 5546 ex
1046 5485 1397 5569 confectura.
1418 5492 1478 5569 _”
1510 5485 1743 5569 Σικαίως
1789 5493 1880 5569 16v
1910 5497 2090 5555 κακῶς
2116 5485 2610 5569 νπροδιωρισμένρν
2656 5485 2787 5569 (si?)
3065 5485 3210 5565 ἔχειν
3257 5493 3502 5558 εἰπόντος
3533 5502 3592 5552 Ο.
3625 5498 3672 5533 ⁸⁸
3698 5498 3895 5569 Supra

489 5560 784 5644 lacunam,
818 5559 993 5644 quam
1027 5562 1399 5644 explevivox.
1416 5564 1603 5635 [ουτω]
1633 5566 1801 5644 signa
1833 5566 1853 5583 '
1883 5559 2194 5644 apparent:
2233 5559 2502 5644 FortaSSe
2551 5559 2995 5644 legendum'nﬁj]
3044 5559 3239 5644 nbhne_
3269 5572 3324 5621 et
3369 5569 3603 5644 signum
3651 5559 3893 5644 interro-

484 5632 665 5705 gandi
724 5633 782 5687 in
840 5632 957 5688 fine
1013 5632 1435 5690 enuntiationié
1494 5632 1851 5706 patiendum.
1907 5632 2496 5707 ⁶⁰’ἀντιλαμοάνονται

485 5721 810 5780 πρασσουσιν
838 5707 900 5757 Ο.

2545 5628 2698 5689 ΟΪ⁶⁸
2749 5634 2838 5687 καὶ
2886 5628 3061 5708 ἕτεροι
3106 5639 3281 5691 κυνῶν
3327 5628 3630 5693 καὶνᾶλλοι
3679 5636 3893 5715 ἄῤῥητα
