4140 6344
232 419 357 480 Mi

1355 415 1884 479 CLEMENTINA.
1917 448 1996 463 -—
2024 416 2358 481 HOMILIA
2399 419 2559 482 XIX.

3537 418 3656 477 442

238 546 451 620 δήποτε
484 545 929 624 ὁμολογουμένου
970 546 1099 603 εἶναι
1150 548 1536 624 ἁμαρτήματα,
1569 546 1619 619 ἐξ
1664 547 1895 624 ἀνάγκης

2021 552 2310 624 respondit
2340 552 2540 609 Simon
2566 571 2579 609 :
2614 552 2713 609 Dic
2736 551 2903 621 mihi,
2937 567 3013 607 an
3047 550 3117 607 de
3144 548 3299 606 malo
3330 549 3412 606 ita
3442 548 3548 606 tibi
3580 550 3661 605 vi-

232 640 326 693 καῖ
379 637 572 714 τρίτην
623 635 797 712 κρίσιν
852 637 987 712 πρὸς
1035 637 1103 692 τὰ
1161 639 1525 714 ἁμαρτήματα
1571 636 1743 714 ὀρθῶς
1792 634 1901 692 ἔστι

2014 641 2263 696 deatur?

236 725 571 803 προσδοκᾷν.
602 731 780 782 Ταῦτα
806 731 902 781 τοῦ
934 725 1137 802 Πέτρου
1168 725 1433 797 εἰπόντος,
1466 728 1494 782 6
1528 726 1713 800 Σίμων
1748 726 2086 804 ἀπεκρίνατο·
2123 728 2306 792 Οὕτως
2340 751 2422 784 σοι
2475 727 2625 785 δοκεῖ
2671 730 2737 785 τὰ
2765 729 2900 784 κατὰ
2927 748 3018 784 τον
3053 729 3291 803 πονηρὸν
3321 727 3453 782 εἶναι
3488 725 3663 798 ;Εἷ’πέ

290 838 366 873 οι.

290 838 366 873 οι.

243 838 430 962 μΧΧ.
466 904 565 960 Καὶ
614 904 642 959 6
686 903 910 980 Πέτρος·
961 905 1299 977 Μεμνήμεθα
1337 909 1435 960 τοῦ
1488 904 1691 982 Κυρίου
1740 907 1901 978 ἡμῶν

242 995 337 1050 καὶ
388 992 753 1066 Διδασκάλου,
806 994 882 1055 ὡς
958 992 1348 1067 ἐντελλόμενος
1416 994 1561 1049 εἶπεν
1628 997 1786 1068 ἡμῖν·
1834 995 1909 1049 Τὰ

243 1085 521 1159 μυστήρια
548 1083 673 1156 ἐμοὶ
703 1082 793 1138 καὶ
822 1087 937 1144 τοῖς
966 1083 1106 1144 υἱοῖς
1136 1087 1234 1137 τοῦ
1266 1079 1419 1138 οἷῖιου
1464 1104 1568 1156 μου
1617 1082 1903 1163 φυλάξατε.

238 1174 340 1228 Διὸ
386 1173 479 1227 καὶ
535 1178 654 1234 τοῖς
711 1171 876 1227 αὐτοῦ
929 1173 1197 1245 μαθηταῖς
1242 1172 1358 1227 κατ’
1392 1170 1529 1227 ἰδίαν
1562 1171 1759 1229 έπέλυε
1806 1179 1905 1243 τῆς

236 1266 352 1317 τῶν
395 1261 635 1337 οὐρανῶν
684 1259 964 1337 βασιλείας
1009 1261 1078 1315 τὰ
1131 1262 1404 1336 μυστήρια
1432 1264 1499 1318 ⁵³.
1534 1262 1631 1317 Σοὶ
1683 1259 1761 1335 δὲ,
1810 1283 1906 1317 πο-

240 1350 513 1424 λεμοῦντι
561 1353 709 1423 ἡμᾶς
759 1349 848 1404 καὶ
903 1347 1069 1422 μηδὲν
1119 1347 1300 1426 ἓτερον
1355 1348 1733 1406 διασκοποῦντι
1772 1351 1807 1421 ἢ
1838 1353 1907 1406 τὰ

242 1440 493 1513 ἡμέτερα
540 1436 646 1493 εἷ’τε
694 1438 875 1507 ἀληθῆ
926 1432 1073 1508 ὄντα,
1126 1435 1232 1493 εἶίτε
1272 1436 1465 1512 ψευδῆ,
1508 1440 1575 1494 τὰ
1622 1438 1907 1515 ἀπόρῥητα

243 1526 454 1602 λέγειν,
486 1523 695 1583 ἀσεϐεῖν
744 1526 908 1581 ἐστίν.
941 1526 1097 1584 Ἀλλ’
1138 1524 1231 1581 ἵνα
1282 1528 1357 1600 μή
1392 1525 1586 1600 δόξωσί
1625 1549 1767 1590 τινες
1796 1533 1902 1583 τῶν

242 1618 635 1692 παρεστώτων,
666 1615 749 1672 ὅτι
781 1613 1027 1670 ἀδυνατῶ
1055 1615 1195 1691 πρὸς
1243 1617 1309 1669 τὰ
1359 1615 1462 1671 ὑπὸ
1522 1621 1617 1672 σοῦ
1678 1616 1908 1691 ῥηθέντα

241 1705 637 1782 ἀποκρίνασθαι
682 1703 1027 1782 (προφάσεως
1086 1701 1560 1779 διαμηχανῶμαι),
1616 1705 1721 1779 ἐρῶ
1768 1706 1903 1782 πρό-

240 1815 408 1868 τερον
460 1793 861 1867 πυνθανόμενός
910 1814 1029 1860 σου,
1072 1793 1118 1848 εἰ
1162 1794 1226 1848 τὸ
1260 1795 1336 1866 μὴ
1387 1793 1574 1868 ἀλγεῖν
1624 1795 1710 1866 ἦν,
1741 1794 1794 1849 τί
1843 1794 1902 1851 ἄν

246 1883 393 1939 ἑστιν
421 1884 488 1952 ἦν
530 1885 559 1937 6
608 1882 871 1959 πονηρός.
906 1882 1003 1936 Καὶ
1053 1883 1081 1937 6
1132 1882 1319 1954 Σίμων
1373 1880 1496 1960 ἔφη·
1531 1881 1714 1940 Οὐδέν.
1745 1884 1843 1939 Καὶ
1875 1885 1903 1940 6

249 1972 478 2044 Πέτρος·
506 1973 647 2047 Ἀρά
688 1993 749 2048 γε
794 1973 857 2026 τὸ
903 1972 1145 2047 πονηρὸν
1193 1971 1256 2025 τὸ
1307 1971 1491 2047 ἀλγεῖν
1543 1973 1652 2028 ἔστι
1698 1974 1787 2028 καὶ
1842 1974 1905 2029 τὸ

243 2064 466 2156 θανεῖν.)
499 2062 598 2117 Καὶ
656 2063 684 2116 6
745 2060 952 2134 Σίμων·
1016 2059 1293 2117 Φαίνεται.
1348 2061 1443 2117 Καὶ
1502 2062 1530 2115 6
1588 2062 1791 2136 Πέτρος
1836 2066 1900 2121 ⁶⁴.
1938 2092 1985 2156 Β

245 2151 361 2206 οὐκ
417 2149 519 2227 ἄρα
575 2150 807 2226 ὑπάρχει
856 2150 918 2204 τὸ
961 2150 1202 2225 πονηρὸν
1273 2149 1377 2221 ἀεὶ,
1430 2149 1558 2206 ἀλλ’
1607 2149 1732 2205 οὐδὲ
1800 2153 1905 2226 μὴν

245 2241 483 2315 ὑπάρξαι
551 2236 792 2293 δύναται·
836 2237 899 2292 τὸ
948 2239 1052 2314 γὰρ
1102 2237 1343 2313 ἀλγῆσαι
1411 2239 1502 2293 καὶ
1552 2241 1724 2295 θανεῖν
1797 2244 1906 2296 τῶν

246 2322 661 2401 συμϐαινόντων
711 2327 757 2362 ⁸⁸
810 2323 972 2393 ἐστὶν,
1003 2325 1074 2379 ὧν
1134 2323 1413 2400 ούθέτερὸν
1466 2325 1575 2381 ἐστι
1626 2328 1908 2402 παρούσης

249 2419 409 2475 ³91)
439 2415 757 2477 εύσθενείας.
787 2414 847 2469 Τί
877 2416 922 2450 ⁸⁸
950 2415 1050 2490 γάρ
1083 2413 1222 2469 έστιν
1254 2411 1443 2489 ἀλγεῖν
1475 2414 1509 2483 ἢ
1539 2415 1602 2469 τὸ
1634 2415 1906 2491 ἀναρμοσ-

245 2511 362 2560 τεῖν
389 2524 403 2574 ;
436 2504 498 2559 τί
529 2502 585 2558 δὶ
617 2505 842 2564 θάνατος
870 2502 907 2571 ἢ
940 2502 1226 2578 χωρισμὸς
1254 2505 1440 2577 ψυχῆς
1478 2502 1585 2557 ἀπὸ
1615 2504 1905 2577 σώματος,

250 2592 379 2651 οῧτ⁹
408 2594 501 2648 οὗν
531 2591 795 2669 ἁρμονίας
827 2588 994 2661 οὔσης
1025 2590 1087 2646 16
1117 2588 1303 2666 ἀλγεῖν
1332 2587 1575 2647 ἔστιν’·τὸ
1596 2592 1700 2668 γὰρ
1732 2594 1907 2647 θανεῖν

251 2680 382 2738 οὐδὲ
435 2679 583 2743 ὅλως
628 2684 739 2736 τῶν
791 2680 1074 2753 ὑπαρκτῶν
1127 2678 1288 2747 ἐστὶν,
1336 2678 1418 2735 ὅτι
1468 2681 1691 2743 θάνατος
1752 2678 1905 2737 οὐδέν

252 2770 420 2837 ἐστιν,
454 2770 530 2833 ὡς
562 2768 721 2847 ἔφην,
752 2770 788 2838 ἢ
819 2768 1108 2845 χωρισμὸς
1146 2770 1329 2845 ψυχῆς
1380 2768 1486 2824 ἀπὸ
1535 2770 1811 2843 σώματος,
1846 2770 1908 2826 οὗ

251 2855 583 2933 συμϐάντος,
613 2858 677 2913 τὸ
711 2858 805 2931 μὶν
840 2862 1000 2930 σῶμα
1035 2856 1187 2934 φύσει
1220 2856 1542 2929 ἀναίσθητον
1589 2859 1646 2913 ὃν
1698 2858 1905 2931 λύεται,

249 2952 285 3020 ὴ
319 2947 380 3004 δὲ
408 2949 565 3024 ψυχή
598 2947 827 3017 αἰσθητή
872 2946 1007 3001 οὖσα
1056 2950 1199 3016 ζῶσα
1240 2946 1496 3023 ὑπάρχει.
1528 2949 1682 3003 Ὅθεν
1730 2950 1907 3023 ἁρμο-

245 3038 371 3101 νίας
400 3034 567 3107 οὔσης
599 3036 698 3091 οὐκ
726 3035 915 3110 ἀλγεῖν
945 3030 1104 3106 ἔστιν,
1138 3035 1238 3090 οὐκ
1267 3035 1573 3109 ἀποθανεῖν,
1606 3034 1735 3092 ἀλλ’
1783 3036 1909 3093 οὐδὲ

254 3130 365 3200 μὴν
397 3126 618 3202 βοτάναι
649 3124 956 3197 θανάσιμοι,
991 3124 1096 3199 οὐχ
1127 3124 1323 3199 ἑρπετὰ
1354 3120 1573 3197 ἰοϐόλα,
1607 3123 1731 3181 οὐδὲ
1766 3124 1908 3183 ἄλλο

252 3236 305 3271 τι
342 3220 612 3283 τοιοῦτον,
655 3214 717 3269 οὗ
771 3215 835 3269 τὸ
885 3210 1045 3275 τέλος
1100 3213 1348 3276 θάνατος.
1403 3217 1557 3279 Ὅθεν
1621 3216 1909 3279 ἀθανασίας

254 3303 652 3379 ἐπικρατούσης
708 3300 957 3378 εὐλόγως
1008 3301 1182 3358 πάντα
1254 3304 1515 3379 γεγονότα
1594 3306 1907 3382 φανήσεται.

252 3397 427 3469 ’Όπερ
484 3393 573 3448 καὶ
632 3392 805 3454 οὕτως
865 3389 1031 3463 ἔσται,
1086 3391 1283 3446 ὁπόταν
1362 3390 1705 3463 δικαιοσύνης
1767 3394 1911 3467 αἰτίᾳ

256 3483 287 3538 6
320 3454 603 3558 ἄνθρωπος
658 3481 919 3545 ἀθάνατος
977 3454 1197 3555 γένηται
1252 3488 1352 3550 τῆς
1410 3486 1505 3535 τοῦ
1562 3454 1796 3557 Χριστοῦ
1843 3454 1989 3538 εῖζο

259 3572 535 3648 ρηνι[κῆς]
583 3568 975 3644 ἐπικρατούσης
1027 3568 1325 3645 βασιλείας·
1376 3568 1465 3625 ὅτε
1530 3571 1694 3626 αὐτοῦ
1739 3571 1829 3626 καὶ
1877 3574 1912 3643 ἢ

260 3666 458 3737 κρᾶσις
516 3655 775 3734 εὔκρατός
835 3655 1115 3731 έστιν,’ίνα
1177 3659 1250 3731 μή
1312 3658 1484 3729 ὀξείας
1514 3659 1664 3738 [φύῃ]
1716 3660 1910 3737 ὁρμάς·

262 3746 342 3805 ἔτι
375 3747 555 3803 τεκαὶ
609 3751 811 3822 γνῶσις
880 3744 1195 3818 ἄπταιστος,
1221 3745 1316 3803 ’ίνα
1366 3750 1440 3822 μή
1487 3753 1674 3804 τιτῶν
1733 3748 1911 3805 κακῶν

260 3839 338 3900 ὡς
369 3837 566 3913 ἀγαθὸν
616 3838 1022 3912 π[ικροποιοῦν]
1054 3839 1098 3873 ⁸⁸
1144 3857 1202 3890 τε
1251 3834 1450 3912 ἀλγοῦν
1500 3832 1668 3911 ἔσται,
1694 3835 1785 3893 ἵνα
1833 3840 1909 3913 μή

254 3927 453 3997 θνητὸς
484 3925 519 4001 ᾗ
530 3970 543 3981 .

330 4021 469 4071 XXI.
504 4014 602 4070 Καὶ
652 4014 680 4067 6
736 4012 922 4083 Σίμων
958 4009 1082 4087 ἔφη·
1130 4017 1305 4068 Ταῦτα
1365 4014 1459 4087 μὶν
1522 4014 1697 4089 ὀρθῶς
1753 4012 1909 4095 ἔφης·

256 4103 405 4172 πλὴν
466 4102 518 4157 έν
571 4107 652 4174 τῷ
707 4107 798 4155 νῦν
852 4101 1047 4175 κόσμῳ
1078 4101 1145 4156 οὐ
1177 4101 1325 4158 δοκεῖ
1354 4124 1437 4157 σοι
1475 4105 1677 4167 παντὸς
1709 4108 1910 4170 πάθους

254 4191 503 4255 δεκτικὸς
550 4191 679 4247 εἶναι
732 4192 761 4246 6
812 4189 1129 4265 ἄνθρωπος;
1165 4190 1318 4268 Λέγω
1368 4190 1425 4247 δὲ
1473 4192 1778 4268 ἐπιθυμίας,
1814 4195 1913 4272 ὀρ-

252 4289 385 4357 γῆς,
446 4280 629 4351 λύπης
680 4280 772 4335 καὶ
827 4284 935 4334 τῶν
984 4280 1271 4336 τοιούτων.
1323 4281 1420 4335 Καὶ
1468 4283 1495 4336 6
1550 4282 1770 4358 Πέτρος·
1812 4284 1909 4340 Kal

249 4376 423 4426 ταῦτα
477 4375 584 4425 τῶν
630 4364 1034 4442 συμϐαινόντων
1088 4368 1246 4442 ἐστὶν,
1307 4369 1369 4425 ού
1420 4375 1527 4431 τῶν
1580 4371 1659 4427 ἀεὶ
1717 4367 1908 4446 ὄντων,

251 4458 554 4535 χρησίμως
601 4456 659 4514 δὲ
704 4462 773 4532 τῇ
823 4461 977 4533 ψυχῇ
1026 4453 1392 4531 συμϐαίνοντα
1419 4464 1510 4514 νῦν
1543 4461 1906 4535 εὑρεθήσεται,

250 4550 387 4606 Ἥτε
418 4550 522 4623 γὰρ
564 4546 824 4621 ἐπιθυμία
877 4546 936 4602 ἐκ
976 4551 1072 4601 τοῦ
1113 4546 1284 4602 πάντα
1327 4547 1511 4611 καλῶς
1563 4546 1908 4625 δημιουργή-

250 4659 443 4699 σαντος
474 4631 790 4709 συμϐαίνειν
814 4637 895 4707 τῷ
951 4637 1077 4709 ζώῳ
1124 4636 1434 4712 γεγένηται,
1469 4636 1561 4693 ’ίνα
1608 4639 1696 4694 ὑπ’
1744 4639 1911 4710 αὐτῆς

251 4726 524 4800 ἀγόμενον
572 4725 709 4801 πρὸς
758 4725 1045 4779 κοινωνίαν
1095 4727 1194 4794 τήν
1240 4726 1637 4801 ἀνθρωπότητα
1679 4731 1723 4765 ⁸⁷
1763 4727 1907 4800 πλη-

2086 909 2199 964 ΧΧ.
2236 910 2384 965 Tum
2434 914 2679 966 Petrus:
2727 909 3143 978 Recordemur,
3196 907 3510 963 Dominum
3562 924 3668 964 no-

2017 1001 2203 1053 strum
2237 1003 2293 1053 et
2325 999 2669 1070 Magistrum
2730 998 2896 1053 nobis
2955 996 3340 1069 praecepisse:
3391 996 3666 1069 Mysteria

2017 1086 2161 1142 mihi
2186 1094 2242 1143 et
2272 1086 2407 1142 filiis
2439 1088 2648 1143 domus
2672 1104 2817 1143 mea:
2846 1086 3153 1142 custodite.
3186 1089 3373 1149 Quare
3404 1090 3461 1141 et
3484 1086 3662 1141 disci-

2016 1176 2172 1250 pulis
2203 1176 2328 1232 suis
2359 1193 2625 1232 seorsum
2666 1176 2827 1248 regni
2877 1174 3128 1230 caelestis
3159 1174 3435 1247 mysteria
3482 1174 3660 1247 expli-

2016 1266 2306 1337 cabat(a).
2366 1272 2441 1320 At
2487 1266 2734 1337 impium
2786 1269 2961 1332 esset,
3012 1263 3059 1319 si
3118 1263 3505 1318 revelaremus
3551 1262 3661 1318 tibi

2014 1355 2352 1421 ineffabilia,
2385 1353 2715 1409 adversanti
2750 1353 2919 1408 nobis
2967 1358 3024 1407 et
3072 1352 3217 1407 nihil
3270 1351 3429 1407 aliud
3479 1351 3664 1424 dispi-

2016 1444 2187 1499 cienti
2216 1459 2391 1515 quam
2426 1444 2585 1498 dicta
2616 1446 2815 1498 nostra
2847 1442 2965 1497 sive
2998 1458 3131 1496 vera
3153 1440 3272 1496 sive
3304 1441 3472 1497 falsa.
3506 1442 3667 1497 Atta-

2019 1548 2150 1588 men
2184 1548 2255 1587 ne
2311 1531 2816 1587 circumstantium
2866 1529 3046 1602 aliqui
3087 1530 3346 1596 credant,
3404 1545 3496 1584 me
3549 1545 3665 1584 non

2016 1637 2189 1693 posse
2219 1621 2567 1692 respondere
2607 1638 2641 1675 a
2668 1625 2726 1675 te
2773 1619 3014 1691 prolatis
3047 1618 3456 1690 (similitudine
3488 1618 3661 1689 utor),

2017 1710 2401 1781 respondebo,
2434 1709 2667 1781 quando
2696 1726 2763 1764 ex
2794 1714 2850 1763 te
2880 1708 3172 1778 audivero,
3205 1707 3343 1778 quid
3372 1706 3662 1779 significet

2015 1803 2133 1855 erat
2178 1799 2380 1863 malus,
2423 1799 2473 1853 si
2528 1814 2640 1853 non
2690 1798 2874 1853 dolere
2931 1801 3073 1851 erat.
3126 1800 3191 1851 Et
3244 1796 3440 1851 Simon
3474 1794 3657 1852 dixit:

2016 1887 2192 1943 Nihil.
2217 1888 2364 1942 Tum
2390 1887 2589 1942 Petrus
2618 1904 2631 1943 :
2665 1886 2814 1941 Num
2840 1884 3033 1941 dolere
3054 1889 3110 1940 et
3132 1884 3278 1939 mori
3298 1883 3519 1940 malum
3542 1884 3663 1940 est?

2019 1976 2338 2048 Respondit
2366 1974 2609 2030 Simon:
2668 1976 2754 2029 Ita
2809 1990 2938 2030 esse
2994 1974 3244 2028 videtur.
3287 1973 3356 2027 Et
3417 1974 3655 2028 Petrus:

2016 2064 2139 2119 Non
2172 2064 2352 2135 igitur
2374 2063 2595 2119 malum
2628 2079 2860 2135 semper
2882 2054 3119 2131 exstitit,
3152 2062 3251 2116 sed
3277 2078 3348 2116 ne
3370 2061 3664 2116 exstitisse

2018 2153 2255 2226 quidem
2299 2157 2525 2225 potest;
2560 2169 2697 2208 nam
2750 2151 2943 2207 dolere
2986 2156 3042 2206 et
3077 2150 3224 2205 mori
3276 2150 3661 2206 accidentium

2018 2246 2177 2310 sunt,
2210 2258 2460 2313 quorum
2486 2246 2759 2297 neutrum
2793 2240 3061 2312 praesenti
3094 2239 3272 2294 saluti
3304 2243 3393 2294 est
3422 2240 3665 2309 conjun-

2017 2336 2198 2386 ctum.
2234 2331 2380 2396 Quid
2412 2331 2569 2387 enim
2600 2335 2693 2385 est
2739 2329 2933 2385 dolere
2983 2328 3099 2384 nisi
3152 2345 3264 2384 non
3298 2344 3617 2400 congruere
3639 2327 3667 2382 ?

2016 2419 2163 2485 Quid
2224 2424 2419 2475 autem
2480 2436 2660 2485 mors,
2694 2419 2805 2475 nisi
2838 2418 3123 2491 separatio
3154 2417 3362 2472 animae
3395 2434 3429 2471 a
3457 2432 3663 2488 corpo-

2017 2525 2077 2565 re
2098 2509 2126 2564 ‘I
2153 2508 2350 2581 Neque
2376 2509 2578 2581 igitur,
2609 2508 2659 2565 si
2681 2507 2988 2563 harmonia
3006 2506 3251 2573 exsistit,
3280 2504 3660 2573 dolorintrat;

2016 2615 2154 2653 nam
2176 2598 2325 2653 mori
2347 2614 2417 2654 ne
2438 2598 2678 2653 omnino
2700 2596 2935 2669 quidem
2956 2595 3366 2652 exsistentium
3389 2598 3497 2662 est,
3524 2592 3666 2666 quia

2018 2703 2178 2743 mors
2198 2686 2345 2742 nihil
2367 2686 2525 2743 aliud
2549 2690 2658 2751 est,
2681 2690 2746 2741 ut
2765 2685 2903 2753 dixi,
2929 2701 3108 2757 quam
3141 2683 3432 2757 separatio
3455 2681 3664 2739 animas

2018 2792 2053 2832 a
2080 2792 2341 2848 corpore,
2374 2792 2503 2847 quae
2536 2792 2669 2830 cum
2701 2774 2910 2845 evenit,
2956 2790 3167 2846 corpus
3200 2772 3437 2845 quidem
3486 2788 3666 2828 sensu

2017 2880 2221 2936 expers
2252 2864 2616 2931 dissolvitur,
2651 2863 2847 2919 anima
2877 2867 3073 2918 autem
3114 2879 3291 2918 sensu
3343 2861 3547 2916 affecta
3573 2859 3666 2916 vi-

2014 2969 2147 3009 vere
2174 2953 2378 3025 pergit.
2413 2955 2600 3020 Quare
2625 2969 2812 3024 neque
2840 2952 3005 3008 dolor
3054 2952 3221 3007 adest
3263 2967 3451 3022 neque
3482 2966 3663 3017 mors,

2017 3042 2116 3097 ubi
2150 3041 2458 3097 harmonia
2486 3042 2705 3106 existit,
2738 3042 2837 3097 sed
2888 3057 2960 3097 ne
3008 3040 3215 3112 plantaa
3266 3039 3504 3112 quidem
3533 3037 3663 3093 leti-

2017 3130 2147 3185 ferze
2179 3135 2337 3200 sunt,
2396 3146 2584 3203 neque
2637 3129 2867 3202 reptilia
2923 3132 3227 3193 venenata,
3287 3143 3473 3198 neque
3501 3125 3663 3181 aliud

2017 3217 2228 3273 horum
2261 3219 2605 3291 quidquam,
2653 3233 2901 3289 quorum
2954 3217 3087 3271 finis
3118 3220 3207 3272 est
3263 3232 3442 3271 mors.
3498 3215 3669 3269 Unde

2019 3308 2218 3363 omnia
2255 3313 2405 3363 recte
2427 3314 2617 3363 creata
2638 3307 2910 3362 videntur
2938 3304 3285 3377 praevalente
3317 3302 3667 3359 immortali-

2024 3399 2162 3451 tate.
2189 3398 2256 3451 Et
2276 3396 2384 3451 hoc
2407 3396 2490 3451 ita
2509 3396 2751 3463 eveniet,
2771 3395 3003 3467 quando
3019 3393 3263 3466 justitiae
3285 3392 3473 3467 gratia
3492 3392 3668 3447 homo

2028 3484 2376 3541 immortalis
2408 3485 2495 3552 fit,
2528 3500 2704 3555 regno
2752 3484 2963 3539 Christi
3013 3482 3253 3555 paciﬁco
3301 3481 3668 3554 praevalente,

2024 3574 2500 3646 quandoquidem
2548 3578 3077 3646 temperamentum
3107 3574 3235 3644 ejus
3267 3572 3407 3627 mite
3454 3576 3563 3637 est,
3596 3586 3668 3627 ne

2024 3679 2186 3719 acres
2217 3668 2478 3735 procreet
2505 3664 2875 3736 cupiditates,
2909 3662 3151 3735 insuper
3171 3660 3348 3717 etiam
3379 3660 3666 3733 sapientia

2022 3769 2139 3807 non
2168 3769 2429 3823 errones,
2464 3757 2528 3808 ut
2552 3752 2696 3807 nihil
2721 3750 3005 3807 malorum
3026 3756 3304 3822 tanquam
3337 3750 3558 3805 bonum
3590 3750 3661 3804 ad

2023 3841 2363 3898 servitutem
2394 3841 2481 3897 vel
2539 3842 2799 3898 dolorem
2860 3841 3025 3909 ferat,
3083 3840 3165 3896 ita
3194 3845 3259 3895 ut
3313 3838 3411 3895 ille
3442 3855 3556 3894 non
3588 3837 3665 3893 sit

2022 3930 2308 3986 mortalis.

2090 4020 2231 4076 XXI.
2277 4019 2599 4092 Respondit
2626 4020 2865 4075 Simon:
2931 4021 3058 4075 Haec
3106 4018 3344 4091 quidem
3388 4020 3549 4087 recte
3581 4015 3667 4070 di-

2019 4109 2177 4165 xisti.
2208 4113 2283 4164 At
2312 4109 2487 4164 homo
2517 4109 2577 4163 in
2610 4109 2718 4165 hoc
2768 4109 2988 4164 mundo
3039 4124 3231 4163 nonne
3270 4106 3379 4161 tibi
3408 4104 3669 4176 cujusvis

2022 4197 2162 4253 mali
2193 4214 2374 4269 capax
2402 4214 2531 4254 esse
2578 4198 2808 4253 videtur
2828 4197 2855 4253 ‘?
2903 4197 3043 4253 Dico
3074 4201 3268 4252 autem
3299 4194 3664 4267 cupiditatis,

2020 4286 2358 4351 iracundia,
2388 4285 2585 4342 luctus
2616 4290 2673 4343 et
2719 4286 3147 4359 hujuscemodi.
3200 4285 3270 4340 Et
3314 4286 3557 4341 Petrus:
3593 4284 3665 4338 Et

2020 4374 2142 4430 haec
2172 4376 2409 4447 quidem
2466 4380 2606 4430 sunt
2652 4374 3061 4445 accidentium,
3110 4391 3224 4429 non
3273 4378 3661 4440 aeternorum;

2018 4469 2423 4520 verumtamen
2474 4463 2680 4519 animas
2729 4463 2951 4519 utiliter
2999 4464 3310 4533 conjuncta
3350 4464 3473 4533 jam
3504 4462 3664 4517 inve-

2021 4554 2275 4608 nientur.
2308 4553 2534 4608 Etenim
2568 4552 2859 4623 cupiditas
2892 4553 2963 4607 ab
2996 4551 3114 4617 illo,
3149 4552 3249 4623 qui
3289 4550 3487 4606 omnia
3517 4549 3663 4605 bene

2020 4642 2256 4707 creavit,
2279 4641 2484 4713 Opifice
2515 4640 2752 4697 animali
2776 4640 2941 4695 unita
2962 4644 3069 4704 est,
3095 4656 3212 4711 qua
3234 4639 3302 4693 ad
3329 4638 3664 4693 mistionem

2018 4728 2341 4801 impulsum
2361 4729 2709 4801 multiplicet
2725 4728 3051 4783 humanum
3073 4744 3278 4799 genus,
3294 4728 3464 4798 cujus
3484 4724 3667 4782 electa

253 4815 410 4888 θύνῃ,
460 4814 549 4892 ἀφ’
602 4817 669 4882 ῆς
736 4811 953 4883 πλῆθος
1016 4812 1254 4889 ἐκλογῆς
1320 4815 1643 4892 κρειττόνων
1707 4817 1905 4893 γίνεται

2021 4818 2325 4873 meliorum
2386 4818 2701 4873 multitudo
2772 4818 2981 4872 idonea
3038 4817 3302 4872 redditur
3354 4816 3424 4871 ad
3482 4814 3662 4870 vitam

254 4905 408 4960 891
460 4903 597 4979 πρὸς
645 4901 866 4957 αἰώνιον
917 4903 1064 4973 ζωὴν
1110 4901 1416 4974 ἐπιτήδειον
1470 4907 1534 4963 ⁵⁸.
1582 4905 1733 4975 Πλὴν
1785 4903 1905 4962 ἄνευ

252 4990 542 5065 έπιθυμίας
570 4992 670 5061 τήν
700 4990 835 5068 πρὸς
873 4995 1103 5065 γυναῖκα
1133 4993 1416 5049 κοινωνίαν
1467 4991 1643 5057 οὐδεὶς
1674 4994 1731 5049 ἂν
1784 4994 1902 5050 ἀνε-

251 5078 463 5151 δέξατο·
508 5084 595 5135 νῦν
646 5077 704 5134 δὲ
751 5077 1017 5157 προφάσει
1082 5078 1287 5151 ἡδονῆς
1335 5081 1411 5146 ὡς
1460 5082 1633 5155 ἑαυτῷ
1679 5082 1901 5160 χαριζό-

2015 4911 2310 4962 sternam.
2336 4906 2619 4961 Praeterea
2637 4906 2764 4961 sine
2785 4906 3105 4978 cupiditate
3126 4904 3339 4960 coitum
3367 4920 3501 4959 cum
3534 4919 3666 4958 mu-

2012 4994 2152 5051 liere
2173 5011 2343 5050 nemo
2362 4995 2603 5063 faceret;
2622 4996 2745 5062 jam
2773 5010 2903 5049 vero
2924 4993 3238 5065 voluptatis
3270 4992 3460 5065 specie
3479 4991 3655 5047 homo

2012 5084 2123 5141 sibi
2148 5085 2272 5156 ipse
2292 5084 2626 5155 gratificans
2652 5081 2811 5137 illius
2828 5083 2963 5137 facit
2982 5081 3362 5138 voluntatem.
3390 5082 3587 5144 Itaque
3606 5081 3655 5137 si

253 5190 414 5244 μενος
468 5170 497 5224 6
537 5167 825 5245 ἄνθρωπος
870 5168 932 5223 τὸ
979 5167 1183 5225 ἐκείνου
1238 5169 1500 5247 βούλημα
1545 5176 1712 5231 ποιεῖ.
1744 5171 1898 5241 Πλὴν

2021 5173 2145 5246 quis
2175 5173 2491 5245 cupiditate
2537 5172 2609 5228 ad
2654 5170 2985 5244 legitimum
3036 5171 3223 5226 utitur
3270 5169 3651 5237 connubium,

321 5298 396 5370 (a)
426 5295 603 5354 Marc.
635 5312 715 5365 ιν,
746 5296 837 5352 34.

1613 5413 1857 5470 VARUE
1898 5413 2318 5474 LECTIONES.

315 5530 364 5603 f’
391 5527 504 5603 Cir.
537 5528 695 5603 hom.
730 5544 869 5597 XVII,
996 5529 1043 5565 ⁸³
1087 5529 1231 5603 Vbb.
1284 5527 1374 5603 καὶ
1467 5526 1670 5603 Πέτρος
1714 5529 2141 5603 desiderantur
2171 5531 2232 5586 in
2279 5534 2342 5588 Ο.
2371 5530 2418 5565 ⁶⁴
2446 5522 2818 5603 συμϐενόντων
2865 5528 2951 5603 0.,

3002 5529 3101 5600 qui
3133 5527 3340 5583 deinde
3373 5525 3431 5582 in
3485 5530 3644 5584 textu

244 5598 539 5676 ἀσθενείας,
598 5601 658 5676 in
717 5601 993 5676 margine
1035 5619 1125 5674 γρ.
1184 5598 1500 5676 εύσθενείας.
1533 5598 1586 5637 δε
1604 5598 1667 5654 τό
1719 5602 1878 5676 Οεμθσ
1926 5602 2149 5676 Scripsi
2196 5598 2596 5676 [πικροποιοῦν]
2625 5598 3094 5676 _ob__analogiar_n
3136 5614 3471 5676 cum-se_q._
3508 5616 3645 5676 par-

242 5672 465 5744 ticipio,
521 5672 631 5729 etsi

244 5738 390 5804 δειᾱς
420 5738 482 5798 Ο.

676 5668 1232 5745 πίικρόποιόν]”υειι1
1284 5672 1496 5729 melius
1543 5673 1961 5747 respondisset.
2011 5668 2214 5749 ἀλγείν’
2252 5668 2326 5746 p.'
2358 5668 2680 5747 ἀλγοῦνὈ.
2727 5673 2770 5709 ⁸⁷
2809 5668 3232 5747 ἀνθρῶπότηταν
3279 5669 3348 5727 Ο.
3378 5668 3427 5707 ⁸⁸
3452 5668 3642 5743 ἐπιτή-
