4140 6344
492 424 615 485 443

1324 427 1395 488 S.
1436 427 1877 489 CLEMENTIS
1922 429 1947 489 Ι
1992 427 2183 491 ROM.
2228 428 2459 491 PONT.
2503 427 2765 490 OPERA
2806 428 3072 492 DUBIA.
3130 430 3133 431 ⁷

3784 432 3908 492 444

498 555 678 629 impie
712 572 824 612 non
857 555 996 629 agit,
1032 558 1129 613 sed
1154 557 1212 613 in
1246 556 1598 614 adulterium
1632 576 2018 632 prorumpens
2041 560 2146 614 im-

2259 557 2345 613 ἐάν
2376 578 2459 620 τις
2488 561 2557 631 τῇ
2589 557 2847 631 ἐπιθυμίᾳ
2878 564 3081 634 χρῆται
3115 558 3251 635 πρὸς
3282 558 3516 632 νόμιμον
3572 555 3771 636 γάμον,
3801 559 3908 615 οὑκ

500 646 777 720 pietatem
820 646 1150 715 committit,
1204 648 1450 719 ideoque
1499 648 1901 721 castigabitur,
1952 653 2013 703 ut
2045 649 2146 719 qui

504 735 656 792 male
688 752 832 790 usus
864 735 939 792 sit
983 753 1068 805 eo,
1103 737 1259 807 quod
1291 737 1435 791 bene
1467 737 1639 791 fuerit
1669 737 2022 793 ordinatum.
2056 737 2146 792 Si--

504 824 631 880 mili
657 825 827 879 modo
860 824 1031 879 etiam
1068 826 1379 880 iracundia:
1430 842 1705 882 concessa
1737 844 1770 882 a
1800 827 1914 882 Deo
1944 831 2032 881 est
2060 826 2146 881 vis

501 930 608 969 nos
639 913 1035 986 aggrediendi,
1089 919 1153 968 ut
1200 931 1269 969 ea
1298 914 1616 970 excitemur
1646 916 1715 969 ad
1775 919 2144 986 peccatorum

500 1001 805 1058 ultionem.
846 1003 1260 1058 Verumtamen
1315 1003 1628 1059 immodice
1680 1004 1778 1074 qui
1838 1020 1905 1059 ea
1936 1005 2144 1073 utitur,

500 1090 719 1161 injuste
750 1091 889 1163 agit,
920 1097 1072 1146 recte
1123 1109 1189 1147 ea
1222 1097 1391 1147 utens
1413 1093 1643 1163 justum
1679 1093 1917 1164 peragit.
1952 1096 2023 1148 At
2052 1094 2140 1149 lu-

499 1181 615 1235 ctui
650 1197 882 1251 quoque
913 1181 1154 1250 subjecti
1190 1197 1414 1247 sumus,
1450 1198 1563 1252 quo
1596 1180 1811 1236 doloris
1850 1198 1977 1237 esse
2008 1200 2141 1254 pos-

498 1269 685 1325 simus
718 1269 1030 1341 participes
1075 1271 1270 1325 obitus
1315 1271 1799 1341 propinquorum,
1856 1270 2139 1340 mulieris,

493 1358 581 1413 vel
614 1357 1060 1421 liberorum.vel
1093 1360 1362 1425 fratrum,
1390 1358 1477 1414 vel
1501 1360 1852 1431 genitorum,
1884 1360 1970 1415 vel
2003 1361 2118 1416 ami

494 1464 695 1502 eorum
730 1447 1069 1503 aliorumve.
1118 1448 1659 1503 Commiserationis
1690 1449 1845 1503 enim
1878 1454 2141 1521 expertes

422 1571 427 1576 -
497 1535 755 1592 hominis
788 1542 1055 1591 naturam
1080 1537 1466 1592 exuissemus.
1493 1536 1678 1592 Simul
1702 1536 1923 1610 reliqua
1944 1538 2142 1594 omnia

496 1629 633 1695 apta
660 1641 788 1681 esse
821 1625 1205 1697 reperientur,
1236 1627 1281 1681 si
1312 1627 1756 1682 considerentur
1780 1628 1951 1683 modo
1984 1645 2016 1683 a
2048 1645 2139 1684 me

492 1714 768 1771 indicato.

563 1804 731 1859 XXII.
762 1806 911 1860 Tum
945 1805 1143 1860 Simon
1173 1823 1184 1861 :
1218 1807 1330 1860 Cur
1360 1810 1557 1862 autem
1604 1810 1661 1862 et
1690 1806 1958 1863 homines
1990 1824 2138 1878 pras-

494 1899 725 1949 mature
757 1894 1108 1960 moriuntur,
1143 1899 1199 1950 et
1229 1894 1415 1951 morbi
1441 1895 1717 1967 periodici
1748 1896 2011 1963 veniunt,
2046 1896 2136 1951 in-

492 1998 669 2054 super
716 1986 772 2037 et
801 1983 1113 2051 daemones,
1149 1982 1388 2038 insaniae
1420 1989 1477 2039 et
1522 1984 1887 2040 calamitates
1945 1984 2139 2039 multi-

493 2071 708 2127 formes
728 2088 943 2142 magna
960 2073 1281 2144 castigandi
1306 2072 1576 2129 facultate
1593 2074 1846 2145 praeditas
1864 2074 2140 2130 exsistere

497 2160 795 2233 pergunt?
825 2162 1061 2233 Excepit
1089 2163 1332 2218 Petrus:
1386 2163 1533 2228 Quia
1580 2162 1848 2218 homines
1904 2164 2139 2220 omnino

497 2249 727 2306 libidini
762 2268 878 2305 sua:
929 2250 1298 2324 indulgentes
1346 2252 1771 2308 inconsiderate
1822 2258 2053 2319 coeunt,
2087 2257 2143 2308 et

498 2339 582 2395 ita
620 2339 947 2395 seminibus
996 2340 1184 2396 alieno
1234 2348 1493 2413 tempore
1539 2342 1761 2413 sparsis
1807 2358 1876 2397 ex
1921 2346 2141 2397 naturas

495 2427 691 2485 indole
723 2429 1171 2485 innumerabilia
1211 2434 1590 2502 procreantur
1618 2430 1792 2485 mala.
1844 2430 2143 2487 Debebant

499 2518 697 2591 potius
730 2522 1019 2590 reputare,
1052 2519 1134 2573 uti
1167 2524 1402 2592 tempus
1432 2520 1734 2575 definitum
1771 2520 1849 2575 sit
1876 2522 1948 2575 ad
1982 2520 2143 2592 plan—

493 2607 740 2662 tandum
772 2612 829 2662 et
858 2607 1268 2663 seminandum
1312 2614 1543 2681 aptum,
1566 2610 1647 2665 ita
1694 2614 1752 2665 et
1793 2609 2141 2665 constitutos

494 2695 677 2751 fuisse
709 2696 832 2753 dies
862 2698 934 2752 ad
982 2697 1200 2753 coitum
1234 2698 1491 2755 idoneos.
1528 2699 1671 2754 Hinc
1721 2703 1875 2754 certe
1930 2698 2142 2770 aliquis

500 2783 717 2857 Moysis
745 2786 978 2842 traditis
1010 2787 1232 2858 peritus
1272 2787 1553 2860 populum
1585 2790 1656 2844 ob
1689 2793 1926 2859 peccata
1972 2804 2141 2843 accu-

502 2890 663 2944 sans,
696 2874 1127 2930 noviluniorum
1181 2879 1503 2932 secundum
1534 2877 1733 2933 lunam
1769 2882 1825 2933 et
1870 2877 2141 2933 sabbato-

502 2978 635 3017 rum
663 2962 816 3018 filios
844 2962 1196 3035 appellabat.
1228 2968 1300 3020 At
1338 2982 1468 3021 vero
1515 2965 1572 3020 in
1620 2965 1904 3038 principio
1938 2966 2142 3021 mundi

500 3050 768 3107 homines
825 3058 883 3108 et
938 3053 1175 3125 longaevi
1232 3059 1399 3109 erant
1469 3055 1773 3126 morbique
1829 3055 2140 3113 immunes.

504 3139 615 3195 Sed
649 3156 759 3194 usu
784 3140 1143 3213 negligenter
1161 3142 1454 3211 derelicto,
1484 3143 1587 3198 ﬁlii
1618 3143 1851 3198 illorum
1881 3142 2142 3199 vicissim

499 3227 573 3284 ob
606 3228 1016 3300 ignorantiam,
1051 3236 1114 3286 ut
1144 3248 1257 3287 non
1296 3232 1479 3299 licuit,
1513 3233 1825 3288 miscentes
1856 3248 1938 3302 se,
1972 3232 2142 3288 innu-

500 3318 883 3374 merabilibus
906 3320 1338 3377 calamitatibus
1370 3322 1582 3379 liberos
1605 3339 1743 3378 suos
1767 3322 2145 3377 reddiderunt
2174 3304 2216 3371 Ο

502 3405 802 3462 obnoxios.
836 3409 1023 3472 Quare
1070 3413 1125 3464 et
1156 3409 1435 3482 magister
1480 3416 1677 3467 noster
1722 3412 1793 3466 de
1833 3410 1952 3479 illo,
1986 3410 2146 3481 quia

506 3494 808 3552 nativitate
839 3514 1026 3552 caecus
1056 3504 1177 3554 erat
1208 3502 1263 3553 et
1294 3516 1392 3570 per
1421 3516 1557 3555 eum
1590 3500 1753 3567 vidit,
1788 3500 2147 3571 interrogan-

506 3582 687 3651 tibus,
721 3588 916 3640 utrum
964 3586 1056 3641 hic
1086 3589 1405 3659 peccaverit
1457 3606 1530 3643 an
1564 3589 1855 3660 genitores
1902 3590 2049 3657 ejus.
2083 3592 2148 3643 ut

507 3688 694 3727 camus
728 3679 1082 3742 nasceretur,
1115 3677 1451 3747 respondit:
1484 3678 1681 3749 Neque
1722 3677 1815 3732 hic
1867 3678 1924 3732 in
1955 3676 2147 3748 aliquo

509 3763 785 3835 peccavit,
812 3780 999 3835 neque
1021 3766 1149 3836 ejus
1180 3766 1493 3838 genitores,
1546 3768 1644 3822 sed
1679 3771 1742 3822 ut
1774 3768 1829 3821 in
1863 3784 1928 3822 eo
1960 3768 2146 3822 mani-

503 3852 817 3908 festaretur
875 3852 972 3907 Dei
1025 3859 1303 3925 potestas,
1363 3871 1491 3927 quae
1536 3856 1876 3927 ignorantiae
1916 3861 2150 3927 peccata

503 3945 673 3996 sanat
703 3941 800 4012 (a).
850 3943 928 3997 Ac
958 3945 1217 4013 profecto
1262 3943 1604 4015 ignorantiae
1653 3961 1830 3999 causa
1857 3944 2148 4014 ejusmodi

502 4043 595 4083 res
627 4030 918 4096 eveniunt,
945 4031 1099 4102 quod
1130 4032 1397 4087 videlicet
1426 4033 1725 4105 ignoretur
1755 4034 1988 4103 quando
2019 4049 2151 4088 con-

499 4117 643 4188 juge
675 4117 757 4172 uti
790 4124 1071 4191 oporteat,
1104 4125 1159 4175 et
1192 4138 1263 4176 an
1298 4121 1481 4176 libera
1510 4122 1587 4176 sit
1616 4138 1649 4176 a
1700 4126 1996 4176 menstrua
2022 4120 2148 4193 pol-

510 4205 749 4261 lutione.
772 4208 896 4263 Jam
920 4225 1053 4265 vero
1073 4209 1455 4279 calamitates,
1508 4227 1753 4282 quarum
1788 4215 1957 4266 antea
1988 4227 2150 4265 men-

510 4293 729 4349 tionem
753 4295 958 4364 fecisti,
983 4313 1051 4353 ex
1074 4298 1402 4370 ignorantia
1424 4300 1789 4370 proveniunt,
1811 4316 1924 4354 non
1947 4315 1976 4354 e
2000 4299 2152 4355 malo

511 4388 764 4454 peracto.
793 4386 1053 4441 Concede
1082 4386 1324 4459 insuper
1367 4405 1478 4443 non
1514 4393 1846 4459 peccantem
1877 4393 1933 4444 et
1962 4387 2154 4460 accipe

511 4489 627 4527 non
660 4473 1000 4545 patientem,
1023 4480 1193 4546 atque
1214 4477 1389 4531 etiam
1414 4476 1559 4532 alios
1582 4478 1833 4549 patiendi
1858 4478 2154 4532 immunes

511 4560 584 4615 ad
614 4562 664 4615 ei
697 4563 1067 4619 serviendum
1110 4570 1278 4636 aptos
1330 4566 1607 4623 invenies.
1660 4566 1921 4638 Exempli
1966 4565 2155 4638 gratia

2171 1938 2218 2002 B

2256 642 2457 718 ἀσεϐεῖ,
2490 647 2624 723 πρὸς
2677 647 2928 723 μοιχείαν
2972 645 3029 703 δὲ
3077 649 3263 723 ὁρμῶν
3312 652 3357 685 5’
3387 643 3654 717 δυσσεϐεῖ,
3684 649 3771 704 καὶ
3817 646 3909 704 διὰ

2255 741 2415 793 τοῦτο
2443 742 2787 813 τιμωρεῖται,
2829 736 2912 791 ὅτι
2961 741 3040 810 τῷ
3068 740 3113 774 ⁷ο
3142 735 3327 799 καλῶς
3375 737 3579 801 τεθέντι
3631 736 3906 814 ἐχρήσατο

2254 830 2587 888 κακῶς.’¹Ετι
2609 846 2667 880 τε
2688 825 2897 899 ὁμοίως
2922 828 2958 896 ἡ
2995 825 3129 902 ὀργῆ
3162 826 3212 881 ἐν
3242 829 3376 899 ἡμῖν
3407 826 3715 900 ἐξάπτεσθαι
3747 826 3905 905 φύσιν

2257 911 2400 989 ἔχειν
2436 911 2628 992 εἴληφε
2658 915 2803 991 παρά
2832 920 2987 988 Θεοῦ,
3014 912 3103 970 τἕνα
3141 916 3284 990 πρὸσ
3333 912 3538 989 ἄμυναν
3574 915 3906 990 ἁμαρτημά-

2253 1023 2358 1057 των
2392 1003 2481 1057 ὐπ’
2508 1004 2677 1073 αὐτῆς
2708 1002 3015 1076 έλκώμεθα.
3049 1003 3201 1073 Πλὴν
3235 1004 3454 1079 ἀμέτρῳ
3485 1003 3620 1073 αὐτῇ
3650 1024 3733 1067 τις
3766 1024 3910 1080 χρη-

2254 1090 2482 1153 σάμενος
2530 1090 2729 1161 ἀδικεῖ,
2776 1099 2890 1147 κατ’
2937 1092 3082 1163 ἀξίαν
3126 1090 3183 1147 δὲ
3230 1094 3516 1169 χρώμενος
3570 1094 3632 1148 τὸ
3698 1090 3906 1148 δίκαιον

2254 1178 2480 1237 έκτελεῖ.
2517 1179 2693 1236 Ἀλλά
2721 1181 2809 1236 καὶ
2838 1179 3017 1252 λύπης
3048 1181 3206 1255 ἐσμὲν
3240 1179 3497 1249 δεκτικοὶ,
3522 1178 3616 1237 ’ἶνα
3666 1183 3729 1237 τὸ
3768 1204 3909 1255 συμ-

2250 1271 2548 1339 παθητικὸν
2601 1265 2817 1346 ἔχωμεν
2852 1269 2940 1325 ἐπί
2969 1291 3027 1326 τε
3057 1268 3268 1344 θανάτῳ
3316 1270 3550 1339 οἰκείων,
3581 1271 3838 1346 γυναικὸς
3870 1271 3907 1339 ἢ

2248 1358 2451 1413 τέκνων
2478 1361 2512 1429 ἣ
2543 1357 2793 1437 ἀδελφῶν
2823 1361 2858 1428 ἣ
2887 1360 3087 1435 γονέων
3118 1361 3151 1429 ἦ
3190 1359 3364 1437 φίλων
3408 1361 3443 1429 ἦ
3489 1358 3675 1415 ἄλλων
3723 1364 3908 1417 τινῶν.

2253 1448 2525 1524 Ἐπείπερ,
2555 1447 2601 1503 εἰ
2655 1449 2717 1502 τὸ
2775 1448 3117 1523 συμπάσχειν
3166 1447 3270 1503 οὐκ
3319 1445 3565 1524 εἶ’χομεν,
3616 1446 3909 1523 ἀπάνθρω-

2248 1557 2342 1590 ποι
2401 1536 2458 1590 ἃν
2519 1536 2666 1609 εἶμεν
2704 1539 2771 1592 τί.
2804 1538 2983 1611 Ὀμῶς
3037 1536 3126 1592 καὶ
3173 1538 3240 1591 τά
3292 1533 3437 1592 ἄλλα
3486 1535 3657 1591 πάντα
3689 1536 3911 1599 οἰκείως

2251 1624 2599 1700 εὑρεθήσεται
2649 1623 2867 1701 ἔχοντα,
2915 1625 3000 1680 ἐάν
3068 1647 3132 1701 γε
3190 1622 3260 1680 δι’
3307 1625 3336 1681 ’ὀ
3395 1621 3581 1702 ἔλεγον
3635 1626 3681 1661 ⁷²
3741 1623 3910 1700 ﬁni]-

2249 1715 2450 1785 νοηθῇ.

2321 1809 2485 1859 XXII.
2518 1801 2622 1859 Καὶ
2654 1802 2681 1857 ὁ
2715 1801 2923 1875 Σίμων·
2958 1802 3055 1858 Διά
3081 1801 3136 1857 τί
3185 1799 3243 1857 δὲ
3287 1801 3379 1857 καὶ
3429 1799 3598 1878 ἄωροι
3640 1800 3912 1857 τελευτῶ-

2249 1913 2353 1963 σιν,
2385 1889 2473 1946 καῖ
2525 1888 2832 1968 περιοδικαὶ
2876 1890 3024 1945 νόσοι
3070 1891 3334 1965 γίνονται,
3366 1889 3443 1945 ἔτι
3500 1891 3607 1964 μὴν
3651 1890 3741 1945 καὶ
3784 1887 3905 1944 δαί-

2254 2002 2409 2054 μονες
2440 1980 2529 2035 καὶ
2582 1979 2763 2054 μανίαι
2812 1980 2903 2035 καὶ
2950 1980 3095 2049 πάθη
3139 1977 3457 2035 παντοδαπὰ
3502 1978 3751 2049 κολάζειν
3807 2000 3905 2052 με-

2249 2068 2438 2146 γάλως
2487 2067 2752 2143 δυνάμενα
2793 2069 3065 2145 ὑπάρχει;
3098 2069 3195 2124 Καὶ
3228 2070 3256 2124 ὁ
3288 2069 3509 2144 Πέτροςο
3541 2072 3659 2124 Ὅτι
3709 2068 3760 2123 οἱ
3805 2066 3900 2123 ἅν-

2249 2161 2459 2234 θρωποι
2486 2160 2553 2214 τὰ
2578 2156 2750 2214 πάντα
2795 2158 2968 2213 αὐτῶν
3018 2162 3087 2233 τῇ
3136 2156 3310 2233 ἡδονῇ
3360 2158 3717 2235 χαριζόμενοι
3757 2156 3903 2212 ἀπα-

2252 2250 2574 2325 ρατηρήτως
2622 2252 2970 2303 κοινωνοῦσιν
3003 2248 3091 2303 καὶ
3142 2247 3313 2310 οὕτως
3346 2250 3380 2318 ἡ
3412 2252 3517 2303 τῶν
3572 2247 3899 2323 σπερμάτων

2250 2333 2529 2406 καταϐολὴ
2565 2336 2799 2413 ἀκαίρως
2857 2334 3161 2391 ὲπιδοθεῖσα
3203 2342 3439 2414 φυσικῶς
3486 2338 3555 2391 τὰ
3607 2334 3771 2411 μυρία
3817 2333 3905 2390 έκ-

2252 2426 2371 2503 φύει
2401 2425 2555 2482 κακά.
2592 2427 2793 2501 Ἐχρῆν
2845 2423 2903 2481 δὲ
2949 2424 3142 2487 αὐτοὺς
3182 2424 3512 2497 λογίζεσθαι,
3543 2424 3648 2495 ὅτι,
3682 2424 3756 2487 ὡς
3802 2428 3903 2480 τοῦ

2251 2520 2505 2596 φυτεῦσαι
2561 2514 2649 2569 καὶ
2708 2520 2924 2591 σπεῖραι
2996 2517 3185 2590 καιρὸς
3263 2511 3568 2585 ἐπιτήδειος
3652 2512 3902 2590 ὥρισται,

2252 2605 2395 2661 οὕτω
2425 2605 2512 2660 καὶ
2542 2609 2639 2659 τοῦ
2668 2610 2993 2673 κοινωνῆσαι
3043 2603 3439 2680 ἐπιτηρήσιμοι
3488 2601 3691 2678 ἡμέραι
3734 2622 3908 2679 προσ-

2252 2693 2571 2769 ῳκείωνται.
2630 2695 2784 2750 892
2842 2694 3021 2749 Ἔνθεν
3075 2696 3205 2767 γοῦν
3263 2713 3347 2755 τις
3396 2691 3455 2747 ἐκ
3495 2698 3598 2761 τῆς
3627 2690 3902 2752 Μωϋσέως

2250 2781 2600 2858 παραδόσεως
2666 2782 3016 2855 μεμαθηκὼς,
3068 2780 3390 2854 αἲτιώμενος
3447 2780 3539 2836 τὸν
3606 2778 3735 2835 λαὸν
3813 2778 3904 2834 ἐπὶ

2253 2872 2542 2948 ἁμαρτίας,
2575 2870 2723 2932 υἱοὺς
2752 2874 3050 2944 νεομηνιῶν
3076 2874 3182 2924 τῶν
3214 2869 3348 2924 κατά
3377 2869 3612 2940 σελήνην
3644 2869 3734 2923 καὶ
3766 2862 3904 2923 σαϐ-

2252 2957 2429 3016 ϐάτων
2480 2959 2756 3016 ἀπεκάλει.
2812 2958 2987 3015 Ἀλλά
3032 2960 3122 3013 καὶ
3173 2964 3287 3013 κατ’
3317 2959 3489 3035 ἀρχὰς
3542 2962 3638 3014 τοῦ
3691 2957 3905 3029 κόσμου

2253 3051 2305 3106 οἱ
2338 3052 2613 3126 ἄνθρωποι
2641 3047 2927 3110 πολυετεῖς
2956 3068 3014 3103 τε
3056 3049 3190 3118 ἦσαν
3219 3048 3309 3103 καὶ
3354 3044 3555 3103 ἄνοσοι.
3606 3046 3797 3102 Ὁπότε
3846 3042 3908 3100 δὲ

2254 3138 2627 3213 ἀμελήσαντες
2650 3139 2750 3207 τὴν
2782 3139 3157 3213 παρατήρησιν
3217 3134 3508 3209 ἀπέλιπον,
3541 3133 3724 3191 ἔκτοτε
3770 3134 3910 3190 κατᾶ

2254 3226 2519 3303 διαδοχὴν
2550 3226 2657 3281 υἱοὶ
2691 3225 2905 3302 ἀγνοίας
2937 3225 3082 3297 αἶ’τίᾳ
3123 3225 3238 3300 [ὡς]
3272 3227 3347 3299 μή
3383 3222 3491 3280 δεῖν
3523 3228 3908 3287 κοινωνοῦντες

2257 3318 2358 3373 ὑπὸ
2410 3316 2575 3392 μυρία
2623 3316 2766 3385 πάθη
2815 3317 2883 3371 τὰ
2929 3315 3131 3370 ἑαυτῶν
3173 3313 3378 3370 τιθέασι
3407 3313 3582 3370 τέκνα.
3614 3316 3767 3378 Ὅθεν
3816 3312 3910 3367 καὶ

2255 3403 2635 3479 [Διδάσκ]αλος
2685 3407 2845 3477 ἡμῶν
2891 3404 3015 3479 περὶ
3060 3407 3157 3459 τοῦ
3206 3402 3267 3458 ἐκ
3314 3410 3533 3479 γενετῆς
3590 3406 3771 3476 πηροῦ
3817 3400 3911 3457 καὶ

2258 3489 2658 3568 ἀναϐλέψαντος
2742 3494 2868 3567 παρ’
2925 3492 3089 3547 αὑτοῦ
3170 3490 3448 3565 ἐξετά[ζων
3529 3490 3909 3565 έρωτήσασιν],

2257 3583 2301 3639 εἶ
2334 3587 2379 3621 ’⁷³
2413 3584 2568 3646 οὗτος
2622 3581 2863 3657 ἥμαρτεν
2911 3582 2946 3651 ἣ
2993 3581 3045 3635 οἱ
3100 3586 3278 3657 γονεῖς
3336 3579 3520 3651 αὐτοῦ,
3560 3577 3653 3635 ’ἶνα
3702 3578 3910 3657 τυφλὸς

2256 3674 2514 3748 γεννηθῇ,
2576 3670 2919 3745 ἀπεκρίνατο⁶
2983 3666 3106 3724 οὔτε
3163 3668 3320 3731 οὗτός
3375 3690 3429 3724 τι
3472 3668 3738 3744 ἥμαρτεν,
3786 3664 3913 3723 οὔτε

2257 3763 2309 3817 οἱ
2331 3766 2508 3837 γονεῖς
2541 3760 2724 3832 αὑτοῦ,
2748 3756 2983 3815 ἀλλ’ἵνα
3006 3756 3075 3813 δι’
3104 3758 3269 3814 αὑτοῦ
3300 3759 3581 3835 φανερωθῇ
3613 3759 3648 3826 ἡ
3684 3754 3913 3830 δύναμις

2255 3856 2352 3906 τοῦ
2411 3854 2544 3906 Θεοῦ
2603 3856 2703 3918 τῆς
2760 3848 2978 3924 ἀγνοίας
3033 3846 3240 3921 ἷωμένη
3272 3848 3339 3902 τὰ
3390 3848 3777 3923 ἁμαρτήματα.
3811 3847 3913 3900 Καὶ

2258 3940 2477 4006 ἀληθῶς
2526 3937 2744 4014 ἀγνοίας
2790 3935 2938 4007 αἰτίᾳ
2983 3937 3049 3991 τὰ
3108 3939 3331 3991 τοιαῦτα
3374 3933 3600 4011 γίνεται,
3653 3931 3779 4003 ἤτοι
3830 3937 3912 4006 τῷ

2262 4029 2338 4102 μή
2372 4026 2567 4083 εἰδέναι
2616 4026 2748 4081 πότε
2797 4023 2879 4082 δεῖ
2923 4029 3198 4080 κοινωνεῖν
3226 4027 3293 4098 τῇ
3339 4026 3573 4098 γαμετῇ,
3608 4022 3653 4077 εἰ
3708 4021 3915 4097 καθαρᾶ

2261 4116 2313 4189 ἐξ
2358 4115 2593 4194 ἀφέδρου
2666 4116 2942 4191 τυγχάνει.
2991 4111 3143 4182 Πλὴν
3192 4112 3226 4166 ἃ
3268 4112 3598 4189 προείρηκας
3664 4110 3810 4181 πάθη
3862 4109 3915 4181 ἐξ

2260 4205 2482 4281 ἀγνοίας
2542 4202 2703 4277 έστίν,
2763 4203 2824 4257 οὐ
2881 4202 3061 4275 μέντοι
3121 4201 3181 4256 ἐκ
3236 4205 3477 4277 πονηροῦ
3534 4200 3912 4276 εἴργασμένου.

2250 4293 2490 4368 ,Προσέτι
2522 4291 2579 4348 δὲ
2610 4290 2702 4355 δὸς
2731 4293 2822 4347 τὸν
2861 4293 2935 4364 μὴ
2973 4292 3349 4363 ἁμαρτάνοντα
3376 4288 3466 4344 καὶ
3498 4284 3634 4345 λάϐε
3679 4289 3771 4343 τὸν
3836 4288 3914 4360 μή

2263 4385 2564 4458 πάσχοντα,
2597 4383 2687 4436 καὶ
2717 4381 2854 4456 πρὸς
2882 4380 2947 4435 τὸ
2980 4380 3056 4453 μὴ
3087 4380 3318 4455 πάσχειν
3349 4377 3439 4433 καὶ
3490 4375 3699 4439 ἄλλους
3754 4375 3913 4431 αὑτὸν

2266 4476 2586 4545 θεραπεῦσαι
2657 4467 2991 4541 δυναμένους
3074 4468 3317 4543 εὑρήσεις
3377 4469 3442 4520 ⁷⁸ι
3508 4465 3716 4521 Αὐτίκα
3783 4468 3914 4539 γοῦν

2265 4566 2502 4629 Μωυσῆς
2554 4557 2643 4614 διὰ
2701 4552 2971 4613 εὐσέϐειαν
3032 4556 3242 4627 ἀπαθὴς
3298 4555 3391 4610 τὸν
3436 4555 3736 4623 πάντατῆς
3770 4558 3918 4624 ζωῆς

512 4649 741 4723 Moyses
773 4656 1009 4724 pr0pter
1056 4652 1327 4725 pietatem
1360 4656 1537 4711 totius
1567 4656 1693 4710 vita:
1743 4660 1976 4727 tempus
2018 4671 2146 4710 con-

2267 4648 2531 4706 διετέλεσε
2562 4647 2781 4723 χρόνον,
2815 4646 2905 4701 καὶ
2950 4644 3080 4708 τοὺς
3136 4644 3466 4721 Αἰγυπτίους
3524 4641 3593 4698 δι’
3652 4641 3918 4719 ἁμαρτίας

515 4740 835 4796 summavit
864 4741 1002 4797 mali
1035 4758 1261 4815 expers,
1292 4748 1349 4800 et
1368 4744 1666 4817 Egyptios
1696 4746 1768 4801 ob
1801 4748 2031 4817 peccata
2063 4761 2160 4816 pa-

513 4828 727 4885 tientes
756 4831 1025 4901 precibus
1052 4834 1297 4889 sanavit.

588 4918 780 4975 XXIII.
809 4921 956 4977 Tum
1002 4922 1243 4979 Simon:
1296 4924 1423 4979 Haec
1471 4923 1707 4995 quidem
1755 4922 1837 4979 ita
1889 4938 2016 4979 sese
2062 4921 2163 4977 ha-

519 5008 715 5065 beant.
748 5011 857 5065 Sed
880 5011 1247 5083 inaequalitas
1279 5013 1430 5069 inter
1451 5012 1715 5068 homines
1738 5028 1931 5068 nonne
1958 5010 2064 5067 tibi
2084 5010 2163 5065 vi-

2266 4738 2574 4816 πάσχοντας
2602 4736 2792 4813 εὐχαῖς
2824 4734 2962 4792 tam.

2340 4922 2527 4974 XXIII.
2562 4913 2659 4970 Καὶ
2691 4915 2719 4969 ὁ
2745 4913 2953 4987 Σίμων·
2985 4913 3165 4969 Ἔστω
3195 4911 3288 4985 μὶν
3319 4914 3486 4967 ταῦτα
3533 4908 3707 4973 οὕτως
3750 4906 3919 4985 ἔχειν.

2271 5005 2344 5062 Οὑ
2393 5003 2542 5061 δοκεῖ
2588 5025 2675 5059 σοι
2722 5000 3030 5072 ἀδικωτάτη
3077 5003 3113 5071 ἡ
3164 4998 3215 5055 έν
3246 4999 3550 5073 ἀνθρώποις
3592 4995 3920 5072 ἀνωμαλία;

519 5098 689 5155 detur
709 5100 1141 5171 injustissima?
1162 5101 1321 5157 Alter
1340 5101 1495 5156 enim
1518 5101 1831 5171 mendicat,
1856 5099 2000 5155 alter
2024 5100 2146 5155 divi

2270 5097 2363 5157 Ὃς
2418 5094 2511 5167 μὲν
2560 5092 2664 5169 γὰρ
2731 5090 2968 5157 πένεται,
3020 5090 3080 5153 ’ὸς
3130 5086 3187 5145 δὲ
3232 5086 3479 5155 πλουτεῖ,
3526 5088 3678 5146 ³98
3724 5087 3815 5141 καὶ
3862 5086 3926 5149 ’ὀς

515 5187 616 5244 tiis
648 5189 927 5259 abundat,
960 5190 1106 5246 alter
1135 5196 1396 5262 aegrotat,
1443 5190 1587 5245 alter
1618 5189 1800 5245 nimia
1831 5188 2146 5245 valetudini

2278 5185 2372 5259 μὲν
2426 5186 2593 5252 νοσεῖ,
2625 5180 2716 5237 καὶ
2774 5180 2861 5255 [ὃς
2916 5176 2995 5253 δὲ]
3054 5176 3295 5262 ὑγιαίνει,
3354 5176 3442 5232 καὶ
3496 5177 3650 5249 ὁμῶς
3704 5174 3928 5230 τοιαῦτά

516 5276 826 5346 fruitur,et
844 5297 969 5352 quae
994 5261 1336 5352 hujusmodi
1356 5278 1884 5335 innumerabiliain
1908 5278 2146 5335 humani

2272 5293 2393 5329 τινα
2452 5269 2617 5348 μυρία
2673 5268 2725 5327 έν
2787 5272 2868 5342 τῷ
2926 5261 3251 5345 ἀνθρωπίνῳ
3310 5263 3434 5342 βίῳ.
3477 5264 3575 5321 Καὶ
3622 5264 3651 5319 ὁ
3698 5264 3924 5341 Πέτρος·

589 5421 668 5494 (a)
696 5422 862 5480 Joan.
904 5439 981 5492 Ix,
1012 5425 1066 5492 2,
1099 5424 1154 5480 3.

1866 5544 2107 5602 VARIE
2143 5540 2553 5601 LECTIONES.

589 5684 637 5721 ⁸⁸
661 5680 817 5757 ὀρμῶ
850 5683 914 5740 Ο.
946 5684 991 5757 Ϊο
1016 5682 1079 5736 τό
1224 5686 1268 5726 ’τί
1301 5681 1890 5757 ἀνετίειψροιαειιῳ)
1920 5678 2067 5752 εἶμεν
2113 5682 2176 5735 Ο.
2226 5677 2274 5713 ⁷³
2322 5671 2478 5751 λέγον
2528 5673 2657 5746 (sic)
2706 5672 2771 5730 Ο.
2822 5670 2868 5709 ⁷⁸
2896 5688 2950 5726 εν
2999 5669 3220 5743 absque
3264 5668 3474 5743 spiritu
3524 5670 3616 5738 0.,
3648 5665 3750 5740 qui
3788 5665 3924 5724 dein

522 5750 810 5835 ἆγεννῆθη.
842 5757 887 5792 ⁷⁸
916 5753 1076 5831 εὕρης
1110 5756 1201 5825 0.,
1233 5755 1333 5827 qui
1363 5750 1496 5812 dein
1530 5751 1614 5810 διό
1646 5772 1703 5827 p.
1738 5750 1844 5807 διά.
