4140 6344
216 439 338 499 445

1332 438 1859 501 CLEMENTINA.
1892 469 1972 485 —
1996 439 2326 502 HOMILIA
2368 441 2531 502 XIX.

3510 440 3631 501 446

217 568 289 623 0'3
333 573 581 643 συνορᾷς,
634 569 678 622 ὦ
730 566 940 641 Σίμων,
976 567 1057 623 δτι
1106 567 1271 624 πάλιν
1322 568 1472 632 ἐκτὸς
1518 573 1614 623 τοῖ’)
1664 573 1867 623 σκοποῦ

1988 572 2099 626 vita
2128 571 2496 643 reperiuntur
2525 572 2657 627 alia.
2692 573 2762 628 Et
2790 573 3034 628 Petrus:
3082 572 3284 628 Nonne
3323 572 3503 639 vides,
3538 573 3628 627 Si-

214 657 343 719 τοὺς
416 656 618 731 λόγους
681 657 959 730 πέμπεις;
1028 660 1154 734 Περὶ
1224 663 1467 735 πονηροῦ
1535 660 1638 734 γὰρ
1712 661 1873 730 ἡμῶν

220 744 645 823 διαλεγομένων,
698 746 760 801 σὺ
805 746 1071 822 ἐκτροπὴν
1138 749 1367 817 ποιήσας
1416 747 1539 823 περὶ
1600 752 1706 802 τῶν
1781 745 1872 802 δο-

216 835 458 889 κούντων
490 836 666 905 ἀσοπη
681 838 861 908 μάτων
894 838 984 891 τὸν
1038 835 1203 911 λόγον
1256 836 1554 910 εἰσηγήσω.
1588 835 1741 905 Πλὴν
1783 836 1871 891 καὶ

219 925 295 986 εἷς
350 925 480 979 αὐτὸ
528 925 656 1001 ἐρῶ.
691 927 748 978 Ὀ
797 926 1000 998 κόσμος
1047 920 1275 1000 ὄργανόν
1326 925 1433 980 ἐστι
1473 930 1741 1001 τεχνικῶς
1784 946 1871 1001 γε-

218 1014 381 1088 γονὸς
436 1012 618 1085 ⁷⁵,Ἱνα
669 1018 747 1085 τῷ
796 1013 1036 1086 ἐσομένῳ
1084 1013 1263 1089 ἄρῥενι
1318 1014 1549 1075 αἰωνίως
1598 1017 1633 1083 ἡ
1680 1013 1874 1083 θήλεια

218 1101 375 1174 τίκτῃ
426 1099 669 1164 δικαίους
720 1102 971 1163 αἰωνίους
1022 1102 1189 1164 υἱούς.
1243 1102 1352 1157 Οὐκ
1401 1100 1651 1157 ἐδύναντο
1693 1099 1750 1157 δὲ
1794 1102 1875 1156 εὐ-

221 1186 399 1253 σεϐεῖς
433 1194 477 1227 ’³⁸
508 1190 730 1245 ἐνταῦθα
760 1190 1206 1262 ἀποτελεσθῆναι,
1240 1192 1285 1246 εί
1321 1193 1395 1264 μή
1432 1193 1565 1260 ἦσαν
1602 1193 1653 1245 οἱ
1678 1189 1874 1253 ἐνδεεῖς

219 1282 303 1340 οἷς
356 1279 831 1355 ἐπικουρήσουσιν.
891 1280 1125 1353 Ὁμοίως
1170 1301 1229 1334 τε
1274 1280 1364 1335 καί
1416 1279 1505 1335 διὰ
1562 1285 1724 1335 τοῦτο
1775 1280 1876 1335 εἶσὶ

217 1369 310 1422 καὶ
342 1372 645 1440 νοσοῦντες,
680 1370 754 1423 ὧν
804 1372 1221 1444 προνοήσουσιν.
1265 1370 1363 1424 Καὶ
1402 1370 1468 1424 τὰ
1512 1370 1636 1440 ἑξῆς
1680 1374 1875 1425 τοῦτον

217 1459 470 1533 περιέχει
510 1457 601 1512 τὸν
654 1458 837 1533 λόγον.
872 1459 970 1513 Καὶ
1015 1460 1043 1512 6
1086 1458 1296 1531 Σίμων·
1339 1458 1543 1513 Οὐκοῦν
1600 1459 1876 1534 ἠτύχηται

216 1553 339 1607 τοῖς
367 1552 682 1615 ταπεινοῖς;
716 1548 859 1622 Πρὸς
892 1547 995 1621 γαρ
1044 1548 1107 1601 τὸ
1156 1547 1579 1616 ἀποτελεσθῆναι
1636 1544 1877 1608 δικαίους

215 1634 376 1689 αὗτοὶ
430 1640 850 1711 κακουχοῦνται.
906 1636 1004 1690 Καὶ
1055 1637 1083 1690 6
1135 1637 1363 1711 Πέτρος·
1423 1636 1487 1692 Ei
1537 1637 1605 1705 ἦν
1655 1635 1879 1697 αἰώνιος

214 1723 542 1785 ταπείνωσις
611 1724 808 1791 αὐτῶν,
875 1724 1072 1799 ἀτυχία
1137 1723 1195 1778 ἂν
1260 1727 1325 1794 ῆν
1396 1724 1648 1799 μεγίστη.
1701 1722 1879 1779 Ἀλλᾶ

214 1814 356 1888 πρὸς
381 1818 462 1868 τῶ
491 1811 689 1886 κλήρῳ
716 1815 783 1867 τά
810 1815 1199 1886 ταπεινώματα
1228 1813 1320 1868 καὶ
1354 1814 1624 1887 ὑψώματα
1670 1813 1878 1889 ἀνθρώ-

214 1923 349 1963 ποις
380 1902 607 1977 γίνεται.
641 1904 709 1979 ’ῼ
757 1899 804 1956 δ’
852 1902 908 1956 ἂν
964 1903 1041 1975 μὴ
1093 1903 1289 1978 ἀρέσκῃ
1337 1904 1365 1957 6
1403 1902 1633 1977 κλῆρος,
1685 1897 1878 1956 ἔνεστιν
1913 1942 1958 2005 Β

218 1990 509 2060 ἂκλήτως
553 1990 897 2067 χρησάμενον
957 1991 1045 2045 καὶ
1110 1990 1363 2063 νομίμως
1430 1988 1877 2063 διαδικασάμενον

214 2082 315 2135 τὸν
351 2082 442 2135 ὑπ’
470 2081 634 2135 αὑτοῦ
669 2078 971 2152 ὑπαλλάξαι
1008 2080 1149 2154 βίον.
1183 2081 1279 2135 Καὶ
1330 2083 1357 2135 6
1410 2080 1615 2153 Σίμων’
1644 2082 1734 2142 Τίς
1786 2080 1877 2134 οὗ·

215 2192 315 2231 τος
364 2171 394 2224 6
444 2170 675 2242 κλῆρος,
706 2169 795 2223 καὶ
846 2167 1155 2239 ἔκκλητος;
1208 2169 1304 2223 Καὶ
1354 2171 1382 2224 6
1436 2171 1659 2245 Πέτρος·
1711 2174 1879 2224 Τοῦτο

218 2259 413 2335 ἑτέρου
473 2258 639 2334 λόγο)
698 2258 949 2333 ἐξήγησίς
997 2257 1159 2314 ἐστιν.
1210 2257 1361 2327 Πλὴν
1414 2258 1499 2313 ἐὰν
1568 2258 1877 2334 ἐπιτρέψῃς,

217 2346 394 2419 δεῖξαί
443 2369 526 2402 σοι
575 2345 869 2420 δυνάμεθα,
916 2352 1033 2409 πῶς
1075 2347 1450 2423 ἀναγεννηθεῖς
1500 2348 1587 2403 καὶ
1633 2349 1732 2416 τήν
1785 2345 1876 2423 γέ-

214 2458 362 2492 νεσιν
419 2436 730 2510 ὑπαλλάξας
772 2438 861 2491 καί
910 2436 1165 2510 νομίμως
1216 2438 1417 2511 βιώσας
1457 2437 1678 2492 αἰωνίου
1725 2438 1880 2511 τεύξῃ

220 2527 526 2602 σωτηρίας.

292 2706 486 2761 XXIV.
542 2704 644 2761 Καὶ
695 2705 723 2759 ὁ
783 2704 970 2777 Σίμων
1024 2708 1190 2759 ταῦτα
1250 2703 1483 2767 ἀκούσας
1548 2703 1672 2783 ἔφη’
1734 2707 1877 2775 Μήτι

217 2794 472 2867 νομίσῃς,
524 2794 597 2854 ὡς
667 2790 854 2861 ἐπειδὴ
919 2793 994 2854 εἷς
1057 2789 1278 2848 ἕκαστον
1341 2792 1635 2871 κεφάλαιον
1701 2797 1877 2863 ζητῶν

219 2884 322 2956 [σε]
356 2882 709 2953 συνετιθέμην
744 2882 820 2943 ὡς
851 2880 1381 2959 πληροφορούμενος
1412 2881 1493 2960 ἐφ’
1514 2885 1667 2940 894
1695 2879 1877 2958 ἕτερον

219 2968 527 3045 ἐρχόμενον
599 2968 945 3048 κεφάλαιονς
1034 2968 1159 3025 ἀλλ’
1237 2970 1458 3045 ἀγνοίας
1538 2992 1622 3025 σοι
1701 2971 1762 3025 τὸ
1836 2974 1878 3007 ⁷⁷

218 3060 495 3123 πείθεσθαι
548 3065 838 3135 παρεῖχον,
881 3056 970 3113 ’ίνα
1018 3057 1099 3114 ἐπ’
1147 3056 1287 3114 ἄλλο
1339 3058 1498 3134 ἔλθῃς
1562 3058 1877 3137 κεφάλαιον,

221 3149 379 3211 ὅπως
427 3147 603 3219 πάσης
644 3148 860 3224 ἀγνοίας
907 3170 1003 3202 σου
1073 3150 1256 3221 μαθὼν
1325 3149 1401 3221 μὴ
1474 3148 1877 3224 στοχαζόμενος

219 3240 620 3311 καταγινώσκω
691 3258 805 3293 σου.
867 3236 1043 3292 Ἀλλὰ
1094 3236 1727 3313 πεπληροφορημέ[νων]
1786 3245 1876 3293 νῦν

1986 678 2142 726 mon,
2177 666 2230 716 te
2283 661 2493 716 iterum
2527 667 2687 717 extra
2734 662 3095 733 propositum
3147 677 3446 716 sermones
3491 661 3627 717 mit-

1983 749 2146 805 tere?
2175 750 2354 805 Nobis
2382 751 2536 805 enim
2589 752 2659 805 de
2709 750 2861 806 malo
2911 750 3401 822 colloquentibus,
3434 751 3625 823 digre-

1984 839 2149 894 diens
2170 840 2649 910 disceptationem
2684 840 2753 894 de
2784 838 2857 893 iis
2880 844 2939 893 tu
2973 839 3317 909 introducis,
3351 856 3479 910 quae
3511 839 3622 894 sibi

1984 928 2378 983 contradicere
2408 928 2694 982 videntur.
2719 927 3113 983 Nihilominus
3134 928 3239 983 tibi
3265 928 3625 998 respondebo

1986 1017 2241 1072 Mundus
2272 1022 2360 1071 est
2389 1034 2535 1088 opus
2567 1018 2878 1072 artiﬁciose
2912 1018 3149 1081 factum,
3186 1021 3251 1072 ut
3280 1016 3539 1071 masculo
3566 1016 3627 1071 in

1984 1110 2156 1160 aetern
2168 1122 2264 1160 um
2284 1106 2478 1160 futuro
2495 1106 2705 1161 femina
2722 1105 2931 1177 pariatj
2945 1111 3181 1161 ustosae
3194 1111 3437 1161 aeternos
3452 1104 3624 1160 ﬁlios.

1982 1197 2054 1250 At
2085 1195 2166 1266 pii
2200 1194 2292 1249 hic
2315 1196 2385 1249 ad
2414 1196 2825 1265 perfectionem
2850 1196 3043 1250 venire
3074 1213 3186 1250 non
3222 1199 3479 1267 possent,
3513 1194 3628 1249 nisi

1986 1300 2272 1356 pauperes
2305 1286 2670 1350 exsisterent,
2721 1284 2935 1355 quibus
2969 1284 3251 1339 auxilium
3284 1285 3514 1340 ferrent.
3550 1283 3634 1337 Si-

1988 1370 2111 1427 mili
2138 1373 2307 1427 modo
2331 1377 2387 1427 et
2410 1378 2756 1445 aegrotantes
2775 1374 3008 1443 adsunt,
3034 1373 3250 1444 quibus
3274 1372 3634 1444 provideant.

1990 1461 2056 1516 Et
2084 1477 2150 1516 eo
2194 1466 2462 1532 spectant
2514 1462 2756 1533 reliqua.
2808 1462 2957 1517 Tum
3008 1462 3243 1517 Simon:
3277 1460 3424 1525 Quid
3473 1477 3633 1533 ergo,

1988 1564 2275 1620 pauperes
2303 1565 2493 1604 nonne
2526 1549 2788 1605 infelices
2819 1549 3007 1605 sunt?
3038 1549 3186 1605 Male
3218 1548 3496 1603 nimirum
3528 1565 3629 1620 pa-

1989 1637 2235 1701 tiuntur,
2269 1642 2333 1691 ut
2362 1638 2511 1708 justi
2541 1639 2611 1693 ad
2664 1638 3072 1709 perfectionem
3121 1638 3372 1693 veniant.
3427 1638 3494 1692 Et
3525 1641 3629 1692 Pe-

1988 1730 2156 1783 trus;
2198 1726 2254 1779 Si
2305 1743 2503 1781 eorum
2555 1726 2857 1782 humilitas
2904 1732 3059 1783 esset
3106 1731 3338 1794 (eterna,
3384 1726 3632 1781 infortu-

1990 1814 2153 1869 nium
2186 1820 2341 1870 esset
2366 1816 2707 1870 maximum.
2733 1817 2841 1871 Sed
2866 1816 3303 1871 bumiliationes
3332 1820 3388 1870 et
3417 1814 3634 1871 exalta-

1989 1902 2178 1959 tiones
2211 1904 2548 1959 hominibus
2591 1910 2747 1960 sorte
2801 1907 3218 1961 attribuuntur.
3275 1905 3377 1960 Cui
3437 1908 3631 1960 autem

1988 2008 2116 2047 sors
2149 2010 2261 2047 non
2298 1993 2504 2063 placet,
2539 1993 2617 2047 illi
2654 1993 2785 2049 licet
2829 1994 3031 2057 vitam,
3064 2011 3180 2064 qua
3219 1993 3401 2048 electa
3433 1993 3635 2059 utitur,

1988 2085 2141 2136 recte
2157 2081 2535 2152 dijudicatam
2560 2099 2661 2153 per
2677 2082 3057 2152 semetipsum
3081 2087 3461 2137 commutare.
3486 2082 3632 2136 Tum

1986 2168 2217 2223 Simon:
2248 2172 2524 2236 Quaenam
2546 2176 2634 2225 est
2663 2170 2760 2226 illa
2790 2188 2937 2237 sors,
2972 2175 3027 2226 et
3058 2188 3124 2226 ea
3156 2171 3392 2243 quidem
3421 2170 3632 2226 electa?

1990 2256 2057 2312 Et
2085 2257 2328 2314 Petrus:
2380 2260 2497 2314 Hoc
2538 2259 2687 2315 alius
2737 2260 3165 2331 disquisitionis
3214 2264 3628 2332 argumentum

1988 2350 2095 2401 est.
2131 2346 2569 2413 Verumtamen,
2604 2350 2650 2404 si
2700 2366 2814 2402 non
2847 2348 3119 2416 vetueris,
3169 2349 3272 2404 tibi
3324 2349 3630 2403 ostendere

1987 2452 2325 2508 possumus,
2345 2438 2635 2508 quomodo
2656 2439 3026 2510 generatione
3044 2442 3400 2493 commutata
3421 2438 3632 2492 iterum

1988 2531 2167 2581 natus
2197 2530 2259 2580 tu
2294 2531 2446 2582 recte
2477 2527 2719 2583 vivendo
2758 2531 3037 2583 aeternam
3086 2526 3342 2582 salutem
3388 2525 3635 2598 adipisci

1986 2615 2203 2671 valeas.

2060 2704 2252 2760 XXIV.
2286 2704 2509 2769 Quibus
2538 2704 2756 2759 auditis
2781 2705 2986 2761 Simon
3013 2704 3314 2777 respondit
3340 2722 3351 2761 :
3404 2706 3488 2760 An
3522 2720 3636 2759 non

1988 2793 2289 2865 intelligis,
2322 2795 2616 2866 quomodo
2647 2794 3011 2867 capitulatim
3044 2795 3380 2866 disquirens
3422 2794 3528 2850 tibi
3562 2795 3632 2849 ad

1989 2882 2317 2954 proximum
2366 2883 2755 2955 progredienti
2798 2889 2974 2955 caput
3022 2884 3416 2939 consenserim
3466 2882 3631 2955 quasi

1988 2972 2371 3027 satisfactus?
2398 2974 2508 3028 Sed
2571 2974 2701 3028 dedi
2752 2973 3117 3029 occasionem
3174 2973 3467 3028 inscitiam
3527 2972 3632 3028 tibi

1988 3061 2397 3133 persuadendi,
2424 3066 2489 3117 ut
2517 3062 2585 3117 ad
2618 3061 2775 3117 aliud
2799 3063 3118 3134 capitulum
3146 3078 3490 3134 progressus
3512 3065 3635 3117 tota

1988 3149 2323 3222 ignorantia
2352 3155 2453 3205 tua
2485 3152 2715 3223 cognita
2764 3169 2881 3206 non
2932 3152 3267 3221 conjectans
3322 3155 3376 3206 te
3421 3151 3635 3221 dijudi-

1994 3255 2139 3295 cem.
2174 3240 2284 3294 Sed
2318 3243 2434 3294 tres
2464 3257 2597 3295 cum
2640 3242 2765 3311 jam
2800 3240 3180 3311 praeterierint
3210 3240 3354 3308 dies,
3406 3255 3637 3294 mecum

216 3325 330 3397 ἤδη
379 3308 430 3363 ⁷⁷⁸
476 3332 642 3402 τριῶν
694 3329 918 3401 ἡμερῶν
967 3348 1059 3399 μοι
1111 3308 1491 3403 συγχώρησον,
1542 3308 1630 3382 καὶ
1703 3308 1876 3393 έλθὼν

1993 3329 2215 3384 dissere
2244 3333 2299 3382 et
2324 3329 2719 3384 continuando
2741 3346 2845 3401 ego
2868 3330 3170 3384 ostendam
3204 3333 3260 3383 te
3291 3326 3434 3382 nihil
3467 3327 3638 3382 scire.

214 3412 380 3488 δείξω
412 3438 470 3471 σε
505 3414 672 3488 μηδὲν
717 3414 917 3471 εἰδότα.
952 3416 1136 3473 Ταῦτα
1181 3420 1278 3470 τοῦ
1330 3417 1581 3489 Σίμωνος
1634 3416 1879 3479 εἰπόντος

213 3507 305 3559 καὶ
369 3504 565 3575 ἐξιέδαι
621 3503 924 3577 μέλλοντος
997 3506 1025 3559 6
1070 3505 1199 3577 ἐμὸς
1251 3503 1350 3582 ἔφη
1412 3508 1611 3578 πατήρ·
1664 3507 1882 3582 Βραχέα

216 3616 349 3667 μου,
414 3594 623 3666 Σίμων,
670 3593 991 3665 ἐπακούσας,
1046 3593 1119 3655 ὥς
1194 3615 1277 3647 σοι
1343 3592 1504 3670 φίλον
1565 3594 1725 3663 ἐστὶν,
1778 3617 1877 3651 πο-

214 3683 404 3759 ρεύου.
440 3684 631 3755 Μέμνη
646 3704 761 3755 μαι,
795 3684 869 3745 ὡς
900 3685 999 3751 τῆν
1029 3683 1206 3758 ἀρχὴν
1252 3683 1359 3759 πρό
1417 3686 1517 3752 τῆς
1578 3687 1879 3758 ζητήσεως,

212 3773 288 3834 ὡς
344 3775 519 3844 μήπω
568 3774 754 3848 πεῖράν
812 3794 915 3845 μου
968 3768 1175 3839 λαϐὼν,
1225 3771 1535 3847 προλήψεις
1588 3795 1693 3846 μου
1732 3776 1881 3829 κατέ-

213 3883 393 3937 φερες.
430 3862 529 3916 Καὶ
559 3866 651 3915 νῦν
688 3860 745 3916 δὲ
796 3860 1135 3931 ἐπαλλήλως
1181 3861 1411 3923 ἀκούσας
1449 3870 1550 3931 τῆς
1599 3865 1880 3933 ζητήσεως

214 3951 304 4006 καὶ
359 3953 563 4024 Πέτρον
605 3954 651 3988 7°
698 3950 749 4006 ἐν
803 3951 1050 4025 ὑπεροχῇ
1098 3949 1263 4024 γνοὺς
1304 3951 1394 4005 καὶ
1441 3952 1586 4023 αύτῴ
1630 3953 1693 4007 τὸ
1741 3951 1879 4023 ἀλη-

214 4040 389 4103 θεύειν
448 4044 541 4093 νῦν
600 4037 748 4110 δοὺς,
780 4038 833 4094 τί
891 4060 973 4093 σοι
1037 4039 1292 4116 φαίνομαι
1343 4039 1521 4116 ὀρθῶς
1571 4040 1767 4113 κρίνειν
1803 4041 1879 4096 εἴ·

213 4126 341 4199 δὼς,
375 4130 410 4197 ἢ
447 4127 549 4199 οῧ;
582 4129 645 4183 Εἰ
708 4131 802 4201 μέν
862 4130 965 4203 γὰρ
1028 4128 1204 4204 ὀρθῶς
1259 4128 1519 4205 κρίναντά
1579 4152 1645 4202 με
1691 4130 1881 4209 φαίης,

218 4221 291 4291 μῆ
346 4221 538 4290 συνθῇ,
594 4216 688 4273 ἵνα
748 4220 823 4291 μὴ
878 4201 1146 4295 νφαίνῃ-δο
1199 4201 1735 4291 προειλημμένος,ὑ
1792 4201 1882 4274 καἱ

216 4308 354 4380 μετά
410 4306 710 4382 ὁμολογίαν
765 4306 945 4375 ἥττων
1002 4309 1046 4344 ⁸¹
1081 4305 1365 4369 συνθέσθαι
1427 4308 1501 4380 μὴ
1561 4308 1757 4365 θέλων.
1824 4308 1887 4363 Εἴ

212 4394 257 4451 δ’
288 4398 392 4472 ἆρα
426 4398 503 4469 μὴ
540 4395 715 4471 ὀρθῶς
760 4396 851 4450 τὸν
898 4394 1095 4469 Πέτρον
1148 4393 1199 4448 ἐν
1256 4396 1503 4471 ὑπεροχῇ
1557 4403 1657 4465 τῆς
1710 4400 1881 4467 ζητή-

210 4507 347 4547 σεως
382 4485 791 4559 ἀπεφαινόμην,
824 4484 887 4538 σὺ
940 4486 1088 4557 ἡμᾶς
1142 4489 1353 4552 πεῖσον,
1385 4489 1501 4545 πῶς
1556 4484 1655 4539 οὐκ
1710 4485 1883 4557 ὀρθῶς

208 4574 523 4651 ἐκρίναμεν,
557 4576 591 4643 ἢ
623 4579 721 4629 τοῦ
756 4580 934 4644 ζητεῖν
966 4574 1115 4645 αὐτῷ
1145 4573 1231 4629 ἐπὶ
1285 4573 1497 4627 πάντων
1554 4575 1628 4647 μὴ
1679 4574 1877 4650 παύσῃ,

1990 3421 2121 3471 Haec
2155 3434 2287 3473 cum
2322 3417 2520 3473 Simon
2543 3417 2771 3473 locutus
2803 3421 2956 3473 esset
2982 3421 3037 3472 et
3063 3432 3216 3472 ex1re
3250 3415 3440 3485 vellet,
3475 3421 3637 3488 pater

1992 3523 2160 3562 meus
2218 3507 2401 3563 dixit:
2460 3506 2771 3561 Paululum
2832 3524 2923 3562 me
2979 3505 3264 3577 ausculta,
3323 3504 3546 3575 Simon,
3577 3509 3635 3561 et

1992 3600 2213 3669 postea,
2246 3597 2293 3651 si
2328 3595 2511 3661 lubet,
2542 3595 2926 3668 proﬁciscere.
2962 3595 3200 3650 Memini
3232 3599 3285 3649 te
3316 3595 3479 3650 initio
3512 3596 3630 3651 dis-

1992 3684 2334 3759 putationis,
2382 3686 2550 3756 quasi
2602 3702 2694 3740 me
2742 3702 2857 3741 non
2906 3685 3264 3758 cognoveris,
3333 3684 3635 3740 divinatio-

1992 3792 2097 3830 nes
2150 3790 2310 3829 meas
2368 3775 2808 3847 contempsisse.
2871 3775 2980 3830 Sed
3032 3776 3156 3845 jam
3216 3790 3349 3828 cum
3395 3773 3634 3829 alterius

1993 3863 2178 3936 partis
2210 3863 2675 3936 disquisitionem
2728 3864 3068 3933 audiverim,
3121 3868 3349 3918 rectene
3388 3862 3493 3917 tibi
3527 3866 3639 3916 sta-

1992 3958 2155 4008 tuere
2185 3952 2383 4007 videor
2411 3970 2484 4009 an
2520 3970 2654 4024 non,
2688 3952 2737 4008 si
2772 3953 3000 4008 Petrum
3035 3957 3089 4007 te
3120 3952 3476 4023 superiorem
3510 3967 3639 4006 cre-

1992 4042 2265 4113 diderim,
2297 4058 2549 4113 eumque
2582 4059 2783 4097 verum
2821 4042 3013 4097 dicere
3060 4040 3385 4096 conﬁtear?
3416 4040 3473 4095 Si
3509 4039 3634 4111 qui-

1992 4132 2127 4186 dem
2159 4136 2312 4186 recte
2370 4148 2464 4186 me
2494 4146 2729 4186 censere
2777 4130 2943 4197 dicis,
3007 4130 3121 4185 noli
3158 4129 3393 4201 pacisci,
3453 4144 3523 4183 ne
3553 4128 3637 4182 vi-

1993 4220 2184 4275 dearis
2217 4220 2487 4291 quamvis
2536 4226 2975 4291 praeoccupatus
3015 4219 3100 4274 vel
3149 4236 3216 4273 ex
3264 4235 3550 4273 consensu
3579 4222 3637 4272 et

1990 4310 2178 4364 victus
2235 4308 2384 4364 nolle
2441 4310 2801 4379 concedere._
2836 4309 2939 4364 Sin
2998 4308 3228 4362 Petrum
3280 4306 3340 4361 in
3372 4307 3636 4378 disputa-

1989 4397 2146 4454 tione
2178 4400 2537 4471 superiorem
2570 4414 2697 4454 esse
2729 4416 2842 4453 non
2890 4402 3039 4452 recte
3069 4397 3473 4460 ostendebam,
3508 4410 3634 4467 per-

1992 4489 2172 4544 suade
2203 4488 2391 4555 nobis,
2420 4489 2712 4559 quomodo
2744 4504 2857 4543 non
2892 4492 3043 4541 recte
3082 4484 3503 4549 censuerimus,
3536 4487 3637 4537 aut

1992 4577 2107 4632 noli
2138 4594 2367 4633 cessare
2410 4594 2443 4632 a
2472 4577 2881 4649 disquisitione
2925 4592 3119 4632 coram
3170 4574 3466 4641 omnibus,
3499 4588 3633 4626 cum

207 4664 321 4720 ἐπεὶ
382 4662 529 4718 ἔσται
580 4685 663 4717 σοι
706 4662 959 4718 ἑκάστοτε
1008 4665 1317 4737 ἡττωμένῳ
1367 4662 1455 4717 καὶ
1490 4663 1873 4737 συντιθεμένῳ-

1989 4666 2096 4721 tibi
2128 4666 2473 4721 alterutrum
2530 4666 2742 4738 eligere
2798 4665 3012 4733 licebit,
3070 4668 3171 4718 aut
3224 4660 3487 4733 superari
3532 4663 3654 4714 aut.

207 4754 275 4810 Ἦ
310 4751 368 4807 δε
396 4754 464 4808 τὸ
522 4749 783 4816 αἰδεῖσθαι
845 4747 991 4828 ἔχεις
1038 4754 1143 4807 ἀπὸ
1194 4751 1409 4807 πάντων
1459 4756 1563 4805 τῶν
1594 4753 1873 4829 ἀκροατῶν

208 4842 327 4898 ἀντὶ
364 4840 628 4917 μεγίστης
658 4840 930 4916 τιμωρίας
976 4840 1505 4915 καταγινωσκομένῳ
1554 4841 1641 4895 καὶ
1696 4841 1867 4917 ἀσχη-

209 4936 469 5005 μονοῦντι
500 4931 604 4986 ὑπὸ
637 4928 989 5001 συνειδήσεως
1016 4933 1064 4967 ⁸³
1100 4932 1199 4999 τήν
1252 4934 1476 4985 σεαυτοῦ
1528 4929 1714 5005 ἀλγεῖν
1766 4934 1867 5005 ψυ-

206 5024 342 5097 χτίΨ
375 5021 443 5074 τὸ
487 5020 590 5094 γάρ
638 5020 945 5087 νενικῆσθαι
994 5012 1139 5095 ἔργῳ
1188 5016 1423 5091 εἷίδομεν,
1454 5018 1545 5072 τὸν
1597 5016 1654 5073 δὲ
1703 5018 1868 5094 ἐπαγ-

203 5108 549 5185 γελλόμενόν
579 5130 674 5163 σου
706 5108 873 5183 λόγον
906 5106 1236 5179 ἠκούσαμεν.
1272 5108 1443 5183 Πέρας
1473 5111 1600 5183 γοῦν
1637 5106 1736 5162 οὐκ
1785 5106 1865 5161 ol-

207 5220 325 5272 μαι,
360 5200 420 5253 σὲ
474 5198 561 5252 ἐπὶ
607 5200 708 5268 τῆν
762 5199 986 5268 ζήτησιν
1034 5199 1182 5255 ³95
1230 5194 1427 5265 ἐλθεῖν,
1462 5196 1537 5258 ὡς
1600 5196 1864 5272 ὑπέσχου,

202 5287 348 5344 ἀλλά
396 5289 534 5362 πρὸς
581 5291 661 5359 τῷ
709 5284 884 5342 δοκεῖν
941 5286 1017 5360 μή
1070 5284 1337 5341 αἰτιᾶσθαι
1367 5287 1412 5321 ⁸⁸
1442 5283 1595 5356 ἐξιὼν
1640 5283 1865 5341 ἐπανελ-

204 5378 313 5431 θεῖν
348 5376 564 5452 ὁπέσχη
572 5397 658 5431 σαι
692 5377 757 5433 ⁸⁵.

1988 4771 2354 4828 componere.
2387 4757 2498 4810 Sed
2544 4760 2607 4810 tu
2662 4755 2909 4810 fortasse
2938 4753 3156 4825 pudere
3208 4766 3403 4807 coram
3435 4747 3627 4804 omni-

1980 4844 2092 4900 bus
2122 4843 2491 4899 auditoribus
2542 4844 2855 4898 maximam
2903 4847 3075 4913 putas
3134 4856 3365 4912 pmnam
3421 4837 3493 4908 ei,
3527 4834 3626 4909 qui

1979 4934 2340 5005 dijudicatus
2370 4936 2477 5000 est,
2512 4932 2648 5003 quia
2670 4937 2862 5003 partes
2885 4930 3036 4986 male
3066 4930 3245 5001 egerit
3270 4948 3285 4996 ς
3316 4932 3372 4983 et
3402 4943 3470 4982 ex
3499 4942 3629 4980 con-

1979 5022 2224 5078 scientia
2254 5021 2509 5076 dolorem
2544 5024 2835 5092 patiatur;
2872 5037 3005 5074 nam
3056 5018 3274 5072 victum
3324 5021 3378 5071 te
3409 5030 3537 5070 esse
3565 5029 3627 5067 re

1976 5112 2107 5184 ipsa
2138 5110 2381 5176 scimus,
2404 5126 2535 5164 cum
2569 5108 2893 5165 orationem
2926 5112 3038 5163 ate
3070 5105 3354 5179 prolatam
3391 5103 3627 5159 audive-

1977 5200 2184 5255 rimus.
2234 5200 2514 5254 Praeterea
2558 5214 2791 5269 quoque
2840 5214 2953 5252 non
2992 5197 3162 5251 credo
3211 5199 3266 5249 te
3298 5194 3526 5249 venisse
3557 5192 3628 5247 ad

1975 5288 2459 5360 disputationem,
2509 5286 3005 5358 quemadmodum
3060 5284 3437 5357 promiseras,
3500 5282 3624 5349 sed,

1976 5394 2048 5434 ne
2080 5377 2367 5449 argueris,
2400 5375 2728 5433 rediturum
2758 5378 2814 5431 te
2842 5373 3037 5431 exiens
3068 5372 3414 5446 promisisti.

1548 5518 1790 5575 VARUE
1830 5518 2249 5578 LECTIONES.

272 5636 316 5671 τι
345 5633 587 5709 γεγονώς
619 5635 763 5709 0.]5
793 5633 1102 5709 Itaiserib.
1122 5637 1343 5709 monet_
1366 5634 1746 5709 amanugensis
1795 5634 2014 5709 codicis
2058 5635 2123 5709 0.
2156 5636 2217 5709 in
2269 5634 2553 5709 margine,
2598 5626 2805 5709 ἀσεϐεῖς
2838 5631 2913 5709 _in
2959 5635 3141 5709 textu.
3170 5633 3338 5709 Τίτος)
3369 5634 3428 5686 0.
3460 5630 3619 5709 τῆνἰξν

205 5704 260 5761 δέ
288 5702 437 5776 0.,’π
458 5706 655 5776 πέτρος
684 5706 772 5776 0.,
806 5708 905 5776 qui
936 5706 1142 5762 deinde
1172 5702 1344 5776 miti

203 5774 592 5846 συνειδηάσεως
626 5781 686 5834 Ο.
718 5774 767 5816 ⁸³
795 5774 1057 5840 αἲτεῖσθαι
1089 5780 1152 5833 0.
1185 5776 1231 5812 ⁸⁸
1263 5774 1567 5851 ὑπέσχηται
1600 5780 1665 5832 0.

1375 5722 1431 5777 p.
1469 5702 1539 5760 τί.
1572 5702 1728 5783 “ilva
1761 5706 1835 5777 μὴ
1872 5705 2031 5783 φαίνῃ
2062 5707 2196 5763 dedi
2228 5723 2295 5762 ex
2326 5700 2683 5778 conjectura,
2718 5700 2775 5759 δὲ
2804 5702 2867 5758 σὺ
2918 5702 3075 5780 φαίνῃ
3118 5708 3177 5762 0.
3212 5704 3256 5741 ⁸¹
3289 5704 3451 5771 ἧτταν
3486 5707 3548 5757 0.
3580 5703 3625 5738 ⁸³
