4140 6344
497 390 621 451 447

1318 389 1384 449 S.
1430 386 1876 449 CLEMENTIS
1920 386 1945 450 Ι
1990 385 2182 448 ROM.
2226 386 2457 449 PONT.
2505 387 2770 452 OPERA
2812 390 3081 454 DUBIA.

3778 389 3903 451 «148

573 522 741 579 XXV.
770 523 849 578 Ac
904 521 1125 591 Simon,
1187 537 1322 576 cum
1380 520 1505 576 haec
1560 519 1840 587 audisset,
1899 537 2013 591 praa
2055 520 2142 575 ira

2324 520 2486 575 XXV.
2520 520 2576 575 Ὁ
2608 518 2665 576 δὲ
2694 521 2883 595 Σίμων
2930 526 3100 578 ταῦτα
3140 521 3372 586 ἀκούσας
3424 521 3525 577 ὑπὸ
3570 520 3740 598 ὀργῆς
3768 520 3903 585 τοὺς

504 612 779 669 dentibus
812 610 1066 666 stridens
1108 610 1280 665 tacite
1310 610 1472 665 abiit.
1526 610 1730 665 Petrus
1763 613 1957 665 autem
2010 626 2142 664 cum

505 718 619 758 non
654 717 907 773 paucum
948 699 1227 771 temporis
1258 698 1371 754 diei
1416 703 1767 769 superesset,
1809 697 2039 770 aegrotis
2072 698 2141 752 ad

500 790 833 847 sanandum
887 789 1156 844 manibus
1206 787 1519 859 impositis,
1571 788 2007 843 multitudinem
2057 789 2142 842 di-

500 880 682 948 misit,
716 895 969 949 cumque
1001 877 1389 932 familiaribus
1418 877 1660 932 domum
1686 877 1989 950 ingressus
2012 893 2144 933 con-

485 969 661 1025 sedit.
693 968 842 1022 Tum
876 967 1157 1021 comitum
1192 984 1365 1035 unus,
1401 966 1493 1020 cui
1545 966 1853 1038 Sophoniaa
1885 983 2096 1022 nomen
2126 984 2137 1021 :

485 1056 857 1126 Benedictus,
891 1055 1109 1126 inquit,
1141 1055 1217 1111 sit
1249 1055 1424 1120 Deus,
1457 1054 1556 1127 qui
1594 1060 1671 1126 te,
1728 1056 1914 1123 Petre,
1946 1056 2139 1128 elegit,

483 1150 551 1203 ut
582 1146 744 1218 probi
780 1145 1084 1217 sapientiae
1135 1145 1504 1216 acquiescere
1545 1149 1802 1216 possent.
1837 1145 1982 1200 Nam
2013 1162 2141 1202 vere

482 1235 796 1307 magnifice
827 1238 885 1288 et
916 1250 1047 1288 cum
1071 1232 1353 1305 patientia
1381 1242 1579 1288 contra
1607 1233 1904 1289 Simonem
1937 1234 2139 1306 dispu-

479 1324 644 1380 tasti.
679 1323 845 1378 Nunc
878 1339 911 1376 a
942 1326 997 1376 te
1030 1322 1305 1393 petimus,
1338 1325 1402 1377 ut
1431 1326 1489 1376 et
1518 1321 1685 1377 nobis
1717 1322 1786 1377 de
1817 1322 1989 1377 malis
2020 1322 2130 1378 col-

484 1412 769 1485 loquaris,
801 1416 1103 1483 sperantes
1135 1410 1533 1480 genuiniorem
1568 1416 1620 1465 te
1653 1411 1820 1466 nobis
1848 1412 2138 1468 facturum

486 1516 837 1566 sermonem,
876 1516 989 1554 non
1022 1504 1217 1554 autem
1245 1500 1369 1570 jam
1406 1499 1513 1554 bac
1542 1499 1706 1571 hora,
1757 1502 1858 1556 sed
1904 1517 2054 1569 cras,
2089 1502 2136 1556 si

488 1589 593 1646 tibi
626 1592 849 1662 placet:
886 1588 1101 1643 etenim
1135 1589 1494 1660 parcendum
1527 1589 1631 1644 tibi
1663 1594 1752 1644 est
1783 1590 1854 1645 ob
1885 1589 2135 1659 labores,

492 1695 640 1753 quos
670 1679 728 1733 in
752 1676 1163 1749 disquisitione
1196 1677 1503 1750 pertulisti.
1543 1679 1863 1752 Respondit
1894 1680 2132 1736 Petrus:

484 1767 642 1826 Scire
673 1784 774 1823 vos
826 1767 976 1833 volo,
1028 1768 1179 1822 inter
1221 1768 1381 1839 ipsos
1433 1767 1663 1824 labores
1716 1785 1851 1824 eum
1900 1770 2136 1842 acquie-

2254 604 2477 670 ἆδόντας
2539 611 2755 686 βρύξας,
2817 616 3034 666 σιωπῶν
3088 612 3350 689 ἐπορεύθη
3387 657 3399 670 ,
3457 617 3512 665 ‘0
3582 609 3640 666 δὲ
3698 609 3905 687 Πέτρος

2253 692 2331 751 ἔτι
2362 696 2506 772 ὥρας
2538 699 2637 754 οὐκ
2679 698 2876 775 ὀλίγης
2926 697 3091 771 οὔσης
3129 702 3220 756 τὸν
3271 699 3444 757 πολὺν
3492 695 3665 777 ὄχλον
3717 719 3908 776 χειρο-

2251 786 2478 857 θετήσας
2535 788 2673 864 πρὸς
2721 787 2867 845 ’ίασιν
2928 790 3017 845 καὶ
3079 788 3379 858 ἀπολύσας,
3441 790 3574 864 μετὰ
3626 793 3732 843 τῶν
3781 809 3906 843 συν-

2252 875 2554 951 ηθεστέρων
2605 876 2784 932 εἰσιὼν
2841 875 2981 934 οἶκοι
3040 877 3329 949 έκαθέσθη.
3389 878 3491 937 Καὶ
3523 876 3588 949 δή
3650 899 3735 940 τις
3790 882 3904 933 τῶν

2252 962 2568 1029 ἀκολούθων
2622 966 2902 1043 Σοφωνίας
2948 970 2993 1005 ⁸⁸
3040 963 3212 1042 ὄνομα
3260 966 3385 1046 ἔφη’
3419 965 3755 1043 Εὐλόγηται,
3797 967 3905 1022 Πέ-

2248 1072 2361 1128 τρε,
2412 1054 2440 1107 ὁ
2490 1055 2641 1125 Θεὸς,
2693 1057 2720 1110 ὁ
2769 1055 3120 1129 ἐκλεξάμενός
3166 1078 3224 1112 σε
3274 1056 3365 1111 καὶ
3423 1056 3618 1135 σοφίας
3669 1054 3908 1111 ἀναπαύ-

2247 1162 2385 1206 σεως
2423 1145 2516 1217 μὲν
2564 1141 2739 1200 ἕνεκεν
2787 1151 2893 1201 τῶν
2938 1146 3333 1222 εὐγνωμόνων·
3386 1144 3607 1217 άληθῶς
3654 1147 3755 1222 γὰρ
3810 1166 3910 1219 με-

2248 1230 2435 1308 γάλως
2484 1232 2573 1288 καὶ
2630 1234 2949 1305 ἀνεξικάκως
3002 1233 3316 1311 διειλέχθης
3363 1237 3408 1272 ⁸⁸
3469 1235 3609 1311 πρὸς
3657 1234 3907 1308 Σίμωνα.

2248 1321 2347 1375 Καὶ
2381 1322 2517 1395 ἡμῖν
2552 1319 2609 1377 δὲ
2639 1322 2762 1400 περί
2808 1328 3061 1400 πονηρῶν
3115 1321 3475 1400 διαλεχθῆναί
3526 1343 3585 1379 σε
3629 1320 3909 1396 ἀξιοῦμεν,

2248 1407 2556 1479 ἐλπίζοντες
2606 1413 2974 1487 γνησιώτερόν
3022 1434 3079 1468 σε
3129 1415 3264 1486 ἡμῖν
3314 1413 3405 1467 τὸν
3455 1412 3580 1489 περῖ
3621 1412 3785 1467 αὐτοῦ
3816 1410 3907 1467 ἐκ·

2249 1497 2407 1577 φάναι
2454 1498 2638 1577 λόγον,
2688 1501 2777 1556 καὶ
2826 1500 2993 1558 ταῦτα
3043 1502 3143 1557 οὐκ
3190 1502 3359 1572 αὐτῆς
3415 1500 3580 1579 ὥρας,
3632 1498 3760 1556 ἀλλ’
3806 1496 3907 1554 αὕ-

2249 1607 2388 1660 ριον,
2439 1586 2493 1643 εἷ’
2530 1610 2615 1644 σοι
2665 1588 2823 1668 φίλον
2864 1590 3033 1646 ἐστίν·
3070 1590 3503 1667 συγγινώσκομεν
3552 1590 3653 1666 γάρ
3695 1586 3906 1645 σοιδιὰ

2243 1679 2373 1742 τοὺς
2428 1679 2486 1736 ἐκ
2528 1687 2629 1750 τῆς
2679 1683 2956 1753 ζητήσεως
3006 1679 3304 1754 καμάτους.
3338 1680 3439 1735 Καὶ
3489 1680 3517 1735 ὁ
3551 1685 3779 1757 Πέτρος·
3811 1679 3910 1734 Εἶ-

2247 1765 2393 1823 δέναι
2425 1769 2565 1843 ὑμᾶς
2596 1769 2763 1839 θέλω,
2796 1769 2878 1826 ὅτι
2910 1772 2937 1826 ὁ
2974 1770 3107 1843 μετᾶ
3145 1767 3352 1842 ἡδονῆς
3397 1773 3570 1824 ποιῶν
3600 1790 3653 1824 τι
3687 1768 3776 1824 ὑπ’
3806 1766 3911 1822 αύ-

488 1874 670 1929 scere,
704 1856 802 1928 qui
836 1856 1108 1912 lubenter
1136 1856 1381 1927 laborat,
1415 1875 1570 1926 cum,
1619 1860 1719 1931 qui
1752 1859 1970 1915 invitus
2001 1876 2134 1932 ope-

2259 1862 2352 1912 εῶν
2383 1861 2490 1913 τῶν
2534 1858 2792 1932 καμάτων
2844 1857 3188 1931 ἀναπαύεται,
3235 1860 3309 1933 μή
3343 1861 3517 1913 ποιῶν
3554 1854 3611 1912 δὲ
3640 1856 3674 1911 ’ὰ
3708 1854 3907 1932 βούλε-

489 1950 671 2017 retur,
704 1946 761 1999 in
793 1944 922 2017 ipsa
961 1946 1154 2017 quiete
1200 1946 1288 2001 vel
1338 1948 1588 2002 maxime
1632 1946 1875 2004 laboret.
1934 1949 2135 2021 Itaque

2259 1966 2332 2000 ται
2393 1947 2481 2001 ὑπ’
2538 1947 2706 2017 αὐτῆς
2761 1954 2861 2017 τῆς
2918 1947 3265 2010 ἀναπαύσεως
3311 1946 3507 2020 κάμνει
3553 1946 3621 2001 τὰ
3661 1943 3910 2021 μέγιστα.

490 2035 808 2093 maximam
842 2034 986 2089 mibi
1010 2035 1424 2091 recreationem
1450 2036 1739 2107 praebetis,
1765 2037 1811 2092 si
1846 2054 1937 2093 me
1968 2039 2038 2093 de
2065 2037 2137 2094 iis

492 2123 743 2195 colloqui
780 2123 986 2191 facitis,
1040 2140 1167 2195 quas
1219 2124 1361 2178 mihi
1401 2124 1459 2180 in
1504 2125 1728 2182 deliciis
1760 2131 1917 2181 sunt.
1952 2128 2036 2182 Ita
2066 2128 2138 2182 de

497 2213 742 2270 consilio
773 2214 900 2283 ejus
953 2212 1237 2267 satisfacti
1281 2218 1339 2268 et
1387 2213 1719 2270 lassitudini
1768 2215 2139 2289 indulgentes

499 2302 835 2375 rogavimus
866 2306 932 2356 ut
956 2301 1016 2357 in
1051 2306 1276 2357 noctem
1322 2303 1598 2375 differret,
1641 2305 2139 2376 quemadmodum

499 2407 627 2447 mos
686 2390 737 2446 ei
794 2395 916 2446 erat
967 2407 1101 2446 cum
1162 2391 1550 2448 familiaribus
1614 2392 2003 2466 colloquendi.
2063 2396 2142 2450 Ac

493 2484 698 2554 postea
727 2480 856 2537 cibo
888 2485 1125 2554 sumpto
1149 2481 1219 2538 ad
1252 2498 1527 2539 somnum
1555 2483 1817 2541 conversi
1841 2501 2069 2541 sumus.

1092 2767 1393 2824 HOMILIA
1432 2768 1545 2825 XX.

573 2891 616 2947 Ι.
648 2891 758 2947 Ubi
792 2895 967 2948 noctu
1015 2892 1286 2960 surrexit,
1335 2893 1504 2949 nobis
1547 2895 1964 2967 expergefactis
2012 2912 2147 2952 con-

500 2981 651 3038 sedit
683 2982 1006 3036 secundum
1050 2998 1271 3037 morem
1304 2987 1361 3037 et
1390 2982 1569 3038 dixit:
1623 2989 1981 3057 Interrogate
2029 3001 2143 3056 me,

500 3069 572 3125 de
598 3070 813 3141 quibus
845 3069 1027 3125 lubet.
1061 3071 1212 3126 Tum
1246 3071 1575 3142 Sophonias
1607 3072 1833 3143 primus
1875 3073 1928 3129 ei
1958 3074 2146 3130 dicere

498 3157 771 3229 incoepit:
808 3158 1041 3229 Explica
1096 3159 1265 3215 nobis
1296 3159 1517 3216 discere
1571 3162 1962 3233 cupientibus,
2003 3164 2145 3235 quid

2245 2036 2405 2091 Ὥστε
2456 2057 2549 2109 μοι
2596 2038 2663 2091 τὰ
2713 2035 2927 2112 μεγάλα
2965 2044 3067 2107 τῆς
3116 2035 3461 2099 ἀναπαύσεως
3512 2034 3796 2111 χαρίζεσθε
3824 2035 3895 2089 τὰ

2248 2123 2371 2198 ἐμοὶ
2417 2124 2551 2203 φίλα
2595 2123 2934 2202 διαλέγεσθαι
2981 2130 3279 2189 ποιοῦντες.
3310 2125 3467 2194 Πλὴν
3517 2125 3603 2179 ἐπὶ
3654 2128 3721 2197 τῇ
3754 2144 3896 2198 προ-

2248 2214 2447 2291 αιρέσει
2536 2214 2702 2271 αὐτοῦ
2781 2216 3178 2292 ὲξαρκεσθέντες
3260 2215 3350 2271 καὶ
3433 2218 3550 2277 τοῖς
3626 2212 3895 2287 καμάτοις

2248 2303 2558 2382 συγγνόντες
2603 2305 2679 2368 εἲς
2722 2306 2821 2375 τὴν
2869 2305 3035 2360 νύκτα
3081 2307 3147 2373 ⁸⁷,
3186 2305 3259 2368 ὡς
3302 2302 3449 2376 αύτῷ
3491 2302 3607 2359 ἔθος
3650 2302 3717 2372 ἦν
3758 2302 3901 2378 πρὸς
3938 2302 3959 2314 ’

2249 2392 2379 2455 τοὺς
2435 2392 2882 2471 γνησι[ωτέρους]
2943 2392 3211 2471 λέγεσθαι,
3267 2395 3366 2464 τὴν
3427 2391 3708 2467 ὑπέρθεσιν
3760 2391 3907 2467 γενέ-

2254 2493 2372 2547 σθαι
2431 2482 2737 2556 ἠξιώσαμεν
2773 2524 2786 2537 .
2848 2482 2948 2539 Καὶ
3024 2480 3092 2552 δη
3150 2481 3298 2539 ἁλῶν
3376 2478 3774 2557 μεταλαϐόντες
3830 2478 3910 2541 εἷς

2253 2568 2420 2628 ὕπνον
2457 2571 2708 2648 [ἐτρά]πη
2719 2593 2836 2646 μεν.

2799 2769 2954 2826 390
2990 2771 3246 2823 ‘OMIAIA
3286 2768 3370 2825 K'.

2327 2895 2370 2949 Ι.
2404 2890 2628 2965 Νύκτωρ
2679 2889 2737 2947 δὲ
2785 2889 3067 2953 διαναστὰς
3119 2890 3209 2945 καὶ
3261 2888 3539 2951 διυπνίσας
3578 2890 3749 2962 ἡμᾶς,
3781 2888 3911 2943 καθ-

2255 2982 2424 3046 εσθεὶς
2498 2982 2739 3052 συνήθως
2802 2976 2902 3059 ἔφη
2940 3000 2953 3013 ·
3016 2979 3347 3044 Πυνθάνεσθέ
3426 2999 3530 3052 μου
3565 3021 3578 3047 ,
3636 2976 3761 3049 περὶ
3829 2977 3907 3031 ῶν

2260 3070 2557 3147 βούλεσθε.
2618 3070 2716 3126 Καὶ
2774 3071 2803 3124 ὁ
2862 3069 3145 3148 Σοφωνίας
3200 3067 3347 3140 αύτῷ
3400 3071 3619 3144 πρῶτος
3675 3063 3903 3141 ἤρξατοο

2256 3164 2380 3222 Πῶς
2429 3154 2597 3221 ὄντως
2628 3158 2808 3236 ὁπερὶ
2858 3162 3107 3233 πονηροῦ
3158 3155 3325 3232 λόγος
3375 3153 3514 3231 ἔχει,
3547 3155 3904 3227 ἐπιθυμοῦσιν

502 3262 707 3319 reapse
759 3248 830 3302 de
861 3247 1013 3302 malo
1045 3247 1119 3302 sit
1149 3249 1540 3304 sentiendum.
1576 3250 1645 3304 Et
1694 3254 1941 3307 Petrus:
1991 3252 2143 3322 Jam,

2260 3251 2395 3320 ἡμῖν
2460 3250 2644 3321 μαθεῖν
2701 3248 3000 3325 ὑφήγησαι.
3062 3246 3164 3303 Καὶ
3224 3246 3253 3300 ὁ
3308 3246 3531 3321 Πέτρος.
3591 3240 3734 3313 Ἤδη
3792 3243 3910 3316 μὶν,

503 3335 719 3406 inquit,
750 3336 810 3390 in
860 3336 1253 3408 disputatione
1302 3354 1436 3393 cum
1467 3338 1703 3395 Simone
1732 3339 1933 3395 habita
1960 3341 2017 3396 id
2050 3341 2147 3397 de-

507 3425 851 3491 monstravi,
883 3424 1016 3480 licet
1052 3426 1227 3481 variis
1282 3427 1343 3481 in
1374 3428 1644 3499 capitulis
1684 3446 1797 3484 non
1845 3430 2149 3502 perspicue

509 3514 905 3584 apparuerint,
960 3530 1086 3585 quae
1134 3515 1205 3570 de
1252 3532 1317 3571 eo
1348 3516 1639 3585 disserui;
1700 3517 1885 3572 multa
1932 3519 2148 3590 quippe

508 3600 767 3674 capitula
794 3602 1006 3672 quibus
1050 3602 1137 3658 vis
1168 3604 1370 3659 deesse
1407 3604 1640 3660 videtur
1686 3623 1850 3677 aequo
1898 3607 2147 3675 veritati,

505 3691 681 3748 etiam
715 3689 1082 3745 multitudini
1115 3693 1382 3747 notitiam
1414 3693 1673 3765 aliquam
1721 3695 1840 3749 veri
1872 3694 2148 3767 suppedi-

504 3784 669 3837 tant:
694 3781 777 3835 ita
806 3785 872 3835 ut
902 3781 951 3835 si
988 3797 1141 3836 nunc
1172 3782 1333 3837 vobis
1360 3783 1572 3847 dicam,
1611 3800 1737 3854 quae.
1767 3789 1892 3839 tum
1924 3784 2147 3839 Simoni

506 3871 624 3927 dixi
657 3887 759 3943 per
789 3869 977 3925 multa
1006 3870 1280 3942 capitula,
1319 3870 1496 3926 nolite
1519 3873 1771 3941 credere,
1816 3890 1917 3929 vos
1947 3873 2149 3929 eodem

507 3959 681 4016 modo
703 3959 977 4015 honorari
999 3976 1065 4015 ac
1083 3959 1270 4014 illum.
1288 3960 1353 4015 Et
1370 3960 1713 4032 Sophonias:
1741 3962 2146 4032 Recte,inquit,

507 4049 656 4105 dicis
682 4066 694 4113 ;
718 4065 853 4103 nam
888 4049 936 4104 si
968 4065 1124 4104 nunc
1156 4049 1325 4105 nobis
1346 4065 1414 4104 ex
1446 4050 1649 4104 multis
1681 4056 1822 4105 tunc
1844 4051 2150 4122 perhibitis

508 4136 779 4209 capitulis
811 4136 1042 4207 deﬁnis,
1066 4139 1221 4209 quod
1254 4154 1452 4193 verum
1486 4138 1562 4193 sit
1603 4138 1817 4195 clarius
1856 4141 2149 4196 ostendes.

579 4226 648 4280 ΙΙ.
682 4226 828 4280 Tum
862 4229 1106 4281 Petrus:
1138 4227 1269 4282 Jam
1319 4227 1537 4295 audite,
1584 4226 1798 4300 inquit,
1849 4229 2151 4285 veritatem

510 4315 581 4371 de
612 4318 773 4369 recta
803 4314 939 4370 mali
971 4315 1296 4371 harmonia.
1332 4321 1481 4372 Deus
1511 4317 1743 4372 duobus
1786 4318 1980 4389 regnis
2010 4319 2152 4373 defi-

2261 3335 2385 3416 ἔφη,
2414 3337 2503 3393 καὶ
2537 3334 2627 3391 διὰ
2650 3340 2751 3406 τῆς
2781 3338 2915 3410 πρὸς
2969 3336 3193 3410 Σίμωνα
3232 3332 3518 3406 διαλέξεως
3552 3331 3801 3411 έξέφηνα,
3830 3335 3914 3404 τῷ

2259 3423 2317 3482 δὲ
2363 3427 2455 3481 σύν
2505 3422 2709 3502 έτέροις
2755 3424 3071 3504 κεφαλαίοις
3116 3424 3184 3479 τὰ
3241 3422 3365 3498 περὶ
3416 3421 3580 3477 αὐτοῦ
3640 3420 3915 3498 εἰρηκέναι

2259 3515 2320 3570 ού
2350 3515 2484 3570 πάνυ
2534 3519 2716 3578 σαφῶς
2767 3513 3059 3593 ἐφωτίσθηο
3108 3512 3297 3570 πολλά
3344 3511 3447 3589 γὰρ
3495 3508 3764 3589 κεφάλαια
3796 3508 3913 3564 ἶσο-

2252 3602 2512 3677 ’δυναμεῖν
2546 3601 2809 3659 δοκοῦντα
2834 3604 2913 3675 τῷ
2968 3601 3165 3674 ἀληθεῖ
3193 3602 3358 3657 αὐτοῦ
3388 3604 3483 3656 τοῦ
3513 3597 3756 3669 ἀληθοῦς
3787 3602 3912 3661 τοῖς

2257 3693 2472 3749 πλείοσι
2528 3691 2757 3769 παρέχει
2814 3692 2937 3747 τινὰ
2992 3695 3226 3766 γνῶσιν
3288 3688 3447 3757 ὥστε,
3498 3687 3586 3743 ἐὰν
3633 3684 3725 3743 νῦν
3778 3686 3909 3760 ὑμῖν

2259 3779 2416 3855 εἶ’πω,
2467 3781 2499 3836 ἃ
2546 3781 2669 3836 τότε
2724 3782 2857 3854 μετὰ
2907 3778 3135 3836 πολλῶν
3186 3777 3422 3855 εἷρήκειν
3471 3775 3780 3857 κεφαλαίων
3826 3779 3910 3848 τῷ

2261 3870 2494 3944 Σίμωνι,
2532 3872 2606 3944 μὴ
2652 3870 2880 3940 οἷήθῆτε
2928 3867 3017 3943 ἴσῃ
3058 3868 3204 3941 αύτῷ
3253 3871 3391 3943 τιμῇ
3430 3866 3773 3939 τετιμῆσθαι.
3806 3862 3908 3919 Καὶ

2262 3960 2289 4013 ὁ
2323 3958 2630 4037 Σοφωνίαςο
2673 3962 2903 4032 Ὀρθῶς,
2953 3956 3078 4035 ἔφη,
3128 3955 3326 4032 λέγεις·
3378 3955 3425 4011 εἷ
3472 3959 3564 4010 νῦν
3613 3954 3718 4029 γὰρ
3767 3954 3907 4026 ἡμῖν

2263 4046 2322 4103 ἐκ
2350 4046 2575 4104 πολλῶν
2607 4052 2714 4102 τῶν
2758 4047 2886 4102 τότε
2929 4045 3222 4122 εἰρημένων
3270 4043 3577 4123 κεφαλαίων
3610 4042 3913 4120 ἀφορίζεις,

2261 4136 2391 4193 αὐτὸ
2419 4137 2482 4191 τὸ
2512 4134 2714 4206 ἀληθὲς
2744 4136 2993 4206 ποιήσεις
3026 4134 3420 4212 φανερώτερον.

2334 4227 2401 4282 II.
2437 4224 2542 4280 Καὶ
2588 4225 2615 4279 ὁ
2669 4225 2889 4300 Πέτρος’
2938 4222 3249 4295 Ἀκούσατε,
3300 4218 3425 4301 ἔφη,
3474 4218 3765 4298 τοιγαροῦν
3812 4226 3918 4289 τῆς

2264 4314 2389 4390 περὶ
2432 4318 2528 4369 τοῦ
2576 4313 2822 4388 πονηροῦ
2870 4311 3135 4387 ἁρμονίας
3182 4312 3281 4381 τὴν
3332 4309 3628 4381 ἀλήθειαν.
3687 4311 3745 4364 Ὀ
3792 4309 3922 4371 Θεὸς

515 4403 654 4460 nitis
686 4404 801 4459 duo
833 4420 1063 4475 quoque
1087 4421 1205 4460 asva
1242 4406 1565 4472 constituit,
1598 4406 1751 4461 malo
1810 4411 2143 4478 praesentem

2266 4400 2363 4458 δύο
2426 4401 2703 4478 βασιλείας
2760 4401 2942 4476 ὁρίσας
2992 4401 3081 4457 καὶ
3138 4398 3234 4456 δύο
3279 4400 3482 4456 αἰῶνας
3533 4400 3919 4470 συνεστήσατο,

515 4494 800 4550 mundum
834 4493 1167 4565 assignans,
1201 4494 1337 4565 quia
1367 4495 1556 4550 brevis
1576 4496 1856 4567 temporis
1897 4497 2153 4568 spatium

513 4585 813 4653 permanet
843 4580 1221 4651 celeriterque
1252 4582 1482 4649 transit,
1533 4582 1683 4638 bono
1715 4587 1909 4638 autem
1944 4601 2005 4638 se
2052 4585 2154 4639 da-

2263 4490 2447 4569 κρίνας
2490 4495 2569 4563 τῷ
2615 4495 2843 4565 πονηρῷ
2892 4488 3137 4554 δεδόσθαι
3180 4490 3271 4545 τὸν
3322 4488 3565 4565 παρόντα
3591 4487 3797 4561 κόσμον
3831 4483 3924 4542 διὰ

2264 4581 2328 4636 τὸ
2362 4580 2552 4654 μικρόν
2584 4602 2643 4635 τε
2690 4579 2847 4635 αὐτὸν
2890 4579 3022 4635 εἶναι
3069 4579 3159 4635 καὶ
3205 4579 3572 4653 παρέρχεσθαι
3625 4575 3809 4649 ὀξέως,
3841 4579 3924 4648 τῷ

511 4674 712 4725 turum
738 4669 1008 4741 promisit
1026 4671 1311 4725 mundum
1336 4671 1620 4737 futurum,
1640 4674 1920 4743 grandem
1944 4673 2143 4745 quippt

2357 4634 2540 4745 άγαθῷ
2586 4634 2776 4723 σῶσειν
2830 4668 3094 4744 ὑπέσχετο
3144 4667 3235 4722 τὸν
3285 4634 3563 4740 μέλλοντα
3610 4634 3923 4735 αἰῶνα,’ἅτε

513 4763 689 4830 atque
719 4764 1019 4814 internum.
1069 4761 1148 4814 Ac
1179 4759 1477 4815 hominem
1527 4761 1740 4815 creavit
1771 4760 1952 4816 libero
2000 4763 2158 4817 arbi-

2270 4756 2336 4827 δὴ
2376 4758 2537 4833 μέγαν
2572 4752 2700 4813 ὄντα
2743 4757 2833 4812 καὶ
2881 4754 3078 4814 ἄὶδιον.
3109 4756 3208 4811 Τὸν
3260 4754 3355 4810 οὖν
3405 4752 3686 4829 ἄνθρωπον
3736 4752 3921 4823 αὐτεξ-

512 4848 624 4903 trio
658 4847 987 4920 praeditum,
1022 4853 1087 4903 ut
1127 4848 1401 4903 facultate
1450 4849 1690 4919 polleret
1735 4849 2055 4905 inclinandi
2087 4852 2143 4906 ac'

2269 4847 2451 4903 ούσιον
2506 4846 2778 4917 ἐποίησεν,
2832 4843 3249 4916 ἐπιτηδειότητα
3298 4842 3497 4921 ἔχοντα
3550 4841 3719 4898 νεύειν
3778 4840 3918 4915 πρὸς

515 4937 762 5007 agenda,
795 4954 921 5009 quas
948 4936 997 4992 ei
1030 4936 1346 5009 placerent.
1382 4938 1449 4992 Et
1487 4954 1700 5009 corpus
1741 4939 1870 5009 ejus
1902 4938 2159 5011 triparti-

2269 4935 2335 4999 ἃς
2391 4934 2648 5012 βούλεται
2695 4935 2933 5012 πράξεις.
2983 4935 3089 4991 Καὶ
3132 4934 3195 4990 τὸ
3250 4934 3342 5007 μὶν
3393 4936 3553 5007 σῶμα
3594 4930 3759 4987 αὐτοῦ
3806 4928 3920 4985 ἐστι

516 5028 644 5080 tum
673 5028 781 5093 est,
813 5041 946 5080 cum
1006 5025 1290 5097 originem
1346 5026 1524 5082 ducat
1570 5043 1639 5082 ex
1691 5027 1981 5096 femineo;
2025 5045 2143 5084 nan

2269 5025 2550 5100 τριμερὲς,
2603 5023 2662 5081 ἐκ
2710 5023 2936 5095 θηλείας
2976 5019 3103 5099 ἔχον
3150 5023 3248 5093 τὴν
3298 5020 3527 5096 γένεσιν.
3578 5022 3728 5077 ³97
3762 5019 3924 5093 Ἔχει

519 5113 796 5169 affectum
827 5118 916 5169 est
968 5114 1311 5185 cupiditate,
1368 5114 1474 5182 ira,
1526 5115 1686 5171 luctu
1733 5120 1791 5172 et
1819 5133 1946 5188 qua
1996 5118 2067 5191 ad
2096 5133 2143 5172 et

2272 5116 2376 5190 γὰρ
2435 5112 2744 5186 ἐπιθυμίαν,
2805 5112 3000 5187 ὀργὴν,
3059 5110 3240 5181 λύπην
3297 5110 3388 5165 καὶ
3436 5110 3506 5164 τὰ
3529 5106 3748 5170 τούτοις
3791 5105 3925 5161 ἐπό-

519 5202 835 5274 pertinent.
859 5201 1050 5257 Simili
1082 5202 1253 5258 modo
1285 5203 1529 5275 spiritus
1552 5220 1687 5259 cum
1718 5221 1835 5260 non
1855 5205 2035 5260 trium
2065 5220 2163 5277 ge-

2278 5222 2431 5276 μενα.
2463 5203 2533 5257 Τὸ
2566 5198 2624 5257 δὲ
2654 5205 2865 5274 πνεῦμα
2909 5200 3001 5256 καὶ
3048 5198 3179 5255 αὐτὸ
3230 5198 3293 5254 ού
3338 5197 3642 5274 τριτογενὶς
3669 5194 3749 5268 ὅν,
3780 5193 3931 5252 ἀλλὰ

519 5306 728 5347 narum
760 5291 858 5359 sit,
890 5291 993 5347 sed
1024 5291 1254 5364 triplex,
1290 5297 1457 5349 ortus
1483 5308 1547 5348 ex
1591 5292 1854 5349 masculo
1902 5298 1959 5349 et
1986 5310 2143 5366 capa:

2273 5292 2552 5369 τριμερες,
2598 5289 2658 5347 ἐκ
2701 5294 2800 5345 τοῦ
2843 5289 3067 5368 ἄῤῥενος
3115 5287 3230 5365 ἔχει
3277 5288 3378 5357 τήν
3425 5285 3653 5365 γένεσιν,
3698 5283 3790 5341 καὶ
3838 5279 3933 5340 δε-

521 5384 610 5437 est
639 5379 1049 5449 ratiocinandi,
1080 5382 1491 5454 cognoscendi,
1528 5382 1825 5438 metuendi
1856 5388 1914 5439 et
1942 5399 2166 5455 eorum,

2275 5380 2460 5436 κτικόν
2493 5379 2604 5435 ἐστι
2637 5378 2936 5455 λογισμοῦ,
2966 5377 3239 5454 γνώσεως,
3283 5370 3458 5454 φόϐου
3507 5373 3599 5431 καὶ
3645 5376 3755 5430 τῶν
3798 5372 3928 5429 τού-

1882 5559 2110 5617 νΑΒΙίΕ
2149 5559 2558 5618 LECTIONES.

592 5713 639 5752 ⁸⁸
668 5707 937 5793 Σοφονίας
966 5710 1057 5783 0.,
1078 5714 1144 5767 ut
1171 5710 1351 5768 etiam
1382 5709 1533 5768 infra
1563 5714 1916 5770 constanter.
1949 5711 1997 5750 ⁸³
2017 5711 2187 5769 Nolui
2220 5710 2473 5769 scribere
2502 5704 2813 5787 διελὲχθης.
2845 5707 2891 5746 ³⁷
2918 5703 3110 5763 νύκταν
3142 5710 3205 5762 0.
