4140 6344
195 382 313 443 449

1320 375 1861 440 CLEMENTINA.
1892 405 1970 421 —
2006 372 2339 436 HOMILIA
2379 376 2513 436 XX.

3484 387 3606 447 450

197 533 311 575 τοις
363 512 668 585 ἑπομένων.
700 510 961 587 Ἐκατὲρα
1010 508 1067 566 δὲ
1106 513 1212 565 τῶν
1262 506 1496 586 τριάδων
1553 506 1677 580 μίαν
1730 503 1847 581 ἔχει

1975 523 2087 577 quae
2119 505 2233 561 huc
2262 508 2572 578 pertinent.
2610 509 2849 582 Utrique
2887 517 3081 569 autem
3116 514 3367 573 triadum
3399 518 3604 574 eadem

196 604 293 671 τήν
352 601 503 677 ῥίζαν
541 646 559 671 ,
613 602 686 663 ὡς
743 602 871 657 εἶναι
923 601 1014 655 τὸν
1070 596 1352 675 ἄνθρωπον
1406 598 1467 652 ἐκ
1522 594 1849 674 φυραμάτων

201 690 316 762 δύο,
359 689 583 759 θηλείας
633 711 692 746 τε
746 691 835 745 καὶ
888 687 1133 766 ἄρρενος.
1167 688 1260 743 Διὸ
1309 685 1374 756 δὴ
1426 686 1513 741 καὶ
1563 683 1657 740 δύο
1706 683 1851 755 αὐτῷ

201 778 318 834 ὁδοὶ
349 778 735 855 προετέθησαν,
765 778 938 852 νόμου
966 799 1026 833 τε
1072 777 1160 833 καὶ
1210 776 1457 850 ἀνομίας·
1502 773 1596 829 δύο
1641 795 1700 829 τε
1754 774 1848 848 βα-

200 866 401 923 σιλεῖαι
434 868 763 943 ὡρίσθησαν,
802 870 838 937 ἡ
894 868 988 941 μὲν
1038 867 1283 943 οὐρανῶν
1334 863 1665 941 λεγομένων,
1711 865 1745 931 ἡ
1796 858 1853 915 δὲ

198 961 304 1012 τῶν
340 956 429 1012 ἐπὶ
459 964 565 1031 γῆς
610 961 698 1011 νῦν
756 955 1177 1033 βασιλεύοντων.
1209 952 1383 1013 Ἀλλά
1427 953 1516 1008 καὶ
1564 951 1660 1007 δύο
1707 953 1854 1026 βασι-

202 1045 316 1108 λεῖς
347 1046 674 1121 ἐτάχθησαν,
707 1048 779 1101 ὧν
814 1048 842 1102 ὁ
878 1048 971 1120 μὲν
1001 1051 1099 1102 τοῦ
1142 1044 1410 1121 παρόντος
1454 1043 1545 1098 καὶ
1590 1039 1850 1118 προσκαί-

202 1156 297 1210 ρου
353 1136 566 1208 κόσμου
610 1135 766 1209 νόμῳ
817 1134 1127 1215 βαφιλεύειν
1180 1139 1597 1210 χειροτονεῖται,
1652 1131 1710 1192 ’ὸς
1762 1127 1853 1183 καὶ

203 1224 286 1279 ἐπ’
348 1222 560 1301 ὀλέθρῳ
614 1229 871 1301 πονηρῶν
931 1224 1145 1301 χαίρειν
1201 1224 1420 1298 ἐκράθη·
1469 1223 1496 1276 ὁ
1548 1218 1605 1276 δὲ
1645 1216 1853 1293 ἕτερος,

202 1311 291 1366 καὶ
348 1311 508 1375 αὐτὸς
568 1313 821 1389 βασιλεὺς
882 1314 1143 1389 ὑπάρχων
1180 1317 1277 1368 τοῦ
1328 1310 1588 1384 ἐσομένου
1637 1308 1853 1379 αἰῶνος,

206 1402 414 1478 στέργει
466 1401 636 1457 πάσαν
694 1402 994 1477 ἀνθρώπων
1068 1400 1246 1479 φύσιν,
1304 1399 1356 1455 ἐν
1431 1405 1549 1460 τοῖς
1624 1400 1854 1473 παροῦσι

201 1492 303 1560 τὴν
363 1484 681 1567 παρρησίαν
726 1488 872 1568 ἔχειν
929 1491 991 1547 οὔ
1051 1489 1364 1564 δυνάμενος,
1426 1486 1595 1563 [ἀλλ’]
1654 1485 1727 1548 ὣς
1775 1483 1857 1547 τίς

201 1580 328 1634 ποτ’
359 1578 473 1635 ἐστὶ
511 1578 793 1645 λανθάνειν
842 1580 1182 1656 πειρώμενος
1220 1579 1287 1635 τά
1334 1577 1672 1655 συμφέροντα
1720 1596 1856 1647 συμ-

204 1664 483 1727 ϐουλεύει.

276 1778 379 1835 ΙΙΙ.
412 1781 529 1831 Γῶν
570 1773 629 1831 δὲ
677 1774 774 1831 δύο
817 1776 1025 1831 τούτων
1076 1777 1128 1851 [ὁ
1158 1772 1361 1851 ἔτερος]
1411 1774 1501 1830 τὸν
1548 1770 1730 1849 ἕτερον
1779 1771 1860 1827 ἐκ·

1958 594 2121 649 radix
2150 599 2256 662 est,
2291 596 2370 651 ita
2399 601 2462 651 ut
2493 597 2666 653 homo
2699 600 2928 657 duabus
2961 604 3490 674 commistionibus,
3522 607 3605 663 fe-

1959 682 2136 738 minei
2172 700 2304 738 cum
2361 687 2640 753 masculo,
2694 690 3053 761 compositus
3102 692 3193 747 sit.
3242 694 3606 767 Quapropter

1958 771 2133 825 etiam
2169 772 2293 826 duae
2324 774 2446 839 viae,
2475 776 2765 845 aequitatis
2796 795 2859 832 ac
2889 779 3236 851 iniquitatis,
3272 784 3600 854 propositas,

1962 859 2075 913 duo
2108 876 2337 931 quoque
2368 879 2544 934 regna
2574 864 2811 923 deﬁnita
2842 872 2999 938 sunt,
3046 868 3292 925 alterum
3326 872 3605 929 caelorum

1962 947 2341 1019 appellatum,
2372 951 2619 1007 alterum
2652 970 2873 1019 eorum,
2908 956 3006 1027 qui
3054 974 3209 1013 nunc
3239 959 3297 1015 in
3328 964 3483 1017 terra
3514 977 3603 1017 re-

1962 1042 2159 1106 gnant.
2192 1040 2269 1093 Ac
2300 1038 2569 1095 similiter
2600 1042 2713 1097 duo
2745 1059 2908 1116 reges
2956 1047 3256 1102 constituti
3285 1054 3425 1104 sunt
3455 1066 3605 1122 quo-

1964 1142 2095 1180 rum
2122 1125 2271 1182 alter
2300 1129 2569 1198 praesenti
2616 1147 2681 1186 ac
2712 1136 3086 1205 temporaneo
3116 1138 3337 1194 mundo
3361 1156 3606 1212 regnare

1964 1218 2021 1269 et
2052 1214 2305 1286 pernicie
2355 1217 2642 1275 malorum
2691 1223 2945 1293 gaudere
2988 1223 3113 1297 lege
3143 1230 3412 1297 tenetur;
3464 1228 3611 1285 alter

1965 1307 2184 1371 autem,
2218 1320 2315 1360 rex
2344 1310 2401 1361 et
2430 1306 2573 1378 ipse,
2604 1309 2783 1365 futuri
2830 1312 3068 1383 quidem
3099 1315 3224 1383 aevi,
3274 1317 3609 1374 universam

1965 1391 2157 1465 diligit
2178 1400 2445 1452 naturam
2478 1397 2837 1458 humanam:
2872 1403 2971 1475 qui
3022 1402 3352 1463 libertatem
3397 1407 3612 1481 agendi

1966 1482 2072 1541 etsi
2105 1481 2163 1537 in
2196 1486 2466 1556 praesenti
2494 1504 2608 1543 non
2640 1488 2833 1557 habet,
2860 1491 3246 1552 nihilominus
3270 1496 3339 1554 de
3366 1497 3611 1554 utilibus

1965 1573 2282 1630 suadendis
2311 1574 2559 1633 latenter
2586 1578 2871 1637 sollicitus
2896 1586 3004 1639 est.

2038 1772 2134 1828 III.
2169 1772 2410 1843 Horum,
2442 1775 2714 1840 duorum,
2747 1776 2862 1833 Deo
2894 1778 3218 1845 ordinante,
3260 1778 3407 1837 alter
3448 1781 3615 1839 alteri

206 1860 476 1937 ϐιάζεται,
527 1870 660 1921 Θεοῦ
708 1864 1083 1928 κελεύσαντος.
1117 1868 1377 1926 Ἕκαστος
1426 1862 1482 1919 δὲ
1509 1868 1616 1919 τῶν
1650 1861 1859 1938 ἀνθρώ-

1975 1862 2087 1916 vim
2117 1863 2311 1918 infert.
2332 1864 2588 1935 Quisque
2609 1870 2803 1920 autem
2827 1866 3133 1923 hominum
3156 1869 3491 1925 facultatem
3517 1872 3618 1927 ha-

205 1976 327 2008 πων
369 1952 607 2023 ἐξουσίαν
644 1949 784 2029 ἔχει,
819 1954 1000 2028 [ἐκείν]
1031 1975 1076 2026 ῳ
1123 1953 1321 2022 αὐτῶν,
1355 1954 1401 2025 ᾧ
1435 1950 1712 2029 βούλεται,
1745 1949 1861 2005 πεί-

206 2045 396 2098 θεσθαι
456 2042 591 2115 πρὸς
648 2044 712 2097 τὸ
768 2045 1021 2119 πράσσειν
1071 2042 1239 2119 ἀγαθά
1284 2042 1321 2111 ἢ
1371 2042 1527 2099 κακά.
1572 2039 1727 2109 Πλὴν
1774 2039 1860 2094 ἐὰν

204 2137 272 2186 τα
304 2132 483 2206 ἀγαθά
526 2152 612 2193 τις
657 2133 913 2206 πράσσειν
961 2128 1180 2202 ἕληται,
1223 2136 1319 2186 τοῦ
1368 2130 1623 2205 ἐσομένου
1662 2131 1863 2206 ἀγαθοῦ

212 2218 490 2296 βασιλέως
548 2219 755 2295 γίνεται
812 2227 1018 2293 κτῆμα⁸
1076 2219 1122 2274 εί
1167 2217 1223 2275 δὲ
1269 2220 1449 2298 φαῦλα
1495 2217 1711 2296 πράξειέ
1754 2239 1860 2289 τις,

208 2314 308 2365 υοῦ
337 2308 609 2379 παρόντος
639 2310 683 2345 ⁸⁸
729 2308 932 2385 γίνεται
981 2313 1226 2385 πονηροῦ
1279 2309 1626 2383 ὑπηρέτημα,
1658 2309 1750 2369 ⁸ος
1795 2304 1865 2361 δι’

211 2397 484 2474 ἁμαρτίας
532 2397 702 2471 κρίσει
754 2394 934 2468 δικαίᾳ
978 2399 1078 2467 τήν
1109 2399 1225 2453 κατ’
1273 2397 1436 2452 αὐτοῦ
1486 2392 1668 2451 λαϐὼν
1713 2394 1862 2468 ἐξου-

209 2489 327 2542 σίαν
376 2486 468 2541 καὶ
519 2488 625 2563 πρὸ
672 2490 771 2541 τοῦ
830 2484 1133 2560 μέλλοντος
1184 2485 1383 2548 αἰῶνος
1442 2483 1677 2555 θελήσας
1726 2485 1861 2558 αὐτῇ

205 2577 450 2651 χρῆσθαι
480 2578 526 2612 ⁹⁹
544 2574 596 2630 ἐν
623 2573 704 2647 τῷ
732 2579 824 2629 νῦν
852 2574 956 2650 βίῳ
974 2573 1223 2644 κολάζων
1255 2572 1465 2643 ἥδεται,
1488 2573 1577 2628 καὶ
1611 2575 1762 2631 398
1788 2573 1862 2635 ὡς

208 2662 322 2735 tat;
379 2663 746 2740 χαριζόμενος
807 2663 1065 2736 ἐπιθυμίᾳ
1107 2664 1208 2733 τήν
1264 2668 1361 2718 τοῦ
1411 2667 1544 2718 Θεοῦ
1602 2662 1865 2738 βούλησιν

208 2752 440 2810 ἐπιτελεῖ.
479 2760 535 2808 '0
565 2751 624 2807 δὲ
667 2750 851 2825 ἕτερος
902 2752 988 2809 ἐπὶ
1040 2750 1262 2807 δικαίων
1307 2752 1517 2824 ἐξουσίᾳ
1563 2751 1773 2828 χαίρειν
1821 2754 1866 2789 ⁹⁰

210 2839 672 2917 δημιουργηθεὶς,
721 2839 927 2896 δίκαιον
978 2842 1147 2915 εὑρὼν
1200 2842 1451 2917 μεγάλως
1502 2840 1861 2919 εὐφραίνεται,

212 2932 403 3000 σώζων
437 2931 596 2986 αὐτὸν
631 2929 792 3003 ἀϊδίῳ
826 2935 961 3005 ζωῇ,
994 2932 1084 2986 καί
1133 2930 1292 2993 αὐτὸς
1325 2929 1382 2986 δὲ
1431 2932 1505 2994 ὡς
1552 2930 1726 3003 ἑαυτῷ
1758 2951 1861 3006 χα-

214 3021 506 3094 ριζόμενος
534 3021 636 3089 τὴν
663 3020 795 3094 ὑπὲρ
841 3020 1049 3075 τούτων
1091 3020 1166 3082 εἷς
1217 3021 1343 3076 Θεὸν
1401 3019 1647 3098 ἀναφέρει
1681 3021 1861 3095 χάριν.

214 3112 426 3179 Ἔξεστι
476 3107 536 3164 δὲ
582 3109 740 3163 παντὶ
782 3106 952 3183 ἀδίκῳ
991 3108 1417 3182 μεταμεληθέντι
1450 3110 1732 3180 σώζεσθαι,
1774 3108 1864 3163 καὶ

211 3199 373 3255 παντὶ
425 3197 623 3270 δικαίῳ
674 3195 828 3272 ἀνδρὶ
887 3198 973 3253 ἐπὶ
1023 3198 1332 3260 τελευταίας
1389 3198 1654 3273 ἁμαρτίας
1707 3195 1862 3268 δίκην

213 3288 464 3363 ὑπέχειν.
499 3286 650 3356 Πλὴν
684 3288 741 3341 οἱ
790 3284 885 3342 δύο
932 3288 1199 3361 ἡγεμόνες
1249 3288 1395 3342 οὗτοι
1433 3293 1649 3362 ταχεῖαι
1681 3287 1863 3362 χεῖρὲς

211 3376 315 3431 εἶσι
367 3372 506 3431 Θεοῦ
544 3370 953 3449 προλαμϐάνειν
1007 3375 1387 3449 ἐπιθυμοῦσαι,
1446 3376 1506 3429 τὸ
1561 3375 1727 3430 αὐτοῦ
1780 3376 1867 3429 θὲ-

213 3464 375 3537 λημα
426 3463 729 3520 ἐπιτελεῖν.
762 3465 884 3521 ’Ότι
934 3461 991 3519 δὲ
1035 3466 1181 3519 τοῦθ’
1226 3464 1399 3527 οὕτως
1449 3461 1602 3540 ἔχει,
1656 3460 1865 3539 εἷ’ρηται

211 3554 302 3607 καὶ
352 3558 435 3624 τῷ
486 3551 641 3626 νόμῳ
700 3550 760 3607 ἐκ
818 3554 1114 3627 προσώπου
1168 3557 1267 3608 τοῦ
1323 3558 1476 3609 Θεοῦ·
1540 3554 1683 3628 Ἐγὼ
1732 3553 1864 3608 ἀπο-

210 3646 386 3697 κτενῶ
442 3642 534 3696 καὶ
599 3645 694 3715 ζῇν
752 3643 1003 3712 ποιήσω’
1061 3642 1279 3715 πατάξω
1316 3687 1329 3713 ,
1386 3642 1539 3717 κάγὼ
1594 3642 1814 3715 ἰάσομαι
1850 3687 1864 3703 .

212 3730 476 3801 Ἀληθῶς
526 3730 631 3807 γάρ
682 3730 981 3785 ἀποκτείνει
1013 3734 1055 3768 ⁹¹
1087 3731 1176 3786 καὶ
1208 3737 1482 3808 ζωογονεῖ.
1528 3731 1865 3787 Ἀποκτείνει

216 3821 310 3893 μὲν
343 3818 437 3874 διὰ
467 3826 569 3889 τῆς
599 3818 904 3895 ἀριστερᾶς,
935 3820 1080 3874 τοῦτ’
1109 3818 1219 3875 ἔστι
1269 3817 1358 3874 διὰ
1402 3824 1499 3875 τοῦ
1547 3820 1635 3875 ἐπὶ
1685 3821 1866 3875 κακώ-

210 3930 286 3964 σει
318 3913 435 3963 τῶν
464 3902 672 3962 ἀσεϐῶν
721 3907 933 3983 χαίρειν
979 3909 1266 3982 κραθέντος
1300 3914 1566 3985 πονηροῦ.
1608 3910 1777 3978 Σώζει
1810 3906 1869 3963 δὲ

212 3998 300 4051 καὶ
335 3996 614 4072 εὐεργετεῖ
652 3993 742 4051 διὰ
767 4002 867 4066 τῆς
916 3993 1111 4069 δεξιᾶς,
1163 3998 1309 4051 τοῦτ’
1362 3994 1470 4052 ἔστι
1524 3995 1611 4053 διὰ
1657 4003 1754 4053 τοῦ
1785 3998 1868 4053 ἐπ’

216 4085 499 4163 εὒεργεσίᾳ
543 4084 632 4139 καὶ
685 4084 928 4159 σωτηρίᾳ
972 4082 1193 4140 δικαίων
1243 4085 1452 4162 χαίρειν
1496 4083 1808 4161 δημιουργη
1844 4119 1869 4130 -

218 4175 402 4238 θέντος
446 4178 494 4212 θ’
536 4174 756 4248 ἀγαθοῦ.
806 4173 925 4229 Εἰσὶ
974 4171 1031 4228 δὲ
1080 4172 1228 4229 οὗτοι
1275 4174 1370 4237 τὰς
1422 4174 1603 4238 οὐσίας
1654 4174 1868 4252 ἔχοντες

218 4264 317 4319 οὐκ
346 4262 542 4333 ἔξωθεν
569 4267 667 4318 τοῦ
697 4260 849 4319 Θεοῦ·
886 4260 1011 4318 οὐδὲ
1040 4263 1144 4339 γάρ
1192 4262 1331 4318 ἔστιν
1375 4264 1527 4335 ἑτέρα
1567 4285 1649 4326 τις
1697 4266 1868 4340 ἀρχή.

217 4352 292 4410 0'5
327 4354 439 4427 μην
475 4352 581 4407 ἀπὸ
604 4350 701 4407 τοῦ
731 4356 865 4409 Θεοῦ
896 4352 970 4414 ὡς
997 4356 1107 4422 ζῶα
1134 4348 1576 4426 προεϐλήθησαν,
1614 4351 1871 4426 ὁμόδοξοι

218 4442 320 4517 γάρ
399 4441 548 4513 αὐτῷ
616 4442 752 4511 ἦσαν
808 4460 821 4474 ·
888 4437 1011 4495 οὔτε
1083 4435 1485 4515 συμϐεϐηκόσιν
1551 4441 1873 4515 αὐτομάτως

218 4531 366 4605 παρὰ
406 4531 510 4598 τήν
561 4530 726 4586 αὐτοῦ
761 4528 968 4606 βουλήν
1001 4529 1303 4606 γεγονότες.
1347 4531 1498 4585 Ἐπεὶ
1542 4531 1604 4585 τὸ
1646 4538 1748 4600 τῆς
1780 4529 1871 4587 δυ-

1975 1951 2090 2019 bet,
2124 1968 2327 2006 eorum
2350 1953 2442 2007 cui
2474 1954 2601 2009 vult
2629 1955 2935 2010 obediendi
2978 1957 3049 2011 ad
3082 1958 3233 2013 bona
3263 1960 3617 2030 perﬁcienda

1973 2045 2074 2094 aut
2107 2040 2279 2096 mala.
2331 2043 2409 2095 Ac
2452 2042 2501 2096 si
2539 2044 2673 2113 quis
2703 2045 2855 2099 bona
2882 2045 3068 2102 facere
3106 2047 3217 2101 sibi
3270 2047 3452 2119 eligit,
3482 2066 3616 2120 pro-

1975 2129 2191 2201 prietas
2223 2130 2486 2185 redditur
2514 2131 2695 2186 futuri
2730 2133 2866 2187 boni
2900 2134 3092 2206 regis;
3126 2134 3216 2191 sin
3250 2136 3382 2207 quis
3412 2137 3617 2208 iniqua

1974 2222 2282 2290 perpetret,
2318 2220 2620 2291 praesentis
2653 2220 2787 2276 mali
2822 2223 2888 2277 ﬁt
2935 2224 3188 2293 adjutor.
3233 2224 3340 2288 Qui
3373 2226 3613 2297 quidem

1974 2324 2108 2363 cum
2160 2313 2394 2379 propter
2425 2313 2659 2381 peccata
2680 2311 2842 2380 justo
2885 2312 3111 2381 judicio
3169 2328 3304 2368 eum
3336 2314 3621 2385 puniendi

1974 2397 2262 2468 acceperit
2290 2398 2624 2453 facultatem
2657 2404 2713 2453 et
2737 2404 2869 2455 ante
2899 2418 3082 2455 aevum
3115 2407 3397 2457 aeternum
3430 2420 3499 2458 ea
3533 2403 3622 2460 uti

1974 2487 2193 2557 cupiat,
2222 2486 2279 2540 in
2314 2486 2422 2541 hac
2452 2486 2570 2542 vita
2600 2488 2940 2560 castigando
2971 2492 3188 2563 gaudet
3224 2497 3283 2547 et
3313 2493 3482 2565 quasi
3513 2510 3622 2550 suo

1975 2573 2162 2645 ipsius
2193 2574 2479 2630 desiderio
2510 2577 2847 2645 gratiﬁcans
2863 2579 2957 2634 Dei
2978 2580 3333 2637 voluntatem
3365 2582 3615 2653 perﬁcit.

1972 2661 2130 2718 Alter
2158 2679 2291 2718 vero
2324 2664 2614 2731 conditus,
2650 2670 2713 2720 ut
2735 2667 3035 2737 justorum
3065 2669 3308 2741 imperio
3348 2672 3621 2743 gaudeat,

1974 2751 2125 2807 bono
2170 2752 2423 2823 quodam
2474 2753 2705 2810 invento
2765 2773 3115 2829 magnopere
3162 2757 3411 2830 laetatur,
3461 2776 3625 2815 cum-

1975 2856 2089 2912 que
2114 2840 2239 2895 vitae
2266 2846 2491 2896 interna:
2524 2843 2728 2912 salvat,
2764 2849 2821 2899 et
2850 2845 2975 2915 ipse
3007 2862 3135 2901 vere
3178 2848 3343 2917 quasi
3391 2847 3500 2903 sibi
3532 2847 3624 2903 in-

1975 2927 2222 3001 dulgens
2245 2946 2502 2985 amorem
2535 2948 2671 3003 ergo
2700 2950 2797 2988 eos
2828 2933 2885 2987 in
2908 2938 3087 2989 Deum
3111 2935 3305 2991 refert.
3328 2938 3623 2992 Attamem

1974 3018 2169 3089 quivis
2200 3018 2459 3089 injustus
2489 3022 2742 3077 converti
2775 3027 2966 3094 potest
2994 3027 3169 3094 atque
3193 3023 3426 3091 salvari,
3458 3023 3628 3095 quili-

1974 3106 2071 3161 bet
2100 3106 2185 3161 vir
2225 3107 2425 3178 justus
2472 3114 2709 3180 peccata
2744 3110 3063 3166 commissa
3115 3129 3286 3182 pcena
3326 3111 3503 3168 luere.
3552 3112 3624 3169 Hi

1975 3195 2213 3266 quidem
2246 3197 2360 3251 duo
2378 3197 2555 3252 duces
2584 3198 2808 3254 veloces
2833 3199 2933 3254 Dei
2966 3216 3177 3254 manus
3200 3206 3339 3255 sunt
3370 3201 3440 3255 ad
3474 3200 3625 3256 anti-

1977 3284 2295 3356 cipandum
2329 3291 2631 3357 promptae,
2664 3292 2729 3341 ut
2760 3289 2888 3359 ejus
2920 3288 3282 3344 voluntatem
3309 3304 3628 3360 exsequan-

1974 3379 2091 3428 tur.
2125 3374 2286 3437 Quod
2319 3374 2399 3430 ita
2432 3391 2493 3431 se
2524 3375 2758 3443 habere,
2810 3378 3033 3432 dictum
3066 3381 3156 3433 est
3198 3378 3375 3433 etiam
3407 3378 3467 3432 in
3498 3376 3625 3451 lege

1976 3478 2045 3518 ex
2074 3462 2261 3534 ipsius
2298 3463 2392 3518 Dei
2444 3481 2719 3536 persona:
2767 3468 2877 3535 Ego
2923 3468 3167 3522 occidam
3194 3476 3244 3523 et
3292 3484 3389 3539 ego
3442 3469 3627 3525 vivere

1973 3554 2218 3623 faciam;
2248 3556 2560 3623 percutiam
2589 3564 2638 3610 et
2660 3570 2762 3627 ego
2790 3556 2991 3612 sonabo
3037 3556 3131 3629 (α).
3184 3556 3329 3612 Nam
3360 3574 3489 3613 vere
3523 3573 3624 3613 oc-

1977 3641 2118 3696 cidit
2146 3646 2202 3697 et
2230 3642 2496 3698 vivificat.
2533 3643 2757 3699 Occidit
2786 3650 2981 3700 autem
3012 3644 3273 3711 sinistra,
3307 3646 3363 3699 id
3394 3649 3483 3701 est
3524 3661 3628 3717 per

1977 3730 2220 3797 malum,
2247 3732 2347 3803 qui
2376 3731 2557 3787 laetari
2586 3738 2818 3789 tenetur
2856 3733 3172 3806 impiorum
3203 3733 3393 3789 exitio.
3427 3733 3627 3789 Viviﬁ-

1977 3823 2069 3875 cat
2100 3824 2294 3875 autem
2327 3824 2384 3875 et
2414 3820 2701 3877 benefacit
2744 3823 2961 3893 dextra,
3017 3823 3077 3878 id
3109 3824 3198 3878 est
3242 3839 3344 3895 per
3379 3822 3627 3888 bonum,

1976 3908 2077 3979 qui
2106 3908 2188 3963 ita
2213 3914 2442 3964 creatus
2474 3914 2582 3975 est,
2615 3916 2677 3965 ut
2705 3910 3089 3966 beneﬁcentia
3136 3917 3193 3967 et
3223 3910 3412 3966 salute
3432 3910 3626 3981 justo-

1977 4014 2108 4051 rum
2139 3999 2410 4069 gaudeat.
2441 4000 2514 4053 At
2544 3999 2601 4053 hi
2652 4000 2923 4055 facultate
2976 3998 3262 4073 pollentes
3302 4016 3417 4054 non
3468 4002 3631 4054 extra

1979 4085 2163 4140 Deum
2191 4086 2488 4155 existunt;
2522 4088 2673 4142 alius
2704 4089 2859 4143 enim
2894 4094 3054 4143 extra
3095 4105 3229 4143 eum
3263 4086 3629 4158 principatus

1980 4179 2069 4231 est
2098 4175 2317 4231 nullus.
2366 4176 2567 4248 Neque
2606 4182 2801 4232 autem
2833 4194 2901 4232 ex
2939 4177 3054 4231 Deo
3087 4180 3150 4231 ut
3179 4173 3458 4231 animalia
3488 4191 3629 4247 pro-

1974 4265 2113 4337 jecti
2146 4270 2305 4332 sunt,
2352 4281 2485 4320 cum
2532 4283 2694 4336 aequa
2742 4265 3029 4337 pollerent
3073 4269 3361 4337 potestate
3395 4281 3460 4320 ac
3486 4263 3624 4320 ille:

1982 4371 2171 4425 neque
2201 4355 2547 4410 exstiterunt
2578 4371 2679 4426 per
2709 4355 3061 4426 semetipsos
3111 4359 3312 4409 contra
3339 4352 3499 4409 illius
3529 4368 3630 4407 vo-

1981 4442 2268 4499 luntatem
2290 4444 2495 4515 geniti,
2527 4460 2662 4498 cum
2685 4444 2765 4499 ita
2787 4460 3091 4499 summurn
3117 4443 3431 4513 imperium
3449 4442 3501 4496 ei
3527 4439 3632 4497 tol-

1983 4532 2218 4588 leretur.
2248 4532 2359 4588 Sed
2401 4548 2470 4587 ex
2497 4531 2615 4588 Deo
2672 4532 2911 4603 quidem
2962 4532 3222 4604 projecta
3250 4535 3389 4586 sunt
3436 4529 3632 4601 priora

220 4620 435 4692 νάμεως
494 4618 658 4674 αὐτοῦ
714 4618 966 4695 μέγιστον
1018 4618 1262 4695 ἀνῄρητο
1426 4616 1601 4676 ἈλΛά
1629 4619 1734 4675 ἀπὸ
1775 4625 1863 4676 τοῦ

1980 4626 2228 4693 quatuor
2255 4621 2562 4689 elementa,
2596 4621 2853 4677 calidum
2885 4626 2938 4676 et
2982 4620 3281 4692 frigidum,
3314 4617 3628 4674 humidum

221 4712 355 4762 Θεοῦ
416 4707 513 4779 μὲν
572 4702 978 4781 προϐέϐληνται
1027 4706 1095 4761 τὰ
1142 4707 1421 4781 πρώτιστα
1471 4714 1719 4785 στοιχεῖα
1759 4709 1876 4764 τέσ-

226 4817 358 4870 σαρα
386 4792 449 4851 τό
479 4817 539 4851 τε
580 4797 780 4872 θερμὸν
825 4796 917 4851 καὶ
961 4795 1198 4872 ψυχρὸν,
1251 4796 1410 4871 ὑγρόν
1450 4818 1510 4851 τε
1553 4797 1642 4852 moi
1686 4798 1871 4873 ξηρόν.

222 4887 374 4939 Ὅθεν
426 4882 496 4954 δή
554 4885 644 4939 καὶ
696 4886 877 4961 πατὴρ
926 4885 1187 4960 τυγχάνει
1235 4884 1413 4955 πάσης
1472 4885 1653 4949 οὐσίας
1709 4887 1875 4958 οῦσης

224 4975 455 5049 γνώμης
514 4980 617 5043 τῆς
668 4975 805 5028 κατὰ
852 4975 951 5043 τὴν
1005 4979 1229 5049 κρᾶσιν
1268 4971 1392 5043 ἔξω
1445 4976 1545 5050 γάρ
1603 4978 1872 5050 κραθεῖσιν

224 5062 409 5124 αὐτοῖς
467 5062 543 5124 ὡς
602 5061 787 5117 τέκνον
847 5064 882 5131 ἡ
941 5061 1253 5137 προαίρεσις
1310 5061 1599 5138 ἐγεννήθη.
1660 5066 1716 5118 Ὀ
1782 5064 1874 5121 οῦν

224 5152 465 5225 πονηρὸς
496 5151 634 5227 πρὸς
662 5154 743 5223 τῷ
771 5153 817 5188 ⁸³
846 5153 997 5208 399
1044 5155 1141 5206 τοῦ
1174 5150 1461 5214 ἐνεστῶτος
1492 5147 1701 5227 κόσμου
1728 5153 1875 5211 τέλει

225 5239 576 5315 ὑπουργήσας
619 5239 923 5314 ἀμέμπτως
972 5244 1050 5312 τῷ
1096 5237 1233 5313 Θεῷ,
1265 5238 1359 5295 ἃτε
1408 5236 1474 5310 δὴ
1528 5240 1593 5296 οὐ
1629 5248 1755 5315 μιᾶς
1790 5242 1882 5299 οὖ-

294 5383 375 5457 (a)
407 5388 565 5441 Deut.
602 5401 780 5457 nm,
811 5384 901 5441 39.

1982 4714 2038 4765 et
2069 4710 2311 4765 siccum.
2346 4712 2533 4775 Quare
2563 4710 2737 4765 etiam
2769 4713 2929 4780 pater
2950 4713 3038 4764 est
3058 4708 3317 4779 cujusvis
3348 4705 3633 4776 materiis,

1983 4803 2049 4854 ut
2071 4816 2197 4870 qua:
2220 4797 2467 4854 mistura
2487 4798 2740 4853 evenerit
2760 4797 3082 4853 secundum
3105 4797 3233 4867 ejus
3254 4794 3629 4862 sententiam;

1984 4887 2310 4943 commistis
2340 4887 2495 4942 enim
2546 4887 2690 4958 ipsis
2739 4886 3049 4942 consilium
3083 4891 3243 4940 extra
3283 4882 3633 4938 nascebatur

1985 4981 2051 5032 ut
2080 4977 2250 5031 fetus.
2297 4975 2485 5030 Malus
2518 4975 2697 5045 igitur
2726 4975 2784 5030 in
2832 4976 2945 5029 ﬁne
2977 4974 3280 5046 praesentis
3312 4970 3517 5027 mundi
3543 4971 3631 5025 in-

1987 5073 2139 5137 tegre
2176 5080 2370 5119 coram
2404 5063 2518 5118 Deo
2541 5064 2759 5134 vivens,
2784 5080 2913 5117 cum
2936 5064 3061 5133 jam
3094 5077 3209 5116 non
3240 5059 3527 5132 pertineat
3556 5056 3628 5113 ad

1985 5154 2168 5211 solam
2201 5150 2527 5223 iniquitatis
2559 5151 2976 5218 substantiam,
3030 5151 3393 5205 instauratus
3442 5148 3634 5219 potest

1985 5244 2174 5299 bonus
2205 5240 2350 5297 ﬁeri.
2401 5239 2629 5296 Etenim
2667 5240 2795 5311 jam
2840 5256 2955 5295 non
3005 5238 3259 5310 amplius
3310 5235 3460 5292 male
3486 5234 3628 5307 agit,

1575 5510 1753 5567 VARI
1756 5512 1821 5567 1E
1859 5509 2276 5568 LECTIONES.

294 5632 341 5709 ξ’
369 5630 696 5709 παράγοντος
719 5633 782 5691 0.
806 5634 852 5670 9°
873 5632 1026 5709 Ybb.
1056 5630 1193 5709 αὐτῇ
1234 5632 1470 5708 χρῆσθαι
1497 5635 1630 5692 add.
1660 5652 1732 5693 ex
1759 5638 2118 5709 conjectura.
2151 5634 2197 5669 9°
2225 5629 2385 5707 χάριν
2410 5629 2473 5687 0.
2506 5632 2547 5667 ⁹¹
2583 5628 2888 5685 ἆποκτέννει
2920 5648 3034 5690 scr.
3058 5633 3121 5686 Ο.
3150 5633 3237 5685 Ita
3269 5631 3325 5685 ct
3354 5626 3628 5685 subinde.

227 5704 271 5740 ⁸²
302 5700 779 5781 δημιόυργηθὲντα
799 5710 867 5765 0.
898 5706 944 5744 ⁸³
964 5703 1029 5762 τό
1061 5704 1128 5763 Ο.
