4140 6344
476 308 593 366 451

1281 309 1345 365 S.
1394 304 1836 366 CLEMENTIS
1882 304 1905 364 l
1952 303 2143 363 ROM.
2190 303 2421 364 PUNT.
2469 305 2731 365 OPERA
2774 307 3035 368 DUBIA.

3760 308 3880 368 452

480 454 838 511 quamquam
884 437 1072 493 malus
1106 444 1212 506 est,
1261 455 1394 494 cum
1447 438 1570 511 lege
1603 436 1934 495 facultatem
1965 453 2119 492 acce-

2236 433 2351 496 σίας
2386 431 2457 489 ὢν
2488 442 2588 505 τῆς
2636 434 2773 511 πρὸς
2820 436 3005 490 κακίαν
3055 435 3245 508 μόνης,
3284 436 3725 512 μετασυγκριθεῖς
3756 438 3885 512 ἀγα.

482 528 634 601 perit
663 526 813 584 male
844 528 1074 600 agendi.

550 794 640 849 IV.
676 795 810 859 Quae
843 810 977 849 cum
1010 793 1214 849 Petrus
1244 793 1475 849 locutus
1499 798 1672 865 esset,
1699 793 1989 859 Micbazas,
2023 793 2124 865 qui

480 887 535 938 et
565 882 689 955 ipse
737 899 805 937 ex
862 882 1144 937 comitum
1198 900 1442 938 numero
1499 887 1643 949 erat,
1695 882 2120 954 interrogavit:

480 973 634 1027 unde
668 971 868 1044 igitur,
902 972 985 1038 fit,
1018 975 1080 1025 ut
1100 971 1366 1027 homines
1395 970 1783 1042 delinquant?
1807 971 2126 1042 Respondit

483 1060 725 1115 Petrus:
761 1059 907 1127 Quia
936 1059 1207 1132 ignorant
1254 1076 1315 1114 se
1361 1076 1463 1132 pro
1514 1060 1604 1128 iis,
1654 1076 1780 1131 quae
1812 1058 1961 1115 male
1992 1076 2123 1132 ege-

482 1148 619 1217 rint,
649 1149 707 1204 in
733 1148 955 1221 judicio
991 1148 1222 1221 penitus
1255 1148 1494 1204 daturos
1512 1165 1639 1203 esse
1670 1147 2122 1219 pmnam.Unde,

481 1238 980 1310 quemadmodum
1031 1236 1174 1292 alias
1206 1236 1342 1303 dixi,
1376 1236 1549 1292 etiam
1592 1236 1812 1307 prolem
1844 1236 2123 1293 habentes

473 1328 781 1400 cupiditati
814 1326 1142 1399 indulgent,
1172 1330 1235 1381 ut
1264 1326 1451 1381 evenit
1484 1327 1539 1380 in
1572 1325 1860 1381 occisione
1893 1329 2123 1380 tenero-

476 1434 605 1471 rum
639 1416 953 1470 infantium
976 1416 1059 1469 vel
1096 1416 1151 1483 in
1186 1413 1300 1469 alio
1323 1414 1641 1486 decipiente
1664 1419 1915 1485 peccato.
1951 1413 2117 1484 Nam,

480 1511 543 1560 ut
575 1506 746 1560 modo
778 1503 1049 1569 iudicavi,
1082 1522 1142 1559 se
1173 1504 1495 1565 iudicatum
1531 1504 1595 1557 iri
1634 1502 2122 1574 nescientes,quia

478 1594 621 1648 nihil
657 1598 763 1659 est,
798 1594 948 1663 qnod
984 1594 1140 1664 ipsos
1172 1597 1402 1655 terreat,
1446 1596 1754 1663 properant
1785 1593 1854 1647 ad
1889 1591 2117 1647 libidini

473 1688 690 1738 temere
721 1687 894 1753 atque
926 1682 1122 1735 illicite
1143 1681 1642 1736 satisfaciendum.
1678 1682 1807 1736 Ideo
1840 1681 2118 1736 nonDeus

2234 524 2324 585 θὸς
2365 525 2603 600 γενέσθαι
2656 522 2896 581 δύναται.
2947 523 3082 579 Οὐδὲ
3112 526 3214 601 γὰρ
3263 530 3355 579 νῦν
3402 526 3564 580 κακόν
3612 547 3663 579 τι
3711 531 3883 599 ποιεῖ,

2233 612 2321 667 καί
2368 634 2451 668 τοι
2501 614 2664 676 κακὸς
2715 611 2812 684 ὢν,
2856 613 3109 687 νομίμως
3156 619 3444 689 κακουχεῖν
3493 612 3736 692 εἴληφὼς
3784 616 3885 685 τήν

2233 700 2496 774 ἐξουσίαν.

2306 792 2395 845 IV.
2455 795 2628 845 Ταῦτα
2683 796 2780 845 τοῦ
2837 790 3042 867 Πέτρου
3101 790 3386 859 εἰπόντος,
3444 790 3682 867 Μιχαίας
3716 838 3730 864 ,
3788 792 3885 848 καὶ

2234 879 2392 943 αὐτὸς
2447 886 2552 935 τῶν
2613 878 2929 945 ἀκολούθων
2972 902 3055 943 τις
3116 878 3209 949 ὢν,
3259 880 3503 944 ἐπύθετο·
3560 880 3726 945 Πόθεν
3785 880 3881 936 οῦν

2231 975 2346 1032 τοῖς
2398 971 2702 1046 ἀνθρώποις
2749 971 2810 1025 τὸ
2861 972 3180 1047 ἁμαρτάνειν
3217 989 3230 1038 ;
3265 971 3367 1027 Καὶ
3417 971 3445 1024 6
3498 972 3699 1045 Πέτρος
3750 967 3881 1049 ἔφη·

2231 1062 2326 1115 Ἐκ
2352 1064 2449 1114 τοῦ
2478 1060 2711 1134 ἀγνοεῖν,
2745 1058 2826 1114 ὅτι
2873 1058 2996 1135 περὶ
3045 1061 3118 1113 ὧν
3172 1061 3465 1134 πράσσουσι
3514 1063 3716 1127 κακῶς,
3756 1057 3883 1133 κρί-

2236 1150 2391 1221 [σεως
2420 1151 2501 1224 γε]
2546 1148 2778 1220 νομένης
2826 1146 3041 1210 πάντως
3091 1145 3423 1217 κολασθῆναι
3452 1144 3691 1223 ἔχουσιν.
3720 1148 3883 1204 ’Όθεν

2230 1238 2318 1291 καὶ
2347 1238 2445 1305 τὴν
2482 1236 2792 1310 ἐπιθυμίαν,
2824 1237 2899 1299 ὡς
2932 1235 3132 1293 ἄλλοτε
3165 1236 3213 1291 εἶ
3242 1238 3412 1311 [πον],
3454 1233 3720 1311 διαδοχὴν
3755 1234 3884 1310 βίου

2234 1323 2471 1401 ἔχοντες,
2502 1324 2702 1395 ταύτην
2749 1324 3217 1403 πληροφοροῦσιν,
3269 1325 3343 1386 ὡς
3392 1321 3578 1400 ἔτυχεν
3614 1325 3885 1399 ἡμ[ἐρων]

2232 1412 2437 1468 παίδων
2500 1416 2690 1490 φθορᾷ,
2751 1416 2784 1483 ἢ
2847 1412 2991 1487 ἄλλῃ
3045 1415 3150 1469 τινὶ
3208 1412 3578 1487 κολακευούσῃ
3622 1412 3881 1487 ἁμαρτίᾳ.

2229 1508 2315 1575 Τῴ
2346 1504 2449 1578 γὰρ
2482 1503 2713 1579 ἀγνοεῖν,
2748 1502 2829 1557 ὅτι
2880 1502 3171 1578 κρίνονται,
3222 1504 3295 1564 ὡς
3346 1502 3547 1580 φθάσας
3586 1501 3756 1569 εἶπον,
3790 1500 3885 1555 διὰ

2226 1592 2288 1645 τὸ
2321 1587 2523 1669 ἄφοϐον
2554 1593 2652 1660 τήν
2708 1591 2992 1664 ἐπιθυμίαν
3040 1592 3100 1646 οὐ
3146 1590 3399 1663 νομίμως
3441 1590 3686 1665 πληροῦν
3734 1588 3882 1645 ἐπεί-

2228 1702 2435 1753 γονται.
2487 1683 2647 1734 Ὥστε
2692 1679 2798 1755 οὐχ
2830 1682 2857 1734 6
2907 1681 3033 1742 Θεὸς
3085 1681 3271 1748 κακὸς,
3321 1682 3349 1734 6
3396 1678 3577 1740 καλῶς
3620 1679 3727 1740 θεὶς
3774 1680 3877 1746 τὴν

468 1772 727 1842 injustus
759 1776 865 1837 est,
894 1771 1105 1842 quippe
1135 1771 1231 1841 qui
1266 1770 1641 1841 cupiditatem
1667 1771 1735 1825 ad
1770 1772 1945 1825 vitam
1981 1788 2117 1842 pro-

2232 1768 2537 1841 ἐπιθυμίαν,
2603 1769 2683 1823 ἶνα
2748 1767 2981 1845 διαδοχὴ
3046 1769 3165 1845 βίου
3220 1769 3440 1845 γένηται
3474 1813 3488 1837 ,
3542 1767 3668 1823 ἀλλ’
3724 1766 3878 1822 αὐτοὶ

471 1860 800 1933 pagandam
834 1861 978 1914 bene
1009 1858 1401 1923 ordinaverit;
1435 1864 1492 1913 at
1519 1860 1626 1931 ipsi
1660 1859 2118 1926 sceleratissimi,

472 1950 684 2021 quippe
708 1949 804 2020 qui
842 1948 1008 2002 abusi
1042 1947 1160 2002 sint
1191 1964 1280 2013 eo,
1305 1948 1531 2019 quodin
1560 1949 1879 2020 cupiditate
1902 1950 2118 2004 bonum

470 2043 577 2093 est.
615 2039 699 2092 Ita
730 2037 950 2092 censeri
984 2037 1154 2090 debet
1185 2036 1358 2090 etiam
1393 2037 1461 2091 de
1495 2036 1617 2102 ira;
1670 2054 1785 2108 qua
1833 2038 1929 2108 qui
1967 2044 2119 2093 recte

468 2127 652 2183 utitur
681 2130 746 2182 ut
776 2126 998 2180 licitum
1036 2130 1142 2191 est,
1178 2142 1291 2179 non
1325 2124 1502 2196 impie
1521 2126 1659 2197 agit,
1693 2126 1791 2180 sed
1820 2125 1971 2181 ultra
2002 2142 2122 2181 mo-

473 2218 613 2272 dum
646 2214 1021 2287 progrediens
1044 2214 1269 2284 judicio
1302 2214 1587 2269 obnoxius
1620 2219 1837 2286 peccat.

541 2304 607 2358 V.
647 2305 981 2375 Iterumque
1027 2301 1354 2373 Sophonias
1389 2303 1612 2374 excepit
1640 2320 1652 2356 :
1679 2303 2116 2373 Longanimitas

472 2397 593 2458 tua,
619 2392 855 2447 domine
887 2392 963 2445 mi
988 2392 1172 2454 Petre,
1208 2392 1370 2446 nobis
1397 2392 1658 2446 animum
1684 2392 1863 2459 addit,
1898 2394 1970 2447 ob
1995 2411 2116 2448 ma-

459 2482 650 2553 jorem
684 2480 1017 2535 ﬁrmitatem
1059 2481 1128 2535 de
1168 2479 1299 2535 aliis
1352 2479 1551 2534 multis
1595 2487 1649 2535 te
1698 2480 2115 2553 interrogandi.

469 2573 654 2635 Quare
686 2570 924 2624 omnino
954 2584 1087 2623 cum
1117 2568 1333 2623 fiducia
1362 2574 1415 2623 te
1445 2568 1835 2640 exploremus.
1876 2570 2114 2625 Memini

469 2659 683 2730 quippe
730 2658 1024 2713 Simonem
1085 2658 1207 2713 heri
1260 2664 1448 2713 tecum
1502 2658 1904 2729 disputantem
1959 2676 2117 2715 asse-

473 2747 681 2811 ruisse,
717 2746 960 2815 malum,
994 2746 1039 2801 si
1075 2762 1108 2800 a
1136 2746 1252 2801 Deo
1300 2748 1532 2818 genitus
1566 2746 1661 2813 sit,
1695 2753 2117 2819 consequenter

472 2852 600 2891 esse
630 2835 838 2889 debere
862 2836 1126 2905 ejusdem
1160 2835 1427 2889 essentia:
1478 2852 1541 2889 ac
1581 2835 1923 2905 genitorem,
1956 2837 2117 2891 ideo-

473 2940 586 2996 que
617 2925 857 2989 bonum,
893 2940 1081 2994 neque
1126 2922 1367 2977 malum.
1399 2926 1475 2978 Ac
1506 2929 1568 2977 tu
1610 2924 1981 2996 respondisti,
2016 2941 2114 2980 ne-

472 3029 771 3084 quaquam
803 3028 923 3067 rem
957 3011 1038 3066 ita
1067 3028 1193 3067 sese
1225 3011 1457 3079 habere,
1486 3028 1619 3066 cum
1652 3012 1818 3067 multi
1850 3030 1916 3068 ex
1948 3013 2114 3069 bonis

469 3101 847 3173 gignerentur
876 3099 1036 3164 mali,
1073 3099 1241 3155 sicuti
1273 3117 1340 3154 ex
1370 3101 1551 3154 Adam
1585 3101 1699 3156 duo
1731 3100 2111 3169 exstitissent,

2232 1853 2595 1929 ἀσεϐέστατοι,
2647 1859 2698 1912 οἱ
2746 1863 2825 1930 τῷ
2868 1856 3023 1929 καλῷ
3070 1865 3167 1927 τῆς
3201 1856 3487 1929 ἐπιθυμίας
3532 1856 3877 1931 χρησάμενοι

2228 1952 2430 2009 κακῶς.
2464 1946 2618 2001 Οὕτω
2665 1944 2731 2015 δὴ
2779 1948 2869 2001 xui
2903 1946 2989 2001 ἐπὶ
3032 1954 3130 2015 τῆς
3166 1946 3337 2021 ὀργῆς
3384 1943 3498 2001 ἔστι
3539 1944 3881 2020 λογίσασθαι,

2230 2034 2312 2089 ὅτι
2364 2032 2584 2097 δικαίως
2636 2035 2728 2108 μὲν
2782 2034 2916 2109 αὐτῇ
2959 2056 3041 2096 τις
3094 2034 3466 2110 χρησάμενος,
3529 2034 3602 2095 ὡς
3655 2028 3880 2103 ἔξεστιν,

2229 2117 2454 2195 εὐσεϐεῖ,
2489 2126 2631 2198 παρὰ
2671 2121 2727 2178 δὲ
2770 2124 2833 2179 τὸ
2879 2125 3071 2201 μὲτρον
3126 2122 3353 2194 ἐξελθὼν
3408 2123 3497 2177 καὶ
3547 2120 3721 2194 ἐαυτῷ
3772 2123 3877 2190 τὴν

2227 2212 2402 2289 κρίσιν
2432 2207 2617 2266 λαϐὼν
2645 2207 2847 2268 ἀσεϐεῖ.

2300 2303 2358 2359 V.
2394 2301 2489 2356 Καὶ
2550 2302 2577 2355 6
2637 2301 2916 2379 Σοφωνίας
2974 2299 3138 2356 πάλιν
3194 2299 3335 2379 ἔφη·
3397 2302 3459 2354 Ἡ
3522 2299 3876 2376 μακροθυμία

2228 2411 2343 2461 σου,
2396 2390 2549 2465 κύριέ
2601 2412 2704 2462 μου
2766 2391 2954 2466 Πέτρε,
3010 2390 3314 2465 παρῥησίαν
3376 2390 3509 2462 ἡμῖν
3572 2388 3879 2464 χαρίζεται,

2226 2474 2501 2554 ἀκριϐείας
2559 2479 2719 2555 χάριν
2774 2480 2909 2533 κατά
2963 2477 3148 2534 πολλά
3204 2477 3556 2533 πυνθάνεσθαί
3614 2499 3729 2534 σου.
3782 2478 3879 2531 Διὸ

2228 2568 2548 2645 θαρροῦντες
2607 2569 2765 2623 παντὶ
2833 2568 3022 2643 τρόπῳ
3079 2569 3177 2636 τὴν
3238 2568 3468 2638 ἐξέτασιν
3528 2566 3874 2639 ποιούμεθα.

2225 2657 2520 2731 Μέμνημαι
2550 2656 2751 2728 τοίνυν,
2786 2659 2859 2719 ὡς
2891 2658 3019 2733 χθὲς
3071 2658 3256 2729 Σίμων
3307 2658 3441 2733 πρὸς
3479 2657 3535 2711 σὶ
3564 2658 3663 2725 τήν
3698 2658 3877 2726 ζήτη-

2225 2768 2305 2800 σιν
2334 2745 2475 2821 ἔχων
2510 2743 2632 2823 ἔφη,
2667 2745 2747 2800 ὅτι
2782 2748 2809 2800 6
2839 2748 3095 2823 πονηρὸς,
3130 2745 3175 2800 εί
3226 2747 3330 2800 ἀπὸ
3377 2750 3473 2800 τοῦ
3517 2749 3649 2801 Θεοῦ
3678 2747 3870 2819 γεγέν-

2223 2857 2380 2905 νηται
2412 2838 2478 2907 “,
2512 2834 2828 2899 ἀκολούθως
2858 2843 2958 2905 τῆς
2988 2835 3155 2904 αὐτῆς
3186 2840 3264 2907 τῷ
3292 2829 3626 2911 προϐαλόντι
3654 2834 3868 2909 τυγχά-

2222 2946 2299 2979 νει
2332 2924 2536 2996 οὐσίας,
2571 2928 2724 2981 400
2769 2926 2859 2979 καὶ
2906 2924 3102 2999 ἀγαθὸς
3151 2919 3363 3002 ὅφειλεν
3420 2923 3576 2992 εἶναι,
3607 2922 3697 2978 καὶ
3737 2921 3870 2997 οὐχὶ

2222 3013 2404 3075 κακός.
2458 3014 2533 3067 Σὺ
2602 3011 2659 3067 δὲ
2707 3014 2977 3086 ἀπεκρίνω
3011 3059 3023 3083 ,
3080 3015 3155 3085 μή
3205 3014 3421 3074 πάντως
3473 3012 3646 3074 οὕτως
3693 3008 3870 3088 ἔχειν,

2222 3102 2408 3157 καθότι
2438 3101 2641 3158 πολλοὶ
2673 3102 2722 3174 ἐξ
2769 3104 2983 3177 ἀγαθῶν
3034 3103 3189 3157 κακοὶ
3237 3106 3543 3178 γεννῶνται,
3594 3100 3773 3173 ὥσπερ
3814 3098 3877 3155 ἐκ

471 3167 615 3245 alter
644 3190 855 3255 bonus,
890 3188 1036 3243 alter
1068 3188 1277 3244 malus.
1327 3188 1545 3244 Simoni
1595 3196 1787 3244 autem
1823 3167 2112 3263 arguenti,

2232 3195 2320 3245 τοῦ
2353 3188 2530 3263 Ἀδὰμ
2574 3190 2756 3245 ὁποῖοί
2807 3167 2947 3252 τινες
2998 3185 3145 3253 ὄντες
3191 3167 3285 3245 δύο
3330 3190 3704 3265 ἐγεννήθησαν,
3738 3189 3810 3242 ὧν
3845 3188 3875 3243 6

473 3285 529 3335 te
550 3279 830 3351 exemplis
862 3279 943 3333 uti
979 3278 1275 3341 humanis,
1312 3279 1683 3349 respondisti,
1730 3296 1915 3350 neque
1946 3279 2115 3349 illud,

476 3369 649 3424 deum
685 3369 921 3441 gignere
952 3384 1016 3422 eo
1050 3369 1221 3422 modo
1252 3384 1380 3423 esse
1409 3368 1859 3434 admittendum,
1902 3370 2119 3441 quippe

478 3457 631 3529 quod
656 3456 985 3528 exemplum
1019 3461 1074 3510 et
1096 3456 1287 3526 ipsum
1312 3455 1744 3511 sitbumanum.
1776 3458 1890 3529 Ego
1923 3462 2117 3513 autem

478 3544 805 3618 Sophonias
841 3550 1017 3599 Deum
1049 3546 1285 3617 gignere
1317 3546 1583 3614 admitto,
1634 3545 1849 3601 malum
1883 3546 2121 3618 gignere

478 3650 610 3689 eum
638 3651 751 3690 non
784 3634 1057 3699 concedo,
1092 3633 1322 3689 etiamsi
1353 3634 1504 3689 inter
1552 3634 1819 3689 homines
1866 3636 1999 3690 boni
2033 3636 2118 3707 gi-

474 3728 660 3795 gnant
690 3723 896 3778 malos.
933 3722 1049 3777 Nec
1096 3726 1288 3777 tamen
1324 3723 1516 3790 credo,
1565 3740 1655 3777 me
1706 3723 1957 3778 absurde
2007 3723 2121 3779 alia

472 3828 697 3881 eorum,
738 3828 865 3881 quae
919 3810 1223 3865 hominum
1286 3811 1423 3877 sint,
1468 3811 1584 3865 Deo
1634 3810 1971 3876 attribuere,
2006 3811 2122 3867 alia

472 3916 608 3966 non,
642 3916 777 3955 cum
811 3899 1081 3967 alterum,
1123 3899 1377 3971 gignere,
1426 3900 1834 3969 concesserim,
1886 3918 1999 3956 non
2042 3901 2122 3955 ita

472 3987 745 4053 alterum,
778 3988 997 4059 dispari
1022 3989 1193 4042 modo
1228 3988 1487 4059 gignere.
1520 3988 1665 4042 Nam
1685 3988 1951 4044 homines
1982 3988 2121 4044 libe-

476 4093 571 4132 ros
602 4081 666 4131 ut
697 4094 801 4147 par
829 4082 918 4131 est
948 4075 1268 4131 dissimiles
1297 4076 1556 4147 ipsorum
1593 4076 1849 4132 consiliis
1877 4077 2026 4133 hanc
2047 4078 2119 4133 ob

474 4181 713 4220 causam
746 4169 1070 4237 procreant.
1104 4168 1247 4221 Cum
1292 4171 1545 4237 quatuor
1592 4166 1853 4237 partibus
1886 4184 2119 4238 compo-

474 4258 709 4319 nentur,
742 4254 1064 4308 secundum
1098 4253 1256 4308 varia
1278 4254 1412 4308 anni
1448 4259 1708 4325 tempora
1728 4255 1884 4311 varie
1915 4272 2119 4315 eorum

473 4359 715 4414 corpora
743 4347 1067 4409 vertuntur,
1102 4343 1181 4397 ita
1204 4348 1268 4397 ut
1298 4342 1355 4397 in
1381 4359 1617 4414 corpore
1637 4343 1896 4399 humano
1922 4361 2121 4399 secun-

473 4432 612 4486 dum
630 4431 874 4503 quodvis
894 4436 1124 4502 tempus
1140 4431 1213 4496 id,
1232 4431 1382 4501 quod
1401 4432 1535 4485 anni
1551 4433 1796 4503 tempori
1816 4435 2119 4505 proprium

2231 3280 2324 3353 μὲν
2357 3280 2422 3348 ἦν
2455 3281 2639 3348 κακὸς,
2674 3280 2700 3333 ὁ
2733 3277 2776 3334 δ’
2818 3279 3040 3354 ἀγαθός.
3072 3278 3176 3334 Τοῦ
3222 3276 3277 3333 δὲ
3329 3278 3580 3351 Σίμωνος
3628 3277 3874 3333 αἰτιασα-

2231 3368 2418 3441 μένου,
2452 3368 2926 3441 ὅτιλάνθρωπίνοις
2977 3368 3198 3444 ἐχρήσω
3248 3365 3699 3443 παραδείγμασιν,
3745 3365 3881 3421 ἀπε-

2228 3457 2414 3533 κρίνω,
2467 3456 2548 3512 ὅτι
2596 3457 2774 3529 τούτῳ
2831 3462 2907 3528 τῷ
2955 3456 3104 3532 λόγῳ
3155 3454 3279 3511 οὐδὲ
3325 3456 3388 3511 τὸ
3439 3463 3695 3531 γεννῆσαι
3745 3455 3877 3510 Θεὸν

2227 3544 2618 3621 παραδέξασθαι
2649 3543 2747 3601 δεῖ·
2784 3546 3117 3621 ἀνθρώπινον
3158 3547 3261 3621 γὰρ
3308 3546 3397 3600 καὶ
3446 3549 3606 3599 τοῦτο
3657 3545 3719 3600 τὸ
3771 3565 3877 3598 πα-

2231 3631 2517 3709 ράδειγμα.
2570 3633 2713 3708 Ἐγὼ
2762 3630 2819 3687 δὲ
2870 3632 3147 3711 Σοφωνίας
3195 3634 3257 3688 τὸ
3314 3632 3409 3705 μὲν
3448 3634 3693 3708 γεννῆσαι
3745 3633 3875 3687 Θεὸν

2228 3720 2631 3797 παραδέχομαι,
2687 3723 2747 3776 τὸ
2803 3721 2859 3776 δὲ
2905 3723 3065 3775 κακὸν
3125 3724 3377 3796 γεννῆσαι
3438 3720 3503 3775 οὐ
3554 3720 3874 3796 προσίεμαι,

2230 3810 2324 3866 κᾶν
2372 3816 2477 3865 τῶν
2540 3811 2840 3886 ἀνθρώπων
2890 3811 2941 3864 οἱ
2992 3810 3183 3885 ἀγάθοί
3242 3809 3440 3871 κακοὺς
3489 3814 3739 3884 γεννῶσι.
3776 3809 3875 3863 Καὶ

2233 3901 2307 3973 μή
2342 3920 2425 3953 τοι
2456 3899 2683 3971 νομίσας
2732 3920 2799 3971 με
2829 3898 3047 3973 ἀλόγως
3078 3904 3184 3953 τῶν
3232 3898 3542 3974 ἀνθρώποις
3592 3895 3875 3975 διαφερόν-

2226 4010 2333 4043 των
2358 3985 2471 4042 ἔνια
2504 3988 2596 4061 μὲν
2629 3992 2706 4060 τῶ
2755 3993 2869 4059 Θεῷ
2911 3983 3252 4057 ἀποδιδόναι,
3295 3985 3407 4041 ἔνια
3457 3984 3514 4041 δὲ
3563 3986 3645 4056 οῦ,
3688 3984 3877 4055 ἐπειδὴ

2228 4078 2289 4132 τὸ
2324 4078 2415 4150 μὲν
2445 4084 2700 4151 γεννῆσαι
2733 4074 2953 4151 δίδωμι,
2984 4078 3046 4133 τὸ
3097 4074 3153 4131 δὲ
3184 4077 3440 4149 ἀνόμοιον
3487 4075 3650 4131 αὐτοῦ
3680 4083 3879 4151 γεννῆ-

2230 4187 2315 4220 σαι
2367 4165 2466 4220 οὐκ
2510 4163 2839 4239 ἀποδίδωμι.
2897 4168 2958 4220 Οἱ
3010 4167 3103 4239 μὲν
3154 4168 3256 4241 γὰρ
3308 4162 3583 4241 ἅνθρωποι
3634 4165 3771 4219 κατά
3813 4164 3879 4219 τὸ

2230 4254 2374 4317 εἰκὸς
2422 4254 2716 4327 ἀνομοίους
2762 4261 2877 4317 ταῖς
2926 4257 3126 4310 ἑαυτῶν
3169 4256 3414 4330 γνώμαις
3445 4260 3698 4331 γεννῶσιν
3730 4253 3880 4316 υἱοὺς

2231 4341 2320 4398 διὰ
2376 4343 2635 4414 τοιαύτην
2687 4343 2882 4401 αἰτίαν.
2929 4345 3021 4398 Ἐκ
3074 4346 3347 4419 τεσσάρων
3405 4344 3503 4419 γὰρ
3556 4348 3880 4405 συνεστῶτες

2235 4436 2408 4507 μερῶν
2469 4432 2605 4486 κατά
2660 4431 2756 4493 τὰς
2815 4429 3106 4509 διαφόρους
3164 4433 3367 4507 τροπὰς
3435 4429 3706 4509 διαφόρως
3765 4429 3886 4505 τρέ-

473 4520 571 4587 sit,
603 4524 825 4576 crescat
870 4524 973 4575 aut
1010 4521 1308 4574 decrescat
1348 4526 1763 4591 congruentem
1814 4522 2119 4576 misturam

2234 4541 2423 4574 πονται
2463 4520 2531 4575 ea
2575 4520 2821 4593 σώματα,
2855 4520 2929 4582 ὡς
2976 4521 3065 4575 xui
3110 4523 3153 4557 ⁸⁸
3202 4519 3252 4574 ἐν
3298 4519 3618 4593 ἀνθρωπείῳ
3668 4521 3883 4593 σώματι

475 4608 697 4664 delens.
735 4608 878 4665 Nam
912 4608 1139 4663 semina
1158 4612 1613 4679 temperatorum
1637 4626 1751 4664 non
1784 4627 2014 4682 semper
2044 4611 2127 4665 ita

479 4697 947 4770 permanentium
988 4696 1133 4752 alias
1188 4696 1357 4752 aliter
1386 4699 1695 4753 commista
1724 4703 2126 4771 segregantur,

480 4802 664 4857 eaque
693 4786 1015 4840 secundum
1039 4784 1323 4856 temporis
1347 4785 1680 4840 mistionem
1706 4792 1761 4840 et
1781 4786 2024 4842 consilia
2044 4803 2128 4842 se-

479 4873 1169 4946 quuntursivebonasive
1197 4872 1370 4927 mala.
1397 4873 1593 4929 Attale
1617 4875 1756 4946 quid
1785 4876 1854 4931 de
1868 4875 1983 4931 Deo
2010 4893 2126 4931 non

414 5028 417 5033 γ
478 4968 567 5019 est
596 4964 997 5018 statuendum.
1039 4962 1183 5017 Nam
1233 4978 1366 5016 cum
1398 4961 1783 5018 immutabilis
1824 4964 1904 5019 sit
1953 4972 2127 5033 atque

479 5057 753 5121 internus,
783 5052 1016 5123 quando
1047 5066 1243 5106 creare
1274 5049 1416 5117 vult,
1461 5056 1828 5122 procreatum
1862 5054 2121 5123 ejusdem

477 5140 636 5196 modi
666 5157 731 5195 ac
762 5144 1082 5195 creatorem
1114 5155 1241 5194 esse
1274 5143 1520 5211 oportet,
1554 5141 1707 5210 quod
1741 5142 1813 5196 ad
1848 5141 2124 5198 substan-

476 5228 618 5285 tiam
647 5228 872 5285 scilicet
921 5234 977 5284 et
1008 5232 1284 5284 mentem.
1318 5228 1425 5283 Sed
1478 5228 1527 5283 si
1555 5229 1687 5300 quis
1719 5246 1853 5285 eum
1890 5248 2124 5303 quoque

2234 4610 2346 4663 καθ’
2373 4608 2598 4664 ’ἑκαστον
2637 4610 2819 4681 καιρὸν
2853 4609 2914 4663 τὸ
2942 4616 3041 4678 τῆς
3092 4616 3300 4683 τροπῆς
3353 4606 3489 4663 ἴδιον
3530 4608 3887 4681 αὐξανόμενον

2234 4699 2269 4767 ἢ
2321 4696 2713 4771 ἐλαττούμενον
2764 4698 2862 4766 τήν
2914 4698 3224 4773 σύμμετρον
3273 4703 3460 4772 κρᾶσιν
3512 4699 3705 4753 ἀθετεῖ.
3756 4700 3881 4755 Τῶν

2234 4788 2338 4863 γὰρ
2394 4786 2783 4863 συμραμάτων
2832 4790 2877 4823 ⁹⁶
2927 4786 3033 4861 οὐχ
3090 4786 3347 4848 ὡσαύτως
3393 4786 3474 4841 ἀεὶ
3523 4784 3887 4860 διαμενόντων

2232 4877 2299 4931 τὰ
2347 4877 2627 4952 σπέρματα
2691 4872 2892 4930 ἄλλοτε
2941 4874 3118 4944 ἄλλην
3180 4873 3377 4951 ἔχοντα
3413 4882 3598 4951 κρᾶσιν
3657 4874 3886 4952 ἀποκρί-

2233 4985 2435 5035 νονται,
2497 4970 2581 5026 οῖς
2637 4964 2774 5038 πρὸς
2828 4964 2927 5033 τήν
2999 4968 3096 5019 τοῦ
3170 4968 3364 5039 καιροῦ
3438 4969 3624 5039 κρᾶσιν
3680 4964 3769 5018 καὶ
3828 4964 3884 5018 αἱ

2233 5058 2451 5128 γνῶμαι
2479 5050 2699 5108 ἕπονται
2734 5050 2841 5108 εἴτε
2890 5052 3101 5128 ἀγαθαὶ,
3136 5049 3241 5107 εἴτε
3287 5051 3467 5108 κακαί.
3518 5053 3641 5109 Ἐπὶ
3684 5049 3741 5106 δὲ
3787 5055 3886 5106 τοῦ

2233 5146 2367 5198 Θεοῦ
2398 5141 2498 5196 οὐκ
2545 5140 2653 5196 ἔστι
2683 5164 2736 5196 τι
2784 5146 3031 5197 τοιοῦτον
3081 5140 3419 5215 λογίσασθαν
3467 5142 3726 5217 ἄτρεπτον
3779 5141 3885 5215 γὰρ

2231 5230 2320 5285 καὶ
2354 5231 2433 5285 ἀεὶ
2460 5227 2554 5304 ὣν,
2590 5230 2835 5304 ὁπ[όταν]
2866 5233 2908 5267 ⁸⁷
2938 5225 3147 5307 προϐἀλ
3162 5229 3276 5286 λειν
3316 5228 3640 5307 βουληθείη,
3680 5230 3886 5303 ἀνάγκη

1838 5408 2079 5463 νΑΒιιΕ
2116 5408 2415 5465 LECTION
2420 5410 2525 5465 ES.

557 5545 911 5627 ³⁸-γεγὲνηται
942 5550 1009 5627 (ξε
1040 5548 1084 5582 ⁰⁶
1121 5545 1209 5627 καὶ
1253 5545 1327 5627 0'35
1354 5564 1408 5618 p.
1432 5543 1507 5627 33¢
1529 5545 1617 5627 καί
1637 5551 1704 5627 9.
1738 5548 1782 5583 9‘
1814 5553 1899 5627 ita
1930 5551 2001 5606 ad
2031 5566 2193 5609 oram
2224 5552 2377 5621 cod.,
2410 5551 2806 5627 συγγραμάτων
2840 5552 2899 5608 in
2941 5555 3121 5607 textu.
3154 5553 3197 5586 ’⁷
3246 5548 3333 5605 ὄπ’
3363 5551 3491 5627 (sic)
3522 5567 3645 5626 seq.
3674 5549 3889 5609 lacuna

484 5624 551 5677 Ο.
583 5616 851 5677 Fortasse
880 5618 1254 5675 scribendum
1286 5616 1392 5689 ὅπη
1426 5617 1486 5672 ἄν
1515 5619 1603 5675 vel
1632 5616 1782 5683 ὅπως
1812 5616 1895 5678 ἅν.
