4140 6344
193 351 310 409 453

1324 347 1851 408 CLEMENTINA.
1885 380 1965 391 —
1996 347 2328 409 HOMILIA
2371 351 2506 409 XX.

3487 353 3608 413 454

192 483 336 533 πᾶσα
392 478 458 532 τὸ
515 471 965 554 προϐαλλόμενον
1017 476 1163 550 αὐτῷ
1218 478 1475 541 ὡσαύτως
1545 478 1725 553 [εἶναι]
1780 478 1847 532 τά

1988 479 2303 536 nutabilem
2336 481 2527 537 dicere
2557 482 2710 552 velit,
2745 482 2900 538 haud
2944 498 3083 539 sane
3131 481 3419 556 intelligo,
3461 500 3606 555 quo-

193 569 368 622 πάντα
395 571 477 639 τῷ
506 565 881 642 γεγεννηκότι,
926 568 1025 637 τήν
1074 588 1132 622 τε
1161 570 1309 625 401
1346 567 1526 622 οὐσίαν
1580 566 1726 642 λέγω
1756 568 1845 623 καὶ

191 658 290 726 τὴν
317 656 573 732 γνώμην,
602 653 756 730 Εἰ[δὶ
780 653 969 729 θελήσ]
1001 655 1075 711 ειέ
1099 677 1181 719 τις
1202 655 1291 712 καὶ
1323 655 1480 711 αὐτὸν
1509 656 1735 733 τρεπτὸν
1761 655 1848 712 λέ-

194 765 329 820 γειν,
362 744 464 798 οὔκ
496 741 639 814 οἶδα,
669 749 788 807 πῶς
817 745 906 799 καὶ
935 745 1199 800 ἀθάνατον
1225 744 1390 800 εἰπεῖν
1423 742 1639 801 δύναται
1664 745 1844 805 αὐτόν.

269 857 365 908 Vl.
416 856 591 906 Ταῦτα
637 852 665 906 ὁ
702 853 907 926 Πέτρος
947 850 1175 914 ἀκούσας
1225 852 1313 907 καὶ
1370 852 1549 928 βραχὺ
1600 852 1686 907 ἐπὶ
1729 874 1847 907 συν-

200 941 352 1004 νοίας
402 940 697 1016 γενόμενος
745 939 985 1018 ἔφη-Οὐκ
1033 941 1209 1012 οἶμαι,
1257 941 1379 995 τινὰ
1427 938 1678 996 δύνασθαι
1728 940 1851 1018 περί

202 1035 447 1105 πονηροῦ
478 1027 861 1105 διαλεγόμενον
899 1031 972 1102 μὴ
1002 1028 1165 1084 αὐτοῦ
1195 1034 1291 1084 τοῦ
1319 1034 1566 1103 πονηροῦ
1595 1032 1657 1085 τὸ
1688 1030 1853 1100 θέλη-

208 1141 283 1193 μα
320 1123 521 1175 ποιεῖν.
549 1120 702 1173 Ὅθεν
729 1122 891 1173 τοῦτο
922 1118 1051 1173 αὐτὸ
1082 1115 1369 1187 εἰδὼς,οὐκ
1400 1116 1521 1173 οἶδα
1563 1118 1616 1174 τί
1646 1119 1853 1194 πράξω,

203 1205 436 1283 πότερον
470 1209 736 1278 σιωπήσω
760 1207 796 1275 ἢ
832 1205 1083 1277 λαλήσω.
1110 1207 1170 1261 Εἰ
1224 1207 1317 1279 μὲν
1370 1209 1733 1280 σιωπήσαιμι,
1765 1206 1855 1282 γέ-

204 1295 359 1351 λωτα
386 1296 525 1369 πρὸς
552 1296 679 1358 τοὺς
710 1294 957 1357 πολλοὺς
1010 1294 1319 1373 ὀφλήσαιμι
1352 1295 1434 1367 ἂν,
1467 1295 1552 1350 ὅτι
1600 1296 1858 1367 ἀλήθειαν

204 1383 685 1460 ἐπαγγελλόμενος
746 1385 1032 1460 κηρύσσειν
1093 1385 1182 1439 τὸν
1239 1385 1363 1460 περὶ
1428 1385 1617 1447 κακίας
1693 1384 1857 1461 λόγον

200 1475 405 1549 ἀγνοῶ’
460 1474 506 1527 εἰ
555 1470 612 1528 δὲ
660 1471 895 1546 εἴποιμι,
951 1468 1255 1551 φοϐοῦμαι,
1294 1475 1369 1546 μὴ
1404 1474 1505 1549 ἄρα
1539 1474 1638 1528 οὐκ
1667 1474 1863 1548 ἀρέσκῃ

202 1567 320 1633 Θεῷ
354 1568 629 1631 ζητεῖσθαι
658 1563 720 1616 τὸ
752 1563 939 1630 κακὸν,
970 1561 1117 1617 ἀλλά
1164 1563 1225 1616 τὸ
1257 1560 1453 1637 ἀγαθὸν
1491 1563 1676 1635 μόνον.
1706 1561 1860 1631 Πλὴν

201 1652 293 1705 καὶ
327 1652 459 1723 ὑμῖν
489 1651 565 1713 εἰς
593 1652 683 1706 τὸν
720 1650 998 1729 Σοφωνίου
1049 1649 1210 1726 λόγον
1243 1650 1337 1711 τὰς
1391 1651 1524 1723 ἐμὰς
1558 1651 1863 1725 ὑπολήψεις

204 1742 430 1810 ποιήσω
506 1738 872 1818 φανερωτέρας
908 1782 921 1796 .
985 1739 1309 1811 Συντίθεμαι
1369 1739 1522 1813 κάγὼ
1556 1786 1571 1810 ,
1641 1739 1723 1794 ὅτι
1801 1739 1863 1794 οὐ

1956 569 2128 624 modo
2158 586 2292 625 eum
2324 570 2713 627 immortalem
2745 571 3039 629 affirmare
3068 576 3263 646 queat.

2032 852 2123 908 VI.
2154 854 2375 919 Quibus
2405 853 2619 909 auditis
2653 871 2785 910 cum
2818 856 3022 911 Petrus
3056 856 3358 927 paululum
3391 857 3607 928 cogita-

1961 943 2198 997 bundus
2230 943 2498 1009 sedisset,
2534 945 2869 1014 respondit:
2923 944 3048 999 Non
3080 946 3250 1000 credo
3300 962 3471 1017 posse
3502 945 3612 1002 ali-

1965 1048 2140 1101 quem
2172 1032 2243 1086 de
2270 1032 2418 1087 malo
2447 1031 2631 1103 loqui,
2666 1032 2778 1087 nisi
2811 1033 2984 1089 faciat
3031 1034 3207 1090 simul
3240 1036 3378 1090 mali
3410 1035 3613 1091 volun-

1966 1125 2169 1176 tatem.
2202 1121 2407 1185 Quare.
2442 1137 2575 1175 cum
2608 1120 2715 1176 hoc
2747 1121 2943 1192 ipsum
2972 1121 3176 1189 sciam,
3211 1123 3434 1190 dubito,
3468 1123 3610 1195 quid

1969 1209 2205 1278 faciam,
2239 1213 2436 1263 utrum
2470 1209 2672 1265 sileam
2715 1228 2786 1265 an
2819 1209 3043 1281 loquar.
3077 1211 3137 1266 Si
3181 1212 3337 1268 enim
3368 1217 3620 1281 taceam,

1969 1299 2155 1352 risum
2194 1298 2346 1368 apud
2381 1296 2597 1353 multos
2630 1314 2913 1364 moveam,
2949 1304 3012 1353 ut
3040 1300 3161 1371 qui,
3196 1301 3497 1356 veritatem
3528 1315 3621 1357 me

1969 1385 2395 1457 explicaturum
2427 1386 2747 1456 professus,
2777 1387 2848 1441 de
2881 1386 3105 1442 malitia
3126 1388 3285 1460 loqui
3319 1389 3618 1459 nesciam;

1972 1475 2061 1529 sin
2096 1473 2323 1545 loquar,
2357 1475 2536 1529 timeo
2568 1491 2639 1529 ne
2670 1474 2785 1530 Deo
2829 1474 3133 1546 displiceat
3181 1478 3514 1549 disquisitio
3546 1479 3618 1535 de

1974 1563 2126 1617 malo
2160 1563 2452 1628 instituta,
2485 1563 2700 1634 quippe
2727 1565 2820 1618 cui
2870 1582 2983 1619 non
3028 1566 3140 1620 nisi
3185 1566 3520 1637 disquisitio
3550 1569 3622 1623 de

1976 1653 2125 1707 bono
2182 1651 2425 1723 placeat.
2482 1654 2753 1706 Attamen
2794 1670 2917 1720 quae
2962 1654 3033 1708 ad
3093 1654 3399 1726 Sophoniae
3440 1655 3620 1711 inter-

1977 1740 2336 1811 rogationem
2390 1741 2685 1811 respondi,
2744 1741 2921 1797 etiam
2971 1742 3188 1797 clarius
3246 1744 3408 1800 vobis
3441 1744 3624 1817 expli—

208 1832 385 1883 πάντα
431 1830 500 1883 τά
550 1830 845 1903 ἀνθρώπων
899 1826 1216 1883 ἀποδιδόναι
1266 1825 1460 1899 δεῖτῷ
1490 1833 1623 1901 Θεῷ.
1662 1828 1864 1883 Αὐτίκα

1988 1831 2138 1884 :abo.
2175 1830 2287 1901 Ego
2347 1846 2581 1900 quoque
2630 1831 2903 1897 concedo,
2949 1848 3065 1885 non
3105 1832 3305 1887 omnia
3361 1850 3490 1904 qua:
3521 1833 3628 1889 ho-

207 1922 341 1995 γοῦν
371 1918 425 1972 οἱ
457 1916 729 1992 ἄνθρωποι
782 1917 883 1972 οὐκ
928 1914 1147 1992 ἔχοντες
1195 1917 1261 1971 τὰ
1292 1917 1519 1989 σώματα
1561 1920 1764 1992 τρεπτὰ
1804 1917 1866 1972 οὐ

209 2008 529 2083 τρέπονται,
561 2005 708 2062 ἀλλᾶ
745 2006 934 2081 χρόνῳ
967 2005 1071 2060 ὑπὸ
1098 2009 1204 2059 τῶν
1250 2009 1467 2082 τροπῶν
1512 2004 1867 2070 ἀλλοιοῦσθαι

213 2096 375 2173 ςιῦσιν
412 2094 648 2170 ἔχουσιν.
683 2096 739 2147 '0
778 2092 835 2149 δὲ
883 2094 1013 2156 Θεὸς
1065 2093 1172 2169 οὐχ
1220 2093 1415 2157 οὕτως·
1473 2095 1571 2149 δπὸ
1621 2097 1723 2171 γὰρ
1773 2100 1868 2150 τοῦ

212 2184 463 2263 ἐμφύτου
502 2183 810 2256 πνεύματος
844 2182 1007 2237 αὐτοῦ
1040 2182 1335 2259 ἀπορῥήτῳ
1385 2180 1633 2257 δυνάμει,
1682 2185 1870 2239 ὁποῖον

214 2275 275 2328 ἃν
314 2274 608 2350 βούληται,
634 2272 836 2349 γίνεται
882 2271 945 2327 τὸ
977 2278 1154 2347 σῶμα.
1181 2272 1279 2327 Καὶ
1308 2272 1475 2348 ταύτῃ
1514 2272 1725 2347 μᾶλλον
1760 2271 1870 2329 ἔστι

210 2368 519 2432 πιστεῦσαι,
657 2363 745 2417 καὶ
796 2363 823 2416 ὁ
873 2363 978 2434 ἀὴρ
1027 2364 1155 2438 παρ’
1198 2361 1372 2417 αὐτοϋ⁸
1408 2362 1664 2434 τοιαύτην
1716 2362 1870 2434 εἱλη-

212 2453 329 2530 φὼς
375 2451 530 2528 φύσιν
583 2451 685 2505 ὑπὸ
727 2456 825 2506 τοῦ
875 2450 1033 2505 αὐτὸν
1094 2448 1380 2521 διήκοντος
1438 2451 1730 2524 ἀσωμάτου
1777 2456 1872 2505 νοῦ

212 2542 292 2604 εἷς
327 2539 523 2617 δρόσον
552 2539 773 2615 τραπεὶς
803 2541 891 2594 καὶ
939 2540 1235 2615 παχυνθείς
1270 2539 1471 2614 γίνεται
1524 2538 1691 2612 ὕδωρ,
1726 2538 1871 2613 ὕδωρ

213 2627 275 2684 δὲ
323 2629 493 2704 παγὲν
553 2627 699 2683 λίθοι
757 2627 845 2683 καὶ
904 2635 999 2704 γῆ,
1058 2628 1147 2681 καὶ
1208 2627 1355 2683 λίθοι
1413 2625 1469 2683 δὲ
1516 2628 1873 2704 συῤῥήξαντες

214 2723 325 2792 πῦρ
364 2716 702 2788 ἐξάπτουσιν.
750 2722 1003 2772 Τοιοῦτον
1060 2716 1195 2771 κατὰ
1255 2712 1564 2789 μεταϐολὴν
1611 2717 1699 2771 καὶ
1746 2738 1874 2792 τρο-

218 2810 329 2875 πήν
365 2808 396 2861 ὁ
444 2806 549 2879 ἀὴρ
599 2803 746 2882 ὕδωρ
796 2806 860 2860 τὰ
906 2810 1098 2882 πρῶτα
1142 2802 1387 2882 γεγονὼς
1435 2806 1509 2867 εἷς
1556 2811 1662 2881 πῦρ
1717 2805 1879 2877 ἔληξε

225 2896 316 2952 διὰ
344 2901 456 2952 τῶν
485 2901 727 2971 τροπῶν,
758 2895 847 2950 καὶ
896 2896 958 2949 τὸ
1011 2896 1171 2971 ὑγρὸν
1222 2895 1298 2957 εἷς
1346 2897 1446 2964 τὴν
1497 2894 1736 2950 ἐναντίαν
1777 2896 1877 2974 φύ-

228 3007 310 3040 σιν
382 2984 712 3061 μετετράπη.
773 2983 833 3037 Τί
893 2980 951 3038 δέ
984 3003 998 3053 ;
1032 2982 1158 3059 οὖχὶ
1217 2983 1304 3038 καὶ
1363 2985 1461 3053 τήν
1516 2982 1787 3047 Μωυσέως
1838 2987 1881 3022 ⁸⁸

230 3069 435 3149 ῥάϐδον
496 3074 524 3127 ὁ
584 3073 713 3135 Θεὸς
771 3070 984 3147 ἔτρεψεν
1046 3072 1122 3134 εἷς
1184 3077 1357 3144 ζῶον,
1419 3075 1654 3143 ποιήσας
1714 3069 1832 3149 ὅφιν
1867 3117 1882 3142 ,

229 3165 287 3218 ὃν
320 3162 491 3217 πάλιν
524 3161 872 3237 μετὲστρεψεν
906 3159 981 3223 εἷς
1014 3163 1168 3219 402
1200 3156 1395 3236 ῥάϐδον
1433 3180 1446 3231 ;
1478 3161 1566 3216 καὶ
1613 3159 1682 3216 δι’
1715 3162 1883 3232 αὐτῆς

230 3250 289 3307 δὲ
316 3259 420 3321 τῆς
450 3250 639 3323 τραπεί

264 3343 281 3359 9
426 3340 447 3357 η
553 3339 567 3356 ς
674 3341 684 3359 ι
1255 3338 1269 3359 ν
1347 3336 1408 3358 ροσε
1574 3346 1587 3365 ,
1726 3341 1738 3357 κ
1868 3340 1881 3357 \

231 3362 393 3414 αιμα,
427 3360 569 3394 om:
616 3338 779 3394 παλιν
832 3338 1179 3413 μετέστρεψεν
1227 3360 1303 3401 εις
1346 3354 1540 3415 υοωρ;
1589 3338 1749 3396 Αλλα
1795 3361 1885 3394 και

226 3431 323 3485 τὸν
379 3427 681 3503 ἄνθρωπον,
731 3431 867 3503 χοῦν
918 3422 1064 3497 ὄντα,
1115 3426 1464 3504 ἐμφυσήματι
1514 3431 1685 3497 πνοῆς
1732 3428 1884 3501 μετὲ-

232 3521 459 3595 στρεψεν
491 3517 565 3580 είς
616 3516 805 3591 σάρκα,
854 3516 943 3571 καί
988 3513 1153 3570 πάλιν
1202 3516 1552 3592 μετὲστρεψεν
1601 3517 1676 3579 εἰς
1724 3521 1881 3593 χοῦν.

227 3607 378 3682 Οὗχὶ
412 3604 472 3661 δὲ
500 3613 735 3675 Μωϋσῆς
782 3604 939 3667 αὐτὸς
984 3604 1112 3680 σὰρξ
1159 3602 1231 3659 ὢν
1266 3604 1342 3667 εἷς
1378 3605 1628 3680 μέγιστον
1683 3604 1884 3681 ἐτράπη

227 3701 370 3773 eam,
420 3695 496 3757 ὡς
548 3695 622 3766 μή
676 3691 965 3762 δυνηθῆναι
1011 3693 1138 3755 τοὺς
1187 3692 1339 3755 υἱοὺς
1390 3694 1608 3769 Ἰσραήλ
1640 3690 1887 3750 ἀντιϐλέ-

217 3789 316 3858 ea:
352 3783 540 3856 αὖτῷ;
576 3781 782 3854 Πολλῷ
813 3780 903 3836 οὖν
941 3780 1154 3855 μᾶλλον
1184 3784 1211 3837 ὁ
1243 3784 1368 3846 Θεὸς
1417 3783 1601 3839 ἑαυτὸν
1646 3785 1882 3859 τρὲπειν,

220 3873 301 3936 εἷς
337 3873 368 3927 ’ὁ
394 3871 675 3949 βούλεται,
708 3869 1078 3933 δυνατώτατός
1110 3871 1271 3930 ἐστιν.

298 4072 420 4127 VII.
451 4067 608 4126 Ἀλλ’
640 4068 772 4131 ἴσως
818 4090 901 4131 τις
954 4069 1106 4141 ὑμῶν
1158 4068 1392 4141 ἐνόησεν,
1448 4068 1532 4125 ὅτι
1582 4068 1752 4132 ἄλλος
1786 4070 1880 4144 μὲν

230 4162 321 4215 ὑπ’
354 4158 530 4215 ἄλλου
581 4158 822 4233 γενέσθαι
871 4180 926 4212 τι
975 4155 1211 4227 δύναται,
1264 4159 1425 4220 αὑτὸς
1456 4156 1514 4213 δέ
1558 4180 1643 4221 τις
1675 4160 1881 4230 ἑαυτὸν,

229 4248 363 4304 sic?)
417 4245 694 4322 βούλεται,
749 4246 1096 4320 μετατρὲπειν
1147 4246 1208 4301 οὐ
1261 4244 1500 4313 δύναται,
1549 4247 1638 4301 καὶ
1692 4247 1776 4301 ὅτι
1820 4247 1884 4302 τὸ

226 4338 518 4413 τρέπεσθαι
567 4340 664 4390 τοῖ’)
712 4336 992 4412 γηρῶντός
1044 4334 1153 4390 ἐστι
1202 4335 1292 4389 καὶ
1342 4336 1625 4390 ἀποθανεῖν
1681 4335 1883 4413 [φύσιν]

227 4422 477 4500 ἔχοντος,
508 4421 653 4479 ἀλλᾶ
684 4424 804 4499 περὶ
849 4422 1118 4479 ἀθανάτων
1168 4427 1328 4478 τοῦτο
1377 4422 1438 4478 οὐ
1471 4425 1583 4498 χρὴ
1617 4424 1883 4496 νομίζειν.

220 4516 295 4570 Ἦ
355 4514 456 4588 γὰρ
512 4512 611 4567 οὐκ
668 4511 898 4587 ἄγγελοι
964 4513 1189 4588 ἀγήρως
1246 4515 1290 4549 σθ
1346 4512 1728 4587 [ὑπάρχοντες]
1794 4511 1884 4567 καὶ

1978 1918 2207 1973 minum
2260 1919 2397 1985 sint,
2434 1923 2545 1973 Deo
2592 1935 2721 1973 esse
2766 1920 3155 1975 attribuenda.
3205 1921 3339 1976 Jam
3389 1922 3628 1993 quidem

1978 2006 2270 2073 homines,
2330 2006 2546 2078 quibus
2578 2024 2823 2078 corpora
2869 2008 3265 2064 immutabilia
3309 2016 3468 2081 sunt,
3512 2026 3631 2067 non

1979 2099 2305 2163 mutantur,
2338 2097 2438 2151 sed
2472 2096 2726 2151 indolem
2775 2096 2991 2153 habent
3019 2114 3154 2153 cum
3185 2099 3325 2153 anni
3367 2104 3628 2171 tempore

1978 2186 2260 2241 variandi.
2306 2188 2379 2239 At
2422 2202 2537 2241 non
2588 2186 2671 2240 ita
2715 2186 2907 2249 Deus;
2960 2204 3096 2242 nam
3140 2186 3299 2243 illius
3330 2188 3541 2259 spiritu
3574 2187 3627 2244 ei

1980 2274 2179 2329 innato
2210 2291 2421 2329 arcana
2454 2274 2505 2327 vi
2538 2291 2750 2346 corpus
2783 2275 2865 2342 lit,
2918 2275 3090 2346 quale
3120 2276 3245 2348 ipse
3274 2276 3414 2332 vult.
3459 2276 3624 2342 Quod

1980 2381 2046 2420 eo
2078 2364 2265 2436 magis
2298 2363 2674 2430 credendum,
2709 2380 2843 2418 cum
2876 2382 2973 2419 aer
3004 2381 3106 2435 per
3126 2382 3284 2431 eum,
3317 2365 3373 2420 id
3406 2371 3494 2422 est
3522 2382 3628 2438 per

1981 2452 2381 2523 incorpoream
2415 2457 2668 2507 mentem
2699 2451 2759 2507 in
2786 2469 2918 2508 eum
2953 2453 3249 2525 diffusam,
3292 2454 3629 2511 facultatem

1984 2540 2288 2613 acceperit,
2325 2546 2387 2595 ut
2417 2540 2476 2595 in
2509 2540 2793 2612 liquorem
2827 2558 3028 2598 versus
3060 2547 3117 2597 et
3147 2550 3451 2600 concretus
3479 2561 3635 2617 aqua

1984 2632 2105 2697 ﬁat,
2147 2646 2299 2697 aqua
2349 2635 2545 2685 autem
2584 2636 2854 2685 concreta
2902 2637 3162 2687 mutetur
3209 2633 3267 2687 in
3321 2633 3547 2705 lapides
3578 2637 3637 2689 et

1986 2725 2222 2781 terram,
2256 2724 2311 2773 et
2350 2717 2574 2790 lapides
2616 2719 2883 2774 confricti
2915 2720 3109 2792 ignem
3142 2723 3483 2777 accendant.
3515 2722 3634 2777 Hoc

1988 2808 2159 2863 modo
2192 2823 2291 2862 aer
2340 2813 2472 2879 post
2528 2806 2971 2863 translationem
3029 2813 3086 2865 et
3113 2811 3633 2867 commutationem

1988 2897 2247 2969 primum
2273 2897 2509 2967 quidem
2539 2913 2692 2967 aqua
2725 2898 2911 2953 factus
2941 2914 3043 2969 per
3073 2900 3478 2956 conversiones
3510 2916 3636 2955 ces-

1991 2986 2161 3041 sabat
2189 2984 2248 3039 in
2280 2984 2496 3056 ignem,
2529 2989 2586 3040 et
2644 2986 2948 3041 humidum
2980 2986 3037 3040 in
3079 2989 3429 3044 contrariam
3462 2993 3636 3044 natu-

1994 3090 2119 3129 ram
2168 3075 2523 3129 mutabatur.
2584 3073 2729 3140 Quid
2788 3074 2970 3130 vero?
3023 3076 3225 3131 Nonne
3278 3077 3432 3132 Deus
3460 3077 3636 3133 etiam

1997 3161 2480 3235 Moysislvirgam
2534 3162 2590 3216 in
2650 3163 2868 3217 animal
2923 3164 3117 3234 vertit,
3185 3169 3510 3236 serpentem
3555 3166 3640 3219 ta-

644 3272 745 3321 σης
778 3245 977 3324 ῥάϐδου
1006 3250 1068 3304 τὸ
1118 3248 1314 3305 Νείλου
1361 3248 1507 3326 ὕδωρ
1553 3247 1767 3326 ἔτρεψεν
1812 3250 1872 3305 εἷι

2000 3251 2179 3317 ciens,
2226 3267 2397 3321 quem
2433 3250 2645 3305 iterum
2697 3251 2756 3305 in
2804 3251 3025 3322 virgam
3058 3253 3349 3308 mutavit?
3396 3254 3466 3308 Et
3511 3252 3642 3325 ipsa

1994 3339 2096 3395 illa
2116 3341 2274 3411 virga
2299 3356 2512 3410 aquam
2541 3339 2650 3394 Nili
2676 3341 2956 3395 convertit
2988 3341 3045 3395 in
3071 3343 3440 3413 sanguinem,
3462 3359 3639 3415 quem

1994 3429 2181 3485 redire
2211 3428 2343 3483 t'ccit
2372 3428 2432 3482 in
2462 3445 2697 3499 aquam.
2740 3430 2849 3484 Sed
2884 3429 3183 3485 hominem
3232 3448 3486 3504 quoque,
3536 3433 3639 3504 qui

1993 3517 2171 3572 limus
2203 3522 2346 3585 erat,
2391 3516 2598 3589 spiritu
2634 3516 2833 3573 inﬂato
2880 3518 2938 3572 in
2971 3535 3206 3575 carnem
3236 3522 3426 3588 vertit,
3460 3537 3638 3594 quam

1993 3607 2208 3674 itarum
2241 3606 2490 3660 m‘utavit
2520 3606 2579 3660 in
2620 3604 2850 3661 limum.
2883 3608 2995 3662 Sed
3048 3625 3239 3664 nonne
3286 3614 3342 3665 et
3387 3610 3637 3682 Moyses,

1994 3694 2094 3767 qui
2121 3711 2253 3749 caro
2283 3698 2424 3759 erat,
2460 3694 2519 3749 in
2552 3696 2875 3751 maximum
2907 3702 3272 3767 permutatus
3300 3702 3391 3753 est
3420 3698 3641 3769 ignem,

1994 3784 2075 3839 ita
2108 3788 2171 3838 ut
2201 3782 2304 3838 ﬁlii
2335 3783 2566 3839 lsraelis
2588 3801 2723 3840 eum
2737 3785 2995 3857 aspicere
3016 3803 3128 3842 non
3156 3787 3443 3857 possent?
3460 3785 3643 3842 Multo

1994 3872 2182 3944 magis
2214 3873 2393 3944 igitur
2424 3873 2577 3928 Deus
2608 3873 2990 3945 semetipsum
3016 3879 3241 3930 mutare
3263 3875 3323 3929 in
3348 3874 3648 3945 quodcun-

1993 3978 2106 4033 que
2135 3962 2187 4016 ei
2222 3961 2410 4033 placet
2441 3962 2886 4033 potentissimus
2928 3968 3038 4018 est.

2062 4068 2182 4125 VII.
2214 4071 2287 4124 At
2314 4068 2581 4123 fortassis
2611 4074 2866 4124 vertrum
2887 4069 3098 4140 aliquis
3123 4070 3437 4137 existimat,
3463 4069 3644 4125 alium

1993 4158 2230 4228 quidem
2264 4158 2385 4213 ﬁeri
2417 4157 2637 4228 aliquid
2664 4175 2832 4226 posse
2859 4174 2959 4229 per
2988 4158 3190 4224 alium,
3223 4159 3323 4214 sed
3355 4159 3551 4230 ipsum
3579 4158 3639 4213 in

1993 4246 2295 4318 quodlibet
2323 4262 2385 4301 se
2427 4252 2759 4301 convertere
2789 4264 2905 4300 non
2936 4247 3147 4311 valere,
3179 4264 3424 4318 esseque
3454 4248 3633 4302 etiam

1994 4334 2342 4391 commutari
2375 4334 2733 4390 senescentis
2773 4340 2829 4389 et
2860 4335 3033 4390 morti
3080 4336 3339 4403 obnoxii,
3388 4335 3445 4390 id
3480 4335 3635 4406 quod

1995 4441 2110 4479 non
2140 4423 2500 4479 censendum
2548 4424 2627 4478 sit
2656 4424 2727 4477 de
2761 4423 3213 4479 immortalibus.
3248 4424 3449 4478 Nonne
3482 4423 3638 4478 enim

1995 4512 2187 4584 angeli
2237 4528 2469 4583 quoque
2512 4528 2797 4584 perennes
2837 4518 3012 4584 atque
3064 4512 3245 4583 igneae
3301 4510 3643 4567 substantia:

222 4598 518 4676 πυρώδους
599 4600 782 4661 οὐσίας
862 4600 937 4662 εἷς
1011 4600 1180 4675 σάρκα
1261 4600 1667 4675 μετετράπησαν
1720 4645 1735 4671 ,
1794 4600 1872 4655 καῖ

1994 4618 2125 4657 caro
2197 4601 2331 4655 facti
2381 4602 2453 4655 ab
2512 4600 2843 4655 Abrahamo
2893 4600 3150 4671 hospitio
3207 4598 3429 4671 excepti
3481 4603 3644 4665 sunt,

224 4691 279 4743 οἱ
316 4690 462 4764 παρᾶ
488 4687 571 4761 τῷ
615 4684 863 4765 Ἀϐραὰμ
888 4691 1035 4763 [ξενι]
1080 4690 1310 4761 σθὲντες,
1361 4691 1433 4743 ὧν
1484 4689 1572 4744 καὶ
1610 4688 1737 4751 τοὺς
1783 4688 1883 4744 πό-

227 4776 326 4838 δας
358 4778 434 4839 ὡς
466 4778 773 4851 ὁμοουσίων
802 4778 1100 4853 ἀνθρώπων
1130 4776 1400 4853 ἄνθρωποι
1446 4773 1627 4851 ἕνιψαν
1663 4797 1677 4848 ;
1710 4776 1887 4834 Ἀλλὰ

226 4868 323 4922 καὶ
351 4872 430 4938 τῷ
478 4863 672 4923 Ἰακώϐ
719 4868 987 4942 ἀνθρώπῳ
1035 4862 1150 4921 ὄντι
1198 4863 1428 4942 ἅγγελος
1481 4865 1767 4922 ἐπάλαισεν
1808 4866 1885 4930 εἷς

230 4956 406 5030 σάρκα
463 4956 710 5030 τραπεὶς,
771 4956 852 5011 ἶνα
902 4955 1049 5028 αότῷ
1104 4958 1575 5033 συγχρωτισθῆναι
1635 4954 1882 5028 δυνηθῇ.

231 5043 339 5101 Καὶ
372 5046 527 5117 ὁμῶς
568 5042 837 5107 παλαίσας
887 5044 975 5100 ἐπὶ
1021 5045 1121 5113 τὴν
1175 5043 1311 5099 ἰδίαν
1361 5044 1524 5099 αὐτοῦ
1571 5044 1725 5123 φύσιν
1765 5047 1888 5119 βου-

230 5131 423 5202 ληθεὶς
454 5133 684 5209 ἐτράπη.
720 5130 859 5204 Ἤδη
893 5133 970 5195 εἷς
1000 5137 1106 5205 πῦρ
1143 5127 1624 5205 μεταϐαλλόμενος
1654 5137 1751 5187 τοῦ
1784 5135 1883 5187 Ἰα-

228 5216 349 5276 κὼϐ
402 5224 469 5259 ¹θ⁰
510 5223 573 5277 τὸ
618 5220 798 5276 πλατὺ
844 5227 1032 5295 νεῦρον
1085 5221 1184 5275 οὐκ
1231 5218 1419 5276 ἔκαυσε
1470 5222 1584 5294 μὲν,
1618 5220 1803 5300 ἔφλεξε
1830 5220 1888 5276 δὲ

226 5310 318 5365 καὶ
350 5308 542 5385 χωλὸν
595 5311 868 5382 ἐποίησεν.
926 5313 983 5365 Ὀ
1034 5308 1091 5365 δὲ
1142 5306 1325 5387 ἕτερόν
1368 5332 1420 5365 τι
1468 5311 1736 5386 γενέσθαι,
1776 5309 1888 5365 ὅτι

1997 4706 2247 4760 quorum
2279 4689 2362 4743 vel
2398 4689 2574 4760 pedes
2606 4692 2671 4742 ut
2699 4689 2962 4758 ejusdem
3023 4688 3327 4744 hominum
3378 4686 3642 4741 essentia:

1993 4778 2264 4834 homines
2322 4775 2639 4832 lavabant?
2696 4777 2805 4832 Sed
2864 4777 3041 4832 etiam
3098 4793 3231 4831 cum
3271 4776 3509 4845 Jacobo,
3541 4773 3644 4845 qui

1994 4866 2169 4922 homo
2218 4869 2365 4931 erat,
2414 4864 2658 4937 angelus
2713 4864 3065 4934 luctabatur,
3123 4864 3181 4919 in
3215 4880 3448 4919 carnem
3481 4879 3640 4917 com-

1996 4959 2278 5021 mutatus,
2339 4959 2403 5009 ut
2434 4958 2629 5024 posset
2658 4970 2792 5008 cum
2850 4970 2916 5009 eo
2975 4953 3325 5008 conversari.
3361 4950 3644 5006 Similiter

1997 5050 2308 5116 postquam
2360 5043 2616 5098 luctatus
2665 5046 2812 5111 erat,
2868 5058 2937 5098 ex
2982 5041 3279 5098 voluntate
3345 5057 3453 5095 sua
3510 5056 3645 5110 pro-

1996 5134 2182 5204 priam
2225 5132 2438 5187 iterum
2471 5132 2661 5186 induit
2691 5136 2984 5186 naturam.
3014 5134 3143 5185 Jam
3177 5146 3308 5185 vero
3340 5130 3399 5183 in
3441 5129 3642 5200 ignem

1994 5222 2447 5276 transformatus
2475 5220 2670 5275 Jacobi
2704 5236 2945 5274 nervum
2978 5220 3215 5274 femoris
3248 5235 3361 5274 non
3388 5218 3626 5289 quidem

1997 5310 2343 5381 combussit,
2374 5310 2471 5365 sed
2503 5309 2886 5364 inﬂammavit
2913 5308 3306 5380 claudumque
3352 5307 3502 5364 fecit.
3537 5308 3641 5363 At-

1585 5508 1829 5564 VARI/E
1867 5506 2275 5564 LECTIONES.

307 5657 353 5695 ⁸⁸
378 5655 639 5722 Μωυσέος
664 5661 735 5720 Ο.
775 5660 817 5697 ⁸⁸
843 5659 1075 5719 Codicis
1104 5657 1465 5732 scripturam
1496 5657 1716 5736 ἀγήρως
1749 5662 1979 5717 mutare
2010 5656 2188 5715 nolui.
2218 5656 2283 5693 ίοο
2316 5652 2481 5709 ἰακών
2512 5656 2578 5711 Ο.
