4140 6344
510 371 628 431 455

1340 374 1404 432 S.
1450 370 1891 431 CLEMENTIS
1937 368 1961 428 Ι
2008 368 2199 429 ROM.
2245 368 2475 429 PONT.
2523 368 2783 430 OPERA
2827 370 3092 431 DUBIA.

3798 371 3920 433 456

510 506 709 557 tamen
762 501 835 572 is,
897 500 995 573 qui
1052 517 1119 556 ex
1184 502 1479 557 voluntate
1536 501 1695 557 aliud
1751 500 1875 556 fieri
1932 499 2133 572 nequit

2269 493 2437 567 θέλει,
2493 498 2569 570 μὴ
2614 494 2931 570 δυνάμενος,
2975 497 3049 558 ὡς
3101 497 3453 571 ὑποκείμενος
3502 501 3568 571 τῇ
3622 498 3786 554 αὑτοῦ
3829 498 3924 578 φύ-

512 595 713 662 utpote
770 590 1042 646 subditus
1089 590 1280 662 ipsius
1327 596 1569 655 naturae,
1604 589 1870 645 mortalis
1902 593 2021 657 est;
2054 589 2155 644 sed

513 678 612 750 qui
644 696 761 735 suae
782 678 966 750 ipsius
991 682 1209 734 natura:
1236 679 1534 750 imperans
1556 679 1707 751 potis
1726 684 1813 735 est
1840 678 1964 734 ﬁeri
1995 677 2158 749 quid-

512 768 652 838 quid
684 772 739 823 et
783 769 1249 839 quandocunque
1300 767 1445 837 vult,
1488 769 1569 823 ita
1599 774 1661 822 ut
1693 784 1875 823 novus
1908 767 2154 835 eveniat,

512 860 601 911 est
637 855 1007 912 immortalis.
1060 856 1247 920 Quare
1295 857 1480 912 multa
1523 856 1711 929 magis
1742 855 1842 911 Dei
1898 858 2157 927 potestas

509 945 826 1002 essentiam
859 946 1117 1016 corporis
1146 946 1380 1018 quando
1411 952 1467 1001 et
1496 945 1556 1000 in
1588 945 2001 1016 quodcumque
2030 943 2155 998 vult

509 1033 813 1101 convertit,
835 1038 890 1088 et
920 1032 1133 1089 similis
1161 1034 1522 1102 substantiae,
1556 1050 1692 1100 non,
1727 1038 1920 1089 autem
1952 1048 2149 1103 (equae,

509 1121 965 1177 commutatione
1018 1126 1251 1193 peracta
1298 1126 1580 1193 procreat.
1616 1126 1704 1176 Ita
1750 1124 1975 1177 creator
2003 1126 2060 1176 et
2092 1121 2149 1175 in

508 1208 686 1265 aliam
711 1210 1028 1266 essentiam
1061 1214 1422 1265 commutata
1453 1210 1509 1265 in
1535 1226 1597 1265 se
1627 1214 1909 1265 revertere
1942 1213 2149 1282 potest,

507 1314 641 1354 cum
674 1316 742 1354 ex
770 1298 930 1355 illius
964 1299 1285 1354 mutatione
1311 1298 1466 1355 filius
1486 1300 1826 1372 progenitus
1843 1298 1967 1355 sine
2000 1315 2152 1354 crea-

507 1389 649 1447 toris
678 1388 968 1445 voluntate
998 1387 1154 1444 aliud
1204 1387 1305 1460 qui
1348 1388 1471 1443 fieri
1504 1405 1620 1444 non
1670 1388 1873 1461 possit,
1907 1388 2019 1443 nisi
2052 1385 2149 1443 ille

493 1483 736 1535 annuat

563 1584 713 1639 VIII.
748 1584 878 1639 Haec
910 1601 1043 1638 cum
1076 1587 1280 1639 Petrus
1320 1583 1581 1654 dixisset,
1615 1582 1904 1648 Michaeas,
1935 1586 1990 1638 et
2020 1581 2145 1653 ipse

489 1690 558 1729 ex
582 1673 863 1728 comitum
899 1688 1142 1727 numero
1176 1688 1368 1727 unus:
1405 1672 1613 1739 Velim,
1645 1671 1860 1743 inquit,
1906 1688 1939 1725 a
1970 1675 2024 1726 te
2054 1670 2140 1724 di-

488 1778 667 1828 scere,
705 1779 847 1817 num
879 1762 1056 1818 etiam
1091 1761 1279 1816 bonus
1309 1761 1511 1816 eodem
1565 1761 1733 1815 modo
1781 1760 2012 1831 genitus
2044 1758 2139 1827 sit,

2268 605 2369 654 σει,
2430 585 2624 657 θνητός
2684 584 2841 641 ἐστιν’
2908 583 3199 658 δυνάμενος
3259 584 3315 641 δέ
3368 608 3451 648 τις
3507 586 3771 663 γενέσθαι,
3833 587 3928 644 ὅτε

2266 673 2496 742 θέλει,’ὀ
2554 674 2720 747 θέλει,
2782 676 2857 737 ὡς
2916 674 3084 743 αὐτῆς
3140 682 3240 744 τῆς
3301 675 3507 753 φύσεως
3560 673 3923 746 δεσποτεὺων,

2265 761 2340 824 εἷς
2395 765 2457 818 τὸ
2513 766 2716 833 νεάζειν
2776 763 3146 842 ὑποστρέφων,
3206 763 3464 828 ἀθάνατός
3524 763 3705 822 ἐστιν.
3763 768 3920 821 Ὅθεν

2263 851 2407 906 πολὺ
2442 850 2655 925 μᾶλλον
2687 855 2721 923 ἡ
2752 857 2848 907 τοῦ
2879 851 3016 908 Θεοῦ
3049 850 3296 925 δύναμις,
3329 852 3418 908 ὅτε
3443 851 3588 908 θέλει
3638 857 3791 912 ⁴θ³
3821 860 3922 911 τοῦ

2264 941 2519 1013 σώματος
2566 943 2666 1011 τήν
2714 941 2896 997 οὐσίαν
2931 943 3005 1004 εἷς
3058 943 3087 997 ’ὀ
3118 940 3260 997 Θέλει
3315 944 3633 1019 μετατρέπει
3659 945 3748 998 καὶ
3780 944 3921 1017 ὁμο-

2263 1028 2444 1085 οὑσιον
2501 1034 2577 1104 μή
2623 1030 2870 1107 παρούσῃ
2916 1037 3093 1106 τροπῆ
3135 1026 3465 1107 προϐάλλει,
3500 1030 3824 1107 ἷσοδύναμον
3859 1030 3923 1089 δὲ

2262 1114 2344 1174 οῦ.
2376 1121 2497 1177 ’Ότι
2531 1120 2559 1174 6
2610 1121 2701 1193 μὲν
2743 1113 3077 1196 προϐάλλων
3111 1119 3200 1174 καὶ
3233 1119 3310 1183 εἷς
3350 1118 3532 1197 ἑτέραν
3571 1120 3753 1176 οὐσίαν
3784 1142 3917 1199 τρα-

2258 1207 2424 1263 πέντα
2464 1206 2629 1263 πάλιν
2677 1207 2757 1286 ἐφ’
2808 1208 2994 1263 ἑαυτὸν
3042 1209 3257 1283 τρέπειν
3304 1206 3518 1264 δύναται
3554 1214 3594 1280 ί,
3629 1211 3656 1265 6
3690 1207 3747 1265 δὲ
3774 1231 3918 1287 προ-

2258 1290 2481 1367 ϐληθεὶς
2512 1304 2609 1366 τῆς
2641 1295 2692 1367 ἐξ
2723 1295 2928 1351 ἐκείνου
2962 1300 3171 1373 τροπῆς
3198 1317 3258 1353 τε
3304 1296 3391 1351 καὶ
3431 1299 3614 1353 τέκνον
3648 1299 3913 1375 ὑπάρχων

2258 1380 2379 1440 ἄνευ
2409 1390 2507 1440 τοῦ
2556 1381 2975 1461 προϐάλλοντος
3033 1384 3240 1462 βουλῆς
3291 1384 3431 1443 ἄλλο
3472 1409 3528 1443 τι
3572 1384 3810 1465 γενέσθαι
3850 1388 3916 1445 οὗ

2258 1470 2497 1547 δύναται,
2533 1474 2577 1529 εί
2613 1476 2689 1548 μή
2718 1474 2919 1537 ἐκεῖνος
2951 1472 3117 1530 Θέλει.

2325 1583 2471 1637 VIII.
2523 1586 2699 1636 Ταῦτα
2744 1586 2840 1637 τοῦ
2893 1582 3099 1658 Πέτρου
3146 1581 3417 1652 εἰπόντος,
3470 1583 3712 1659 Μιχαίας
3745 1586 3789 1654 ³,
3818 1583 3913 1640 καὶ

2253 1668 2411 1732 αὐτὸς
2466 1671 2541 1731 εἷς
2586 1674 2692 1724 τῶν
2740 1669 3018 1743 ἑπομένων
3071 1671 3313 1745 ἑταίρων,
3369 1666 3736 1745 Ἐϐουλόμην,
3781 1668 3908 1751 ἔφη,

2250 1757 2340 1811 καὶ
2388 1757 2547 1820 αὐτὸς
2601 1763 2787 1831 μαθεῖν
2841 1760 2986 1831 παρὰ
3029 1763 3146 1825 σοῦ,
3181 1758 3227 1814 εί
3277 1757 3459 1835 ὥσπερ
3494 1760 3522 1814 6
3553 1762 3796 1836 πονηρὸς
3824 1762 3913 1836 γέ-

488 1866 602 1922 quo
638 1849 864 1906 malus:
902 1850 949 1905 si
984 1850 1139 1905 enim
1173 1866 1338 1920 aequo
1380 1850 1549 1904 modo
1583 1849 1716 1904 facti
1760 1849 1991 1914 fuerint,
2028 1848 2136 1903 fra-

2251 1867 2425 1919 γονεν,
2485 1846 2629 1901 οὕτω
2683 1846 2967 1922 γεγένηται
3016 1846 3106 1901 καὶ
3158 1849 3187 1903 6
3234 1846 3452 1922 ἀγαθός.
3487 1848 3551 1903 Ei
3602 1846 3660 1904 δὲ
3698 1850 3909 1921 ὁμοίως

487 1943 607 1994 tres
638 1938 780 1993 mihi
836 1956 963 1994 esse
1012 1938 1297 1993 videntur.
1349 1938 1669 2009 Respondit
1717 1936 1959 1991 Petrus:
2012 1936 2136 1991 Non

2248 1934 2550 2010 γεγόνασιν,
2614 1932 2843 2012 ἀδελφοὶ
2900 1935 3036 1990 εἷναί
3089 1957 3181 2008 μοι
3228 1933 3395 1992 δοκεῖ.
3447 1936 3544 1991 Καὶ
3598 1937 3626 1991 6
3680 1937 3903 2013 Πέτροςο

488 2027 667 2098 geniti
699 2029 943 2083 fuerunt
974 2025 1155 2082 simili
1188 2027 1380 2091 modo,
1413 2026 1461 2081 si
1487 2042 1579 2080 me
1619 2026 1690 2080 ab
1723 2024 1886 2079 initio
1920 2024 2139 2080 dixisse

488 2116 838 2185 recordaris,
871 2116 1010 2171 mali
1042 2114 1480 2187 quadruplicem
1514 2114 1909 2170 substantiam
1940 2130 2137 2185 corpo-

489 2205 571 2261 ris
617 2206 947 2261 secundum
979 2221 1193 2275 genera
1246 2204 1494 2259 divisam
1527 2220 1560 2258 a
1604 2208 1716 2257 Deo
1748 2207 2131 2274 procreatam,

489 2295 592 2349 sed
625 2299 785 2350 extra
824 2311 955 2348 eam
989 2294 1312 2348 secundum
1356 2291 1632 2347 creatoris
1672 2290 2028 2346 voluntatem
2059 2291 2131 2346 ad

490 2383 823 2438 mistionem
855 2381 1166 2437 consilium
1200 2380 1368 2437 malis
1400 2381 1661 2453 gaudens
1691 2395 1819 2436 esse
1845 2382 2131 2449 tempera-

485 2477 635 2527 tum.
668 2474 747 2526 Ac
770 2472 849 2526 ita
871 2471 1243 2526 statuendum
1269 2469 1661 2525 substantiam
1687 2467 2130 2540 quadruplicem

486 2577 554 2617 ex
583 2561 697 2617 Deo
730 2560 1016 2632 prolatam
1065 2560 1193 2630 ejus
1242 2559 1479 2631 quidem
1528 2574 1652 2614 esse
1691 2562 2037 2623 creaturam,
2073 2559 2131 2611 et

486 2648 675 2721 ipsam
709 2649 1149 2719 sempiternam.
1174 2647 1288 2702 Cur
1317 2651 1512 2703 autem
1536 2651 1697 2703 extra
1716 2644 2031 2702 essentiam
2055 2644 2129 2699 ab

485 2753 551 2794 eo
581 2741 967 2809 temperatam
999 2736 1381 2809 congrediens
1415 2735 1774 2808 propositum
1800 2733 1971 2790 malis
1993 2751 2129 2805 gau-

486 2826 629 2883 dens
669 2832 867 2898 postea
923 2825 1314 2898 gignebatur?
1361 2826 1427 2880 Et
1483 2824 1592 2880 hac
1638 2824 1873 2895 quidem
1908 2823 2128 2879 ratione

486 2932 675 2988 neque
707 2933 741 2971 a
770 2915 905 2984 Deo,
940 2932 1127 2985 neque
1160 2915 1231 2969 ab
1264 2913 1376 2969 alio
1408 2914 1661 2985 quodam
1711 2918 1989 2981 creatum,
2024 2912 2124 2968 sed

485 3022 558 3061 ne
588 3022 655 3061 ex
686 3020 753 3060 eo
786 3005 1021 3075 quidem
1055 3002 1366 3076 prolatum,
1410 3018 1596 3075 neque
1629 3008 1832 3074 sponte
1860 3018 2126 3073 progres-

483 3110 615 3150 sum
646 3098 753 3160 est,
788 3108 976 3163 neque
1034 3108 1265 3164 semper
1323 3090 1447 3157 fuit,
1498 3096 1561 3146 ut
1606 3095 1740 3147 ante
1788 3090 2122 3146 mistionem

484 3183 761 3248 essentia,
795 3181 895 3237 sed
941 3180 1189 3236 mistura
1235 3180 1560 3235 secundum
1620 3180 1719 3235 Dei
1766 3179 2123 3236 voluntatem

484 3276 645 3327 extra
676 3238 913 3326 exstitit.
948 3272 1082 3335 Qua:
1113 3269 1348 3339 quidem
1388 3268 1468 3323 ita
1500 3286 1626 3324 sese
1675 3268 1929 3324 habeant
1957 3284 2123 3339 opor-
2157 3238 2200 3304 Ο

482 3364 625 3429 tere,
668 3375 819 3429 saepe
850 3358 1294 3413 afﬁrmavimus;
1329 3358 1437 3413 Sed
1472 3358 1621 3413 bono
1653 3374 1721 3413 ex
1750 3357 1975 3428 optima
2030 3355 2131 3412 Dei

484 3447 939 3503 commutatione
974 3451 1129 3516 nato,
1164 3463 1267 3502 nec
1297 3450 1458 3502 extra
1488 3446 1788 3502 exsistenti
1836 3446 2129 3516 mistione,

491 3534 676 3591 filium
712 3551 839 3590 esse
870 3534 1158 3607 contingit
1186 3534 1257 3601 ei,
1293 3535 1392 3605 qui
1436 3540 1544 3590 est.
1594 3534 1811 3589 Verum
1844 3534 1965 3590 hazc
1996 3551 2130 3590 cum

490 3624 711 3696 scripta
739 3641 854 3680 non
913 3624 1055 3689 sint,
1104 3623 1202 3679 sed
1262 3624 1496 3679 nonnisi
1526 3623 1877 3694 conjecturis
1922 3625 2132 3679 contir-

491 3718 668 3784 mata,
701 3713 857 3768 haud
890 3712 1059 3784 plane
1081 3729 1149 3768 ea
1171 3716 1249 3768 ita
1279 3729 1341 3768 se
1373 3712 1586 3767 habere
1616 3731 1648 3767 a
1671 3713 1837 3768 nobis
1867 3728 2132 3783 compro-

487 3801 675 3858 betur.
700 3802 845 3857 Nam
879 3800 1023 3856 alias
1044 3817 1210 3856 mens
1240 3817 1325 3868 ea,
1356 3818 1484 3872 quae
1511 3802 1629 3872 jam
1662 3800 1899 3855 omnino
1919 3816 2131 3872 praec-

487 3892 741 3963 cupavit,
785 3891 1119 3962 perquirere
1168 3895 1438 3945 cessaret.
1489 3892 1674 3961 Atque
1705 3896 1979 3960 praaterea
2011 3906 2131 3945 me-

487 3981 652 4045 mini,
684 3977 1027 4050 huiusmodi
1058 3995 1149 4033 res
1180 3994 1293 4033 non
1327 3978 1622 4047 omnibus,
1656 3978 1755 4033 sed
1789 3976 1928 4033 solis
1958 3994 2130 4048 expe-

488 4068 700 4123 rientia
730 4065 1160 4138 probatissimis
1192 4065 1334 4120 mihi
1366 4082 1493 4121 esse
1539 4065 1896 4121 revelandas.
1932 4066 2131 4137 Neque

486 4155 614 4211 sine
643 4154 985 4210 difficultate
1031 4155 1102 4209 de
1154 4154 1227 4209 iis
1284 4159 1486 4209 mutuo
1536 4152 1755 4226 aliquid
1803 4153 2128 4222 affirmetis,

485 4260 674 4315 neque
703 4243 966 4300 audeatis
996 4245 1372 4314 pronuntiare
1403 4259 1536 4298 cum
1560 4244 1906 4299 certitudine
1929 4244 2130 4298 ineffa-

484 4331 693 4387 bilium
725 4331 1137 4404 cognitionem,
1169 4332 1269 4387 sed
1305 4332 1362 4386 in
1396 4332 1627 4387 silentio
1678 4336 1907 4387 tantum
1940 4347 2128 4387 rema-

484 4425 614 4478 nete
643 4421 1061 4494 cogitabundi;
1114 4437 1249 4476 nam
1307 4420 1458 4475 inter
1513 4419 1872 4493 loquendum
1933 4422 2127 4476 forsan

479 4508 552 4576 is,
584 4509 683 4581 qui
708 4509 987 4581 loquitur,
1039 4499 1237 4581 peccat
1276 4508 1525 4578 inscitia,
1560 4526 1906 4581 poenamque
1947 4510 2127 4579 dabit,

482 4614 639 4664 cum,
668 4598 895 4654 etiamsi
927 4598 998 4654 ad
1022 4598 1428 4670 semetipsum,
1463 4598 1926 4669 pronuntiaverit
1954 4598 2130 4655 silen-
2159 4603 2207 4667 D

479 4688 559 4743 tio
588 4687 937 4744 veneranda.

553 4791 645 4848 IX.
680 4795 813 4858 Quae
855 4809 987 4848 cum
1035 4793 1235 4849 Petrus
1285 4792 1547 4864 dixisset,
1610 4794 1881 4858 Lazarus,
1942 4793 2043 4865 qui
2072 4798 2132 4851 et

477 4880 603 4953 ipse
659 4885 783 4937 erat
824 4898 978 4937 unus
1032 4898 1100 4937 ex
1144 4881 1497 4937 comitibus:
1563 4881 1657 4936 Dic
1698 4882 1885 4951 nobis,
1918 4882 2126 4954 inquit,

479 4969 773 5042 quomodo
805 4970 926 5025 hinc
967 4970 1368 5026 consentiant:
1401 4969 1501 5041 qui
1557 4970 1764 5025 rationi
1824 4977 2127 5028 consenta-

479 5074 656 5115 neum
688 5074 817 5115 esse
848 5063 1057 5131 potest,
1091 5057 1310 5113 malum
1370 5058 1562 5129 ipsum
1623 5076 1657 5113 a
1687 5059 1802 5115 Deo
1852 5061 2014 5131 justo
2054 5061 2128 5117 ad

477 5144 689 5220 impios
717 5147 1099 5204 vindicandos
1148 5145 1533 5203 constitutum
1582 5150 1781 5219 postea
1830 5148 1981 5205 inter
2022 5166 2125 5206 an-

2246 2021 2364 2097 Οὑχ
2414 2022 2625 2095 ὁμοίως
2676 2024 2987 2098 γεγόνασιν,
3038 2022 3186 2097 εἶ’περ
3241 2023 3511 2097 μέμνησαι
3545 2025 3618 2079 ὧν
3666 2024 3718 2080 ἐν
3750 2026 3902 2101 ἀρχῇ

2245 2111 2415 2182 εἶπον,
2469 2111 2550 2167 ὅτι
2598 2116 2695 2166 τοῦ
2740 2117 2986 2188 πονηροῦ
3034 2115 3068 2182 ἡ
3117 2114 3442 2189 τετραγενὴς
3498 2117 3596 2168 τοῦ
3649 2115 3905 2186 σώματος

2244 2199 2401 2255 οὐσία
2457 2198 2976 2278 πεφυλοκρινημένη
3035 2202 3137 2257 ὑπὸ
3191 2207 3288 2257 τοῦ
3346 2206 3480 2258 Θεοῦ
3534 2197 3899 2277 προεϐλήθη,

2242 2287 2343 2360 ἔξω
2375 2286 2431 2344 δὲ
2460 2289 2630 2359 αὐτῆς
2660 2292 2796 2345 κατά
2825 2291 2925 2359 τήν
2956 2290 3053 2345 τοῦ
3083 2285 3460 2366 προϐαλόντος
3495 2290 3699 2366 βουλὴν
3740 2290 3901 2366 ἐκράτ

2239 2380 2304 2449 Θη
2336 2379 2521 2454 δπρὸς
2578 2380 2678 2448 τήν
2732 2385 2919 2456 κρᾶσιν
2975 2382 3009 2449 ἡ
3069 2385 3257 2442 κακοῖς
3312 2379 3581 2456 χαίρουσα
3636 2381 3895 2456 προαίρε-

2239 2488 2342 2529 σις.
2376 2469 2464 2529 Ὡς
2488 2473 2652 2536 νοεῖν,
2700 2467 2784 2522 ὅτι
2833 2472 2966 2524 Θεοῦ
3018 2468 3113 2541 μὲν
3166 2470 3351 2522 τέκνον
3401 2470 3435 2537 ἡ
3478 2470 3806 2543 τετραγενής
3840 2468 3894 2541 ἐξ

2238 2555 2402 2611 αὑτοῦ
2426 2552 2806 2631 προϐληθεῖσα
2845 2556 3018 2629 οὐσία,
3049 2557 3084 2626 ἢ
3120 2556 3208 2611 καὶ
3259 2555 3391 2625 αὑτή
3445 2556 3600 2611 οὐσία
3648 2556 3749 2614 ἀεί.
3790 2559 3898 2614 Λιᾶ

2234 2644 2287 2699 τί
2319 2642 2422 2700 ⁴δὲ
2470 2640 2570 2715 ἔξω
2621 2645 2710 2700 ὑπ’
2759 2644 2924 2701 αὑτοῦ
2972 2644 3263 2721 κραθείσης
3313 2645 3495 2707 οὐσίας
3533 2648 3568 2716 ἡ
3615 2642 3896 2719 συμϐεϐη-

2235 2738 2360 2787 κυῖα
2404 2738 2591 2794 κακοῖς
2643 2732 2914 2809 χαίρουσα
2959 2732 3270 2807 προαίρεσις
3314 2732 3629 2809 ἐπεγίνετος
3662 2736 3751 2789 καὶ
3803 2734 3892 2790 οὕ-

2233 2841 2341 2882 τως
2389 2818 2511 2876 οῦτε
2559 2821 2661 2876 ὑπὸ
2709 2826 2804 2875 τοῦ
2837 2826 2970 2876 Θεοῦ
3006 2820 3345 2897 γεγέννηται,
3397 2817 3521 2877 οὔτε
3574 2822 3659 2901 ὑφ’
3702 2824 3889 2899 ἑτέρου

2234 2910 2398 2982 τινὸς,
2452 2909 2578 2965 ἀλλ’
2627 2910 2749 2965 οὕτε
2778 2911 2913 2966 ⁸ὑπ¹
2962 2910 3125 2965 αὑτοῦ
3172 2905 3570 2985 προϐέϐληται,
3621 2911 3744 2967 οὕτε
3792 2912 3888 2967 αὖ·

2232 3001 2485 3072 τομάτως
2542 2998 2939 3072 προελήλυθεν,
3000 2997 3123 3054 οὔτε
3183 2999 3264 3054 ἀεὶ
3315 3000 3406 3069 ἦν,
3452 3000 3526 3061 ὡς
3572 3002 3607 3070 ἡ
3650 3002 3755 3076 πρὸ
3784 3008 3888 3072 τῆς

2234 3089 2576 3163 συγκράσεως
2608 3087 2779 3159 οὐσία,
2818 3086 2962 3143 ἀλλὰ
2991 3087 3125 3143 κατᾶ
3171 3087 3268 3157 τὴν
3315 3093 3411 3143 τοῦ
3444 3093 3583 3144 Θεοῦ
3619 3087 3885 3163 βούλησιν

2237 3175 2337 3247 ἔξω
2366 3181 2434 3251 τῇ
2464 3179 2648 3251 κράσει
2682 3180 2837 3235 404
2867 3172 3230 3251 συμϐέϐηκεν.
3264 3178 3365 3232 Καὶ
3396 3177 3477 3233 ὅτι
3510 3177 3715 3254 ἀνάγκη
3738 3179 3891 3244 τοῦθ’

2240 3265 2411 3327 οὕτως
2464 3264 2651 3341 ἔχειν,
2711 3265 2982 3327 πολλάκις
3054 3266 3386 3342 εἰρήκαμεν.
3464 3268 3519 3321 Ὁ
3579 3264 3635 3321 δὲ
3691 3266 3889 3344 ἀγαθὸς

2241 3355 2300 3410 ἐκ
2352 3362 2452 3424 τῆς
2507 3359 2604 3410 τοῦ
2666 3360 2799 3410 Θεοῦ
2855 3352 3158 3424 καλλίστης
3206 3362 3415 3428 τροπῆς
3475 3354 3749 3430 γεννηθεὶς
3800 3357 3893 3411 καὶ

2240 3443 2340 3499 οὑκ
2367 3440 2467 3515 ἔξω
2496 3445 2682 3520 κράσει
2714 3438 3075 3517 συμϐεϐηκὼς
3105 3448 3185 3515 τῷ
3234 3440 3346 3499 ὅντι
3387 3445 3504 3506 κὶὸς
3536 3444 3698 3502 ἐστιν.
3734 3444 3889 3515 Πλὴν

2242 3532 2356 3589 ἐπεὶ
2411 3538 2578 3589 ταῦτα
2634 3530 2843 3609 ἄγραφα
2897 3534 3157 3608 τυγχάνει
3206 3532 3295 3587 καὶ
3346 3540 3682 3609 στοχασμοῖς
3727 3555 3887 3590 πεπι-

2241 3620 2508 3693 στωμένα,
2544 3622 2620 3695 μὴ
2653 3621 2868 3685 πάντως
2899 3625 2932 3692 ἡ
2953 3624 3089 3695 [μῖν]
3140 3621 3312 3684 οὕτως
3345 3618 3489 3697 ἔχειν
3527 3618 3887 3698 βεϐαιοῦσθω.

2240 3710 2308 3765 Εἴ
2336 3708 2393 3766 δὲ
2428 3713 2502 3783 μή
2536 3732 2617 3786 γε,
2652 3712 2679 3766 ὁ
2709 3716 2834 3773 νοῦς
2881 3711 2954 3773 ὡς
3002 3710 3213 3772 πάντως
3244 3709 3597 3789 προειληφὼς
3630 3712 3713 3785 [τὸ
3744 3710 3887 3783 ἀλη-

2242 3800 2352 3873 θ]ἒς
2406 3804 2503 3855 τοῦ
2564 3805 2742 3869 ζητεῖν
2801 3799 3072 3855 παύεται.
3143 3799 3369 3853 Κάκεῖνά
3431 3820 3524 3871 μοι
3585 3801 3891 3873 μνημονεύ-

2241 3910 2353 3943 εται
2384 3892 2424 3958 ⁵,
2458 3888 2539 3943 ὅτι
2570 3889 2636 3943 τὰ
2664 3889 2892 3943 τοιαῦτά
2923 3890 3015 3961 [με
3044 3889 3226 3962 πᾶσι]ν
3276 3887 3337 3942 οὑ
3390 3884 3473 3942 δεῖ
3512 3888 3708 3964 λέγειν,
3741 3888 3891 3946 ἀλλᾶ

2238 3982 2353 4039 τοῖς
2386 3976 2517 4050 μετά
2544 3982 2731 4053 πεῖραν
2766 3974 3180 4050 δοκιμωτάτοις.
3214 3977 3286 4031 Οὐ
3320 3973 3378 4031 δὲ
3416 3978 3551 4053 πρὸς
3598 3975 3888 4049 ἀλλήλους

2242 4063 2442 4142 ῥᾳδίως
2501 4066 2870 4141 ἰσχυρίζεσθαι
2935 4063 3015 4121 δεῖ
3070 4067 3136 4121 τὰ
3188 4070 3432 4132 τοιαῦτα,
3495 4063 3618 4121 οὑδὲ
3673 4064 3886 4141 τολμᾷν

2242 4154 2486 4233 ὀφείλετε
2536 4154 2710 4231 λέγειν
2742 4154 2815 4217 ὡς
2863 4149 3211 4230 ἀκριϐοῦντες
3256 4156 3355 4223 τὴν
3402 4159 3509 4209 τῶν
3559 4154 3887 4231 ἀπορρήτων

2241 4243 2465 4318 εὕρεσιν,
2525 4241 2670 4299 ἀλλά
2726 4247 3043 4305 σιωπῶντας
3104 4245 3215 4319 χρὴ
3276 4242 3615 4316 ἐνθυμεῖσθαι
3674 4244 3835 4317 μόνον
3873 4263 3888 4279 ⁸

2240 4332 2289 4387 ἐν
2313 4334 2413 4408 γάρ
2445 4331 2523 4405 τῷ
2573 4331 2751 4407 λέγειν
2806 4330 2933 4394 ἴσως
2986 4332 3092 4408 οὐχ
3122 4332 3195 4394 ὠς
3242 4328 3386 4408 ἔχων
3419 4336 3438 4369 ⁷
3471 4332 3499 4387 6
3527 4334 3889 4411 φθεγξάμενος

2241 4423 2628 4498 ἁμαρτήσεται,
2661 4420 2750 4475 καὶ
2778 4418 2931 4492 δίκην
2967 4421 3140 4498 ὑφέξει
3172 4421 3248 4484 ὠς
3284 4420 3594 4494 τολμήσας,
3625 4421 3719 4477 κᾶν
3752 4422 3890 4499 πρὸς

2241 4511 2448 4584 ἑαυτὸν,
2478 4509 2795 4587 φθέγξασθαι
2815 4511 2883 4565 τὰ
2909 4514 3033 4587 σιγῇ
3063 4531 3422 4585 τετιμημενα.

2310 4797 2581 4850 ΙΧ.Ταῦτα
2608 4796 2706 4847 τοῦ
2736 4792 2941 4869 Πέτρου
2974 4792 3493 4869 εἶπόντος,Λάζαρός
3522 4814 3605 4855 τις
3631 4798 3742 4850 τῶν
3770 4792 3895 4850 ἀκο-

2240 4880 2452 4945 λούθων
2485 4881 2572 4937 καὶ
2602 4880 2757 4944 αὐτὸς
2799 4879 2922 4961 ἔφη·
2950 4883 3056 4951 Τὴν
3084 4881 3400 4960 συμφωνίαν
3432 4885 3566 4955 ἡμῖν
3602 4882 3736 4938 εἰπέ·
3770 4887 3893 4947 πῶς

2240 4966 2726 5046 δυνατὸν,εὕλογον
2762 4970 3011 5041 εἶναι,τὸν
3039 4970 3142 5025 ὑπὸ
3174 4975 3306 5026 Θεοῦ
3329 4968 3540 5026 δικαίου
3562 4971 3896 5027 καταστάντα

2239 5060 2478 5135 πονηρὸν
2512 5059 2649 5116 ὥστε
2677 5064 2785 5115 τῶν
2820 5055 3196 5131 ἀσεϐησάντων
3225 5060 3360 5115 εἶναι
3386 5060 3654 5136 τιμωρὸν,
3694 5065 3889 5117 τοῦτον

2240 5148 2397 5204 αὑνὸν
2456 5148 2674 5223 ὕστερον
2737 5148 2872 5224 μετὰ
2927 5153 3032 5205 τῶν
3090 5148 3254 5205 αὑτοῦ
3312 5148 3561 5225 ἀγγέλων
3621 5149 3712 5205 σὺν
3770 5154 3891 5213 τοῖς

1830 5379 2076 5437 νΑΗΙλΕ
2115 5381 2531 5440 LECTIONES.

550 5554 576 5625 ‘_
601 5546 682 5625 δτι
781 5547 875 5625 μέν
903 5542 1238 5623 προϐάλλων
1261 5546 1350 5601 καὶ
1384 5545 1458 5625 εἷς
1487 5546 1668 5623 ἑτέραν
1700 5546 1863 5625 πάλιν
1898 5549 2085 5625 οὐσίαν,
2124 5549 2205 5625 ἐφ’
2248 5549 2434 5625 ἑαυτὸν
2480 5548 2759 5625 τραπέντα,
2794 5546 3011 5625 δύναται
3044 5550 3111 5625 Ο..
3143 5552 3303 5625 ’_Cfr.
3345 5568 3524 5625 supra
3554 5568 3605 5625 ο.
3728 5554 3891 5625 Haud

479 5621 655 5677 dubie
684 5620 1087 5700 aliud_nomen
1120 5620 1521 5700 reponendum
1552 5620 1734 5700 est‘ex
1767 5621 1887 5679 illis
1913 5640 2039 5697 quae
2072 5620 2251 5683 habes
2285 5624 2443 5680 born.
2470 5620 2538 5694 ιι,
2572 5637 2621 5678 c.
2658 5623 2709 5678 1.
2746 5624 2766 5658 ³
2792 5622 3042 5700 κραθείση
3070 5623 3136 5680 0.
3169 5623 3189 5656 ‘
3218 5622 3297 5685 τίς
3328 5641 3385 5699 p.
3421 5620 3516 5681 διὰ
3541 5621 3595 5679 τί
3629 5624 3692 5683 0.
3716 5625 3737 5659 ⁸
3760 5621 3894 5681 οὐδε

476 5710 566 5768 pr.
602 5711 725 5749 ουτε
754 5692 819 5752 0.
853 5692 875 5727 ⁸
907 5686 1274 5767 μνημονεύὶτε
1303 5690 1369 5748 Ο.
1400 5691 1421 5728 ⁷
1461 5686 1589 5766 ἔχον
1621 5691 1683 5748 Ο.
