4140 6344
202 378 320 437 45³1

1329 376 1855 439 CLEMENTINA.
1888 411 1967 423 -—
1997 377 2330 441 HOMILIA
2372 380 2509 441 XX.

3493 378 3615 441 458

200 504 562 583 ἁμαρτωλοῖς
610 504 685 569 εἲς
732 506 795 562 τὸ
827 506 1017 570 σκότος
1058 506 1120 564 τὸ
1149 508 1451 582 κατώτερον
1497 508 1803 582 πέμπεσθαι
1836 526 1850 581 ;

1968 511 2125 585 gelos
2155 528 2439 568 suoscum
2490 509 2892 584 peccatoribus
2941 509 3001 564 in
3053 509 3286 567 inﬁmas
3343 511 3615 569 tenebras

196 597 285 651 καὶ
334 597 442 671 γὰρ
491 596 580 651 γαὶ
647 595 807 652 τοῦτο
860 600 1146 671 μέμνημαι
1206 597 1490 671 εἰρηκότος
1540 597 1703 653 αὐτοῦ
1759 604 1855 653 τοῦ

194 682 556 741 Διδασκάλου.
592 686 689 740 Καὶ
722 687 750 741 6
781 684 1006 762 Πέτρος·
1056 686 1230 761 κάγὼ,
1282 682 1409 764 ἔφη,
1449 685 1740 762 ὁμολογῶ,
1772 686 1856 743 ὅτι

193 777 221 829 6
250 777 499 850 πονηρὸς
533 776 786 850 πονήρὸ»,
822 773 975 829 οὐδὶν
1025 780 1174 830 ποιεῖ
1209 776 1345 830 κατὰ
1384 779 1567 848 τοῦτο,
1597 774 1731 841 καθὸ
1760 776 1852 831 τὸν

196 862 425 926 δοθέντα
450 864 599 935 αὖτῷ
624 858 795 936 νομὸν
828 863 1053 919 ἐκτελεῖ.
1086 863 1184 918 Καὶ
1234 885 1319 919 τοι
1367 863 1677 939 προαίρεσιν
1707 863 1851 941 ἔχων

192 954 391 1022 κακὴν,
428 950 583 1023 ὅμως
630 947 788 1030 φόϐῳ
834 950 914 1025 τῷ
956 953 1091 1027 πρὸς
1135 953 1225 1008 τὸν
1276 953 1404 1008 Θεὸν
1455 950 1608 1008 οὐδὲν
1651 951 1853 1017 ἀδίκως

194 1042 447 1116 πράσεων
484 1035 802 1096 διαϐάλλων
853 1038 911 1096 δὲ
959 1038 1319 1104 διδασκάλους
1368 1039 1625 1112 ἀληθείας
1662 1041 1738 1105 εἷς
1772 1042 1854 1098 ἐν·

196 1126 355 1203 ἐδραν
388 1134 500 1183 τῶν
554 1126 786 1204 ἀκρίτων
819 1128 908 1183 καὶ
956 1124 1213 1192 διάϐολος
1245 1131 1273 1185 6
1304 1129 1463 1193 αὐτὸς
1509 1130 1850 1203 ὀνομάζεται.

191 1222 261 1272 To
322 1214 381 1271 δὲ
434 1217 527 1272 τὸν
588 1215 796 1291 ἀψευδῆ
858 1215 1183 1273 διδάσκαλον
1237 1222 1385 1279 ιιθδ
1449 1220 1610 1292 ἡμῶν
1662 1220 1850 1294 εἰπεῖν,

193 1305 354 1360 αὐτόν
400 1326 461 1360 τε
504 1304 595 1360 καὶ
623 1305 753 1368 τοὺς
806 1305 1076 1381 ἀγγέλους
1123 1306 1287 1362 αὐτοῦ
1332 1307 1423 1362 σὺν
1470 1314 1590 1370 τοῖς
1639 1308 1851 1379 ἀπατη-

190 1397 359 1449 θεῖσιν
392 1392 754 1470 ἁμαρτωλοῖς
806 1394 881 1457 εἷς
927 1396 988 1450 τὸ
1019 1395 1208 1458 σκότος
1237 1397 1300 1451 τὸ
1348 1398 1649 1473 κατώτερον
1683 1396 1852 1453 ἀπελ-

188 1484 326 1555 θεῖν,
352 1482 609 1538 τοιοῦτόν
642 1504 759 1538 τινα
790 1481 906 1559 ἔχει
938 1482 1123 1559 λόγον.
1158 1486 1214 1538 Ὁ
1243 1486 1484 1561 πονηρὸς
1516 1484 1694 1557 σκότῳ
1724 1486 1850 1562 χαί-

189 1592 302 1647 ρειν
354 1574 493 1626 κατά
542 1573 642 1641 τὴν
693 1578 881 1648 κρᾶσιν
909 1576 930 1609 ³
960 1574 1225 1649 γεγονὼς,
1273 1574 1407 1647 μετὰ
1452 1577 1561 1629 τῶν
1612 1572 1848 1646 ὁμοδού-

188 1658 305 1714 λιιεν
338 1660 594 1736 ἀγγέλων
643 1661 719 1722 εἰς
764 1661 827 1715 τὸ
874 1661 971 1716 τοῦ
1018 1663 1295 1737 Ταρτάρου
1344 1662 1532 1724 σκότος
1572 1660 1848 1717 κατελθὼν

188 1747 405 1817 ἥδεταιο
467 1750 629 1827 φίλον
684 1750 785 1826 γὰρ
845 1750 975 1825 πυρὶ
1031 1750 1093 1805 τὸ
1138 1750 1351 1813 σκότος,
1401 1752 1470 1808 Αἱ
1527 1747 1586 1807 δὲ
1630 1756 1736 1806 τῶν
1763 1750 1853 1805 ἀν-

189 1839 429 1913 θρώπων
482 1838 656 1914 ψυχαὶ
710 1839 888 1917 φωτὸς
935 1844 1172 1915 καθαροῦ
1220 1838 1476 1915 σταγόνες
1516 1837 1689 1910 οὖσαι,
1746 1840 1850 1895 ὑπὸ

188 1925 525 2005 ἀλλοφύλου
567 1927 742 2002 πυρὸς
794 1927 980 1990 οὐσίας
1020 1923 1417 2001 συμπινόμεναι
1449 1927 1538 1983 καὶ
1571 1928 1725 1984 φύσιν
1755 1933 1852 1984 τοῦ

188 2016 484 2079 ἀποθανεῖν
525 2016 625 2070 οὐκ
644 2014 895 2091 ἔχουσαι,
924 2018 1042 2071 κατ’
1074 2017 1218 2087 ἀξίαν
1251 2015 1596 2087 κολάζονται.
1628 2016 1691 2071 Εἰ
1735 2015 1793 2071 δὲ
1822 2019 1851 2072 6

187 2112 293 2173 τῆς
326 2104 519 2165 κακίας
549 2105 800 2179 ἡγεμὼν,
834 2100 1120 2177 ἄνθρωπος
1152 2100 1247 2176 ὤν,
1282 2103 1344 2160 οὒ
1375 2104 1643 2178 πέμπεται
1685 2106 1760 2167 εἷς
1790 2105 1852 2160 τὸ

194 2192 392 2254 σκότος
425 2193 499 2253 ὡς
538 2193 614 2265 μὴ
645 2192 824 2264 τούτῳ
854 2192 1083 2269 χαίρων,
1124 2193 1249 2249 τότε
1287 2194 1349 2248 οὐ
1390 2192 1607 2249 δύναται
1640 2198 1660 2232 θ
1688 2198 1723 2265 ἡ
1755 2215 1850 2250 κα-

195 2287 317 2343 κοῖς
379 2282 545 2335 αὐτοῦ
620 2280 887 2357 χαίρουσα
952 2289 1143 2358 κρᾶσις
1219 2285 1707 2360 μετασυγκριθῆναί
1776 2283 1855 2346 εἷς

196 2370 409 2445 ἀγαθοῦ
459 2370 793 2445 προαίρεσιν.
847 2370 946 2428 Καὶ
998 2371 1171 2434 οὕτως
1223 2373 1419 2448 ἀγαθὸς
1474 2378 1703 2428 συνεῖναι
1733 2394 1852 2449 κρι-

197 2462 423 2529 θήσεται
468 2458 635 2526 ταύτη
691 2458 926 2532 μᾶλλον,
958 2459 1061 2532 ὅτι,
1094 2468 1285 2524 κακοῖς
1332 2461 1626 2537 χαίρουσαν
1657 2460 1853 2537 λελογ-

194 2548 316 2623 χώς
368 2553 583 2622 κρᾶσιν,
637 2548 785 2620 αἰτίᾳ
828 2554 923 2603 τοῦ
968 2551 1106 2626 πρὸς
1152 2548 1243 2605 τὸν
1294 2552 1423 2607 Θεὸν
1478 2547 1651 2630 φόϐου
1700 2548 1853 2607 οὐδὲν

192 2638 342 2711 παρὰ
374 2638 436 2691 τὸ
471 2635 663 2691 δοκοῦν
712 2642 793 2709 τῷ
838 2642 935 2693 τοῦ
988 2642 1122 2693 Θεοῦ
1168 2638 1326 2711 νόμῳ
1375 2636 1716 2714 διεπράξατο.
1758 2640 1855 2695 Καὶ

199 2726 335 2797 μήτι
368 2746 431 2799 γε
475 2727 539 2780 τὸ
586 2725 685 2793 τὴν
726 2730 823 2779 τοῦ
872 2726 1175 2803 ἀρχιερέως
1218 2728 1428 2804 Ἀαρὼν
1473 2723 1669 2804 ῥάϐδον
1711 2731 1860 2804 γενέ-

195 2815 311 2867 σθαι
359 2811 485 2891 ὄφιν
527 2813 619 2868 καὶ
666 2813 831 2869 πάλιν
877 2814 1260 2891 ἀννιτραπῆναι
1311 2816 1389 2879 εἰς
1444 2815 1662 2893 ῥάϐδον,
1695 2816 1857 2873 τοῦτο

1968 600 2198 671 mitti(a)
2233 599 2540 671 PNamque
2562 603 2619 653 et
2653 598 2761 653 hoc
2813 597 3007 667 ipsum
3073 597 3415 669 Magistrum
3460 615 3616 654 asse-

1966 688 2154 743 ruisse
2186 688 2605 743 memini.Tum
2636 686 2843 741 Petrus
2878 701 2891 739 :
2925 688 2993 739 Et
3013 700 3139 757 ego,
3183 685 3397 758 inquit,
3458 686 3615 742 afﬁr-

1966 793 2059 832 mo
2092 778 2311 831 malum
2364 775 2509 831 nihil
2570 774 2708 830 mali
2776 774 2984 842 facere,
3038 778 3329 844 quatenus
3384 774 3617 845 perﬁcit

1965 881 2093 937 quaa
2123 865 2173 921 ei
2200 866 2371 935 jussa
2393 868 2549 920 sunt.
2590 862 2864 929 Quamvis
2885 863 2956 918 ad
2990 862 3144 917 mala
3198 862 3462 931 inclinet,
3523 862 3617 918 ni-

1962 953 2286 1009 hilominus
2317 953 2526 1009 timore
2556 952 2657 1008 Dei
2690 951 2833 1007 nihil
2893 950 3034 1006 mali
3065 952 3201 1006 facit
3237 969 3250 1019 ;
3321 952 3421 1007 sed
3473 953 3614 1024 quia

1963 1043 2279 1114 magistros
2308 1041 2567 1097 veritatis
2588 1041 2656 1095 ad
2681 1040 2946 1095 incautos
2976 1039 3349 1111 decipiendos
3387 1039 3611 1095 calum-

1963 1131 2178 1198 niatur,
2219 1134 2277 1186 et
2307 1130 2432 1202 ipse
2462 1128 2795 1202 appellatur
2849 1129 3140 1184 diabolus.
3201 1129 3363 1193 Quod
3411 1121 3608 1185 autem

1961 1235 2134 1275 verax
2156 1224 2354 1275 noster
2389 1220 2665 1291 Magister
2706 1218 2871 1285 dixit,
2919 1216 3087 1272 illum
3136 1221 3309 1288 atque
3365 1216 3606 1289 angelos

1962 1326 2103 1365 suos
2124 1326 2258 1365 cum
2282 1309 2538 1365 seductis
2562 1307 2964 1381 peccatoribus
2986 1308 3042 1361 in
3066 1307 3302 1362 inﬁmas
3333 1308 3605 1362 tenebras

1962 1398 2143 1465 abire,
2176 1400 2256 1454 ita
2287 1398 2734 1470 intelligendum
2767 1401 2874 1453 est.
2908 1396 3090 1452 Malus
3122 1396 3446 1451 secundum
3494 1396 3604 1450 mi-

1960 1487 2209 1544 stionem
2259 1487 2341 1543 ita
2397 1492 2645 1555 creatus,
2715 1492 2779 1541 ut
2825 1486 3085 1542 tenebris
3143 1485 3411 1557 gaudeat,
3470 1500 3605 1541 cum

1961 1574 2186 1648 angelis
2216 1576 2509 1632 conservis
2541 1576 2599 1630 in
2632 1576 2941 1631 Tartarum
2973 1573 3334 1630 descendens
3355 1572 3604 1641 laetatur;

1961 1682 2096 1720 nam
2129 1665 2250 1738 igni
2272 1669 2448 1737 grates
2470 1669 2610 1721 sunt
2632 1662 3015 1720 tenebrar.Sed
3042 1663 3349 1718 hominum
3374 1662 3606 1734 animas,

1960 1770 2087 1825 quae
2121 1755 2251 1825 puri
2277 1753 2522 1809 luminis
2545 1753 2716 1809 stillas
2741 1757 2898 1821 sunt,
2923 1752 3075 1825 ignis
3098 1752 3333 1822 quidem
3356 1750 3611 1808 essentia

1961 1842 2111 1898 alius
2142 1845 2373 1915 generis
2414 1843 2721 1914 absorpta,
2779 1841 3077 1897 immunes
3132 1846 3329 1896 tamen
3387 1845 3607 1896 natura:

1961 1932 2609 2001 moriundi,secundum
2642 1931 2798 2003 quod
2861 1936 3203 1985 meruerunt
3259 1929 3606 2001 puniuntur.

1960 2020 2020 2076 Si
2053 2025 2247 2076 autem
2280 2020 2514 2076 malitia:
2540 2021 2679 2086 dux,
2702 2024 2767 2074 ut
2794 2018 2991 2086 homo,
3025 2035 3139 2073 non
3173 2019 3502 2073 mitteretur
3548 2017 3608 2073 in

1961 2111 2252 2180 tenebras,
2278 2127 2345 2165 ac
2374 2110 2423 2165 si
2455 2109 2540 2165 eis
2572 2126 2686 2163 non
2720 2109 3016 2180 gauderet,
3053 2106 3249 2162 mistio
3280 2108 3407 2177 ejus
3436 2106 3609 2162 malis

1962 2199 2226 2271 gaudens
2255 2198 2313 2253 in
2348 2198 2484 2253 boni
2515 2196 2827 2253 consilium
2858 2195 3109 2251 converti
3144 2212 3259 2250 non
3295 2199 3508 2266 posset.
3543 2198 3610 2248 Et

1964 2287 2043 2341 ita
2075 2288 2263 2343 bonus
2295 2286 2375 2341 ibi
2406 2288 2689 2342 interesse
2719 2303 2784 2342 eo
2818 2285 3003 2357 magis
3026 2284 3410 2356 judicabitur,
3471 2300 3607 2339 cum

1965 2375 2297 2431 mistionem
2330 2374 2502 2431 malis
2532 2376 2886 2448 gaudentem
2918 2379 3125 2429 nactus
3155 2377 3391 2444 propter
3433 2373 3609 2428 timo-

1966 2480 2088 2519 rem
2120 2464 2221 2520 Dei
2254 2463 2400 2519 nihil
2452 2467 2655 2519 contra
2712 2463 2840 2534 ejus
2896 2462 3083 2535 legem
3145 2461 3466 2533 perfecerit.
3526 2466 3609 2516 Ac

1965 2568 2158 2608 nonne
2189 2552 2645 2610 commutatione
2665 2552 2838 2623 virgae
2858 2551 3075 2606 summi
3099 2551 3420 2606 sacerdotis
3440 2552 3612 2605 Aaro-

1968 2641 2059 2696 nis
2092 2641 2150 2696 in
2173 2645 2499 2712 serpentem
2532 2645 2589 2695 et
2618 2639 2945 2695 reversione
2975 2639 3103 2708 ejus
3126 2637 3184 2691 in
3206 2636 3431 2707 virgam
3462 2635 3613 2691 Scri-

1966 2736 2140 2802 ptura
2173 2730 2415 2803 mystice
2446 2728 2918 2801 praesigniﬁcavit
2949 2731 3206 2799 spectare
3238 2742 3366 2781 eam
3398 2725 3471 2781 ad
3528 2726 3615 2781 fu-

1966 2824 2162 2875 turam
2196 2818 2332 2874 mali
2364 2817 2760 2874 conversionis
2791 2814 3307 2872 commistionem?

192 2902 265 2963 είς
322 2903 427 2971 τὴν
486 2907 584 2957 τοῦ
640 2908 883 2979 ποεηροῦ
930 2903 1150 2982 ὕστερον
1208 2904 1582 2982 γενησομένην
1638 2912 1740 2977 τῆς
1786 2913 1997 2984 τροπῆς
2044 2904 2473 2982 μετασύγκρασιν
2526 2908 2570 2944 ιο
2622 2901 3075 2982 μυστηριωδῶςὴ
3111 2903 3295 2980 Γραφὴ
3348 2900 3609 2975 ἐσομένην

193 2989 589 3067 προεδήλωσεν
622 3019 637 3063 ς

262 3086 330 3137 Χ.
367 3083 517 3136 Μετὰ
569 3079 627 3136 δὲ
672 3082 763 3137 τὸν
814 3084 1059 3159 Λάζαρον
1102 3084 1326 3163 Ἰωσὴφ,
1354 3086 1413 3147 ’ὀς
1458 3085 1549 3140 καὶ
1580 3084 1739 3148 αὐτὸς
1772 3084 1849 3149 εἷς

189 3175 298 3225 τῶν
354 3169 709 3243 ἀκολούθων,
760 3167 883 3249 ἔφη’
935 3174 1138 3247 Ὀρθῶς
1181 3173 1350 3229 πάντα
1401 3172 1694 3248 ε⁹ίρ[ηκας].
1742 3174 1847 3229 Κά-

2031 3085 2095 3141 Χ.
2133 3086 2267 3142 Post
2295 3090 2575 3142 Lazarum
2596 3084 2834 3156 Josepb,
2867 3088 2924 3140 et
2953 3083 3078 3156 ipse
3107 3098 3262 3137 unus
3303 3082 3606 3151 comitum,

1960 3174 2339 3244 dixit;Recte
2368 3174 2606 3231 omnino
2656 3174 2887 3229 locutus
2934 3189 3016 3228 es.
3070 3173 3139 3227 Et
3183 3170 3328 3225 mihi
3385 3171 3609 3225 discere

194 3258 289 3331 μοὶ
321 3263 485 3313 τοῦτο
538 3257 862 3334 βουλομένῳ
897 3261 1082 3333 μαθεῖν
1131 3262 1438 3338 παράσχου’
1491 3260 1580 3318 διὰ
1614 3262 1668 3318 τί
1716 3269 1845 3318 πᾶσι

227 3352 255 3362 η’
373 3346 389 3368 2
441 3351 469 3361 ⁸³
562 3346 581 3368 Ἷ
611 3347 624 3368 Ι
796 3351 813 3368 Γ
962 3346 1044 3368 (κοῇ
1130 3352 1147 3368 1
1261 3352 1275 3368 ι
1369 3352 1385 3368 \
1545 3352 1586 3368 In
1824 3352 1838 3368 ο

1968 3265 2217 3337 cupienti
2248 3264 2357 3319 hoc
2387 3263 2646 3335 explica:
2682 3278 2787 3318 cur
2815 3262 3051 3317 eosdem
3082 3260 3351 3315 omnibus
3381 3273 3605 3315 sermo-

2093 3354 2105 3366 .
2287 3354 2321 3368 ,.
2362 3352 2374 3364 .
2875 3351 2924 3368 .,
2987 3367 3014 3368 η
3061 3348 3473 3368 μηηῄηιμ
3507 3346 3599 3368 ,ηε

190 3352 298 3402 τῶν
334 3346 511 3402 αὐτῶν
562 3346 744 3422 λόγων
796 3346 1147 3423 [μεταδίδως]
1181 3368 1195 3418 ;
1230 3352 1281 3405 οἳ
1329 3352 1423 3424 μὶν
1469 3352 1762 3421 πείθονται,
1793 3352 1846 3407 οἱ

193 3433 249 3490 δὲ
280 3436 616 3494 ἀπειθοῦσιν.
650 3437 755 3492 Καὶ
804 3438 831 3490 ὁ
880 3438 1106 3511 Πέτρος,
1150 3438 1223 3493 Οὐ
1273 3439 1375 3515 γάρ
1425 3440 1576 3513 εἶ’σιν,
1630 3438 1754 3518 ἔφη,
1796 3442 1848 3496 οἱ

193 3524 354 3601 λόγοι
388 3523 619 3597 ἐπῳδαὶ,
664 3525 758 3579 *ἱνα
794 3527 1009 3588 πάντως
1042 3531 1197 3586 400
1228 3528 1459 3592 ἀκούσας
1499 3551 1581 3592 τις
1631 3530 1847 3586 πιστεύ-

194 3634 280 3687 σῃ,
314 3618 405 3684 Τῷ
456 3611 512 3667 δέ
565 3634 715 3675 τινας
770 3616 862 3687 μὲν
911 3614 1217 3689 πείθεσθαι,
1271 3618 1417 3679 τινὰς
1466 3615 1523 3673 δὲ
1573 3619 1671 3691 μὴ,
1723 3640 1852 3673 συν-

194 3706 334 3763 ετῶς
384 3698 651 3756 δείκνυται
707 3700 771 3757 τὸ
828 3702 1200 3776 αὐτεξούσιον.
1259 3710 1434 3761 Ταῦτα
1508 3706 1728 3762 εἰπόντα
1798 3708 1852 3762 οἱ

194 3789 397 3853 πάντες
432 3790 702 3867 εὖλογήσα
710 3812 827 3864 μεν.

267 3886 363 3936 XI.
406 3880 507 3933 Καὶ
540 3877 605 3949 δὴ
662 3878 955 3953 μέλλουσιν
1005 3884 1140 3955 ἡμῖν
1175 3882 1443 3939 ἑστιᾶσθαι
1495 3883 1853 3960 ὑπεισέδραμέ

200 3989 282 4030 τις
332 3967 525 4045 λέγων·
577 3968 821 4039 Ἀηπίων
855 3971 883 4025 6
927 3971 1310 4043 πλειστονίκης
1364 3973 1456 4028 σὺν
1507 3970 1853 4030 ’Δννουϐίωνι

198 4061 330 4125 ἧκεν
372 4058 574 4131 ἀρτίως
640 4058 747 4113 ἀπὸ
818 4059 1196 4136 ’Δντιοχείας,
1244 4061 1335 4116 καὶ
1402 4061 1657 4135 ξενίζεται
1708 4064 1855 4139 παρά

202 4145 445 4219 Σίμωνι.
478 4148 534 4199 '0
568 4144 625 4201 δὲ
654 4148 834 4223 πατὴρ
867 4147 1098 4211 ἀκούσας
1142 4149 1232 4203 καὶ
1280 4150 1469 4226 χαρεὶς
1501 4148 1599 4228 ἔφη
1642 4150 1850 4227 Πέτρῳ·

203 4235 263 4289 Εἴ
325 4257 417 4307 μοι
470 4234 812 4311 ἐπιτρέπεις,
858 4237 1159 4311 πονεύομαι
1216 4240 1668 4315 προσαγορεύσων
1727 4242 1859 4296 Ἀπ-

202 4322 383 4377 πίωνα
432 4322 521 4377 καὶ
583 4319 945 4380 Ἀννουὸίωνα
994 4325 1053 4380 ἐκ
1108 4327 1332 4402 πρώτης
1382 4327 1605 4396 ἡλικίας
1659 4326 1853 4406 φίλους

206 4433 303 4485 μοι
362 4414 784 4486 γεγενημένους.
828 4415 1013 4489 Τυχὸν
1067 4414 1171 4490 γὰρ
1229 4411 1587 4472 Ἀννουϐίωνα
1642 4417 1853 4492 πείσω,

198 4500 483 4573 Κλήμεντι
517 4498 875 4576 διαλεχθῆναι
913 4504 1038 4580 περὶ
1089 4504 1369 4579 γενέσεως.
1420 4506 1581 4563 Καὶὸ
1630 4504 1854 4582 Πέτρος,

198 4591 537 4664 Ἐπιτρέπω,
568 4587 694 4668 ἔφη,
737 4590 825 4645 καὶ
869 4591 1072 4647 ἐπαινῶ
1118 4592 1185 4648 τὰ
1214 4592 1389 4672 φίλων
1441 4614 1502 4649 τε
1539 4593 1859 4671 πληροῦντα

1959 3371 2061 3410 nes
2091 3352 2431 3426 impertiris,
2464 3369 2598 3408 cum
2630 3351 2757 3407 aliis
2790 3351 3026 3423 quidem
3060 3346 3605 3420 persuadeatur,alii

1958 3449 2155 3499 autem
2186 3460 2301 3498 non
2333 3443 2571 3497 credant
2598 3440 2625 3495 ‘I
2657 3442 2723 3496 Et
2752 3445 2986 3497 Petrus:
3023 3439 3356 3505 Sermones,
3387 3436 3601 3508 inquit,

1957 3534 2115 3591 haud
2148 3548 2288 3588 sane
2320 3532 2755 3586 incantamenta
2774 3533 2933 3596 sunt,
2990 3527 3226 3599 quibus,
3259 3527 3359 3598 qui
3418 3526 3603 3594 audit,

1960 3622 2198 3679 omnino
2229 3621 2427 3676 credat
2448 3635 2685 3675 necesse
2707 3623 2815 3674 est.
2842 3618 3005 3683 Quod
3038 3616 3170 3671 aliis
3201 3616 3605 3687 persuadetur,

1961 3712 2093 3768 aliis
2124 3708 2662 3776 non,manifestam
2713 3706 2921 3780 probat
2974 3704 3199 3761 arbitrii
3255 3703 3606 3759 libertatem.

1961 3801 2089 3857 Haec
2123 3800 2349 3856 elocuto
2380 3815 2487 3853 nos
2519 3813 2724 3853 omnes
2756 3794 3180 3852 benediximus.

2031 3889 2122 3945 ΧΙ.
2155 3889 2380 3944 Etcum
2412 3904 2517 3943 nos
2556 3887 2629 3942 ad
2661 3886 2953 3942 edendum
3010 3898 3495 3956 praepararemus,
3528 3880 3613 3935 in-

1962 3995 2200 4052 gressus
2213 3980 2300 4033 est
2314 3976 2557 4049 quidam
2580 3973 3111 4046 nuntianszAppion
3126 3971 3466 4044 plistonices
3478 3984 3613 4024 cum

1964 4066 2312 4124 Annubione
2343 4083 2529 4138 nuper
2559 4064 2872 4120 Antiochia
2900 4062 3079 4127 venit,
3104 4062 3435 4133 hospesque
3465 4074 3617 4115 rece-

1964 4162 2101 4231 ptus
2133 4160 2222 4212 est
2252 4172 2285 4211 a
2315 4155 2568 4210 Simone.
2588 4154 2814 4220 Quibus
2836 4152 3054 4208 auditis
3088 4154 3249 4222 pater
3269 4148 3617 4222 gavisusPe-

1964 4251 2052 4303 tro
2066 4244 2209 4301 dixit
2233 4260 2245 4298 :
2266 4244 2326 4299 Si
2351 4243 2494 4299 mihi
2518 4241 2932 4314 permittis,ibo
2946 4240 3267 4296 salutatum
3287 4237 3612 4311 Appionem

1966 4338 2024 4391 et
2036 4331 2685 4403 Annubionem,quippe
2700 4330 2844 4401 quia
2858 4329 3046 4401 prima
3059 4332 3223 4384 aetate
3238 4328 3452 4383 fuerint
3465 4325 3612 4381 mihi

1967 4422 2443 4479 amici.Fortasse
2473 4420 2647 4475 etiam
2672 4418 3007 4474 Annubioni
3032 4418 3414 4488 persuadebo,
3448 4420 3512 4470 ut
3541 4415 3614 4471 de

1966 4510 2160 4585 genesi
2196 4526 2330 4564 cum
2362 4507 2654 4563 Clemente
2668 4506 2945 4578 disputet.
2970 4506 3038 4560 Et
3060 4509 3264 4560 Petrus
3291 4502 3612 4570 :Permitto,

1967 4599 2181 4671 inquit,
2214 4602 2270 4653 et
2298 4597 2495 4664 laudo,
2529 4595 2701 4651 amici
2732 4595 2921 4650 officio
2952 4598 3007 4649 te
3049 4592 3193 4650 velle
3254 4591 3611 4648 satisfacere.

209 4679 375 4753 μέρη.
411 4678 564 4747 Ιιλήν
607 4678 773 4734 ἐννόει
812 4701 924 4752 μοι,
958 4681 1038 4744 ὡς
1086 4681 1222 4736 κατά
1268 4682 1525 4755 πρόνοιαν
1558 4687 1691 4738 Θεοῦ
1735 4704 1853 4739 παν-

1968 4688 2382 4744 Verumtamen
2402 4685 2925 4757 reputa,quomodo
2949 4700 3016 4739 ex
3037 4683 3137 4739 Dei
3162 4679 3526 4753 providentia
3542 4678 3616 4735 ad

197 4767 435 4843 ταχόθεν
468 4767 752 4845 συντρέχει
781 4770 847 4823 τὰ
876 4771 1012 4845 πρὸς
1056 4772 1156 4840 τὴν
1208 4772 1306 4841 σήν
1357 4770 1736 4851 πληροφορίαν
1778 4775 1856 4828 oi-

200 4856 351 4910 κείαν
386 4855 758 4912 ἀποτελοῦντα
786 4859 884 4928 τήν
938 4859 1220 4934 ἁρμονίαν.
1254 4866 1423 4916 Τοῦτο
1473 4858 1531 4916 δὲ
1580 4862 1727 4917 εἶπον
1772 4861 1862 4919 διὰ

201 4947 304 5013 τήν
337 4942 734 5009 Ἀννουϐίωνος
764 4947 1057 5023 χρησίμως
1090 4971 1173 5004 σοι
1206 4950 1503 5024 γενομένην
1542 4949 1858 5024 ἐπιδημίαν.

203 5034 305 5089 Καὶ
340 5035 368 5089 6
401 5038 606 5111 πατήρο
640 5034 895 5107 Ἀληθῶς
925 5043 1136 5114 συνορῶ
1163 5043 1323 5094 τοῦτο
1354 5034 1505 5114 ἕχον.
1549 5040 1647 5095 Καὶ
1694 5046 1863 5097 ταῦτα

210 5124 383 5178 έῖπών
415 5122 683 5199 ἐπορεύθη
722 5125 857 5202 πρὸς
892 5126 1115 5201 Σίμωνα
1146 5130 1211 5184 ¹¹.

276 5215 399 5271 XII.
430 5216 618 5286 Ἡμεῖς
650 5211 709 5269 δὲ
738 5215 790 5269 οἱ
823 5214 1065 5279 συνόντες
1094 5220 1173 5290 τῷ
1203 5214 1392 5293 Πέτρῳ
1414 5214 1484 5272 δι’
1508 5216 1647 5289 ὅλης
1678 5218 1865 5283 νυκτὸς

200 5358 283 5431 (α)
315 5356 529 5414 Matth.
560 5376 693 5428 xxv,
724 5360 813 5418 41.

1969 4776 2203 4849 plenam
2236 4774 2676 4848 persuasionem
2708 4778 2870 4828 tuam
2925 4770 3260 4826 harmonice
3318 4767 3619 4841 perficien-

1970 4865 2105 4921 dam
2136 4865 2334 4920 omnia
2366 4863 2625 4936 undique
2656 4865 3026 4918 concurrant.
3064 4861 3178 4915 Hoc
3209 4862 3405 4914 autem
3464 4855 3615 4925 dico,

1972 4955 2111 5026 quia
2143 4953 2509 5009 Annubionis
2541 4953 2821 5006 adventus
2852 4950 2957 5005 tibi
2999 4947 3245 5019 expedit.
3299 4950 3366 5000 Et
3413 4949 3616 5016 pater:

1972 5043 2114 5099 Rem
2144 5043 2225 5097 ita
2255 5058 2381 5098 sese
2412 5041 2624 5097 habere
2653 5044 2711 5096 et
2741 5055 2846 5111 ego
2878 5038 3133 5109 profecto
3172 5036 3357 5092 video.
3392 5033 3618 5101 Quibus

1972 5131 2165 5203 dictis,
2199 5132 2271 5187 ad
2302 5131 2601 5187 Simonem
2632 5128 2926 5202 profectus
2957 5130 3066 5183 est.

2042 5220 2164 5277 XII.
2197 5221 2315 5278 Nos
2336 5224 2552 5292 autem,
2576 5218 2674 5291 qui
2706 5233 2840 5273 cum
2876 5220 3041 5272 Petro
3074 5211 3617 5283 eramus,continuo

1569 5476 1811 5535 VARI/E
1858 5479 2271 5537 LECTIONES.

271 5598 293 5633 ⁸
324 5594 627 5725 χῗὲρουσαν
653 5598 753 5667 την
782 5605 967 5675 κρᾶσιν
1000 5617 1056 5674 p.
1090 5598 1302 5677 χαίρειν
1334 5597 1470 5655 κατὰ
1495 5599 1595 5668 την
1619 5606 1805 5677 κρᾶσιν
1839 5604 1904 5662 Ο.
1936 5606 1959 5641 θ
1985 5603 2218 5680 χαίρων.
2249 5602 2321 5657 T6
2368 5598 2446 5674 δὲ,
2491 5598 2714 5657 δύναται
2760 5616 2818 5673 p.
2850 5596 3084 5675 χαίρων,
3130 5595 3256 5652 τότε
3308 5593 3370 5650 οὗ
3403 5591 3621 5649 δύναται

302 5672 321 5706 ¹
444 5669 585 5725 alim
616 5672 1101 5725 μετασύγκοισιν.¹ι
1136 5674 1215 5725 Ad
1256 5673 1639 5725 Anubionem.
1672 5672 1807 5725 Ruf.
1838 5677 2063 5725 Reman.
2096 5694 2154 5725 ι-
2195 5676 2287 5725 52-

205 5671 268 5725 Ο.
302 5669 366 5707 ¹⁰’
382 5669 585 5726 Malim
615 5669 1215 5747 μετασύγκρισιν.¹ίἈᾶ
1256 5669 1807 5734 Anubionem.'Ruf.
1837 5669 2063 5750 Recog'h.
2089 5669 2155 5748 ἰ,
2195 5676 2287 5734 52.

493 5796 760 5860 ΡΔτιιοι..
806 5799 919 5862 Gn.
962 5800 1042 5862 II.

3264 5796 3343 5878 is.
