4140 6344
529 364 648 423 459

1354 363 1418 422 S.
1465 360 1909 423 CLEMENTIS
1954 360 1979 419 Ι
2027 358 2214 418 BOM.
2260 356 2495 417 PONT.
2541 358 2805 419 OPERA
2849 360 3111 422 DUBIA.

3823 361 3958 439 460

529 492 943 565 interrogando
975 492 1048 547 ob
1080 492 1437 565 voluptatem
1461 496 1635 564 atque
1678 491 2024 547 suavitatem
2092 489 2175 544 di-

2316 485 2625 557 παλλήλως
2656 489 3057 563 πυνθανόμενοι
3092 488 3195 544 ὑπό
3217 510 3275 545 τε
3294 487 3502 560 ἡδονῆς
3530 491 3621 545 καὶ
3649 498 3823 567 ’χαρᾶς
3845 497 3957 548 τῶν

532 588 760 639 ctorum
789 584 973 635 totam
1005 585 1233 637 noctem
1264 581 1467 651 vigiles
1489 579 2019 652 permansimus.Et
2041 594 2177 633 cum

526 674 652 744 jam
676 675 1090 741 auroresceret,
1124 660 1334 725 Petrus’
1359 686 1453 724 me
1501 686 1567 724 ac
1620 670 1827 723 fratres
1881 683 2040 722 meos
2102 667 2185 720 in-

534 759 1340 830 tuens,dixit:Hassito,quid
1403 756 1554 829 patri
1619 763 1810 812 vestro
1870 756 2059 811 visum
2093 756 2188 810 sit.

458 886 461 893 ς
540 853 661 907 Hoc
702 853 870 906 Petro
938 848 1152 904 dicenti
1197 849 1377 919 [pater
1454 845 1783 911 intervenit,
1862 844 2192 915 reperitque

534 955 676 997 cum
708 939 879 995 nobis
898 939 969 995 de
1000 954 1063 994 se
1094 934 1643 1007 loquentem.Quem
1684 948 1819 990 cum
1852 936 2193 988 maerentem

538 1028 776 1096 videret,
792 1031 924 1100 post
940 1024 1352 1083 salutationem
1367 1024 1440 1080 ad
1472 1038 1534 1078 se
1568 1022 1761 1095 ipsum
1791 1020 2192 1077 excusandum

542 1117 830 1189 exposuit,
864 1131 1040 1187 quam
1063 1115 1135 1170 ob
1185 1129 1423 1169 causam
1484 1111 1625 1167 foris
1683 1110 2017 1166 dormisset.
2075 1107 2193 1164 Nos

536 1222 670 1262 vero
704 1221 838 1262 eum
868 1204 1167 1260 intuentes
1188 1199 1781 1273 expavimus,vultum
1813 1198 2051 1270 quidem
2098 1195 2195 1251 Si-

540 1293 735 1351 monis
764 1293 1247 1359 videntes,vocem
1267 1293 1463 1344 autem
1484 1286 1676 1344 Fausti
1696 1287 1879 1359 patris
1894 1285 2078 1341 nostri
2098 1300 2195 1339 au-

545 1382 794 1438 dientes.
828 1382 897 1437 Et
923 1397 1057 1437 cum
1071 1395 1206 1435 eum
1222 1378 1556 1450 fugeremus
1577 1380 1753 1448 atque
1766 1374 2195 1431 exhorrescere-

544 1487 701 1542 mus,
730 1469 1033 1540 obstupuit
1060 1467 1407 1540 pater,quod
1439 1471 1560 1521 tam
1593 1468 1822 1520 austere
1852 1479 1918 1519 ac
1958 1461 2195 1517 inimice

546 1576 680 1616 cum
723 1575 788 1615 eo
813 1573 1138 1630 ageremus.
1200 1555 1372 1611 Solus
1430 1557 1625 1609 autem
1683 1553 1891 1608 Petrus
1946 1550 2191 1605 formam

543 1649 671 1720 ejus
702 1646 1031 1702 naturalem
1061 1644 1209 1699 vidit
1239 1642 1525 1715 nobisque
1554 1642 1699 1696 dixit
1728 1642 1865 1697 :Cur
1893 1655 2195 1695 exsecran-

541 1741 630 1793 tes
662 1736 925 1809 refugitis
956 1753 989 1790 a
1010 1738 1174 1807 patre
1193 1732 1425 1788 vestro?
1454 1732 1559 1787 Cui
1592 1747 1698 1786 nos
1745 1747 1862 1786 una
1893 1745 2026 1785 cum
2069 1743 2191 1783 ma-

543 1830 631 1882 tre
661 1824 1074 1897 respondimus
1106 1839 1119 1877 :
1154 1821 1356 1877 Simon
1399 1820 1509 1875 iste
1556 1819 1723 1875 nobis
1757 1834 1885 1873 esse
1940 1817 2190 1887 videtur,

548 1930 751 1972 vocem
785 1913 1008 1968 habens
1039 1911 1221 1982 patris
1254 1908 1532 1965 nostri.Et
1565 1909 1770 1963 Petrus
1801 1906 1948 1961 dixit
1976 1921 1989 1960 :
2026 1905 2198 1961 Vobis

548 2004 785 2075 quidem
814 2019 922 2057 vox
949 2002 1074 2071 ejus
1105 1998 1417 2072 praestigiis
1448 2014 1562 2052 non
1589 2000 1813 2052 mutata
1838 1994 1963 2050 sola
1990 2009 2199 2066 cogno-

551 2092 735 2148 scitur
760 2108 774 2159 ;
793 2106 992 2145 verum
1008 2088 1193 2145 oculis
1207 2088 1351 2143 meis
1368 2104 1485 2142 non
1500 2085 1799 2141 fascinatis
1820 2085 2019 2139 vultus
2054 2098 2198 2153 quo-

554 2197 688 2254 que,
724 2179 912 2251 qualis
943 2182 1317 2251 est,apparet,
1350 2192 1466 2232 non
1510 2174 1783 2246 Simonis,
1841 2174 1943 2229 sed
2006 2168 2199 2227 Fausti

553 2269 744 2342 patris
764 2266 1270 2337 vestri.Tumjam
1291 2269 1513 2338 patrem
1546 2263 1795 2334 respexit
1825 2262 1992 2333 eique
2015 2260 2160 2314 dixit
2183 2274 2195 2312 :

556 2356 796 2430 Propria
827 2354 1001 2411 facies
1030 2353 1148 2411 illis
1176 2354 1235 2409 in
1267 2358 1321 2409 te
1351 2370 1468 2409 non
1500 2354 1757 2425 apparet,
1792 2351 1894 2406 sed
1950 2347 2200 2405 Simonis

555 2443 976 2519 protervissimi
1010 2443 1296 2515 nobisque
1326 2440 1741 2497 inimicissimi.

628 2534 777 2590 XIII.
811 2534 939 2589 Haec
972 2534 1134 2589 Petro
1166 2531 1439 2605 loquente
1467 2530 1700 2586 advenit
1737 2528 1974 2601 quidam
2008 2542 2076 2582 ex
2104 2524 2201 2592 iis,

2228 1864 2274 1929 B

2302 574 2614 651 λεγομένων
2666 580 2923 656 νήφοντες
2983 577 3456 655 ένυκτερεύσαμεν.
3518 577 3657 649 Ἤδη
3721 577 3780 635 δέ
3832 603 3957 644 πως

2299 666 2488 727 νυκτὸς
2521 666 3002 741 ὑπαυγαζομένης,
3037 666 3241 743 Πέτρος
3291 662 3569 742 ἐμϐλέψας
3610 668 3735 741 ἐμοί
3774 691 3834 725 τε
3860 670 3956 725 καὶ

2298 759 2417 816 τοῖς
2448 750 2705 832 ἀδελφοῖς
2730 777 2855 829 μου,
2891 754 3014 834 ἔφη·
3041 760 3317 831 Διαπορῶ,
3340 755 3399 834 τί
3429 752 3580 827 ἔδοξε
3604 761 3684 829 τῷ
3706 758 3957 834 ὑμετέρῳ

2300 841 2485 917 πατρί.
2533 824 2634 899 Κάὶ
2688 824 2940 919 λέγοντος
2983 824 3145 901 τοῦτο
3192 824 3589 921 ήκενῖοατὴρ
3619 824 3827 914 αῦτόθι,

2301 930 2501 1007 Πέτρον
2534 932 2668 1005 ἡμῖν
2700 932 2825 1009 περὶ
2858 932 3021 989 αὐτοῦ
3055 931 3438 1009 διαλεγόμενον
3490 931 3833 991 καταλαϐώνο
3861 936 3958 991 καὶ

2301 1019 2611 1093 ἀθυμοῦντα
2663 1018 2791 1075 tam
2846 1021 3285 1098 προσαγορεύσας
3334 1021 3743 1099 ἀπελογήσατο,
3789 1022 3861 1080 δι’
3890 1026 3956 1095 ἣν

2301 1107 2473 1163 αἰτίαν
2521 1105 2621 1179 ἔξω
2666 1110 3010 1183 κεκοίμηται.
3050 1116 3239 1184 Ἡμεῖς
3288 1109 3345 1167 δὲ
3393 1108 3756 1185 ἐμϐλέποντες
3806 1113 3960 1186 αὐτῷ

2302 1196 2697 1271 έξεστήκειμεν,
2730 1199 2793 1253 τὸ
2824 1198 2965 1263 εἶδος
2991 1199 3242 1273 Σίμωνος
3275 1202 3530 1278 ὁρῶντες,
3559 1209 3746 1280 φωνῆς
3779 1199 3837 1258 δὲ
3856 1206 3960 1258 τοῦ

2301 1286 2504 1362 πατρὸς
2535 1288 2695 1360 ἡμῶν
2731 1288 3017 1351 ἀκούοντες
3046 1289 3317 1346 Φαύστου.
3366 1289 3464 1345 Καὶ
3514 1294 3666 1348 407
3720 1289 3786 1361 δὴ
3828 1312 3959 1369 φευ-

2301 1374 2504 1451 γόντων
2535 1377 2697 1447 ἡμῶν
2730 1376 2888 1431 αὐτὸν
2923 1379 2969 1414 ¹²
2998 1377 3088 1432 καὶ
3136 1378 3472 1455 στυγούντων
3530 1378 3903 1451 ἐξεπέπληκτο
3932 1381 3960 1435 6

2302 1464 2481 1538 πατὴρ
2513 1463 2600 1518 ἐπὶ
2629 1468 2709 1536 τῷ
2732 1463 2904 1527 οὓτως
2928 1466 3151 1535 ἀπηνῶς
3173 1466 3263 1521 καὶ
3292 1467 3506 1544 ἐχθρῶς
3528 1468 3675 1542 αύτῴ
3694 1471 3958 1545 χρῆσθαι.

2303 1550 2481 1614 Μόνος
2510 1549 2567 1606 δὲ
2597 1552 2798 1628 Πέτρος
2826 1555 2925 1623 τὴν
2954 1555 3089 1610 κατὰ
3127 1553 3281 1633 φύσιν
3332 1556 3496 1611 αὐτοῦ
3541 1556 3681 1632 ὀρῶν
3738 1560 3957 1636 μορφὴν

2302 1640 2438 1717 πρὸς
2468 1643 2617 1713 ἡμᾶς
2647 1637 2771 1718 ἔφη’
2805 1642 2960 1705 Τίνος
2987 1640 3143 1698 ἓνεκα
3176 1641 3599 1720 βδελυσσόμενοι
3651 1647 3962 1711 ἀπωθεῖσθε

2301 1729 2391 1783 τὸν
2422 1729 2679 1805 ὑμέτερον
2709 1732 2951 1805 πατέρα;
2985 1731 3175 1804 Ἠμεὶς
3207 1730 3264 1787 δὲ
3311 1734 3400 1787 καὶ
3439 1736 3474 1803 ἡ
3513 1735 3689 1809 μήτηρ
3730 1730 3958 1812 ἔφαυιενο

2306 1817 2491 1891 Σίμων
2522 1820 2656 1892 ἡμῖν
2690 1818 2846 1881 οὗτος
2878 1819 3120 1898 φαίνεται
3152 1822 3337 1898 φωνήν
3369 1818 3513 1897 ἔχων
3539 1827 3636 1878 τοῦ
3682 1824 3961 1899 ἡμετέρου

2307 1906 2531 1981 πατρός.
2585 1907 2684 1962 Καὶ
2723 1909 2751 1963 6
2784 1907 2989 1985 Πέτρος
3040 1908 3163 1983 ἔφη·
3216 1915 3365 1984 Ὑμῖν
3419 1912 3513 1984 μὲν
3562 1914 3597 1981 ἡ
3652 1911 3963 1987 ἀμάγευτος

2308 1994 2470 2051 αὐτοῦ
2502 1996 2654 2073 φωνὴ
2691 1996 2823 2069 μόνη
2856 1998 3136 2073 γνώριμός
3169 1998 3330 2068 ἐστιν,
3362 1999 3499 2073 ἐμοῦ
3549 1997 3605 2055 δὲ
3651 2006 3767 2063 τοῖς
3811 2002 3967 2074 ἀμα-

2309 2085 2523 2159 γεύτοις
2558 2084 2863 2162 ὀφθαλμοῖς
2892 2086 2980 2141 καὶ
3011 2087 3073 2142 τὸ
3105 2085 3248 2151 εἶδος
3280 2087 3444 2143 αὐτοῦ
3471 2089 3544 2152 ὡς
3568 2086 3710 2144 ἔστιν
3738 2090 3963 2166 ὁρατὸν,

2311 2173 2395 2228 ὅτι
2428 2175 2503 2247 μή
2538 2172 2647 2228 ἐστι
2681 2174 2889 2247 Σίμων,
2933 2174 3080 2231 ἀλλὰ
3126 2181 3373 2240 Φαῦστος
3406 2178 3434 2232 6
3465 2177 3724 2255 ὑμέτερος
3753 2180 3964 2255 πατήρ.

2311 2261 2441 2317 Τότε
2491 2259 2556 2332 δὴ
2608 2259 3035 2339 προσεμϐλέψας
3088 2266 3179 2320 καὶ
3225 2271 3304 2339 τῷ
3350 2267 3514 2342 πατρὶ
3572 2265 3695 2346 ἔφη·
3750 2265 3967 2342 [“Ιδι]ὁν

2313 2372 2408 2405 σου
2440 2348 2581 2413 εἶδος
2610 2350 2795 2414 αὐτοῖς
2825 2351 2887 2407 οὐ
2932 2352 3193 2431 φαίνεται,
3237 2353 3385 2412 ἀλλά
3435 2354 3687 2429 Σίμωνος
3714 2360 3813 2413 τοῦ
3846 2357 3968 2413 ἀσε-

2313 2434 2570 2495 ϐεστάτου
2598 2438 2690 2495 καὶ
2718 2443 2851 2514 ἡμῖν
2888 2442 3203 2519 [έχθίστου].

2385 2532 2529 2587 XIII.
2560 2534 2734 2585 Ταῦτα
2761 2535 2857 2586 τοῦ
2906 2533 3116 2607 Πέτρου
3165 2530 3562 2609 διαλεγομένου
3611 2532 3851 2609 ἐπεισῄει
3882 2556 3969 2599 τις

559 2623 658 2696 qui
692 2622 1060 2678 Antiochiam
1080 2620 1368 2695 praemissi
1398 2618 1824 2689 fuerant,eique
1857 2616 2001 2672 dixit
2025 2613 2202 2671 :Scire

2316 2623 2421 2674 τῶν
2474 2616 2725 2694 προόδων
2756 2620 2859 2674 ἀπὸ
2908 2623 3008 2689 τῆς
3056 2621 3392 2697 Ἀντιοχείας
3429 2623 3839 2702 [ὑποπραφείς]
3875 2624 3971 2680 λέ-

561 2717 621 2769 te
647 2713 800 2779 volo,
831 2711 913 2766 mi
961 2710 1220 2776 domine,
1248 2710 1567 2776 Simonem,
1606 2706 1916 2763 Antiochiae
1976 2702 2202 2777 publice

2316 2729 2424 2783 γων
2458 2708 2670 2783 Πέτρῳ·
2722 2706 2935 2763 Εἷδέναι
2991 2730 3049 2765 σε
3096 2708 3258 2783 θέλω,
3290 2710 3444 2787 κύριέ
3491 2733 3615 2785 μου,
3649 2712 3730 2767 ὅτι
3775 2714 3970 2787 Σίμων

565 2800 756 2858 multa
784 2800 1049 2873 prodigia
1078 2799 1369 2866 edentem,
1410 2813 1649 2869 magum
1707 2801 1763 2851 te
1793 2794 2086 2868 appellare
2143 2806 2208 2847 ac

2320 2797 2371 2851 έν
2400 2801 2469 2871 τῇ
2500 2797 2808 2873 Ἀντιοχείᾳ
2830 2795 3071 2871 δημοσίᾳ
3090 2798 3277 2855 πολλά
3305 2800 3554 2875 τεράστια
3583 2806 3753 2857 ποιῶν
3791 2804 3970 2879 μάγον

567 2890 1071 2963 praestigiatorem,
1113 2886 1452 2959 incolasque
1509 2887 1579 2942 ad
1641 2890 1871 2941 tantum
1929 2881 2202 2938 excitasse

2322 2907 2378 2941 σε
2412 2890 2455 2924 1³
2491 2886 2773 2959 ὀνομάζων
2805 2887 2894 2941 καὶ
2916 2886 3091 2962 γόητα
3112 2888 3201 2943 καὶ
3224 2891 3359 2965 πρὸς
3388 2895 3642 2945 τοσοῦτον
3666 2890 3860 2953 αὐτοὺς
3886 2898 3977 2964 μῖ-

569 2979 793 3047 odium,
828 2983 892 3033 ut
948 2977 1138 3050 quivis
1191 2976 1480 3032 desiderio
1516 2974 1747 3030 anhelet
1790 2972 1878 3029 vel
1936 2970 2212 3027 carnibus

571 3068 692 3123 tuis
720 3066 1377 3137 vescendi.Quapropter
1402 3081 1529 3130 nos,
1564 3064 1846 3136 praemissi
1904 3078 2039 3117 eum
2097 3060 2214 3113 fra-

572 3157 761 3213 tribus
792 3157 1007 3213 nostris
1030 3156 1251 3212 Simoni
1285 3172 1318 3210 a
1347 3159 1402 3209 te
1428 3154 1891 3225 adjunctis,cum
1922 3149 2213 3205 civitatem

2324 2995 2417 3036 σος
2439 2973 2851 3051 παρεσκεύασεν,
2886 2975 2960 3037 ὡς
2984 2974 3274 3051 γλίχεσθαι
3294 2979 3467 3032 πάντα
3488 2976 3771 3055 ἄνθρωπον
3792 2983 3903 3034 τῶν
3930 2982 3978 3017 ιδ

2324 3062 2434 3118 ἐκεῖ
2508 3060 2962 3136 ἐπιδημησάντων
3040 3068 3249 3140 σαρκῶν
3326 3065 3500 3121 αὐτῶν
3572 3065 3978 3142 ἀπογεύσασθαί

2327 3174 2441 3208 σου.
2474 3153 2625 3207 ’Όθέν
2644 3154 2808 3225 ἡμεῖς
2830 3153 2883 3207 οἱ
2910 3151 3139 3226 πρόοδοι
3166 3154 3421 3228 μετὰτῶν
3444 3155 3546 3211 ὑπὸ
3568 3160 3662 3210 σοῦ
3679 3154 3759 3228 τῷ
3780 3156 3976 3229 Σίμω-

570 3246 943 3303 vehementer
955 3249 1157 3300 contra
1187 3248 1244 3299 te
1256 3247 1609 3299 commotam
1632 3235 2202 3306 videremus,occult£

2326 3262 2375 3296 νι
2410 3236 2686 3311 ὑποϐεόλη
2702 3240 2872 3314 μένων
2908 3240 3154 3321 ἀδελφῶν
3183 3242 3514 3317 ἡμῶν,πολὺ
3543 3246 3678 3300 κατά
3708 3250 3804 3300 σοῦ
3835 3246 3978 3322 βρύ-

571 3335 978 3400 convenimus,
1014 3332 1155 3405 quid
1189 3333 1313 3387 ﬁeri
1345 3335 1635 3403 oporteret
1664 3330 2120 3386 considerantes.
2145 3326 2214 3381 Et

570 3442 707 3481 cum
728 3423 935 3481 incerti
966 3420 1702 3490 hasitaremusﬁornelius
1735 3418 2207 3489 centurio,quem

569 3514 840 3570 Caesareae
871 3512 1156 3569 Dominus
1187 3529 1219 3567 a
1250 3513 1511 3566 daemone
1540 3509 1825 3579 liberavit,
1859 3508 1930 3563 ab
1963 3507 2212 3578 impera-

567 3607 693 3660 tore
724 3604 795 3659 ad
826 3602 1135 3674 provinciae
1186 3601 1521 3672 praefectum
1582 3599 1801 3653 missus
1850 3596 2207 3669 supervenit.

570 3692 679 3759 Qui
710 3710 744 3748 a
771 3690 938 3747 nobis
962 3689 1111 3746 clam
1145 3688 1458 3745 accersitus
1488 3705 1554 3744 ac
1584 3688 1655 3743 de
1686 3703 1863 3743 causa
1922 3685 2209 3741 mmstitiaa

570 3785 781 3839 nostra;
812 3778 1022 3837 certior
1047 3778 1234 3834 factus
1264 3782 1321 3833 et
1352 3782 1415 3832 ut
1437 3778 1670 3848 juvaret
1718 3779 1956 3847 rogatus
2013 3791 2210 3848 prom-

570 3870 838 3945 ptissime
866 3867 1137 3941 promisit
1166 3883 1229 3923 se
1258 3882 1392 3921 eum
1448 3866 1806 3937 fugaturum,
1867 3864 1917 3919 si
1973 3864 2210 3936 quidem

572 3966 825 4033 coeptum
856 3958 968 4030 ipsi
1000 3956 1423 4028 adjutaremus.
1465 3958 1726 4025 Cumque
1778 3953 2021 4025 polliciti
2064 3970 2214 4009 esse-

574 4068 709 4106 mus
726 4047 929 4106 sedulo
961 4064 1066 4103 nos
1097 4046 1296 4101 omnia
1324 4045 1616 4099 facturos:
1654 4044 1789 4114 Ego,
1838 4042 2051 4113 inquit,
2111 4059 2215 4115 per

572 4139 794 4197 multos
820 4153 980 4192 meos
1011 4134 1227 4191 amicos
1266 4133 1545 4204 evulgabo
1571 4148 1661 4187 me
1684 4132 1909 4187 venisse
1952 4132 2024 4186 ad
2078 4149 2210 4187 eum

574 4227 942 4301 capiendum,
1002 4240 1134 4279 cum
1192 4224 1384 4279 Caesar
1436 4221 1636 4277 multis
1693 4220 1879 4292 magis
1964 4219 2214 4277 sublatis

574 4318 647 4373 de
674 4333 740 4372 eo
800 4315 1012 4370 certior
1067 4313 1256 4368 factus
1301 4327 1393 4366 me
1451 4311 1523 4365 ad
1582 4310 1638 4364 id
1700 4309 1977 4376 misisset,
2040 4314 2102 4364 ut
2158 4315 2215 4365 et

573 4405 769 4479 ipsum
829 4403 1030 4459 eodem
1090 4400 1287 4467 modo,
1345 4415 1460 4470 quo
1519 4398 1679 4469 prius
1739 4397 2213 4471 praestigiatores,

570 4493 824 4567 puniret.
857 4495 923 4546 Et
952 4489 1047 4560 qui
1079 4506 1148 4545 ex
1168 4487 1378 4544 vestris
1409 4503 1543 4542 cum
1576 4502 1643 4542 eo
1683 4490 2008 4556 versantur,
2044 4486 2211 4558 quasi

569 4581 793 4641 occulte
814 4580 1192 4650 undicunque
1213 4575 1519 4647 audierint,
1555 4576 1807 4630 referant
1854 4575 1926 4643 ei,
1988 4590 2081 4630 me
2139 4575 2209 4630 ad
2245 4596 2289 4661 Β

568 4671 919 4745 capiendum
949 4684 1083 4724 eum
1116 4682 1244 4723 esse
1274 4664 1579 4721 emissum.
1612 4663 1834 4727 Quibus
1862 4663 2078 4719 auditis
2101 4664 2213 4719 for-

564 4766 722 4817 tasse
752 4775 963 4833 pavore
991 4759 1293 4827 correptus
1323 4754 1596 4825 aufugiet.
1653 4755 1794 4806 Cum
1854 4751 2010 4807 aliud
2070 4753 2207 4824 quid

2323 3351 2524 3408 χουσαν
2554 3332 2653 3400 τὴν
2694 3328 2855 3385 πόλιν
2890 3331 3208 3407 ἑωρακότες,
3241 3333 3418 3410 κρύφα
3461 3334 3535 3396 εἷς
3567 3334 3629 3389 τὸ
3662 3333 3791 3389 αὐτὸ
3820 3334 3975 3410 γενό-

2326 3440 2477 3493 μενοι
2509 3424 2815 3493 σκοποῦμεν
2847 3422 2909 3491 1⁵,
2942 3421 2994 3476 τί
3042 3422 3153 3497 χρὴ
3202 3427 3399 3480 ποιεῖν.
3432 3424 3533 3479 Καὶ
3581 3421 3648 3492 δὴ
3684 3421 3735 3477 ὲν
3769 3422 3979 3499 ἀπορίᾳ

2321 3511 2479 3581 ἡμῶν
2507 3508 2674 3564 ὄντων
2716 3506 3029 3582 ἐπεδήμησε
3077 3509 3378 3586 Κορνήλιος
3412 3511 3829 3588 ἑκατόνταρχος,
3865 3513 3973 3569 ὑπὸ

2322 3598 2608 3674 Καίσαρος,
2633 3598 3065 3676 πεμφθεὶςηπρὸς
3094 3599 3185 3653 τὸν
3216 3602 3315 3668 τῆς
3346 3599 3612 3676 ἐπαρχίας
3644 3601 3970 3677 ἡγούμενον,

2320 3688 2378 3743 ’ὸν
2410 3687 2460 3742 έν
2495 3686 2788 3763 Καισαρείᾳ
2836 3684 3186 3761 δαιμονῶντα
3233 3691 3387 3746 408
3438 3688 3622 3745 ἰάσατο
3667 3691 3695 3745 6
3746 3690 3969 3766 Κύριος.

2321 3776 2487 3837 Οὗτος
2539 3774 2935 3852 μεταπεμφθεὶς
2989 3776 3073 3853 ὑφ’
3121 3775 3282 3849 ἡμῶν
3326 3776 3504 3855 κρύφα
3549 3777 3639 3834 καὶ
3687 3784 3788 3848 τῆς
3836 3778 3971 3833 ἀθυ-

2325 3863 2451 3937 μίας
2480 3865 2579 3933 τὴν
2614 3863 2784 3919 αἰτίαν
2814 3865 2940 3939 παρ’
2969 3866 3130 3938 ἡμῶν
3182 3866 3365 3939 μαθὼν
3415 3866 3504 3921 καὶ
3559 3868 3772 3941 βοηθεῖν
3805 3866 3973 3940 ἀξιω-

2321 3952 2429 4015 θεὶς
2472 3952 2855 4028 προθυμότατα
2903 3953 3169 4029 ὑπέσχετο
3218 3949 3461 4032 φοϐήσας
3506 3953 3818 4033 φυγαδεύειν
3873 3956 3975 4011 αῦ-

2322 4042 2435 4111 τὸν,
2488 4041 2572 4096 ἐάν
2622 4062 2685 4115 γε
2727 4041 2893 4097 αὐτοῦ
2947 4046 3025 4114 τῷ
3083 4041 3442 4119 ἐγχειρήματι
3493 4044 3930 4120 ὑπουργήσωμεν
3960 4089 3973 4101 .

2321 4132 2501 4203 Ἠμῶν
2535 4128 2592 4185 δὲ
2618 4128 2850 4204 ἑτοίμως
2900 4131 3074 4185 πάντα
3117 4133 3366 4201 ποιήσειν
3413 4132 3803 4207 ὑποσχομένων
3843 4131 3973 4210 ἔφη·

2324 4220 2492 4292 Ἐμοῦ
2520 4216 2607 4273 διὰ
2654 4217 2880 4274 πολλῶν
2931 4218 3103 4297 φίλων
3154 4220 3333 4297 κρύφα
3373 4219 3450 4283 είς
3499 4219 3774 4295 σύλληψιν
3805 4219 3974 4277 αὐτοῦ

2323 4304 2643 4377 ἐληλυθέναι
2674 4312 3132 4382 περισκοποῦντος
3180 4309 3268 4363 καὶ
3321 4314 3498 4379 ζητεῖν
3545 4309 3702 4365 αὐτὸν
3736 4310 3975 4387 φάσκον-

2321 4396 2627 4467 τος,καθότι
2651 4401 2851 4472 Καῖσαρ
2871 4394 3117 4460 πολλοὺς
3152 4398 3357 4473 μάγους
3386 4396 3589 4454 ἀνελὼν
3623 4399 3712 4454 καὶ
3749 4398 3818 4455 τὰ
3852 4401 3974 4456 κατ’

2322 4484 2480 4540 αὐτὸν
2533 4485 2716 4557 μαθὼν
2768 4483 2866 4557 ἔμὶ
2915 4485 3003 4540 ἐπὶ
3046 4487 3146 4556 τὴν
3196 4486 3359 4542 αὐτοῦ
3411 4489 3635 4558 ζήτησιν
3687 4485 3927 4562 ἔπεμψεν
3956 4536 3971 4562 ,

2322 4572 2469 4635 ὅπως
2490 4573 2579 4627 καὶ
2605 4572 2764 4628 αὐτὸν
2787 4573 2863 4636 ὡς
2891 4574 2979 4628 καὶ
3006 4572 3134 4637 τοὺς
3171 4575 3278 4648 πρὸ
3316 4574 3481 4631 αὐτοῦ
3507 4575 3712 4652 μάγους
3740 4574 3971 4651 κολάσῃ.

2321 4662 2419 4716 Καὶ
2453 4663 2504 4717 οἱ
2537 4662 2790 4738 ὑμέτεροι
2844 4662 2896 4717 οἱ
2928 4662 3172 4725 συνόντες
3203 4662 3349 4736 αὐτῷ
3378 4664 3453 4727 ὡς
3494 4661 3560 4734 δὴ
3603 4662 3779 4743 κρύφα
3809 4666 3974 4720 ποθὲν

2322 4751 2615 4821 ἀκηκοότες
2647 4752 3192 4829 προσαναφερέτωσαν
3226 4795 3239 4820 ,
3259 4752 3333 4814 ὡς
3372 4751 3508 4826 ἐμοῦ
3534 4750 3689 4808 ἕνεκα
3706 4753 3802 4808 τοῦ
3840 4752 3976 4809 συλ-

566 4851 757 4906 facere
785 4848 1199 4920 cogitaremus,
1233 4841 1407 4899 simul
1438 4841 1518 4897 ita
1546 4841 1755 4897 evenit.
1790 4841 2014 4896 Etenim
2076 4858 2202 4896 cum

2320 4836 2506 4895 λαϐεῖν
2538 4839 2695 4895 αὐτὸν
2719 4838 3149 4913 ἀπεσταλμένου.
3178 4841 3277 4896 Καὶ
3292 4842 3460 4918 τυχὸν
3487 4847 3653 4897 ταῦτα
3675 4845 3720 4879 ¹⁶
3736 4841 3975 4906 ἀκούσας

566 4943 624 4996 et
651 4956 720 4995 ex
748 4936 952 4993 multis
995 4934 1203 4991 alienis
1244 4931 1394 4986 clam
1454 4929 1879 4999 nuntiantibus,
1928 4934 2202 5002 tanquam

2320 4923 2578 5007 φοϐηθεὶς
2623 4927 2885 5006 φεύξεται.
2920 4930 3069 4984 Ἐπεὶ
3112 4929 3293 4985 τοίνυν
3341 4926 3523 5006 ἕτερόν
3561 4951 3614 4986 τι
3646 4935 3820 4986 ποιεῖν
3855 4930 3976 4986 ἒπε-

567 5029 775 5102 ingens
807 5024 1155 5082 beneficium
1188 5021 1299 5093 ipsi
1333 5020 1749 5084 conferrent,et
1770 5019 2010 5090 insuper
2040 5036 2108 5075 ex
2127 5021 2206 5074 fa-

2316 5020 2608 5091 νοήσαιμεν,
2665 5018 2818 5090 ὁμῶς
2867 5017 3038 5081 οὕτως
3091 5016 3324 5093 ἐγένετο.
3356 5019 3484 5075 Ὑπό
3521 5040 3581 5074 τε
3608 5020 3709 5095 γὰρ
3738 5017 3971 5074 πολλῶν

568 5116 899 5174 miliaribus
927 5119 1261 5170 nostrorum
1294 5108 1587 5165 simulatis
1628 5107 1772 5162 illud
1806 5107 2125 5163 audivisset
2154 5111 2202 5163 et

2315 5111 2423 5161 τῶν
2461 5103 2560 5176 ἔξω
2590 5105 2664 5168 εἷς
2713 5105 2781 5160 τὰ
2832 5105 3045 5181 μεγάλα
3075 5106 3220 5179 αὐτῷ
3265 5107 3640 5185 χαριζομένων
3671 5105 3851 5183 λάθρα
3881 5107 3974 5163 λε-

567 5206 720 5262 hanc
748 5221 876 5261 esse
905 5218 1147 5259 suorum
1180 5198 1525 5256 sententiam
1561 5200 1810 5269 putaret,
1844 5196 1956 5251 sibi
1997 5212 2209 5252 caven-

567 5296 853 5351 dumesse
883 5286 1502 5364 cognovit.Antiochia
1525 5285 1708 5359 igitur
1738 5285 2049 5357 aufugiens
2072 5302 2207 5341 cum

2315 5195 2543 5271 γόντων,
2596 5191 2673 5249 ἔτι
2715 5192 2772 5249 δὲ
2818 5194 2909 5250 καὶ
2955 5199 3061 5250 τῶν
3110 5192 3260 5251 ἔνδον
3309 5191 3635 5267 ὑποϐλητῶν
3682 5197 3971 5270 ἡμετέρων

2319 5284 2569 5356 ἀκηκοὼς
2617 5282 2707 5339 καὶ
2748 5284 2824 5346 ὡς
2872 5290 2995 5360 παρ’
3044 5284 3194 5341 ἶδίῶν
3250 5286 3477 5363 γνώμην
3537 5284 3784 5363 εἰληφὼς
3836 5285 3973 5342 ὑπο-

1910 5465 2153 5523 νΑΒΙλΕ
2191 5465 2604 5523 LECTIONES.

635 5616 686 5686 τ’,
714 5617 796 5673 Ita
824 5612 1272 5686 scripsictRuf.
1301 5630 1360 5680 κ,
1388 5612 1479 5686 53,
1502 5609 1686 5686 ἀὐτῶν
1720 5608 1785 5669 Ο.
1818 5608 1863 5648 ¹²
1890 5629 1949 5665 τε
1978 5609 2041 5668 Ο.
2078 5612 2123 5647 1⁵
2150 5608 2249 5682 τήν
2283 5611 2349 5667 0.
2386 5611 2429 5649 ιι
2460 5610 2664 5664 σκοποῦ
2690 5606 2783 5663 καί
2812 5609 2878 5682 Ο,
2911 5609 2972 5668 in
3004 5626 3120 5683 quo
3150 5608 3402 5668 subinde
3444 5611 3794 5682 repetuntur
3831 5608 3969 5666 vbb.

562 5684 706 5747 πολὺ
731 5687 866 5742 κατὰ
896 5677 992 5740 σὸῦ
1027 5677 1353 5762 βρύχουσανξ
1386 5685 1430 5722 ¹⁶
1459 5677 1617 5738 αὑτόν
1653 5682 1717 5738 Ο.
