4140 6344
303 384 428 446 461

1431 383 1961 447 CLEMENTINA.
1990 414 2071 429 —
2097 383 2427 446 HOMILIA
2467 384 2603 447 XX.

3599 386 3719 449 462

308 512 629 579 στέλλεσθαι
658 509 821 590 ἔγνω.
853 509 1123 589 Ἀποδρᾶς
1157 510 1250 568 οῦν
1305 514 1413 582 τῆς
1436 510 1778 589 ’Δντιοχείας
1831 514 1966 587 μετὰ

2085 514 2443 572 Athenodoro
2473 515 2588 571 huc
2616 514 2791 583 venit,
2850 517 2918 571 ut
2973 515 3323 572 audivimus.
3360 516 3556 590 Itaque
3609 517 3720 574 tibi

310 599 704 677 Ἀθηνοδώρου
782 599 1071 674 ἐλήλυθεν,
1130 601 1207 665 ὡς
1279 600 1613 674 ἀκηκόαμεν.
1668 602 1762 657 Διὸ
1824 622 1967 675 συμ-

306 685 651 763 ϐουλεύομεν
686 711 773 745 σοι
808 691 978 763 μήπω
1028 684 1286 760 ἐπιϐῆναι
1313 697 1415 760 τῆς
1465 688 1684 753 πόλεως
1733 688 1965 762 ἐκείνης,

315 779 512 856 μέχρις
541 778 600 834 ἂν
635 775 890 851 εἴδωμεν,
923 778 969 834 εἶ
998 784 1099 848 τῆς
1130 779 1267 835 κατά
1304 783 1401 833 σοῦ
1446 772 1711 848 διαϐολῆς
1758 776 1965 834 ἐκείνου

310 868 547 930 ἀπόντος
580 867 865 938 ὑπολῆσῖιτ
886 864 1231 939 δυνήσονται.

382 958 528 1015 XIV.
570 962 747 1013 Ταῦτα
810 960 910 1012 τοῦ
971 954 1211 1031 προόδου
1264 953 1717 1032 ἀπαγγείλαντος,
1777 954 1805 1009 6
1864 952 1964 1011 Πέ-

308 1067 441 1123 τρος
468 1051 551 1119 τῷ
602 1046 768 1122 πατρὶ
798 1041 1223 1120 προσεμϐλέψας
1255 1043 1377 1124 ἔφη·
1429 1042 1698 1112 ³Δκούεις,
1732 1048 1964 1113 Φαῦστε,

312 1135 422 1191 ὑπὸ
454 1135 707 1205 Σίμωνος
734 1139 834 1191 τοῦ
866 1134 1064 1209 Μάγου
1093 1137 1129 1204 ἡ
1160 1132 1579 1211 μεταμόρφωσίς
1611 1153 1706 1188 σου
1736 1131 1964 1208 γέγονεν,

311 1224 386 1286 ὡς
445 1222 555 1293 ἤδη
607 1223 871 1301 φαίνεται.
928 1223 1192 1301 Καίσαρος
1250 1221 1354 1297 γὰρ
1410 1220 1640 1295 νομίσας
1673 1220 1761 1277 ἐπὶ
1816 1218 1969 1294 κακῷ

310 1314 468 1371 409
530 1296 687 1367 αὐτὸν
746 1316 947 1381 ζητεῖν,
981 1296 1241 1389 φοϐηθεὶς
1286 1296 1452 1387 ἔφυγε
1493 1310 1593 1380 τὴν
1645 1309 1836 1365 ἑαυτοῦ
1881 1329 1969 1365 σοι

310 1400 555 1478 περιθεὶς
620 1400 857 1478 μορφὴν,
917 1398 1066 1462 ὅπως
1117 1398 1477 1461 ἀποθανόντος
1534 1419 1635 1453 σου
1688 1403 1804 1461 τοῖς
1851 1403 1967 1461 σοῖς

306 1490 526 1552 τέκνοις
576 1490 614 1558 ἡ
670 1488 818 1559 λύπη
874 1487 1116 1564 γένηται.
1168 1491 1345 1543 Ταῦτα
1403 1488 1431 1544 6
1486 1488 1668 1564 πατὴρ
1735 1487 1968 1555 ἀκούων,

308 1578 524 1633 κλαίων
571 1577 661 1632 καὶ
709 1574 1043 1654 ὀδυρόμενος
1090 1573 1216 1655 ἔφη·
1272 1577 1480 1653 Ὀρθῶς
1531 1574 1835 1653 ἐστοχάσω,
1866 1574 1967 1631 Πέ-

307 1688 428 1743 τρε.
461 1662 793 1723 ’Δννουϐίων
829 1669 872 1705 ιτ
902 1668 1028 1741 [γὰρ
1059 1664 1281 1739 οἰκεῖός]
1318 1665 1423 1739 μού
1458 1686 1525 1739 με
1555 1663 1730 1743 φιλῶν
1768 1684 1970 1738 μυστη-

311 1754 533 1831 ριωδῶς
560 1756 660 1825 τὴν
692 1750 994 1824 ἐπιϐουλὴν
1029 1754 1301 1833 ἐξέφηνεν.
1334 1754 1440 1811 Καὶ
1489 1754 1590 1810 οὐκ
1634 1752 1847 1809 ἐπίστέυ
1880 1756 1970 1825 [σα

310 1846 342 1903 6
368 1843 767 1920 ταλαίπωρος],
802 1840 988 1913 ἐπειδή
1020 1847 1118 1899 τοῦ
1146 1848 1335 1907 παθεῖν
1366 1840 1403 1912 ἤ
1414 1864 1521 1916 μην
1551 1842 1718 1914 ἄξιος.

384 1936 505 1991 XV.
536 1938 713 1988 Ταῦτα
742 1937 840 1987 τοῦ
869 1931 1074 2006 πατρὸς
1106 1930 1351 1994 εἰπόντος
1384 1932 1500 2005 μετ’
1532 1930 1593 1987 οὗ
1640 1929 1784 1987 πολὺ
1823 1932 1968 2005 [Ἄν-

309 2018 548 2078 νουϐίων
577 2021 739 2095 ἦλθε]
769 2024 906 2096 πρὸς
954 2026 1106 2093 ἡμᾶς
1151 2021 1251 2090 τὴν
1298 2018 1549 2093 Σίμωνος
1597 2021 1731 2093 ἡμῖν
1782 2016 1968 2091 δηλῶν

311 2112 514 2191 «polyb,
545 2111 637 2166 καὶ
691 2111 766 2173 ὡς
822 2110 989 2180 αὐτῆς
1036 2108 1229 2171 νυκτὸς
1270 2108 1359 2164 ἐπὶ
1392 2106 1654 2165 Ἰουδαίαν
1688 2107 1967 2184 ὥρμησεν.

310 2200 456 2275 Εὗρε
485 2198 543 2256 δὲ
566 2201 660 2255 τὸν
692 2198 897 2275 πατέρα
919 2200 1082 2272 ἡμῶν
1108 2196 1446 2271 κοπτόμενον
1477 2196 1568 2252 καὶ
1628 2198 1763 2271 μετὰ
1812 2193 1969 2273 ὀδυρ·

313 2294 435 2363 μῶν
487 2288 737 2365 λέγοντα⁸
786 2285 976 2361 Οἵμοι,
1037 2283 1189 2361 οἷ’μοι
1249 2288 1277 2343 6
1331 2284 1524 2357 τάλας,
1583 2287 1749 2362 μάγον
1807 2284 1967 2342 αὐτὸν

308 2377 527 2434 ἀκούων
559 2377 846 2447 ἠπίστουν.
879 2382 931 2431 '0
974 2375 1325 2451 ταλαίπωρος
1382 2376 1518 2450 πρὸς
1578 2374 1702 2449 μίαν
1755 2373 1965 2451 ἡμέραν

309 2466 667 2543 ἐπιγνωσθεὶς
698 2461 917 2540 συμϐίῳ
944 2466 1035 2521 καὶ
1065 2466 1279 2528 τέκνοις
1306 2463 1522 2540 ταχὲως
1572 2462 1660 2519 ἐπὶ
1688 2464 1787 2534 τὴν
1829 2484 1964 2539 προ-

306 2556 470 2631 τὲραν
526 2558 626 2625 τῆς
683 2554 902 2632 ἀγνοίας
956 2553 1127 2624 ἦλθον
1186 2554 1491 2632 συμφοράν.
1527 2552 1624 2608 Καί
1682 2555 1717 2622 ἡ
1782 2553 1965 2629 μήτηρ

308 2643 621 2721 ὀδυρομένη
680 2645 778 2707 τὰς
828 2645 1028 2719 τρίχας
1085 2641 1423 2699 κατὲτιλλεν.
1486 2643 1675 2715 Ἡμεῖς
1730 2638 1787 2696 δὲ
1841 2640 1967 2718 περὶ

304 2742 411 2805 τῆς
449 2740 547 2789 τοῦ
579 2733 783 2810 πατρὸς
812 2732 1168 2795 ἀλλοιώσεως
1208 2729 1612 2803 ἀδημονοῦντες
1660 2729 1967 2803 ἐστὲνομεν,

308 2823 343 2879 ὅ
370 2846 423 2879 τι
454 2824 589 2879 ποτὶ
616 2824 684 2892 ἦν
715 2829 1005 2891 συννοῆσαι
1061 2823 1136 2895 μή
1188 2818 1500 2894 δυνάμενοι.
1536 2814 1862 2877 Ἀννουϐίων
1911 2816 1969 2875 δὲ

306 2917 482 2968 ταῦτα
529 2912 739 2968 ἀκούων
790 2911 881 2967 καὶ
919 2912 1061 2987 ὁρῶν
1108 2911 1315 2986 ἀχανὴς
1363 2908 1515 2979 ἔστη.
1547 2913 1602 2963 ‘0
1651 2906 1707 2963 δὲ
1766 2907 1969 2985 Πέτρος

308 3004 451 3074 ἡμῖν
496 3006 614 3062 τοῖς
658 3000 871 3062 τεκνοις
921 3000 1008 3055 ἐπὶ
1057 2999 1268 3054 πάντων
1306 2996 1431 3077 ἔφη’
1464 2996 1790 3053 Πιστεύσατὲ
1851 3017 1967 3070 μοι,

310 3090 478 3152 οὗτός
520 3089 630 3144 ἐστι
684 3094 927 3150 Φαῦστος
976 3087 1004 3143 6
1046 3088 1226 3163 πατὴρ
1277 3087 1452 3160 ὑμῶν.
1484 3086 1578 3141 Διὸ
1635 3082 1702 3156 δὴ
1760 3082 1969 3140 κελεύω

313 3181 472 3253 ὑμῖν,
506 3178 582 3242 ὡς
638 3178 803 3253 πατρὶ
862 3176 1175 3253 προσέχειν.
1210 3175 1429 3252 Παρὲξει
1453 3174 1558 3250 γὰρ
1596 3175 1624 3229 6
1655 3174 1784 3238 Θεὸς
1833 3172 1969 3249 πρόο

2001 1889 2048 1955 Β

2077 604 2417 673 suademus,
2450 621 2522 660 ne
2554 606 2624 661 ad
2656 604 2938 677 oppidum
2969 603 3115 660 illud
3172 606 3476 673 ascendas,
3533 606 3719 663 donec

2078 691 2419 763 viderimus,
2440 707 2584 748 num
2613 692 2713 749 illo
2734 709 2966 765 egresso
2988 692 3243 766 populus
3259 693 3567 753 calumnia
3588 712 3721 754 con-

2079 783 2170 836 tra
2199 783 2255 836 te
2283 780 2680 838 disseminata
2709 780 2971 837 oblivisci
2993 782 3201 854 possit.

2146 959 2286 1017 XIV.
2309 960 2442 1024 Qua
2476 976 2609 1016 cum
2633 959 2706 1030 is,
2738 960 2839 1032 qui
2870 960 3184 1032 praeessit,
3216 962 3565 1033 nuntiasset,
3620 964 3718 1021 Pe-

2074 1053 2203 1106 trus
2232 1049 2291 1105 in
2324 1053 2550 1122 patrem
2586 1052 2854 1105 nostrum
2888 1048 3206 1121 respiciens
3261 1050 3409 1107 dixit
3440 1068 3454 1108 :
3512 1052 3718 1125 Audis,

2078 1137 2817 1210 Fauste,metamorphosin
2837 1142 3002 1193 tuam
3016 1154 3118 1209 per
3140 1138 3440 1196 Simonem
3482 1140 3719 1213 Magum

2076 1228 2291 1283 factam
2322 1244 2471 1295 esse,
2504 1231 2570 1283 ut
2583 1228 2709 1298 jam
2740 1231 3000 1299 apparet.
3032 1227 3177 1283 Nam
3202 1244 3336 1284 cum
3367 1234 3616 1302 putaret,
3648 1231 3721 1287 ad

2076 1330 2309 1389 panam
2342 1332 2406 1371 se
2434 1332 2468 1371 a
2496 1317 2715 1371 Caesare
2736 1314 2939 1386 quaeri,
2971 1314 3209 1371 territus
3239 1316 3390 1389 fugit
3418 1320 3498 1387 {ac
3545 1335 3722 1377 suum

2076 1404 2185 1460 tibi
2215 1403 2442 1461 vultum
2464 1403 2713 1472 affinxit,
2738 1408 2804 1459 ut
2832 1408 2887 1459 te
2917 1408 3104 1461 morte
3135 1404 3365 1461 sublato
3414 1406 3550 1465 filiis
3604 1408 3723 1465 tuis

2075 1493 2320 1550 tristitia
2347 1496 2670 1565 pareretur.
2700 1494 2780 1549 Ac
2807 1496 2991 1565 pater,
3023 1492 3145 1549 hac
3213 1494 3478 1561 audiens,
3537 1495 3723 1568 lacry-

2078 1598 2248 1638 mans
2278 1586 2335 1638 et
2363 1581 2594 1653 ejulans
2624 1580 2968 1637 exclamavit
2992 1581 3189 1638 :Recte
3214 1582 3683 1652 divinasti,Petre
3707 1576 3721 1634 ί

2078 1670 2303 1727 Etenim
2332 1669 2642 1726 Annubion
2675 1670 2901 1726 amicus
2921 1686 3012 1726 me
3035 1669 3285 1742 diligens
3308 1672 3419 1728 sub
3442 1675 3724 1746 mysterio

2078 1759 2333 1832 quodam
2345 1759 2593 1815 insidias
2604 1757 2917 1814 collocatas
2930 1758 3074 1813 mihi
3089 1758 3607 1818 indicavit.Verum
3620 1778 3725 1836 ego

2076 1848 2276 1904 infelix
2296 1864 2408 1904 non
2444 1847 2920 1918 credebam,nam
2954 1846 3171 1920 dignus
3184 1865 3343 1905 eram
3359 1849 3459 1922 qui
3474 1855 3722 1923 paterer.

2148 1936 2263 1992 XV.
2286 1936 2389 1991 His
2411 1953 2445 1992 a
2474 1940 2637 2008 patre
2667 1934 2862 2002 dictis,
2894 1934 3052 1991 haud
3085 1935 3272 1993 multo
3333 1944 3466 2010 post
3524 1941 3727 1996 Annu-

2078 2025 2216 2081 bion
2242 2025 2315 2081 ad
2361 2041 2467 2081 nos
2505 2024 2682 2095 venit,
2714 2023 3010 2080 Simonem
3052 2025 3272 2097 fugisse
3330 2027 3611 2084 nuntians
3668 2033 3727 2086 et

2077 2113 2178 2170 illa
2196 2118 2362 2170 nocte
2382 2112 2646 2169 Judaam
2665 2112 2924 2185 petiisse.
2946 2114 3026 2168 Ac
3048 2129 3181 2169 cum
3201 2118 3427 2186 patrem
3455 2121 3724 2173 nostrum

2076 2202 2367 2260 inveniret
2395 2201 2681 2258 afﬂictum
2712 2204 2771 2257 et
2800 2216 2933 2257 cum
2955 2200 3226 2274 lacrymis
3243 2202 3605 2261 dicentemzo
3628 2222 3721 2262 me

2079 2290 2387 2358 miserum,
2408 2290 2508 2362 qui
2538 2304 2777 2362 magum
2822 2305 2950 2345 esse
2980 2288 3148 2345 illum
3179 2292 3425 2348 audiens
3455 2310 3570 2349 non
3602 2309 3722 2351 cre-

2077 2378 2327 2435 diderim
2358 2378 2370 2434 ι
2407 2378 2513 2435 Per
2543 2393 2722 2433 unam
2752 2377 2909 2433 diem
2940 2378 3013 2433 ab
3056 2395 3231 2435 uxore
3261 2383 3319 2435 et
3366 2380 3506 2437 ﬁliis
3562 2398 3723 2439 reco-

2080 2467 2283 2540 gnitus
2311 2468 2382 2523 ad
2416 2466 2665 2539 priorem
2697 2465 2909 2523 erroris
2926 2466 3225 2523 miseriam
3256 2468 3521 2527 celeriter
3545 2469 3728 2528 infor-

2081 2560 2324 2612 tunatus
2355 2572 2620 2612 reversus
2648 2570 2803 2612 sum.
2828 2558 3007 2611 Mater
3020 2572 3154 2612 vero
3185 2556 3469 2631 plangens
3483 2559 3723 2632 capillos

2078 2644 2308 2701 evulsit.
2340 2644 2576 2716 Nosque
2606 2644 2676 2699 de
2696 2642 2880 2715 patris
2936 2646 3366 2716 permutatione
3426 2652 3726 2720 stupentes

2076 2734 2500 2808 ingemuimus,
2534 2748 2640 2788 nec
2670 2732 2809 2805 quid
2842 2732 2924 2788 rei
2956 2736 3113 2789 esset
3146 2734 3481 2808 intelligere
3538 2737 3729 2809 potui-

2078 2838 2234 2876 mus.
2278 2819 2591 2875 Annubion
2621 2824 2815 2875 antem
2845 2818 2954 2875 hoc
2991 2820 3194 2878 videns
3255 2824 3451 2880 stabat
3496 2824 3725 2881 silentio

2077 2911 2324 2966 defixus.
2357 2910 2509 2963 Tum
2541 2908 2952 2979 Petruslnobis
3005 2908 3140 2965 filiis
3198 2928 3391 2967 coram
3448 2914 3726 2970 omnibus

2077 2999 2255 3055 dixit:
2287 2997 2430 3054 Mihi
2462 2996 2697 3068 credite,
2730 2995 2892 3053 hicce
2914 3002 3002 3053 est
3034 3000 3279 3056 Faustus
3311 3006 3475 3073 pater
3511 3008 3721 3060 vester.

2078 3087 2387 3160 Propterea
2414 3102 2516 3141 vos
2546 3084 2767 3155 hortor,
2802 3089 2865 3141 ut
2911 3086 3178 3143 habeatis
3234 3105 3369 3145 eum
3429 3092 3719 3162 quomodo

2079 3183 2325 3249 patrem.
2359 3174 2513 3231 Deus
2543 3173 2697 3229 enim
2739 3174 3019 3246 prabebit
3049 3176 3411 3233 occasionem
3435 3179 3717 3252 aliquam,

315 3267 477 3347 φασίν
506 3288 642 3338 τινα,
671 3265 740 3322 δι’
771 3267 842 3336 ἧς
870 3267 968 3335 τὴν
1012 3265 1265 3339 Σίμωνος
1312 3262 1720 3336 ἀποδυσάμενος
1755 3262 1970 3341 μορφὴν

2085 3283 2200 3338 qua
2229 3264 2484 3321 Simonis
2508 3261 2671 3318 vultu
2702 3266 2871 3318 exuto
2903 3263 3087 3334 patris
3107 3266 3281 3321 vestri
3310 3268 3604 3324 evidenter
3634 3285 3721 3325 re-

309 3360 417 3425 τήν
447 3360 545 3412 τοῦ
592 3357 793 3432 πατρὸς
843 3356 993 3428 ὑμῶν
1052 3351 1351 3431 προδήλως
1409 3351 1669 3423 ἀναδείξει
1704 3350 1869 3407 πάλιν
1903 3354 1967 3406 ιδ.

312 3451 496 3503 Ταῦτα
525 3447 660 3518 ¹ἡμῖν
692 3445 859 3500 εἲπὼν
890 3444 980 3500 καὶ
1002 3449 1082 3516 τῷ
1108 3443 1273 3519 πατρὶ
1303 3437 1654 3518 προσϐλέψας
1685 3436 1808 3520 ἔφη’
1832 3441 1971 3517 Ἐγώ

313 3557 403 3592 σοι
464 3533 749 3609 ἐπέτρεψα,
795 3537 1224 3609 προσαγορεῦσοι
1258 3530 1548 3587 Ἀππίωνα
1603 3529 1693 3585 καὶ
1752 3531 1969 3585 Ἀννου-

314 3621 513 3693 ϐίωνα,
545 3622 734 3692 ἐπειδή
767 3622 827 3678 ἐκ
850 3620 1058 3677 παίδων
1090 3642 1173 3677 σοι
1223 3619 1415 3698 φίλους
1469 3619 1598 3675 εἶναι
1650 3616 1971 3694 ὁμολογεῖς,

316 3713 451 3790 οὐχὶ
487 3712 697 3786 Σίμωνι
728 3715 808 3783 τῷ
841 3710 1014 3787 Μάγῳ
1043 3707 1383 3782 συνομιλεῖν.

393 3804 551 3859 414)
578 3802 719 3859 XVI.
755 3800 853 3855 Καὶ
885 3800 913 3854 6
941 3800 1143 3875 πατήρ,
1174 3800 1474 3874 ”Ημαρτον,
1508 3794 1637 3875 ἔφη,
1685 3792 1970 3871 ὁμολογῶ.

318 3892 429 3949 Καὶ
458 3885 804 3947 ’Δννουϐίωψ
840 3887 937 3945 Καὶ
969 3887 1130 3951 αὐτὸς
1163 3886 1288 3964 ἐγὼ,
1322 3883 1448 3965 ἔφη,
1482 3885 1574 3941 σὺν
1604 3885 1750 3957 αὐτῷ
1779 3881 1973 3958 δέομαί

320 4000 442 4052 σου,
493 3983 797 4057 συγγνῶναι
849 3977 1059 4055 γέροντι
1118 3976 1324 4053 εὐγενεῖ
1379 3975 1468 4031 καὶ
1518 3974 1704 4050 ἀγαθῷ
1758 3974 1973 4045 ἠπατη-

326 4068 499 4142 μένῳ.
549 4067 803 4143 Παίγνιον
862 4067 963 4143 γὰρ
1019 4066 1233 4143 γέγονεν
1268 4064 1296 4120 6
1342 4061 1617 4139 δυστυχὴς
1674 4068 1771 4118 τοῦ
1826 4082 1978 4138 περι-

322 4152 553 4228 ϐοήτου.
587 4156 739 4226 Πλὴν
773 4157 848 4220 ὡς
892 4158 1083 4233 γέγονε
1129 4158 1174 4196 ιθ
1217 4153 1426 4233 φράσω.
1458 4155 1515 4208 Ὀ
1558 4153 1752 4230 ἀγαθὸς
1799 4152 1971 4229 γέρων

320 4246 463 4316 ἦλθε
512 4244 965 4322 προσαγορεύσων
1024 4246 1191 4317 ἡμᾶς.
1232 4243 1637 4319 Ἐτυγχάνομεν
1698 4239 1756 4296 δὲ
1809 4238 1976 4309 αὐτῆς

323 4334 475 4410 ὧρας
501 4333 639 4389 κατὰ
667 4334 859 4389 ταυτὸν
894 4335 947 4389 οἱ
991 4332 1103 4389 ἐκεῖ
1154 4332 1417 4408 παρόντες
1467 4330 1748 4392 ἀκούοντες
1786 4328 1974 4403 Σίμω-

320 4445 440 4491 νος,
471 4424 531 4486 ὃς
589 4420 1003 4499 ἀποδιδράσκειν
1054 4419 1223 4493 ἤθελε
1278 4420 1415 4495 αὐτῇ
1493 4418 1642 4475 νυκτί
1703 4418 1973 4491 ἀκηκοὼς,

325 4511 692 4586 ἐπιδημήσειν
749 4510 912 4577 ποθέν
968 4532 1121 4575 τινας
1166 4511 1390 4566 ἐνταῦθα
1419 4512 1489 4584 τῇ
1523 4505 1817 4580 Λαοδικείᾳ
1844 4510 1890 4544 ²⁰
1919 4505 1979 4562 ἐκ

2080 3369 2357 3427 cuperare
2380 3351 2567 3425 possit
2586 3350 2859 3423 efﬁgiem.
2892 3352 3114 3417 Quibus
3145 3355 3215 3410 ad
3249 3372 3355 3413 nos
3395 3357 3567 3413 dictis
3618 3374 3721 3431 pa-

2080 3448 2231 3500 trem
2250 3442 2525 3497 intuens:
2558 3440 2677 3511 Ego
2705 3438 2833 3507 tibi,
2881 3438 3096 3512 inquit,
3130 3445 3390 3515 permisi,
3423 3450 3487 3500 ut
3513 3447 3724 3519 Appio-

2082 3549 2215 3589 nem
2247 3536 2304 3587 et
2333 3528 2740 3585 Annubionem
2764 3527 3083 3586 salutatum
3113 3531 3226 3587 ires
3256 3534 3393 3604 quia
3418 3551 3517 3591 eos
3536 3553 3567 3591 a
3590 3551 3726 3607 pue-

2083 3622 2163 3677 ris
2194 3620 2298 3677 tibi
2329 3618 2548 3675 amicos
2577 3632 2706 3673 esse
2736 3619 3185 3687 asserebas,non
3220 3627 3285 3678 ut
3303 3622 3529 3679 Simoni
3559 3627 3722 3698 Mago

2080 3709 2526 3768 conversareris.

2152 3799 2299 3855 XVI.
2333 3800 2400 3855 Et
2428 3806 2627 3873 pater:
2661 3801 2917 3869 Peccavi,
2940 3800 3153 3872 inquit,
3186 3800 3386 3857 fateor.
3415 3801 3493 3856 Ac
3522 3802 3722 3856 Annu-

2080 3887 2217 3945 bion
2252 3905 2266 3944 :
2299 3890 2417 3963 Ego
2440 3907 2692 3963 quoque,
2726 3890 2938 3963 inquit,
2972 3888 3149 3946 simul
3178 3904 3309 3945 cum
3349 3904 3415 3945 eo
3471 3892 3527 3945 te
3583 3904 3723 3961 rogo

2082 3982 2147 4033 ut
2176 3978 2302 4034 seni
2335 3994 2615 4051 generoso
2648 3984 2705 4036 et
2721 3981 2871 4036 bono
2894 3979 3135 4050 decepto
3157 3977 3723 4051 ignoscas.Namque

2082 4066 2284 4123 infelix
2300 4067 2619 4124 ludibrium
2634 4068 2824 4125 factus
2836 4072 2925 4124 est
2952 4068 3241 4123 decantati
3265 4066 3422 4123 illius
3443 4065 3721 4122 hominis.

2083 4157 2193 4214 Sed
2215 4158 2342 4229 jam
2390 4159 2639 4214 narrabo
2694 4157 2983 4229 quomodo
3041 4155 3335 4212 acciderit.
3398 4161 3593 4212 Bonus
3630 4155 3725 4212 hic

2083 4262 2261 4303 senex
2280 4246 2439 4303 venit
2459 4247 2531 4302 ad
2564 4264 2671 4303 nos
2701 4246 3062 4302 salutandos.
3104 4244 3358 4317 Contigit
3413 4250 3607 4301 autem
3664 4248 3730 4301 ut

2083 4334 2184 4390 illa
2213 4334 2357 4390 hora
2385 4350 2519 4390 cum
2551 4334 2787 4391 Simone
2808 4334 3213 4407 essemus,qui
3243 4335 3373 4406 ipsa
3394 4339 3562 4390 nocte
3592 4334 3731 4405 fuga

2085 4440 2147 4480 se
2177 4423 2400 4480 salvere
2426 4423 2672 4489 volebat,
2707 4440 2841 4479 cum
2890 4423 3172 4493 audisset,
3206 4423 3412 4478 adesse
3443 4422 3731 4493 quosdam

2086 4511 2147 4566 in
2176 4510 2285 4567 hac
2308 4511 2601 4567 Laodicea
2632 4511 2883 4578 civitate,
2908 4511 3005 4583 qui
3033 4527 3101 4567 ex
3159 4510 3530 4583 imperatoris
3586 4524 3732 4581 pra-

323 4608 643 4679 προσταγῆς
695 4599 984 4677 βασιλικῆς
1040 4604 1334 4672 ζητοῦντας
1400 4597 1582 4654 αὐτόν.
1629 4595 1862 4670 Φαύστῳ
1921 4593 1971 4651 δὲ

2089 4603 2253 4671 cepto
2282 4615 2416 4655 eum
2448 4603 2793 4672 quaererent.
2826 4599 2893 4654 Et
2922 4603 3237 4672 postquam
3269 4614 3504 4654 omnem
3559 4612 3735 4652 suum

318 4690 552 4749 εἰσιόντι
607 4691 699 4746 τὸν
752 4687 887 4745 ἴδιον
938 4690 1107 4762 θυμὸν
1158 4688 1444 4765 ἐπέστρεφε
1484 4688 1525 4724 ²¹
1579 4687 1752 4764 φήσας
1807 4684 1971 4747 οὕτως

2091 4687 2347 4744 furorem
2378 4692 2579 4744 contra
2620 4688 2900 4744 Faustum
2959 4687 3293 4759 ingressum
3353 4686 3733 4751 converterat,

328 4780 465 4855 πρὸς
496 4781 668 4852 ἠμᾷς·
719 4776 865 4833 ἀλῶν
914 4777 1074 4833 αὐτὸν
1123 4776 1351 4842 ἐλθόντα
1392 4779 1797 4850 συμμετασχεῖν
1859 4773 1987 4847 ὑμῖν

328 4870 616 4940 ποιήσατε’
652 4867 762 4943 ἐγὼ
821 4864 880 4923 δὲ
934 4866 1102 4943 μύρον
1156 4885 1209 4921 τι
1269 4864 1534 4936 σκευάσω,
1557 4860 1650 4918 ἵνα
1697 4860 1988 4934 δειπνήσας

332 4959 425 5013 καὶ
474 4952 764 5013 ἀναλαϐών
825 4977 873 5010 τι
932 4953 1069 5011 ἴδιον
1126 4954 1322 5031 χρίσας
1378 4952 1671 5028 πρόσωπον
1714 4953 1813 5021 τὴν
1848 4950 1985 5025 ἐμὴν

332 5053 493 5101 πᾶσιν
528 5042 673 5121 ἔχειν
704 5042 831 5118 δόξῃ
861 5046 906 5081 ²²
940 5046 1177 5122 μορφήν.
1209 5044 1388 5116 Ὑμεῖς
1440 5038 1499 5097 δὲ
1559 5041 1788 5118 βοτάνης
1843 5040 1989 5101 τινὸς

332 5134 476 5205 ὕλης
508 5131 1037 5210 προεναλειψάμενοι
1098 5132 1188 5188 ὑπ’
1224 5129 1363 5205 ἐμοῦ
1425 5129 1525 5185 οὐκ
1578 5129 1991 5199 ἀπατηθήσεσθε

335 5224 443 5280 ὑπό
471 5230 570 5293 τῆς
616 5222 771 5291 τένης
803 5224 875 5259 ²²”
928 5221 1092 5277 αὐτοῦ
1154 5227 1390 5298 μορφῆς,
1422 5216 1569 5289 πλὴν
1623 5222 1741 5281 τοῖς
1795 5214 1990 5281 ἄλλοις

331 5318 494 5368 πᾶσιν
526 5311 557 5367 6
582 5317 830 5375 Φαῦστος
862 5308 1002 5385 δόξει
1035 5310 1167 5367 εἶναι
1200 5310 1415 5384 Σίμων.

2094 4777 2176 4832 ita
2204 4777 2275 4833 ad
2307 4794 2413 4833 nos
2444 4775 2675 4832 locutus
2698 4780 2786 4832 est
2812 4791 2828 4831 :
2861 4775 3054 4844 Illum,
3088 4776 3188 4847 qui
3218 4775 3472 4842 advenit,
3522 4789 3737 4829 mensa

2095 4870 2424 4923 consortem
2463 4865 2762 4921 vobiscum
2797 4864 3043 4932 faciatis,
3072 4866 3177 4936 ego
3205 4879 3338 4920 vero
3371 4866 3739 4934 unguentum

2095 4955 2389 5026 quoddam
2424 4970 2915 5026 componam,quo
2947 4970 3114 5008 suam
3150 4953 3336 5024 ipsius
3370 4952 3575 5008 faciem
3608 4953 3739 5022 post

2095 5059 2319 5099 canam
2352 5046 2670 5114 perunctus
2703 5042 2979 5097 omnibus
3005 5058 3199 5097 meum
3234 5041 3461 5096 vultum
3494 5040 3743 5095 circum-

2096 5133 2245 5188 ferre
2258 5130 2660 5186 videatur.Vos
2676 5135 2871 5186 autem
2887 5129 3077 5185 herba
3092 5130 3397 5201 cujusdam
3418 5144 3591 5185 succo
3605 5144 3638 5183 a
3652 5142 3743 5183 me

2097 5221 2262 5294 prius
2276 5218 2540 5293 peruncti
2564 5236 2677 5275 non
2699 5218 2980 5275 fallemini
2996 5219 3067 5273 de
3081 5223 3437 5274 commutato
3452 5217 3611 5272 illius
3626 5215 3748 5272 vul-

2095 5314 2249 5381 tu;at
2260 5307 2480 5366 cateris
2492 5307 2767 5365 omnibus
2792 5308 3044 5366 Faustus
3067 5324 3195 5365 esse
3216 5308 3506 5365 videbitur
3524 5306 3745 5363 Simon.

1701 5440 1944 5499 VARL‘E
1983 5442 2281 5501 LEGTION
2286 5443 2386 5498 ES.

407 5554 471 5592 ⁸⁷⁸
504 5546 793 5626 Δννοϐίων,
814 5553 942 5626 (sic)
972 5552 1037 5626 Ο.
1116 5547 1457 5626 ίῖπάλαιλο.
1479 5620 1492 5626 _
1539 5543 1788 5626 “fféptov
1817 5548 1912 5626 O._
1960 5550 1971 5584 ²

2085 5547 2296 5626 rxonqu
2332 5548 2398 5605 Ο.
2432 5616 2447 5626 _
2481 5546 2527 5585 ²ι
2563 5542 2849 5626 ἐπέστρεφε
2896 5547 3096 5626 addidi
3128 5564 3198 5605 ex
3227 5549 3582 5626 conjectura.
3628 5544 3749 5626 _Cfr_.

334 5625 469 5683 Ruf.
498 5643 557 5694 x,
587 5626 679 5681 58.
755 5616 970 5694 ’θ’δόξὲι
1001 5625 1062 5681 Ο.
1142 5625 1215 5661 ³³·
1245 5623 1339 5697 Sic
1370 5616 1690 5697 barbarica
1705 5620 1765 5676 in
1797 5620 1970 5681 archo

2085 5639 2129 5680 ο.
2163 5622 2225 5681 Si
2246 5616 2400 5692 ξένης
2431 5616 2667 5692 legeris,
2723 5616 2844 5676 una
2894 5617 3088 5678 littera
3144 5616 3389 5692 mutata,
3445 5616 3646 5676 sensui
3692 5619 3753 5692 et

332 5692 743 5771 grammatica
772 5692 918 5754 forte
946 5702 1054 5755 erit
1086 5696 1445 5755 consultum.
1475 5692 1580 5752 En.
1611 5695 1788 5750 Pura.
