4148 6342
496 367 613 426 463

1298 370 1364 427 8.
1411 366 1855 427 CLEMENTIS
1902 366 1927 427 Ι
1974 366 2165 427 ROM.
2212 368 2443 428 PONT.
2491 367 2753 429 OPERA
2795 369 3060 432 DUBIA.

3790 373 3904 431 464

566 496 737 554 XVII.
772 497 907 561 Quae
938 514 1072 554 cum
1103 497 1200 554 ille
1232 498 1596 570 praedixisset
1628 516 1640 553 :
1675 499 2003 568 Quodnam,
2046 498 2118 555 in-

2320 500 2488 556 XVII.
2518 499 2758 554 Ἐκείνου
2790 496 2847 554 δὲ
2892 503 3060 555 ταῦτα
3112 496 3481 575 προλέγοντος
3524 496 3681 578 ἔφην·
3713 500 3776 556 Τί
3818 506 3899 556 νῦν

496 604 694 659 quam,
721 587 825 642 tibi
855 587 1079 642 lucrum
1124 588 1313 642 veniet
1352 604 1420 642 ex
1483 588 1887 657 hujuscemodi
1923 587 2142 643 machi—

496 677 731 732 natione
757 676 784 729 ?
815 682 893 731 Ac
910 677 1110 731 Simon
1131 676 1463 748 respondit:
1491 678 1750 732 Primum
1776 677 2141 748 quidem,illo

494 771 683 837 capto,
716 766 814 835 qui
848 781 940 820 me
972 770 1258 837 quazrunt,
1295 765 1742 837 investigatione
1799 771 2003 821 contra
2052 781 2143 821 me

491 853 638 909 inita
668 854 964 910 desistant.
1000 854 1059 909 Si
1091 870 1225 910 vero
1257 854 1435 909 etiam
1472 871 1651 909 manu
1675 854 1834 926 regia
1876 854 2142 909 sublatus

493 942 689 1012 fuerit,
713 959 1065 1015 magnopere
1093 942 1379 1014 lugebunt
1408 942 1514 997 ﬁlii
1547 943 1697 1014 ejus,
1739 942 1840 1015 qui
1872 958 1963 998 me
1987 944 2144 998 dere-

489 1029 627 1086 licto
654 1031 723 1086 ad
750 1035 985 1087 Petrum
1019 1047 1145 1087 sese
1171 1030 1739 1102 contulerunt,eique
1761 1030 2139 1086 eollaborant.

489 1118 621 1175 Jam
652 1119 808 1175 enim
838 1119 1369 1190 tibi,Petre,verum
1405 1119 1919 1185 conﬁteor,timore
1950 1120 2139 1175 Simo-

498 1208 589 1264 nis
622 1225 713 1263 me
732 1225 858 1263 esse
874 1208 1571 1279 impeditum,quominus
1593 1209 1802 1263 Fausto
1824 1208 1941 1262 haec
1963 1208 2141 1280 signi-

495 1297 969 1353 ﬁcarem.Verum
1002 1298 1294 1352 enimvero
1325 1313 1396 1351 ne
1426 1300 1660 1367 tempus
1690 1296 1921 1366 quidem
1939 1297 2137 1352 Simon

493 1386 661 1441 nobis
692 1386 852 1441 dedit
884 1386 1167 1440 secretius
1198 1384 1742 1456 colloquendi;alias
1772 1402 2014 1456 pravum
2048 1386 2137 1441 Si-

490 1475 681 1529 monis
709 1474 1019 1530 consilium
1077 1474 1128 1528 ei
1187 1473 1611 1544 patefecissem.
1682 1475 1906 1528 Interea
1946 1474 2138 1529 media

489 1566 656 1617 nocte
687 1580 1004 1635 exsurgens
1036 1563 1236 1618 Simon
1274 1563 1535 1617 Judaaam
1601 1563 1737 1634 fuga
1780 1562 1945 1633 petiit
2001 1580 2134 1618 cum

487 1652 800 1707 comitibus
830 1651 1092 1723 Appione
1122 1657 1178 1707 et
1204 1652 1603 1707 Athenodoro.
1638 1654 1797 1707 Tunc
1821 1666 1925 1723 ego
1980 1651 2133 1707 vale-

485 1740 709 1796 tudinis
740 1740 1112 1797 incommoda
1150 1740 1312 1809 ﬁnxi,
1347 1744 1411 1795 ut
1440 1740 1599 1795 domi
1651 1756 1959 1795 remanens
2004 1744 2136 1812 post

485 1827 717 1884 illorum
750 1830 1165 1902 profectionem
1198 1828 1461 1884 celeriter
1485 1846 1619 1884 eum
1652 1829 1721 1885 ad
1765 1845 1903 1884 suos
1934 1829 2132 1883 remit-

483 1921 686 1982 terem,
716 1919 763 1975 si
799 1919 946 1974 forte
978 1919 1131 1991 apud
1166 1935 1268 1974 vos
1300 1918 1497 1990 aliquo
1531 1919 1701 1973 modo
1723 1922 1917 1989 posset
1947 1916 2136 1973 occul-

482 2008 615 2078 tari,
642 2025 712 2063 ne
743 2025 776 2063 a
798 2008 1054 2063 Simonis
1084 2006 1600 2080 investigatoribus
1622 2012 1827 2078 captus
1848 2008 1975 2078 ejus
2006 2006 2132 2062 loco

484 2098 642 2169 regio
674 2098 804 2153 odio
828 2097 1058 2169 periret.
1092 2097 1292 2168 Itaque
1319 2101 1485 2152 nocte
1510 2095 1861 2168 intempesta
1890 2113 2023 2151 eum
2057 2096 2128 2151 ad

481 2185 1189 2257 vos.misi,sollicitusque
1218 2190 1391 2241 noctu
1433 2185 1685 2255 perveni,
1718 2189 1783 2239 ut
1811 2201 1943 2239 eum
1971 2184 2126 2240 vide-

481 2292 603 2331 rem
634 2292 700 2331 ac
728 2275 985 2331 velocius
1016 2274 1638 2346 redirem,priusquam
1662 2273 2125 2345 supervenirent,

480 2364 579 2436 qui
612 2364 905 2420 Simonem
930 2363 1188 2419 comitati
1223 2368 1379 2419 sunt.
1413 2367 1482 2418 Et
1512 2379 1824 2418 conversus
1855 2363 1923 2417 ad
1978 2378 2120 2417 nos:

479 2454 599 2524 Ego
630 2454 966 2521 Annubion,
997 2453 1208 2524 inquit,
1235 2452 1414 2525 patris
1465 2452 1640 2507 vestri
1696 2469 1896 2507 verum
1954 2451 2121 2507 video

473 2541 951 2614 vultum,quippe
982 2542 1079 2613 qui
1112 2559 1146 2597 a
1175 2541 1411 2596 Simone
1434 2544 1749 2612 perunctus
1770 2540 2117 2607 fuerim,sic-

478 2630 559 2686 uti
593 2636 759 2687 antea
788 2632 1074 2701 enarravi,
1108 2636 1172 2686 ut
1200 2648 1334 2686 vera
1363 2630 1559 2685 Fausti
1592 2629 1770 2684 facies
1801 2629 1947 2684 meis
1977 2646 2113 2684 ocu-

474 2718 547 2775 lis
569 2720 1064 2793 appareret.Unde
1095 2724 1298 2791 stupeo
1330 2724 1506 2791 atque
1553 2717 1809 2774 admiror
1861 2718 2114 2774 Simonis

473 2809 751 2881 magiam,
778 2810 931 2880 quod
963 2825 1065 2863 vos
1095 2807 1543 2863 circumstantes
1573 2812 1796 2879 patrem
1853 2811 2111 2862 vestrum

472 2914 588 2952 non
619 2896 1265 2970 agnoscitis.Flentibus
1299 2900 1492 2952 autem
1526 2900 1687 2967 patre
1716 2901 1772 2951 et
1803 2900 1988 2949 matre
2017 2912 2116 2950 no-

471 2984 681 3056 bisque
711 2984 856 3057 ipsis
885 2986 956 3040 de
987 2984 1284 3041 communi
1323 2983 1675 3048 calamitate,
1736 2983 2111 3039 commisera-

470 3073 628 3130 tione
659 3078 987 3131 commotus
1018 3074 1192 3130 ﬂebat
1223 3077 1279 3130 et
1305 3073 1638 3128 Annubion.

538 3344 736 3400 XVIII.
769 3344 920 3399 Tum
951 3342 1157 3397 Petrus
1187 3339 1336 3412 patri
1370 3338 1589 3395 vultum
1613 3355 1675 3394 se
1704 3338 2113 3395 restituturum

467 3432 637 3489 nobis
667 3431 938 3504 promisit
966 3431 1037 3486 ad
1062 3446 1196 3486 eum
1229 3430 1429 3484 dicens
1463 3446 1476 3484 :
1519 3427 1833 3498 Audivisti,
1878 3428 2111 3499 Fauste,

467 3538 593 3593 quaa
626 3521 697 3576 ad
725 3538 831 3576 nos
860 3523 1140 3591 spectant.
1167 3517 1225 3574 Si
1260 3518 1392 3573 ﬁcta
1440 3518 1498 3572 in
1559 3520 1613 3571 te
1667 3516 1861 3572 vultus
1917 3517 2109 3589 imago

464 3608 625 3665 utilis
656 3610 825 3664 nobis
849 3610 949 3663 ﬁat
978 3612 1037 3663 et
1066 3612 1127 3662 tu
1157 3624 1262 3662 nos
1295 3606 1586 3676 adjuveris
1608 3607 1680 3661 ad
1713 3623 1933 3677 ea,quaa
1952 3622 2110 3661 man-

462 3700 633 3767 dabo,
675 3702 814 3753 tunc
846 3696 1142 3770 propriam
1167 3695 1271 3750 tibi
1303 3695 1610 3750 restituam
1633 3694 1917 3761 faciem,si
1942 3693 2105 3766 prius

462 3786 666 3843 feceris
697 3803 822 3858 qua:
852 3784 953 3839 tibi
978 3785 1238 3855 jussero.
1296 3784 1374 3838 Ac
1422 3782 1573 3853 patri
1623 3780 1880 3837 dicenti:
1934 3784 2103 3847 Quaa-

461 3892 691 3947 cunque
720 3889 985 3947 possum,
1016 3871 1287 3927 lubenter
1317 3868 1635 3942 perﬁciam,
1670 3870 1719 3925 si
1752 3869 1924 3924 modo
1956 3870 2102 3927 meis

460 3964 712 4035 efﬁgiem
737 3978 927 4018 meam
960 3960 1400 4027 reddas,Petrus
1429 3958 1766 4029 respondit:
1803 3958 1929 4029 Ipse
1952 3959 2102 4014 auri-

459 4052 569 4107 bus
605 4051 719 4107 tuis
749 4050 963 4106 audisti
994 4066 1063 4105 ex
1092 4047 1292 4119 iis,qui
1325 4065 1356 4102 a
1379 4064 1468 4102 me
1498 4046 1784 4117 praemissi
1819 4048 2102 4104 Antioche

459 4141 777 4209 redierunt,
804 4138 1094 4210 quomodo
1128 4138 1327 4192 Simon
1362 4135 1477 4190 illic
1508 4140 1774 4191 versatus
1828 4136 2099 4192 multitu-

458 4228 653 4283 dinem
685 4228 1057 4283 vehementer
1076 4230 1279 4282 contra
1310 4241 1401 4279 me
1423 4225 1707 4293 excitarit,
1731 4242 2011 4297 magnum
2043 4230 2099 4281 et

457 4316 608 4372 caede
639 4315 1328 4387 pollutum,deceptorcm
1361 4318 1416 4367 et
1468 4312 1945 4384 prastigiatorem
2005 4331 2096 4371 me

455 4421 821 4475 nuncupans,
855 4404 935 4459 ita
964 4408 1029 4458 ut
1058 4402 1429 4458 vehementer
1478 4401 1715 4472 cupiant
1743 4401 1860 4456 illic
1892 4419 2095 4459 omnes

449 4493 538 4551 vel
569 4494 844 4549 carnibus
877 4492 1018 4548 meis
1049 4490 1339 4547 vesci.Fac
1364 4507 1499 4562 ergo
1547 4506 1673 4561 qua:
1723 4490 1831 4546 tibi
1891 4492 2092 4562 praeci-

2253 606 2337 640 σοι
2398 586 2458 643 ἐκ
2503 595 2604 656 τῆς
2651 587 2908 659 τοιαύτης
2964 595 3217 664 μηχανῆς
3283 587 3394 643 ἐστι
3440 585 3668 664 κέρδος;
3726 589 3830 645 Καὶ
3874 591 3898 644 ὁ

2253 674 2441 747 Σίμων
2490 673 2612 754 ἔφη·
2650 681 2871 751 Πρῶτον
2928 677 3020 750 μὲν
3076 671 3441 738 συλλαϐόντες
3489 676 3647 732 αὐτὸν
3706 678 3759 732 οἱ
3811 678 3902 749 ἐμὲ

2254 768 2535 833 ζητοῦντες
2587 764 2877 821 παύσονται
2929 772 3025 835 τῆς
3070 767 3185 821 κατ’
3216 765 3351 838 ἐμοῦ
3402 769 3702 837 ζητήσεως.
3737 767 3803 821 EI
3846 765 3899 823 δὲ

2250 852 2337 907 καὶ
2374 853 2478 907 ὑπὸ
2532 852 2823 929 βασιλικῆς
2874 854 3063 930 χειρὸς
3112 854 3438 930 ἀναιρελιιεῖη,
3478 856 3731 930 μέγιστον
3773 855 3901 911 πέν-

2251 951 2345 1004 θος
2398 939 2603 1015 ἕξουσιν
2662 943 2715 997 οἱ
2760 942 2956 998 τούτου
2996 940 3206 1014 παῖδες,
3251 941 3304 997 οτί
3348 964 3489 1005 τινες
3533 942 3632 1017 ἐμὲ
3679 943 3899 1000 καταλι-

2249 1028 2463 1099 πόντες,
2503 1029 2930 1109 προσφυγόντ[ες
2975 1036 3055 1103 τῷ
3113 1033 3323 1107 Πέτρῳ]
3371 1037 3743 1108 συνεργοῦσιν.
3794 1031 3893 1091 Νῦν

2248 1119 2351 1194 γάρ
2382 1140 2487 1191 σοι,
2503 1121 2547 1173 ὦ
2573 1120 2756 1195 Πέτρε,
2774 1118 3039 1195 ὁμολογῶ
3057 1120 3123 1176 τὰ
3146 1120 3350 1193 ἀληθῆ,
3367 1119 3448 1176 ὅτι
3474 1117 3797 1200 ἐφοϐούμην
3810 1122 3899 1179 τὸν

2249 1207 2515 1280 [Σίμωνα,
2545 1213 2624 1280 τῷ
2670 1213 2817 1266 All
2874 1210 3129 1289 Φαύ[στφ
3175 1214 3336 1265 τοῦτο
3389 1209 3607 1283 μηνύειν
3657 1214 3723 1280 ³³,
3774 1212 3897 1269 ἀλλ’

2248 1293 2372 1350 οὐδὲ
2399 1297 2585 1369 καιρὸν
2630 1299 2765 1369 ἡμῖν
2814 1298 2842 1352 ὁ
2894 1298 3078 1370 Σίμων
3122 1295 3301 1353 ἐδίδου
3352 1299 3487 1375 πρὸς
3536 1300 3599 1354 τὸ
3657 1296 3897 1368 ἱδιάζεινο

2248 1384 2315 1457 [εἷ
2350 1386 2450 1458 μὴ]
2484 1388 2529 1422 ³⁸
2559 1385 2704 1457 αὐτῷ
2732 1388 2830 1455 τὴν
2866 1386 2924 1442 ἐκ
2950 1391 3046 1441 τοῦ
3079 1387 3330 1460 Σίμωνος
3376 1389 3546 1457 κακὴν
3607 1387 3666 1443 ἂν
3726 1386 3898 1466 ἔφηνα

2250 1473 2647 1549 βουλήν.ΠΛήν
2682 1474 2731 1529 ἐν
2770 1474 2903 1549 μέσῃ
2926 1498 2985 1552 γε
3010 1476 3161 1531 νυκτὶ
3193 1476 3421 1539 ἀναστὰς
3453 1478 3480 1531 6
3514 1477 3699 1550 Σίμων
3732 1479 3833 1546 τήν
3850 1480 3896 1515 ³⁵

2246 1560 2332 1615 ἐπὶ
2375 1559 2632 1617 Ἰουδαίαν
2675 1563 2909 1618 ἐποιεῖτο
2942 1565 3137 1640 φυγὴν,
3169 1564 3634 1639 προπεμπόμενος
3685 1566 3788 1620 ὑπό
3837 1588 3895 1622 τε

2245 1650 2550 1713 Ἀππίωνος
2600 1653 2689 1706 καὶ
2742 1650 3149 1729 ’Δθηνοδώρου.
3197 1652 3327 1708 Τότε
3396 1653 3504 1728 ἐγὼ
3555 1654 3893 1725 δυσαρέστως

2243 1734 2387 1815 ἔχειν
2432 1740 2495 1794 τὸ
2553 1745 2710 1813 σῶμα
2755 1742 3149 1815 ὑπεκρινάμην,
3199 1740 3349 1805 ὅπως
3400 1743 3585 1815 μείνας
3648 1744 3781 1816 μετᾶ
3826 1744 3890 1799 τὸ

2243 1827 2477 1891 ἐκείνους
2508 1832 2833 1905 πορευθῆναι
2866 1830 3016 1892 εὐθὺς
3046 1830 3202 1886 αὐτὸν
3236 1831 3323 1886 ἐπὶ
3368 1832 3436 1886 τὰ
3487 1833 3677 1887 ἑαυτοῦ
3724 1833 3891 1888 ἐπαν-

2242 1914 2418 1979 ελθεῖν
2468 1919 2710 1989 ποιήσω,
2760 1915 2814 1972 εἷ’
2848 1939 2953 1973 που
3011 1916 3223 1974 δύναιτο
3288 1922 3417 1995 παρ’
3461 1920 3586 1993 ὑμῖν
3649 1921 3887 1997 κρυπτό-

2245 2026 2403 2077 μενος
2438 2005 2713 2061 λανθάνειν
2750 2008 2950 2080 μήπως
2983 2008 3084 2062 ὑπὸ
3112 2012 3217 2062 τῶν
3271 2007 3528 2081 Σίμωνος
3580 2009 3888 2079 ζητούντων

2239 2093 2313 2147 ὡς
2374 2092 2561 2166 Σίμων
2623 2093 2847 2173 ληφθεὶς
2912 2096 3013 2150 ὑπὸ
3074 2095 3363 2171 βασιλικῆς
3413 2097 3578 2174 ὀργῆς
3625 2099 3883 2174 ἀποθάνῃ.

2238 2179 2466 2253 Ἀωρίας
2498 2178 2593 2235 οὖν
2621 2180 2778 2235 αὐτὸν
2812 2180 3157 2252 ἐξαπέστειλα
3194 2184 3329 2259 πρὸς
3382 2184 3543 2257 ὑμᾶς,
3574 2184 3663 2240 καὶ
3721 2186 3887 2258 κηδό-

2238 2288 2396 2339 μενος
2425 2268 2589 2323 αὐτοῦ
2617 2269 2807 2344 νύχιος
2836 2268 3006 2340 ἦλθον
3042 2270 3311 2345 ὀψόμενός
3340 2294 3400 2328 τε
3444 2272 3601 2328 αὐτὸν
3652 2274 3740 2329 καὶ
3790 2278 3886 2331 τά·

2232 2376 2355 2431 χιον
2390 2355 2843 2431 ἀπελευσόμενος,
2874 2359 3001 2435 πρὶν
3029 2359 3157 2422 τοὺς
3189 2360 3502 2436 πέμψαντας
3532 2364 3643 2436 [τὸν
3688 2364 3884 2437 Σίμω-

2228 2448 2310 2518 να]
2345 2445 2649 2511 ἐπανελθεῖν
2684 2450 2748 2505 2⁸.
2807 2447 2905 2502 Καὶ
2963 2445 3312 2525 προσϐλέψας
3372 2452 3506 2524 ἡμῖν
3568 2451 3691 2529 ἔφη·
3736 2454 3877 2529 Ἐγὼ

2228 2529 2558 2589 Ἀννουϐίων
2588 2536 2687 2605 τὴν
2718 2541 2815 2591 τοῦ
2846 2537 3047 2613 πατρὸς
3082 2538 3232 2611 ὑμῶν
3264 2538 3441 2609 ἀληθῆ
3481 2542 3693 2617 μορφὴν
3757 2542 3871 2615 ὁρῶ

2227 2621 2643 2697 ἐναλειψάμενος
2694 2625 2782 2679 ὑπ’
2830 2625 2993 2681 αὐτοῦ
3037 2632 3134 2681 τοῦ
3186 2628 3460 2700 Σίμωνος,
3512 2629 3585 2691 ὡς
3641 2628 3869 2705 προεδι-

2223 2712 2510 2787 ηγησάμην
2544 2712 2705 2784 ²⁷,’ίνα
2732 2720 2851 2775 τοῖς
2882 2713 3037 2787 ἐμοῖς
3071 2714 3377 2793 ὀφθαΛμοῖς
3409 2719 3443 2787 ἡ
3476 2716 3691 2787 ἀληθὴς
3724 2719 3871 2773 Φαύ-

2224 2821 2350 2855 στου
2410 2800 2663 2879 ιραίνηται
2726 2804 2930 2879 μορφή.
2966 2804 3448 2880 Ἐκπεπληγμένος
3507 2803 3598 2860 οὖν
3657 2805 3868 2886 σφόδρα

2223 2889 2481 2962 θαυμάζω
2509 2892 2607 2959 τὴν
2644 2890 2891 2963 Σίμωνος
2927 2890 3169 2966 μαγείαν,
3204 2892 3285 2947 δτι
3321 2892 3546 2957 ἐστῶτες
3595 2896 3685 2950 τὸν
3734 2896 3867 2969 ὑμέ-

2218 2998 2371 3053 τερον
2423 2979 2484 3033 οὐ
2529 2980 2817 3055 γνωρίζετε
2861 2983 2905 3017 ²⁸
2952 2982 3175 3056 πατὲρα.
3228 2982 3539 3038 Κλαιόντων
3572 2981 3628 3039 δὲ
3672 2990 3769 3039 τοῦ
3808 3005 3869 3041 τε

2220 3069 2422 3143 πατρὸς
2453 3068 2543 3122 καὶ
2570 3076 2671 3138 τῆς
2709 3069 2918 3145 μητρὸς
2948 3067 3037 3124 καί
3066 3072 3227 3144 ἡμῶν
3280 3071 3453 3128 αὐτῶν
3500 3074 3588 3128 ἐπὶ
3633 3077 3701 3148 τῇ
3750 3095 3871 3129 κοι-

2219 3159 2287 3230 νῇ
2334 3156 2549 3211 πάντων
2598 3159 2755 3229 ἡμῶν
2796 3163 3067 3236 συμφορᾷ,
3121 3163 3476 3233 συμπαθήσας
3532 3164 3621 3217 καὶ
3666 3163 3693 3217 ὁ
3748 3164 3871 3220 Ἀν-

2142 3236 2185 3303 C
2221 3241 2453 3300 νουϐίων
2486 3243 2789 3323 ἐδάκρυσεν.

2293 3334 2633 3391 ΧΧ⁷ΙΙΙ.Τότε
2660 3335 2747 3391 καὶ
2782 3337 2809 3391 6
2833 3337 3035 3409 Πέτρος
3063 3341 3161 3407 τῆς
3183 3343 3279 3393 τοῦ
3301 3341 3505 3415 πατρὸς
3533 3349 3750 3421 μορφῆς
3767 3343 3869 3412 τήν

2222 3422 2647 3478 ἀποκατάστασιν
2709 3429 2863 3484 412
2919 3428 3055 3498 ἡμῖν
3113 3426 3479 3503 ἐπηγγείλατο
3514 3430 3680 3485 εἰπὼν
3728 3433 3871 3507 πρὸς

2219 3511 2395 3567 αὐτόν’
2456 3514 2741 3584 Ἤκουσας,
2791 3516 2837 3568 ὦ
2889 3519 3119 3585 Φαῦστε,
3160 3517 3227 3571 τὰ
3295 3519 3413 3581 καθ’
3478 3521 3648 3591 ἡμᾶς.
3701 3522 3867 3575 Ὅταν

2218 3598 2307 3655 οῦν
2340 3603 2475 3673 ἡμῖν
2506 3603 2787 3677 χρήσιμος
2818 3605 2851 3672 ἡ
2885 3603 3233 3677 περικειμένη
3294 3626 3376 3660 σοι
3416 3606 3622 3670 πλάνος
3676 3611 3864 3686 μορφή

2214 3691 2434 3766 γένηται
2467 3689 2557 3745 καὶ
2594 3691 2941 3766 ὑπουργήσῃς
2973 3694 3133 3766 ἡμῖν,
3163 3694 3301 3770 πρὸς
3333 3694 3366 3748 ἃ
3395 3694 3711 3769 κελεύομεν,
3740 3699 3867 3754 τότε

2212 3779 2362 3855 κάγώ
2392 3800 2476 3833 σοι
2504 3780 2603 3848 τὴν
2636 3777 2901 3851 ἀληθινήν
2922 3802 3015 3835 σου
3043 3783 3257 3860 μορφὴν
3290 3781 3562 3839 ἀποδώσω
3593 3785 3860 3861 πρότερον

2211 3870 2495 3938 ποιήσαντι
2526 3867 2593 3923 τὰ
2620 3869 2746 3941 παρ’
2772 3867 2907 3943 ἐμοῦ
2939 3891 3022 3924 σοι
3056 3868 3347 3945 λεγόμενα.
3380 3877 3484 3927 Τοῦ
3544 3871 3600 3928 δὲ
3652 3876 3862 3951 πατρὸς

2212 3955 2478 4020 εἰπόντος’
2513 3962 2621 4013 Πᾶν
2655 3956 2686 4012 6'
2736 3979 2788 4013 τι
2838 3956 2898 4012 ἄν
2952 3980 3045 4031 μοι
3093 3957 3317 4015 δυνατὸν
3443 3962 3862 4038 προθυμότατον

2208 4048 2445 4116 ποιήσω,
2483 4045 2643 4117 μόνον
2675 4047 2773 4115 τῆν
2803 4045 2939 4120 ἐμὴν
2967 4053 3080 4109 τοῖς
3120 4047 3274 4121 ἐμοῖς
3316 4047 3515 4113 ἀπόδος
3552 4067 3793 4128 μορφηψ
3830 4055 3859 4107 6

2208 4133 2409 4207 Πέτρος
2459 4134 2798 4209 ἀπεκρίνατο·
2854 4135 3014 4198 αὐτὸς
3073 4134 3232 4200 ἰδίοις
3291 4137 3420 4193 ὠσὶν
3454 4140 3691 4210 ἀκήκοας
3746 4147 3858 4196 τῶν

2205 4220 2453 4295 προόδων
2492 4244 2596 4295 μου
2624 4224 2727 4277 ἀπὸ
2760 4224 3097 4301 Ἀντιοχείας
3144 4225 3495 4295 ἐληλυθότων
3526 4230 3630 4284 -καὶ
3683 4229 3863 4284 εἰπόν-

2203 4332 2333 4383 των,
2367 4312 2439 4372 ὡς
2470 4310 2579 4365 ἐκεῖ
2608 4311 2848 4385 γεγονὼς
2881 4313 2909 4367 6
2942 4312 3128 4385 Σίμων
3164 4314 3407 4391 ἰσχυρῶς
3462 4316 3590 4380 τοὺς
3647 4314 3861 4393 ὄχλους

2203 4401 2318 4455 κατ’
2349 4398 2486 4473 ἐμοῦ
2516 4401 2816 4475 παρώξυνε,
2853 4400 3021 4478 μάγον
3053 4403 3142 4457 καὶ
3195 4404 3504 4482 μιαιφόνον,
3553 4404 3758 4461 πλάνον
3799 4429 3861 4463 τε

2201 4488 2290 4542 καὶ
2320 4488 2495 4563 γόητα
2526 4487 2815 4544 ἀποκαλῶν
2849 4489 2938 4544 ἐπὶ
2967 4495 3244 4564 τοσοῦτον,
3278 4492 3351 4554 ὡς
3384 4491 3674 4569 γλίχεσθαι
3727 4495 3855 4550 πάν-

448 4583 627 4656 piam,
662 4587 738 4654 et,
772 4581 1065 4639 Clemente
1102 4579 1256 4653 apud
1306 4595 1400 4633 me
1452 4577 1669 4644 relicto,
1727 4595 1859 4634 cum
1919 4596 2094 4636 uxore

2229 4598 2295 4639 ἀς
2325 4576 2451 4639 τοὺς
2485 4576 2595 4632 ἐκεῖ
2623 4582 2729 4632 τῶν
2764 4575 2910 4650 ἐμῶν
2963 4578 3359 4654 ἀπογεύσασθαι
3416 4587 3647 4656 σαρκῶν.
3684 4587 3857 4655 Ποιή-

444 4677 547 4729 tua
576 4676 631 4730 et
650 4671 927 4728 Faustino
958 4687 1024 4726 ac
1057 4667 1452 4733 Faustiniano,
1488 4666 1623 4723 ﬁliis
1655 4666 1794 4738 tuis,
1818 4668 1930 4722 duc
1987 4686 2093 4725 nos

2229 4687 2315 4727 ἐις
2362 4664 2475 4738 οὖν,
2523 4667 2596 4728 ὡς
2646 4666 2755 4742 ἐγὼ
2807 4664 2970 4744 λέγω,
3021 4666 3334 4724 καταλιπὼν
3387 4669 3677 4745 Κλήμεντα
3723 4676 3856 4748 παρ’

441 4760 832 4816 Antiochiam.
867 4760 1053 4815 Erunt
1075 4764 1269 4813 autem
1315 4760 1507 4812 tecum
1567 4760 1624 4811 et
1671 4755 1767 4811 alii
1827 4757 2088 4828 quidam,

441 4865 588 4921 quos
617 4848 689 4904 ad
722 4848 1118 4919 adjuvandum
1143 4862 1338 4902 meum
1367 4843 1678 4902 consilium
1708 4844 1949 4901 idoneos
1971 4862 2090 4901 cre-

439 4937 665 4994 didero.

506 5112 655 5167 XIX.
681 5112 921 5176 Quando
943 5114 1122 5187 igitur
1150 5109 1327 5169 simul
1360 5126 1491 5166 cum
1521 5109 1595 5167 iis
1625 5110 1943 5166 Antiochiae
1968 5128 2084 5168 ver-

433 5199 585 5257 saris
613 5206 670 5257 et
700 5202 895 5257 Simon
929 5202 1166 5272 quidem
1196 5215 1324 5257 esse
1354 5195 1799 5268 videris,palam
1831 5199 2082 5269 prmdica

2200 4753 2323 4828 ἐμοὶ
2353 4755 2440 4809 καὶ
2490 4756 2819 4831 προαγαγὼν
2857 4758 3005 4830 ἡμᾶς
3060 4757 3134 4820 εἷς
3169 4758 3505 4835 Ἀντιόχειαν
3562 4762 3695 4834 μετὰ
3748 4765 3852 4833 τῆς

2196 4839 2431 4916 συμϐίου
2464 4864 2583 4913 σου,
2615 4841 2692 4899 ἔτι
2725 4842 2783 4899 δὲ
2813 4846 3115 4901 Φαυπίνου
3155 4846 3246 4902 καὶ
3297 4853 3689 4905 Φαυστινιανοῦ
3738 4856 3849 4907 τῶν

2196 4932 2326 4986 υἱῶν
2357 4952 2472 4986 σουη
2504 4931 2821 4987 Συνὲσονται
2856 4930 2913 4988 δέ
2944 4955 3030 4989 σοι
3059 4934 3148 4990 καὶ
3198 4935 3361 4991 ἄλλοι
3408 4939 3574 5006 τινὲς,
3603 4938 3697 5002 οὓς
3741 4939 3851 5017 ἐγὼ

2191 5021 2361 5096 κρίνω
2392 5017 2646 5082 δυνατοὺς
2682 5021 3023 5097 ὑπουργῆσαι
3052 5027 3130 5096 τῷ
3161 5022 3278 5097 ἐμῷ
3310 5024 3440 5093 θελή
3454 5048 3601 5101 ματι,

2262 5114 2401 5165 XIX.
2433 5109 2582 5163 Μετὰ
2638 5106 2846 5163 τούτων
2902 5109 2954 5165 ἐν
3001 5110 3072 5187 τῇ
3133 5114 3437 5191 Ἀντιοχείᾳ
3494 5116 3849 5193 [γενόμενος]⁹

2190 5196 2241 5253 ἐν
2276 5196 2389 5268 ὅσῳ
2421 5197 2496 5259 ὡς
2530 5194 2717 5269 Σίμων
2750 5197 2933 5274 φαίνῃ,
2964 5197 3205 5274 δημοσίᾳ
3249 5204 3481 5279 κήρυξον
3534 5206 3634 5275 τὴν
3685 5227 3853 5261 σεαυ-

433 5289 834 5361 paenitentiam
866 5294 1049 5359 tuam,
1084 5292 1253 5360 atque
1306 5287 1444 5342 dic:
1490 5286 1605 5357 Ego
1665 5285 1865 5342 Simon
1914 5286 2078 5343 vobis

2229 5290 2283 5341 οῦ
2330 5305 2464 5359 μετα
2511 5281 2757 5357 [μέλειαν
2800 5283 3014 5362 εῗπών·]
3061 5290 3203 5365 Ἐγὼ
3252 5290 3442 5367 Σίμων
3492 5297 3660 5351 ταῦτα
3713 5295 3846 5369 ὑμῖν

1790 5427 2031 5486 νΑΒΙιΕ
2070 5429 2368 5486 LECTION
2375 5428 2478 5484 ES.

498 5534 544 5570 ⁸³
575 5532 657 5588 ὅτι
690 5528 1002 5659 ἐῖοξούμην
1034 5535 1176 5602 τότε,
1207 5537 1285 5606 τῷ
1316 5530 1546 5603 Φαύστῳ
1571 5534 1732 5585 τοῦτο
1784 5532 2005 5603 μηνύειν
2064 5537 2193 5593 Ruf.
2274 5537 2322 5571 ³*
2378 5532 2607 5590 Codicis
2667 5533 2881 5590 lacuna
2937 5537 3155 5596 desinit
3199 5541 3259 5597 in
3311 5541 3422 5598 litt.
3485 5543 3628 5615 μῶν.
3687 5542 3845 5599 Tum

498 5602 591 5659 πίνη
625 5623 681 5659 ι).
753 5626 776 5659 ν
806 5601 976 5659 έιοηνα
1004 5609 1178 5659 idem.
1212 5607 1374 5659 Alius
1404 5604 1817 5659 coniectaverit
1848 5621 1861 5659 :
1897 5600 2050 5659 [ἴσως
2082 5605 2343 5659 συνόντων
2370 5606 2429 5659 ἡ]
2466 5608 2581 5659 μῶν
2614 5603 2762 5659 αὐτῶ
2816 5606 2917 5659 τήν
2968 5606 3027 5659 ἐκ
3079 5613 3177 5659 τοῦ
3226 5611 3480 5659 Σίμωνος
3538 5612 3711 5659 κακὴν
3771 5612 3835 5659 ἂν

425 5601 681 5693 bene

753 5600 976 5687 νέφήνρξ
1004 5600 1178 5687 idern,
1212 5600 1374 5687 Alius
1404 5600 1871 5687 conjec'tav’erit;
1897 5600 2050 5687 ρ’σως
2082 5605 2343 5687 συνόντων
2370 5606 2429 5676 ἡ]
2465 5603 2762 5687 μῶνμύτῷ
2816 5606 2917 5687 τὴν
2968 5606 3045 5687 ἐκ⁸
3079 5613 3177 5665 τοῦ
3219 5600 3497 5687 ξίμωνοξ
3538 5612 3711 5687 κακὴν
3771 5612 3835 5687 ᾃν

425 5672 589 5749 ἐῴάνη
625 5672 857 5753 βουλήνξ
897 5672 904 5675 ’
933 5678 977 5714 ³⁸
1003 5676 1094 5732 τόν
1128 5680 1190 5735 Ο.
1270 5678 1315 5714 ³⁸
1345 5672 1651 5732 ἐπανελθών
1684 5675 1748 5730 Ο.
1827 5672 1963 5730 ²⁷ὧν
1996 5672 2538 5753 προδιηγήσαμενρ,
2572 5674 2647 5737 ὡς
2674 5672 3166 5755 προεδιηγησάμην
3210 5684 3276 5743 Ο.
3298 5672 3309 5687 ’
3352 5685 3397 5723 ³⁸
3447 5672 3701 5763 γνωρίζιῖι)
3761 5684 3832 5743 Ο.
