4148 6342
318 454 437 512 465

1439 451 1976 514 CLMENTINA.
2008 483 2085 496 —
2122 450 2452 514 HOMILIA
2494 450 2625 511 XX.

3616 447 3735 509 466

318 582 578 658 κηρύσσω
609 580 901 657 ὁμολογῶν
944 584 1010 653 ²⁹,
1044 580 1244 644 ἀδίκως
1273 581 1509 656 καταψεύ
1546 589 1753 652 [σασθαι
1783 584 1851 637 τά
1877 586 1962 637 τοῐ

2089 584 2371 639 annuntio
2405 587 2577 655 atque
2607 583 2788 637 fateor
2818 597 2910 637 me
2929 582 3128 653 inique
3171 581 3243 636 de
3300 581 3466 637 Petro
3525 581 3731 636 monti-

320 673 549 746 Πετροψ
587 670 649 725 οῦ
682 671 809 745 γάρ]
842 670 950 725 ἐστι
979 668 1207 740 πλάνος,
1242 671 1302 727 ού
1365 672 1668 750 μιαιφόνος,
1703 671 1765 726 ού
1812 671 1975 745 γόης,

320 757 447 815 οὐδέ
479 758 578 814 ὅσα
608 760 739 813 ποτὲ
771 759 949 836 φαῦλα
998 758 1120 833 περῖ
1152 759 1316 814 αὐτοῦ
1375 758 1553 834 λέγων
1605 759 1824 838 ἔφθανον
1872 759 1976 814 ὑπὸ

322 852 501 921 θυμοῦ
551 846 932 920 ἐλαυνόμενος.
980 847 1182 920 Δέομαι
1232 849 1384 921 ὑμῶν
1439 849 1596 910 αὐτὸς
1644 849 1776 924 ἐγὼ,
1809 849 1836 903 6
1879 852 1976 903 τοῦ

321 939 459 1012 πρὸς
525 938 665 1010 ὑμᾶς
729 936 920 1008 μίσους
976 933 1151 999 αἷίτιος
1202 936 1348 1008 αὐτῷ
1392 939 1655 1012 γεγονὼς,
1704 937 1976 991 παύσασθε

329 1031 612 1100 μισοῦντες
651 1025 833 1081 αὐτόν·
861 1030 957 1080 τοῦ
987 1027 1088 1101 γάρ
1126 1025 1228 1080 ὑπὸ
1257 1030 1388 1080 Θεοῦ
1418 1025 1553 1099 πρὸς
1584 1024 1854 1100 σωτηρίαν
1886 1024 1950 1079 κό

323 1136 467 1187 σμου
512 1112 921 1186 ἀπεσταλμένου
969 1112 1207 1183 ἀληθοῦς
1258 1116 1544 1192 προφήτου
1576 1117 1729 1171 413
1762 1113 1975 1184 ἀληθής

324 1200 469 1257 ἐστιν
499 1201 821 1264 ἀπόστολος.
840 1203 933 1257 Διὸ
964 1202 1051 1257 καὶ
1087 1202 1243 1265 αὐτὸς
1268 1197 1810 1275 συμϐουλεύω,αύτῷ
1834 1202 1973 1275 ὑμᾶς

322 1290 603 1354 πείθεσθαι
632 1290 755 1364 περὶ
788 1292 861 1345 ὧν
891 1290 1167 1367 κηρύσσω,
1201 1289 1316 1345 ἐπεὶ
1346 1296 1489 1345 πᾶσα
1538 1291 1688 1363 ὑμῶν
1721 1294 1756 1360 ἡ
1810 1290 1972 1352 πόλις

321 1378 496 1455 ἄρδην
525 1379 833 1440 ἀπολεῖται.
869 1389 945 1437 Δι’
972 1384 1033 1453 ἣν
1067 1380 1124 1437 δὲ
1153 1381 1326 1437 αἰτίαν
1360 1382 1486 1456 ὑμῖν
1544 1385 1711 1436 ταῦτα
1750 1378 1974 1453 ὡμολό-

317 1491 485 1545 γησα,
519 1468 713 1525 εἰδέναι
749 1471 889 1545 ὑμᾶς
922 1469 1086 1535 θέλω,
1118 1470 1329 1538 Ταύτης
1376 1478 1475 1540 τῆς
1524 1470 1713 1531 νυκτὸς
1754 1465 1973 1545 ἄγγελοί

323 1579 392 1632 με
419 1563 517 1613 τοῦ
548 1559 705 1627 Θεοῦ,
736 1560 824 1614 τὸν
858 1554 1047 1629 ἀσεϐῆ,
1081 1559 1154 1621 ὡς
1184 1558 1378 1634 ἐχθρὸν
1410 1554 1539 1613 ὄντα
1565 1562 1645 1629 τῷ
1686 1564 1787 1626 τῆς
1832 1555 1973 1626 ἀλη-

318 1646 467 1709 θείας
526 1650 749 1724 κήρυκι,
810 1645 997 1709 δεινῶς
1057 1646 1399 1723 ἐμαστίγουν.
1465 1643 1772 1720 Παρακαλῶ
1856 1644 1970 1716 οῦν,

324 1732 458 1807 μηδ’
491 1736 549 1791 ἂν
583 1735 741 1797 αὐτὸς
772 1736 881 1811 ἐγὼ
922 1733 1123 1789 ἄλλοτε
1153 1735 1394 1790 ἐπελθὼν
1434 1734 1570 1790 κατά
1617 1735 1821 1808 Πέτρου
1861 1732 1973 1787 ἔπι-

318 1828 525 1898 χειρῶν
582 1821 749 1899 λέγω,
805 1832 881 1897 μὴ
941 1820 1272 1894 ἀποδέξησθὲ
1353 1844 1439 1897 με,
1498 1820 1969 1897 Έξομολογοῦμαι

2087 677 2211 728 tum
2245 688 2371 728 esse
2397 692 2411 736 ς
2448 689 2561 727 non
2586 671 2741 726 enim
2774 671 2871 726 ille
2899 676 2988 726 est
3018 671 3417 742 deceptor,aut
3438 671 3586 724 caade
3609 669 3732 743 pol-

2082 760 2265 828 lutus,
2299 765 2400 816 aut
2430 760 2943 833 prastigiator,aut
2965 776 3090 831 quae
3122 758 3238 813 alia
3269 763 3479 813 cuncta
3536 760 3607 813 de
3664 775 3730 815 eo

2087 850 2242 907 mala
2273 849 2487 922 protuli
2518 850 2711 904 furore
2741 848 3300 904 incitatus.0bsecro
3323 863 3428 919 ego
3460 864 3559 902 vos
3584 847 3729 918 ipse,

2086 941 2185 1012 qui
2217 940 2331 995 odii
2362 938 2535 993 vestri
2566 943 2767 993 contra
2806 954 2938 992 eum
2970 937 3177 991 noxius
3206 952 3339 991 sum
3380 940 3600 1007 auctor,
3666 940 3732 991 ut

2084 1028 2144 1083 id
2176 1029 2508 1099 deponatis:
2536 1026 2779 1081 namille
2808 1030 2896 1081 est
2919 1026 3037 1080 veri
3068 1028 3135 1081 ad
3170 1024 3418 1081 salutem
3452 1026 3655 1081 mundi
3697 1043 3731 1081 a

2085 1116 2199 1171 Deo
2227 1115 2391 1171 missi
2424 1114 2715 1187 prophetas
2747 1130 2916 1168 verus
2947 1112 3267 1185 apostolus.
3287 1114 3647 1185 Quapropter
3676 1117 3733 1170 et

2083 1204 2208 1276 ipse
2238 1205 2455 1260 suadeo
2488 1208 2550 1258 ut
2584 1203 2633 1258 ei
2668 1202 2918 1257 credatis
2943 1202 3002 1256 in
3032 1202 3102 1256 iis
3133 1203 3203 1257 de
3235 1203 3450 1273 quibus
3498 1202 3727 1274 loquor,

2084 1311 2157 1349 ne
2186 1293 2331 1349 forte
2362 1293 2643 1364 oppidum
2666 1296 2924 1347 vestrum
2956 1290 3222 1346 funditus
3243 1295 3458 1362 pereat.
3494 1291 3730 1347 Verum-

2083 1382 2374 1438 enimvero
2409 1381 2557 1437 scire
2597 1397 2698 1436 vos
2750 1379 2897 1449 volo,
2947 1395 3052 1435 cur
3108 1379 3229 1435 hinc
3287 1381 3583 1437 conﬁtear.
3630 1381 3729 1436 Dei

2084 1470 2274 1542 angeli
2306 1487 2396 1526 me
2427 1469 2859 1541 impium,quod
2890 1468 3165 1523 inimicus
3195 1484 3382 1524 essem
3405 1469 3613 1524 nuntio
3629 1486 3727 1525 ve-

2082 1560 2292 1629 ritatis,
2327 1560 2434 1614 hac
2464 1563 2629 1613 nocte
2663 1557 3035 1612 vehementer
3063 1556 3452 1628 ﬂagellarunt.
3518 1558 3735 1613 Hoctor

2083 1664 2219 1720 ergo
2251 1665 2322 1703 ne
2347 1647 2489 1703 mihi
2517 1646 2787 1714 credatis,
2813 1646 3043 1701 etiamsi
3063 1644 3209 1701 alias
3232 1646 3470 1701 veniens
3488 1646 3729 1701 Petrum

2082 1736 2423 1793 calumnier.
2458 1736 2746 1790 Conﬁteor
2776 1733 2932 1789 enim
2954 1733 3117 1789 vobis
3145 1751 3157 1789 :
3205 1735 3559 1807 egometipse
3592 1751 3724 1791 sum

2082 1842 2311 1897 magus,
2344 1841 2449 1896 ego
2480 1825 2772 1895 deceptor,
2805 1839 2909 1894 ego
2941 1822 3342 1895 praestigiator.
3379 1823 3473 1879 Sio
3510 1824 3725 1883 forsan

319 1913 426 1987 γὰρ
478 1912 627 2013 ὑμῖν
663 1912 773 1989 ἐγὼ
825 1913 1023 1987 μάγος,
1055 1912 1164 1988 ἐγὼ
1207 1910 1432 1984 πλάνος,
1466 1912 1576 1987 ἐγὼ
1632 1911 1791 1987 γόης.
1825 1914 1962 1985 ’Ἐξε-

2079 1914 2212 1970 licet
2241 1917 2474 1987 peccata
2504 1913 2668 1985 prius
2690 1930 2723 1968 a
2754 1928 2843 1967 me
2873 1912 3186 1968 commissa
3223 1912 3567 1985 poenitentia
3623 1913 3723 1967 dc-

320 2019 406 2053 στι
437 2001 541 2076 γάρ
574 1997 728 2073 ἴσως,
765 2001 1020 2074 μετανοίᾳ
1064 1999 1333 2056 ἀπολῦσαι
1393 2002 1459 2056 τά
1514 1998 1975 2077 προπεπραγμὲνα
2002 1997 2050 2013 ”
2082 2004 2217 2060 lere.

320 2108 416 2160 μοι
452 2090 669 2164 ἀμαρτή
681 2109 840 2162 ματα.

388 2181 500 2234 XX.
530 2182 706 2232 Ταῦτα
782 2181 878 2232 τοῦ
938 2176 1147 2253 Πέτρου
1212 2176 1618 2250 ὑποτιθεμένου,
1668 2174 1819 2249 Οἶδα,
1870 2174 1970 2245 ἔφη

315 2265 345 2320 6
376 2266 580 2341 πατὴρ,
623 2264 653 2320 6'
681 2287 734 2321 τι
788 2265 997 2341 βούλει.
1032 2267 1131 2320 Λιὸ
1177 2268 1253 2339 μή
1300 2265 1490 2339 κάμνε.
1527 2265 1681 2338 Ἐμοὶ
1722 2266 1823 2341 γὰρ
1870 2264 1975 2341 οὐχ

314 2354 482 2422 ἧττον
520 2353 747 2426 μελήσει
779 2353 949 2409 ἐκεῖσε
980 2352 1187 2408 ἐλθόντι
1220 2352 1602 2430 διαλεχθῆναι,
1634 2353 1667 2407 ἃ
1696 2355 1807 2429 χρὴ
1850 2370 1973 2428 περὶ

311 2446 412 2496 σοῦ
443 2439 805 2518 διαλέγεσθαι.
840 2444 939 2497 Καὶ
972 2444 1001 2497 6
1037 2444 1241 2517 Πέτρος
1283 2441 1447 2497 πάλιν
1504 2442 1796 2496 ὑπετίθετο·
1850 2441 1973 2498 ὅταν

313 2528 409 2585 οῦν
472 2533 669 2605 νοήσῃς
729 2533 827 2600 τήν
885 2531 1047 2587 πόλιν
1114 2526 1563 2605 μεταϐαλομένην
1602 2535 1700 2585 τοῦ
1760 2529 1971 2603 μίσους,

320 2618 689 2693 ἐπιθυμοῦσαν
722 2618 780 2675 δὲ
809 2617 940 2675 ἰδεῖν
966 2623 1138 2692 ἡμᾶς,
1172 2621 1393 2694 πεμψας
1443 2617 1696 2690 δήλωσόν
1735 2640 1849 2692 μοι,
1883 2618 1972 2672 καὶ

316 2707 503 2763 αὐτόθι
537 2707 1058 2783 ἐπικαταληψόμεθά
1085 2729 1165 2766 σε.
1199 2709 1487 2782 Γενόμενος
1537 2706 1594 2762 δὲ
1642 2708 1753 2763 ἐκεῖ
1798 2707 1971 2777 αὐθή-

322 2817 487 2873 μερον
520 2799 620 2867 τήν
655 2795 948 2871 ἀλλοτρίαν
990 2818 1084 2851 σου
1138 2799 1354 2876 μορφὴν
1406 2796 1676 2852 ἀπελάσας
1725 2798 1824 2866 τήν
1872 2797 1969 2865 σὴν

314 2890 437 2947 τοῖς
488 2890 605 2948 σοῖς
660 2886 750 2940 καὶ
807 2892 937 2942 πᾶσι
983 2890 1101 2947 τοῖς
1149 2884 1345 2948 ἂλλοις
1378 2884 1633 2948 ἀπλανῶς
1694 2885 1969 2963 φαίνεσθαι

312 2976 557 3045 ποιήσω.
590 2979 767 3029 Ταῦτα
797 2974 963 3030 εἰπὼν
997 2980 1229 3029 συνεῖναι
1260 2975 1405 3047 αὐτῷ
1427 2974 1555 3037 τοὺς
1603 2974 1776 3042 υἱοὺς,
1810 2972 1971 3029 ἀδελ-

315 3061 452 3140 φοὺς
483 3060 541 3117 δὲ
572 3061 740 3135 ἐμοὺς
772 3062 992 3129 ἐποίησε
1035 3063 1124 3117 καὶ
1180 3061 1474 3119 Ματτιδίαν
1506 3066 1572 3135 ³ο,
1602 3064 1700 3131 τήν
1764 3064 1970 3139 μητερα

315 3152 503 3223 ἡμῶν,
566 3152 657 3205 καὶ
714 3156 822 3206 τῶν
876 3151 1261 3227 γνησιωτέρων
1318 3152 1470 3214 τινάς
1543 3150 1967 3228 συναπέρχεσθαι

2156 2181 2271 2237 XX.
2298 2181 2432 2245 Qum
2472 2196 2605 2236 cum
2657 2181 2859 2235 Petrus
2913 2181 3063 2251 patri
3111 2179 3494 2236 mandasset:
3547 2180 3723 2237 Intel-

2085 2270 2223 2343 ligo,
2247 2269 2605 2343 inquit,quid
2636 2269 2994 2334 velis.Quare
3025 2284 3097 2323 ne
3128 2267 3280 2323 ultra
3310 2267 3558 2324 labores.
3577 2270 3721 2326 Nam

2083 2376 2233 2415 curae
2263 2358 2407 2414 mihi
2439 2358 2567 2423 erit,
2600 2375 2733 2413 cum
2770 2357 2889 2413 illic
2918 2372 3147 2424 venero,
3182 2362 3247 2412 ut
3276 2358 3346 2413 de
3404 2361 3459 2412 te
3518 2357 3726 2428 loquar

2084 2464 2209 2520 quas
2238 2447 2586 2502 annuntiare
2617 2462 2708 2501 me
2740 2445 3207 2518 oportet.Deinde
3234 2445 3438 2500 Petrus
3488 2446 3726 2502 manda-

2080 2538 2158 2592 tis
2188 2536 2524 2607 subjunxit:
2557 2535 2798 2599 Quando
2830 2538 3025 2590 autem
3053 2534 3415 2607 urbemjodio
3446 2534 3726 2591 desistere

2081 2626 2241 2681 vides
2270 2641 2336 2680 ac
2368 2624 2655 2680 desiderio
2678 2641 2784 2679 nos
2815 2622 3047 2679 videndi
3081 2622 3230 2694 capi,
3265 2622 3539 2677 nuntium
3573 2622 3718 2677 mihi

2081 2715 2269 2781 mitte,
2301 2718 2357 2769 et
2380 2713 2580 2768 statim
2613 2713 2685 2768 ad
2713 2718 2767 2768 te
2799 2711 3338 2784 properabimus.Et
3367 2728 3499 2767 cum
3529 2729 3595 2767 eo
3634 2728 3723 2767 ve-

2082 2819 2242 2873 nero,
2274 2802 2525 2857 alienam
2559 2802 2805 2857 formam
2833 2806 2940 2857 ate
2970 2800 3204 2872 fugabo,
3227 2801 3640 2872 tuamquetuis
3665 2805 3724 2856 et

2082 2892 2213 2948 aliis
2245 2890 2515 2946 omnibus
2546 2889 2702 2946 clare
2733 2906 3013 2962 apparere
3042 2889 3272 2945 faciam.
3296 2889 3519 2956 Quibus
3547 2889 3717 2944 dictis

2079 2980 2230 3036 ﬁlios
2264 2982 2412 3052 ejus,
2444 2996 2604 3035 meos
2633 2979 2862 3046 fratres,
2895 2981 2951 3033 et
2969 2978 3292 3034 Mattidiam
3335 2982 3577 3033 matrem
3621 2994 3723 3033 no-

2077 3073 2229 3125 tram
2259 3073 2315 3124 et
2347 3067 2634 3124 sodalium
2668 3067 2955 3139 quosdam
2978 3070 3109 3139 {una
3147 3084 3280 3122 cum
3312 3083 3377 3122 eo
3436 3066 3725 3137 proﬁcisci

2070 3158 2272 3229 jussit.
2306 3157 2418 3213 Sed
2449 3162 2636 3211 mater
2666 3156 2844 3211 invita
2865 3172 2997 3210 cum
3028 3172 3094 3211 eo
3125 3155 3283 3210 abire
3315 3155 3616 3209 videbatur
3637 3155 3723 3209 di-

310 3236 610 3295 ὲκελευσεν.
643 3241 706 3294 Ἠ
738 3237 795 3294 δὲ
854 3242 1042 3315 μήτηρ
1100 3238 1445 3295 συναπελθεῖν
1512 3240 1660 3312 αὐτῴ
1720 3240 1962 3316 ὀκνηρῶς

2079 3263 2215 3303 cens
2248 3262 2260 3300 :
2288 3245 2546 3300 Profecto
2578 3244 2843 3299 adultera
2874 3243 3016 3297 mihi
3044 3259 3171 3297 esse
3186 3243 3430 3309 viderer,
3465 3242 3513 3298 si
3535 3241 3721 3296 vultui

301 3419 539 3471 συνοῦσα
574 3420 785 3495 μορφῇ.
820 3416 884 3471 Εἰ
918 3414 964 3471 δ’
998 3414 1100 3493 ἄρα
1130 3416 1554 3492 συναπέρχεσθαι
1615 3416 1761 3489 αύτῷ
1808 3416 1964 3492 ἀναγ-

303 3507 676 3578 κασθήσομαι,
713 3502 971 3560 ἀδύνατον
1007 3504 1094 3560 ἐπὶ
1124 3508 1224 3575 τῆς
1254 3505 1421 3576 αὐτῆς
1448 3506 1626 3583 τύχης
1663 3504 1855 3576 κλίνης
1895 3505 1971 3542 ³¹⁶

306 3594 921 3671 συγκατακλιθήσεσθαι.
954 3594 1065 3649 Οὐκ
1107 3592 1232 3649 οἶδα
1280 3592 1358 3667 δὲ,
1390 3594 1437 3650 εἴ
1485 3594 1573 3649 καὶ
1617 3593 1961 3659 συναπελθεῖν

299 3683 449 3754 αὐτῷ
480 3684 872 3757 πεισθήσομαι.
907 3681 1193 3737 Ὀκνοῦσαν
1230 3681 1288 3738 δὲ
1317 3684 1482 3753 αὐτὴν
1515 3682 1766 3748 ἀπελθεῖν
1807 3688 1961 3742 414

296 3772 327 3826 6
358 3769 696 3827 Ἀννουϐίων
727 3772 1055 3848 προέτρεψεν
1075 3771 1240 3841 αὐτὴν
1268 3771 1725 3843 εἷ’πώνουείσθητι
1759 3772 1881 3845 ἐμοί
1903 3793 1960 3827 τε

294 3860 387 3914 καὶ
416 3859 609 3936 Πέτρῳ
637 3859 727 3914 καὶ
752 3860 887 3934 αὐτῇ
928 3858 986 3915 δὲ
1014 3864 1084 3934 τῇ
1119 3864 1295 3938 φωνῇ,
1313 3859 1395 3916 ὅτι
1427 3861 1717 3935 [Φαῦστός]
1741 3859 1904 3931 ἐστιν,
1927 3862 1955 3916 6

299 3949 391 4011 σὸς
440 3944 699 4021 ώμϐιος,
732 3949 790 4004 ’ὃν
837 3948 936 4003 οὐκ
978 3943 1199 4004 ἔλαττόν
1244 3969 1338 4003 σου
1389 3949 1600 4023 ἀγαπῶ.
1635 3950 1737 4006 Καὶ
1797 3949 1954 4012 αὐτὸς

298 4036 448 4109 αὐτῷ
496 4036 1024 4113 συμ[πορεύσομαι],
1063 4041 1238 4091 Ταῦτα
1277 4041 1375 4092 τοῦ
1422 4032 1817 4100 Ἀννουϐίωνος
1875 4037 1950 4092 εἷ’-

294 4124 520 4192 πόντος,
553 4127 589 4195 ἠ
629 4128 812 4199 μήτηρ
844 4123 1112 4181 συνελθεῖν
1148 4125 1433 4201 ὑπέσχετο.

370 4215 515 4271 ΧΧΙ.
550 4215 606 4267 Ὁ
637 4211 694 4269 δὲ
753 4213 954 4288 Πέτρος
1005 4211 1176 4292 [ἔφη]·
1238 4214 1558 4270 Δικαιότατα
1614 4215 1643 4269 6
1699 4216 1830 4277 Θεὸς
1884 4216 1951 4270 τά

295 4302 597 4377 πράγματα
643 4304 804 4376 ἡμῶν
856 4302 1153 4376 οἰκονομεῖ.
1185 4304 1426 4379 Ἐχομεν
1470 4304 1571 4379 γὰρ
1626 4305 1739 4376 μεθ’
1787 4306 1946 4377 ἡμῶν

289 4385 689 4463 Ἀννουϐίων[α
746 4388 1126 4465 ἀστρολ]όγον.
1186 4387 1352 4451 Οὗτος
1439 4390 1543 4464 γὰρ
1618 4391 1752 4463 ἡμῖν
1830 4390 1945 4443 ἑπι-

294 4476 577 4551 δημήσασι
644 4481 713 4551 τῇ
772 4477 1082 4553 Ἀντιοχείᾳ
1136 4478 1262 4553 περὶ
1321 4478 1580 4554 γενέσεως
1649 4483 1747 4533 τοῦ
1825 4476 1945 4533 λοι-

289 4565 399 4622 ποῦ
450 4567 528 4628 ὡς
588 4565 748 4644 φίλος
806 4567 1169 4643 γνησιώτερον
1233 4564 1671 4642 διαλεχθήσεται.
1719 4567 1817 4621 Καὶ
1876 4565 1941 4636 δη

190 3374 222 3403 ρ
305 3325 417 3383 εἶδε
447 3326 688 3402 λέγουσα
714 3330 783 3384 ³⁸.
820 3310 1040 3403 Μοιχάς
1072 3330 1171 3404 γὰρ
1215 3329 1349 3383 εἶναι
1409 3326 1555 3384 δοκῶ
1714 3310 1962 3401 Σίμωνος

2078 3335 2331 3390 Simonis
2362 3349 2551 3389 essem
2578 3335 2909 3402 conjuncta.
2943 3331 3143 3402 Itaque
3172 3330 3221 3386 si
3261 3346 3452 3401 cogor,
3492 3334 3557 3384 ut
3586 3346 3722 3385 eum

2080 3441 2145 3480 eo
2177 3424 2398 3488 abeam,
2422 3422 2543 3477 ﬁeri
2574 3424 2771 3476 tamen
2805 3436 2919 3475 non
2952 3419 3181 3491 poterit,
3200 3422 3265 3473 ut
3294 3418 3351 3472 in
3383 3420 3586 3474 eodem
3609 3417 3724 3474 lec-

2075 3512 2198 3568 tulo
2218 3514 2465 3584 jaceam.
2502 3509 2704 3567 Nescio
2726 3514 2943 3575 tamen,
2968 3526 3039 3563 an
3070 3506 3157 3563 vel
3191 3508 3528 3580 persuaderi
3576 3508 3723 3563 mihi

2073 3601 2277 3674 possit,
2300 3605 2367 3655 ut
2391 3598 2569 3655 simul
2590 3615 2724 3655 cum
2757 3614 2822 3653 eo
2842 3596 3198 3670 proﬁciscar.
3224 3597 3373 3651 Tum
3407 3596 3714 3653 Annubion

2072 3694 2279 3762 praeter
2309 3689 2663 3743 voluntatem
2690 3688 2998 3743 abeuntem
3023 3685 3105 3740 ita
3135 3684 3403 3741 hortatus
3427 3687 3718 3742 est:Crede

2069 3778 2211 3835 mihi
2238 3783 2294 3833 et
2323 3778 2488 3833 Petro
2519 3782 2577 3832 et
2603 3777 2725 3831 voci
2759 3775 2893 3848 ipsi,
2926 3791 3055 3831 esse
3085 3791 3218 3829 eum
3246 3774 3524 3829 Faustum
3580 3791 3714 3830 con-

2060 3870 2262 3939 jugem
2291 3872 2481 3934 tuum,
2506 3882 2678 3937 quem
2711 3881 2815 3937 ego
2844 3881 2957 3919 non
2988 3864 3185 3918 minus
3205 3862 3383 3934 diligo
3416 3880 3594 3933 quam
3646 3868 3711 3919 tu

2063 3957 2213 4029 ipsa.
2247 3960 2362 4027 Ego
2395 3960 2452 4010 et
2482 3955 2605 4025 ipse
2636 3970 2771 4008 cum
2804 3970 2869 4008 eo
2901 3951 3395 4024 proﬁciscanQuze
3420 3967 3555 4007 cum
3603 3955 3718 4007 An-

2064 4045 2283 4100 nubion
2316 4043 2579 4107 dixisset,
2613 4047 2799 4097 mater
2826 4057 2888 4096 se
2920 4057 3039 4096 una
3068 4057 3201 4095 cum
3236 4040 3480 4111 reliquis
3508 4046 3713 4097 ventu-

2063 4150 2187 4189 ram
2220 4131 2517 4204 promisit.

2129 4221 2274 4277 XXI.
2297 4224 2368 4274 At
2386 4220 2590 4275 Petrus
2612 4236 2624 4275 :
2650 4219 2805 4274 Deus
2821 4218 2995 4273 rebus
3023 4218 3241 4273 nostris
3258 4217 3475 4290 optime
3497 4236 3710 4275 consu-

2059 4309 2455 4377 litgbabemus
2490 4307 2646 4363 enim
2680 4306 2988 4362 nobiscum
3020 4306 3433 4362 Annubionem
3466 4308 3711 4365 astrolo-

2057 4414 2200 4471 gum
2230 4398 2478 4453 Hiccum
2493 4396 2661 4452 nobis
2674 4396 2744 4451 de
2762 4396 2957 4468 genesi
2974 4400 3039 4450 ut
3056 4395 3280 4451 amicus
3294 4396 3713 4468 disputabitfa-

2057 4486 2368 4553 miliarius,
2400 4487 2637 4558 quando
2666 4484 2984 4539 Antiochiaa
3028 4484 3366 4540 erimus.Et
3397 4501 3527 4540 cum
3551 4489 3713 4556 pater

2055 4576 2167 4631 sub
2192 4580 2422 4630 noctem
2454 4590 2587 4629 cum
2618 4573 2866 4643 iis,quos
2893 4573 3097 4629 Petrus
3128 4573 3511 4640 ordinaverat,
3532 4574 3710 4629 simul

288 4652 388 4711 τοῦ
418 4654 625 4729 πατρὸς
658 4654 762 4709 ὑπὸ
790 4654 958 4711 νύκτα
1000 4657 1118 4729 μεθ’
1168 4655 1240 4709 ὧν
1291 4653 1539 4710 ἐκέλευσε
1592 4659 1798 4727 Πέτρος
1849 4656 1939 4710 σὺν

2076 4662 2543 4720 :umAnnubione
2570 4661 2921 4733 perrexisset
2944 4663 3015 4716 ad
3030 4660 3285 4716 vicinam
3309 4661 3698 4730 Antiochiam,

292 4747 375 4816 τῷ
420 4738 773 4800 Ἀννουϐίωνι
823 4744 1166 4820 ὁρμήσαντος
1214 4743 1302 4798 ἐπὶ
1348 4746 1448 4813 τήν
1477 4741 1713 4814 πλησίον
1748 4743 1949 4801 Ἀντιό-

292 4852 469 4909 χειαν,
502 4826 703 4908 ὄρθρου
731 4839 831 4902 τῆς
856 4831 1035 4902 ἄλλης
1066 4830 1274 4907 ἡμέρας
1324 4831 1449 4908 πρὶν
1503 4830 1789 4909 προελθεῖν
1846 4833 1947 4888 Πὲ-

290 4941 421 4997 τρον
472 4920 561 4977 ἐπὶ
607 4925 687 4992 τῷ
735 4918 1099 4996 διαλέγεσθαι,
1130 4919 1433 4990 ἐπανῆλθον
1469 4921 1543 4983 εἰς
1601 4922 1699 4989 τήν
1751 4920 1947 4977 Λαοδί-

292 5030 442 5065 κειαν
504 5010 593 5065 τὸν
637 5009 864 5083 Σίμωνα
920 5009 1336 5085 προπέμψαντες
1368 5009 1612 5067 Ἀππίων
1667 5011 1754 5065 καὶ
1780 5013 1948 5082 Ἀθη-

290 5096 539 5174 νόδωρος
599 5098 981 5168 ἐπιζητοῦντες
1006 5098 1097 5153 τὸν
1142 5094 1366 5174 πατέρα.
1399 5099 1456 5152 Ὀ
1489 5095 1547 5153 δὲ
1609 5099 1791 5172 μαθὼν
1837 5098 1949 5155 ἐκέ-

291 5186 481 5242 λευσεν
543 5186 738 5249 αὐτοὺς
798 5186 1155 5262 εἰσέρχεσθαι.
1215 5181 1523 5241 Εἷσϐάντων
1587 5185 1759 5242 δὲκαὶ
1790 5200 1947 5253 καθε-

291 5274 525 5339 σθέντων
612 5275 722 5343 καί,
776 5280 889 5331 Ποῦ
946 5280 1231 5343 Φαῦστος,
1281 5274 1563 5345 εἰπόντων,
1624 5276 1948 5353 ἀπεκρίνατο

292 5363 516 5441 Πέτρος·
550 5363 661 5419 Οὐκ
712 5362 884 5437 ἴσμενο
948 5364 1117 5434 αὐτῆς
1174 5365 1278 5440 γὰρ
1338 5363 1562 5442 ἑσπέρας
1617 5367 1751 5440 πρὸς
1811 5367 1950 5440 ὑμᾶς

292 5452 470 5518 ὖλθὼν
505 5452 687 5509 οὐκετι
712 5458 830 5517 τοῖς
863 5452 1083 5516 οἰκείοις
1124 5452 1313 5532 ἰφάνηθ
1347 5454 1478 5529 χθὲς
1511 5451 1569 5510 δὲ
1615 5450 1811 5530 ὄρθρου
1858 5457 1948 5512 καὶ

2059 4769 2230 4808 mane
2261 4750 2559 4823 sequentis
2591 4749 2727 4815 diei,
2758 4754 3073 4820 antequam
3106 4753 3312 4804 Petrus
3369 4750 3438 4803 ad
3498 4748 3702 4821 dispu-

2060 4841 2303 4896 tandum
2337 4856 2609 4912 egressus
2627 4837 3450 4907 esset,Laodiceamvenerunt
3483 4838 3703 4909 Appion

2058 4934 2115 4985 et
2144 4929 2576 4999 Athenodorus,
2593 4926 2850 4983 Simonis
2879 4924 3143 4997 comites,
3167 4929 3389 4996 patrem
3443 4942 3704 4997 quaaren-

2060 5022 2167 5074 tes.
2202 5018 2327 5082 Qua
2357 5034 2416 5073 re
2456 5018 2710 5088 cognita,
2744 5015 2982 5071 introire
3032 5031 3132 5071 eos
3171 5015 3372 5085 jussit.
3416 5015 3523 5081 Qui
3571 5032 3707 5072 cum

2059 5106 2308 5178 ingressi
2333 5109 2530 5161 essent
2559 5109 2732 5176 atque
2771 5103 3194 5169 consedissent,
3228 5119 3293 5157 ac
3322 5103 3423 5158 ubi
3456 5103 3705 5160 Faustus

2058 5198 2215 5251 esset
2246 5194 2636 5267 quaesiissent,
2684 5192 2889 5248 Petrus
2945 5191 3282 5262 respondit:
3347 5191 3704 5261 Nescimus;

2058 5299 2194 5338 nam
2227 5299 2295 5337 ex
2314 5298 2554 5353 vespero
2587 5280 2708 5350 illo,
2739 5296 2851 5350 quo
2883 5279 2954 5334 ad
2993 5296 3097 5334 vos
3128 5278 3249 5346 ivit,
3284 5280 3430 5335 nulli
3462 5297 3706 5337 suorum

2059 5389 2266 5427 rursus
2299 5370 2589 5443 apparuit.
2625 5369 2757 5425 Heri
2786 5373 2981 5424 autem
3006 5384 3174 5424 mane
3204 5373 3262 5425 et
3316 5369 3514 5425 Simon
3571 5387 3705 5426 eum

2059 5460 2371 5533 quaerebat,
2387 5474 2639 5530 cumque
2669 5456 2815 5514 nihil
2828 5458 3337 5529 responderemus,
3355 5460 3550 5515 nescio
3563 5460 3704 5531 quid

1647 5580 1895 5638 VARUE
1931 5583 2342 5641 LECTIONES.

368 5691 417 5765 3'
444 5684 761 5765 ὁμολογρῦν
791 5689 855 5765 0._
927 5686 975 5725 ³ο
1004 5683 1299 5752 Ματθιδίαν
1349 5690 1415 5746 Ο.
1491 5691 1534 5727 ³¹
1567 5685 1803 5763 λέγουσα
1831 5690 2096 5763 supplevi
2125 5706 2195 5747 ex
2222 5690 2577 5762 conjectura.
2614 5689 2784 5761 [Lege
2816 5686 2931 5765 εἶχε
2961 5708 3066 5764 pro
3108 5687 3263 5764 εἶδε.]
3337 5692 3409 5728 3"
3468 5708 3541 5748 an
3592 5690 3704 5765 leg.

298 5755 597 5834 τύληςκαὶ
623 5755 861 5831 κλίνηςῖ
