4148 6342
471 366 587 428 4⁸71

1301 370 1368 431 S.
1412 368 1853 433 GLEMENTIS
1900 370 1926 433 Ι
1970 370 2163 433 ROM.
2208 371 2439 434 PONT.
2485 373 2747 436 OPERA
2788 374 3057 436 DUBIA.

3768 369 3899 430 £72

475 498 672 555 animo
705 497 1096 570 percepissem
1129 499 1565 571 cogitationem,
1598 518 1725 574 quis
1749 501 1943 558 nescio
1968 503 2121 558 unde

2247 498 2354 555 >ῖδα
2386 501 2545 566 πόθεν
2581 501 2963 566 ἐπεισελθόντα
2997 523 3112 577 μοι,
3143 500 3231 557 καὶ
3262 497 3389 577 περί
3420 500 3654 555 θανάτου
3686 499 3894 571 πυκνὰς

474 588 536 643 in
571 603 663 643 me
694 589 1030 659 irrepserat,
1063 590 1414 661 crebrasque
1448 590 1591 645 mihi
1639 592 1709 647 de
1754 597 1940 647 morte
1968 608 2129 647 com-

479 676 866 733 mentationes
897 677 1179 748 pariebat,
1204 694 1333 733 cum
1351 678 1651 735 laboribus
1668 684 1724 736 et
1740 681 2132 737 anxietatibus

477 766 761 822 vivebam.
840 765 1205 838 Reputabam
1275 771 1433 823 enim
1494 786 1660 839 num,
1720 786 1851 825 cum
1900 774 2129 826 mortus

481 855 668 922 fuero,
703 871 818 910 non
851 872 971 921 ero,
1027 855 1346 928 nullusque
1376 858 1487 913 erit
1544 874 1806 928 unquam
1858 858 1958 929 qui
2014 858 2128 914 mei

479 944 834 1000 mentionem
867 945 1061 1010 faciat,
1097 949 1360 1016 tempore
1392 946 1669 1001 nimirum
1716 950 1930 1001 cuncta
1983 946 2125 1001 obli-

476 1033 632 1089 vioni
662 1033 969 1088 tradente?
998 1036 1139 1087 Cum
1173 1037 1369 1088 autem
1389 1051 1503 1089 non
1534 1034 1716 1102 fuero,
1743 1052 1815 1090 an
1842 1036 2125 1107 quodam-

477 1123 650 1178 modo
684 1123 919 1177 futurus
949 1138 1103 1186 sum,
1138 1138 1235 1177 eos
1261 1122 1360 1194 qui
1396 1140 1508 1178 non
1541 1127 1681 1179 sunt
1719 1140 2077 1195 cognoscens
2111 1142 2124 1193 ;

477 1227 581 1266 nec
607 1227 988 1283 cognoscens,
1018 1227 1123 1266 nec
1155 1210 1459 1283 cognitus;
1492 1211 1712 1284 quique
1745 1229 1859 1267 non
1894 1212 2123 1281 fuerim,

479 1316 596 1354 non
628 1299 741 1354 sim
770 1298 798 1354 ?
844 1302 901 1355 et
942 1297 1333 1369 aliquandone
1362 1300 1550 1355 factus
1609 1301 1686 1357 sit
1741 1301 2039 1370 mundus;
2070 1304 2127 1357 et

478 1391 611 1445 ante
642 1404 819 1459 quam
852 1388 1035 1457 fieret,
1069 1388 1351 1459 quidnam
1402 1389 1572 1444 erat?
1595 1393 1743 1445 Nam
1791 1391 1840 1446 si
1893 1406 2127 1462 semper

2240 589 2565 664 ποιούμενον
2636 592 2990 664 ὑπομνήσεις,
3036 591 3221 653 πόνοις
3272 591 3334 645 τὸ
3385 589 3579 645 λοιπὸν
3626 589 3718 643 καὶ
3756 588 3894 651 ἀθυ-

2242 678 2390 751 μίαις
2424 679 2674 749 συνέζων.
2708 682 2846 757 Ἀρα
2889 680 3014 754 γὰρ,
3048 678 3403 754 ἐλογιζόμην,
3439 677 3519 732 ὅτι
3570 678 3745 732 θανὼν
3794 675 3897 730 οὐκ

2240 766 2375 839 εἷ’μί,
2406 769 2494 823 καὶ
2526 767 2704 831 οὐδεὶς
2736 767 2878 824 ἔσται
2934 790 3038 841 μου
3087 769 3221 823 ποτέ
3273 770 3491 840 μνήμην
3539 766 3892 839 ποιούμενος,

2234 862 2331 911 τοῦ
2362 856 2567 932 χρόνου
2599 859 2771 911 πάντα
2798 861 2865 930 τῇ
2901 856 3046 931 λήθῃ
3076 853 3469 931 παραδιδόντος
3495 874 3508 924 ;
3544 854 3647 928 ἆρα
3700 851 3759 908 δὲ
3812 854 3891 925 μή

2238 944 2465 1017 ὣν,πῶς
2498 942 2689 1019 ἔσομαι
2722 949 2793 989 ¹-⁶
2816 946 2941 1007 τοὺς
2973 945 3073 1001 οὐκ
3098 941 3253 1007 ὄντας
3285 942 3546 1016 εἷ’δὼς,ού
3576 944 3892 1018 γινώσκων,

2236 1033 2297 1088 ού
2329 1034 2751 1109 γινωσκόμενος,
2786 1034 2847 1089 ού
2879 1035 3139 1109 γεγονὼς,
3173 1033 3234 1088 ού
3283 1032 3566 1108 γινόμενος
3593 1052 3606 1101 ;
3638 1032 3737 1086 Καὶ
3791 1030 3899 1107 ἆρά

2234 1143 2365 1177 ποτε
2395 1126 2415 1158 ⁷
2442 1124 2656 1199 γέγονεν
2691 1124 2719 1177 ὁ
2751 1122 2979 1195 κόσμος,
3010 1122 3099 1176 καὶ
3132 1123 3237 1198 πρὸ
3292 1126 3389 1176 τοῦ
3429 1120 3673 1197 γενέσθαι
3701 1120 3754 1175 τί
3791 1121 3897 1195 ἄρα

2233 1211 2323 1266 καὶ
2371 1212 2473 1282 ἧνς
2520 1212 2583 1266 El
2632 1214 2733 1288 γὰρ
2784 1212 2850 1281 ἦν
2898 1211 3001 1284 ἀεὶ,
3034 1213 3123 1267 καὶ
3170 1210 3335 1266 ἔσται⁸
3371 1209 3418 1266 εἲ
3467 1208 3523 1266 δὲ
3559 1211 3772 1287 γέγονε,
3804 1209 3896 1264 καὶ

2236 1298 2525 1371 λυθήσεται
2557 1301 2793 1364 πάντως·
2827 1300 2917 1356 καὶ
2952 1301 3086 1374 μετὰ
3117 1299 3269 1357 λύσιν
3304 1299 3406 1377 ἆρα
3435 1300 3486 1355 τί
3519 1294 3665 1355 ἔσται
3696 1298 3894 1367 πάλιν;

2236 1388 2265 1443 ὃ
2296 1392 2388 1443 νῦν
2422 1387 2679 1445 ἀδύνατόν
2714 1411 2806 1463 μοι
2833 1392 3044 1459 νοῆσαι.

480 1476 608 1544 fuit,
659 1493 891 1548 semper
945 1477 1121 1532 etiam
1168 1477 1317 1533 erit:
1376 1479 1466 1533 sin
1522 1495 1653 1535 vero
1702 1483 1898 1535 ortum
1951 1480 2146 1546 habet,
2204 1480 2444 1535 omnino
2478 1480 2654 1537 etiam
2705 1480 3095 1547 dissolvetur;
3151 1482 3208 1535 et
3254 1483 3386 1551 post
3443 1477 3901 1536 dissolutionem

484 1565 766 1637 quidnam
799 1566 909 1621 erit
937 1566 1149 1621 iterum
1169 1567 1197 1621 ‘I
1227 1568 1381 1638 quod
1416 1584 1571 1623 nunc
1604 1567 1968 1640 impossibile
1991 1568 2135 1623 mihi
2168 1573 2256 1624 est
2286 1573 2480 1625 mente
2511 1569 2834 1642 concipere.

559 1671 627 1726 II.
662 1672 793 1727 Haac
818 1676 992 1743 atque
1046 1672 1138 1728 his
1178 1673 1414 1743 similia,
1449 1674 1643 1730 nescio
1678 1676 1853 1743 unde,
1914 1675 2129 1731 indesi-
2160 1678 2207 1742 Β

488 1764 693 1816 nenter
723 1761 919 1815 animo
951 1760 1241 1827 volutans,
1276 1768 1551 1835 perpetuo
1601 1780 1833 1835 semper
1889 1780 2133 1819 mmrore

489 1848 803 1915 afﬁciebar,
838 1850 897 1905 in
936 1855 1167 1905 tantum
1209 1856 1273 1906 ut
1303 1850 1578 1923 pallerem
1612 1868 1679 1907 ac
1730 1853 2128 1908 tabescerem:

488 1942 544 1994 et
575 1939 728 2009 quod
755 1939 1168 2010 gravissimum
1195 1945 1338 2005 erat,
1357 1940 1405 1996 si
1438 1941 1673 2012 quando
1695 1941 1903 1996 harum
1938 1958 2132 1996 rerum

488 2028 937 2084 sollicitudinem
962 2028 1211 2099 abjicere
1241 2034 1521 2101 tanquam
1553 2047 1762 2086 vanam
1795 2031 2131 2103 cogitarem,

484 2117 887 2173 vehementius
924 2118 1107 2173 multo
1142 2135 1233 2174 me
1265 2120 1567 2191 premebat
1597 2119 1876 2175 affectus:
1909 2125 1966 2175 et
2004 2136 2132 2174 eam

482 2223 605 2262 rem
640 2205 883 2262 moleste
910 2206 1187 2271 ferebam,
1225 2208 1491 2264 nesciens
1537 2210 1689 2280 quod
1741 2210 2133 2264 contuberna-

481 2294 597 2351 lem
627 2295 901 2351 haberem
931 2296 1269 2368 praclaram
1293 2297 1729 2368 cogitationem,
1752 2315 1876 2367 quae
1900 2297 2135 2354 immor-

480 2384 726 2440 talitatis
757 2384 900 2440 mibi
932 2402 1111 2440 causa
1142 2385 1388 2453 exstitit,
1442 2390 1504 2441 ut
1563 2390 1764 2458 postea
1817 2402 1887 2441 ex
1939 2402 2133 2441 rerum

484 2473 639 2529 exitu
672 2473 903 2544 agnovi.
935 2478 991 2528 et
1041 2478 1153 2529 Deo
1207 2478 1553 2529 cunctorum
1603 2474 1856 2529 eﬁ'ectori
1918 2474 2136 2545 gratias

487 2562 600 2633 egi.
634 2561 778 2616 Cum
806 2561 959 2617 enim
995 2562 1065 2617 ab
1098 2562 1266 2618 initio
1298 2579 1390 2618 me
1424 2562 1523 2618 illa
1571 2562 1843 2635 cogitatio
1883 2568 2134 2632 vexaret,

491 2651 562 2707 ad
596 2666 791 2705 rerum
847 2650 1290 2721 inquisitionem
1330 2652 1528 2707 venire
1585 2656 1820 2708 coactus
1876 2669 2008 2708 sum
2044 2658 2140 2709 :et

492 2756 638 2811 quos
660 2739 944 2811 principio
966 2756 1068 2811 per
1091 2740 1481 2812 ignorantiam
1505 2741 1705 2796 beatos
1729 2741 2136 2813 praedicabam,

494 2833 696 2901 postea
722 2827 899 2883 veluti
930 2828 1176 2884 miseros
1208 2846 1322 2885 non
1354 2830 1573 2885 cessavi
1601 2829 1818 2903 lugere.

567 2935 663 2991 IlI.
700 2934 883 3008 Igitur
930 2951 1121 2991 cuma
1177 2952 1354 3008 puero
1385 2936 1444 2991 in
1497 2936 1835 3007 bujusmodi
1880 2952 2141 2993 versarer

2310 1680 2374 1731 Il.
2406 1674 2579 1729 Ταῦτά
2607 1695 2665 1729 τε
2693 1678 2781 1729 καί
2810 1676 2877 1729 τὰ
2906 1672 3118 1735 τούτοις
3152 1671 3338 1746 ὅμοια,
3371 1673 3471 1727 οὐκ
3519 1669 3643 1727 οἶδα
3700 1670 3895 1742 πόθεν,

2243 1760 2531 1824 ἀπαύστως
2587 1760 3068 1836 διενθυμούμενος,
3118 1760 3386 1817 ἄπαυστον
3436 1761 3584 1836 εἶχον
3646 1759 3728 1816 ἀεὶ
3792 1762 3898 1829 τὴν

2242 1848 2441 1920 λύπην,
2499 1852 2588 1906 καὶ
2639 1856 2920 1923 τοσοῦτον,
2981 1851 3055 1913 ὡς
3102 1850 3417 1927 ὠχριακότα
3480 1871 3547 1923 με
3611 1852 3896 1920 τήκεσθαισ

2240 1939 2329 1993 καὶ
2376 1941 2438 1994 τὸ
2482 1935 2812 2011 δεινότατον,
2864 1938 3048 1995 εἷ’ποτι
3094 1939 3183 1994 καὶ
3236 1940 3548 1994 ἀπώσασθαι
3602 1941 3705 2007 τὴν
3768 1938 3900 2013 περὶ

2238 2026 2445 2083 τούτων
2501 2026 2779 2107 φροντίδα,
2812 2029 2886 2091 ὡς
2951 2027 3205 2101 ματαίαν,
3252 2026 3607 2104 ἐλογισάμην,
3662 2027 3900 2100 ἀκμαιό-

2238 2115 2393 2189 τερόν
2440 2138 2531 2189 μοι
2567 2115 2779 2189 μᾶλλον
2810 2116 2872 2171 τὸ
2901 2116 3070 2178 πάθος
3100 2114 3327 2190 ἐγίνετο·
3360 2115 3449 2169 καὶ
3496 2113 3760 2188 ἠχθόμην
3811 2113 3900 2167 ἐπὶ

2239 2204 2439 2277 τούτῳ,
2472 2205 2571 2260 οὐκ
2602 2203 2761 2267 εἰδὼς
2792 2202 3037 2260 σύνοικον
3080 2202 3253 2272 καλὴν
3304 2199 3445 2280 ἔχων
3502 2199 3734 2271 ἔννοιαν,
3768 2203 3901 2256 ἀθα-

2241 2293 2422 2355 νασίας
2463 2292 2637 2348 αἰτίαν
2691 2314 2783 2366 μοι
2829 2291 3148 2369 γενομένην,
3180 2293 3256 2354 ὡς
3305 2291 3520 2366 ὕστερον
3573 2287 3744 2365 ἔγνων
3793 2289 3908 2344 ἀπὸ

2240 2386 2337 2436 τοῦ
2366 2379 2581 2453 τέλους,
2613 2381 2703 2436 καὶ
2732 2379 2849 2454 Θεῷ
2878 2386 2956 2453 τῷ
2987 2382 3201 2434 πάντων
3232 2378 3613 2455 ηύχαρίστησα
3661 2382 3901 2452 ποιητῇ.

2240 2472 2371 2525 Ὑπὸ
2398 2472 2501 2546 γὰρ
2534 2478 2633 2541 τῆς
2663 2471 2940 2546 καταρχάς
3002 2490 3069 2543 με
3119 2467 3414 2537 πιεζούσης
3480 2467 3704 2538 ἐννοίας,
3739 2468 3911 2543 ἠναγ-

2243 2557 2442 2628 κάσθην
2495 2558 2573 2621 εἷς
2618 2560 2717 2627 τὴν
2765 2563 2869 2612 τῶν
2920 2557 3254 2633 πραγμάτων
3300 2554 3477 2621 ἐλθεῖν
3530 2557 3778 2626 ζήτησιν·
3813 2554 3905 2609 καὶ

2245 2646 2339 2710 οὓς
2393 2649 2493 2717 τὴν
2536 2647 2713 2723 ἀρχὴν
2766 2646 2832 2703 δι’
2890 2647 3110 2721 ἄγνοιαν
3166 2646 3479 2722 μακαρίζειν
3533 2642 3904 2712 ἐκινδύνευον,

2246 2735 2463 2812 ὕστερον
2490 2736 2793 2806 ταλανίζειν
2828 2735 2926 2791 οὐκ
2958 2735 3299 2808 ἐπαυσάμην.

2320 2938 2412 2988 IlI.
2448 2933 2540 2986 Ἐκ
2569 2930 2760 2994 παιδὸς
2791 2930 2881 2986 οὖν
2926 2932 2977 2986 ἐν
3020 2929 3293 2991 τοιούτοις
3346 2926 3419 2983 ὣν
3469 2927 3783 3004 λογισμοῖς,
3820 2927 3898 2990 εἷς

491 3024 1082 3091 considerationibus,
1116 3025 1186 3081 ad
1234 3024 1717 3097 philosophorum
1748 3026 2132 3082 adventabam

2247 3021 2340 3083 τὰς
2369 3025 2474 3075 τῶν
2526 3020 2837 3098 φιλοσόφων
2890 3019 3117 3097 ἐφοίτων
3173 3013 3474 3093 διατριϐὰς,
3510 3017 3646 3071 ὥστε
3698 3039 3752 3072 τι
3805 3016 3898 3092 βέ-

488 3112 741 3177 scholas,
774 3118 839 3168 ut
871 3113 1003 3169 inde
1025 3114 1246 3186 aliquid
1277 3115 1415 3170 certi
1447 3114 1729 3170 discerem
1756 3132 1770 3171 :
1812 3116 1910 3171 sed
1944 3120 2001 3170 et
2030 3116 2132 3181 sic,

488 3203 633 3259 nihil
667 3203 821 3258 aliud
855 3204 926 3258 ab
957 3204 1040 3259 eis
1071 3203 1333 3259 studiose
1365 3202 1473 3259 coli
1504 3204 1797 3266 videbam.
1831 3221 2008 3276 quam
2041 3205 2138 3260 do-

485 3296 748 3365 gmatum
785 3293 1211 3348 destructiones
1245 3297 1303 3348 et
1325 3294 1779 3359 adstructiones,
1816 3297 2137 3349 contentio-

483 3397 724 3452 nesque,
754 3387 811 3435 et
841 3381 1318 3454 syllogismorum
1353 3382 1618 3448 artificia,
1660 3382 1918 3455 itemque
1974 3400 2134 3439 sum-

484 3470 749 3540 ptionum
775 3471 1230 3543 excogitationes
1258 3488 1270 3525 :
1296 3478 1353 3526 et
1382 3471 1696 3543 aliquando
1719 3471 1951 3543 quidem
1986 3488 2137 3544 prae-

481 3556 730 3625 valebat,
764 3559 921 3614 verbi
952 3559 1160 3630 gratia,
1194 3560 1345 3631 quod
1391 3559 1588 3616 anima
1634 3559 1986 3616 immortalis
2018 3561 2133 3621 sit;

486 3644 803 3718 aliquando
834 3664 989 3713 vero,
1018 3650 1170 3719 quod
1205 3648 1489 3704 mortalis.
1524 3650 1593 3704 Et
1634 3649 1869 3720 quidem
1903 3651 2135 3721 quando

488 3751 557 3790 ea
584 3735 799 3806 opinio,
835 3753 960 3807 quis
976 3737 1238 3792 animum
1276 3738 1414 3792 facit
1437 3736 1853 3805 immortalem,
1873 3738 2138 3810 superior

488 3829 631 3890 erat,
669 3824 997 3896 gaudebam
1025 3840 1037 3877 :
1072 3826 1304 3896 quando
1329 3829 1523 3879 autem
1557 3841 1644 3893 ea,
1676 3843 1798 3896 qua:
1830 3826 2137 3881 mortalem

491 3916 960 3979 censet,n'.oarore
973 3913 1268 3968 at'ficiebar
1285 3930 1370 3967 :ru
1381 3930 1473 3967 rsu
1485 3930 1659 3984 mque
1671 3914 1857 3985 magis
1873 3914 2137 3970 animum

492 4000 948 4072 despondebam,
975 4003 1128 4072 quod
1167 4018 1271 4056 nec
1298 4002 1610 4072 utriusque
1634 4002 1815 4073 partis
1846 4002 2139 4075 quispiam

494 4094 746 4144 mentem
783 4107 972 4145 meam
1008 4094 1231 4162 poterat
1247 4091 1629 4146 confirmare:
1664 4096 1895 4146 tantum
1920 4091 2140 4147 intelli-

492 4178 699 4249 gebam
724 4180 1045 4234 sententias
1067 4180 1608 4246 controversiarum,
1639 4197 1742 4252 pro
1773 4179 1995 4236 viribus
2017 4196 2144 4252 pro-

492 4270 905 4338 pugnatorum,
969 4270 1053 4323 vel
1107 4267 1305 4333 falsas,
1336 4269 1423 4323 vel
1476 4284 1644 4323 veras
1694 4268 1972 4339 judicari,
2026 4287 2142 4325 non

489 4369 623 4408 vero
655 4358 827 4425 prout
858 4354 996 4426 ipsa:
1029 4372 1089 4411 se
1121 4356 1337 4411 habent
1369 4355 1427 4410 in
1468 4355 1680 4426 seipsis
1711 4371 1927 4423 revera,
1982 4372 2137 4411 com-

490 4441 808 4514 prehendi:
882 4449 1117 4514 propter
1159 4445 1310 4515 quod
1361 4444 1493 4516 plus
1542 4443 1733 4499 adhuc
1789 4444 1849 4498 in
1908 4444 2136 4517 negotio

488 4530 813 4586 aastuabam
843 4532 1225 4601 dubitatione,
1257 4549 1322 4588 ac
1354 4550 1422 4588 ex
1452 4533 1661 4588 animae
1691 4533 1978 4604 profundo
2036 4548 2133 4605 ge-

2247 3104 2397 3164 ὅαιον
2432 3109 2627 3164 ἐκεῖθεν
2670 3114 2874 3181 μαθεῖν.
2928 3106 3105 3164 Ἀλλὰ
3149 3108 3238 3162 καὶ
3289 3106 3462 3168 οὕτως
3511 3103 3660 3160 οὐδὲν
3713 3103 3900 3181 ἓτερον

2245 3200 2372 3274 παρ’
2411 3198 2595 3260 αὐτοῖς
2642 3199 2704 3253 τὸ
2754 3194 3195 3270 σπουδαζόμενον
3223 3199 3243 3234 ⁸
3277 3196 3488 3270 ἐώρων,
3520 3196 3555 3264 ἢ
3608 3192 3898 3270 δογμάτων

2243 3286 2535 3349 ἀνασκευάς
2579 3285 2668 3342 καί
2720 3287 3068 3352 κατασκευὰς,
3120 3281 3297 3361 ἔριδάς
3342 3288 3362 3320 °
3395 3306 3453 3339 τε
3502 3285 3591 3339 καὶ
3640 3282 3905 3359 συλλογι-

2245 3381 2395 3449 σμῶν
2444 3375 2663 3451 τέχνας,
2709 3376 2800 3430 καὶ
2849 3373 2915 3444 δὴ
2975 3375 3064 3429 καὶ
3127 3372 3433 3447 λημμάτιον
3501 3372 3756 3435 ἐπινοίας·
3810 3372 3903 3428 καί

2243 3486 2377 3521 ποτε.
2424 3465 2518 3538 μὲν
2564 3462 2866 3541 ἐπεκράτει,
2900 3465 3027 3542 φέρε
3077 3461 3278 3538 λέγειν,
3311 3460 3393 3517 ὅτι
3441 3462 3697 3524 ἀθάνατος
3736 3464 3770 3531 ἡ
3804 3466 3904 3535 ψυ-

2245 3556 2343 3629 χή·
2377 3554 2509 3608 ποτε
2539 3550 2616 3621 δὲ,
2649 3552 2731 3607 δτι
2766 3556 2961 3623 θνητή.
2994 3552 3100 3607 Καὶ
3132 3551 3215 3607 ὅτι
3251 3551 3343 3624 μὲν
3379 3548 3547 3624 λόγος
3597 3550 3904 3626 ἐπικρατῶν

2244 3644 2334 3713 ἦν,
2367 3641 2449 3697 ὅτι
2480 3641 2738 3704 ἀθάνατος
2768 3644 2803 3711 ἡ
2844 3642 3019 3717 ψυχή,
3054 3636 3298 3716 ἔχαιροψ
3334 3639 3424 3694 ὅτε
3455 3637 3511 3694 δὲ
3566 3638 3649 3693 ὅτι
3700 3641 3899 3709 θνητὴ,

2245 3733 2515 3805 ἠνιώμην·
2566 3730 2735 3785 πηέον
2781 3728 2839 3785 δὲ
2882 3729 3045 3785 πάλιν
3094 3728 3364 3802 ἠθύμουν,
3402 3727 3486 3783 δτι
3539 3725 3653 3783 οὐδ’
3703 3728 3902 3783 ὁποτέ-

2249 3841 2355 3898 ρων
2412 3823 2456 3858 ¹⁰
2500 3841 2585 3881 τις
2634 3820 2724 3874 τὸν
2767 3818 2896 3892 ἐμὸν
2952 3814 3245 3895 βεϐαιῶσαι
3284 3822 3406 3871 νοῦν
3457 3814 3713 3887 ἠδύνατο.
3748 3818 3902 3886 Πλὴν

2250 3908 2487 3965 ἐνενόουν
2522 3907 2602 3963 ὅτι
2636 3909 2691 3963 αἱ
2722 3906 2870 3980 δόξαι
2897 3912 3005 3963 τῶν
3040 3907 3364 3979 ὑποθέσεων,
3395 3906 3539 3981 παρὰ
3576 3906 3705 3968 τοὺς
3761 3903 3903 3960 ἐκδι-

2248 4003 2492 4064 κοῦντας,
2522 3998 2557 4067 ἢ
2591 3996 2828 4071 ψευδεῖς,
2859 3999 2895 4065 ἢ
2931 3995 3154 4067 ἀληθεῖς
3204 3994 3616 4073 ἀποφαίνονται,
3649 3994 3737 4049 καὶ
3793 3994 3903 4070 οὐχ

2250 4086 2323 4149 ὡς
2358 4085 2576 4161 ἔχουσιν
2609 4085 2765 4139 αὐταὶ
2798 4084 2877 4160 ἐφ’
2910 4086 3110 4139 ἑαυτῶν
3145 4083 3401 4154 ἀληθείας
3454 4078 3901 4155 καταλαμϐάνον-

2247 4194 2357 4231 ται⁶
2391 4181 2516 4250 παρ’
2545 4175 2591 4246 ᾧ
2631 4176 2671 4210 ¹¹
2701 4172 2790 4228 καὶ
2820 4171 2896 4228 ἔτι
2932 4172 3144 4246 μᾶλλον
3174 4172 3225 4228 ἐν
3256 4177 3373 4233 τοῖς
3405 4172 3720 4247 πράγμασιν
3757 4171 3904 4246 ἰλιγο

2250 4269 2404 4341 γιῶν,
2434 4264 2524 4318 καὶ
2555 4263 2662 4317 ἀπὸ
2688 4266 2786 4317 τοῦ
2814 4270 2914 4331 τῆς
2962 4266 3147 4337 ψυχῆς
3203 4261 3397 4338 βάθους
3448 4260 3746 4329 ἐστέναζον·
3782 4258 3908 4316 οὔτε

2254 4352 2357 4430 γὰρ
2390 4348 2507 4415 οἷός
2534 4373 2593 4407 τε
2623 4352 2690 4421 ἦν
2722 4347 3091 4407 άποϐαλέσθαι
3120 4352 3218 4420 τήν
3251 4350 3373 4425 περὶ
3393 4350 3600 4405 τούτων
3625 4347 3903 4426 φροντίδα,

2244 4441 2489 4518 καίτοιγε
2535 4439 2740 4521 σφόδρα
2792 4438 3151 4517 βουλόμενος,
3194 4440 3268 4501 ὡς
3323 4437 3432 4508 ἤδη
3485 4440 3687 4517 φθάσας
3736 4438 3905 4515 ἐγνώ-

2247 4550 2388 4608 ρισα,
2423 4527 2545 4585 οὔτε
2579 4526 2795 4605 βέϐαιόν
2825 4550 2877 4583 τι
2907 4523 3229 4583 καταλαϐεῖν
3264 4525 3568 4600 ἠδυνάμην.

492 4620 720 4675 mebam
749 4638 761 4675 :
794 4637 978 4693 neque
1008 4621 1162 4676 enim
1192 4622 1261 4677 de
1293 4621 1636 4693 bujusmodi
1667 4638 1865 4677 curam
1900 4621 2135 4692 rejicere
2198 4626 2475 4693 poteram,
2525 4620 2660 4677 licet
2714 4620 2880 4676 valde
2927 4636 3218 4692 cuperem,
3252 4622 3317 4673 ut
3356 4619 3482 4689 jam
3508 4633 3689 4689 supra
3746 4616 3905 4671 indi-

492 4708 655 4777 cavi;
691 4725 878 4780 neque
910 4710 1143 4764 ﬁrmum
1165 4710 1303 4781 quid
1332 4709 1593 4765 valebam
1624 4710 1887 4765 retinere.

567 4815 659 4871 IV.
692 4815 905 4871 lterum
937 4833 1071 4888 ergo
1114 4816 1402 4889 angustiis
1432 4815 1816 4872 haesitationis
1870 4831 2128 4888 pressus,

496 4904 761 4960 dicebam
796 4907 945 4976 apud
982 4922 1112 4961 me:
1148 4906 1292 4971 Quid
1329 4904 1576 4961 inaniter
1597 4904 1817 4976 laboro,
1851 4921 1983 4959 cum
2019 4921 2139 4960 ma-

498 4992 707 5049 nifesta
738 4995 813 5048 sit
842 5011 933 5049 res
954 4994 981 5048 ?
1011 4994 1194 5059 Quod,
1228 4995 1277 5049 si
1304 4993 1541 5066 quidem
1573 4999 1705 5065 post
1734 4999 1982 5049 mortem
2024 5010 2138 5048 non

498 5097 594 5136 ero
622 5107 635 5149 ;
669 5098 843 5147 nunc,
878 5082 1111 5153 quando
1162 5099 1314 5146 sum,
1347 5081 1679 5137 contristari
1710 5099 1823 5137 non
1884 5085 2135 5153 oportet:

497 5170 768 5241 quocirca
788 5170 1090 5226 tristitiam
1116 5171 1185 5226 ad
1217 5170 1357 5226 illud
1390 5174 1623 5242 tempus
1645 5170 1971 5242 reservabo,
2002 5185 2138 5242 quo,

495 5273 629 5312 cum
662 5259 893 5314 futurus
926 5276 1038 5315 non
1073 5259 1207 5326 sim,
1240 5277 1352 5315 non
1385 5259 1805 5315 contristabor:
1832 5259 1881 5315 si
1940 5265 2137 5314 autem

496 5345 639 5401 forte
668 5362 925 5418 ero,'_cur
947 5347 1092 5404 mihi
1122 5365 1277 5404 nunc
1309 5348 1603 5422 superﬂue
1642 5347 1794 5404 inest
1840 5347 2083 5404 tristitia
2110 5346 2139 5401 ?

2311 4814 2406 4871 IV.
2437 4812 2609 4869 Πάλιν
2663 4817 2794 4889 γοῦν
2852 4809 3227 4888 ἀπορούμενος
3289 4808 3476 4885 ἔλεγον
3536 4808 3786 4883 ἐμαυτῷ·
3839 4809 3903 4863 Τί

2251 4907 2621 4976 ματαιοπονῶ,
2666 4906 2867 4980 σαφοῦς
2927 4897 3082 4963 ὄντος
3131 4898 3227 4955 τοῦ
3268 4898 3628 4975 πράγματος;
3682 4900 3803 4952 Ὅτι
3858 4899 3908 4952 εἰ

2252 4992 2345 5065 μὶν
2395 4992 2565 5044 θανὼν
2613 4990 2712 5045 οὐκ
2769 4989 2905 5063 εἰμὶ,
2939 4994 3025 5043 νῦν
3052 4986 3178 5044 ὄντα
3213 5010 3277 5063 με
3308 4987 3595 5043 λυπεῖσθαι
3626 4987 3687 5042 ού
3740 5006 3905 5058 προσ-

2247 5082 2389 5149 ήκει.
2415 5077 2507 5131 Διὸ
2538 5080 2765 5153 τηρήσω
2795 5078 2856 5132 τὸ
2893 5076 3177 5141 λυπεῖσθαι
3208 5080 3519 5146 τηνικαῦτα,
3555 5074 3644 5131 ὅτε
3671 5074 3772 5130 οὐκ
3822 5072 3900 5129 ὢν

2246 5166 2308 5222 ού
2340 5166 2753 5238 λυπηθήσομαι·
2790 5164 2834 5218 εἰ
2868 5162 2926 5219 δὲ
2956 5164 3055 5238 ἄρα
3089 5164 3225 5237 εἰμὶ,
3257 5163 3312 5219 τί
3345 5168 3432 5218 νῦν
3467 5185 3558 5238 μοι
3616 5165 3674 5218 ἐκ
3722 5183 3907 5239 περισ-

2243 5259 2339 5309 σοῦ
2375 5253 2627 5329 πρόσεστι
2679 5253 2740 5308 τὸ
2791 5253 3115 5324 λυπεῖσθαι;
3150 5256 3254 5309 Καὶ
3307 5253 3507 5316 εὐθέως
3562 5254 3697 5326 μετὰ
3742 5257 3904 5309 τοῦτο

2242 5339 2424 5418 ἕτερος
2455 5340 2693 5415 ἐπεισῄει
2726 5362 2819 5415 μοι
2852 5338 3140 5419 λογισμός.
3172 5339 3402 5420 Ἔλεγον
3451 5340 3576 5417 γὰρ,
3612 5343 3688 5414 μή
3736 5339 3791 5396 τί
3841 5362 3907 5417 γε

1837 5506 2080 5562 VARI/E
2138 5500 2531 5559 LECTIONES

572 5613 940 5687 1.5-‘Deestin
972 5630 1088 5671 uno
1126 5615 1269 5685 [ηις
1323 5617 1343 5650 ⁷
1374 5614 1447 5672 al.
1508 5615 1610 5687 ἄρα
1638 5632 1792 5674 ποτε.
1846 5612 1974 5686 κιαι.
2030 5613 2137 5667 τῶν
2199 5604 2669 5680 σπουδαζομένων.

488 5689 613 5763 παρ’
643 5683 673 5743 ὅ

2756 5608 2874 5668 ’al.
2935 5603 3095 5683 ἕρεις.
3166 5610 3211 5648 ιο
3233 5609 3309 5669 al.
3368 5604 3672 5684 ὁποτέρας.
3730 5611 3776 5649 ίί
3814 5610 3889 5667 al.
