4140 6344
261 410 393 470 473

1028 409 1566 473 CLEMENTINA.
1598 408 2055 474 —EP1TOME
2096 410 2200 472 DE
2242 412 2517 476 GESTIS
2563 415 2629 476 S.
2675 414 2935 476 PETRI.

3564 413 3686 472 474

263 541 375 616 ἄρα
403 538 503 595 τοῦ
533 544 620 595 νῦν
657 560 723 612 με
755 540 1056 602 λυποῦντος
1095 541 1324 617 χείρονα
1373 542 1486 596 ἐκεῖ
1532 541 1810 615 πείσομαι,
1850 542 1926 614 μὴ

2048 544 2368 617 Statimque
2401 550 2604 618 postea
2632 546 2746 603 alia
2765 563 2857 603 me
2882 544 3063 603 subiit
3083 544 3378 617 cogitatio.
3411 543 3685 600 Dicebam

267 625 560 704 βεϐιωκὼς
626 624 882 699 εὐσεϐῶς,
931 629 1019 684 καὶ
1086 628 1539 704 παραδοθήσομαι
1601 634 1719 685 κατ’
1773 629 1927 686 ἐνίων

264 719 589 796 φιλοσόφων
644 718 871 793 λόγους,
905 719 1355 796 Πυριφλεγέθοντι
1404 720 1494 774 καὶ
1528 719 1803 795 Ταρτάρῳ,
1854 719 1930 778 ὡς

271 808 543 885 Σίσυφος,
576 808 610 875 ἢ
644 809 859 877 Τιτυὸς,
891 808 925 877 ἢ
959 808 1147 880 Ἰξίων,
1268 807 1563 877 Τάνταλος,
1599 810 1689 863 καὶ
1738 807 1929 881 ἔσομαι

269 896 327 951 ἐν
376 891 508 965 ᾅδου
556 897 648 951 τὸν
701 896 874 951 αἶ’ῶνα
914 896 1323 970 κολαζόμενος;
1374 896 1545 953 Πάλιν
1596 896 1654 952 δὲ
1699 892 1933 961 ἀνθυπέ-

272 1007 441 1062 φερον
476 985 682 1059 λέγων,
716 985 789 1047 ὡς
826 983 1033 1056 ἀδήλου
1067 981 1222 1047 ὄντος
1273 984 1370 1041 τοῦ
1418 988 1754 1063 πράγματος,
1786 986 1932 1041 ἀκιν-

272 1072 564 1149 δυνότερόν
623 1074 733 1129 ἐστι
789 1072 1003 1147 μᾶλλον
1056 1070 1290 1137 εὐσεϐῶς
1346 1075 1538 1151 βιῶναί
1572 1097 1658 1149 με,
1688 1076 1778 1131 καὶ
1824 1080 1930 1131 τῶν

266 1168 369 1218 τοῦ
403 1164 661 1236 σώματος
692 1168 907 1239 κρατεῖν
936 1161 1165 1233 ἡδονῶν,
1202 1164 1247 1218 εί
1286 1164 1374 1219 καὶ
1432 1167 1505 1237 μή
1556 1160 1818 1240 ἀκριϐῶς,
1851 1162 1933 1219 ὅτι

267 1253 408 1308 ποτέ
443 1254 556 1307 ἐστι
588 1251 792 1308 δίκαιον
842 1254 933 1307 καὶ
976 1252 1199 1329 ἀρέσκον
1234 1259 1371 1327 Θεῷ,
1404 1252 1934 1333 πεπληροφόρημαι,

270 1340 399 1398 οὔτε
436 1342 482 1397 εἰ
513 1345 549 1412 ἡ
591 1344 744 1418 ψυχὴ
776 1341 1062 1411 ἀθάνατος,
1095 1342 1130 1412 ἢ
1164 1344 1355 1414 θνητή.

338 1611 412 1666 ν.
446 1608 665 1663 Τούτων
702 1606 794 1662 οῦν
821 1613 928 1664 τῶν
962 1608 1246 1684 λογισμῶν
1291 1609 1631 1688 στρεφόντων
1688 1632 1792 1684 μου
1838 1611 1938 1680 τήν

265 1700 487 1772 ψυχὴν,
526 1698 602 1758 εἷς
635 1694 905 1773 Αἴγυπτον
937 1697 1301 1771 πορεύσομαι,
1334 1699 1504 1767 εἷπον,
1534 1700 1624 1754 καὶ
1653 1705 1774 1761 τοῖς
1830 1703 1937 1754 τῶν

271 1785 488 1841 ἀδύτων
528 1787 875 1863 ἱεροφάνταις
906 1787 997 1841 καί
1026 1788 1337 1863 προφήταις
1384 1786 1819 1866 φιλιωθήσομαι,
1848 1773 1939 1842 καὶ

2038 633 2293 706 quippe:
2326 653 2396 691 ne
2424 637 2568 692 forte
2598 636 2678 692 ibi
2709 636 2904 708 pejora
2953 652 3018 692 eo
3050 635 3205 707 quod
3237 650 3393 689 nunc
3426 649 3518 688 me
3549 649 3687 688 cru-

2040 722 2155 776 ciat
2188 722 2398 794 patiar,
2426 723 2474 778 si
2507 740 2620 779 non
2670 724 2862 780 vixero
2894 723 3023 796 pie;
3074 740 3140 779 ac
3184 722 3505 778 secundum
3540 738 3685 793 quo-

2041 812 2312 867 rumdam
2336 811 2819 884 philosophorum
2838 813 3158 868 sententias
3176 812 3372 866 tradar
3393 810 3685 883 Pyriphle-

2042 900 2301 972 gethonti
2337 906 2393 956 et
2424 905 2662 969 tartaro,
2714 903 3213 973 quemadmodum
3262 899 3566 972 Sisyphus,
3598 899 3686 955 vel

2043 990 2266 1063 Tityus,
2299 990 2385 1046 vel
2418 990 2597 1057 Ixion,
2650 991 2740 1047 vel
2789 992 3092 1060 Tantalus,
3157 999 3332 1063 atque
3371 990 3429 1044 in
3460 989 3685 1045 inferno

2044 1083 2326 1135 aeternum
2358 1080 2617 1152 puniar?
2667 1081 2892 1137 Rursus
2942 1086 3138 1137 autem
3183 1079 3564 1151 excipiebam,
3595 1078 3685 1133 di-

2045 1186 2218 1226 cens:
2255 1168 2314 1224 in
2336 1185 2396 1224 re
2419 1186 2548 1241 quae
2572 1170 2792 1226 incerta
2814 1174 2923 1238 est,
2947 1169 3132 1225 tutius
3157 1167 3341 1223 multo
3369 1171 3458 1223 est
3479 1183 3570 1221 me
3592 1166 3687 1238 pie

2044 1259 2252 1325 vivere,
2313 1261 2369 1313 et
2424 1257 2753 1329 voluptates
2812 1257 3070 1330 corporis
3122 1257 3372 1325 vincere,
3421 1254 3691 1327 quamvis

2046 1347 2313 1405 absolute
2343 1350 2402 1402 et
2459 1352 2615 1402 certo
2674 1346 2957 1420 pleneque
3006 1363 3120 1402 non
3180 1346 3362 1402 sciam
3406 1346 3687 1417 quidnam

2038 1436 2273 1507 justum
2304 1435 2380 1490 sit
2408 1451 2474 1491 ac
2502 1434 2619 1491 Deo
2667 1439 2922 1508 gratum,
2957 1452 3060 1492 nec
3108 1439 3304 1491 utrum
3335 1432 3686 1490 immortalis

2048 1524 2125 1581 sit
2154 1523 2370 1591 anima,
2400 1540 2473 1579 an
2508 1514 2796 1580 mortalis.

2117 1612 2185 1667 V.
2218 1612 2319 1668 His
2350 1612 2547 1685 itaque
2576 1612 3027 1686 cogitationibus
3049 1614 3312 1668 animum
3342 1626 3537 1667 meum
3567 1626 3689 1666 ver-

2049 1702 2355 1758 santibus:
2393 1703 2455 1757 In
2484 1702 2793 1775 [Egyptum
2827 1702 3182 1775 proficiscar,
3231 1701 3369 1768 dixi,
3403 1704 3459 1755 et
3485 1700 3683 1771 adyto-

2049 1808 2180 1847 rum
2231 1790 2655 1863 bierophantis,
2708 1808 2773 1847 ac
2824 1791 3123 1864 prophetis
3177 1790 3403 1846 amicus
3448 1788 3685 1854 efﬁciar,

276 1876 450 1951 μάγον
508 1877 744 1944 ζητήσας
797 1874 887 1928 καὶ
938 1874 1128 1949 εὑρὼν,
1162 1876 1415 1950 χρήμασι
1464 1875 1634 1931 πείσω
1680 1874 1935 1949 πολλοῖς,

2053 1897 2343 1953 magoque
2374 1880 2619 1952 (ιυωεὶἱο
2658 1896 2724 1935 ac
2746 1881 2996 1947 invento,
3024 1878 3209 1935 multa
3232 1877 3477 1952 pecunia
3493 1876 3543 1932 ei
3566 1893 3690 1949 per-

271 1968 466 2038 ψυχῆς
528 1964 861 2035 ἀναπομπὴν
927 1964 1026 2031 τήν
1094 1962 1397 2039 λεγομένην
1456 1965 1843 2042 νεκρομαντίαν
1893 1968 1937 2003 ¹²

275 2053 633 2128 ἐργάσασθαι,
696 2052 832 2125 ἐμοῦ
884 2049 1040 2122 δῆθεν
1101 2054 1175 2116 ὡς
1232 2054 1355 2129 περὶ
1414 2054 1734 2130 πράγματός
1789 2076 1939 2117 τινος

272 2144 638 2205 πυνθάνεσθαι
676 2139 1039 2217 βουλομένου’
1080 2144 1115 2211 ἡ
1151 2139 1208 2197 δὲ
1237 2147 1423 2206 πεῦσις
1468 2141 1634 2212 ἔσται,
1666 2145 1790 2220 περὶ
1839 2148 1937 2199 τοῦ

277 2234 474 2305 μαθεῖν
506 2230 607 2305 ἄρα
637 2231 679 2285 εἷ
714 2230 974 2294 ἀθάνατος
1003 2234 1037 2301 ἡ
1068 2233 1246 2307 ψυχή.
1278 2236 1447 2287 Τοῦτο
1479 2230 1537 2287 δὲ
1576 2234 1791 2296 πάντως
1839 2232 1939 2289 οὐκ

274 2320 338 2375 ἐκ
365 2324 468 2374 τοῦ
501 2319 887 2394 ἀποκρίνασθαι
919 2318 999 2374 ὅτι
1048 2322 1091 2358 ³³
1121 2320 1380 2384 ἀθάνατός
1426 2320 1589 2393 ἐστιν,
1623 2317 1731 2378 ἔστι
1766 2326 1809 2359 ¹⁴
1842 2344 1935 2396 μοι

270 2414 499 2485 γνῶναι,
536 2407 659 2463 ἀλλ’
689 2409 797 2463 ἀπὸ
825 2413 920 2464 τοῦ
955 2408 1188 2488 ὀφθῆναι
1238 2409 1403 2484 μόνον
1449 2409 1531 2465 ὅτι
1582 2411 1736 2465 ἐστίν.
1786 2409 1934 2468 Ἰδὼν

279 2500 389 2574 γὰρ
422 2497 590 2567 αὐτὴν
619 2497 803 2560 αὐτοῖς
834 2494 1099 2572 ὄμμασιν,
1132 2499 1321 2567 ἱκανὴν
1372 2496 1474 2572 ἔξω
1530 2498 1935 2579 πληροφορὶαν,

274 2587 373 2641 καὶ
432 2584 611 2640 οὐκέτι
691 2586 985 2661 πιστότερα
1052 2586 1351 2665 ὀφθαλμῶν
1420 2585 1531 2643 ὦτα
1604 2591 1931 2662 ποιήσομαι.

276 2678 473 2746 ’Ὁμως
507 2672 796 2753 φιλοσόφῳ
823 2676 929 2730 τινὶ
960 2680 1067 2730 τῶν
1112 2678 1378 2746 συνήθων,
1410 2676 1499 2731 καὶ
1546 2676 1748 2747 ταύτην
1795 2678 1937 2734 ἐκοι-

276 2764 496 2835 νούμην
528 2765 625 2832 τὴν
656 2765 905 2840 γνώμην,
939 2765 967 2819 ὁ
1013 2761 1069 2819 δὲ
1115 2760 1467 2821 συνεϐούλευὲ
1516 2788 1609 2839 μοι
1665 2767 1740 2841 μὴ
1782 2766 1935 2823 λυσι-

276 2850 440 2914 τεὶές
492 2852 623 2906 εἶναι
675 2850 838 2907 τοῦτο
879 2851 1159 2925 τολμῆσαι
1210 2851 1357 2909 δυοῖν
1403 2851 1577 2911 ἕνεκα.
1610 2853 1681 2910 Εἴ
1720 2877 1779 2912 τε
1808 2857 1933 2933 γὰρ,

282 2940 413 3019 ἔφη,
449 2941 663 3004 πάντως
696 2942 804 3017 οὐχ
846 2941 1199 2998 ὑπακούσεται
1230 2946 1264 3013 ἠ
1297 2944 1451 3019 ψυχὴ
1501 2948 1581 3017 τῷ
1641 2945 1817 3021 μάγῳ,
1846 2944 1938 3001 καὶ

284 3031 353 3086 σὺ
392 3036 510 3092 τοῖς
553 3036 719 3085 ταῦτα
767 3036 942 3085 ποιεῖν
990 3031 1388 3107 ἀπαγορεύουσι
1436 3033 1628 3107 νόμοις
1681 3034 1754 3096 ὡς
1795 3035 1937 3090 ἀντι-

382 3120 424 3144 νν
558 3116 581 3135 κ
806 3117 829 3137 ’κ
1116 3121 1127 3140 ι

284 3140 510 3194 πραςας,
554 3122 982 3190 ουσσυνειοήτως
1034 3121 1270 3195 βιωσειςο
1314 3121 1361 3176 εί
1409 3118 1467 3177 δὲ
1502 3122 1591 3177 καὶ
1641 3122 1942 3178 εἷσακούσε-

279 3230 398 3279 ται,
437 3209 570 3281 μετὰ
617 3213 711 3263 τοῦ
763 3206 1193 3280 δυσσυνειδήτως
1241 3230 1299 3263 σε
1350 3210 1528 3285 βιοῦν,
1560 3210 1713 3284 οἶμαι
1754 3211 1843 3266 καὶ
1871 3212 1939 3267 τὰ

2049 1969 2332 2036 suadebo,
2365 1974 2429 2024 ut
2460 1968 2666 2025 animas
2698 1969 3113 2038 evocationem,
3146 1985 3321 2041 quam
3351 1982 3690 2023 necroman-

2046 2058 2187 2114 tiam
2226 2062 2450 2127 vocant,
2485 2058 2677 2126 faciat,
2728 2063 3010 2130 tanquam
3058 2058 3325 2113 videlicet
3355 2057 3426 2111 de
3456 2054 3685 2126 negotio

2047 2145 2244 2217 aliquo
2275 2147 2597 2218 percontari
2632 2145 2799 2202 velim
2828 2164 2840 2202 :
2875 2163 3044 2217 porro
3075 2146 3184 2202 erit
3209 2144 3587 2218 percontatio,
3620 2144 3686 2197 ut

2047 2235 2267 2290 discam
2297 2238 2495 2289 utrum
2520 2234 2713 2290 anima
2734 2236 2810 2291 sit
2830 2234 3200 2291 immortalis.
3224 2235 3281 2289 Id
3306 2238 3502 2289 autem
3525 2248 3685 2304 pror-

2046 2340 2149 2379 sus
2181 2339 2551 2395 cognoscam,
2579 2340 2693 2379 non
2717 2340 2785 2379 ex
2805 2340 2872 2380 eo
2898 2325 3049 2396 quod
3075 2322 3450 2395 respondebit
3480 2338 3542 2377 se
3558 2336 3685 2377 esse

2045 2411 2462 2479 immortalem,
2486 2412 2587 2467 sed
2609 2429 2678 2467 ex
2706 2429 2772 2468 eo
2793 2413 3241 2484 duntaxatquod
3265 2410 3425 2466 illam
3443 2410 3687 2466 existere

2044 2500 2288 2557 videbo:
2324 2517 2460 2556 nam
2521 2500 2706 2557 oculis
2738 2502 2885 2557 meis
2915 2518 3159 2558 cernens
3206 2517 3357 2566 eam,
3389 2498 3531 2555 satis
3562 2516 3688 2554 ma-

2046 2606 2222 2663 gnam
2254 2590 2479 2646 habebo
2528 2590 2961 2659 certitudinem,
3018 2607 3123 2647 nec
3171 2591 3298 2661 jam
3344 2589 3476 2662 plus
3508 2589 3686 2644 ﬁdam

2045 2678 2309 2750 auribus,
2326 2695 2502 2751 quam
2523 2679 2726 2735 oculis.
2746 2680 3162 2735 Verumtamen
3181 2696 3313 2735 cum
3339 2677 3685 2751 philosopho

2047 2768 2301 2839 quodam
2333 2784 2401 2823 ex
2440 2767 2829 2824 familiaribus
2886 2768 3033 2824 meis
3062 2768 3173 2824 hoc
3230 2784 3464 2840 quoque
3494 2766 3686 2823 consi-

2046 2856 2193 2911 lium
2224 2857 2647 2912 communicavi
2673 2874 2686 2912 :
2721 2858 2771 2912 is
2800 2874 2934 2913 vero
2967 2857 3193 2912 monuit
3223 2873 3337 2922 me,
3371 2872 3486 2911 non
3517 2870 3687 2927 expe-

2046 2945 2167 3000 dire
2198 2950 2262 2999 ut
2292 2945 2349 3000 id
2382 2946 2677 3013 auderem,
2711 2946 2857 3002 duas
2902 2946 2973 3001 ob
3017 2961 3247 3001 causas.
3280 2945 3337 3000 Si
3372 2944 3548 3013 enim,
3591 2943 3687 2997 in-

2048 3032 2194 3105 quit,
2226 3032 2396 3105 plane
2428 3050 2597 3104 mago
2630 3051 2744 3089 non
2775 3034 3057 3090 obedierit
3086 3034 3300 3100 anima,
3333 3038 3398 3087 tu
3431 3046 3685 3104 quoque,

2048 3127 2114 3177 ut
2139 3126 2268 3193 pote
2290 3122 2388 3193 qui
2414 3121 2643 3196 legibus
2664 3122 2783 3178 haec
2805 3139 2973 3195 agere
2997 3123 3324 3178 vetantibus
3347 3122 3687 3177 adversatus

2050 3211 2249 3279 fueris,
2282 3213 2436 3267 male
2482 3212 2588 3267 tibi
2638 3212 2910 3268 conscius
2966 3212 3160 3281 vives;
3213 3211 3302 3267 sin
3360 3214 3553 3265 autem
3586 3225 3686 3280 pa-

278 3303 384 3365 τῆς
440 3291 707 3358 εὐσεϐείας
766 3293 960 3369 μηκέτι
1007 3318 1089 3352 σοι
1138 3303 1477 3373 προχωρεῖν,
1527 3299 1587 3353 οῦ
1643 3298 1816 3354 ἕνεκεν
1870 3300 1935 3355 τὰ

2050 3300 2251 3371 ruerit,
2287 3306 2670 3372 praeterquam
2702 3302 2858 3372 quod
2890 3302 3044 3357 vives
3077 3280 3226 3356 male
3260 3298 3366 3354 tibi
3397 3297 3687 3361 conscius,

283 3390 507 3439 τοιαῦτα
562 3384 817 3458 ἐτόλμας.
852 3385 1186 3462 Ἐχθραίνειν
1238 3387 1341 3463 γὰρ
1383 3388 1445 3442 τὸ
1493 3390 1632 3443 θεῖον
1682 3388 1932 3463 λέγουσιν

278 3472 370 3528 ἐπὶ
399 3480 517 3535 τοῖς
551 3472 847 3529 σκύλλουσι
881 3476 978 3537 τὰς
1009 3474 1191 3550 ψυχὰς
1225 3475 1358 3548 μετὰ
1385 3477 1484 3545 τήν
1526 3476 1630 3531 ἀπὸ
1676 3482 1774 3532 τοῦ
1826 3480 1933 3533 σώ-

279 3584 456 3636 ματος
514 3562 727 3617 ἐκείνων
791 3561 1059 3621 διάλυσιν.
1110 3566 1257 3639 Ἐγὼ
1330 3562 1387 3620 δὲ
1450 3570 1616 3621 ταῦτα
1680 3566 1934 3635 ἀκούσας,

277 3652 647 3728 ὀκνηρότερος
692 3653 785 3725 μὲν
840 3651 926 3707 ἐπὶ
976 3654 1039 3708 τὸ
1098 3652 1410 3729 ἐγχείρημα
1459 3653 1740 3729 ἐγενόμην·
1791 3655 1939 3712 ἀλλὰ

276 3749 383 3811 τῆς
416 3743 684 3817 προτέρας
717 3741 922 3804 ἐννοίας
981 3741 1190 3813 ἐκείνης
1246 3744 1578 3798 παντάπασιν
1638 3744 1939 3814 ἀποστῆναι

282 3830 383 3884 οὐκ
413 3828 724 3902 ἠδυνάμην.

358 4011 461 4065 VI.
496 4008 592 4062 Καὶ
623 4006 714 4063 ’ίνα
747 4008 823 4080 μή
850 4029 935 4063 σοι
965 4007 1031 4063 τὰ
1059 4013 1283 4063 τοιαῦτα
1318 4011 1521 4083 μακρὸν
1551 4009 1813 4067 ἀποτείνω
1843 4010 1939 4068 λό-

282 4119 405 4171 γον,
460 4096 512 4150 ἐν
570 4095 851 4159 τοσούτοις
913 4094 1203 4173 λογισμοῖς
1261 4097 1350 4152 καὶ
1415 4098 1721 4175 πράγμασιν
1785 4095 1939 4164 ὄντος

286 4208 413 4259 μοι),
462 4188 623 4263 φήμη
672 4207 757 4247 τις
825 4184 1025 4260 ἠρέμα,
1076 4181 1326 4262 Τιϐερίου
1376 4187 1643 4263 Καίσαρος
1698 4190 1766 4244 τὰ
1806 4191 1939 4245 Ῥω-

283 4275 456 4348 μαϊκὰ
513 4271 796 4336 διέποντος
856 4280 1125 4350 σκῆπτρα,
1182 4272 1340 4349 ἔαρος
1414 4274 1523 4347 ἤδη
1603 4276 1938 4353 ἀρχομένου,

277 4362 506 4435 ηὔξανεν
557 4363 751 4417 ὁπόσαι
790 4364 1015 4439 ἡμέραι,
1056 4364 1145 4418 καὶ
1195 4364 1270 4426 ὡς
1319 4362 1539 4435 ἀληθῶς
1580 4365 1752 4442 ἀγαθή
1803 4372 1937 4422 Θεοῦ

280 4450 517 4527 ἅγγελος
550 4449 691 4524 διῄει
719 4453 809 4506 τὸν
840 4452 1071 4524 κόσμον,
1101 4453 1164 4507 τὸ
1192 4456 1290 4508 τοῦ
1317 4457 1450 4508 Θεοῦ
1484 4458 1612 4529 σιγῇ
1677 4454 1938 4531 βούλημα

280 4540 491 4614 στέγειν
526 4539 585 4595 ού
619 4538 910 4613 δυναμὲνη’
950 4538 1163 4614 μᾶλλον
1207 4539 1264 4596 δὲ
1311 4542 1401 4596 καὶ
1448 4540 1653 4599 πλείων
1711 4544 1937 4615 ἑκάστης

2044 3389 2223 3444 etiam
2281 3407 2405 3461 qua:
2438 3389 2506 3444 ad
2562 3390 2722 3461 pium
2753 3389 2975 3445 cultum
3034 3390 3326 3462 pertinent
3367 3389 3558 3460 (cujus
3601 3386 3681 3441 rei

2044 3479 2231 3551 gratia
2258 3477 2398 3534 talia
2428 3494 2741 3550 aggressus
2796 3478 3020 3546 fueris),
3079 3494 3193 3532 non
3232 3479 3355 3546 jam
3396 3476 3504 3531 tibi
3537 3475 3684 3531 bene

2045 3582 2285 3622 cessura
2312 3567 2595 3624 existimo.
2628 3567 2995 3623 Divinitatem
3027 3566 3182 3621 enim
3212 3565 3380 3621 aiunt
3410 3565 3683 3620 infestam

2046 3672 2174 3711 esse
2206 3656 2298 3726 iis,
2332 3656 2431 3727 qui
2463 3656 2712 3723 animas,
2768 3661 3075 3728 postquam
3109 3673 3142 3711 a
3189 3654 3530 3725 corporibus
3560 3652 3685 3708 suis

2048 3743 2347 3800 dissolutae
2368 3748 2527 3813 sunt,
2553 3749 2781 3800 vexant.
2802 3745 2920 3816 Ego
2941 3761 3073 3799 vero
3098 3743 3187 3799 bis
3208 3743 3444 3809 auditis,
3462 3741 3693 3813 segnior

2048 3832 2286 3904 quidem
2320 3833 2390 3888 ad
2424 3834 2787 3905 propositum
2835 3834 3022 3889 factus
3070 3850 3224 3902 sum,
3258 3833 3356 3887 sed
3391 3830 3491 3885 illa
3522 3846 3693 3901 supe-

2050 3923 2201 3978 riore
2234 3923 2585 3994 cogitatione
2616 3923 2855 3979 omnino
2885 3940 2998 3978 non
3032 3928 3292 3994 poteram
3325 3919 3626 3975 absistere.

2120 4011 2216 4066 Vl.
2249 4013 2329 4067 Ac
2360 4029 2431 4068 ne
2464 4013 2535 4067 de
2568 4011 2661 4067 his
2690 4012 2795 4067 tibi
2829 4012 3068 4085 longum
3102 4025 3434 4067 sermonem
3466 4008 3694 4078 faciam,

2049 4116 2181 4155 cum
2217 4101 2274 4155 in
2308 4098 2526 4156 talibus
2574 4100 3139 4157 considerationibus
3177 4117 3244 4155 ac
3294 4097 3541 4171 negotiis
3568 4113 3693 4152 ver-

2050 4207 2231 4255 sarer,
2265 4189 2490 4246 Tiberio
2541 4189 2765 4245 Caesare
2811 4190 3073 4246 Romana
3128 4192 3358 4261 sceptra
3386 4190 3693 4253 tractante,

2050 4283 2182 4351 post
2211 4278 2445 4333 initium
2492 4279 2664 4343 veris,
2714 4280 2871 4336 fama
2920 4279 3185 4350 quaedam
3236 4277 3454 4334 sensim
3486 4276 3693 4331 diebus

2052 4368 2301 4441 singulis
2332 4368 2681 4439 percrebuit,
2730 4371 2787 4423 et
2835 4384 3033 4423 revera
3082 4368 3271 4423 bonus
3318 4365 3419 4421 Dei
3450 4364 3693 4419 nuntius

2051 4456 2340 4512 mundum
2374 4457 2648 4526 pervasit,
2683 4456 2784 4512 Dei
2832 4457 3190 4511 voluntatem
3240 4455 3473 4510 silentio
3503 4457 3695 4526 tegere

2051 4562 2167 4600 non
2198 4544 2432 4600 valens:
2468 4544 2569 4600 sed
2600 4549 2656 4600 et
2712 4562 2817 4617 per
2863 4544 3127 4616 singulos
3184 4545 3307 4600 dies
3361 4540 3609 4613 amplior
3638 4544 3696 4596 et

279 4630 496 4703 ἡμέρας
555 4629 644 4682 καὶ
706 4629 903 4702 μείζων
964 4629 1188 4704 ἐγίνετο,
1248 4628 1483 4704 λέγουσα
1539 4629 1612 4693 ὥς
1668 4631 1751 4694 τίς
1808 4654 1935 4688 ποτε

2048 4635 2236 4704 major
2265 4634 2459 4700 ﬁebat,
2484 4632 2569 4688 sic
2592 4634 2849 4689 referens
2875 4650 2889 4689 :
2914 4633 3161 4697 Quidam
3184 4633 3243 4687 in
3264 4632 3485 4697 Judma,
3519 4630 3686 4684 initio

280 4719 331 4773 ἐν
375 4715 618 4788 Ἰουδαίᾳ
674 4718 723 4787 ἐξ
784 4717 1000 4793 ἐαρινῆς
1059 4725 1267 4791 τροπῆς
1326 4714 1510 4773 λαϐὼν
1569 4721 1670 4788 τὴν
1730 4720 1932 4796 ἀρχὴν,

279 4805 545 4863 Ἰούδαίαν
580 4809 623 4842 ³⁵
649 4808 747 4875 την
777 4811 874 4860 τοῦ
904 4806 1084 4861 ἀϊδίου
1129 4812 1263 4863 Θεοῦ
1322 4805 1726 4884 εὐαγγελίζεται
1790 4810 1938 4886 βασι-

281 4894 456 4967 λείαν,
489 4898 554 4964 ἧς
585 4893 878 4950 ἀπολαύειν
933 4894 1125 4968 μέλλει
1159 4898 1223 4963 ¹⁶,
1258 4894 1344 4950 ἐάν
1388 4917 1473 4958 τις
1520 4896 1665 4969 αύτῷ
1712 4897 1934 4971 ἀρίστην

280 4982 373 5039 διὰ
403 4986 617 5039 πάντων
650 4982 981 5056 ἐπιδείξηται
1011 4982 1314 5039 πολιτείαν·
1354 4988 1453 5040 τοῦ
1485 4983 1542 5040 δὲ
1597 4986 1934 5041 πιστεύεσθαι

278 5074 440 5129 αὐτὸν
504 5073 686 5149 χάριν,
745 5072 826 5128 ὅτι
887 5071 1143 5144 θεότητος
1197 5075 1379 5149 γέμων
1450 5078 1617 5131 ταῦτα
1674 5073 1934 5149 διδάσκει,

275 5163 466 5219 πολλᾶ
523 5164 815 5235 Θαυμάσια,
865 5161 1058 5233 τέρατά
1108 5182 1167 5217 τε
1219 5162 1309 5217 καὶ
1376 5169 1580 5235 σημεῖα
1636 5163 1933 5240 ἐργάζεται,

276 5251 484 5327 ῥήματι
537 5251 690 5325 μόνῳ
728 5249 945 5328 κωφοὺς
1002 5250 1216 5305 ἀκούειν
1275 5256 1468 5324 ποιῶν,
1509 5252 1752 5330 τυφλοὺς
1810 5253 1935 5308 ἀνα-

273 5336 520 5413 ϐλέπειν,
568 5339 791 5415 χωλοὺς
838 5343 1172 5414 περιπατεῖν,
1215 5340 1304 5395 καὶ
1351 5345 1522 5396 πᾶσαν
1581 5340 1739 5397 νόσον
1805 5341 1935 5398 ἀπε-

2045 4727 2282 4794 sumpto
2311 4740 2345 4777 a
2374 4739 2548 4777 verno
2581 4726 2862 4794 tempore,
2893 4722 3091 4777 aeterni
3136 4721 3231 4777 Dei
3262 4736 3502 4791 regnum
3537 4718 3684 4773 inibi

2046 4812 2339 4885 praadicat,
2372 4810 2526 4881 quod
2576 4816 2955 4882 percepturus
2986 4810 3083 4879 sit,
3142 4812 3239 4881 qui
3271 4807 3551 4880 optimam
3583 4822 3687 4877 per

2045 4901 2243 4957 omnia
2271 4900 2449 4953 vitam
2505 4898 2617 4971 ipsi
2650 4899 2978 4955 exhibebit:
3037 4903 3103 4953 ut
3150 4902 3345 4953 autem
3388 4896 3681 4962 credatur,

2044 5007 2177 5045 eum
2212 4988 2533 5043 divinitatis
2564 4987 2802 5058 plenum
2835 4988 3039 5043 docere
3068 4987 3200 5054 ista,
3227 4988 3269 5022 ³⁷
3302 4984 3485 5040 multa
3517 4984 3686 5038 mira-

2044 5079 2205 5146 bilia,
2240 5078 2505 5150 prodigia
2533 5083 2592 5132 et
2623 5077 2794 5149 signa
2824 5078 2963 5147 edit,
2995 5076 3118 5132 solo
3148 5076 3320 5131 verbo
3354 5075 3571 5129 faciens
3593 5090 3690 5128 au-

2045 5168 2170 5223 dire
2200 5167 2431 5237 surdos,
2484 5182 2664 5221 caecos
2712 5166 2926 5233 videre,
2978 5165 3219 5221 claudos
3258 5162 3598 5230 ambulare;
3630 5166 3690 5217 et

2044 5272 2274 5313 omnem
2323 5255 2591 5310 morbum
2641 5254 2894 5325 depellit,
2956 5268 3307 5324 omnemque
3365 5252 3686 5306 damonem

2044 5346 2243 5418 fugat:
2279 5343 2603 5416 quinetiam
2632 5341 2845 5415 leprosi
2876 5342 3108 5398 eminus
3128 5345 3357 5397 tantum
3391 5340 3687 5395 intuentes

1626 5510 1872 5569 νΑΒυΕ
1910 5512 2327 5572 LECTIONES.

352 5664 396 5699 ι’
427 5660 514 5739 al1
566 5659 973 5736 νικυομαντίαν.
1051 5661 1096 5701 ¹⁸
1150 5662 1226 5721 al.
1289 5657 1457 5730 αὐτὴν
1516 5658 1600 5717 δτι
1678 5664 1724 5701 ⁸⁸
1779 5662 1858 5721 al.
1912 5660 2058 5719 ἔσται
2136 5665 2181 5703 ³⁸
2234 5663 2309 5721 al.
2370 5658 2654 5725 Ἰουδαίοις
2734 5662 2776 5702 ⁸⁸
2827 5661 2904 5720 al.
2964 5659 3130 5739 λέγει.
3211 5664 3255 5702 ⁸⁷
3310 5662 3352 5721 1.
3384 5663 3609 5735 Recogn.
3641 5660 3683 5719 l.

279 5752 334 5807 ν,
365 5752 417 5793 ο.
452 5734 543 5793 10.
