4148 6342
400 386 522 445 475

1225 388 1290 448 S.
1338 386 1781 449 CLEMENTIS
1824 386 1850 448 Ι
1896 385 2088 447 ΒΟΜ.
2133 386 2365 448 ΡΟΝΤ.
2412 386 2677 448 OPERA
2722 385 2992 448 DUBIA.

3698 389 3821 450 476

401 535 560 589 eum,
603 518 790 574 sanati
817 519 1055 587 abeunt,
1098 519 1313 575 mortui
1355 519 1532 574 oblati
1556 520 1940 587 suscitantur,
1965 518 2049 572 ni-

2178 515 2363 584 lat-Svez,
2398 516 2487 571 καὶ
2531 515 2703 571 πάντα
2752 513 2982 589 δαίμονα
3031 514 3341 594 φυγαδεύει·
3379 515 3527 574 ἀλλὰ
3581 519 3673 573 καὶ
3727 517 3822 574 λε-

409 606 617 679 hilque
649 612 737 662 est
769 609 919 679 quod
978 609 1166 664 facere
1222 613 1489 680 nequeat.
1551 613 1741 680 Atque
1774 625 1889 680 quo
1923 607 2055 679 plus

409 696 694 767 temporis
728 697 1074 766 praeteribat.
1104 714 1168 753 eo
1200 699 1390 767 major
1420 714 1484 751 ac
1513 696 1736 752 firmior
1767 713 1868 767 per
1898 712 2055 751 com-

410 784 609 857 plures
640 784 801 839 illinc
849 785 1221 841 advenientes
1271 786 1575 851 existebat,
1631 802 1744 840 non
1777 783 2054 856 amplius,

414 873 679 943 inquam,
714 873 888 941 fama,
922 874 1020 928 sed
1081 874 1210 946 ipsa
1259 875 1338 929 rei
1387 875 1617 929 veritas.
1678 874 1809 929 Jam
1841 888 1972 928 vero
2003 875 2061 927 et

415 966 597 1017 ccstus
628 977 730 1032 per
759 961 885 1017 loca
916 963 1155 1030 fiebant,
1178 968 1240 1017 ut
1261 963 1696 1018 consultaretur
1718 980 1784 1018 ac
1810 963 2057 1035 dispice-

415 1055 593 1121 retur,
626 1051 898 1121 quisnam
940 1056 1095 1107 esset
1124 1052 1197 1120 is,
1256 1052 1355 1124 qui
1408 1052 1797 1123 apparuisset,
1830 1057 1887 1107 et
1917 1052 2057 1122 quid

419 1138 586 1194 vellet
616 1138 825 1194 dicere.

485 1405 608 1460 VII.
645 1406 789 1461 Cum
822 1410 1017 1461 autem
1053 1423 1242 1462 annus
1292 1407 1363 1462 ad
1394 1410 1748 1464 autumnum
1776 1408 1895 1478 jam
1927 1424 2060 1464 ver-

414 1498 597 1565 geret,
631 1494 804 1549 homo
850 1495 1092 1567 quidam
1139 1500 1303 1552 stans
1334 1496 1393 1551 in
1425 1496 1550 1551 loco
1609 1496 1881 1567 publico:
1916 1497 2059 1563 Viri,

417 1582 627 1653 inquit,
662 1584 929 1649 Romani,
964 1585 1195 1641 audite:
1221 1585 1320 1640 Dei
1354 1585 1535 1640 Filius
1563 1584 1620 1640 in
1642 1586 1845 1642 Judma
1872 1587 2061 1655 adest,

419 1671 644 1727 cunctis
696 1671 1025 1729 volentibus
1080 1674 1426 1745 promittens
1480 1675 1656 1730 vitam
1705 1680 1980 1730 aeternam
2011 1675 2062 1730 si

420 1760 661 1815 fecerint
689 1778 815 1832 quae
839 1762 1008 1832 jubet
1040 1762 1089 1817 is
1138 1763 1236 1834 qui
1285 1762 1449 1818 misit
1480 1762 1669 1819 illum.
1703 1763 2065 1836 Quapropter

417 1849 819 1905 convertimini
842 1868 875 1905 a
896 1852 1281 1907 deterioribus
1314 1852 1385 1907 ad
1419 1851 1682 1923 meliora,
1708 1869 1739 1907 a
1770 1857 2062 1925 tempora-

418 1938 523 1994 riis
555 1939 623 1993 ad
657 1942 906 2007 aeterna;
942 1944 997 1995 et
1049 1941 1348 2013 agnoscite
1397 1946 1599 2009 Deum,
1652 1941 1753 2013 qui
1782 1942 1840 1995 in
1872 1940 2063 1996 tribus

419 2028 689 2083 Personis
724 2045 876 2083 unus
899 2033 1007 2094 est,
1042 2030 1212 2100 cujus
1244 2030 1529 2085 mundum
1558 2029 1774 2101 injuste
1808 2029 2064 2085 incolitis

424 2122 556 2174 ante
580 2118 775 2189 justos
805 2118 933 2187 ejus
966 2118 1186 2175 oculos.
1211 2120 1423 2174 Verum
1459 2119 1506 2174 si
1537 2118 1979 2185 convertamini,
2009 2121 2065 2173 et

423 2206 747 2261 secundum
780 2205 1137 2262 voluntatem
1179 2207 1341 2263 illius
1389 2207 1612 2278 vivatis,
1664 2208 1725 2262 in
1769 2208 1927 2263 aliud
1956 2224 2065 2263 saa-

423 2295 623 2351 culum
654 2296 892 2361 sublati,
923 2298 1239 2369 aeternique
1268 2298 1477 2365 effecti,
1512 2296 1906 2353 inetiabilibus
1936 2298 2064 2369 ejus

421 2385 594 2441 bonis
624 2385 1002 2456 perfruemini
1028 2403 1040 2441 :
1066 2386 1156 2441 sin
1188 2403 1319 2441 vero
1348 2402 1569 2442 morem
1603 2402 1715 2441 non
1742 2386 2062 2457 gesseritis,

419 2478 735 2545 postquam
766 2490 833 2528 ex
881 2474 990 2529 hac
1018 2474 1135 2529 vita
1184 2475 1533 2547 migrabitis,
1583 2474 1641 2529 in
1690 2475 1878 2530 locum
1910 2473 2063 2547 ignis

421 2562 941 2632 conjiciemini,ubi
973 2568 1251 2618 aeternum
1287 2564 1494 2635 puniti.
1524 2564 1739 2619 frustra
1770 2562 2063 2619 ducemini

421 2652 799 2724 pcenitentia:
836 2669 970 2707 nam
1020 2652 1373 2724 poenitentiae
1422 2658 1654 2724 tempus
1700 2654 1758 2707 in
1792 2652 2063 2724 presenti

423 2740 894 2811 uniuscujusque
923 2741 1041 2795 vita
1070 2740 1355 2796 consistit.
1411 2743 1536 2795 Haec
1566 2741 1745 2812 igitur
1770 2740 1867 2795 ille
1898 2741 2061 2795 dixit.

422 2829 541 2900 Ego
570 2844 703 2882 vero
735 2844 867 2883 cum
904 2828 1221 2896 audissem,
1249 2843 1397 2899 aegre
1420 2828 1672 2883 ferebam
1707 2829 1861 2899 quod
1894 2843 2065 2882 nemo

425 2933 493 2973 ex
523 2920 687 2971 tanta
724 2916 1120 2985 multitudine,
1174 2917 1372 2970 audita
1414 2920 1537 2970 tam
1588 2932 1800 2988 magna
1832 2915 2065 2970 nuntia-

425 3007 603 3070 tione,
638 3004 915 3060 dixisset:
956 3006 1015 3059 In
1046 3005 1308 3059 Judzeam
1358 3004 1711 3075 proﬁciscar,
1747 3009 1810 3058 ut
1838 3004 2064 3059 videam

426 3111 499 3150 an
526 3094 637 3150 iste
666 3110 802 3149 vera
856 3092 1149 3164 loquatur,
1191 3094 1331 3149 dum
1362 3093 1463 3162 ait,
1518 3092 1617 3148 Dei
1650 3092 1862 3147 Filium
1894 3093 2065 3148 adve-

424 3184 584 3239 nisse
612 3183 671 3238 in
703 3183 988 3250 Judaaam,
1022 3186 1257 3255 propter
1303 3181 1719 3253 sempiternam
1751 3198 1818 3238 ac
1849 3182 2064 3237 bonam

2164 606 2292 681 προὶ
2325 604 2383 660 ἐκ
2428 602 2793 679 διαστήματος
2845 605 3006 679 μόνον
3057 606 3347 683 ἐνορῶντες
3386 606 3551 680 αὐτῷ,
3589 608 3822 681 ἰώμενοι

2164 692 2627 762 ἀπαλλάσσονται,
2678 694 2859 771 νεκροὶ
2929 695 3360 772 προσφερόμενοι
3438 696 3818 773 ἐξεγείρονται,

2164 784 2253 837 καὶ
2313 781 2465 838 οὐδέν
2523 784 2715 839 ἐστινὸ
2750 785 2827 857 μὴ
2887 781 3111 846 δυνατὸς
3161 782 3245 855 εἶή
3305 790 3499 843 ποιεῖν.
3546 786 3643 840 Καὶ
3706 785 3822 858 ὅσῳ

2165 892 2229 945 γε
2280 870 2489 945 μᾶλλον
2540 872 2569 925 6
2617 873 2819 948 χρόνος
2866 873 3189 947 προέκοπτε,
3221 872 3366 928 πολὺ
3418 874 3617 946 μείζων
3654 877 3700 913 ιθ
3733 872 3825 928 διὰ

2166 959 2434 1016 πλειόνων
2491 965 2600 1016 τῶν
2650 958 3065 1035 ἐπιδημούντων
3141 962 3231 1016 καὶ
3295 956 3616 1037 βεϐαιοτέρα
3669 963 3826 1027 καθί-

2166 1070 2347 1117 στατο,
2381 1049 2478 1105 οὐκ
2528 1049 2606 1104 ἔτι
2663 1052 2824 1127 φήμη
2882 1049 3044 1127 λέγω,
3078 1048 3206 1106 ἀλλ’
3246 1050 3380 1120 αύτὴ
3427 1056 3525 1107 τοῦ
3575 1054 3827 1128 πράγμα-

2164 1158 2258 1199 τος
2287 1140 2321 1207 ἡ
2356 1137 2604 1209 ἀλήθεια.
2637 1136 2775 1207 Ἤδη
2810 1137 2913 1214 γάρ
2969 1159 3102 1194 ποτε
3158 1139 3249 1193 καὶ
3311 1142 3630 1213 συστήματα
3684 1140 3827 1195 κατὰ

2164 1225 2365 1289 τόπους
2397 1226 2617 1303 ἐγίνετο,
2655 1225 2865 1303 βουλῆς
2890 1227 2980 1282 καὶ
3036 1229 3275 1302 σκέψεως
3310 1225 3487 1299 ἕνεκα,
3516 1230 3581 1284 τὸ
3634 1228 3718 1292 τίς
3760 1228 3823 1285 ἃν

2169 1314 2197 1369 6
2228 1312 2411 1391 φανεὶς
2443 1311 2550 1384 εἴη,
2583 1313 2746 1371 καίτί
2782 1314 3036 1391 βούλεται
3068 1313 3267 1393 λέγειν.

2239 1404 2360 1461 VII.
2392 1404 2549 1480 Ἀρτι
2582 1402 2640 1459 δὲ
2665 1408 2762 1460 τοῦ
2792 1399 2944 1468 ἔτους
2974 1406 3113 1481 πρὸς
3142 1406 3204 1461 τὸ
3234 1406 3635 1483 φθινοπωρινὸν
3688 1406 3827 1462 ἀπο-

2168 1490 2469 1564 κλίνοντος,
2501 1492 2635 1569 ἀνήρ
2663 1513 2746 1555 τις
2777 1490 3019 1566 δημοσίᾳ
3066 1492 3213 1563 στὰς,
3246 1491 3494 1569 Ἀνδρες,
3528 1493 3656 1573 ἔφη,
3684 1495 3826 1549 Ῥω-

2174 1586 2349 1655 μαῖοι,
2406 1581 2686 1637 ἀκούσατε·
2720 1583 2749 1637 6
2774 1586 2875 1639 τοῦ
2930 1587 3063 1639 Θεοῦ
3148 1583 3232 1646 ἳὸς
3284 1581 3335 1638 ἐν
3378 1580 3614 1655 Ἰουδαίᾳ
3645 1586 3689 1623 ¹⁹
3718 1584 3828 1638 πά-

2171 1689 2369 1745 ρεστιν,
2402 1668 2872 1748 ἐπαγγελλόμενος
2919 1677 3049 1727 πᾶσι
3103 1677 3221 1735 τοῖς
3273 1669 3637 1749 βουλομένοις
3670 1672 3822 1742 ζωὴν

2171 1758 2410 1832 αἰώνιον,
2438 1758 2523 1816 ἐὰν
2554 1760 2622 1815 τὰ
2649 1760 2785 1815 κατά
2812 1761 3041 1835 γνώμην
3071 1764 3168 1816 τοῦ
3203 1761 3521 1835 πέμψαντος
3572 1760 3730 1816 αὐτὸν
3780 1763 3830 1799 ⁸ο

2170 1848 2432 1924 πράξωσι.
2468 1850 2561 1903 Διὸ
2595 1844 2999 1923 μεταϐάλλεσθε
3031 1850 3136 1904 ἀπὸ
3162 1853 3270 1904 τῶν
3306 1848 3573 1926 χειρόνων
3634 1848 3724 1904 ἐπὶ
3754 1849 3823 1905 τὰ

2170 1936 2469 2009 κρείττονα,
2503 1938 2609 1993 ἀπὸ
2665 1942 2772 1992 τῶν
2829 1937 3173 2014 προσκαίρων
3233 1937 3321 1993 ἐπὶ
3376 1938 3444 1992 τὰ
3485 1936 3824 2007 αἷώνια,καὶ

2170 2030 2339 2103 γνῶτε
2365 2026 2457 2082 τὸν
2509 2025 2560 2081 ἐν
2605 2024 2776 2101 τρισίν
2820 2025 3192 2081 Ὑποστάσεσιν
3239 2022 3330 2082 ἕνα
3367 2026 3494 2082 Θεὸν
3528 2030 3597 2097 ²ί,
3627 2026 3689 2081 οὗ
3725 2026 3830 2083 τὸκ

2171 2114 2375 2188 κόσμον
2411 2113 2612 2177 ἀδίκως
2644 2114 2841 2171 οῗκεῖτε
2873 2112 3171 2191 ἔμπροσθεν
3223 2118 3332 2169 τῶν
3378 2114 3542 2170 αὐτοῦ
3600 2112 3822 2170 δικαίων

2175 2201 2495 2282 ὀφθαλμῶν.
2526 2203 2681 2260 Ἀλλ’
2724 2203 2811 2260 ἐὰν
2866 2199 3279 2278 μεταϐάλλησθε
3309 2205 3379 2278 ³³,
3409 2203 3499 2259 καὶ
3540 2203 3676 2259 κατά
3720 2204 3825 2273 τὴν

2172 2292 2336 2348 αὐτοῦ
2401 2292 2641 2369 βιώσητε
2700 2290 2984 2368 βούλησιν,
3044 2293 3119 2355 είς
3171 2290 3352 2368 ἕτερον
3428 2291 3730 2368 ἐνεχθέντες
3778 2294 3829 2330 ²³

2172 2381 2363 2451 αίῶνα,
2411 2381 2500 2437 καὶ
2567 2379 2737 2437 ἀΐδιοι
2786 2381 3082 2458 γινόμενοι,
3109 2385 3217 2436 τῶν
3276 2380 3601 2458 ἀποῤῥήτων
3657 2380 3827 2437 αὐτοῦ

2173 2469 2385 2545 ἀγαθῶν
2441 2470 2796 2526 ἀπολαύσετε·
2848 2469 2935 2525 ἐὰν
2993 2469 3051 2526 δὲ
3105 2469 3459 2541 ἀπειθήσητε,
3532 2470 3666 2544 μετά
3721 2470 3824 2539 τὴν

2174 2556 2380 2614 ἐνθένδε
2408 2554 2726 2632 ἀποϐίωσιν,
2761 2558 2836 2615 είς
2885 2559 2976 2613 τὸν
3032 2558 3199 2614 τόπον
3224 2563 3322 2614 τοῦ
3380 2560 3549 2635 πυρὸς
3606 2552 3828 2631 ἐμϐλη-

2173 2650 2417 2720 θήσεσθε,
2479 2648 2615 2703 ὅπου
2666 2646 2855 2710 ἀϊδίως
2894 2647 3280 2721 κολαζόμενοι,
3321 2647 3555 2719 ἀνόνητα
3595 2668 3831 2722 μεταμε-

2176 2737 2492 2807 ληθήσεσθε.
2526 2739 2583 2790 Ὁ
2634 2737 2735 2813 γὰρ
2790 2744 2890 2807 τῆς
2952 2736 3232 2810 μετανοίας
3288 2737 3496 2814 καιρὸς,
3526 2738 3561 2806 ἡ
3588 2740 3675 2790 νῦν
3704 2736 3829 2791 ἐκά-

2173 2846 2300 2880 στου
2335 2828 2446 2895 ζωὴ
2504 2826 2783 2902 τυγχάνει.
2815 2830 2992 2880 Ταῦτα
3047 2827 3141 2898 μὲν
3197 2824 3287 2880 οὖν
3352 2824 3552 2886 ἐκεῖνος
3611 2822 3822 2899 ἔλεγεν.

2173 2913 2317 2989 Ἐγὼ
2374 2911 2432 2970 δὶ
2486 2913 2698 2970 ἀκούων
2752 2914 3035 2991 ἠχθόμην,
3071 2912 3156 2969 ὅτι
3213 2911 3407 2987 μηδεὶς
3456 2913 3514 2968 ἐκ
3557 2912 3825 2968 τοσούτου

2174 3002 2421 3073 πλήθους
2447 3002 2783 3074 τηλικαύτην
2826 3003 3082 3080 ἀγγελίαν
3115 3003 3367 3071 ἀκούσας,
3396 3002 3490 3065 Εἷς
3531 2999 3820 3073 Ἰουδαίαν,

2175 3091 2309 3161 εἶπε,
2341 3092 2698 3168 πορεύσομαι,
2726 3090 2818 3147 ’ίνα
2848 3090 2970 3165 ἴδω,
3000 3092 3046 3147 εί
3096 3091 3255 3154 οὗτος
3311 3090 3565 3162 ἀληθεύει
3622 3089 3822 3166 λέγων,

2176 3180 2250 3244 ὡς
2284 3182 2385 3257 ἄρα
2415 3179 2536 3244 Υἱὸς
2584 3185 2680 3236 τοῦ
2737 3184 2870 3236 Θεοῦ
2910 3177 3281 3253 ἐπιδεδήμηκε
3308 3182 3378 3252 τῇ
3408 3176 3643 3251 Ἰουδαίᾳ
3693 3179 3826 3234 αἰω-

426 3289 614 3345 spem,
648 3271 749 3344 qui
783 3271 965 3327 Patris
996 3289 1029 3327 a
1059 3288 1173 3344 quo
1206 3271 1424 3327 missus
1453 3275 1542 3326 est
1570 3270 1928 3326 voluntatem
1962 3288 2064 3326 an-

2178 3269 2291 3332 νίας
2319 3292 2377 3325 τε
2405 3271 2493 3325 καὶ
2525 3271 2728 3346 ἀγαθῆς
2781 3271 2942 3345 χάριν
2992 3267 3237 3342 ἐλπίδος,
3268 3270 3366 3339 τὴν
3422 3273 3521 3324 τοῦ
3579 3268 3827 3341 πέμψαν-

432 3362 699 3430 nuntiet;
733 3361 1209 3433 quandoquidem
1234 3366 1291 3415 et
1311 3360 1365 3414 id
1403 3361 1554 3432 quod
1589 3361 1753 3415 aiunt
1772 3377 1904 3415 eum
1930 3376 2071 3431 prae-

429 3451 647 3514 dicare,
671 3466 785 3504 non
808 3454 896 3504 est
918 3449 1229 3521 exiguum:
1253 3450 1642 3520 quorumdam
1664 3449 1819 3504 enim
1842 3450 2070 3505 animas

430 3540 705 3608 affirmat,
741 3542 803 3593 ut
834 3542 963 3610 pote
994 3538 1377 3605 immortales,
1430 3538 1863 3594 immortalibus
1894 3539 2069 3594 etiam

432 3645 499 3685 ac
527 3628 756 3683 aeternis
787 3628 955 3683 bonis
1006 3628 1319 3682 fruituras:
1374 3628 1762 3698 quorumdam
1824 3644 1978 3697 vero,
2010 3626 2070 3681 in

429 3717 625 3789 ignem
658 3716 1073 3772 inexstinctum
1129 3717 1437 3788 projectas,
1490 3719 1771 3771 aeternum
1821 3716 2072 3788 punien-

433 3807 559 3862 das.

500 3894 649 3951 VIII.
683 3894 828 3950 Cum
860 3894 943 3950 ita
971 3909 1109 3966 erga
1153 3896 1387 3949 caeteros
1435 3893 1678 3948 affectus
1708 3908 1919 3965 essem,
1952 3892 2073 3949 haec

436 4000 668 4056 quoque
700 3984 771 4039 ad
805 3983 1091 4056 meipsum
1115 3982 1378 4037 dicebam
1410 4007 1423 4048 ;
1456 3982 1642 4045 Quare
1662 3998 1794 4037 vero
1828 3981 1972 4037 alios
1993 3983 2077 4037 in-

435 4090 595 4138 cuso,
630 4073 728 4143 qui
761 4072 819 4126 in
852 4073 1057 4127 eodem
1100 4088 1233 4126 cum
1275 4069 1392 4126 illis
1440 4070 1684 4126 crimine
1714 4072 2073 4143 negligentiae

435 4178 633 4217 versor
652 4160 679 4215 ?
700 4177 825 4229 nec,
850 4161 1149 4233 dispositis
1170 4160 1331 4232 prius
1349 4160 1523 4215 rebus
1547 4160 1710 4225 meis,
1735 4160 1794 4214 in
1811 4160 2073 4214 Judaeam

432 4250 599 4316 vado,
631 4250 799 4303 testis
828 4266 1025 4303 eorum
1084 4248 1348 4303 omnium
1379 4250 1611 4303 futurus
1665 4248 1790 4319 ipse
1813 4249 1840 4303 ?
1877 4252 2077 4319 Itaque

436 4340 575 4394 dum
601 4338 708 4392 hoc
732 4338 1041 4393 consilium
1064 4338 1368 4409 agitarem,
1395 4337 1645 4392 multum
1670 4337 1904 4392 interim
1928 4343 2074 4392 tem-

435 4426 593 4500 poris
622 4428 940 4497 terebatur,
993 4427 1242 4498 negotiis
1301 4426 1478 4496 hujus
1525 4425 1720 4481 seaculi
1767 4442 1860 4481 me
1891 4427 1963 4480 ad
2016 4443 2077 4482 se

435 4516 929 4590 pertrahentibus,
965 4533 1068 4572 nec
1098 4514 1325 4572 valente
1357 4532 1449 4570 me
1470 4516 1542 4571 ab
1574 4515 1647 4570 iis
1674 4515 2077 4587 expediri.Sed

2176 3380 2268 3421 τος
2326 3359 2535 3436 Πατρὸς
2598 3357 2860 3436 βούλησιν
2917 3357 3320 3435 καταγγέλλων·
3372 3356 3485 3413 ἐπεὶ
3542 3357 3632 3413 καὶ
3692 3356 3829 3433 ὅπερ

2180 3448 2427 3525 λέγουσιν
2473 3448 2630 3504 αὐτὸν
2680 3448 2991 3524 κηρύσσειν,
3043 3448 3143 3503 ούκ
3186 3446 3295 3502 ἔστι
3342 3445 3557 3521 μικρόν·
3598 3448 3674 3501 ὧν
3735 3447 3834 3519 μὲν

2180 3538 2283 3614 γὰρ
2340 3537 2435 3600 τὰς
2493 3538 2671 3613 ψυχὰς
2712 3532 3137 3607 διαϐεϐαιοῦται,
3170 3534 3425 3598 αἰωνίους
3482 3534 3666 3602 οὔσας,
3698 3534 3832 3589 αἰω-

2179 3628 2308 3681 νίων
2371 3624 2767 3683 ἀπολαύσεσθαι
2806 3625 2896 3681 καὶ
2945 3630 3055 3680 τῶν
3112 3626 3341 3701 ἀγαθῶν·
3375 3626 3450 3679 ὧν
3507 3621 3564 3679 δὲ
3611 3623 3662 3679 ἐν
3694 3624 3830 3700 πυρὶ

2180 3709 2425 3788 ἀσϐέστῳ
2457 3713 2717 3793 ῥιφείσας,
2748 3713 2825 3777 είς
2863 3714 3035 3770 αἰῶνα
3059 3716 3107 3752 ³⁸
3135 3712 3562 3784 κολασθήσεσθαι
3590 3714 3654 3769 ³⁸.

2254 3893 2402 3950 VIII.
2431 3890 2585 3947 Οὕτω
2613 3891 2737 3966 περὶ
2767 3895 2875 3947 τῶν
2909 3888 3118 3949 λοιπῶν
3147 3887 3314 3967 ἔχων,
3334 3894 3559 3946 τοιαῦτα
3582 3890 3673 3946 καὶ
3692 3890 3832 3965 πρὸς

2184 3978 2414 4053 ἐμαυτὸν
2476 3977 2681 4057 ἔλεγον·
2713 3980 2773 4034 Τί
2834 3978 2900 4052 δή
2954 4001 3085 4037 ποτε
3134 3980 3418 4057 μέμφομαι
3448 3978 3573 4041 τοὺς
3604 3976 3832 4051 ἄλλους,

2184 4068 2235 4123 ἐν
2270 4065 2373 4141 ἴσῳ
2402 4076 2504 4139 τῆς
2541 4068 2801 4143 ἀμελείας
2862 4067 2933 4123 ὢν
2994 4069 3218 4132 ἐκείνοις
3267 4066 3599 4146 ἐγκλήματι,
3630 4067 3718 4123 καὶ
3772 4068 3837 4123 ού

2184 4157 2446 4234 πρότερον
2500 4158 2589 4213 τὸν
2649 4157 2779 4231 ἐμὸν
2839 4156 3038 4221 διαθεὶς
3076 4159 3217 4235 βίον,
3251 4157 3327 4220 εὶς
3386 4155 3645 4212 Ἰουδαίαν
3707 4158 3832 4236 ἀφι-

2183 4252 2438 4320 κνοῦμαι,
2476 4248 2679 4324 μάρτυς
2732 4252 2838 4302 τῶν
2890 4246 3152 4302 τοιούτων
3209 4245 3372 4308 αὐτὸς
3427 4246 3834 4321 γενησόμενος;

2185 4335 2358 4398 οὕτως
2389 4334 2479 4391 οὖν
2537 4334 2977 4410 βουλευσαμένῳ,
3009 4335 3184 4398 πολὺς
3214 4336 3242 4390 6
3278 4335 3471 4410 μεταξὺ
3533 4330 3832 4410 διετρίϐετο

2186 4425 2405 4502 χρόνος,
2467 4430 2572 4479 τῶν
2636 4426 2907 4502 βιωτικῶν
2967 4446 3034 4498 με
3090 4424 3421 4501 πραγμάτων
3477 4425 3615 4501 πρὸς
3674 4425 3837 4479 ἐαυτά

2185 4514 2598 4589 περισπώντων,
2631 4513 2721 4569 καὶ
2772 4511 3114 4569 δυσεκλύτων
3175 4533 3277 4586 μοι
3313 4514 3636 4590 γινομένων.
3666 4510 3835 4576 Τέλος

437 4607 699 4675 tandem,
723 4622 855 4660 cum
871 4606 1050 4661 vitam
1077 4604 1558 4669 considerassem,
1586 4620 1762 4675 quam
1786 4603 2066 4660 instabilis

2185 4607 2316 4679 γοῦν
2350 4605 2647 4674 συννοήσας
2675 4603 2766 4658 τὸν
2802 4603 2917 4679 βίον
2951 4601 3102 4667 ὅπως
3131 4602 3353 4665 ἄστατός
3385 4601 3493 4657 ἐστι
3552 4602 3643 4657 καὶ
3700 4602 3839 4657 ἀνώ-

437 4696 515 4753 sit
546 4713 610 4752 ac
642 4694 969 4767 inaequalis,
1024 4710 1274 4765 cumque
1323 4694 1457 4749 dein
1517 4709 1689 4748 omne
1720 4692 2066 4764 praeteritum

2193 4690 2387 4766 μαλος,
2419 4691 2533 4747 εἶτα
2562 4692 2651 4748 καὶ
2699 4693 2791 4750 τὸν
2822 4695 3027 4768 προτοῦ
3076 4690 3276 4769 χρόνον
3335 4690 3542 4746 ἅπαντα
3599 4688 3837 4765 διαμνη-

438 4789 676 4857 tempus
702 4785 761 4839 in
786 4783 1130 4839 memoriam
1158 4798 1541 4847 revocassem,
1566 4782 1719 4853 quod
1745 4781 1918 4838 modo
1949 4783 2095 4837 sub-7

440 4874 776 4931 blandiente
808 4872 953 4927 mihi
984 4888 1213 4943 semper
1243 4889 1364 4943 spe,
1399 4871 1704 4942 hucusque
1734 4871 2085 4943 permansis-

2194 4779 2478 4855 μονεύσας,
2511 4779 2659 4844 ὅπως
2691 4780 3086 4851 ὑποσαινούσης
3119 4801 3187 4853 με
3222 4779 3305 4834 ἀεὶ
3333 4786 3437 4849 τῆς
3486 4777 3711 4842 ἐλπίδος
3763 4777 3842 4842 εἷς

2192 4866 2352 4945 δεῦρο
2382 4870 2705 4945 παρέμεινα,
2731 4871 2821 4927 καὶ
2854 4868 2935 4926 ὅτι
2966 4868 3139 4932 οὕτως
3191 4865 3598 4944 ἀσχολούμενοι
3651 4869 3846 4932 πάντες

439 4981 585 5033 sem,
620 4964 892 5036 quodque
924 4962 1006 5017 sic
1038 4977 1242 5017 omnes
1275 4960 1539 5016 homines
1570 4960 1834 5032 occupati
1866 4961 2066 5016 moria-

2194 4959 2467 5033 ἄνθρωποι
2499 4960 2822 5034 θνήσκομεν,
2843 4958 2911 5015 τὰ
2954 4957 3128 5014 πάντα
3162 4977 3265 5031 μου
3297 4956 3373 5020 ὡς
3430 4954 3621 5032 ἔτυχεν
3668 4956 3850 5035 ἀφεὶς,

440 5069 577 5108 mur
600 5070 613 5122 ;
637 5057 846 5108 cuncta
870 5068 999 5107 mea
1021 5054 1194 5122 prout
1209 5054 1375 5105 erant
1391 5048 1750 5120 relinquens,
1775 5049 2082 5104 confestim

2195 5048 2271 5111 εἷς
2328 5045 2531 5103 Πόντον
2588 5050 2664 5122 (3)
2721 5047 2875 5113 εὐθὺς
2931 5046 3186 5121 ὥρμησα,
3224 5042 3318 5103 καὶ
3370 5044 3447 5110 είς
3501 5046 3596 5103 τὸν
3645 5044 3847 5121 λιμένα

1783 5190 2025 5247 VARUE
2064 5190 2457 5249 LECTIONES

512 5300 555 5373 ξε
582 5300 656 5373 al.
694 5303 897 5372 μεῖζον.
979 5300 1024 5334 ίο
1052 5298 1126 5355 al.
1160 5298 1338 5353 inser.
1362 5299 1522 5373 ‘VBVL‘
1557 5295 1707 5373 “Hal.
1757 5296 1935 5373 inser.
1988 5296 2215 5373 πατρός,
2286 5299 2332 5373 ξι
2362 5294 2462 5350 Τόν
2503 5295 2760 5373 ἐνιτρισὶν
2807 5296 3188 5373 ’ἶποᾳτάσεσιν
3208 5291 3326 5373 ’ἕνα
3352 5294 3500 5373 Θεόν.
3534 5296 3636 5373 Pis
3659 5296 3850 5373 inter-

442 5362 1049 5478 polatio,;se,dnp‘arum
1084 5369 1434 5426 necessaria.
1468 5367 1749 5424 Similiter
1777 5368 1936 5425 alibi.
1970 5362 2107 5426 Cor:
2172 5370 2219 5406 ²²
2251 5368 2325 5425 a1.
2361 5362 2759 5440 μεταϐάλησθε.
2833 5362 2879 5405 ³³
2909 5369 2982 5425 al.
3023 5368 3365 5444 ἀναχθέντες.
3440 5370 3486 5405 ³⁸
3513 5368 3589 5425 al.
3622 5366 3848 5431 αἰῶνας.

517 5442 594 5499 al.
628 5438 968 5509 κολάζεσθαι.

1867 5528 1960 5583 VA
1970 5528 2152 5587 RIUM
2190 5528 2419 5586 ΝΟΤΛΕ.

511 5638 589 5711 (3)
621 5638 787 5696 Forte
843 5635 1349 5712 Hdprov,Portum;
1410 5651 1638 5707 nempe,
1699 5636 2048 5692 Romanum.
2104 5635 2249 5692 Vide
2305 5635 2635 5707 Martyrium
2685 5636 2900 5709 Ignatt'i
2932 5652 2997 5692 n.
3064 5651 3141 5703 v1,
3194 5638 3253 5691 et
3309 5633 3483 5706 infra,
3544 5653 3603 5692 n.
3636 5652 3850 5693 anm

439 5714 604 5769 CLEB.
