4140 6344
178 437 254 496 47
260 435 300 494 7

951 432 1486 498 CLEMENTINA.
1518 430 1972 495 —EPITOME
2014 433 2117 494 DE
2161 433 2432 498 GESTIS
2478 436 2545 498 S.
2590 436 2850 498 PETRI.

3478 436 3599 497 4'18

181 565 364 630 ἐλθών
391 586 453 621 τε
497 564 587 620 καὶ
626 565 903 642 ἀναχθεὶς,
947 565 1159 640 ἀνέμων
1206 564 1558 632 ἀντιπνοίαις,
1602 562 1716 619 ἀντὶ
1745 567 1836 619 τοῦ

1958 566 2029 620 ad
2061 583 2220 623 mare
2250 567 2588 640 properavi;
2620 572 2677 625 et
2704 569 2763 624 in
2796 570 3048 625 Pontum
3100 568 3360 636 veniens,
3418 573 3594 644 atque

182 654 261 715 εἷς
306 652 573 710 Ἰουδαίαν
618 661 869 728 κατᾶραι,
921 653 1271 730 προσώκειλα
1326 657 1392 727 τῇ
1442 649 1840 728 Ἀλεξανδρείᾳ.

182 746 336 798 Ἐκεῖ
392 741 452 798 δὲ
520 744 846 821 συνεφοίτων
901 749 1017 805 τοῖς
1084 742 1407 822 φιλοσόφο,ς
1445 785 1460 812 ,
1518 741 1841 813 πνευμάτων

182 832 450 906 ἐπηρείας
508 828 616 901 ⁴ἤδη
672 851 767 904 μοι
812 833 901 886 τὸν
928 829 1102 886 πλοῦν
1146 830 1474 907 ἐπεχούσης,
1503 830 1593 885 καὶ
1622 831 1688 884 τὰ
1716 828 1841 905 περὶ

178 928 283 988 τῆς
318 923 539 996 φήμης,
570 921 636 988 ἢν
671 922 699 975 ὁ
732 920 913 997 φανεὶς
954 919 1006 975 ἐν
1050 921 1236 994 Ῥώμῃ
1285 917 1676 996 διήγγειλε,καὶ
1721 917 1845 973 τίνα

179 1031 241 1084 γε
273 1007 732 1084 ἆκαταγγέλλοι,
775 1013 957 1087 σαφῶς
1006 1007 1200 1064 ἕκαστα
1256 1008 1573 1083 καταλέγειν
1631 1006 1838 1077 ἠξίουν.

183 1100 245 1152 0'!
298 1096 378 1164 δέ,
432 1096 667 1153 Φανέντα
720 1098 851 1171 μὲν,
901 1100 1074 1168 εἷπον,
1130 1096 1182 1153 ἐν
1234 1098 1420 1171 Ῥώμῃ
1462 1095 1676 1152 τοιόνδε
1722 1095 1842 1150 τινὰ

184 1185 332 1249 δ’λως
380 1185 481 1241 οὐκ
510 1183 684 1259 ἴσμεν·
736 1187 859 1262 περὶ
902 1183 959 1241 δὲ
1001 1189 1099 1241 τοῦ
1141 1183 1192 1241 ἐν
1244 1182 1479 1257 Ἰουδαίᾳ
1522 1184 1837 1261 γενομένου,

182 1276 272 1330 καὶ
334 1274 467 1329 Ποῦ
516 1279 651 1331 Θεοῦ
699 1275 801 1330 ὑπὸ
840 1277 936 1345 τῆς
980 1276 1172 1353 φήμης
1217 1273 1651 1350 κηρυττομένου,
1696 1273 1842 1351 παρά

183 1362 420 1420 πολλῶν
477 1368 585 1419 τῶν
647 1363 845 1419 ἐκεῖθεν
906 1361 1282 1436 ἐληλυθότων,
1341 1361 1649 1437 ἠκούσαμεν
1684 1406 1701 1430 ,
1752 1360 1841 1417 καὶ

182 1453 305 1529 περὲ
340 1455 561 1507 πάντων
588 1454 664 1507 ὧν
704 1452 875 1508 ἐποίει
919 1452 1010 1508 καὶ
1056 1451 1205 1528 ψιλῷ
1249 1455 1330 1525 τῷ
1375 1451 1581 1529 ῥήματι
1633 1463 1843 1525 θαυμα-

186 1543 315 1598 σίων
351 1542 650 1616 ἐμάθομεν.

251 1739 342 1794 IX.
378 1738 551 1809 Ἐμοῦ
583 1733 641 1792 δὲ
663 1729 1252 1809 εἰπόντος-ἐϐουλόμην
1283 1735 1391 1791 τινὶ
1411 1738 1520 1790 τῶν
1540 1736 1586 1773 ²⁶
1610 1734 1844 1811 ἑωρακό-

175 1849 282 1882 των
316 1826 484 1881 αὑτὸν
534 1826 899 1901 συγγενέσθαι,
929 1824 1019 1881 καὶ
1050 1823 1148 1880 ὅσα
1186 1829 1339 1889 ποθῶ
1378 1826 1563 1897 μαθεῖν
1618 1826 1840 1879 ἀκοῦσαι

173 1916 299 1990 περί
353 1915 544 1984 αὑτοῦ,
603 1909 966 1977 ὑπολαϐόντες
1014 1912 1232 1984 ἐκεῖνοι,
1266 1920 1416 1968 Ἔστι
1464 1934 1545 1977 τις
1599 1912 1839 1986 ἐνταῦθα,
1876 1938 1923 2003 Β

176 2006 366 2083 φασὶν,
396 2004 459 2058 ού
499 2003 663 2075 μόνον
699 2005 989 2079 ἱστορήσας
1019 2002 1203 2073 αὑτὸν,
1246 2001 1391 2059 ἀλλὰ
1425 2002 1513 2057 καὶ
1561 2010 1660 2071 τῆς
1703 2002 1844 2058 ἐκεῖ·

177 2096 262 2149 θεν
295 2100 407 2167 γῆς
440 2093 730 2168 ὑπάρχων,
765 2093 901 2168 ἀνὴρ
945 2092 1131 2165 τίμιος
1185 2090 1411 2165 ὀνόματι
1458 2086 1754 2167 Βαρνάϐας,
1786 2092 1845 2155 ὃς

174 2180 263 2239 ἕνα
291 2182 390 2237 καὶ
434 2187 542 2236 τῶν
593 2181 758 2237 αὑτοῦ
809 2184 1062 2255 μαθητῶν
1117 2179 1305 2236 ἐαυτὸν
1356 2180 1490 2235 εἶναι
1538 2180 1708 2255 λέγει,
1755 2180 1846 2235 καὶ

180 2271 414 2333 ἐνταῦθά
460 2291 568 2325 που
615 2270 1015 2343 καθεζόμενος,
1066 2271 1133 2326 τὰ
1176 2275 1299 2345 παρ’
1349 2268 1557 2325 ἐκείνου
1602 2270 1845 2345 ὑπεσχη-

181 2361 320 2433 μένα
367 2364 488 2421 τοῖς
530 2363 639 2413 τῶν
689 2358 954 2413 τοιούτων
1003 2357 1193 2429 ἀξίοις,
1243 2357 1479 2431 ἐτοίμως
1524 2358 1605 2430 τῷ
1642 2357 1845 2434 βουλο-

184 2448 337 2521 μένῳ
369 2445 607 2517 διέξεισι.
656 2447 754 2502 Καὶ
798 2445 937 2516 δῆτα
982 2448 1073 2502 τὸν
1104 2446 1270 2502 τόπον
1325 2441 1647 2502 καταλαϐὼν
1680 2446 1756 2510 εἷς
1785 2447 1843 2501 ὃν

181 2538 212 2591 ὁ
243 2537 385 2609 ἀνὴρ
430 2536 610 2592 εἰώθει
658 2535 992 2606 καθέζεσθαι,
1043 2536 1132 2591 καὶ
1187 2536 1351 2613 μέρος
1400 2535 1490 2591 καὶ
1539 2535 1697 2598 αὐτὸς
1749 2539 1848 2592 τοῦ

183 2626 612 2701 περιεστηκότος
663 2625 911 2696 πλήθους
978 2624 1303 2700 γενόμενος,
1358 2620 1515 2695 ἔστην
1566 2623 1845 2681 ἐπακούων

180 2719 295 2768 τῶν
328 2713 666 2789 λεγομένων,
698 2715 790 2769 καὶ
837 2714 1117 2769 συνενόουν
1163 2711 1379 2784 τάληθῆ
1431 2713 1496 2768 οὐ
1529 2713 1844 2789 διαλεκτικῇ

180 2804 291 2857 τινὶ
340 2802 512 2879 τέχνῃ
560 2800 877 2858 διδάσκοντα
927 2807 1143 2873 τοῦτον,
1191 2800 1319 2857 ἀλλ’
1359 2800 1844 2878 ἀπαρασκευάστως

184 2891 335 2947 οὕτω
362 2893 455 2947 καὶ
489 2891 682 2955 ἁπλῶς
732 2890 1098 2965 ἐκτιθέμενον,
1129 2893 1163 2946 ἅ
1189 2912 1248 2947 τε
1274 2890 1475 2961 ἤκουσε
1510 2892 1602 2947 καὶ
1641 2891 1846 2968 ἐώρακε

177 2981 274 3036 τὸν
302 2985 405 3036 τοῦ
436 2986 570 3036 Θεοῦ
611 2983 842 3059 φανέντα
886 2982 1005 3037 Υἱὸν
1054 2982 1409 3052 πεποιηκέναι
1445 3001 1505 3036 τε
1549 2980 1640 3036 καὶ
1690 2981 1840 3057 εἰρη-

181 3071 357 3126 κέναι.
393 3068 649 3133 Πολλοὺς
682 3069 739 3125 δὲ
792 3072 1065 3146 μάρτυρας
1108 3075 1216 3125 τῶν
1270 3071 1358 3125 ὑπ’
1404 3069 1570 3125 αὑτοῦ
1612 3068 1844 3146 λεγομέ-

177 3181 290 3214 νων
348 3159 665 3231 θαυμασίων
695 3180 754 3215 τε
782 3159 874 3215 καὶ
923 3158 1123 3235 λόγων,
1156 3158 1208 3229 ἐξ
1239 3157 1403 3214 αὑτοῦ
1437 3163 1536 3214 τοῦ
1564 3163 1842 3235 παρεστῶ-

174 3269 274 3310 τος
302 3244 483 3323 ὄχλου
512 3248 832 3325 παρείχετο.

250 3360 324 3411 Χ.
359 3354 508 3409 Ἐπεὶ
541 3352 599 3409 δὲ
636 3355 773 3427 πρὸς
819 3356 888 3409 τὰ
938 3356 1066 3428 παρ’
1094 3353 1259 3410 αὐτοῦ
1303 3353 1657 3430 ἀπανούργως
1687 3352 1816 3431 λεγό

176 3464 322 3517 μενοι
370 3441 548 3513 ἡδέως
597 3444 651 3497 ol.
700 3441 869 3519 ὄχλοι
912 3441 1195 3512 διέκειντο,
1246 3445 1299 3498 οἱ
1348 3442 1408 3498 ἐκ
1452 3440 1697 3505 παιδείας
1742 3464 1838 3499 κο-

174 3539 388 3606 σμικῆς
449 3532 765 3607 ὁρμώμενοι
814 3530 1128 3610 φιλόσοφοι,
1190 3531 1475 3608 χλευάζειν
1532 3530 1690 3586 αὐτὸν
1746 3533 1837 3587 καὶ

169 3620 347 3697 γελᾷν
408 3620 732 3697 ἐπειρῶντο,
792 3622 1127 3683 σκώπτοντες
1183 3621 1405 3698 ἀμέτρῳ
1461 3622 1689 3698 θράσει,
1746 3622 1836 3677 καὶ

172 3707 550 3784 διασόροντες,
589 3709 678 3764 καὶ
725 3709 812 3765 οία
863 3710 1123 3787 μεγάλοις
1171 3708 1368 3773 ὅπλοις
1417 3715 1533 3772 τοῖς
1571 3707 1836 3786 συλλογι-

169 3804 346 3873 σμοῖς
374 3799 493 3853 κατ¹
523 3798 688 3853 αὑτοῦ
719 3799 1023 3875 χρώμενοι,
1055 3800 1113 3853 Ὀ
1145 3796 1203 3853 δὲ
1231 3798 1616 3871 ἀπωθούμενος
1658 3798 1834 3855 αὐτῶν

167 3890 267 3944 τὸν
314 3886 513 3963 λῆρον,
566 3887 628 3943 οὐ
662 3887 977 3964 συνέτρεχεν
1026 3888 1202 3944 αὐτῶν
1246 3891 1314 3962 τῇ
1364 3884 1659 3963 πανούργῳ
1704 3888 1835 3943 πεύ-

169 3999 282 4049 σει,
319 3975 466 4032 ἀλλὰ
512 3977 602 4031 καὶ
648 3975 1067 4049 ἀκατάπληκτος
1113 3973 1188 4031 ὥν
1216 3973 1394 4052 λέγειν
1425 3977 1525 4032 οὐκ
1551 3977 1831 4055 ἀφίστατο.

166 4066 280 4124 Καί
338 4067 474 4121 ποτέ
529 4087 613 4127 τις
673 4063 969 4135 διαπαίζων
1030 4063 1186 4136 δῆθεν
1247 4065 1407 4121 αὑτὸν
1465 4065 1828 4123 ἐπυνθάνετο.

164 4158 273 4211 Διά
301 4155 377 4224 τί,
428 4152 474 4209 ὦ
517 4154 596 4209 νέε
644 4151 956 4224 διδάσκαλε,
1002 4155 1207 4228 κώνωψ
1238 4153 1466 4229 ἐγένετο,
1496 4154 1586 4210 καὶ
1621 4155 1831 4231 βραχύ-

163 4266 335 4305 τατος
388 4242 484 4315 ὢν,
531 4243 589 4314 ’ἐξ
619 4242 789 4305 πόδας
840 4241 985 4319 ἔχων
1036 4245 1124 4298 καὶ
1175 4243 1344 4317 πτερὰ
1392 4242 1589 4321 φέρει·
1632 4243 1829 4322 ἐλέφας

169 4332 227 4388 δὲ
280 4335 342 4387 τὸ
400 4332 649 4407 μέγιστον
704 4337 838 4402 ζῶον
887 4333 1117 4408 ἄπτερος
1168 4331 1274 4402 ὥν,
1329 4332 1584 4409 τέσσαρας
1636 4332 1831 4406 μόνους

1953 655 2287 723 subvectus,
2336 658 2522 714 ventis
2570 659 3039 725 adversantibus,
3096 675 3199 731 pro
3238 658 3440 714 Judea
3526 660 3598 714 ad

1953 758 2131 814 quam
2163 745 2729 817 deferricupiebam,
2765 747 3168 803 Alexandriam
3228 747 3449 818 appuli.
3516 747 3599 803 Ibi

1954 836 2151 888 autem
2218 835 2290 889 ad
2368 835 2748 907 philosophos
2830 836 3183 891 ventitabam
3272 836 3601 908 (ventorum

1955 921 2266 993 quippevis
2287 923 2480 979 adhuc
2504 925 2931 996 navigationem
2954 924 3603 996 inhibebat),petebam-

1954 1027 2066 1081 que
2117 1014 2179 1065 ut
2227 1011 2457 1085 singula
2503 1013 2655 1069 clare
2708 1018 3045 1069 enarrarent
3091 1014 3161 1069 de
3216 1029 3280 1069 eo
3344 1031 3598 1085 rumore,

1956 1115 2131 1170 quem
2154 1099 2203 1155 is
2236 1102 2334 1173 qui
2367 1101 2560 1157 Romae
2592 1108 2935 1174 conspectus
2961 1104 3147 1158 fuerat
3166 1103 3597 1175 annuntiasset,

1957 1204 2023 1243 ac
2053 1205 2321 1260 quaenam
2358 1190 2453 1246 ille
2482 1190 2857 1263 divulgasset.
2889 1193 2962 1246 At
2990 1190 3074 1246 illi
3132 1192 3599 1263 responderunt:

1957 1275 2117 1332 Talis
2148 1278 2441 1350 quispiam
2472 1296 2545 1335 an
2567 1280 2765 1335 Romae
2789 1279 2948 1335 visus
2981 1278 3178 1349 fuerit,
3214 1278 3385 1352 plane
3416 1281 3604 1337 nesci-

1955 1381 2091 1421 mus
2118 1382 2133 1434 ;
2168 1367 2238 1422 de
2267 1383 2333 1422 eo
2363 1372 2558 1423 autem
2591 1368 2692 1440 qui
2725 1368 2784 1423 in
2805 1369 3026 1436 Judaea,
3068 1368 3248 1440 degit,
3306 1372 3363 1424 et
3426 1369 3609 1427 Filius

1954 1454 2057 1510 Dei
2083 1470 2211 1511 esse
2231 1472 2265 1511 a
2284 1455 2443 1512 fama
2474 1457 3188 1528 praedicatur,audivimus
3214 1475 3248 1513 a
3278 1456 3480 1514 multis
3504 1459 3605 1531 qui

1955 1541 2118 1599 illinc
2145 1549 2514 1613 venerunt,et
2542 1545 2939 1602 intelleximus
2973 1547 3045 1601 de
3073 1544 3443 1603 mirabilibus
3475 1564 3602 1604 om-

1957 1631 2132 1688 nibus
2154 1649 2281 1703 quaa
2310 1633 2434 1690 solo
2465 1635 2641 1690 etiam
2665 1636 2837 1691 verbo
2869 1635 3072 1691 edidit.

2025 1739 2115 1794 IX.
2149 1740 2220 1795 Et
2244 1756 2377 1795 cum
2402 1740 2654 1796 dicerem
2682 1758 2895 1813 cupere
2925 1758 3017 1798 me
3038 1741 3097 1797 in
3130 1740 3489 1813 colloquium
3512 1758 3605 1798 ve-

1955 1827 2080 1883 nire
2108 1845 2242 1884 cum
2279 1829 2475 1901 aliquo
2507 1846 2709 1885 eorum
2741 1832 2841 1902 qui
2872 1829 3041 1886 illum
3098 1830 3403 1895 vidissent,
3427 1836 3601 1903 atque

1956 1916 2026 1971 de
2057 1932 2123 1972 eo
2146 1917 2348 1973 audire
2378 1934 2741 1989 quaecunque
2774 1920 2921 1974 scire
2935 1935 3208 1991 cuperem
3232 1920 3607 1990 ,excipientes

1956 2004 2040 2060 illi
2070 2006 2343 2062 dixerunt
2368 2023 2381 2061 :
2408 2006 2641 2078 Estlhic
2672 2008 2937 2079 quidam,
2971 2008 3069 2081 qui
3102 2025 3216 2064 non
3241 2008 3431 2064 solum
3458 2009 3605 2065 vidit

1956 2095 2220 2165 eum,sed
2243 2098 2386 2151 etex
2416 2112 2484 2151 ea
2530 2096 2763 2168 regione
2820 2096 3104 2152 oriundus
3162 2100 3270 2164 est,
3326 2097 3598 2166 eximius,

1957 2183 2192 2239 nomine
2221 2184 2540 2251 Barnabas,
2574 2185 2757 2258 quise
2787 2184 2966 2240 etiam
2999 2185 3081 2240 ait
3109 2202 3293 2240 unum
3342 2202 3469 2241 esse
3526 2202 3598 2241 ex

1955 2272 2259 2344 discipulis
2280 2271 2442 2330 illius
2476 2299 2490 2341 ;
2522 2278 2579 2329 et
2608 2274 2703 2330 hic
2729 2273 2940 2329 alicubi
2972 2274 3201 2341 sedens,
3236 2291 3361 2346 quea
3402 2276 3473 2330 ab
3501 2274 3601 2331 illo

1958 2362 2248 2434 promissa
2277 2367 2436 2432 sunt,
2460 2362 2671 2418 talium
2702 2363 2917 2435 dignis,
2946 2364 2997 2417 ei
3057 2363 3157 2434 qui
3213 2362 3348 2419 velit
3402 2367 3601 2420 narrat

1954 2450 2129 2506 ultro.
2163 2456 2230 2506 Et
2259 2452 2495 2524 quidem
2515 2452 2585 2507 ad
2617 2451 2809 2508 locum
2841 2453 2899 2507 in
2918 2469 3033 2524 quo
3064 2452 3150 2506 vir
3172 2453 3372 2508 sedere
3392 2452 3598 2509 solitus

1954 2544 2079 2596 erat
2098 2539 2247 2605 veni,
2280 2545 2455 2611 atque
2484 2541 2609 2611 ipse
2640 2557 2871 2613 quoque
2901 2558 3036 2613 pars
3058 2540 3139 2595 fui
3162 2540 3598 2598 circumstantis

1957 2628 2371 2696 multitudinis,
2397 2629 2646 2701 stetique
2676 2629 2919 2685 audiens
2948 2647 3072 2701 qua;
3103 2631 3333 2686 dicebat
3360 2646 3372 2685 :
3409 2647 3473 2685 ac
3502 2631 3596 2685 in-

1952 2717 2146 2782 tellexi
2168 2735 2300 2773 vera
2337 2735 2470 2774 eum
2504 2735 2617 2774 non
2674 2718 2978 2774 dialectica
3024 2718 3143 2774 ulla
3190 2724 3311 2774 arte
3367 2720 3592 2789 docere,

1953 2806 2053 2862 sed
2086 2808 2229 2863 adeo
2260 2807 2385 2863 sine
2416 2809 2911 2879 praemeditatione
2938 2824 3003 2862 ac
3034 2807 3375 2879 simpliciter
3418 2825 3592 2881 expo-

1952 2912 2089 2951 nere
2119 2912 2247 2967 quzs
2276 2897 2541 2952 audierat
2570 2902 2627 2952 et
2656 2897 2879 2953 viderat
2907 2897 3007 2953 Dei
3032 2897 3266 2960 Filium,
3290 2897 3391 2969 qui
3415 2915 3594 2970 appa-

1952 2985 2089 3056 ruit,
2109 2985 2316 3041 fecisse
2346 3002 2411 3041 ac
2432 2985 2663 3041 dixisse.
2697 2986 2907 3042 Multos
2938 2991 3129 3042 autem
3160 2990 3340 3042 testes
3389 2989 3595 3043 verbo-

1950 3090 2081 3129 rum
2116 3090 2181 3129 ac
2212 3073 2567 3129 mirabilium
2600 3092 2727 3146 quas
2759 3076 2830 3131 ab
2861 3076 2988 3147 ipso
3011 3074 3473 3147 proferebantur,
3527 3092 3596 3132 ex

1948 3162 2079 3235 ipsa
2109 3163 2420 3220 assistente
2452 3162 2617 3235 plebe
2645 3165 3021 3235 producebat.

2020 3360 2088 3415 X.
2118 3359 2336 3415 Verum
2368 3357 2509 3430 quia
2537 3358 2609 3413 ad
2638 3374 2705 3413 ea
2732 3375 2859 3429 quae
2890 3359 2961 3414 ab
2992 3358 3119 3430 ipso
3164 3359 3409 3415 candide
3439 3359 3593 3415 dice-

1948 3449 2188 3515 bantur,
2214 3446 2461 3502 libenter
2490 3445 2741 3519 pOpulus
2765 3447 3169 3518 acquiescebat
3193 3464 3207 3515 ;
3233 3447 3591 3521 philosophi,

1949 3542 2148 3610 utpote
2177 3537 2276 3608 qui
2309 3552 2375 3591 ex
2397 3535 2644 3606 hujusce
2679 3536 2879 3590 mundi
2903 3535 3213 3608 disciplina
3236 3537 3593 3610 prodierant,

1948 3625 2236 3682 ludiﬁcari
2259 3642 2390 3681 eum
2416 3641 2481 3680 ac
2506 3624 2693 3680 ridere
2726 3625 3454 3695 ordiebantur,immodica
3484 3644 3588 3683 au-

1947 3716 2114 3772 dacia
2135 3712 2471 3770 cavillantes
2502 3718 2675 3786 atque
2706 3713 2934 3786 probris
2967 3714 3343 3786 incessentes,
3392 3720 3450 3771 et
3497 3717 3595 3771 ad-

1943 3821 2149 3861 versus
2179 3820 2312 3859 eum
2338 3807 2569 3858 utentes
2602 3801 2959 3876 syllogismis
2987 3809 3268 3875 tanquam
3292 3805 3472 3860 armis
3495 3822 3596 3877 po-

1943 3893 2224 3949 tentibus.
2252 3893 2317 3947 At
2343 3890 2438 3947 ille
2470 3891 2719 3964 ineptias
2749 3908 2950 3947 eorum
3002 3892 3306 3963 repellens,
3365 3897 3593 3949 versute

1941 3981 2204 4054 ipsorum
2236 3979 2675 4053 interrogationi
2700 3998 2816 4036 non
2839 3983 3199 4052 occurrebat,
3250 3996 3449 4036 verum
3481 3982 3588 4037 im-

1941 4070 2285 4143 perterritus
2316 4086 2432 4125 non
2464 4069 2769 4125 desinebat
2797 4069 2979 4141 loqui.
3015 4071 3081 4124 Et
3108 4069 3423 4141 aliquando
3456 4070 3586 4142 qui-

1940 4160 2077 4215 dam
2099 4159 2471 4230 jocabundus
2500 4159 2742 4230 rogabat
2771 4176 2905 4214 eum
2932 4175 2944 4214 :
2980 4160 3188 4225 Quare,
3217 4176 3249 4214 o
3287 4176 3430 4215 nove
3479 4160 3581 4215 do-

1939 4251 2082 4317 ctor,
2114 4247 2195 4303 ita
2224 4248 2413 4302 factus
2444 4250 2534 4302 est
2554 4246 2738 4315 culex,
2772 4252 2837 4301 ut
2862 4247 3144 4303 minimus
3192 4248 3469 4314 existens,
3528 4252 3585 4304 et

1939 4353 2039 4393 sex
2062 4337 2237 4408 pedes
2268 4336 2508 4404 habens,
2541 4336 2900 4408 insuperque
2931 4336 3053 4392 alas
3084 4341 3244 4409 gerat
3277 4355 3289 4405 ;
3342 4336 3577 4408 elephas

168 4420 293 4498 ἔχει
322 4418 494 4483 πόδας
525 4441 538 4490 ;
570 4422 627 4475 '0
658 4418 715 4476 δὲ
741 4422 839 4490 τὴν
873 4419 1222 4476 διδασκαλίαν
1251 4443 1387 4497 προς
1416 4423 1514 4491 τὴν
1561 4421 1827 4497 ἐρώτησιν

1950 4442 2091 4496 vero,
2124 4426 2445 4480 maximum
2478 4425 2715 4491 animal,
2757 4442 2889 4480 cum
2923 4431 3115 4480 careat
3145 4425 3273 4496 alis,
3332 4433 3583 4498 quatuor

170 4512 377 4587 μικρὸν
414 4509 679 4585 ἐπισχὼν,
704 4508 961 4582 οὐδεμιᾶς
1008 4510 1190 4582 μέντοι
1217 4509 1298 4583 τῷ
1329 4509 1658 4585 ἐρωτήσαντι
1688 4510 1828 4587 πρὸς

1950 4519 2167 4570 tantum
2190 4514 2365 4587 pedes
2386 4514 2598 4569 habeat
2626 4514 2653 4568 ‘?
2676 4514 2774 4570 Ille
2802 4519 2995 4569 autem
3016 4515 3280 4571 doctrina
3308 4516 3379 4570 ad
3404 4516 3580 4570 inter-

166 4605 343 4656 ταῦτα
408 4596 670 4671 μεταδοὺς
723 4597 1059 4672 ἀποκρίσεως
1096 4644 1110 4667 ,
1164 4599 1256 4654 τὸν
1314 4599 1406 4653 ἀπ’
1454 4598 1633 4675 ἀρχῆς
1681 4599 1829 4672 αὐτῷ

1950 4602 2299 4675 rogationem
2320 4601 2619 4674 paulisper
2648 4602 3092 4669 cohibita,nullo
3120 4608 3319 4658 tamen
3358 4603 3429 4657 de
3487 4602 3579 4659 his

168 4688 541 4762 προκείμενον
591 4681 1126 4774 αῦθιςᾼάνελάμϐανε
1183 4685 1392 4763 λόγον’
1445 4672 1623 4774 τούτῳ
1680 4687 1832 4761 μόνῳ

1950 4672 2076 4747 dato
2108 4672 2388 4763 responso
2419 4691 2491 4746 ad
2518 4672 2651 4746 eum
2682 4691 2783 4762 qui
2839 4692 3314 4765 interrogaverat,
3356 4706 3580 4747 sermo-

170 4777 467 4853 προοιμίῳ
519 4777 638 4830 καθ’
686 4772 911 4846 ἑκάστην
969 4775 1210 4851 ἐγκοπὴν
1266 4772 1591 4853 χρώμενος’
1639 4776 1827 4850 Ἡμεῖς

165 4871 267 4923 τοῦ
297 4867 615 4940 πέμψαντος
646 4867 796 4938 ⁴ἶιλμὲὶς
838 4864 967 4927 τοὺς
1016 4863 1217 4941 λόγους
1255 4865 1346 4920 καὶ
1374 4866 1470 4928 τὰς
1499 4864 1828 4938 θαυμασίους

166 4956 395 5030 πράξεις
442 4954 611 5010 εἰπεῖν
661 4955 786 5027 ὑμῖν
841 4953 1003 5028 μόνον
1056 4953 1258 5030 ἔχομεν
1307 4952 1551 5024 ἐντολὴν,
1582 4953 1671 5009 καὶ
1715 4953 1829 5010 ἀντὶ

162 5052 268 5115 τῆς
333 5042 567 5119 λογικῆς
612 5040 943 5113 ἀποδείξεως
1002 5042 1276 5120 μάρτυρας
1332 5042 1645 5119 παρέχομεν
1700 5041 1826 5117 ὑμῖν

161 5138 273 5188 τῶν
319 5132 551 5195 ἐνταῦθα
596 5132 956 5206 παρεστώτων
1004 5130 1275 5194 πολλούς·
1328 5128 1522 5186 λοιπὸν
1563 5137 1666 5201 τῆς
1694 5130 1827 5204 ὀμε-

161 5222 327 5298 τέρας
385 5218 529 5275 ἐστὶν
589 5218 853 5292 ἐξουσίας,
917 5219 1154 5276 ὑπείκειν
1212 5219 1248 5290 ἢ
1304 5219 1560 5284 ἀπειθεῖν.
1614 5222 1720 5273 Τοῦ
1769 5216 1829 5274 δὲ

165 5310 355 5388 λέγειν
388 5310 517 5383 ὑμῖν
563 5310 628 5364 τὸ
678 5309 974 5387 συμφέρον,
1009 5307 1071 5364 οὐ
1118 5308 1420 5383 παύσομαι,
1450 5305 1534 5364 ὅτι
1574 5306 1699 5382 ἐμοὶ
1733 5308 1828 5381 μὲν

172 5397 353 5472 ζημία
380 5398 444 5454 τὸ
492 5400 723 5469 σιωπᾷν,
758 5396 886 5470 ὑμῖν
942 5394 1000 5453 δὲ
1042 5396 1107 5454 τὸ
1154 5398 1391 5462 ἀπειθεῖν
1438 5391 1643 5474 βλάϐη.
1676 5394 1828 5453 Ἐδυο

168 5488 354 5561 νάμην
407 5486 504 5560 μὲν
552 5484 644 5541 οὖν
673 5486 763 5541 καὶ
803 5484 1020 5543 είκαίων
1053 5486 1205 5560 ὐμῶν
1250 5482 1663 5564 προϐλημάτων
1697 5486 1829 5541 ἀπο-

174 5575 367 5632 δοῦναι
410 5575 506 5638 τὰς
556 5571 873 5648 ἀποδείξεις,
925 5572 1032 5652 εἷ’γε
1077 5574 1401 5646 ἠιλαλήθως
1451 5574 1637 5651 ἑώρων
1682 5573 1825 5648 ὑμᾶς

175 5668 300 5743 περὶ
341 5663 553 5722 τούτων
602 5662 1032 5739 πυνθανομένους
1054 5680 1069 5696 ο
1130 5665 1399 5728 κώνωπος
1456 5661 1516 5720 δὲ
1568 5664 1659 5720 καὶ
1705 5662 1825 5720 ἐλέ-

175 5774 372 5836 φαντος
428 5754 530 5828 τὴν
588 5752 761 5811 αἰτίαν
809 5755 908 5826 τῆς
953 5749 1214 5833 διαφόρου
1270 5750 1675 5832 δημιουργίας,
1726 5756 1818 5811 νῦν

1939 4796 2072 4836 nem
2104 4796 2280 4851 quem
2311 4781 2384 4835 ab
2415 4779 2582 4834 initio
2622 4779 2735 4835 sibi
2794 4785 3177 4851 proposuerat
3230 4780 3578 4852 resumpsit;

1938 4868 2047 4923 hoc
2079 4867 2203 4924 solo
2233 4872 2407 4924 utens
2437 4868 2715 4940 prooemio
2755 4869 2814 4923 in
2855 4885 3207 4942 unaquaque
3246 4868 3578 4941 interpella-

1936 4956 2300 5014 tione:Nobis
2331 4956 2748 5012 demandatum
2773 4956 3141 5013 solummodo
3173 4962 3282 5024 est,
3322 4962 3385 5013 ut
3414 4957 3579 5013 vobis

1938 5061 2238 5101 sermones
2287 5061 2351 5100 ac
2383 5044 2677 5100 mirabilia
2701 5045 2852 5101 facta
2882 5045 3039 5101 illius
3098 5047 3197 5119 qui
3255 5047 3417 5102 misit
3472 5063 3580 5102 nos

1937 5150 2277 5190 enarremus
2308 5149 2321 5188 :
2364 5150 2431 5189 ac
2459 5150 2562 5205 pro
2593 5133 3091 5190 demonstratione
3121 5135 3439 5203 dialectica,
3501 5139 3581 5192 te-

1936 5226 2055 5279 stes
2083 5222 2247 5278 vobis
2276 5221 2655 5294 producimus
2679 5238 2880 5277 eorum
2908 5223 3007 5295 qui
3039 5223 3133 5279 hic
3165 5225 3401 5279 adstant
3426 5223 3581 5279 mul-

1934 5314 2063 5368 tos:
2093 5314 2368 5367 castarum
2391 5310 2451 5366 in
2482 5314 2677 5367 vestra
2706 5314 2992 5383 potestate
3021 5316 3130 5380 est,
3174 5312 3439 5383 obsequi,
3489 5311 3579 5369 vel

1934 5400 2111 5456 ﬁdem
2145 5415 2259 5455 non
2291 5398 2521 5455 habere.
2554 5399 2672 5472 Ego
2704 5404 2857 5457 certe
2886 5416 2999 5456 non
3029 5402 3270 5457 cessabo
3299 5400 3463 5459 vobis
3484 5419 3580 5458 ex-

1933 5504 2146 5561 ponere
2203 5490 2354 5560 quod
2412 5486 2557 5543 utile
2604 5492 2747 5545 est:
2798 5489 3075 5561 quoniam
3128 5490 3273 5547 mihi
3339 5490 3577 5562 quidem

1931 5578 2216 5634 damnum
2245 5580 2354 5648 est,
2386 5580 2619 5645 tacere;
2662 5576 2828 5633 vobis
2883 5594 3015 5634 vere
3071 5596 3239 5651 noxa,
3292 5597 3405 5636 non
3464 5596 3577 5637 cre-

1932 5666 2088 5723 dere.
2116 5664 2403 5739 Equidem
2436 5679 2671 5738 possem
2729 5666 2972 5724 reddere
3021 5667 3276 5726 rationes
3318 5668 3576 5727 {utilium

1929 5758 2257 5814 vestrarum
2298 5754 2713 5827 quastionum,
2745 5754 2798 5812 si
2853 5755 3109 5816 viderem
3166 5773 3266 5817 vos
3322 5758 3393 5817 de
3443 5757 3574 5817 istis
