4140 6344
498 397 620 456 479

1327 405 1391 467 S.
1439 407 1880 471 CLEMENTIS
1926 408 1950 470 Ι
1996 406 2185 471 ΡιΟΜ.
2231 410 2462 471 ΡΟΝΤ.
2506 406 2768 470 OPERA
2808 407 3077 470 DUBIA.

3785 403 3910 464 480

498 528 765 586 veritatis
796 531 988 588 studio
1011 536 1333 605 percontari
1360 553 1372 591 :
1399 554 1597 593 verum
1631 556 1870 595 causam
1904 539 2143 595 diversae

2265 537 2390 610 ὑμῖν
2423 537 2523 593 οὐκ
2571 533 2818 613 εὔκαιρον
2870 536 3037 591 εἰπεῖν
3080 538 3197 596 τοῖς
3242 537 3287 571 ³⁸
3334 536 3440 588 τῶν
3475 530 3619 589 ὅλων
3655 530 3909 608 ἀγνοοῦσι

501 620 811 675 creationis
842 621 1042 678 culicis
1067 628 1121 678 et
1153 624 1469 696 elephanti,
1504 645 1660 682 nunc
1710 628 1873 684 vobis
1923 628 2148 700 aperire

495 706 975 780 intempestivum
999 718 1174 782 esset,
1220 714 1321 786 qui
1382 720 1563 771 Deum
1623 718 1890 772 omnium
1951 733 2145 772 rerum

496 794 800 868 ignoratis.

561 903 655 957 XI.
691 904 815 959 Haec
868 923 933 961 eo
988 907 1235 979 dicente,
1296 909 1380 963 illi
1443 911 1743 966 communi
1834 927 2145 979 consensu,

500 991 753 1047 multum
785 1011 849 1048 ac
881 995 1238 1065 petulantem
1272 999 1457 1053 risum
1492 1000 1915 1067 emiserunt,ad
1951 1006 2147 1071 stupo-

500 1096 623 1135 rem
646 1097 713 1136 ac
767 1083 998 1137 consilii
1058 1085 1315 1156 inopiam
1368 1087 1623 1142 nitentes
1679 1104 1813 1143 eum
1861 1089 2144 1161 redigere,

496 1169 674 1225 veluti
706 1171 1017 1227 barbarum
1063 1176 1376 1245 quemdam
1409 1193 1476 1231 ac
1518 1176 1814 1232 insanum.
1847 1178 1980 1242 Quae
2010 1194 2144 1233 cum

496 1274 602 1330 ego
634 1259 911 1326 intuerer,
946 1262 1141 1317 animo
1173 1264 1318 1335 coepi
1346 1264 1715 1336 incalescere,
1760 1283 1825 1321 ac
1872 1265 1993 1321 zelo
2044 1283 2142 1322 ne-

493 1347 613 1403 scio
645 1365 759 1419 qua
785 1350 1006 1405 ratione
1045 1359 1367 1423 correptus,
1403 1358 1592 1409 tacere
1642 1370 1755 1409 non
1806 1354 1989 1426 potui,
2042 1355 2143 1409 sed

496 1451 628 1491 cum
665 1437 876 1493 ﬁducia
905 1438 1022 1493 dixi
1058 1455 1071 1492 :
1103 1441 1241 1495 Jure
1275 1441 1447 1511 Deus,
1481 1458 1513 1496 ο
1546 1441 1835 1513 homines,
1878 1442 2144 1498 volunta-

496 1527 619 1580 tem
639 1541 805 1580 suam
836 1526 1491 1599 incomprehensibilem
1523 1529 1684 1586 vobis
1713 1530 2146 1603 fecit,indignos

502 1628 606 1668 vos
638 1614 967 1684 praesciens,
1000 1617 1149 1672 sicut
1180 1616 1679 1689 inpraesentiarum
1711 1620 1812 1674 dat
1842 1620 2009 1691 plene
2063 1620 2150 1674 in-

501 1700 761 1773 telligere
792 1702 863 1758 iis
896 1704 993 1775 qui
1029 1706 1239 1759 mentis
1278 1706 1501 1776 judicio
1557 1712 1821 1763 utuntur.
1877 1709 2148 1772 Quando-

502 1790 742 1861 quidem
774 1792 929 1847 enim
961 1811 1117 1849 nunc
1143 1795 1268 1863 ejus
1290 1795 1607 1851 voluntatis
1636 1813 1931 1867 praecones
1981 1796 2146 1852 missi

502 1884 659 1945 sunt,
690 1880 785 1950 qui
837 1898 950 1936 non
981 1888 1105 1937 arte
1156 1882 1355 1954 aliqua
1398 1890 1456 1939 et
1504 1885 1814 1940 verborum
1862 1885 2148 1941 rhetorico

502 1970 837 2039 ornatu,sed
871 1970 1216 2042 simpliciter
1245 1977 1479 2028 tantum
1503 1978 1559 2028 et
1592 1973 1816 2045 absque
1837 1973 2152 2030 calliditate

502 2057 814 2113 consilium
845 2061 972 2129 ejus
1003 2062 1588 2132 repraesentant,adeo
1648 2066 1713 2117 ut
1768 2061 2014 2133 quilibet
2052 2062 2148 2133 qui

504 2147 772 2215 audierit,
805 2148 1089 2221 intelligat
1130 2167 1256 2221 quae
1295 2150 1607 2218 dicuntur;
1639 2150 1858 2206 adestis
1905 2167 2027 2217 vos,
2089 2155 2152 2205 ut

505 2252 621 2290 non
653 2235 992 2308 intelligatis
1023 2240 1176 2309 quod
1202 2239 1366 2294 vobis
1398 2239 1647 2312 expedit,
1700 2244 1880 2311 utque
1934 2241 2149 2295 damno

500 2327 691 2379 vestro
723 2324 960 2380 rideatis
1000 2327 1321 2399 veritatem,
1360 2346 1483 2399 quas
1536 2328 1690 2384 inter
1740 2329 2019 2383 barbaros
2077 2328 2148 2382 ad

499 2416 756 2468 vestram
789 2416 1333 2471 condemnationem
1381 2421 1664 2485 versatur,
1726 2434 2024 2490 quamque
2078 2417 2150 2473 ad

498 2516 600 2556 vos
631 2502 1032 2559 advenientem
1062 2521 1176 2560 non
1206 2505 1385 2560 vultis
1422 2506 1674 2577 hospitio
1708 2507 1983 2577 recipere,
2015 2523 2148 2578 pro-

502 2592 631 2661 pter
658 2589 929 2647 libidines
960 2597 1203 2661 vestras,
1228 2598 1284 2648 et
1303 2594 1612 2649 verborum
1652 2594 1813 2649 illius
1844 2593 2148 2662 vilitatem,

502 2694 575 2735 ne
605 2680 958 2752 arguamini,
990 2682 1320 2738 inconsulto
1352 2682 1631 2754 philologi
1663 2699 1812 2750 esse,
1861 2687 2150 2739 amatores

504 2784 867 2837 sermonum,
894 2786 1008 2825 non
1032 2774 1227 2826 autem
1273 2772 1391 2826 veri
1436 2771 1788 2843 phiIOSOphi,
1849 2771 2151 2844 sapientiae

511 2857 784 2913 studiosi.
812 2859 1126 2932 Quousque
1156 2877 1290 2933 ergo
1342 2861 1565 2917 discitis
1622 2860 1804 2933 loqui,
1850 2861 1949 2933 qui
2006 2862 2153 2917 bene

508 2944 670 3017 loqui
716 2947 1002 3003 nescitis?
1048 2948 1226 3004 Multa
1278 2950 1435 3005 enim
1476 2950 1650 3004 verba
1708 2967 1831 3021 quae
1864 2950 2152 3022 profertis,

516 3034 694 3089 unius
752 3035 909 3090 verbi
964 3038 1148 3108 pretio
1199 3054 1313 3093 non
1371 3042 1509 3093 sunt
1554 3038 1916 3094 aestimanda.
2006 3039 2154 3102 Quid

517 3127 714 3179 autem
744 3128 801 3179 et
829 3125 982 3181 dicet
1009 3126 1206 3181 Graeca
1233 3132 1427 3182 vestra
1464 3127 1799 3192 multitudo,
1858 3128 2157 3183 unanimis

517 3211 831 3283 aliquando
854 3214 1023 3282 facta,
1057 3214 1105 3269 si
1131 3215 1423 3284 judicium
1447 3215 1708 3270 futurum
1767 3219 1878 3283 est,
1934 3221 2001 3271 ut
2044 3215 2156 3271 iste

2258 626 2410 684 Θεόν.

2328 912 2420 965 XI.
2453 912 2629 962 Ταῦτα
2678 906 2843 962 αὐτοῦ
2902 905 3178 983 λὲγοντος,
3236 904 3296 960 ἐκ
3342 904 3658 983 συμφωνίας
3707 904 3908 960 ἐκεῖνοι

2257 996 2428 1054 πολὺν
2477 996 2567 1051 καὶ
2616 994 2841 1051 ἄτακτον
2896 995 3118 1073 ἠφίεσαν
3175 993 3409 1071 γέλωτα,
3461 994 3537 1055 εἷς
3592 993 3907 1069 ἀμηχανίαν

2255 1085 2413 1141 αὐτὸν
2493 1080 2793 1159 ἐμϐάλλειν
2870 1084 3259 1159 πειρώμενοι,
3312 1081 3551 1157 καθάπερ
3633 1077 3907 1157 βάρϐαρόν

2253 1196 2375 1230 τινα
2416 1174 2507 1230 καὶ
2561 1174 2907 1248 μαινόμενον.
2960 1174 3102 1248 Ἐγὼ
3147 1170 3205 1227 δὲ
3253 1176 3421 1227 ταῦτα
3469 1171 3644 1246 ὀρῶν,
3695 1168 3910 1244 διαθερ-

2261 1262 2523 1337 μαίνομαι
2553 1264 2652 1331 τὴν
2686 1263 2893 1338 ψυχὴν,
2942 1262 3032 1317 καὶ
3083 1258 3238 1334 ζήλῳ
3282 1259 3381 1315 οὐκ
3429 1257 3528 1314 οἶδ’
3575 1258 3722 1321 ὅπως
3765 1258 3911 1337 ληφ-

2258 1353 2389 1417 θεὶς,
2449 1355 2599 1429 σιγᾷν
2663 1350 2772 1427 οὐχ
2828 1349 3121 1423 ὑπέμενον,
3182 1348 3327 1404 ἀλλὰ
3387 1346 3519 1421 μετᾶ
3578 1345 3911 1423 παρρησίας,

2257 1439 2525 1516 εὐλόγως,
2586 1439 2759 1507 εἶπον,
2790 1440 2817 1494 ὁ
2868 1440 2997 1501 Θεὸς
3045 1438 3194 1511 ὑμῖν,
3229 1438 3275 1491 ὦ
3305 1434 3478 1505 οὗτοι,
3528 1434 3915 1505 ἀκατάληπτον

2253 1531 2352 1598 τὴν
2403 1528 2568 1584 αὑτοῦ
2622 1527 2887 1605 βούλησιν
2936 1524 3103 1599 ἔθετο,
3158 1525 3405 1596 ἀναξίους
3456 1526 3594 1599 ὑμᾶς
3640 1522 3913 1601 προϊδὼν,

2257 1618 2309 1689 ἐξ
2358 1619 2430 1673 ὧν
2479 1621 2572 1671 νῦν
2620 1616 2748 1679 τοὺς
2794 1617 3035 1688 κριτικὸν
3095 1618 3215 1671 νοῦν
3267 1610 3497 1691 ἔχοντας
3536 1613 3911 1691 πλήροφορῶν

2257 1706 2517 1785 φαίνεται.
2555 1704 2702 1760 Ἐπεὶ
2732 1705 2834 1781 γὰρ
2883 1708 2971 1759 νῦν
3016 1710 3119 1773 τῆς
3165 1702 3328 1758 αὐτοῦ
3376 1701 3692 1778 βουλήσεως
3738 1704 3911 1777 κήρυ-

2257 1816 2347 1856 κες
2406 1791 2838 1864 ἐξαπεστάλησαν
2874 1837 2889 1864 ,
2948 1791 3010 1847 οὐ
3066 1792 3235 1868 τὲχνῃ
3303 1790 3408 1845 τινὶ
3482 1790 3572 1844 καὶ
3647 1788 3911 1865 ῥητορεία

2259 1881 2460 1959 λόγων,
2510 1879 2637 1937 ἀλλ’
2690 1880 2880 1943 ἁπλῶς
2926 1880 3069 1936 οὕτω
3112 1880 3203 1936 καὶ
3250 1878 3691 1955 ἀπανουργεύτως
3720 1881 3765 1915 ³⁷
3803 1879 3907 1947 τὴν

2261 1970 2424 2026 αὐτοῦ
2459 1969 2722 2045 βούλησιν
2754 1974 3140 2046 παριστῶντες,
3172 1968 3248 2031 ὡς
3297 1969 3471 2023 πάντα
3512 1968 3787 2022 ὁντιναοῦν
3815 1967 3912 2022 τὸν

2260 2059 2561 2115 ἀκούσαντα
2615 2063 2759 2114 νοεῖν
2819 2058 2887 2113 τὰ
2946 2056 3213 2134 λεγόμενα
3245 2100 3259 2127 ,
3316 2058 3547 2132 πάρεστε
3602 2060 3694 2110 νῦν
3750 2057 3910 2127 ὑμεῖς

2259 2149 2395 2224 πρὸς
2425 2153 2505 2221 τῷ
2540 2148 2614 2221 μὴ
2647 2152 2788 2201 νοεῖν
2816 2148 2881 2201 τὸ
2932 2147 3058 2219 ὑμῖν
3107 2144 3399 2223 συμφέρον,
3443 2143 3529 2198 ἐπὶ
3572 2143 3641 2218 τῇ
3677 2144 3913 2220 ὑμετέρᾳ

2265 2232 2443 2314 βλάϐῃ
2485 2236 2649 2312 γελᾷν
2701 2237 2801 2305 τήν
2854 2233 2943 2290 ἐπὶ
3091 2235 3323 2310 ὑμετέρᾳ
3360 2230 3620 2306 καταδίκῃ
3650 2231 3913 2288 πολιτευ-

2261 2325 2493 2398 σαμὲνην
2548 2324 2599 2380 ἐν
2655 2319 2951 2400 βαρϐάροις
3000 2321 3285 2393 ἀλήθειαν,
3319 2323 3386 2392 ἢν
3414 2322 3504 2377 καὶ
3555 2322 3681 2395 ὑμῖν
3715 2319 3909 2392 ἐπιδη-

2265 2418 2509 2488 μήσασαν
2571 2413 2760 2484 ξενίσαι
2822 2412 2883 2468 ού
2948 2410 3249 2487 βούλεσθε,
3311 2408 3401 2466 διὰ
3455 2411 3549 2472 τὰς
3622 2409 3913 2485 ἀσελγείας

2264 2504 2413 2577 ὑμῶν
2446 2548 2460 2574 ,
2518 2502 2607 2557 καὶ
2663 2503 2726 2556 τὸ
2785 2499 2935 2557 λιτὸν
2994 2505 3101 2555 τῶν
3156 2499 3340 2576 λόγων
3401 2498 3569 2568 αὐτῆς
3603 2542 3617 2567 ,
3670 2496 3762 2553 ’ίνα
3830 2498 3911 2571 μή

2262 2591 2588 2667 ἐλεγχθῆτε,
2636 2589 2720 2645 ὅτι
2769 2589 2886 2660 εἰκῆ
2937 2585 3232 2668 φιλόλογοι
3263 2588 3397 2661 ἐστε,
3429 2589 3517 2642 καὶ
3558 2587 3659 2642 οὐκ
3687 2585 3913 2657 ἀληθεῖς

2262 2678 2576 2760 φιλόσοφοι.
2618 2680 2795 2755 Μέχρι
2850 2679 2945 2752 μὲν
2991 2676 3082 2735 οὗν
3112 2698 3245 2733 ποτε
3275 2676 3462 2733 λαλεῖν
3495 2675 3805 2749 μανθάνετε,
3856 2676 3913 2729 οἱ

2260 2771 2322 2825 τὸ
2367 2767 2552 2830 καλῶς
2601 2766 2788 2824 λαλεῖν
2835 2768 2933 2823 οὐκ
2980 2766 3194 2844 ἔχοντες
3242 2767 3358 2841 (4);
3395 2763 3587 2821 Πολλὰ
3634 2764 3734 2842 γὰρ
3781 2764 3912 2840 παρ’

2266 2860 2417 2932 ὑμῶν
2462 2858 2698 2934 ῥήματα,
2747 2857 2863 2919 ἑνὸς
2906 2856 3005 2912 οὐκ
3052 2854 3170 2930 ἄξια
3211 2854 3409 2931 λόγου.
3456 2853 3517 2908 Τί
3565 2851 3623 2909 δὲ
3670 2852 3772 2929 ἄρα
3816 2854 3909 2909 καὶ

2264 2946 2373 3022 ἐρεῖ
2404 2947 2528 3021 ὑμῖν
2562 2948 2606 2983 ³⁸
2633 2945 2696 3001 τό
2744 2943 3053 3016 Ελληνικὸν
3085 2944 3302 3015 πλῆθος
3346 2943 3441 3017 μία
3470 2944 3621 3019 ψυχή
3653 2963 3787 2998 ποτε
3814 2964 3909 3017 γε-

2263 3036 2512 3109 νόμενον,
2546 3032 2695 3111 εἷ’περ
2735 3031 2883 3091 ἕσται
2930 3033 3103 3109 κρίσις
3150 3034 3227 3096 ὡς
3278 3033 3435 3096 οὗτός
3484 3053 3616 3110 φησι
3648 3050 3664 3101 ;
3700 3034 3796 3087 Διά
3830 3031 3908 3104 τί,

2264 3128 2310 3181 ὦ
2358 3125 2473 3192 Θεὲ,
2525 3125 2625 3193 τὴν
2677 3125 2774 3193 σὴν
2829 3122 3094 3200 βούλησιν
3148 3122 3249 3178 οὐκ
3290 3121 3550 3196 ἐκήρυξας
3600 3122 3785 3193 ἠμῖν;
3834 3121 3911 3176 Οὐ

2265 3216 2476 3275 πάντως
2524 3211 2833 3282 ἀκούσεσθε,
2884 3210 3033 3289 εἷ’περ
3078 3211 3227 3274 τινὸς
3278 3212 3381 3288 ἄρα
3430 3209 3519 3265 καὶ
3570 3209 3913 3285 ἀποκρίσεως

516 3300 599 3357 ait
618 3275 1036 3367 iQuare,Deus,
1064 3275 1419 3359 voluntatem
1451 3309 1613 3359 tuam
1670 3321 1784 3359 non
1830 3275 2152 3376 praedicasti

2265 3302 2751 3372 καταξιωθήσεσθε,
2795 3301 2911 3374 ὡς,
2964 3275 3073 3376 ἐγὼ
3120 3275 3436 3362 πάσαςιτὰς
3490 3275 3749 3371 ἐσομένας
3806 3299 3916 3375 πρὸ

516 3390 686 3446 nobis
706 3390 733 3445 ?
758 3389 1103 3447 Nullatenus
1134 3393 1455 3448 audiemini
1485 3392 1603 3448 :vel
1638 3393 1782 3449 forte
1810 3398 1867 3448 et
1897 3392 2159 3465 aliquam

516 3480 961 3550 responsionem
994 3481 1387 3553 reportabitis,
1420 3482 1763 3553 huiusmodi
1797 3500 1809 3538 :
1842 3483 1956 3554 Ego
2023 3498 2159 3537 cum

518 3583 723 3623 omnes
784 3569 1013 3624 futuras
1076 3570 1423 3637 voluntates,
1490 3576 1624 3627 ante
1681 3570 2159 3627 constitutionem

516 3657 721 3712 mundi
753 3659 1510 3730 cognoscerem,unicuique
1540 3677 1643 3732 pro
1669 3660 1873 3716 merito
1915 3677 2020 3716 suo
2076 3659 2159 3715 la-

513 3747 705 3800 tenter
733 3745 979 3817 przsvius
1009 3747 1232 3801 occurri
1272 3764 1285 3802 :
1338 3749 1492 3819 quod
1521 3753 1718 3804 autem
1742 3748 1798 3803 id
1844 3748 2040 3820 ipsum
2083 3749 2162 3803 ita

516 3850 579 3890 se
609 3833 837 3906 habeat,
869 3834 1068 3890 volens
1099 3835 1169 3891 iis
1201 3836 1301 3908 qui
1336 3837 1405 3891 ad
1441 3853 1531 3891 me
1561 3838 1969 3908 confugerunt,
1995 3836 2162 3909 plene

516 3923 911 3991 manifestare,
945 3940 1050 3978 cur
1074 3925 1145 3980 ab
1169 3925 1356 3992 initio,
1389 3942 1422 3979 a
1454 3925 1661 3996 primis
1688 3925 2161 3999 generationibus

514 4010 876 4067 voluntatem
908 4029 1100 4068 meam
1135 4013 1326 4084 palam
1367 4031 1482 4068 non
1527 4014 1762 4069 siverim
1820 4014 2159 4085 praedicari;

518 4115 674 4154 nunc
714 4102 865 4156 circa
914 4102 1089 4157 ﬁnem
1143 4102 1360 4168 saeculi,
1423 4120 1717 4175 praecones
1767 4103 1879 4159 mei
1934 4103 2161 4159 consilii

519 4187 693 4255 misi;
727 4189 809 4243 illi
866 4206 998 4245 vero
1032 4196 1089 4246 et
1119 4192 1524 4257 irridentur,et
1553 4191 1924 4248 contumeliis
1978 4193 2161 4248 allecti

520 4275 882 4332 deluduntur
901 4280 971 4334 ab
1004 4279 1075 4334 iis
1106 4279 1205 4351 qui
1239 4296 1609 4352 nequaquam
1651 4281 1849 4336 volunt
1900 4281 2163 4352 adjuvari

521 4381 833 4437 meamque
861 4367 1177 4422 amicitiam
1192 4368 1564 4423 vehementer
1576 4370 1970 4440 repudiarunt.
1982 4369 2025 4425 Ο
2040 4385 2162 4424 ma-

2265 3386 2582 3459 καταϐολῆς
2628 3389 2839 3463 κόσμου
2892 3389 3233 3465 προαιρέσεις
3286 3385 3475 3461 εἰδὼς,
3525 3388 3735 3461 ἑκάστῳ
3780 3388 3920 3463 πρὸς

2265 3479 2329 3534 τὸ
2361 3478 2523 3533 αὐτοῦ
2554 3477 2697 3551 ἅξιον
2751 3476 3122 3540 λανθανόντως
3172 3479 3604 3552 προαπήντησα*
3654 3480 3815 3532 τοῦτο
3865 3473 3926 3533 δὲ

2271 3567 2398 3622 αὐτὸ
2428 3567 2510 3622 ὅτι
2543 3567 2717 3630 οὕτως
2752 3564 2891 3643 ἔχει,
2932 3566 3226 3643 βουληθεὶς
3270 3566 3397 3629 τοὺς
3444 3564 3924 3643 προσπεφευγότας

2273 3678 2368 3730 μοι
2398 3655 2846 3733 πληροφορῆσαι,
2882 3654 2970 3711 διὰ
3013 3656 3065 3711 τί
3114 3655 3369 3732 ἀπαρχῆς
3419 3653 3479 3711 ἐκ
3525 3654 3802 3731 προτέρων
3842 3676 3929 3731 γε·

2268 3750 2401 3801 νεῶν
2434 3746 2533 3813 τὴν
2569 3743 2709 3818 ἐμὴν
2749 3742 3013 3821 βούλησιν
3044 3744 3277 3817 δημοσίᾳ
3307 3742 3406 3799 οὐκ
3449 3740 3600 3798 εἷάσα
3640 3745 3927 3819 κηρυχθῆ-

2268 3854 2377 3903 ναι,
2433 3837 2524 3888 νῦν
2572 3834 2707 3909 πρὸς
2748 3837 2829 3906 τῷ
2874 3831 3022 3888 τὲλει
3074 3837 3172 3888 τοῦ
3235 3832 3356 3908 βίου
3403 3834 3449 3869 ²⁹
3494 3833 3737 3907 κήρυκας
3785 3830 3928 3903 ἐμῆς

2275 3920 2481 3998 βουλῆς
2512 3920 2828 3990 ἀπέστειλα,
2874 3921 2927 3976 οἳ
2974 3920 3064 3976 καὶ
3114 3919 3408 3997 γελῶνται,
3438 3920 3531 3974 καὶ
3575 3913 3927 3994 ὑϐριζόμενοι

2270 4010 2631 4087 χλευάζονται
2669 4010 2773 4065 ὑπὸ
2798 4014 2906 4065 τῶν
2944 4007 3113 4084 μηδὲν
3168 4008 3493 4087 ὡφελεῖσθαι
3549 4006 3928 4084 βουλομένων,

2269 4100 2359 4155 καὶ
2390 4100 2794 4174 ἐπιτεταμένως
2838 4100 2937 4169 τὴν
2989 4100 3127 4173 ἐμὴν
3176 4096 3374 4177 φιλίαν·
3412 4099 3925 4173 παραιτησαμένων.

2270 4190 2339 4243 Ὠ
2372 4187 2621 4264 μεγάλης
2656 4186 2889 4260 ἀδικίας,
2922 4186 3005 4244 ὅτι
3033 4189 3197 4264 μέχρι
3222 4186 3423 4265 φθόνου
3456 4188 3500 4224 ³ο
3528 4183 3927 4242 κινδυνεύουσιν

2273 4278 2325 4332 οἳ
2355 4281 2451 4332 τοῦ
2482 4281 2616 4333 Θεοῦ
2644 4279 2900 4353 κήρυκες,
2940 4278 3029 4332 καὶ
3060 4275 3228 4332 ταῦτα
3259 4276 3361 4332 ὑπὸ
3390 4279 3499 4332 τῶν
3545 4274 3621 4339 είς
3655 4274 3930 4349 σωτηρίαν

2274 4363 2631 4439 καλουμένων
2667 4363 2897 4442 ἀνδρῶν.

523 4470 701 4527 gnam
762 4455 1064 4523 injuriaml
1113 4456 1341 4512 invidiae
1383 4457 1557 4512 etiam
1606 4456 1932 4529 periculum
1983 4458 2241 4514 subeunt
2278 4457 2693 4530 praedicatores
2733 4456 2856 4528 Dei,
2888 4456 3063 4528 idque
3102 4472 3205 4528 per
3258 4471 3357 4511 eos
3412 4453 3698 4517 homines,
3731 4451 3827 4522 qui
3859 4451 3933 4508 ad

527 4542 781 4599 salutem
814 4550 1115 4601 vocantur.

599 4649 719 4704 XII.
752 4651 886 4715 Quae
919 4668 1054 4707 cum
1084 4651 1592 4726 dicerem,aliaque
1613 4654 1705 4709 his
1755 4657 2146 4710 consentanea

2354 4654 2469 4708 XII.
2501 4648 2676 4705 Ταῦτά
2728 4671 2832 4723 μου
2872 4647 3129 4727 λὲγοντος
3157 4649 3248 4707 καὶ
3293 4648 3360 4705 τὰ
3386 4647 3605 4710 τούτοις
3635 4643 3932 4714 ἀκόλουθα,

530 4738 781 4794 multum
815 4741 871 4794 in
908 4739 1073 4812 plebe
1093 4746 1283 4796 ortum
1338 4747 1425 4798 est
1474 4759 1780 4799 murmur:
1842 4747 2015 4814 atque
2072 4741 2147 4796 ali

2279 4737 2456 4802 πολὺς
2502 4744 2609 4794 τῶν
2662 4733 2850 4814 ὄχλων
2899 4739 3106 4815 ἐγένετο
3155 4736 3422 4812 Θρύλλος’
3470 4738 3559 4792 καὶ
3608 4736 3660 4791 οἱ
3711 4735 3804 4808 μὲν
3855 4735 3933 4797 ὡς

529 4828 767 4900 quidem
802 4830 1125 4885 Barnabam
1149 4831 1513 4898 miserantes,
1548 4831 1691 4886 mihi
1724 4832 1993 4887 favebant
2024 4850 2038 4899 ;
2073 4831 2148 4886 ali

2276 4831 2369 4884 τὸν
2418 4822 2696 4904 Βαρνάϐαν
2748 4826 3022 4890 ἐλεοῦντες
3074 4827 3307 4903 συνῇράν
3359 4846 3472 4900 μοι·
3527 4826 3584 4880 οἱ
3632 4823 3690 4880 δὲ
3718 4821 3929 4894 ἠλίθιοι

526 4933 684 4985 vero,
716 4918 1000 4990 quierant
1029 4919 1248 4989 stolidi,
1280 4921 1533 4992 graviter
1586 4922 1644 4974 in
1694 4935 1787 4975 me
1844 4920 2152 4976 strideban‘

2278 4912 2453 4989 ὄντες,
2488 4914 2676 4979 δεινῶς
2721 4917 2839 4971 κατ’
2886 4916 3023 4989 ἐμοῦ
3074 4911 3306 4993 ἔϐρυχον
3345 4915 3474 4978 τοὺς
3506 4912 3743 4975 ὀδόντας.
3778 4912 3932 4967 Ἐπεὶ

528 5005 820 5062 dentibus.
848 5008 1016 5063 Porro
1043 5024 1175 5064 cum
1197 5009 1323 5079 jam
1352 5024 1592 5080 vespera
1622 5008 1972 5074 advenisset,
2032 5008 2167 5064 Bar-

2281 5002 2340 5062 δὲ
2364 5003 2472 5077 ἤδη
2505 5006 2595 5061 καὶ
2626 5007 2662 5076 ἡ
2696 5003 2895 5083 ἑσπέρα
2923 5000 3210 5076 κατέλαϐε,
3239 5011 3339 5076 τῆς
3388 5003 3577 5080 χειρὸς
3622 4997 3805 5059 λαϐὼν
3832 5000 3929 5056 τὸν

1874 5175 2119 5233 VARle
2157 5175 2456 5233 LECTION
2466 5176 2571 5233 ES.

598 5299 643 5375 ξθ
673 5297 749 5354 al.
783 5300 916 5354 add.
947 5296 1059 5375 τόν.
1093 5300 1135 5334 ²“¹
1167 5300 1241 5355 al.
1273 5297 1663 5375 dxavofipytuc.
1686 5301 1730 5335 ³⁸
1760 5300 1799 5355 l.
1835 5298 1997 5375 ὑμῶν.
2040 5316 2108 5357 ex
2154 5317 2299 5375 mss.
2334 5298 3477 5375 ’?_Vertit_Coteleriuquuasiperinde
3526 5303 3683 5356 esset
3728 5314 3796 5354 ac
3831 5301 3933 5352 τοῦ

530 5367 746 5439 αἰῶνος,
780 5371 1071 5427 sententia
1095 5372 1450 5445 postulante,
1483 5367 1584 5429 sed
1616 5372 1744 5430 sine
1775 5367 2059 5445 exemplo,
2093 5373 2247 5445 quod
2273 5372 2511 5445 quidem
2542 5371 2748 5429 sciam.
2779 5373 2949 5430 Casa.
2972 5367 3027 5408 ³ο
3046 5367 3127 5429 al.
3161 5367 3348 5446 φόνου.

1878 5523 2261 5582 VARIORUM
2299 5522 2534 5581 NOTAE.

595 5635 676 5708 (4)
706 5635 774 5693 Οἱ
803 5636 864 5691 τὸ
903 5633 1091 5699 καλῶς
1123 5634 1309 5694 λαλεῖν
1359 5638 1459 5696 οὐκ
1509 5637 1754 5715 ἔχοντες.
1802 5641 1973 5697 Verte
2005 5658 2018 5698 :
2052 5641 2159 5710 Qui
2206 5640 2336 5700 bene
2384 5639 2538 5714 loqui
2581 5656 2693 5699 non
2729 5639 3157 5715 potestis;quia
3198 5638 3336 5698 boni
3384 5637 3533 5698 nihil
3580 5637 3925 5696 didicerant.

522 5710 688 5768 (Jun.
