4148 6342
221 384 344 443 481

983 376 1512 441 CLEMENTINA.
1546 375 2003 439 —EPITOME
2047 378 2151 440 DE
2194 378 2468 441 GESTIS
2515 381 2581 442 S.
2630 381 2886 443 PETRI.

3513 386 3633 448 482

212 509 522 587 Βαρνάϐαν,
554 513 645 567 καὶ
696 513 772 585 μὴ
827 508 1165 587 βουλόμενον
1200 505 1293 584 βίᾳ
1323 505 1401 570 εἷς
1441 508 1542 576 τὴν
1571 507 1709 581 ἐμὴν
1736 508 1875 583 ἦγον

2000 510 2158 566 nabis
2189 527 2367 567 manu
2400 512 2785 584 apprehensa,
2816 529 2949 569 eum
2980 514 3116 571 licet
3144 516 3454 588 nolentem,
3478 518 3531 574 vi
3565 519 3637 575 ad

212 602 425 675 οἰκίαν,
474 600 596 656 ἔνθα
641 600 732 655 καὶ
793 600 966 673 μένειν
1017 596 1175 653 αὐτὸν
1226 594 1479 666 ἐποίησα,
1522 593 1615 650 ’ίνα
1671 598 1745 669 μή
1792 616 1874 658 τις

212 691 370 762 αὐτῷ
421 696 611 767 χεῖρας
663 684 937 761 ἐπιϐάλλῃ
976 689 1045 742 ³³.
1102 684 1200 740 Καὶ
1260 685 1473 760 ἡμέρας
1534 683 1725 759 ὀλίγας
1783 683 1875 739 σὺν

214 780 350 853 ἐμοὶ
406 778 708 855 διατρίψας,
740 776 829 831 καὶ
879 780 975 830 τοῦ
1022 772 1287 845 ἀληθινοῦ
1338 772 1509 849 λόγου
1563 773 1772 850 βραχέα
1814 792 1879 845 με

212 870 509 944 κατήχησε
564 870 630 904 ³³⁸
684 863 929 921 σπεύδειν
984 864 1030 900 ³³
1087 861 1187 939 γὰρ
1252 860 1430 939 ἔλεγεν
1493 862 1566 923 εἷς
1615 858 1874 916 Ἰουδαίαν

215 956 509 1036 ἀφικέσθαι
565 963 665 1026 τῆς
724 955 919 1029 ἑορτῆς
974 954 1136 1029 χάριν
1172 996 1187 1022 ,
1250 950 1324 1013 ὡς
1378 951 1468 1005 καὶ
1522 954 1621 1006 τοῦ
1677 949 1876 1006 λοιποῦ

215 1051 457 1101 συνεῖναι
491 1049 607 1106 τοῖς
638 1043 803 1099 αὐτοῦ
837 1041 1151 1115 ὁμοεθνέσιν
1180 1037 1404 1104 ἐθέλων.

290 1136 441 1192 XIII.
475 1135 646 1206 Ἔμοῦ
695 1130 753 1187 δέ
802 1130 923 1187 λίαν
973 1137 1074 1200 τῆς
1123 1128 1328 1184 ἐκείνου
1375 1126 1631 1203 γλώττης
1669 1146 1873 1201 κρεμα-

217 1222 411 1297 μένου,
470 1222 561 1277 καὶ
619 1217 867 1298 σφοδρῶς
923 1217 1261 1293 ἐγκειμένου,
1322 1216 1413 1271 καὶ
1471 1215 1571 1271 οῦκ
1616 1214 1873 1285 ἀνιέντος,

214 1311 369 1367 ἀλλὰ
415 1309 521 1379 λήν
569 1309 771 1377 λοιπήν
821 1308 1173 1368 ἀπαιτοῦντος
1224 1302 1610 1374 διδασκαλίαν,
1650 1303 1739 1358 καὶ
1787 1302 1876 1358 λέ-

210 1420 429 1478 γον-τος⁵
494 1398 557 1453 σὺ
616 1398 779 1471 μόνον
842 1397 933 1459 οὓς
991 1393 1228 1465 ἤκουσας
1286 1398 1381 1449 τοῦ
1438 1394 1692 1471 φανέντος
1736 1396 1874 1448 Θεοῦ

214 1490 437 1545 έκτίθου
494 1510 584 1562 μοι
636 1486 864 1563 λόγους,
910 1485 1061 1561 κάγὼ
1088 1489 1168 1556 τῷ
1220 1484 1339 1557 έμῷ
1369 1481 1518 1557 λόγῳ
1570 1483 1872 1554 κοσμήσας,

210 1584 315 1635 τοῦ
346 1582 484 1635 Θεοῦ
531 1576 749 1651 κηρύξω
791 1576 891 1644 τὴν
938 1573 1223 1649 βούλησιν.
1260 1572 1366 1627 Εἶθ’
1408 1571 1582 1633 οὕτως
1607 1569 1695 1625 καὶ
1728 1569 1872 1631 ἐντὸς

217 1668 430 1744 ὀλίγων
488 1669 710 1743 ἡμερῶν
770 1662 1151 1719 συνεκπλεύσω
1211 1682 1315 1717 σοι.
1374 1660 1502 1715 Δίαν
1561 1660 1664 1735 γὰρ
1721 1660 1873 1713 ποθῶ

214 1757 369 1833 παρᾶ
414 1757 506 1811 τὸν
552 1762 653 1824 τῆς
704 1750 968 1814 Ἰουδαίας
1015 1752 1257 1827 γενέσθαι
1295 1748 1484 1805 τόπον.
1516 1748 1668 1823 Τάχα
1699 1744 1756 1801 δὲ
1785 1746 1873 1801 καὶ

218 1846 536 1915 συνοικήσω
579 1843 707 1916 ὑμῖν
757 1841 851 1896 τὸν
898 1841 1071 1895 πάντα
1119 1860 1225 1912 μου
1270 1845 1369 1909 τῆς
1422 1842 1565 1907 ζωῆς
1624 1836 1824 1912 χρόνον
1858 1876 1871 1891 .
1908 1882 1955 1946 Β

239 1942 247 1946 -
279 1934 293 1946 ο
345 1935 358 1946 ι
529 1932 542 1946 ι
718 1931 734 1946 9
824 1929 837 1946 1
1048 1927 1118 1946 ’A‘
1224 1927 1237 1946 Ἰ
1394 1926 1406 1946 Ι
1548 1945 1556 1946 κ
1596 1925 1654 1946 1“
1730 1925 1743 1946 9
1820 1924 1839 1946 \

218 1934 400 1995 Αὐτὸς
450 1932 657 1988 τούτων
709 1929 963 1997 ἀκούσας,
1013 1927 1166 1989 εὐθὺς
1213 1926 1559 2003 ἀπεκρίνατο·
1595 1925 1669 1979 Σὺ
1701 1925 1745 1979 εί
1781 1924 1873 1997 μὲν

214 2025 509 2097 ἱστορῆσαι
557 2022 625 2076 τὰ
674 2019 914 2095 ἡμέτερα
960 2018 1049 2073 καὶ
1101 2018 1285 2090 μαθεῖν
1330 2017 1392 2071 τὸ
1443 2015 1715 2091 συμφέρον
1765 2011 1875 2067 ἐθέ-

213 2111 362 2181 λεις,
399 2110 621 2181 ἐξαυτῆς
677 2130 790 2183 μοι,
840 2107 995 2183 φησὶ,
1042 2104 1407 2178 σύμπλευσον·
1455 2104 1500 2158 εί
1548 2101 1605 2157 δὲ
1639 2103 1715 2175 μὴ
1752 2100 1877 2176 βού-

214 2200 330 2268 λει,
364 2198 512 2254 ἀλλὰ
540 2200 610 2253 τὰ
641 2202 842 2271 σημεῖα
870 2198 968 2264 τῆς
1001 2194 1268 2264 οἰκήσεώς
1303 2214 1438 2267 μου,
1468 2192 1559 2247 καὶ
1590 2193 1664 2245 ὧν
1698 2188 1872 2254 θέλεις

214 2290 333 2365 ἐγώ
367 2310 450 2343 σοι
496 2290 735 2363 σήμερον
783 2288 1019 2362 γνωριιῖῃ
1058 2281 1152 2338 ’ίνα
1196 2280 1285 2338 ὅτε
1334 2281 1425 2337 καῖ
1476 2279 1662 2357 βούλει
1701 2299 1872 2355 παρα-

216 2378 512 2455 γενόμενος
548 2376 703 2451 εὕρῃς
753 2377 924 2447 ἡμᾶς·
972 2372 1078 2448 ἐγὼ
1127 2372 1230 2446 γὰρ
1277 2367 1463 2447 αῦριον
1495 2369 1582 2424 ἐπὶ
1611 2370 1679 2424 τὰ
1708 2368 1874 2441 ἐμαυ-

218 2472 322 2522 τοῦ
353 2464 717 2541 πορεύσομαι.
754 2462 853 2520 Καὶ
905 2459 972 2530 δὴ
1021 2458 1376 2530 ἀδυσώπητον
1423 2458 1595 2520 οὕτως
1629 2455 1756 2512 ἰδὼν
1781 2456 1873 2511 τὸν

223 2550 514 2632 Βαρνάϐαν
544 2598 556 2622 ,
609 2551 870 2621 συνῆλθον
922 2550 1069 2622 αὐτῷ
1119 2548 1284 2625 μέχρι
1331 2547 1421 2603 καὶ
1465 2552 1563 2603 τοῦ
1612 2545 1874 2619 λιμένος’

225 2644 322 2700 καὶ
375 2644 555 2717 μαθὼν
605 2647 730 2718 παρ’
776 2639 938 2695 αὐτοῦ
984 2641 1116 2714 ἅπερ
1166 2635 1320 2713 ἔλεγε
1348 2641 1551 2709 σημεῖα
1584 2640 1691 2690 τῶν
1720 2633 1881 2704 οἰκή-

234 2754 399 2805 σεων,
450 2731 594 2809 φημὶ
641 2730 779 2806 πρὸς
822 2727 1004 2784 αὐτόν·
1055 2733 1140 2789 Ὡς
1192 2726 1236 2781 εἰ
1288 2727 1364 2799 μὴ
1416 2722 1600 2801 αὔριον
1646 2720 1880 2809 ἔμελλον

239 2808 540 2889 ἀπαιτῆσαι
586 2840 636 2873 τι
681 2823 789 2873 τῶν
846 2816 1217 2895 ὀφειλομένων
1268 2835 1383 2887 μοι,
1429 2812 1653 2883 ἐξαυτῆς
1682 2810 1741 2866 ἂν
1795 2808 1885 2864 καὶ

241 2908 539 2965 συνεπλεόν
592 2928 695 2962 σοι·
750 2904 895 2973 πλὴν
946 2903 1091 2960 ἀλλὰ
1130 2903 1322 2979 τάχιόν
1372 2923 1430 2957 σε
1474 2900 1883 2974 καταλήψομαι.

238 3002 426 3057 Ταῦτα
472 2998 635 3052 εἰπὼν
663 3041 677 3066 ,
711 2996 799 3051 καὶ
842 2992 1211 3071 παραθέμενος
1240 2992 1398 3047 αὐτὸν
1428 2996 1544 3052 τοῖς
1570 2995 1666 3045 τοῦ
1690 2986 1888 3044 πλοίου

238 3088 595 3163 ἡγουμένοις,
640 3084 965 3163 ὑπέστρεφον
1000 3082 1134 3156 μετὰ
1163 3079 1368 3152 λύπης,
1401 3077 1746 3154 μεμνημένος
1793 3081 1890 3132 τοῦ

233 3175 414 3232 καλοῦ
443 3172 532 3230 καί
563 3174 825 3244 συνήθους
859 3170 1046 3251 φίλου.

1990 617 2180 656 meam
2214 601 2455 656 domum
2489 602 2645 668 duxi,
2679 603 2778 657 ubi
2812 607 2869 658 et
2909 604 3016 659 feci
3071 621 3327 675 manere,
3390 624 3459 662 ne
3506 608 3639 679 quis

1986 688 2037 742 ei
2071 704 2283 744 manus
2311 689 2602 759 injeceret.
2639 690 2977 762 Paucosque
3003 692 3128 748 dies
3161 710 3389 749 mecum
3444 712 3640 752 mora-

1986 780 2104 843 tus,
2139 777 2422 833 nonnulla
2451 795 2595 833 vera:
2618 779 2913 851 religionis
2937 781 3271 837 rudimenta
3295 799 3387 837 me
3409 785 3633 841 docuit:

1987 865 2178 921 aiebat
2208 866 2364 921 enim
2397 868 2547 938 quod
2608 873 2943 939 properaret
3001 869 3194 924 venire
3252 872 3322 925 ad
3370 872 3635 928 Judaeam

1985 958 2223 1027 propter
2250 955 2485 1026 festum,
2520 960 2585 1011 ut
2614 956 2713 1027 qui
2736 956 2904 1012 vellet
2932 957 2989 1012 in
3022 962 3321 1029 posterum
3354 976 3486 1017 cum
3511 962 3636 1018 suis

1985 1042 2369 1114 p0pularibus
2396 1044 2626 1115 degere.

2054 1131 2201 1186 XIII.
2228 1132 2345 1203 Ego
2373 1147 2508 1186 vero
2538 1148 2671 1187 cum
2704 1131 2872 1187 valde
2920 1133 2993 1188 ab
3041 1133 3203 1190 illius
3249 1134 3448 1208 lingua
3500 1154 3640 1209 pen-

1984 1219 2203 1284 derem,
2236 1236 2301 1274 ac
2331 1220 2705 1275 vehementer
2761 1220 3066 1292 instarem,
3120 1240 3223 1279 nec
3273 1225 3638 1295 desisterem,

1984 1308 2085 1362 sed
2118 1308 2403 1379 reliquam
2437 1308 2761 1363 doctrinam
2797 1309 3180 1380 postularem,
3212 1330 3278 1368 ac
3336 1314 3630 1374 dicerem:

1984 1397 2068 1450 Tu
2102 1400 2329 1451 tantum
2368 1396 2510 1451 mihi
2542 1414 2762 1469 expone
2792 1398 2889 1453 Dei
2922 1398 3022 1468 qui
3054 1402 3342 1471 apparuit,
3368 1421 3515 1474 quos
3538 1422 3645 1483 au.

1984 1483 2143 1550 disti,
2181 1501 2519 1552 sermones;
2552 1491 2608 1539 et
2638 1502 2742 1556 ego
2776 1486 3036 1541 oratione
3068 1505 3195 1543 mea
3253 1507 3351 1545 eos
3395 1509 3636 1578 ornans,

1984 1573 2338 1628 voluntatem
2396 1574 2491 1628 Dei
2554 1574 2896 1645 praedicabo.
2953 1574 3151 1647 sicque
3225 1584 3426 1649 postea
3492 1573 3645 1637 intra

1984 1677 2201 1733 paucos
2231 1662 2355 1718 dies
2383 1663 2665 1734 navigabo
2688 1668 2878 1718 tecum
2906 1680 2917 1718 :
2947 1665 3268 1721 admodum
3302 1669 3456 1723 enim
3476 1671 3646 1743 cupio

1986 1751 2056 1805 ad
2088 1750 2301 1806 Judseze
2336 1752 2626 1823 regionem
2661 1754 2856 1808 venire
2884 1770 2896 1808 :
2931 1772 2997 1810 ac
3029 1756 3172 1810 forte
3204 1757 3645 1816 vobiscumtoto

1985 1839 2114 1893 vitm
2146 1856 2286 1894 meae
2318 1845 2578 1912 tempore
2609 1840 2921 1909 habitabo;
2958 1842 3055 1897 ille
3086 1844 3177 1899 his
3210 1845 3445 1913 auditis,
3487 1847 3642 1904 illico

1986 1927 2303 1998 respondit,
2338 1945 2401 1983 ac
2435 1928 2614 1983 dixit:
2649 1930 2757 1997 Tu,
2792 1930 2838 1985 si
2893 1932 3128 2001 quidem
3174 1933 3369 1988 videre
3420 1940 3640 2008 nostra,

1983 2020 2039 2071 et
2068 2017 2223 2087 quod
2256 2016 2487 2089 expedit
2516 2018 2682 2089 cupis
2714 2018 2973 2085 discere;
3010 2036 3238 2076 mecum
3273 2023 3473 2079 statim
3536 2042 3640 2082 na-

1982 2106 2177 2176 vigato
2206 2121 2217 2159 :
2251 2104 2339 2160 sin
2372 2122 2505 2161 vero
2540 2123 2653 2161 non
2688 2106 2774 2162 vis
2805 2108 3096 2179 navigare,
3128 2126 3232 2181 ego
3262 2110 3435 2167 hodie
3467 2114 3635 2186 signa

1983 2193 2265 2249 domicilii
2298 2194 2434 2261 mei,
2467 2212 2787 2266 eorumque
2817 2214 2961 2267 quos
2993 2198 3295 2254 convenire
3340 2200 3637 2259 desideras

1983 2282 2252 2350 indicabo
2283 2301 2296 2349 ;
2334 2288 2399 2338 ut
2431 2285 2664 2355 quando
2694 2285 2944 2341 volueris
2974 2286 3188 2354 venire,
3211 2305 3316 2343 nos
3342 2288 3633 2348 invenias:

1982 2387 2087 2443 ego
2119 2388 2373 2441 namque
2405 2388 2534 2428 cras
2582 2374 2652 2427 ad
2702 2390 2830 2428 mea
2873 2391 2966 2429 me
3016 2376 3330 2431 conferam.
3385 2379 3455 2433 Et
3503 2396 3637 2438 vero

1983 2476 2225 2515 cernens
2258 2461 2583 2516 Barnabam
2617 2462 2760 2517 adeo
2790 2478 2918 2517 esse
2951 2464 3389 2536 inexorabilem,
3453 2469 3642 2523 comi-

1982 2554 2145 2614 tatus
2176 2566 2307 2604 sum
2341 2564 2474 2605 eum
2503 2566 2691 2621 usque
2721 2551 2791 2606 ad
2842 2557 3096 2622 portum,
3146 2556 3517 2627 acceptisque
3567 2558 3639 2615 ab

1989 2655 2054 2693 eo
2088 2637 2273 2709 signis
2305 2655 2432 2709 qua:
2465 2638 2690 2695 dixerat
2718 2640 3173 2713 domiciliorum,
3208 2644 3297 2698 aio
3330 2645 3400 2699 ad
3431 2644 3639 2708 illum:

1991 2726 2115 2782 Nisi
2164 2743 2290 2781 cras
2340 2727 2722 2797 repetendum
2773 2730 2917 2783 mihi
2965 2735 3121 2785 esset
3169 2730 3390 2803 aliquid
3439 2750 3642 2790 eorum

1996 2831 2126 2887 quas
2164 2814 2309 2869 mihi
2340 2815 2643 2886 debentur,
2687 2817 2940 2888 profecto
2982 2820 3232 2889 jamJam
3285 2826 3477 2877 tecum
3534 2840 3644 2879 na-

1994 2905 2291 2976 vigarem;
2342 2908 2595 2960 attamen
2655 2905 2767 2961 cito
2829 2912 2879 2961 te
2939 2924 3237 2979 assequar.
3297 2910 3399 2966 His
3446 2912 3642 2983 dictis,

1998 2993 2526 3064 commendatoque
2582 3010 2648 3049 eo
2705 2996 2867 3050 navis
2927 2997 3292 3065 ductoribus,
3376 3016 3643 3059 reversus

1998 3098 2130 3137 sum
2185 3098 2320 3136 cum
2382 3082 2641 3150 tristitia,
2694 3099 2919 3139 memor
2991 3086 3126 3140 boni
3200 3104 3265 3142 ac
3340 3089 3644 3146 concordis

2000 3187 2192 3226 amICl.

309 3266 459 3321 XIV.
489 3242 724 3339 Ἡμέρας
784 3259 841 3316 δὲ
872 3242 1210 3335 διατρίψας,
1266 3257 1355 3314 καὶ
1404 3257 1467 3311 τὸ
1523 3256 1690 3333 χρέος
1745 3251 1815 3309 δι’
1862 3254 1888 3309 ὃ

2074 3258 2216 3314 XIV.
2248 3257 2482 3330 Aliquot
2513 3262 2706 3314 autem
2744 3260 2869 3316 dies
2917 3266 3198 3331 moratus,
3255 3267 3312 3318 et
3360 3265 3646 3335 debitum,

234 3355 328 3411 καὶ
365 3352 664 3427 ἐπεσχέθην
720 3350 827 3426 οὐχ
875 3348 1004 3405 ὅλον
1058 3344 1244 3403 λαϐεῖν
1292 3345 1563 3417 δυνηθεὶς,
1616 3343 1894 3418 ἀμελήσας

236 3448 339 3499 τοῦ
387 3441 847 3516 περιλειπομένου
899 3436 989 3494 διὰ
1034 3439 1098 3493 τὸ
1134 3435 1276 3512 ταχὺ
1324 3436 1415 3491 τὸν
1461 3432 1625 3510 ἄνδρα
1660 3432 1897 3489 καταλα-

240 3528 359 3588 ϐεῖν
396 3577 410 3601 ,
473 3531 547 3593 ὡς
604 3527 870 3602 ἐμποδίου
940 3548 1033 3601 μοι
1084 3526 1401 3603 γενομένου,
1456 3525 1546 3578 καὶ
1604 3522 1764 3584 αὐτὸς
1821 3520 1897 3583 εἶς

242 3616 507 3674 Ἰουδαίαν
560 3615 891 3686 ἀπέπλευσα,
933 3615 1021 3669 καὶ
1075 3612 1163 3669 διὰ
1206 3609 1585 3668 πεντεκαίδεκα
1633 3613 1855 3685 ἡμερῶν
1882 3652 1896 3679 ,

242 3709 315 3782 τῇ
380 3707 701 3779 Στράτωνος
760 3702 1017 3777 ἐπιδημῶ
1072 3701 1361 3778 Καισαρείᾳ
1394 3744 1407 3757 .
1468 3694 1785 3760 Ἐπιϐάντος
1842 3694 1900 3753 δέ

251 3819 363 3871 μου
391 3802 491 3864 τῆς
519 3797 640 3870 γῆς,
689 3793 778 3848 καί
830 3792 998 3864 ξενίαν
1053 3790 1454 3861 ἐπιζητοῦντος,
1515 3787 1765 3863 μανθάνω
1796 3788 1899 3842 Πέ-

245 3904 378 3961 τρον
424 3884 546 3938 τινὰ
575 3881 894 3958 λεγόμενον,
927 3885 1024 3935 τοῦ
1075 3880 1126 3935 έν
1174 3877 1407 3950 Ἰουδαίᾳ
1435 3876 1689 3955 φανέντος
1720 3878 1901 3948 Ἰησοῦ

248 3976 491 4050 Χριστοῦ
539 3971 664 4027 Υὶοῦ
722 3975 824 4027 τοῦ
875 3974 1007 4026 Θεοῦ
1054 3973 1152 4024 τοῦ
1200 3972 1403 4041 σημεῖα
1448 3966 1538 4022 καὶ
1584 3966 1780 4043 τέρατα
1806 3986 1902 4020 πε-

246 4062 574 4132 ποιηκότος,
604 4062 695 4115 τὸν
744 4057 1118 4132 δοκιμώτατον
1154 4056 1428 4130 μαθητὴν,
1469 4054 1655 4131 αῦριον
1690 4053 1901 4128 Σίμωνι

245 4156 331 4224 τῷ
378 4150 485 4205 ἀπὸ
537 4154 740 4212 Γιτθῶν
772 4151 818 4186 ³⁴
848 4152 1111 4224 Σαμαρεῖ,
1168 4145 1387 4219 μέλλειν
1426 4145 1562 4199 ἱέναι
1601 4145 1736 4218 πρὸς
1789 4140 1903 4197 δια-

250 4239 450 4310 λέξεις.
495 4240 636 4312 Ἐγὼ
669 4235 727 4292 δὲ
770 4242 937 4292 ταῦτα
982 4235 1237 4304 ἀκούσας,
1287 4231 1511 4304 ἐδεήθην
1559 4233 1658 4301 τήν
1710 4230 1904 4286 τούτου

255 4350 353 4402 μοι
389 4329 687 4400 μηνυθῆναι
724 4327 910 4398 μονήν.
955 4324 1051 4379 Καὶ
1108 4324 1261 4396 ὁμῶς
1307 4319 1531 4394 ἔμαθον,
1569 4321 1659 4375 καὶ
1687 4324 1768 4392 τῷ
1799 4340 1905 4374 πυ-

248 4416 392 4476 λῶνι
445 4415 691 4485 ἐπέστην.
748 4415 1076 4485 Θεασάμενοι
1127 4410 1184 4466 δὲ
1233 4411 1283 4465 οἱ
1329 4408 1380 4464 έν
1428 4414 1506 4482 τῷ
1553 4406 1707 4482 οἴκῳ,
1762 4410 1904 4463 ἀντι-

250 4500 558 4567 ϐάλλοντες
586 4504 743 4572 ἦσαν,
775 4502 857 4565 τίς
907 4523 966 4557 τε
1008 4501 1144 4574 εἰμὶ,
1176 4499 1264 4555 καὶ
1290 4498 1450 4562 πόθεν
1478 4496 1617 4567 ήκω.
1655 4498 1755 4554 Καὶ
1785 4494 1907 4551 ἱδοί)

1040 4594 1067 4604 ~

2006 3352 2243 3421 propter
2272 3348 2428 3419 quod
2460 3352 2723 3404 retentus
2752 3350 2994 3420 fueram,
3029 3368 3143 3406 non
3170 3357 3358 3408 totum
3390 3354 3651 3426 accipere

2005 3435 2204 3492 valens
2228 3453 2241 3503 ;
2265 3439 2330 3490 ut
2358 3434 2619 3492 celeriter
2650 3436 2946 3493 hominem
2977 3439 3346 3513 attingerem,
3388 3442 3649 3515 neglecto

2007 3525 2160 3597 quod
2190 3530 2512 3596 supererat,
2533 3525 2668 3596 quia
2690 3526 2831 3581 mihi
2864 3534 3016 3584 esset
3046 3529 3463 3599 impedimento
3490 3559 3503 3601 ;
3528 3532 3655 3605 ipse

2008 3631 2240 3685 quoque
2270 3614 2328 3668 in
2359 3614 2624 3669 Judszam
2652 3616 2975 3687 enavigovi,
3007 3624 3057 3671 et
3093 3618 3527 3688 quintodecimo
3559 3623 3654 3679 die

2008 3703 2329 3760 Caesaream
2361 3704 2647 3759 Stratonis
2678 3704 2940 3760 advenio.
2975 3706 3236 3777 Cumque
3268 3714 3481 3764 terram
3516 3712 3655 3767 teti-

2010 3792 2248 3864 gissem,
2278 3796 2334 3847 et
2363 3791 2684 3864 hospitium
2718 3809 3061 3865 quererem,
3121 3796 3292 3851 audio
3341 3800 3651 3868 quemdam

2012 3880 2246 3936 nomine
2292 3884 2550 3949 Petrum,
2609 3880 2749 3935 Jesu
2800 3881 3013 3937 Christi
3070 3883 3170 3940 Dei
3227 3884 3374 3952 Filii,
3433 3887 3533 3956 qui
3595 3887 3656 3943 in

2008 3970 2211 4026 Judaea
2244 3973 2594 4040 apparuerat
2622 3974 2678 4024 et
2710 3969 2877 4039 signa
2900 3977 3071 4042 atque
3092 3974 3356 4044 prodigia
3376 3975 3656 4042 ediderat,

2012 4058 2494 4131 probatissimum
2526 4058 2903 4129 discipulum,
2938 4061 3190 4116 crastino
3238 4063 3330 4118 die
3383 4080 3516 4119 cum
3567 4065 3657 4120 Si-

2015 4163 2185 4201 mone
2216 4162 2283 4200 ex
2313 4145 2530 4201 Gitthis
2562 4146 2926 4203 Samaritano
2961 4155 3265 4204 venturum
3301 4152 3370 4205 ad
3394 4151 3662 4223 disputa-

2011 4235 2249 4291 tionem.
2284 4234 2415 4297 Quaa
2447 4251 2552 4307 ego
2575 4235 2820 4291 audiens
2843 4236 3039 4307 rogavi
3068 4238 3309 4293 indicari
3335 4240 3477 4294 mihi
3504 4240 3662 4297 illius

2019 4324 2403 4378 mansionem.
2437 4324 2504 4377 Et
2532 4320 2731 4378 statim
2766 4341 2831 4379 ac
2863 4325 3061 4391 didici,
3094 4333 3301 4398 praesto
3334 4328 3415 4383 fui
3447 4330 3520 4384 ad
3574 4332 3662 4385 fo-

2015 4429 2129 4467 res.
2166 4412 2366 4466 Intuiti
2426 4416 2624 4466 autem
2684 4414 2781 4484 qui
2842 4414 2899 4467 in
2946 4414 3117 4469 domo
3170 4421 3353 4481 erant,
3406 4417 3558 4472 inter
3604 4434 3662 4473 se

2016 4502 2390 4557 conferebant
2423 4500 2694 4571 quisnam
2727 4519 2937 4568 essem,
2973 4519 3036 4556 ac
3072 4505 3224 4557 unde
3248 4505 3661 4574 proficiscerer.

248 4587 536 4669 Βαρνάϐας
586 4587 745 4655 ἐκϐὰς
784 4636 797 4660 ,
847 4590 961 4663 ἅμα
1001 4594 1080 4662 τῷ
1127 4591 1172 4625 ³⁸
1222 4585 1351 4642 ἰδεῖν
1400 4585 1737 4661 περιεπλάκη
1790 4606 1883 4658 μοι

2017 4590 2084 4645 Et
2112 4604 2243 4645 ecce
2269 4589 2564 4644 Barnabas
2609 4606 2900 4661 egressus,
2947 4591 3144 4646 statim
3196 4596 3261 4645 ut
3314 4592 3458 4646 vidit
3502 4609 3665 4647 com-

251 4680 401 4737 πολὺ
454 4680 663 4757 χαίρων
705 4681 795 4735 καὶ
846 4677 1113 4755 δακρύων.
1167 4676 1265 4731 Καὶ
1316 4670 1621 4748 λαϐόμενός
1674 4694 1778 4747 μου
1806 4680 1907 4743 τῆς

253 4772 471 4848 χειρὸς,
504 4771 715 4845 εἰσῆγεν
767 4769 843 4831 είς
889 4770 989 4837 τήν
1045 4765 1240 4821 οἰκίαν.
1274 4764 1405 4819 Εἶτα
1453 4764 1542 4818 καὶ
1581 4765 1671 4818 τὸν
1706 4763 1905 4838 Πέτρον

256 4858 601 4932 ὑποδεικνὺς,
652 4859 809 4921 οὗτός
858 4857 1023 4926 ἐστιν,
1074 4852 1250 4931 ἔλεγε,
1282 4852 1506 4927 Πέτρος,
1558 4853 1617 4907 ’ὀν
1654 4854 1906 4927 μέγιστον

256 4949 349 5005 ἰπὶ
393 4953 464 5022 τῇ
511 4953 609 5003 τοῦ
661 4952 795 5004 Θεοῦ
844 4946 1004 5025 σοφίᾳ
1052 4940 1481 5020 ἐπηγγελλόμην
1530 4962 1637 5010 σοι,
1679 4939 1906 5014 Κλήμη,

256 5040 306 5111 ᾧ
337 5037 505 5093 πάντα
533 5057 592 5092 τε
619 5037 708 5092 καὶ
747 5038 816 5092 τὰ
862 5036 1000 5091 κατὰ
1044 5034 1103 5089 σὲ
1149 5030 1292 5088 καλᾶ
1338 5031 1427 5086 καὶ
1457 5030 1556 5098 τὴν
1600 5030 1909 5105 προαίρεσιν

255 5126 342 5183 ἀεὶ
374 5124 703 5202 διηγούμην,
735 5126 810 5188 ὡς
841 5124 1078 5180 ἐντεῦθεν
1118 5119 1411 5210 γλίχεσθαι
1451 5119 1541 5210 καὶ
1584 5118 1741 5210 αὐτὸν
1774 5115 1906 5210 ἰδεῖν

255 5237 337 5288 σε,
364 5213 454 5271 καὶ
482 5216 581 5285 τήν
630 5216 728 5285 σὴν
780 5213 1058 5270 ἐπιποθεῖν
1086 5204 1397 5284 σῦντυχίαν.
1437 5208 1588 5283 Μέγα
1627 5204 1717 5262 οῦν
1764 5204 1910 5279 αὒτῷ

255 5302 436 5380 δῶρόν
495 5324 553 5358 σε
610 5301 698 5359 διὰ
770 5308 877 5359 τῶν
938 5302 1085 5375 ἐμῶν
1154 5297 1447 5375 προσφέρω
1502 5301 1704 5373 χειρῶν
1738 5339 1751 5352 .
1808 5295 1909 5351 Καὶ

249 5398 419 5448 τοῦτο
452 5393 638 5467 εἳπὼν,
684 5391 1068 5470 προσαγαγὼν,
1117 5385 1242 5466 ἔφη·
1276 5384 1436 5447 οὗτός
1487 5384 1596 5441 ἐστι
1644 5383 1907 5459 Κλήμης,

253 5482 447 5559 Πέτρε.

2022 4678 2220 4748 plexus
2252 4683 2360 4745 est,
2395 4676 2646 4732 multum
2683 4680 2943 4750 gaudens
2974 4696 3038 4733 ac
3060 4679 3387 4751 lacrymans
3412 4698 3425 4747 ;
3455 4695 3663 4750 appre-

2019 4767 2316 4837 hensaque
2346 4784 2521 4821 manu
2559 4784 2707 4833 mea,
2744 4768 2799 4821 in
2825 4769 3422 4824 domumintroduxit.
3448 4768 3664 4824 Deinde

2018 4856 2251 4911 Petrum
2284 4855 2634 4911 ostendens:
2668 4857 2770 4911 Hic
2800 4862 2906 4921 est,
2947 4856 3156 4928 inquit,
3212 4856 3434 4925 Petrus,
3486 4872 3662 4927 quem

2019 4942 2337 4997 maximum
2383 4943 2441 4996 in
2507 4943 2597 4998 Dei
2661 4943 2945 5014 sapientia
3000 4945 3102 4999 tibi
3156 4943 3596 5012 denuntiabam,
3630 4961 3663 5000 ο

2018 5031 2301 5100 Clemens,
2343 5030 2555 5102 cuique
2584 5031 2782 5085 omnia
2833 5049 2960 5103 quae
3010 5033 3069 5085 in
3120 5038 3174 5087 te
3226 5036 3363 5087 sunt
3406 5032 3556 5088 bona
3608 5034 3666 5087 et

2019 5120 2383 5191 pr0positum
2415 5123 2585 5173 tuum
2617 5136 2845 5191 semper
2876 5121 3208 5187 narrabam,
3239 5124 3303 5174 ut
3332 5136 3402 5176 ex
3431 5137 3496 5176 eo
3539 5120 3664 5191 ipse

2018 5208 2197 5264 etiam
2229 5207 2427 5279 cupiat
2484 5207 2676 5263 videre
2725 5212 2800 5280 te,
2854 5213 3136 5280 tuamque
3193 5208 3664 5280 congressionem

2018 5299 2265 5367 expetat.
2300 5299 2573 5368 Magnum
2606 5295 2785 5367 igitur
2806 5297 2857 5352 ei
2886 5313 3102 5351 munus
3134 5300 3191 5351 te
3222 5296 3495 5351 manibus
3518 5296 3664 5353 meis

2019 5384 2213 5440 oﬂ‘cro.
2239 5383 2399 5447 Quod
2430 5400 2565 5439 cum
2597 5383 2861 5454 dixisset,
2895 5383 3106 5441 obtulit
3149 5400 3263 5449 me,
3284 5387 3340 5439 et
3356 5383 3501 5440 dixit
3523 5401 3536 5440 :
3561 5383 3666 5443 Hi0

2019 5474 2110 5528 est
2128 5472 2415 5543 Clemens,
2448 5476 2635 5528 Petra.

1612 5592 1857 5650 VARI/E
1904 5591 2204 5650 LECTION
2213 5588 2316 5644 ES.

330 5700 371 5735 ²¹
403 5698 479 5756 al.
508 5689 746 5771 ἐπιϐάλῃ
774 5696 821 5732 ⁸³
852 5694 927 5753 81.
958 5691 1303 5768 κατηχήσας.
1333 5694 1379 5731 ³³
1406 5689 1579 5747 Deest
1606 5690 1667 5747 in
1695 5689 1770 5747 al.
1806 5693 1855 5729 3‘
1881 5690 1958 5749 81.
1990 5688 2232 5759 Γητθῶν.
2263 5686 2307 5724 ³⁵
2337 5685 2414 5743 81.
2443 5688 2562 5743 τοῦ.
