4140 6344
553 372 675 432 483

1372 370 1436 430 8.
1488 366 1930 429 CLEMENTIS
1974 364 2000 425 Ι
2044 360 2234 424 ROM.
2279 359 2512 425 PONT.
2558 364 2821 429 OPERA
2865 369 3138 430 DUBIA.

3840 373 3967 433 484

624 504 721 559 XV
778 504 850 558 At
898 506 1126 569 Petrus,
1179 505 1491 573 postquam
1534 516 1743 556 nomen
1788 496 2031 565 audivit,
2080 511 2196 551 me-

2389 494 2505 551 XV.
2539 496 2595 550 Ὀ
2626 493 2684 552 δὲ
2730 497 2895 568 ἡνίκα
2932 503 3030 554 τοῦ
3081 498 3348 572 ὀνόματος
3396 500 3644 569 ἤκουσεν,
3695 500 3771 563 εἷς
3821 504 3964 575 μνήο

550 591 737 647 moria
767 596 1033 663 repetens
1093 590 1368 645 Barnabas
1426 588 1808 655 narrationes,
1869 586 2203 653 confestim,

548 697 614 737 eo
645 678 847 735 habitu
882 695 995 750 quo
1032 682 1175 745 erat,
1237 677 1507 749 prosiliit,
1568 692 1774 746 meque
1830 675 2078 746 benigne
2137 690 2204 729 ac

549 784 826 841 germane
857 766 1247 833 exosculatus,
1273 771 1446 837 atque
1468 765 1723 821 assidere
1746 763 1965 820 faciens
1990 780 2005 820 :
2031 763 2204 817 Recte

549 856 760 923 fecisti,
796 856 1005 927 inquit,
1049 856 1148 926 qui
1190 854 1447 910 veritatis
1496 868 1818 926 prmconem
1875 852 2203 907 Barnabam

552 945 808 1017 hospitio
837 944 1128 1017 exceperis
1159 944 1219 998 in
1249 943 1369 998 veri
1399 942 1501 999 Dei
1533 943 1812 999 honorem
1839 959 1853 1011 ;
1884 941 2203 996 admodum

562 1033 786 1090 excelso
817 1038 874 1089 te
895 1033 1128 1106 gessisti
1171 1032 1391 1097 animo,
1437 1032 1537 1103 qui
1586 1030 1992 1103 imperitorum
2041 1031 2203 1084 furo-

557 1139 681 1179 rem
715 1140 828 1179 non
859 1122 1035 1178 fueris
1068 1123 1307 1178 veritus.
1342 1122 1559 1176 Revera
1586 1121 1744 1176 enim
1776 1121 1984 1175 beatus
2014 1135 2077 1174 es
2116 1123 2200 1183 tu,

558 1213 714 1283 quod
743 1212 1002 1267 veritatis
1033 1211 1289 1283 legatum
1322 1210 1403 1265 ita
1434 1210 1592 1265 omni
1626 1225 1759 1263 cum
1795 1207 2015 1263 honore
2070 1224 2203 1262 sus-

540 1289 777 1372 ceperis
806 1299 1092 1372 hOSpitem
1121 1317 1133 1355 :
1169 1315 1272 1370 pro
1300 1299 1512 1370 quibus
1544 1297 1732 1361 factis,
1791 1296 1921 1369 ipsa
1970 1310 2202 1368 quoque

522 1388 764 1463 ,Iveritas
792 1394 847 1443 te
880 1388 978 1460 qui
1012 1389 1223 1459 hospes
1281 1403 1365 1455 es,
1423 1404 1544 1442 suae
1600 1385 1762 1441 urbis
1816 1385 1999 1440 civem
2048 1384 2201 1439 desi-

552 1476 774 1549 gnabit,
806 1480 1065 1548 tuncque
1084 1491 1434 1547 magnopere
1450 1473 1738 1530 laetaberis
1765 1490 1778 1543 ;
1803 1472 1942 1544 quia
1962 1488 2201 1545 parvam

550 1566 801 1637 gratiam
833 1582 989 1620 nunc
1020 1566 1354 1632 fmneratus,
1399 1564 1731 1635 bonamque
1778 1561 2055 1618 doctrinae
2103 1576 2200 1617 vo-

548 1653 855 1721 luntatem,
916 1654 1030 1709 eris
1086 1653 1271 1708 haeres
1323 1652 1760 1707 commodorum
1826 1654 2198 1716 aeternorum,

472 1817 478 1821 .
549 1742 955 1814 bonorumque
988 1759 1116 1813 quae
1149 1742 1363 1797 auferri
1422 1758 1537 1795 non
1589 1743 1854 1811 possunt.
1904 1738 2018 1793 Nec
2064 1753 2199 1793 vero

2317 602 2424 654 μην
2455 581 2627 639 ἐλθὼν
2657 590 2766 640 τῶν
2797 582 3045 661 Βαρνάϐα
3095 585 3473 663 διηγημάτων,
3527 587 3756 659 ἐξήλατό
3798 611 3856 644 τε
3887 590 3967 651 ὡς

2313 668 2458 745 εἶχεν
2508 670 2684 741 εὐθὺς,
2735 675 2824 728 καὶ
2872 679 3163 750 προσηνῶς
3216 696 3283 748 με
3328 677 3417 730 καὶ
3466 676 3705 752 γνησίως
3734 698 3965 755 καταφι-

2314 755 2509 831 λήσας,
2559 760 2649 815 καὶ
2698 763 3214 838 παρακαθισάμενος·
3249 762 3445 825 Καλῶς
3494 763 3775 834 ἐποίησας,
3828 763 3959 843 ἔφη,

2310 846 2401 901 τὸν
2431 854 2532 917 τῆς
2577 846 2833 920 ἀληθείας
2880 853 3093 927 κήρυκα
3140 852 3343 922 ξενίσας
3372 848 3645 928 Βαρνάϐαν
3688 852 3764 915 είς
3792 855 3963 926 τιμὴν

2309 939 2408 989 τοῦ
2439 931 2594 1001 ὄντος
2624 940 2669 975 ³⁸
2698 943 2853 1013 Θεοῦ,
2882 939 2972 994 καὶ
3025 938 3148 995 λίαν
3199 937 3648 1019 μεγαλοφρόνως,
3691 941 3791 997 οὐκ
3822 939 3971 998 αἰδε-

2311 1024 2454 1087 σθεὶς
2506 1026 2596 1081 τὸν
2641 1029 2686 1065 ³⁷
2732 1032 2842 1083 τῶν
2892 1026 3227 1084 ἀπαιδεύτων
3276 1029 3444 1102 θυμόν
3471 1075 3483 1088 .
3534 1029 3812 1105 Μακάριος
3858 1031 3965 1107 γὰρ

2311 1113 2387 1175 ὡς
2429 1112 2649 1183 ἀληθῶς
2698 1115 2801 1187 σὺ,
2852 1117 2944 1173 τὸν
2989 1124 3091 1188 τῆς
3128 1117 3387 1189 ἀληθείας
3434 1114 3767 1194 πρεσϐευτὴν
3815 1120 3965 1175 οὕτω

2311 1202 2513 1274 ξενίσας
2558 1204 2700 1279 πάσῃ
2745 1210 2905 1280 τιμῇο
2957 1208 3069 1272 ἀνθ’
3116 1208 3191 1262 ὧν
3241 1207 3375 1276 αὐτὴ
3424 1206 3514 1263 καί
3562 1229 3620 1263 σε
3648 1211 3682 1278 ἡ
3730 1206 3967 1279 ἀλήθεια

2311 1290 2454 1362 ξένον
2505 1288 2667 1364 ὅντα,
2714 1301 2815 1364 τῆς
2860 1292 3001 1357 ἰδίας
3056 1295 3273 1360 πόλεως
3321 1299 3645 1367 καταστήσει
3692 1296 3963 1367 πολίτηνο

2310 1380 2401 1435 καὶ
2441 1380 2565 1437 τότε
2613 1384 2832 1457 χαρήσῃ
2882 1382 3162 1458 μεγάλως,
3212 1384 3295 1439 ὅτι
3352 1386 3608 1461 βραχεῖαν
3655 1390 3748 1440 νῦν
3799 1386 3965 1461 χάριν

2311 1464 2553 1532 δανείσας
2580 1471 2671 1525 καὶ
2703 1471 2906 1546 ἀγαθήν
2938 1470 3119 1547 λόγων
3154 1473 3486 1549 προαίρεσιν,
3539 1473 3721 1529 καλῶν
3769 1472 3962 1531 ἀϊδίων

2308 1556 2398 1612 καὶ
2449 1558 2813 1637 ἀναφαιρέτων
2861 1560 3076 1635 ἀγαθῶν
3131 1559 3224 1636 ἔσῃ
3270 1559 3621 1639 κληρονόμος
3656 1605 3669 1620 .
3720 1563 3823 1619 Καὶ
3881 1564 3960 1637 μὴ

2307 1643 2479 1720 κάμνε
2527 1642 2872 1703 ἀντιϐάλλων
2926 1669 3024 1722 μοι
3068 1650 3132 1705 τὸ
3176 1650 3265 1705 σὸν
3324 1651 3478 1719 ἦθος·
3530 1651 3704 1706 πάντα
3751 1653 3854 1725 γὰρ
3893 1651 3965 1706 τὰ

2307 1735 2441 1790 κατὰ
2469 1736 2526 1790 σὲ
2556 1736 2584 1790 6
2634 1734 2952 1814 φιλαλήθης
3002 1737 3161 1802 οὗτος
3211 1739 3343 1815 ἀνὴρ
3394 1739 3422 1793 6
3454 1734 3729 1815 Βαρνάϐας
3774 1740 3961 1815 ἀπήγ-

549 1829 811 1886 laborem
844 1831 1057 1886 subeas
1081 1829 1366 1887 referendi
1398 1829 1544 1884 mihi
1577 1844 1767 1884 mores
1797 1833 1965 1884 tuos:
2003 1826 2196 1884 omnia

2311 1823 2483 1928 γειλε,
2514 1825 2632 1879 καθ’
2678 1826 2888 1928 ἡμέραγ
2935 1824 3131 1903 σχεδὸν
3178 1829 3277 1897 τὴν
3328 1829 3533 1903 ἀγαθήν
3582 1842 3680 1883 σου
3732 1831 3960 1901 μνήμην

548 1919 704 1973 enim
739 1936 865 1990 quas
915 1920 985 1973 ad
1035 1924 1090 1974 te
1140 1919 1451 1992 pertinent,
1495 1922 1722 1973 amator
1776 1918 1888 1974 iste
1937 1916 2196 1973 veritatis

2310 1912 2659 1987 ποιούμενος.
2711 1914 2813 1972 Καὶ
2856 1913 2949 1971 ἵνα
2992 1938 3098 1985 σοι,
3147 1917 3223 1980 ὡς
3271 1917 3481 1994 γνησίῳ
3515 1916 3680 1994 φίλῳ,
3718 1915 3961 1985 δηλώσω

547 2008 844 2064 Barnabas
875 2008 1173 2075 indicavit,
1205 2010 1323 2064 fere
1351 2008 1613 2080 quotidie
1640 2007 1855 2062 bonam
1908 2007 1992 2061 tui
2036 2022 2200 2061 men-

544 2097 763 2151 tionem
795 2097 1032 2153 faciens.
1068 2098 1136 2152 Et
1196 2102 1258 2152 ut
1294 2096 1422 2167 tibi,
1472 2100 1751 2168 tanquam
1806 2112 1938 2151 vero
1987 2095 2199 2164 amico,

547 2186 797 2240 breviter
838 2202 960 2241 rem
1018 2186 1314 2258 aperiam;
1373 2184 1486 2241 nisi
1533 2183 1639 2240 tibi
1683 2183 1903 2255 aliquid
1951 2184 2198 2255 impedi-

549 2284 747 2330 mento
778 2281 885 2343 est,
922 2274 1032 2331 iter
1061 2275 1365 2331 nobiscum
1398 2274 1566 2344 habe,
1599 2290 1661 2329 ac
1709 2273 1936 2346 percipe
1978 2289 2199 2329 sermo-

550 2379 685 2418 nem
708 2363 984 2431 veritatis,
1013 2380 1185 2435 quem
1206 2362 1581 2436 persingulas
1601 2362 1862 2420 civitates
1886 2361 2196 2418 habiturus

552 2467 683 2507 sum
718 2452 962 2507 Romam
996 2470 1182 2525 usque
1204 2454 1415 2525 ipsam.

618 2540 761 2596 XVI.
788 2542 905 2613 Ego
935 2558 1067 2598 vero
1098 2543 1170 2597 ad
1221 2542 1427 2597 illum:
1473 2541 1718 2597 Paratus
1767 2540 2003 2613 quidem
2061 2556 2194 2596 sum

543 2629 836 2701 proﬁcisci
870 2636 1082 2698 tecum,
1116 2632 1358 2702 inquam
1385 2647 1397 2684 :
1433 2630 1541 2686 hoc
1573 2646 1828 2702 namque
1857 2629 2051 2686 nescio
2079 2646 2195 2702 quo

542 2704 723 2774 modo
754 2720 1033 2775 constitui
1063 2718 1270 2775 laetus:
1306 2736 1507 2775 verum
1558 2720 1728 2791 cupio
1778 2719 1940 2789 prius
1985 2720 2197 2775 certior

546 2808 616 2862 de
637 2808 882 2863 veritate
905 2809 1027 2863 fieri
1051 2829 1066 2876 ς
1091 2813 1156 2863 ut
1177 2808 1380 2875 sciam,
1406 2814 1602 2863 utrum
1628 2809 1825 2863 anima
1845 2808 2194 2864 immortalis

544 2895 641 2961 sit,
674 2913 748 2951 an
791 2897 1095 2963 mortalis;
1131 2902 1187 2952 et
1217 2898 1264 2952 si
1295 2902 1385 2953 est
1416 2897 1764 2968 sempiterna
1795 2914 1808 2965 ;
1843 2914 1983 2952 num
2022 2899 2095 2952 ob
2127 2914 2195 2953 ea

544 3000 673 3056 quae
705 2984 799 3040 hic
830 2986 1034 3058 gessit,
1061 2986 1310 3056 judicari
1344 2987 1550 3042 debeat
1577 3003 1589 3052 ;
1624 2986 1783 3051 item,
1818 2987 2096 3057 quidnam
2117 2986 2194 3042 sit

534 3073 767 3144 justum
820 3091 887 3130 ac
946 3080 1057 3130 Deo
1116 3080 1387 3147 gratum;
1444 3079 1738 3147 praaterea,
1801 3075 2064 3131 factusne
2117 3076 2195 3130 sit

542 3161 822 3228 mundus,
856 3168 913 3217 et
943 3180 1121 3234 quare
1149 3163 1370 3231 factus;
1412 3169 1469 3218 et
1514 3181 1587 3219 an
1637 3163 1715 3218 sit
1761 3163 2190 3234 dissolvendus,

538 3267 740 3321 necne,
770 3268 843 3306 an
872 3251 1076 3307 melior
1109 3252 1362 3317 futurus,
1395 3270 1467 3307 an
1500 3268 1603 3307 nec
1638 3253 1869 3308 futurus
1926 3254 2190 3320 omnino,
2221 3231 2264 3298 (ἶ

535 3355 623 3408 ac,
659 3356 730 3394 ne
764 3339 998 3412 singula
1030 3357 1369 3412 prosequar,
1428 3341 1550 3397 haec
1598 3347 1773 3414 atque
1825 3341 1918 3397 his
1976 3342 2194 3398 similia

535 3428 742 3483 vellem
774 3428 1014 3485 discere.
1048 3429 1153 3485 Hic
1205 3435 1421 3500 autem,
1476 3431 1672 3485 divino
1728 3432 1935 3503 spiritu
1980 3448 2192 3504 cogno-

540 3531 710 3570 scens
731 3516 870 3587 quid
903 3517 1013 3573 sibi
1045 3516 1257 3573 vellent
1287 3536 1354 3575 ea
1386 3520 1578 3586 verba,
1630 3519 1811 3575 citum
1843 3536 2189 3592 responsum

2308 2002 2425 2056 κατ’
2474 2001 2743 2077 ἐπιτομὴν
2794 2003 2858 2059 τὸ
2906 2004 3286 2081 προκείμενον,
3338 2006 3383 2061 εἰ
3436 2008 3508 2079 μή
3560 2006 3644 2061 σοί
3689 2012 3745 2061 τι
3787 2005 3960 2080 ἐμπο-

2312 2086 2467 2159 δίζει,
2526 2089 2840 2149 συνόδευσον
2900 2094 3071 2167 ἡμῖν,
3134 2090 3567 2169 μεταλαμϐάνων
3614 2097 3704 2150 τὸν
3762 2098 3805 2132 ³⁸
3854 2103 3961 2165 τῆς

2309 2177 2565 2249 ἀληθείας
2613 2180 2799 2256 λόγον,
2850 2183 2908 2237 ὃν
2957 2185 3004 2220 ³⁹
3048 2183 3185 2239 κατᾶ
3232 2179 3394 2241 πόλιν
3447 2187 3714 2239 ποιεῖσθαι
3761 2182 3958 2258 μέλλω

2309 2266 2475 2344 μέχρι
2506 2270 2726 2344 Ῥώμης
2758 2270 2896 2341 αὐτῆ
2901 2293 2946 2334 ς.

2376 2557 2520 2609 XVI.
2574 2553 2715 2630 Ἐγὼ
2765 2550 2824 2609 δὲ
2873 2555 3010 2631 πρὸς
3055 2554 3237 2627 αὐτόν,
3292 2556 3389 2611 Σοὶ
3433 2557 3527 2629 μὶν
3573 2556 3810 2631 ἑτοίμως
3840 2555 3960 2634 ἔχω

2305 2638 2630 2714 συνοδεύειν,
2680 2642 2850 2698 είποψ
2900 2648 3061 2698 τοῦτο
3108 2646 3210 2719 γάρ
3259 2643 3357 2700 οὐκ
3405 2642 3507 2699 οἶδ’
3554 2644 3703 2707 ὅπως
3743 2648 3955 2723 χαίρων

2303 2730 2670 2807 προῄρημαι·
2714 2731 2867 2801 ⁸πλὴν
2916 2733 3042 2809 περὶ
3087 2732 3344 2802 ἀληθείας
3412 2732 3685 2809 βούλομαι
3736 2739 3955 2811 πρῶτον

2302 2818 2831 2897 πληροφορηθῆναι,
2884 2818 2971 2875 ἷ¹να
3028 2826 3162 2897 γνῶ,
3230 2822 3276 2877 εἰ
3342 2825 3377 2892 ἡ
3437 2824 3591 2898 ψυχή
3648 2823 3955 2898 ἀθάνατος,

2302 2908 2336 2977 ἢ
2392 2910 2560 2978 θνητή
2590 2927 2602 2941 ·
2653 2909 2743 2963 καὶ
2792 2909 2837 2963 εί
2886 2907 3062 2971 αἷδιος
3113 2908 3267 2980 οὖσα,
3314 2912 3439 2987 περὶ
3486 2913 3558 2966 ὧν
3601 2908 3819 2983 ἔπραξεν
3868 2912 3955 2967 ἐν-

2300 2998 2489 3066 ταῦθα,
2522 2996 2637 3072 ἔχει
2667 3005 2938 3073 κριθῆναι·
2972 2999 3061 3053 καὶ
3110 2998 3165 3054 τί
3195 2999 3328 3055 ποτέ
3375 2998 3484 3055 ἐστι
3526 2998 3729 3056 δίκαιον
3758 3002 3791 3070 ἢ
3824 3001 3951 3076 ἀρέ-

2302 3105 2427 3140 σκον
2455 3090 2592 3158 Θεῷ,
2642 3087 2731 3141 καὶ
2777 3087 2822 3142 εί
2871 3087 3059 3163 γέγονε
3110 3088 3339 3161 κόσμος,
3388 3090 3477 3144 καὶ
3528 3087 3616 3145 διὰ
3655 3089 3709 3146 τί
3737 3089 3953 3167 γέγονε,

2300 3175 2391 3229 καὶ
2421 3174 2466 3230 εί
2500 3173 2811 3246 λυθήσεται·
2862 3175 2953 3231 καί
2994 3177 3039 3232 εί
3089 3177 3151 3232 οὐ
3201 3177 3511 3251 λυθήσεται,
3541 3180 3631 3235 καὶ
3681 3182 3727 3216 ⁴⁰
3768 3181 3953 3256 κρείτ-

2299 3284 2405 3318 των
2440 3262 2609 3332 ἔσται,
2661 3266 2695 3335 ἢ
2751 3263 2876 3321 οὐδὲ
2922 3264 3087 3321 ἔσται·
3137 3267 3227 3322 καὶ
3273 3266 3364 3323 ’ίνα
3416 3269 3492 3341 μή
3542 3269 3605 3323 τὸ
3652 3276 3765 3324 κατ’
3806 3268 3952 3332 εἶδος

2300 3349 2465 3428 λέγω,
2521 3353 2687 3408 ταῦτά
2762 3376 2821 3410 τε
2876 3355 2965 3410 καὶ
3038 3357 3106 3411 τὰ
3176 3357 3392 3420 τούτοις
3450 3357 3688 3431 ἑπόμενα
3762 3364 3951 3431 μαθεῖν

2298 3437 2519 3510 ἤθελον.
2576 3444 2633 3495 '0
2692 3440 2768 3511 δὲ,
2826 3446 2871 3483 ⁵1
2927 3444 2981 3499 τί
3033 3448 3184 3500 ταυτί
3242 3445 3592 3522 βούλεταιτὰ
3632 3446 3850 3523 ῥήματα
3873 3452 3955 3522 τῷ

2299 3529 2427 3603 θείῳ
2457 3530 2721 3605 πνεύματι
2752 3532 2941 3607 γνοὺς,
2976 3540 3198 3610 ταχεῖαν
3229 3536 3328 3604 τὴν
3360 3534 3647 3611 ἀπόκρισιν
3692 3536 3953 3608 ἐποιεῖτο,

540 3602 721 3671 dedit,
754 3609 819 3658 ut
847 3609 903 3661 et
932 3606 1043 3660 cito
1076 3623 1167 3662 me
1199 3608 1269 3662 ad
1302 3608 1601 3663 veritatem
1661 3614 1973 3663 revocaret.
2005 3610 2191 3680 Atque

2308 3602 2520 3673 [varxai
2576 3602 2717 3696 ταχύ
2766 3602 2838 3695 με
2893 3602 3206 3698 πρὸςητὴν
3265 3602 3524 3694 ἀλήθείαν
3583 3602 3955 3701 ἐπαναγάγηλ

540 3707 668 3763 ego,
704 3692 914 3765 inquit,
949 3694 1199 3750 breviter
1225 3696 1352 3764 tibi,
1386 3713 1419 3751 ο
1449 3696 1735 3768 Clemens,
1770 3713 1965 3752 rerum
1997 3697 2189 3753 scien-

538 3780 686 3837 tiam
717 3782 1037 3839 exhibebo:
1074 3788 1130 3838 et
1150 3785 1277 3856 jam
1308 3801 1466 3840 nunc
1497 3784 1655 3840 audi.

605 3958 777 4014 XVII.
814 3958 915 4015 Dei
946 3959 1215 4017 voluntas
1246 3960 1462 4017 multas
1513 3962 1585 4017 ob
1636 3961 1888 4018 rationes
1936 3962 2188 4018 homini-

534 4045 646 4101 bus
677 4047 905 4104 occulta
937 4049 1063 4104 fuit.
1102 4050 1296 4105 Primo
1348 4051 1582 4121 quidem
1636 4052 1789 4123 quod
1838 4050 1920 4106 illi
1971 4052 2190 4107 detine-

538 4140 744 4190 rentur
776 4154 950 4208 prava
980 4137 1374 4204 institutione,
1409 4139 1670 4195 convictu
1695 4139 1924 4203 vitioso,
1947 4157 2191 4196 consue-

540 4223 747 4279 tudine
802 4227 1151 4296 perniciosa,
1219 4227 1389 4284 malis
1454 4227 1782 4300 colloquiis,
1850 4247 1967 4285 non
2038 4235 2195 4287 recta

543 4310 884 4381 Opinionum
914 4315 1346 4387 anticipatione,
1388 4321 1561 4388 atque
1608 4323 1918 4390 caprupter
1958 4335 2189 4388 errore;

543 4398 675 4455 dein
707 4406 1066 4475 contemptu,
1101 4404 1525 4476 incredulitate,
1558 4407 1956 4477 fornicatione,
2003 4412 2193 4466 avari-

540 4487 826 4556 tia,inaui
858 4491 1062 4563 gloria,
1099 4492 1347 4564 aliisque
1379 4494 1710 4563 similibus;
1761 4513 1890 4568 qua
1940 4516 2075 4555 cum
2130 4501 2190 4557 in

2298 3728 2384 3762 ται
2435 3711 2502 3764 ⁴².
2557 3709 2674 3776 Καί,
2728 3710 3022 3785 Συντὸμως
3072 3710 3176 3788 ἐγώ
3217 3734 3324 3780 σοι,
3374 3711 3580 3789 ἔλεγεν,
3630 3714 3676 3769 ὧ
3724 3714 3953 3788 Κλήμη,

2298 3798 2396 3865 τήν
2428 3800 2537 3851 τῶν
2568 3793 2738 3853 ὄντων
2765 3804 2962 3875 γνῶσιν
3010 3800 3333 3877 παρέξομαι·
3365 3801 3455 3856 καὶ
3500 3802 3567 3857 τὰ
3594 3807 3686 3857 νῦν
3732 3801 3958 3875 ἐξαυτῆς

2299 3906 2478 3940 ακουε.

2371 3977 2532 4033 XVII.
2566 3976 2628 4033 Ἡ
2657 3980 2754 4031 τοῦ
2785 3982 2918 4033 Θεοῦ
2961 3976 3135 4054 βουλή
3168 3979 3304 4034 κατὰ
3332 3978 3580 4043 πολλοὺς
3623 3980 3859 4058 τρόπους
3892 3980 3945 4036 ἐν

2301 4060 2494 4136 ἀδήλῳ
2519 4065 2703 4141 γέγονε
2730 4072 2846 4129 τοῖς
2875 4067 3203 4143 ἀνθρώποις.
3248 4072 3444 4144 Πρῶτα
3479 4070 3574 4142 μὲν
3606 4067 3695 4124 διὰ
3721 4070 3785 4125 τὸ
3814 4090 3947 4145 κρα-

2296 4158 2531 4221 τηθῆναι
2579 4152 2773 4216 αὐτοὺς
2817 4155 3085 4232 εἰσαγωγῇ
3134 4160 3296 4229 κακῇ,
3360 4158 3654 4237 συντροφίᾳ
3709 4163 3945 4233 πονηρᾷ,

2297 4240 2548 4312 συνηθείᾳ
2596 4239 2766 4316 δεινῇ,
2819 4241 3013 4317 ὁμιλίᾳ
3059 4249 3198 4319 κακῇ
3230 4248 3293 4318 ⁸³,
3327 4246 3601 4321 προλήψει
3649 4246 3747 4302 οὐκ
3788 4247 3943 4323 ὀρθῇ,

2298 4329 2387 4383 καὶ
2436 4326 2525 4383 διὰ
2560 4335 2727 4387 ταῦτα
2774 4331 2972 4407 πλάνῃ*
3023 4330 3205 4388 ἔπειτα
3250 4330 3471 4413 ἀφοόίᾳ,
3526 4336 3766 4408 ἀπιστίᾳ,
3807 4357 3948 4415 πορ-

2298 4417 2433 4489 νείᾳ,
2488 4417 2834 4496 φιλαργυρίᾳ,
2884 4421 3179 4495 κενοδοξίᾳ,
3228 4424 3320 4478 καὶ
3369 4421 3560 4486 ἄλλοις
3588 4424 3883 4493 τοιούτοις,
3915 4425 3951 4480 ἃ

2300 4502 2366 4575 δὴ
2424 4508 2665 4584 καθάπερ
2722 4514 2928 4564 καπνοῦ
2987 4510 3197 4580 πλῆθος
3258 4512 3333 4574 είς
3379 4509 3473 4568 ἕνα
3520 4515 3667 4568 οἶκον
3711 4513 3952 4570 ἐπεισελ-

542 4578 857 4646 mundum,
891 4586 1171 4652 tauquam
1205 4581 1494 4653 plurimus
1526 4583 1723 4640 fumus
1753 4584 1811 4640 in
1863 4605 2041 4644 unam
2093 4591 2195 4647 do-

2308 4594 2462 4650 θόντα
2489 4596 2580 4651 τὸν
2608 4596 2831 4671 κόσμον,
2878 4599 2970 4654 καὶ
3001 4604 3109 4655 τῶν
3151 4598 3359 4656 ἔνδοθεν
3406 4601 3697 4658 οἰκούντων
3738 4600 3946 4680 ἀνδρῶν

542 4681 705 4721 mum
738 4667 1114 4739 intraverint,
1148 4671 1424 4743 intusque
1455 4671 1845 4729 habitantium
1887 4676 2194 4736 hominum

541 4754 734 4811 visum
767 4757 1128 4829 oﬂ'uscarint,
1162 4776 1261 4814 eos
1293 4776 1407 4814 non
1433 4760 1638 4816 sinunt
1666 4762 1946 4834 aspicere,
2008 4784 2196 4839 neque

547 4844 754 4899 mundi
785 4851 1100 4903 creatorem
1134 4847 1316 4903 Deum
1349 4848 1671 4921 intelligere
1700 4867 1768 4906 ex
1799 4852 1872 4907 iis
1901 4853 1956 4909 in
1981 4855 2197 4926 quibus

543 4931 670 5003 ipse
701 4950 763 4989 se
795 4934 999 5005 pinxit,
1031 4952 1132 4991 nec
1163 4953 1513 5009 cognoscere
1540 4940 1691 5009 quod
1724 4940 1774 4994 ei
1806 4941 2010 5012 placet.
2044 4947 2193 5011 Quo-

544 5019 698 5077 circa
754 5029 982 5095 oportet
1034 5025 1294 5081 veritatis
1352 5027 1619 5095 studiosi,
1706 5028 2058 5089 intrinsecus
2129 5052 2195 5092 ex

543 5109 751 5166 animae
782 5114 1092 5185 profundo,
1125 5115 1197 5170 ad
1232 5114 1514 5170 auxilium
1545 5132 1679 5173 vera
1720 5119 1943 5176 ratione
1992 5130 2197 5181 vocent

541 5202 725 5257 Deum
758 5201 973 5275 solum,
1007 5203 1324 5260 Dominum
1358 5209 1555 5261 autem
1585 5212 1849 5264 nostrum
1897 5215 1954 5265 et
1989 5211 2193 5270 Salva-

2305 4682 2707 4740 έπιθολώσαντα
2762 4688 2857 4749 τὰς
2913 4689 3169 4762 ὁράσεις,
3232 4684 3529 4764 ἀναϐλέψαι
3601 4689 3793 4753 αὐτοῦς
3850 4690 3952 4747 οὐκ

2306 4770 2385 4843 ἐᾷ,
2415 4773 2504 4827 καὶ
2533 4777 2602 4848 τῇ
2634 4772 2902 4854 διαγραφῇ
2952 4778 3043 4833 τὸν
3095 4775 3577 4854 δημιουργήσαντα
3618 4787 3948 4850 κατανοῆσαι

2304 4861 2456 4929 Θεὸν,
2506 4862 2595 4917 καὶ
2643 4865 2705 4919 τὸ
2733 4865 2911 4940 τούτῳ
2958 4863 3151 4922 δοκοῦν
3202 4868 3486 4944 γνωρίσαι.
3520 4869 3613 4924 Διὸ
3656 4870 3768 4945 χρὴ
3818 4869 3947 4933 τοὺς

2305 4948 2631 5028 φιλαλήθεις
2690 4950 2884 5009 ἔσωθεν
2937 4955 2996 5010 ἐκ
3054 4955 3249 5031 βάθους
3317 4960 3505 5033 ψυχῆς
3564 4957 3949 5013 ἐκκαλέσασθαι

2304 5039 2441 5116 πρὸς
2489 5039 2799 5117 ἐπικουρίαν
2859 5041 3057 5114 ἀληθεῖ
3106 5042 3359 5121 λογισμῷ
3405 5047 3495 5100 τὸν
3551 5046 3716 5119 μόνον
3776 5046 3946 5119 Θεὸν,

2303 5127 2505 5205 Κύριον
2548 5128 2605 5184 δὲ
2643 5132 2803 5203 ἡμῶν
2857 5152 2948 5186 και
3006 5139 3241 5208 Σωτῆρα
3297 5134 3505 5204 Ἰησοῦν
3562 5135 3810 5210 Χριστὸν,
3857 5134 3950 5189 καὶ

2314 5217 2441 5294 παρ’
2478 5217 2644 5274 αὐτοῦ
2681 5224 2879 5296 γνῶσιν
2935 5215 3121 5276 λαϐεῖν
3158 5266 3173 5292 ,
3239 5220 3327 5277 ἴνα
3361 5243 3446 5285 τις
3484 5222 3633 5286 ἐντὸς
3673 5220 3747 5278 ὢν
3789 5222 3839 5279 έν
3870 5227 3953 5297 τῷ

1899 5390 2141 5449 VARLE
2188 5395 2598 5455 LECTIONES.

543 5591 588 5629 ³,
615 5520 672 5629 ff]
692 5521 840 5629 L353
867 5518 1176 5629 τὲξῦἢξίνξαέςι
1205 5531 1360 5629 ΘξοΞ,
1404 5528 1566 5629 θξξδλι
1595 5530 1922 5629 ραί,νεξσν;ᾳ
1954 5538 2098 5629 Dleuf
2115 5543 2336 5629 1“estiam
2366 5541 2536 5629 infra,
2587 5559 2750 5626 num.
2782 5559 2934 5629 χιςιχ.
2968 5546 3137 5629 (ξιειι.
3178 5546 3222 5583 ³⁷
3254 5548 3329 5607 al.
3360 5548 3538 5629 inser.
3569 5542 3630 5600 ού
3665 5535 3950 5629 φοϐηθείς.

620 5592 1275 5695 gini-vivs.-39‘351‘6193,
1306 5592 1402 5656 ὧν.
1426 5592 1486 5637 ’⁴⁰
1514 5592 1617 5658 aL-
1636 5598 1727 5655 καὶ
1776 5600 1841 5660 εί.
1873 5604 1917 5641 ⁴¹
1950 5606 2027 5663 al.
2060 5607 2088 5662 6
2111 5592 2417 5688 δῇῑίιὲῥοῖ
2587 5592 3170 5692 ἓᾞίῧῖαῗῖεὲὲὶιρὶῐᾶἶὸ·
3562 5592 3649 5673 σοι
3670 5592 3950 5675 “bili:

546 5659 898 5742 ἐπαγάγηται.
934 5670 981 5707 ⁴³
1010 5668 1073 5725 οὐ
1103 5659 1270 5745 κάλῇί
