  <div class='ocr_page' id='page_1' title='image "/cluster/home/n/w/nwhite01/storage/ocr_20150623/2/hvd.32044073501421/254.png"; bbox 0 0 4148 6342; ppageno 0'>
   <div class='ocr_carea' id='block_1_1' title="bbox 300 361 427 422">
    <p class='ocr_par' dir='ltr' id='par_1_1' title="bbox 300 361 427 422">
     <span class='ocr_line' id='line_1_1' title="bbox 300 361 427 422; baseline -0.024 0"><span class='ocrx_word' id='word_1_1' title='bbox 300 361 427 422; x_wconf 76' lang='grc'><strong>485</strong></span> 
     </span>
    </p>
   </div>
   <div class='ocr_carea' id='block_1_2' title="bbox 1056 349 2963 415">
    <p class='ocr_par' dir='ltr' id='par_1_2' title="bbox 1056 349 2963 415">
     <span class='ocr_line' id='line_1_2' title="bbox 1056 349 2963 415; baseline -0.002 -1"><span class='ocrx_word' id='word_1_2' title='bbox 1056 351 1594 415; x_wconf 84' lang='lat' dir='ltr'><strong>CLEMENTINA.</strong></span> <span class='ocrx_word' id='word_1_3' title='bbox 1626 384 1702 394; x_wconf 96' lang='lat'><strong>—</strong></span> <span class='ocrx_word' id='word_1_4' title='bbox 1733 349 2081 411; x_wconf 66' lang='lat' dir='ltr'><strong>EDITOME</strong></span> <span class='ocrx_word' id='word_1_5' title='bbox 2127 352 2229 411; x_wconf 85' lang='lat' dir='ltr'><strong>DE</strong></span> <span class='ocrx_word' id='word_1_6' title='bbox 2273 352 2546 413; x_wconf 84' lang='lat' dir='ltr'><strong>GESTIS</strong></span> <span class='ocrx_word' id='word_1_7' title='bbox 2592 352 2658 414; x_wconf 91' lang='lat' dir='ltr'><strong>S.</strong></span> <span class='ocrx_word' id='word_1_8' title='bbox 2704 351 2963 413; x_wconf 83' lang='lat' dir='ltr'><strong>PETRI.</strong></span> 
     </span>
    </p>
   </div>
   <div class='ocr_carea' id='block_1_3' title="bbox 3594 350 3716 411">
    <p class='ocr_par' dir='ltr' id='par_1_3' title="bbox 3594 350 3716 411">
     <span class='ocr_line' id='line_1_3' title="bbox 3594 350 3716 411; baseline -0.016 0"><span class='ocrx_word' id='word_1_9' title='bbox 3594 350 3716 411; x_wconf 80' lang='grc'><strong>486</strong></span> 
     </span>
    </p>
   </div>
   <div class='ocr_carea' id='block_1_4' title="bbox 305 478 1984 561">
    <p class='ocr_par' dir='ltr' id='par_1_4' title="bbox 305 478 1959 561">
     <span class='ocr_line' id='line_1_4' title="bbox 305 478 1959 561; baseline -0.007 -17"><span class='ocrx_word' id='word_1_10' title='bbox 305 487 447 561; x_wconf 75' lang='grc' dir='ltr'>οἶ¹κῳ</span> <span class='ocrx_word' id='word_1_11' title='bbox 501 492 583 558; x_wconf 79' lang='grc' dir='ltr'><strong>τῶ</strong></span> <span class='ocrx_word' id='word_1_12' title='bbox 637 482 1013 556; x_wconf 82' lang='grc' dir='ltr'>πεπλησμένῳ</span> <span class='ocrx_word' id='word_1_13' title='bbox 1069 485 1299 552; x_wconf 89' lang='grc' dir='ltr'>καπνοῦ,</span> <span class='ocrx_word' id='word_1_14' title='bbox 1351 485 1429 553; x_wconf 78' lang='grc' dir='ltr'><strong>τῷ</strong></span> <span class='ocrx_word' id='word_1_15' title='bbox 1505 478 1700 553; x_wconf 86' lang='grc' dir='ltr'>κόσμῳ</span> <span class='ocrx_word' id='word_1_16' title='bbox 1754 478 1959 552; x_wconf 86' lang='grc' dir='ltr'>τούτῳ,</span> 
     </span>
    </p>
   </div>
   <div class='ocr_carea' id='block_1_5' title="bbox 2099 478 3719 561">
    <p class='ocr_par' dir='ltr' id='par_1_5' title="bbox 2100 482 3719 554">
     <span class='ocr_line' id='line_1_5' title="bbox 2100 482 3719 554; baseline 0.002 -17"><span class='ocrx_word' id='word_1_17' title='bbox 2100 498 2258 537; x_wconf 90' lang='lat' dir='ltr'><strong>orem</strong></span> <span class='ocrx_word' id='word_1_18' title='bbox 2287 483 2487 539; x_wconf 85' lang='lat' dir='ltr'><strong>Jesum</strong></span> <span class='ocrx_word' id='word_1_19' title='bbox 2513 483 2833 549; x_wconf 81' lang='lat' dir='ltr'><strong>Christum,</strong></span> <span class='ocrx_word' id='word_1_20' title='bbox 2866 486 2923 537; x_wconf 91' lang='lat' dir='ltr'><strong>et</strong></span> <span class='ocrx_word' id='word_1_21' title='bbox 2948 482 3020 538; x_wconf 86' lang='lat' dir='ltr'><strong>ab</strong></span> <span class='ocrx_word' id='word_1_22' title='bbox 3051 498 3117 539; x_wconf 93' lang='lat' dir='ltr'><strong>eo</strong></span> <span class='ocrx_word' id='word_1_23' title='bbox 3148 483 3536 554; x_wconf 80' lang='lat' dir='ltr'><strong>cognitionem</strong></span> <span class='ocrx_word' id='word_1_24' title='bbox 3568 485 3719 541; x_wconf 88' lang='lat' dir='ltr'><strong>acci-</strong></span> 
     </span>
    </p>
   </div>
   <div class='ocr_carea' id='block_1_6' title="bbox 306 567 1959 655">
    <p class='ocr_par' dir='ltr' id='par_1_6' title="bbox 306 567 1959 655">
     <span class='ocr_line' id='line_1_6' title="bbox 306 567 1959 655; baseline -0.007 -24"><span class='ocrx_word' id='word_1_25' title='bbox 306 577 478 655; x_wconf 72' lang='grc' dir='ltr'>ιρημὶ,</span> <span class='ocrx_word' id='word_1_26' title='bbox 525 574 765 648; x_wconf 83' lang='grc' dir='ltr'>προσιὼν</span> <span class='ocrx_word' id='word_1_27' title='bbox 832 571 1039 641; x_wconf 83' lang='grc' dir='ltr'><strong>ἀνοῖξαι</strong></span> <span class='ocrx_word' id='word_1_28' title='bbox 1107 567 1312 643; x_wconf 81' lang='grc' dir='ltr'>δυνηθῇ</span> <span class='ocrx_word' id='word_1_29' title='bbox 1361 568 1541 644; x_wconf 89' lang='grc' dir='ltr'>θύραν,</span> <span class='ocrx_word' id='word_1_30' title='bbox 1591 569 1665 655; x_wconf 71' lang='grc' dir='ltr'>ᾡς</span> <span class='ocrx_word' id='word_1_31' title='bbox 1732 567 1795 622; x_wconf 88' lang='grc' dir='ltr'><strong>τὸ</strong></span> <span class='ocrx_word' id='word_1_32' title='bbox 1865 568 1959 655; x_wconf 57' lang='grc' dir='ltr'><strong>μέν</strong></span> 
     </span>
    </p>
   </div>
   <div class='ocr_carea' id='block_1_7' title="bbox 317 653 1965 738">
    <p class='ocr_par' dir='ltr' id='par_1_7' title="bbox 317 653 1965 738">
     <span class='ocr_line' id='line_1_7' title="bbox 317 653 1965 738; baseline -0.008 -16"><span class='ocrx_word' id='word_1_33' title='bbox 317 653 475 727; x_wconf 70' lang='grc' dir='ltr'>έκτὸς</span> <span class='ocrx_word' id='word_1_34' title='bbox 516 668 614 719; x_wconf 91' lang='grc' dir='ltr'><strong>τοῦ</strong></span> <span class='ocrx_word' id='word_1_35' title='bbox 661 660 827 731; x_wconf 78' lang='grc' dir='ltr'>ἡλίου</span> <span class='ocrx_word' id='word_1_36' title='bbox 878 663 993 738; x_wconf 72' lang='grc' dir='ltr'><strong>φῶς</strong></span> <span class='ocrx_word' id='word_1_37' title='bbox 1043 658 1370 733; x_wconf 84' lang='grc' dir='ltr'>εἷσκριθῆναι</span> <span class='ocrx_word' id='word_1_38' title='bbox 1417 656 1497 730; x_wconf 77' lang='grc' dir='ltr'>τῷ</span> <span class='ocrx_word' id='word_1_39' title='bbox 1561 653 1718 729; x_wconf 81' lang='grc' dir='ltr'>οἷ’κῳ,</span> <span class='ocrx_word' id='word_1_40' title='bbox 1766 657 1857 711; x_wconf 87' lang='grc' dir='ltr'><strong>τὸν</strong></span> <span class='ocrx_word' id='word_1_41' title='bbox 1906 654 1965 711; x_wconf 75' lang='grc' dir='ltr'>δὲ</span> 
     </span>
    </p>
   </div>
   <div class='ocr_carea' id='block_1_8' title="bbox 322 741 1963 826">
    <p class='ocr_par' dir='ltr' id='par_1_8' title="bbox 322 741 1963 826">
     <span class='ocr_line' id='line_1_8' title="bbox 322 741 1963 826; baseline -0.007 -16"><span class='ocrx_word' id='word_1_42' title='bbox 322 754 473 815; x_wconf 75' lang='grc' dir='ltr'>ἐντὸς</span> <span class='ocrx_word' id='word_1_43' title='bbox 504 756 601 807; x_wconf 85' lang='grc' dir='ltr'><strong>τοῦ</strong></span> <span class='ocrx_word' id='word_1_44' title='bbox 633 749 803 826; x_wconf 80' lang='grc' dir='ltr'>πυρὸς</span> <span class='ocrx_word' id='word_1_45' title='bbox 837 744 965 803; x_wconf 71' lang='grc' dir='ltr'>ὅντα</span> <span class='ocrx_word' id='word_1_46' title='bbox 995 743 1328 817; x_wconf 75' lang='grc' dir='ltr'>ἐκϐληθῆναι</span> <span class='ocrx_word' id='word_1_47' title='bbox 1377 745 1594 801; x_wconf 87' lang='grc' dir='ltr'>καπνόν·</span> <span class='ocrx_word' id='word_1_48' title='bbox 1649 744 1800 807; x_wconf 79' lang='grc' dir='ltr'>ὅπως</span> <span class='ocrx_word' id='word_1_49' title='bbox 1849 741 1963 798; x_wconf 84' lang='grc' dir='ltr'>δια-</span> 
     </span>
    </p>
   </div>
   <div class='ocr_carea' id='block_1_9' title="bbox 310 831 1961 917">
    <p class='ocr_par' dir='ltr' id='par_1_9' title="bbox 310 831 1961 917">
     <span class='ocr_line' id='line_1_9' title="bbox 310 831 1961 917; baseline -0.008 -17"><span class='ocrx_word' id='word_1_50' title='bbox 310 839 612 917; x_wconf 70' lang='grc' dir='ltr'>ϐλέψαντες</span> <span class='ocrx_word' id='word_1_51' title='bbox 662 840 712 894; x_wconf 74' lang='grc' dir='ltr'>οἱ</span> <span class='ocrx_word' id='word_1_52' title='bbox 770 838 1046 913; x_wconf 80' lang='grc' dir='ltr'>ἅνθρωποι</span> <span class='ocrx_word' id='word_1_53' title='bbox 1104 834 1459 891; x_wconf 76' lang='grc' dir='ltr'><strong>πιστεύσωσιν</strong></span> <span class='ocrx_word' id='word_1_54' title='bbox 1536 833 1613 897; x_wconf 82' lang='grc' dir='ltr'>εἷς</span> <span class='ocrx_word' id='word_1_55' title='bbox 1690 831 1783 889; x_wconf 72' lang='grc' dir='ltr'>ἕνα</span> <span class='ocrx_word' id='word_1_56' title='bbox 1835 834 1961 889; x_wconf 84' lang='grc' dir='ltr'>Θεὸν</span> 
     </span>
    </p>
   </div>
   <div class='ocr_carea' id='block_1_10' title="bbox 312 922 1966 1008">
    <p class='ocr_par' dir='ltr' id='par_1_10' title="bbox 312 922 1966 1008">
     <span class='ocr_line' id='line_1_10' title="bbox 312 922 1966 1008; baseline -0.008 -19"><span class='ocrx_word' id='word_1_57' title='bbox 312 934 529 1008; x_wconf 83' lang='grc' dir='ltr'>Πατέρα</span> <span class='ocrx_word' id='word_1_58' title='bbox 579 928 1008 1003; x_wconf 81' lang='grc' dir='ltr'>παντοκράτορα,</span> <span class='ocrx_word' id='word_1_59' title='bbox 1058 925 1146 981; x_wconf 80' lang='grc' dir='ltr'>καὶ</span> <span class='ocrx_word' id='word_1_60' title='bbox 1196 924 1271 987; x_wconf 80' lang='grc' dir='ltr'>εἷς</span> <span class='ocrx_word' id='word_1_61' title='bbox 1320 925 1408 979; x_wconf 91' lang='grc' dir='ltr'><strong>τὸν</strong></span> <span class='ocrx_word' id='word_1_62' title='bbox 1482 930 1748 998; x_wconf 84' lang='grc' dir='ltr'><strong>μονογενῆ</strong></span> <span class='ocrx_word' id='word_1_63' title='bbox 1800 922 1966 978; x_wconf 89' lang='grc' dir='ltr'>αὐτοῦ</span> 
     </span>
    </p>
   </div>
   <div class='ocr_carea' id='block_1_11' title="bbox 314 1011 1967 1092">
    <p class='ocr_par' dir='ltr' id='par_1_11' title="bbox 314 1011 1967 1092">
     <span class='ocr_line' id='line_1_11' title="bbox 314 1011 1967 1092; baseline -0.008 -15"><span class='ocrx_word' id='word_1_64' title='bbox 314 1022 442 1077; x_wconf 72' lang='grc' dir='ltr'>Υἱὸν</span> <span class='ocrx_word' id='word_1_65' title='bbox 472 1021 565 1075; x_wconf 86' lang='grc' dir='ltr'><strong>τὸν</strong></span> <span class='ocrx_word' id='word_1_66' title='bbox 596 1019 703 1092; x_wconf 88' lang='grc' dir='ltr'><strong>πρὸ</strong></span> <span class='ocrx_word' id='word_1_67' title='bbox 750 1020 857 1072; x_wconf 90' lang='grc' dir='ltr'><strong>τῶν</strong></span> <span class='ocrx_word' id='word_1_68' title='bbox 905 1014 1115 1070; x_wconf 83' lang='grc' dir='ltr'>αἰώνων</span> <span class='ocrx_word' id='word_1_69' title='bbox 1148 1011 1200 1085; x_wconf 70' lang='grc' dir='ltr'><strong>ἐξ</strong></span> <span class='ocrx_word' id='word_1_70' title='bbox 1233 1012 1397 1067; x_wconf 89' lang='grc' dir='ltr'>αὐτοῦ</span> <span class='ocrx_word' id='word_1_71' title='bbox 1445 1011 1727 1091; x_wconf 79' lang='grc' dir='ltr'><strong>ἀφράστως</strong></span> <span class='ocrx_word' id='word_1_72' title='bbox 1779 1033 1967 1087; x_wconf 87' lang='grc' dir='ltr'>γεννη-</span> 
     </span>
    </p>
   </div>
   <div class='ocr_carea' id='block_1_12' title="bbox 316 1100 1967 1183">
    <p class='ocr_par' dir='ltr' id='par_1_12' title="bbox 316 1100 1967 1183">
     <span class='ocr_line' id='line_1_12' title="bbox 316 1100 1967 1183; baseline -0.009 -16"><span class='ocrx_word' id='word_1_73' title='bbox 316 1111 495 1183; x_wconf 84' lang='grc' dir='ltr'>θέντα,</span> <span class='ocrx_word' id='word_1_74' title='bbox 525 1108 615 1163; x_wconf 78' lang='grc' dir='ltr'><strong>καὶ</strong></span> <span class='ocrx_word' id='word_1_75' title='bbox 642 1107 717 1169; x_wconf 77' lang='grc' dir='ltr'>εἷς</span> <span class='ocrx_word' id='word_1_76' title='bbox 745 1107 807 1161; x_wconf 90' lang='grc' dir='ltr'><strong>τὸ</strong></span> <span class='ocrx_word' id='word_1_77' title='bbox 838 1108 1057 1177; x_wconf 80' lang='grc' dir='ltr'>Πνεῦμα</span> <span class='ocrx_word' id='word_1_78' title='bbox 1086 1103 1146 1157; x_wconf 91' lang='grc' dir='ltr'><strong>τὸ</strong></span> <span class='ocrx_word' id='word_1_79' title='bbox 1179 1102 1328 1179; x_wconf 81' lang='grc' dir='ltr'>ἅγιον</span> <span class='ocrx_word' id='word_1_80' title='bbox 1376 1102 1439 1156; x_wconf 90' lang='grc' dir='ltr'><strong>τὸ</strong></span> <span class='ocrx_word' id='word_1_81' title='bbox 1490 1100 1541 1172; x_wconf 78' lang='grc' dir='ltr'>ἐξ</span> <span class='ocrx_word' id='word_1_82' title='bbox 1592 1101 1755 1156; x_wconf 87' lang='grc' dir='ltr'>αὐτοῦ</span> <span class='ocrx_word' id='word_1_83' title='bbox 1799 1100 1967 1176; x_wconf 76' lang='grc' dir='ltr'>ἀῤῥή-</span> 
     </span>
    </p>
   </div>
   <div class='ocr_carea' id='block_1_13' title="bbox 313 1188 1966 1271">
    <p class='ocr_par' dir='ltr' id='par_1_13' title="bbox 313 1188 1966 1271">
     <span class='ocr_line' id='line_1_13' title="bbox 313 1188 1966 1271; baseline -0.007 -17"><span class='ocrx_word' id='word_1_84' title='bbox 313 1220 427 1261; x_wconf 92' lang='grc' dir='ltr'><strong>τως</strong></span> <span class='ocrx_word' id='word_1_85' title='bbox 476 1194 927 1271; x_wconf 74' lang='grc' dir='ltr'>ἐκπορευόμενον,</span> <span class='ocrx_word' id='word_1_86' title='bbox 974 1188 1069 1246; x_wconf 60' lang='grc' dir='ltr'>’ἑνα</span> <span class='ocrx_word' id='word_1_87' title='bbox 1112 1191 1238 1246; x_wconf 86' lang='grc' dir='ltr'>Θεὸν</span> <span class='ocrx_word' id='word_1_88' title='bbox 1285 1189 1643 1264; x_wconf 77' lang='grc' dir='ltr'>γνωρίζοντες</span> <span class='ocrx_word' id='word_1_89' title='bbox 1696 1188 1747 1244; x_wconf 81' lang='grc' dir='ltr'>ἐν</span> <span class='ocrx_word' id='word_1_90' title='bbox 1794 1188 1966 1263; x_wconf 83' lang='grc' dir='ltr'>τρισὶν</span> 
     </span>
    </p>
   </div>
   <div class='ocr_carea' id='block_1_14' title="bbox 312 1274 1969 1358">
    <p class='ocr_par' dir='ltr' id='par_1_14' title="bbox 312 1274 1969 1358">
     <span class='ocr_line' id='line_1_14' title="bbox 312 1274 1969 1358; baseline -0.008 -16"><span class='ocrx_word' id='word_1_91' title='bbox 312 1287 714 1353; x_wconf 78' lang='grc' dir='ltr'>Ύποστάσεσιν,</span> <span class='ocrx_word' id='word_1_92' title='bbox 773 1281 1035 1358; x_wconf 82' lang='grc' dir='ltr'>ἄναρχον,</span> <span class='ocrx_word' id='word_1_93' title='bbox 1086 1278 1466 1349; x_wconf 71' lang='grc' dir='ltr'>ἀτελεύτητον,</span> <span class='ocrx_word' id='word_1_94' title='bbox 1499 1278 1742 1347; x_wconf 82' lang='grc' dir='ltr'>αἰώνιον,</span> <span class='ocrx_word' id='word_1_95' title='bbox 1772 1274 1969 1344; x_wconf 77' lang='grc' dir='ltr'>ἀίδιον,</span> 
     </span>
    </p>
   </div>
   <div class='ocr_carea' id='block_1_15' title="bbox 318 1364 1971 1449">
    <p class='ocr_par' dir='ltr' id='par_1_15' title="bbox 318 1364 1971 1449">
     <span class='ocr_line' id='line_1_15' title="bbox 318 1364 1971 1449; baseline -0.008 -18"><span class='ocrx_word' id='word_1_96' title='bbox 318 1374 596 1441; x_wconf 71' lang='grc' dir='ltr'>ἅκτιστον,</span> <span class='ocrx_word' id='word_1_97' title='bbox 629 1373 910 1449; x_wconf 79' lang='grc' dir='ltr'>ἄτρεπτον,</span> <span class='ocrx_word' id='word_1_98' title='bbox 952 1366 1350 1439; x_wconf 81' lang='grc' dir='ltr'>ἀναλλοίωτον,</span> <span class='ocrx_word' id='word_1_99' title='bbox 1404 1364 1636 1435; x_wconf 79' lang='grc' dir='ltr'>ἁπλοῦν,</span> <span class='ocrx_word' id='word_1_100' title='bbox 1669 1364 1971 1433; x_wconf 85' lang='grc' dir='ltr'>ἀσύνθετον,</span> 
     </span>
    </p>
   </div>
   <div class='ocr_carea' id='block_1_16' title="bbox 322 1452 1976 1536">
    <p class='ocr_par' dir='ltr' id='par_1_16' title="bbox 322 1452 1976 1536">
     <span class='ocr_line' id='line_1_16' title="bbox 322 1452 1976 1536; baseline -0.008 -16"><span class='ocrx_word' id='word_1_101' title='bbox 322 1465 642 1536; x_wconf 82' lang='grc' dir='ltr'>ἀσώματον,</span> <span class='ocrx_word' id='word_1_102' title='bbox 727 1459 979 1535; x_wconf 80' lang='grc' dir='ltr'>ἀόρατον,</span> <span class='ocrx_word' id='word_1_103' title='bbox 1052 1456 1254 1534; x_wconf 76' lang='grc' dir='ltr'>ἀναφῆ,</span> <span class='ocrx_word' id='word_1_104' title='bbox 1311 1454 1733 1531; x_wconf 88' lang='grc' dir='ltr'>ἀπερίγραπτον,</span> <span class='ocrx_word' id='word_1_105' title='bbox 1793 1452 1976 1529; x_wconf 82' lang='grc' dir='ltr'>ἀπερί-</span> 
     </span>
    </p>
   </div>
   <div class='ocr_carea' id='block_1_17' title="bbox 322 1539 1974 1623">
    <p class='ocr_par' dir='ltr' id='par_1_17' title="bbox 322 1539 1974 1623">
     <span class='ocr_line' id='line_1_17' title="bbox 322 1539 1974 1623; baseline -0.007 -16"><span class='ocrx_word' id='word_1_106' title='bbox 322 1551 539 1623; x_wconf 87' lang='grc' dir='ltr'>ληπτον</span> <span class='ocrx_word' id='word_1_107' title='bbox 598 1552 664 1619; x_wconf 71' lang='grc'><strong>⁸⁸,</strong></span> <span class='ocrx_word' id='word_1_108' title='bbox 723 1544 964 1620; x_wconf 76' lang='grc' dir='ltr'>ἄπειρον,</span> <span class='ocrx_word' id='word_1_109' title='bbox 1022 1543 1405 1614; x_wconf 86' lang='grc' dir='ltr'>ἀκατανόητον,</span> <span class='ocrx_word' id='word_1_110' title='bbox 1466 1543 1685 1619; x_wconf 85' lang='grc' dir='ltr'>ἀγαθὸν,</span> <span class='ocrx_word' id='word_1_111' title='bbox 1743 1539 1974 1613; x_wconf 86' lang='grc' dir='ltr'>δίκαιον,</span> 
     </span>
    </p>
   </div>
   <div class='ocr_carea' id='block_1_18' title="bbox 318 1628 1975 1711">
    <p class='ocr_par' dir='ltr' id='par_1_18' title="bbox 318 1628 1975 1711">
     <span class='ocr_line' id='line_1_18' title="bbox 318 1628 1975 1711; baseline -0.008 -14"><span class='ocrx_word' id='word_1_112' title='bbox 318 1637 761 1711; x_wconf 82' lang='grc' dir='ltr'>παντοδύναμον,</span> <span class='ocrx_word' id='word_1_113' title='bbox 811 1634 1025 1690; x_wconf 76' lang='grc' dir='ltr'>πάντων</span> <span class='ocrx_word' id='word_1_114' title='bbox 1072 1632 1383 1705; x_wconf 78' lang='grc' dir='ltr'>κτισμάτων</span> <span class='ocrx_word' id='word_1_115' title='bbox 1434 1628 1795 1706; x_wconf 83' lang='grc' dir='ltr'>δημιουργὸν,</span> <span class='ocrx_word' id='word_1_116' title='bbox 1846 1650 1975 1685; x_wconf 84' lang='grc' dir='ltr'>παν-</span> 
     </span>
    </p>
   </div>
   <div class='ocr_carea' id='block_1_19' title="bbox 317 1719 1976 1806">
    <p class='ocr_par' dir='ltr' id='par_1_19' title="bbox 317 1719 1976 1806">
     <span class='ocr_line' id='line_1_19' title="bbox 317 1719 1976 1806; baseline -0.014 -20"><span class='ocrx_word' id='word_1_117' title='bbox 317 1731 648 1806; x_wconf 77' lang='grc' dir='ltr'>τοκράτορα,</span> <span class='ocrx_word' id='word_1_118' title='bbox 711 1723 1117 1793; x_wconf 87' lang='grc' dir='ltr'>παντεπόπτην,</span> <span class='ocrx_word' id='word_1_119' title='bbox 1166 1722 1378 1777; x_wconf 81' lang='grc' dir='ltr'>πάντων</span> <span class='ocrx_word' id='word_1_120' title='bbox 1438 1721 1774 1796; x_wconf 76' lang='grc' dir='ltr'>προνοητῆν,</span> <span class='ocrx_word' id='word_1_121' title='bbox 1824 1719 1976 1789; x_wconf 75' lang='grc' dir='ltr'>ἐξου-</span> 
     </span>
    </p>
   </div>
   <div class='ocr_carea' id='block_1_20' title="bbox 322 1806 1978 1890">
    <p class='ocr_par' dir='ltr' id='par_1_20' title="bbox 322 1806 1978 1890">
     <span class='ocr_line' id='line_1_20' title="bbox 322 1806 1978 1890; baseline -0.008 -16"><span class='ocrx_word' id='word_1_122' title='bbox 322 1819 574 1887; x_wconf 81' lang='grc' dir='ltr'>σιαστήν,</span> <span class='ocrx_word' id='word_1_123' title='bbox 624 1815 714 1870; x_wconf 86' lang='grc' dir='ltr'>καὶ</span> <span class='ocrx_word' id='word_1_124' title='bbox 770 1814 984 1890; x_wconf 83' lang='grc' dir='ltr'>κριτήν·</span> <span class='ocrx_word' id='word_1_125' title='bbox 1044 1810 1133 1865; x_wconf 88' lang='grc' dir='ltr'><strong>καὶ</strong></span> <span class='ocrx_word' id='word_1_126' title='bbox 1193 1810 1366 1871; x_wconf 75' lang='grc' dir='ltr'>οὕτως</span> <span class='ocrx_word' id='word_1_127' title='bbox 1420 1808 1863 1883; x_wconf 81' lang='grc' dir='ltr'>ἀναγεννηθέντες</span> <span class='ocrx_word' id='word_1_128' title='bbox 1907 1806 1978 1861; x_wconf 77' lang='grc' dir='ltr'><strong>δι’</strong></span> 
     </span>
    </p>
   </div>
   <div class='ocr_carea' id='block_1_21' title="bbox 2022 1859 2064 1922">
    <p class='ocr_par' dir='ltr' id='par_1_21' title="bbox 2022 1859 2064 1922">
     <span class='ocr_line' id='line_1_21' title="bbox 2022 1859 2064 1922; baseline 0 0"><span class='ocrx_word' id='word_1_129' title='bbox 2022 1859 2064 1922; x_wconf 89' lang='grc' dir='ltr'>Β</span> 
     </span>
    </p>
   </div>
   <div class='ocr_carea' id='block_1_22' title="bbox 2072 571 3719 646">
    <p class='ocr_par' dir='ltr' id='par_1_22' title="bbox 2072 571 3719 646">
     <span class='ocr_line' id='line_1_22' title="bbox 2072 571 3719 646; baseline 0.003 -21"><span class='ocrx_word' id='word_1_130' title='bbox 2072 572 2270 642; x_wconf 83' lang='lat' dir='ltr'><strong>piant;</strong></span> <span class='ocrx_word' id='word_1_131' title='bbox 2304 574 2368 626; x_wconf 91' lang='lat' dir='ltr'><strong>nt</strong></span> <span class='ocrx_word' id='word_1_132' title='bbox 2398 571 2613 644; x_wconf 78' lang='lat' dir='ltr'><strong>aliquis</strong></span> <span class='ocrx_word' id='word_1_133' title='bbox 2645 576 2801 627; x_wconf 89' lang='lat' dir='ltr'><strong>intus</strong></span> <span class='ocrx_word' id='word_1_134' title='bbox 2824 573 3050 643; x_wconf 88' lang='lat' dir='ltr'><strong>positus</strong></span> <span class='ocrx_word' id='word_1_135' title='bbox 3073 572 3129 627; x_wconf 90' lang='lat' dir='ltr'><strong>in</strong></span> <span class='ocrx_word' id='word_1_136' title='bbox 3152 573 3324 628; x_wconf 85' lang='lat' dir='ltr'><strong>domo</strong></span> <span class='ocrx_word' id='word_1_137' title='bbox 3353 573 3495 629; x_wconf 79' lang='lat' dir='ltr'>fumi</span> <span class='ocrx_word' id='word_1_138' title='bbox 3525 574 3719 646; x_wconf 88' lang='lat' dir='ltr'><strong>plena,</strong></span> 
     </span>
    </p>
   </div>
   <div class='ocr_carea' id='block_1_23' title="bbox 2072 660 3723 735">
    <p class='ocr_par' dir='ltr' id='par_1_23' title="bbox 2072 660 3723 735">
     <span class='ocr_line' id='line_1_23' title="bbox 2072 660 3723 735; baseline 0.003 -21"><span class='ocrx_word' id='word_1_139' title='bbox 2072 660 2132 715; x_wconf 90' lang='lat' dir='ltr'><strong>in</strong></span> <span class='ocrx_word' id='word_1_140' title='bbox 2165 660 2293 727; x_wconf 89' lang='lat' dir='ltr'><strong>hoc,</strong></span> <span class='ocrx_word' id='word_1_141' title='bbox 2324 660 2591 731; x_wconf 84' lang='lat' dir='ltr'><strong>inquam,</strong></span> <span class='ocrx_word' id='word_1_142' title='bbox 2638 661 2880 729; x_wconf 92' lang='lat' dir='ltr'><strong>mundo,</strong></span> <span class='ocrx_word' id='word_1_143' title='bbox 2929 662 3209 717; x_wconf 83' lang='lat' dir='ltr'><strong>accedens</strong></span> <span class='ocrx_word' id='word_1_144' title='bbox 3260 662 3723 735; x_wconf 69' lang='lat' dir='ltr'><strong>possit-iaperire</strong></span> 
     </span>
    </p>
   </div>
   <div class='ocr_carea' id='block_1_24' title="bbox 2074 748 3721 821">
    <p class='ocr_par' dir='ltr' id='par_1_24' title="bbox 2074 748 3721 821">
     <span class='ocr_line' id='line_1_24' title="bbox 2074 748 3721 821; baseline 0.002 -18"><span class='ocrx_word' id='word_1_145' title='bbox 2074 748 2260 815; x_wconf 81' lang='lat' dir='ltr'><strong>fores;</strong></span> <span class='ocrx_word' id='word_1_146' title='bbox 2295 766 2409 821; x_wconf 82' lang='lat' dir='ltr'><strong>quo</strong></span> <span class='ocrx_word' id='word_1_147' title='bbox 2439 748 2637 804; x_wconf 87' lang='lat' dir='ltr'><strong>lumen</strong></span> <span class='ocrx_word' id='word_1_148' title='bbox 2669 749 2830 819; x_wconf 91' lang='lat' dir='ltr'><strong>solis,</strong></span> <span class='ocrx_word' id='word_1_149' title='bbox 2865 750 3017 821; x_wconf 91' lang='lat' dir='ltr'><strong>quod</strong></span> <span class='ocrx_word' id='word_1_150' title='bbox 3060 754 3219 805; x_wconf 79' lang='lat' dir='ltr'><strong>extra</strong></span> <span class='ocrx_word' id='word_1_151' title='bbox 3269 755 3373 810; x_wconf 89' lang='lat' dir='ltr'><strong>est.</strong></span> <span class='ocrx_word' id='word_1_152' title='bbox 3425 753 3721 807; x_wconf 87' lang='lat' dir='ltr'><strong>intromit-</strong></span> 
     </span>
    </p>
   </div>
   <div class='ocr_carea' id='block_1_25' title="bbox 2072 837 3721 911">
    <p class='ocr_par' dir='ltr' id='par_1_25' title="bbox 2072 837 3721 911">
     <span class='ocr_line' id='line_1_25' title="bbox 2072 837 3721 911; baseline 0.002 -18"><span class='ocrx_word' id='word_1_153' title='bbox 2072 841 2233 893; x_wconf 82' lang='lat' dir='ltr'><strong>tatur</strong></span> <span class='ocrx_word' id='word_1_154' title='bbox 2262 837 2321 892; x_wconf 92' lang='lat' dir='ltr'><strong>in</strong></span> <span class='ocrx_word' id='word_1_155' title='bbox 2347 838 2628 905; x_wconf 90' lang='lat' dir='ltr'><strong>domum;</strong></span> <span class='ocrx_word' id='word_1_156' title='bbox 2664 837 2817 910; x_wconf 83' lang='lat' dir='ltr'><strong>ignis</strong></span> <span class='ocrx_word' id='word_1_157' title='bbox 2846 855 2978 894; x_wconf 89' lang='lat' dir='ltr'><strong>vero</strong></span> <span class='ocrx_word' id='word_1_158' title='bbox 3011 839 3229 907; x_wconf 87' lang='lat' dir='ltr'><strong>fumus,</strong></span> <span class='ocrx_word' id='word_1_159' title='bbox 3264 840 3362 911; x_wconf 87' lang='lat' dir='ltr'><strong>qui</strong></span> <span class='ocrx_word' id='word_1_160' title='bbox 3396 841 3549 897; x_wconf 85' lang='lat' dir='ltr'><strong>intro</strong></span> <span class='ocrx_word' id='word_1_161' title='bbox 3609 846 3721 911; x_wconf 88' lang='lat' dir='ltr'><strong>est,</strong></span> 
     </span>
    </p>
   </div>
   <div class='ocr_carea' id='block_1_26' title="bbox 2075 926 3724 1000">
    <p class='ocr_par' dir='ltr' id='par_1_26' title="bbox 2075 926 3724 1000">
     <span class='ocr_line' id='line_1_26' title="bbox 2075 926 3724 1000; baseline 0.003 -18"><span class='ocrx_word' id='word_1_162' title='bbox 2075 927 2342 997; x_wconf 77' lang='lat' dir='ltr'><strong>ejiciatur</strong></span> <span class='ocrx_word' id='word_1_163' title='bbox 2371 928 2458 993; x_wconf 79' lang='lat'><strong>“;</strong></span> <span class='ocrx_word' id='word_1_164' title='bbox 2495 930 2559 981; x_wconf 93' lang='lat' dir='ltr'><strong>ut</strong></span> <span class='ocrx_word' id='word_1_165' title='bbox 2597 926 2885 991; x_wconf 87' lang='lat' dir='ltr'><strong>homines,</strong></span> <span class='ocrx_word' id='word_1_166' title='bbox 2946 944 3079 982; x_wconf 85' lang='lat' dir='ltr'><strong>cum</strong></span> <span class='ocrx_word' id='word_1_167' title='bbox 3132 931 3548 1000; x_wconf 82' lang='lat' dir='ltr'><strong>perspexerint,</strong></span> <span class='ocrx_word' id='word_1_168' title='bbox 3600 947 3724 988; x_wconf 87' lang='lat' dir='ltr'><strong>ore-</strong></span> 
     </span>
    </p>
   </div>
   <div class='ocr_carea' id='block_1_27' title="bbox 2076 1014 3727 1090">
    <p class='ocr_par' dir='ltr' id='par_1_27' title="bbox 2076 1014 3727 1090">
     <span class='ocr_line' id='line_1_27' title="bbox 2076 1014 3727 1090; baseline 0.004 -21"><span class='ocrx_word' id='word_1_169' title='bbox 2076 1016 2218 1070; x_wconf 82' lang='lat' dir='ltr'>dant</span> <span class='ocrx_word' id='word_1_170' title='bbox 2246 1014 2304 1069; x_wconf 91' lang='lat' dir='ltr'><strong>in</strong></span> <span class='ocrx_word' id='word_1_171' title='bbox 2340 1031 2523 1070; x_wconf 91' lang='lat' dir='ltr'>unum</span> <span class='ocrx_word' id='word_1_172' title='bbox 2555 1015 2736 1070; x_wconf 91' lang='lat' dir='ltr'><strong>Deum</strong></span> <span class='ocrx_word' id='word_1_173' title='bbox 2771 1014 2998 1070; x_wconf 81' lang='lat' dir='ltr'><strong>Patrem</strong></span> <span class='ocrx_word' id='word_1_174' title='bbox 3031 1017 3509 1090; x_wconf 81' lang='lat' dir='ltr'><strong>omnipotentem,</strong></span> <span class='ocrx_word' id='word_1_175' title='bbox 3566 1026 3623 1076; x_wconf 91' lang='lat' dir='ltr'><strong>et</strong></span> <span class='ocrx_word' id='word_1_176' title='bbox 3667 1020 3727 1075; x_wconf 92' lang='lat' dir='ltr'><strong>in</strong></span> 
     </span>
    </p>
   </div>
   <div class='ocr_carea' id='block_1_28' title="bbox 2078 1102 3728 1175">
    <p class='ocr_par' dir='ltr' id='par_1_28' title="bbox 2078 1102 3728 1175">
     <span class='ocr_line' id='line_1_28' title="bbox 2078 1102 3728 1175; baseline 0.004 -17"><span class='ocrx_word' id='word_1_177' title='bbox 2078 1103 2448 1175; x_wconf 86' lang='lat' dir='ltr'><strong>unigenitum</strong></span> <span class='ocrx_word' id='word_1_178' title='bbox 2483 1104 2611 1173; x_wconf 84' lang='lat' dir='ltr'><strong>ejus</strong></span> <span class='ocrx_word' id='word_1_179' title='bbox 2644 1102 2854 1159; x_wconf 88' lang='lat' dir='ltr'><strong>Filium</strong></span> <span class='ocrx_word' id='word_1_180' title='bbox 2886 1120 2952 1159; x_wconf 87' lang='lat' dir='ltr'><strong>ex</strong></span> <span class='ocrx_word' id='word_1_181' title='bbox 2983 1121 3048 1159; x_wconf 92' lang='lat' dir='ltr'><strong>eo</strong></span> <span class='ocrx_word' id='word_1_182' title='bbox 3080 1110 3213 1161; x_wconf 84' lang='lat' dir='ltr'><strong>ante</strong></span> <span class='ocrx_word' id='word_1_183' title='bbox 3246 1107 3456 1162; x_wconf 70' lang='lat' dir='ltr'><strong>saecula</strong></span> <span class='ocrx_word' id='word_1_184' title='bbox 3495 1109 3728 1164; x_wconf 85' lang='lat' dir='ltr'><strong>inenar-</strong></span> 
     </span>
    </p>
   </div>
   <div class='ocr_carea' id='block_1_29' title="bbox 2079 1192 3731 1266">
    <p class='ocr_par' dir='ltr' id='par_1_29' title="bbox 2079 1192 3731 1266">
     <span class='ocr_line' id='line_1_29' title="bbox 2079 1192 3731 1266; baseline 0.004 -19"><span class='ocrx_word' id='word_1_185' title='bbox 2079 1192 2247 1248; x_wconf 91' lang='lat' dir='ltr'><strong>rabili</strong></span> <span class='ocrx_word' id='word_1_186' title='bbox 2280 1193 2453 1247; x_wconf 86' lang='lat' dir='ltr'><strong>modo</strong></span> <span class='ocrx_word' id='word_1_187' title='bbox 2480 1192 2766 1263; x_wconf 89' lang='lat' dir='ltr'><strong>genitum,</strong></span> <span class='ocrx_word' id='word_1_188' title='bbox 2817 1197 2874 1247; x_wconf 92' lang='lat' dir='ltr'><strong>et</strong></span> <span class='ocrx_word' id='word_1_189' title='bbox 2904 1193 2962 1247; x_wconf 90' lang='lat' dir='ltr'><strong>in</strong></span> <span class='ocrx_word' id='word_1_190' title='bbox 3015 1194 3324 1266; x_wconf 75' lang='lat' dir='ltr'>Spiritum}</span> <span class='ocrx_word' id='word_1_191' title='bbox 3344 1201 3611 1252; x_wconf 87' lang='lat' dir='ltr'><strong>sanctum</strong></span> <span class='ocrx_word' id='word_1_192' title='bbox 3663 1214 3731 1254; x_wconf 83' lang='lat' dir='ltr'><strong>ex</strong></span> 
     </span>
    </p>
   </div>
   <div class='ocr_carea' id='block_1_30' title="bbox 2078 1278 3728 1356">
    <p class='ocr_par' dir='ltr' id='par_1_30' title="bbox 2078 1278 3728 1356">
     <span class='ocr_line' id='line_1_30' title="bbox 2078 1278 3728 1356; baseline 0.004 -20"><span class='ocrx_word' id='word_1_193' title='bbox 2078 1281 2283 1337; x_wconf 84' lang='lat' dir='ltr'><strong>eodem</strong></span> <span class='ocrx_word' id='word_1_194' title='bbox 2316 1278 2593 1335; x_wconf 68' lang='lat' dir='ltr'><strong>ineffabili</strong></span> <span class='ocrx_word' id='word_1_195' title='bbox 2626 1280 2848 1334; x_wconf 83' lang='lat' dir='ltr'><strong>ratione</strong></span> <span class='ocrx_word' id='word_1_196' title='bbox 2872 1282 3273 1351; x_wconf 83' lang='lat' dir='ltr'><strong>procedentem</strong></span> <span class='ocrx_word' id='word_1_197' title='bbox 3302 1309 3314 1347; x_wconf 89' lang='lat'><strong>;</strong></span> <span class='ocrx_word' id='word_1_198' title='bbox 3347 1290 3521 1356; x_wconf 91' lang='lat' dir='ltr'><strong>atque</strong></span> <span class='ocrx_word' id='word_1_199' title='bbox 3543 1302 3728 1342; x_wconf 90' lang='lat' dir='ltr'><strong>unum</strong></span> 
     </span>
    </p>
   </div>
   <div class='ocr_carea' id='block_1_31' title="bbox 2081 1368 3726 1447">
    <p class='ocr_par' dir='ltr' id='par_1_31' title="bbox 2081 1368 3726 1447">
     <span class='ocr_line' id='line_1_31' title="bbox 2081 1368 3726 1447; baseline 0.004 -24"><span class='ocrx_word' id='word_1_200' title='bbox 2081 1373 2263 1423; x_wconf 89' lang='lat' dir='ltr'><strong>Deum</strong></span> <span class='ocrx_word' id='word_1_201' title='bbox 2320 1372 2676 1439; x_wconf 84' lang='lat' dir='ltr'><strong>cognoscant</strong></span> <span class='ocrx_word' id='word_1_202' title='bbox 2732 1368 2792 1422; x_wconf 93' lang='lat' dir='ltr'><strong>in</strong></span> <span class='ocrx_word' id='word_1_203' title='bbox 2842 1370 3033 1425; x_wconf 89' lang='lat' dir='ltr'><strong>tribus</strong></span> <span class='ocrx_word' id='word_1_204' title='bbox 3077 1370 3365 1439; x_wconf 89' lang='lat' dir='ltr'><strong>Personis,</strong></span> <span class='ocrx_word' id='word_1_205' title='bbox 3442 1374 3726 1447; x_wconf 92' lang='lat' dir='ltr'><strong>principio</strong></span> 
     </span>
    </p>
   </div>
   <div class='ocr_carea' id='block_1_32' title="bbox 2081 1456 3729 1534">
    <p class='ocr_par' dir='ltr' id='par_1_32' title="bbox 2081 1456 3729 1534">
     <span class='ocr_line' id='line_1_32' title="bbox 2081 1456 3729 1534; baseline 0.004 -21"><span class='ocrx_word' id='word_1_206' title='bbox 2081 1462 2397 1528; x_wconf 86' lang='lat' dir='ltr'><strong>carentem,</strong></span> <span class='ocrx_word' id='word_1_207' title='bbox 2432 1456 2565 1512; x_wconf 81' lang='lat' dir='ltr'><strong>finis</strong></span> <span class='ocrx_word' id='word_1_208' title='bbox 2586 1462 2897 1527; x_wconf 83' lang='lat' dir='ltr'><strong>expertem,</strong></span> <span class='ocrx_word' id='word_1_209' title='bbox 2920 1462 3221 1527; x_wconf 83' lang='lat' dir='ltr'><strong>aeternum,</strong></span> <span class='ocrx_word' id='word_1_210' title='bbox 3243 1468 3609 1534; x_wconf 89' lang='lat' dir='ltr'><strong>perpetuum,</strong></span> <span class='ocrx_word' id='word_1_211' title='bbox 3634 1465 3729 1520; x_wconf 90' lang='lat' dir='ltr'><strong>in-</strong></span> 
     </span>
    </p>
   </div>
   <div class='ocr_carea' id='block_1_33' title="bbox 2084 1545 3726 1623">
    <p class='ocr_par' dir='ltr' id='par_1_33' title="bbox 2084 1545 3726 1623">
     <span class='ocr_line' id='line_1_33' title="bbox 2084 1545 3726 1623; baseline 0.005 -22"><span class='ocrx_word' id='word_1_212' title='bbox 2084 1549 2365 1613; x_wconf 91' lang='lat' dir='ltr'><strong>creatum,</strong></span> <span class='ocrx_word' id='word_1_213' title='bbox 2399 1545 2849 1615; x_wconf 88' lang='lat' dir='ltr'><strong>immutabilem,</strong></span> <span class='ocrx_word' id='word_1_214' title='bbox 2883 1548 3185 1603; x_wconf 88' lang='lat' dir='ltr'><strong>variationi</strong></span> <span class='ocrx_word' id='word_1_215' title='bbox 3220 1568 3333 1606; x_wconf 92' lang='lat' dir='ltr'><strong>non</strong></span> <span class='ocrx_word' id='word_1_216' title='bbox 3387 1554 3726 1623; x_wconf 84' lang='lat' dir='ltr'><strong>obnoxium,</strong></span> 
     </span>
    </p>
   </div>
   <div class='ocr_carea' id='block_1_34' title="bbox 2086 1632 3732 1712">
    <p class='ocr_par' dir='ltr' id='par_1_34' title="bbox 2086 1632 3732 1712">
     <span class='ocr_line' id='line_1_34' title="bbox 2086 1632 3732 1712; baseline 0.005 -23"><span class='ocrx_word' id='word_1_217' title='bbox 2086 1632 2434 1705; x_wconf 83' lang='lat' dir='ltr'><strong>simplicem,</strong></span> <span class='ocrx_word' id='word_1_218' title='bbox 2470 1651 2582 1689; x_wconf 91' lang='lat' dir='ltr'><strong>non</strong></span> <span class='ocrx_word' id='word_1_219' title='bbox 2616 1636 3006 1707; x_wconf 90' lang='lat' dir='ltr'><strong>compositum</strong></span> <span class='ocrx_word' id='word_1_220' title='bbox 3048 1638 3473 1712; x_wconf 81' lang='lat' dir='ltr'><strong>incorporeum,</strong></span> <span class='ocrx_word' id='word_1_221' title='bbox 3528 1642 3732 1698; x_wconf 90' lang='lat' dir='ltr'><strong>invisi-</strong></span> 
     </span>
    </p>
   </div>
   <div class='ocr_carea' id='block_1_35' title="bbox 2085 1721 3741 1802">
    <p class='ocr_par' dir='ltr' id='par_1_35' title="bbox 2085 1721 3741 1802">
     <span class='ocr_line' id='line_1_35' title="bbox 2085 1721 3741 1802; baseline 0.007 -25"><span class='ocrx_word' id='word_1_222' title='bbox 2085 1721 2284 1790; x_wconf 91' lang='lat' dir='ltr'><strong>bilem,</strong></span> <span class='ocrx_word' id='word_1_223' title='bbox 2320 1722 2662 1793; x_wconf 89' lang='lat' dir='ltr'><strong>intactilem,</strong></span> <span class='ocrx_word' id='word_1_224' title='bbox 2688 1723 3741 1802; x_wconf 88' lang='lat' dir='ltr'><strong>incircumscriptum,incomprehen-</strong></span> 
     </span>
    </p>
   </div>
   <div class='ocr_carea' id='block_1_36' title="bbox 2095 1810 3734 1894">
    <p class='ocr_par' dir='ltr' id='par_1_36' title="bbox 2095 1810 3734 1894">
     <span class='ocr_line' id='line_1_36' title="bbox 2095 1810 3734 1894; baseline 0.006 -27"><span class='ocrx_word' id='word_1_225' title='bbox 2095 1810 2348 1876; x_wconf 89' lang='lat' dir='ltr'><strong>sibilem,</strong></span> <span class='ocrx_word' id='word_1_226' title='bbox 2381 1811 2702 1877; x_wconf 84' lang='lat' dir='ltr'><strong>inﬁnitum,</strong></span> <span class='ocrx_word' id='word_1_227' title='bbox 2736 1830 2849 1867; x_wconf 91' lang='lat' dir='ltr'><strong>non</strong></span> <span class='ocrx_word' id='word_1_228' title='bbox 2880 1813 3167 1870; x_wconf 89' lang='lat' dir='ltr'><strong>valentem</strong></span> <span class='ocrx_word' id='word_1_229' title='bbox 3200 1820 3470 1889; x_wconf 88' lang='lat' dir='ltr'><strong>perspici,</strong></span> <span class='ocrx_word' id='word_1_230' title='bbox 3492 1820 3734 1894; x_wconf 90' lang='lat' dir='ltr'><strong>bonum,</strong></span> 
     </span>
    </p>
   </div>
   <div class='ocr_carea' id='block_1_37' title="bbox 325 1895 1984 1975">
    <p class='ocr_par' dir='ltr' id='par_1_37' title="bbox 325 1895 1984 1975">
     <span class='ocr_line' id='line_1_37' title="bbox 325 1895 1984 1975; baseline -0.008 -11"><span class='ocrx_word' id='word_1_231' title='bbox 325 1907 526 1969; x_wconf 67' lang='grc' dir='ltr'>ὕδατός</span> <span class='ocrx_word' id='word_1_232' title='bbox 565 1926 623 1960; x_wconf 83' lang='grc' dir='ltr'><strong>τε</strong></span> <span class='ocrx_word' id='word_1_233' title='bbox 666 1903 757 1959; x_wconf 78' lang='grc' dir='ltr'><strong>καὶ</strong></span> <span class='ocrx_word' id='word_1_234' title='bbox 810 1902 1146 1975; x_wconf 86' lang='grc' dir='ltr'>πνεύματος,</span> <span class='ocrx_word' id='word_1_235' title='bbox 1179 1895 1624 1972; x_wconf 86' lang='grc' dir='ltr'>συγκληρονόμοι</span> <span class='ocrx_word' id='word_1_236' title='bbox 1684 1902 1984 1952; x_wconf 84' lang='grc' dir='ltr'>καταστῶσι</span> 
     </span>
    </p>
   </div>
   <div class='ocr_carea' id='block_1_38' title="bbox 2099 1895 3737 1975">
    <p class='ocr_par' dir='ltr' id='par_1_38' title="bbox 2099 1902 3737 1972">
     <span class='ocr_line' id='line_1_38' title="bbox 2099 1902 3737 1972; baseline 0.007 -18"><span class='ocrx_word' id='word_1_237' title='bbox 2099 1902 2342 1972; x_wconf 83' lang='lat' dir='ltr'><strong>justum,</strong></span> <span class='ocrx_word' id='word_1_238' title='bbox 2404 1905 2701 1971; x_wconf 89' lang='lat' dir='ltr'><strong>potentem</strong></span> <span class='ocrx_word' id='word_1_239' title='bbox 2759 1902 2979 1968; x_wconf 85' lang='lat' dir='ltr'><strong>omnia,</strong></span> <span class='ocrx_word' id='word_1_240' title='bbox 3026 1910 3423 1963; x_wconf 84' lang='lat' dir='ltr'><strong>creaturarum</strong></span> <span class='ocrx_word' id='word_1_241' title='bbox 3472 1910 3737 1965; x_wconf 89' lang='lat' dir='ltr'><strong>omnium</strong></span> 
     </span>
    </p>
   </div>
   <div class='ocr_carea' id='block_1_39' title="bbox 323 1986 1914 2071">
    <p class='ocr_par' dir='ltr' id='par_1_39' title="bbox 323 1986 1914 2071">
     <span class='ocr_line' id='line_1_39' title="bbox 323 1986 1914 2071; baseline -0.007 -18"><span class='ocrx_word' id='word_1_242' title='bbox 323 2002 436 2053; x_wconf 87' lang='grc' dir='ltr'><strong>τῶν</strong></span> <span class='ocrx_word' id='word_1_243' title='bbox 471 1996 609 2071; x_wconf 86' lang='grc' dir='ltr'>πρὸς</span> <span class='ocrx_word' id='word_1_244' title='bbox 640 1990 933 2071; x_wconf 73' lang='grc' dir='ltr'>ἀφθαρσίαν</span> <span class='ocrx_word' id='word_1_245' title='bbox 966 1988 1422 2064; x_wconf 84' lang='grc' dir='ltr'>ἀναγεννηθέντων</span> <span class='ocrx_word' id='word_1_246' title='bbox 1466 1986 1597 2040; x_wconf 79' lang='grc' dir='ltr'>υἱῶν</span> <span class='ocrx_word' id='word_1_247' title='bbox 1624 1991 1719 2040; x_wconf 87' lang='grc' dir='ltr'><strong>τοῦ</strong></span> <span class='ocrx_word' id='word_1_248' title='bbox 1759 1990 1914 2042; x_wconf 89' lang='grc' dir='ltr'>Θεοῦ.</span> 
     </span>
    </p>
   </div>
   <div class='ocr_carea' id='block_1_40' title="bbox 2098 1988 3737 2067">
    <p class='ocr_par' dir='ltr' id='par_1_40' title="bbox 2098 1988 3737 2067">
     <span class='ocr_line' id='line_1_40' title="bbox 2098 1988 3737 2067; baseline 0.007 -23"><span class='ocrx_word' id='word_1_249' title='bbox 2098 1988 2389 2060; x_wconf 80' lang='lat' dir='ltr'><strong>opificem,</strong></span> <span class='ocrx_word' id='word_1_250' title='bbox 2421 1988 2899 2060; x_wconf 85' lang='lat' dir='ltr'><strong>omnipotentem,</strong></span> <span class='ocrx_word' id='word_1_251' title='bbox 2933 1991 3318 2062; x_wconf 88' lang='lat' dir='ltr'><strong>inspectorem</strong></span> <span class='ocrx_word' id='word_1_252' title='bbox 3369 2002 3737 2067; x_wconf 89' lang='lat' dir='ltr'><strong>cunctorum,</strong></span> 
     </span>
    </p>
   </div>
   <div class='ocr_carea' id='block_1_41' title="bbox 327 2076 3735 2161">
    <p class='ocr_par' dir='ltr' id='par_1_41' title="bbox 327 2076 3735 2161">
     <span class='ocr_line' id='line_1_41' title="bbox 327 2076 3735 2161; baseline 0.001 -19"><span class='ocrx_word' id='word_1_253' title='bbox 327 2087 695 2161; x_wconf 84' lang='lat' dir='ltr'><strong>provisorem</strong></span> <span class='ocrx_word' id='word_1_254' title='bbox 726 2082 1014 2148; x_wconf 92' lang='lat' dir='ltr'><strong>omnium,</strong></span> <span class='ocrx_word' id='word_1_255' title='bbox 1048 2078 1494 2147; x_wconf 87' lang='lat' dir='ltr'><strong>dominatorem,</strong></span> <span class='ocrx_word' id='word_1_256' title='bbox 1528 2093 1592 2132; x_wconf 90' lang='lat' dir='ltr'><strong>ac</strong></span> <span class='ocrx_word' id='word_1_257' title='bbox 1616 2076 1908 2148; x_wconf 85' lang='lat' dir='ltr'><strong>judicem;</strong></span> <span class='ocrx_word' id='word_1_258' title='bbox 1942 2080 2117 2147; x_wconf 90' lang='lat' dir='ltr'><strong>atque</strong></span> <span class='ocrx_word' id='word_1_259' title='bbox 2148 2077 2228 2132; x_wconf 91' lang='lat' dir='ltr'><strong>ita</strong></span> <span class='ocrx_word' id='word_1_260' title='bbox 2257 2094 2409 2149; x_wconf 90' lang='lat' dir='ltr'><strong>aqua</strong></span> <span class='ocrx_word' id='word_1_261' title='bbox 2435 2082 2490 2132; x_wconf 89' lang='lat' dir='ltr'><strong>et</strong></span> <span class='ocrx_word' id='word_1_262' title='bbox 2520 2078 2728 2149; x_wconf 88' lang='lat' dir='ltr'><strong>spiritu</strong></span> <span class='ocrx_word' id='word_1_263' title='bbox 2781 2080 2964 2135; x_wconf 88' lang='lat' dir='ltr'><strong>renati</strong></span> <span class='ocrx_word' id='word_1_264' title='bbox 3013 2082 3337 2140; x_wconf 67' lang='lat' dir='ltr'><strong>cohaaredes</strong></span> <span class='ocrx_word' id='word_1_265' title='bbox 3368 2088 3735 2144; x_wconf 89' lang='lat' dir='ltr'><strong>constituan-</strong></span> 
     </span>
    </p>
   </div>
   <div class='ocr_carea' id='block_1_42' title="bbox 329 2166 1943 2237">
    <p class='ocr_par' dir='ltr' id='par_1_42' title="bbox 329 2166 1943 2237">
     <span class='ocr_line' id='line_1_42' title="bbox 329 2166 1943 2237; baseline -0.007 -5"><span class='ocrx_word' id='word_1_266' title='bbox 329 2182 432 2233; x_wconf 88' lang='lat' dir='ltr'><strong>tur</strong></span> <span class='ocrx_word' id='word_1_267' title='bbox 465 2174 719 2230; x_wconf 82' lang='lat' dir='ltr'><strong>ﬁliorum</strong></span> <span class='ocrx_word' id='word_1_268' title='bbox 753 2170 855 2227; x_wconf 90' lang='lat' dir='ltr'><strong>Dei</strong></span> <span class='ocrx_word' id='word_1_269' title='bbox 886 2174 1223 2226; x_wconf 88' lang='lat' dir='ltr'><strong>renatorum</strong></span> <span class='ocrx_word' id='word_1_270' title='bbox 1254 2167 1325 2222; x_wconf 90' lang='lat' dir='ltr'><strong>ad</strong></span> <span class='ocrx_word' id='word_1_271' title='bbox 1356 2166 1853 2237; x_wconf 84' lang='lat' dir='ltr'><strong>incorruptionem</strong></span> <span class='ocrx_word' id='word_1_272' title='bbox 1878 2167 1943 2220; x_wconf 65' lang='grc' dir='ltr'><strong>ιδ.</strong></span> 
     </span>
    </p>
   </div>
   <div class='ocr_carea' id='block_1_43' title="bbox 407 2268 1986 2350">
    <p class='ocr_par' dir='ltr' id='par_1_43' title="bbox 407 2268 1986 2350">
     <span class='ocr_line' id='line_1_43' title="bbox 407 2268 1986 2350; baseline -0.007 -13"><span class='ocrx_word' id='word_1_273' title='bbox 407 2286 614 2337; x_wconf 83' lang='lat' dir='ltr'><strong>XVIII.</strong></span> <span class='ocrx_word' id='word_1_274' title='bbox 648 2275 741 2332; x_wconf 86' lang='grc' dir='ltr'><strong>Διό</strong></span> <span class='ocrx_word' id='word_1_275' title='bbox 801 2276 908 2350; x_wconf 90' lang='grc' dir='ltr'><strong>πρὸ</strong></span> <span class='ocrx_word' id='word_1_276' title='bbox 963 2274 1162 2336; x_wconf 83' lang='grc' dir='ltr'>παντὸς</span> <span class='ocrx_word' id='word_1_277' title='bbox 1222 2273 1537 2345; x_wconf 80' lang='grc' dir='ltr'>ζητήματος</span> <span class='ocrx_word' id='word_1_278' title='bbox 1578 2270 1668 2326; x_wconf 88' lang='grc' dir='ltr'>καὶ</span> <span class='ocrx_word' id='word_1_279' title='bbox 1728 2269 1908 2344; x_wconf 85' lang='grc' dir='ltr'>αὐτὸς,</span> <span class='ocrx_word' id='word_1_280' title='bbox 1939 2268 1986 2326; x_wconf 83' lang='grc' dir='ltr'><strong><em>ὦ</em></strong></span> 
     </span>
    </p>
   </div>
   <div class='ocr_carea' id='block_1_44' title="bbox 334 2358 1986 2443">
    <p class='ocr_par' dir='ltr' id='par_1_44' title="bbox 334 2358 1986 2443">
     <span class='ocr_line' id='line_1_44' title="bbox 334 2358 1986 2443; baseline -0.008 -17"><span class='ocrx_word' id='word_1_281' title='bbox 334 2368 568 2443; x_wconf 79' lang='grc' dir='ltr'>Κλήμη,</span> <span class='ocrx_word' id='word_1_282' title='bbox 616 2365 850 2439; x_wconf 79' lang='grc' dir='ltr'>ἑτοίμως</span> <span class='ocrx_word' id='word_1_283' title='bbox 908 2363 982 2425; x_wconf 86' lang='grc' dir='ltr'>ὡς</span> <span class='ocrx_word' id='word_1_284' title='bbox 1021 2362 1136 2425; x_wconf 75' lang='grc' dir='ltr'>υἱὸς</span> <span class='ocrx_word' id='word_1_285' title='bbox 1194 2360 1357 2436; x_wconf 85' lang='grc' dir='ltr'>πατρὶ</span> <span class='ocrx_word' id='word_1_286' title='bbox 1414 2359 1700 2435; x_wconf 85' lang='grc' dir='ltr'>πρόσελθε,</span> <span class='ocrx_word' id='word_1_287' title='bbox 1748 2358 1841 2413; x_wconf 74' lang='grc' dir='ltr'>ἵνα</span> <span class='ocrx_word' id='word_1_288' title='bbox 1895 2358 1986 2414; x_wconf 83' lang='grc' dir='ltr'>καὶ</span> 
     </span>
    </p>
   </div>
   <div class='ocr_carea' id='block_1_45' title="bbox 332 2445 1985 2533">
    <p class='ocr_par' dir='ltr' id='par_1_45' title="bbox 332 2445 1985 2533">
     <span class='ocr_line' id='line_1_45' title="bbox 332 2445 1985 2533; baseline -0.007 -19"><span class='ocrx_word' id='word_1_289' title='bbox 332 2462 446 2515; x_wconf 84' lang='grc' dir='ltr'><strong>τῶν</strong></span> <span class='ocrx_word' id='word_1_290' title='bbox 478 2455 772 2533; x_wconf 73' lang='grc' dir='ltr'>ὁρωμένων</span> <span class='ocrx_word' id='word_1_291' title='bbox 803 2451 893 2508; x_wconf 85' lang='grc' dir='ltr'><strong>καὶ</strong></span> <span class='ocrx_word' id='word_1_292' title='bbox 922 2455 1029 2507; x_wconf 91' lang='grc' dir='ltr'><strong>τῶν</strong></span> <span class='ocrx_word' id='word_1_293' title='bbox 1062 2448 1304 2526; x_wconf 82' lang='grc' dir='ltr'>ἀοράτων</span> <span class='ocrx_word' id='word_1_294' title='bbox 1336 2445 1583 2523; x_wconf 78' lang='grc' dir='ltr'>ἀψευδῶς</span> <span class='ocrx_word' id='word_1_295' title='bbox 1634 2449 1734 2517; x_wconf 77' lang='grc' dir='ltr'>τὴν</span> <span class='ocrx_word' id='word_1_296' title='bbox 1788 2452 1985 2525; x_wconf 89' lang='grc' dir='ltr'>γνῶσιν</span> 
     </span>
    </p>
   </div>
   <div class='ocr_carea' id='block_1_46' title="bbox 338 2533 1989 2620">
    <p class='ocr_par' dir='ltr' id='par_1_46' title="bbox 338 2533 1989 2620">
     <span class='ocr_line' id='line_1_46' title="bbox 338 2533 1989 2620; baseline -0.007 -17"><span class='ocrx_word' id='word_1_297' title='bbox 338 2546 471 2607; x_wconf 86' lang='grc' dir='ltr'>Θεὸς</span> <span class='ocrx_word' id='word_1_298' title='bbox 518 2545 777 2620; x_wconf 73' lang='grc' dir='ltr'>παράσχῃ</span> <span class='ocrx_word' id='word_1_299' title='bbox 824 2562 931 2597; x_wconf 89' lang='grc' dir='ltr'>σοι.</span> <span class='ocrx_word' id='word_1_300' title='bbox 972 2539 1037 2595; x_wconf 83' lang='grc' dir='ltr'><strong>Εἰ</strong></span> <span class='ocrx_word' id='word_1_301' title='bbox 1069 2536 1127 2593; x_wconf 69' lang='grc' dir='ltr'>δὲ</span> <span class='ocrx_word' id='word_1_302' title='bbox 1171 2537 1261 2593; x_wconf 86' lang='grc' dir='ltr'><strong>καὶ</strong></span> <span class='ocrx_word' id='word_1_303' title='bbox 1320 2538 1453 2610; x_wconf 87' lang='grc' dir='ltr'>μετὰ</span> <span class='ocrx_word' id='word_1_304' title='bbox 1497 2537 1561 2592; x_wconf 90' lang='grc' dir='ltr'><strong>τὸ</strong></span> <span class='ocrx_word' id='word_1_305' title='bbox 1607 2533 1877 2606; x_wconf 83' lang='grc' dir='ltr'>κληθῆναι</span> <span class='ocrx_word' id='word_1_306' title='bbox 1926 2534 1989 2592; x_wconf 88' lang='grc' dir='ltr'><strong>οὐ</strong></span> 
     </span>
    </p>
   </div>
   <div class='ocr_carea' id='block_1_47' title="bbox 340 2625 1989 2708">
    <p class='ocr_par' dir='ltr' id='par_1_47' title="bbox 340 2625 1989 2708">
     <span class='ocr_line' id='line_1_47' title="bbox 340 2625 1989 2708; baseline -0.008 -16"><span class='ocrx_word' id='word_1_307' title='bbox 340 2637 539 2704; x_wconf 85' lang='grc' dir='ltr'>θέλεις,</span> <span class='ocrx_word' id='word_1_308' title='bbox 572 2634 606 2703; x_wconf 72' lang='grc' dir='ltr'><strong>ἢ</strong></span> <span class='ocrx_word' id='word_1_309' title='bbox 643 2628 947 2708; x_wconf 80' lang='grc' dir='ltr'>βραδύνεις,</span> <span class='ocrx_word' id='word_1_310' title='bbox 981 2626 1163 2700; x_wconf 78' lang='grc' dir='ltr'>δικαίᾳ</span> <span class='ocrx_word' id='word_1_311' title='bbox 1194 2630 1326 2683; x_wconf 89' lang='grc' dir='ltr'>Θεοῦ</span> <span class='ocrx_word' id='word_1_312' title='bbox 1370 2625 1544 2702; x_wconf 81' lang='grc' dir='ltr'>κρίσει</span> <span class='ocrx_word' id='word_1_313' title='bbox 1587 2625 1907 2701; x_wconf 85' lang='grc' dir='ltr'>ἀπόκληρος</span> <span class='ocrx_word' id='word_1_314' title='bbox 1947 2628 1989 2662; x_wconf 68' lang='grc'><strong>⁸⁷</strong></span> 
     </span>
    </p>
   </div>
   <div class='ocr_carea' id='block_1_48' title="bbox 346 2714 1991 2800">
    <p class='ocr_par' dir='ltr' id='par_1_48' title="bbox 346 2714 1991 2800">
     <span class='ocr_line' id='line_1_48' title="bbox 346 2714 1991 2800; baseline -0.016 -14"><span class='ocrx_word' id='word_1_315' title='bbox 346 2724 463 2800; x_wconf 75' lang='grc' dir='ltr'>ἔσῃ,</span> <span class='ocrx_word' id='word_1_316' title='bbox 490 2729 571 2795; x_wconf 76' lang='grc' dir='ltr'>τῷ</span> <span class='ocrx_word' id='word_1_317' title='bbox 601 2723 675 2797; x_wconf 86' lang='grc' dir='ltr'>μή</span> <span class='ocrx_word' id='word_1_318' title='bbox 707 2719 933 2791; x_wconf 84' lang='grc' dir='ltr'>θελῆσαι</span> <span class='ocrx_word' id='word_1_319' title='bbox 972 2719 1047 2792; x_wconf 80' lang='grc' dir='ltr'>μή</span> <span class='ocrx_word' id='word_1_320' title='bbox 1081 2714 1350 2787; x_wconf 88' lang='grc' dir='ltr'>θεληθείς.</span> <span class='ocrx_word' id='word_1_321' title='bbox 1385 2716 1484 2770; x_wconf 86' lang='grc' dir='ltr'><strong>Καὶ</strong></span> <span class='ocrx_word' id='word_1_322' title='bbox 1519 2717 1593 2789; x_wconf 87' lang='grc' dir='ltr'><strong>μή</strong></span> <span class='ocrx_word' id='word_1_323' title='bbox 1645 2736 1727 2770; x_wconf 89' lang='grc' dir='ltr'><strong>τοι</strong></span> <span class='ocrx_word' id='word_1_324' title='bbox 1766 2715 1991 2789; x_wconf 66' lang='grc' dir='ltr'>νομίσῃς</span> 
     </span>
    </p>
   </div>
   <div class='ocr_carea' id='block_1_49' title="bbox 344 2802 1996 2882">
    <p class='ocr_par' dir='ltr' id='par_1_49' title="bbox 344 2802 1996 2882">
     <span class='ocr_line' id='line_1_49' title="bbox 344 2802 1996 2882; baseline -0.007 -12"><span class='ocrx_word' id='word_1_325' title='bbox 344 2815 430 2870; x_wconf 77' lang='grc' dir='ltr'><strong>δτι</strong></span> <span class='ocrx_word' id='word_1_326' title='bbox 478 2813 574 2867; x_wconf 63' lang='grc' dir='ltr'><strong>κᾶν</strong></span> <span class='ocrx_word' id='word_1_327' title='bbox 624 2811 839 2865; x_wconf 85' lang='grc' dir='ltr'>πάντων</span> <span class='ocrx_word' id='word_1_328' title='bbox 878 2812 988 2863; x_wconf 91' lang='grc' dir='ltr'><strong>τῶν</strong></span> <span class='ocrx_word' id='word_1_329' title='bbox 1038 2806 1169 2861; x_wconf 74' lang='grc' dir='ltr'>ποτὲ</span> <span class='ocrx_word' id='word_1_330' title='bbox 1214 2803 1513 2882; x_wconf 70' lang='grc' dir='ltr'>γενομένων</span> <span class='ocrx_word' id='word_1_331' title='bbox 1567 2802 1799 2859; x_wconf 61' lang='grc' dir='ltr'>εὐσεϐῶν</span> <span class='ocrx_word' id='word_1_332' title='bbox 1853 2803 1996 2859; x_wconf 86' lang='grc' dir='ltr'>εὐσε-</span> 
     </span>
    </p>
   </div>
   <div class='ocr_carea' id='block_1_50' title="bbox 348 2890 1997 2976">
    <p class='ocr_par' dir='ltr' id='par_1_50' title="bbox 348 2890 1997 2976">
     <span class='ocr_line' id='line_1_50' title="bbox 348 2890 1997 2976; baseline -0.008 -17"><span class='ocrx_word' id='word_1_333' title='bbox 348 2900 608 2963; x_wconf 75' lang='grc' dir='ltr'>ϐέστατος</span> <span class='ocrx_word' id='word_1_334' title='bbox 655 2901 778 2976; x_wconf 81' lang='grc' dir='ltr'>γένῃ</span> <span class='ocrx_word' id='word_1_335' title='bbox 821 2900 886 2970; x_wconf 64' lang='grc'><strong>⁸⁸,</strong></span> <span class='ocrx_word' id='word_1_336' title='bbox 922 2899 996 2969; x_wconf 73' lang='grc' dir='ltr'>μὴ</span> <span class='ocrx_word' id='word_1_337' title='bbox 1037 2894 1252 2973; x_wconf 78' lang='grc' dir='ltr'>φθάσεις</span> <span class='ocrx_word' id='word_1_338' title='bbox 1303 2897 1349 2931; x_wconf 81' lang='grc'><strong>⁴⁹</strong></span> <span class='ocrx_word' id='word_1_339' title='bbox 1398 2890 1455 2948; x_wconf 74' lang='grc' dir='ltr'>δὲ</span> <span class='ocrx_word' id='word_1_340' title='bbox 1501 2891 1855 2963; x_wconf 81' lang='grc' dir='ltr'>τελειωθῆναι</span> <span class='ocrx_word' id='word_1_341' title='bbox 1907 2890 1997 2947; x_wconf 80' lang='grc' dir='ltr'>διὰ</span> 
     </span>
    </p>
   </div>
   <div class='ocr_carea' id='block_1_51' title="bbox 2164 2273 3743 2351">
    <p class='ocr_par' dir='ltr' id='par_1_51' title="bbox 2164 2273 3743 2351">
     <span class='ocr_line' id='line_1_51' title="bbox 2164 2273 3743 2351; baseline 0.008 -22"><span class='ocrx_word' id='word_1_342' title='bbox 2164 2273 2354 2330; x_wconf 84' lang='lat' dir='ltr'><strong>XVIII.</strong></span> <span class='ocrx_word' id='word_1_343' title='bbox 2388 2276 2750 2346; x_wconf 86' lang='lat' dir='ltr'><strong>Quapropter</strong></span> <span class='ocrx_word' id='word_1_344' title='bbox 2779 2280 2913 2331; x_wconf 90' lang='lat' dir='ltr'><strong>ante</strong></span> <span class='ocrx_word' id='word_1_345' title='bbox 2958 2292 3190 2333; x_wconf 89' lang='lat' dir='ltr'><strong>omnem</strong></span> <span class='ocrx_word' id='word_1_346' title='bbox 3249 2282 3628 2351; x_wconf 69' lang='lat' dir='ltr'><strong>quazstionem</strong></span> <span class='ocrx_word' id='word_1_347' title='bbox 3679 2289 3743 2342; x_wconf 90' lang='lat' dir='ltr'><strong>tu</strong></span> 
     </span>
    </p>
   </div>
   <div class='ocr_carea' id='block_1_52' title="bbox 2096 2363 3746 2439">
    <p class='ocr_par' dir='ltr' id='par_1_52' title="bbox 2096 2363 3746 2439">
     <span class='ocr_line' id='line_1_52' title="bbox 2096 2363 3746 2439; baseline 0.009 -23"><span class='ocrx_word' id='word_1_348' title='bbox 2096 2378 2351 2433; x_wconf 88' lang='lat' dir='ltr'><strong>quoque,</strong></span> <span class='ocrx_word' id='word_1_349' title='bbox 2400 2379 2431 2418; x_wconf 92' lang='grc' dir='ltr'><strong>ο</strong></span> <span class='ocrx_word' id='word_1_350' title='bbox 2472 2363 2759 2433; x_wconf 86' lang='lat' dir='ltr'><strong>Clemens,</strong></span> <span class='ocrx_word' id='word_1_351' title='bbox 2817 2372 3080 2437; x_wconf 90' lang='lat' dir='ltr'><strong>prompte</strong></span> <span class='ocrx_word' id='word_1_352' title='bbox 3127 2372 3407 2439; x_wconf 86' lang='lat' dir='ltr'><strong>tanquam</strong></span> <span class='ocrx_word' id='word_1_353' title='bbox 3466 2372 3622 2428; x_wconf 85' lang='lat' dir='ltr'><strong>ﬁlius</strong></span> <span class='ocrx_word' id='word_1_354' title='bbox 3673 2374 3746 2430; x_wconf 89' lang='lat' dir='ltr'><strong>ad</strong></span> 
     </span>
    </p>
   </div>
   <div class='ocr_carea' id='block_1_53' title="bbox 2100 2450 3746 2522">
    <p class='ocr_par' dir='ltr' id='par_1_53' title="bbox 2100 2450 3746 2522">
     <span class='ocr_line' id='line_1_53' title="bbox 2100 2450 3746 2522; baseline 0.009 -18"><span class='ocrx_word' id='word_1_355' title='bbox 2100 2454 2322 2522; x_wconf 90' lang='lat' dir='ltr'><strong>patrem</strong></span> <span class='ocrx_word' id='word_1_356' title='bbox 2353 2450 2582 2516; x_wconf 91' lang='lat' dir='ltr'><strong>accede,</strong></span> <span class='ocrx_word' id='word_1_357' title='bbox 2616 2454 2680 2505; x_wconf 89' lang='lat' dir='ltr'><strong>ut</strong></span> <span class='ocrx_word' id='word_1_358' title='bbox 2709 2456 2766 2506; x_wconf 90' lang='lat' dir='ltr'><strong>et</strong></span> <span class='ocrx_word' id='word_1_359' title='bbox 2795 2451 3109 2509; x_wconf 87' lang='lat' dir='ltr'><strong>visibilium</strong></span> <span class='ocrx_word' id='word_1_360' title='bbox 3144 2461 3201 2510; x_wconf 90' lang='lat' dir='ltr'><strong>et</strong></span> <span class='ocrx_word' id='word_1_361' title='bbox 3232 2456 3612 2516; x_wconf 88' lang='lat' dir='ltr'><strong>invisibilium</strong></span> <span class='ocrx_word' id='word_1_362' title='bbox 3645 2479 3746 2518; x_wconf 93' lang='lat' dir='ltr'><strong>co-</strong></span> 
     </span>
    </p>
   </div>
   <div class='ocr_carea' id='block_1_54' title="bbox 2099 2538 3745 2621">
    <p class='ocr_par' dir='ltr' id='par_1_54' title="bbox 2099 2538 3745 2621">
     <span class='ocr_line' id='line_1_54' title="bbox 2099 2538 3745 2621; baseline 0.009 -28"><span class='ocrx_word' id='word_1_363' title='bbox 2099 2538 2421 2611; x_wconf 88' lang='lat' dir='ltr'><strong>gnitionem</strong></span> <span class='ocrx_word' id='word_1_364' title='bbox 2452 2555 2581 2594; x_wconf 88' lang='lat' dir='ltr'><strong>vere</strong></span> <span class='ocrx_word' id='word_1_365' title='bbox 2600 2538 3152 2611; x_wconf 83' lang='lat' dir='ltr'><strong>tibipraebeatDeus.</strong></span> <span class='ocrx_word' id='word_1_366' title='bbox 3180 2546 3336 2610; x_wconf 89' lang='lat' dir='ltr'><strong>Quod</strong></span> <span class='ocrx_word' id='word_1_367' title='bbox 3363 2547 3408 2601; x_wconf 89' lang='lat' dir='ltr'><strong>si</strong></span> <span class='ocrx_word' id='word_1_368' title='bbox 3435 2556 3745 2621; x_wconf 85' lang='lat' dir='ltr'><strong>postquam</strong></span> 
     </span>
    </p>
   </div>
   <div class='ocr_carea' id='block_1_55' title="bbox 2099 2629 3743 2708">
    <p class='ocr_par' dir='ltr' id='par_1_55' title="bbox 2099 2629 3743 2708">
     <span class='ocr_line' id='line_1_55' title="bbox 2099 2629 3743 2708; baseline 0.008 -25"><span class='ocrx_word' id='word_1_369' title='bbox 2099 2631 2335 2683; x_wconf 84' lang='lat' dir='ltr'><strong>vocatus</strong></span> <span class='ocrx_word' id='word_1_370' title='bbox 2360 2643 2442 2695; x_wconf 90' lang='lat' dir='ltr'><strong>es,</strong></span> <span class='ocrx_word' id='word_1_371' title='bbox 2464 2644 2578 2683; x_wconf 93' lang='lat' dir='ltr'><strong>non</strong></span> <span class='ocrx_word' id='word_1_372' title='bbox 2595 2629 2702 2695; x_wconf 89' lang='lat' dir='ltr'><strong>vis,</strong></span> <span class='ocrx_word' id='word_1_373' title='bbox 2728 2635 2831 2684; x_wconf 89' lang='lat' dir='ltr'><strong>aut</strong></span> <span class='ocrx_word' id='word_1_374' title='bbox 2857 2631 3359 2703; x_wconf 84' lang='lat' dir='ltr'><strong>cunctaris;justo</strong></span> <span class='ocrx_word' id='word_1_375' title='bbox 3397 2640 3489 2691; x_wconf 83' lang='lat' dir='ltr'><strong>Dei</strong></span> <span class='ocrx_word' id='word_1_376' title='bbox 3515 2639 3743 2708; x_wconf 83' lang='lat' dir='ltr'><strong>judicio</strong></span> 
     </span>
    </p>
   </div>
   <div class='ocr_carea' id='block_1_56' title="bbox 2101 2716 3746 2789">
    <p class='ocr_par' dir='ltr' id='par_1_56' title="bbox 2101 2716 3746 2789">
     <span class='ocr_line' id='line_1_56' title="bbox 2101 2716 3746 2789; baseline 0.007 -16"><span class='ocrx_word' id='word_1_377' title='bbox 2101 2716 2356 2773; x_wconf 59' lang='lat' dir='ltr'><strong>exheres</strong></span> <span class='ocrx_word' id='word_1_378' title='bbox 2385 2716 2537 2783; x_wconf 89' lang='lat' dir='ltr'><strong>eris;</strong></span> <span class='ocrx_word' id='word_1_379' title='bbox 2571 2720 2628 2771; x_wconf 88' lang='lat' dir='ltr'><strong>et</strong></span> <span class='ocrx_word' id='word_1_380' title='bbox 2655 2718 2793 2789; x_wconf 89' lang='lat' dir='ltr'><strong>quia</strong></span> <span class='ocrx_word' id='word_1_381' title='bbox 2825 2719 3086 2789; x_wconf 82' lang='lat' dir='ltr'><strong>noluisti,</strong></span> <span class='ocrx_word' id='word_1_382' title='bbox 3120 2722 3273 2778; x_wconf 80' lang='lat' dir='ltr'><strong>nolet</strong></span> <span class='ocrx_word' id='word_1_383' title='bbox 3304 2730 3355 2779; x_wconf 83' lang='lat' dir='ltr'><strong>te</strong></span> <span class='ocrx_word' id='word_1_384' title='bbox 3405 2726 3578 2783; x_wconf 87' lang='lat' dir='ltr'><strong>Deus.</strong></span> <span class='ocrx_word' id='word_1_385' title='bbox 3631 2734 3746 2784; x_wconf 87' lang='lat' dir='ltr'><strong>Ne-</strong></span> 
     </span>
    </p>
   </div>
   <div class='ocr_carea' id='block_1_57' title="bbox 2104 2803 3742 2887">
    <p class='ocr_par' dir='ltr' id='par_1_57' title="bbox 2104 2803 3742 2887">
     <span class='ocr_line' id='line_1_57' title="bbox 2104 2803 3742 2887; baseline 0.01 -30"><span class='ocrx_word' id='word_1_386' title='bbox 2104 2820 2217 2887; x_wconf 85' lang='lat' dir='ltr'><strong>que</strong></span> <span class='ocrx_word' id='word_1_387' title='bbox 2246 2820 2380 2859; x_wconf 90' lang='lat' dir='ltr'><strong>vero</strong></span> <span class='ocrx_word' id='word_1_388' title='bbox 2408 2803 2732 2873; x_wconf 86' lang='lat' dir='ltr'><strong>existimes,</strong></span> <span class='ocrx_word' id='word_1_389' title='bbox 2765 2806 2917 2877; x_wconf 92' lang='lat' dir='ltr'><strong>quod</strong></span> <span class='ocrx_word' id='word_1_390' title='bbox 2949 2807 3055 2862; x_wconf 55' lang='lat' dir='ltr'><strong>etsi</strong></span> <span class='ocrx_word' id='word_1_391' title='bbox 3079 2811 3341 2865; x_wconf 88' lang='lat' dir='ltr'>omnium</span> <span class='ocrx_word' id='word_1_392' title='bbox 3366 2814 3462 2884; x_wconf 85' lang='lat' dir='ltr'><strong>qui</strong></span> <span class='ocrx_word' id='word_1_393' title='bbox 3481 2832 3742 2887; x_wconf 88' lang='lat' dir='ltr'><strong>unquam</strong></span> 
     </span>
    </p>
   </div>
   <div class='ocr_carea' id='block_1_58' title="bbox 2104 2884 3751 2967">
    <p class='ocr_par' dir='ltr' id='par_1_58' title="bbox 2104 2884 3751 2967">
     <span class='ocr_line' id='line_1_58' title="bbox 2104 2884 3751 2967; baseline 0.01 -21"><span class='ocrx_word' id='word_1_394' title='bbox 2104 2884 2339 2947; x_wconf 80' lang='lat' dir='ltr'><strong>fuerunt</strong></span> <span class='ocrx_word' id='word_1_395' title='bbox 2368 2891 2471 2963; x_wconf 89' lang='lat' dir='ltr'><strong>pii,</strong></span> <span class='ocrx_word' id='word_1_396' title='bbox 2504 2892 2808 2965; x_wconf 87' lang='lat' dir='ltr'><strong>piissimus</strong></span> <span class='ocrx_word' id='word_1_397' title='bbox 2830 2894 2932 2962; x_wconf 89' lang='lat' dir='ltr'><strong>sis,</strong></span> <span class='ocrx_word' id='word_1_398' title='bbox 2961 2896 3239 2967; x_wconf 88' lang='lat' dir='ltr'><strong>baptismi</strong></span> <span class='ocrx_word' id='word_1_399' title='bbox 3263 2906 3454 2957; x_wconf 88' lang='lat' dir='ltr'><strong>autem</strong></span> <span class='ocrx_word' id='word_1_400' title='bbox 3481 2884 3751 2961; x_wconf 47' lang='lat' dir='ltr'><strong>con—sum-</strong></span> 
     </span>
    </p>
   </div>
   <div class='ocr_carea' id='block_1_59' title="bbox 353 2979 1984 3070">
    <p class='ocr_par' dir='ltr' id='par_1_59' title="bbox 353 2979 1984 3070">
     <span class='ocr_line' id='line_1_59' title="bbox 353 2979 1984 3070; baseline -0.007 -22"><span class='ocrx_word' id='word_1_401' title='bbox 353 2991 750 3070; x_wconf 69' lang='grc' dir='ltr'>βαπτίσματος,</span> <span class='ocrx_word' id='word_1_402' title='bbox 802 2983 1024 3047; x_wconf 76' lang='grc' dir='ltr'>ἐλπίδος</span> <span class='ocrx_word' id='word_1_403' title='bbox 1083 2984 1283 3060; x_wconf 82' lang='grc' dir='ltr'>ἀγαθῆς</span> <span class='ocrx_word' id='word_1_404' title='bbox 1337 2987 1524 3058; x_wconf 87' lang='grc' dir='ltr'>τυχεῖν</span> <span class='ocrx_word' id='word_1_405' title='bbox 1584 2979 1785 3057; x_wconf 86' lang='grc' dir='ltr'>δυνήσῃ</span> <span class='ocrx_word' id='word_1_406' title='bbox 1842 2983 1984 3040; x_wconf 86' lang='grc' dir='ltr'>ποτέ.</span> 
     </span>
    </p>
   </div>
   <div class='ocr_carea' id='block_1_60' title="bbox 2099 2979 3752 3070">
    <p class='ocr_par' dir='ltr' id='par_1_60' title="bbox 2110 2980 3752 3063">
     <span class='ocr_line' id='line_1_60' title="bbox 2110 2980 3752 3063; baseline 0.008 -29"><span class='ocrx_word' id='word_1_407' title='bbox 2110 2980 2426 3035; x_wconf 88' lang='lat' dir='ltr'><strong>mationem</strong></span> <span class='ocrx_word' id='word_1_408' title='bbox 2461 2998 2574 3036; x_wconf 91' lang='lat' dir='ltr'><strong>non</strong></span> <span class='ocrx_word' id='word_1_409' title='bbox 2598 2983 2778 3038; x_wconf 83' lang='lat' dir='ltr'><strong>fueris</strong></span> <span class='ocrx_word' id='word_1_410' title='bbox 2809 2988 3131 3049; x_wconf 68' lang='lat' dir='ltr'><strong>assecutus,</strong></span> <span class='ocrx_word' id='word_1_411' title='bbox 3170 2987 3377 3044; x_wconf 70' lang='lat' dir='ltr'><strong>bonum</strong></span> <span class='ocrx_word' id='word_1_412' title='bbox 3411 3007 3574 3063; x_wconf 90' lang='lat' dir='ltr'><strong>spem</strong></span> <span class='ocrx_word' id='word_1_413' title='bbox 3623 2993 3752 3048; x_wconf 86' lang='lat' dir='ltr'><strong>adi-</strong></span> 
     </span>
    </p>
   </div>
   <div class='ocr_carea' id='block_1_61' title="bbox 346 3070 1996 3155">
    <p class='ocr_par' dir='ltr' id='par_1_61' title="bbox 346 3070 1996 3155">
     <span class='ocr_line' id='line_1_61' title="bbox 346 3070 1996 3155; baseline -0.008 -18"><span class='ocrx_word' id='word_1_414' title='bbox 346 3082 525 3154; x_wconf 80' lang='grc' dir='ltr'>Ταύτῃ</span> <span class='ocrx_word' id='word_1_415' title='bbox 580 3080 684 3155; x_wconf 82' lang='grc' dir='ltr'>γὰρ</span> <span class='ocrx_word' id='word_1_416' title='bbox 743 3074 975 3132; x_wconf 83' lang='grc' dir='ltr'>πλείονα</span> <span class='ocrx_word' id='word_1_417' title='bbox 1009 3072 1220 3146; x_wconf 75' lang='grc' dir='ltr'>μᾶλλον</span> <span class='ocrx_word' id='word_1_418' title='bbox 1256 3070 1462 3149; x_wconf 78' lang='grc' dir='ltr'>ὑφέξεις</span> <span class='ocrx_word' id='word_1_419' title='bbox 1506 3072 1606 3139; x_wconf 75' lang='grc' dir='ltr'>τὴν</span> <span class='ocrx_word' id='word_1_420' title='bbox 1638 3070 1883 3139; x_wconf 85' lang='grc' dir='ltr'>κόλασιν,</span> <span class='ocrx_word' id='word_1_421' title='bbox 1914 3070 1996 3126; x_wconf 73' lang='grc' dir='ltr'><strong>ὅτι</strong></span> 
     </span>
    </p>
   </div>
   <div class='ocr_carea' id='block_1_62' title="bbox 345 3157 2003 3244">
    <p class='ocr_par' dir='ltr' id='par_1_62' title="bbox 345 3157 2003 3244">
     <span class='ocr_line' id='line_1_62' title="bbox 345 3157 2003 3244; baseline -0.008 -17"><span class='ocrx_word' id='word_1_422' title='bbox 345 3170 541 3231; x_wconf 85' lang='grc' dir='ltr'>καλοῖς</span> <span class='ocrx_word' id='word_1_423' title='bbox 575 3166 757 3244; x_wconf 78' lang='grc' dir='ltr'>ἔργοις</span> <span class='ocrx_word' id='word_1_424' title='bbox 789 3166 888 3220; x_wconf 91' lang='grc' dir='ltr'><strong>οὐκ</strong></span> <span class='ocrx_word' id='word_1_425' title='bbox 924 3162 1148 3239; x_wconf 78' lang='grc' dir='ltr'>ἐχρήσω</span> <span class='ocrx_word' id='word_1_426' title='bbox 1193 3159 1373 3223; x_wconf 86' lang='grc' dir='ltr'>καλῶς</span> <span class='ocrx_word' id='word_1_427' title='bbox 1404 3162 1466 3216; x_wconf 75' lang='grc' dir='ltr'><strong>⁸ο.</strong></span> <span class='ocrx_word' id='word_1_428' title='bbox 1500 3157 1640 3217; x_wconf 76' lang='grc' dir='ltr'>Οὐδὲ</span> <span class='ocrx_word' id='word_1_429' title='bbox 1680 3160 1781 3236; x_wconf 77' lang='grc' dir='ltr'><strong>γὰρ</strong></span> <span class='ocrx_word' id='word_1_430' title='bbox 1835 3159 2003 3214; x_wconf 90' lang='grc' dir='ltr'>καλὸν</span> 
     </span>
    </p>
   </div>
   <div class='ocr_carea' id='block_1_63' title="bbox 347 3246 2001 3331">
    <p class='ocr_par' dir='ltr' id='par_1_63' title="bbox 347 3246 2001 3331">
     <span class='ocr_line' id='line_1_63' title="bbox 347 3246 2001 3331; baseline -0.008 -16"><span class='ocrx_word' id='word_1_431' title='bbox 347 3261 413 3315; x_wconf 88' lang='grc' dir='ltr'><strong>τὸ</strong></span> <span class='ocrx_word' id='word_1_432' title='bbox 461 3257 652 3327; x_wconf 80' lang='grc' dir='ltr'>καλὸν,</span> <span class='ocrx_word' id='word_1_433' title='bbox 687 3254 717 3310; x_wconf 82' lang='grc' dir='ltr'>ὅ</span> <span class='ocrx_word' id='word_1_434' title='bbox 747 3275 908 3331; x_wconf 73' lang='grc' dir='ltr'>φαφιν</span> <span class='ocrx_word' id='word_1_435' title='bbox 964 3254 1065 3325; x_wconf 85' lang='grc'>(5),</span> <span class='ocrx_word' id='word_1_436' title='bbox 1114 3250 1238 3305; x_wconf 75' lang='grc' dir='ltr'>ὅταν</span> <span class='ocrx_word' id='word_1_437' title='bbox 1293 3250 1369 3323; x_wconf 79' lang='grc' dir='ltr'>μὴ</span> <span class='ocrx_word' id='word_1_438' title='bbox 1417 3246 1601 3311; x_wconf 89' lang='grc' dir='ltr'>καλῶς</span> <span class='ocrx_word' id='word_1_439' title='bbox 1648 3248 1887 3324; x_wconf 87' lang='grc' dir='ltr'>γίνηται.</span> <span class='ocrx_word' id='word_1_440' title='bbox 1925 3247 2001 3303; x_wconf 77' lang='grc' dir='ltr'><strong>Σὺ</strong></span> 
     </span>
    </p>
   </div>
   <div class='ocr_carea' id='block_1_64' title="bbox 358 3336 2001 3413">
    <p class='ocr_par' dir='ltr' id='par_1_64' title="bbox 358 3336 2001 3413">
     <span class='ocr_line' id='line_1_64' title="bbox 358 3336 2001 3413; baseline -0.008 -9"><span class='ocrx_word' id='word_1_441' title='bbox 358 3346 415 3404; x_wconf 73' lang='grc' dir='ltr'>δὲ</span> <span class='ocrx_word' id='word_1_442' title='bbox 446 3347 492 3402; x_wconf 82' lang='grc' dir='ltr'><strong>εἰ</strong></span> <span class='ocrx_word' id='word_1_443' title='bbox 534 3345 595 3401; x_wconf 87' lang='grc' dir='ltr'><strong>οὐ</strong></span> <span class='ocrx_word' id='word_1_444' title='bbox 629 3342 804 3409; x_wconf 77' lang='grc' dir='ltr'>θέλεις</span> <span class='ocrx_word' id='word_1_445' title='bbox 848 3343 924 3404; x_wconf 84' lang='grc' dir='ltr'>ὡς</span> <span class='ocrx_word' id='word_1_446' title='bbox 970 3345 1049 3412; x_wconf 83' lang='grc' dir='ltr'>τῷ</span> <span class='ocrx_word' id='word_1_447' title='bbox 1096 3340 1211 3411; x_wconf 88' lang='grc' dir='ltr'>Θεῷ</span> <span class='ocrx_word' id='word_1_448' title='bbox 1258 3336 1450 3393; x_wconf 86' lang='grc' dir='ltr'>δοκοῦν</span> <span class='ocrx_word' id='word_1_449' title='bbox 1501 3339 1877 3413; x_wconf 86' lang='grc' dir='ltr'>βαπτισθῆναι,</span> <span class='ocrx_word' id='word_1_450' title='bbox 1922 3341 2001 3410; x_wconf 84' lang='grc' dir='ltr'>τῷ</span> 
     </span>
    </p>
   </div>
   <div class='ocr_carea' id='block_1_65' title="bbox 356 3425 2002 3509">
    <p class='ocr_par' dir='ltr' id='par_1_65' title="bbox 356 3425 2002 3509">
     <span class='ocr_line' id='line_1_65' title="bbox 356 3425 2002 3509; baseline -0.005 -19"><span class='ocrx_word' id='word_1_451' title='bbox 356 3441 437 3509; x_wconf 85' lang='grc' dir='ltr'>σῷ</span> <span class='ocrx_word' id='word_1_452' title='bbox 487 3432 700 3508; x_wconf 66' lang='grc' dir='ltr'>μᾶλλον</span> <span class='ocrx_word' id='word_1_453' title='bbox 747 3432 1032 3506; x_wconf 79' lang='grc' dir='ltr'>ὑπηρετῶν</span> <span class='ocrx_word' id='word_1_454' title='bbox 1086 3427 1383 3501; x_wconf 83' lang='grc' dir='ltr'>θελήματι,</span> <span class='ocrx_word' id='word_1_455' title='bbox 1436 3425 1739 3503; x_wconf 80' lang='grc' dir='ltr'>έχθραίνεις</span> <span class='ocrx_word' id='word_1_456' title='bbox 1788 3425 2002 3488; x_wconf 83' lang='grc' dir='ltr'>πάντως</span> 
     </span>
    </p>
   </div>
   <div class='ocr_carea' id='block_1_66' title="bbox 356 3510 2002 3599">
    <p class='ocr_par' dir='ltr' id='par_1_66' title="bbox 356 3510 2002 3599">
     <span class='ocr_line' id='line_1_66' title="bbox 356 3510 2002 3599; baseline -0.007 -19"><span class='ocrx_word' id='word_1_457' title='bbox 356 3531 426 3599; x_wconf 76' lang='grc' dir='ltr'><strong>τῇ</strong></span> <span class='ocrx_word' id='word_1_458' title='bbox 459 3524 665 3579; x_wconf 74' lang='grc' dir='ltr'>ἐκείνου</span> <span class='ocrx_word' id='word_1_459' title='bbox 700 3519 898 3597; x_wconf 75' lang='grc' dir='ltr'>βουλῇ.</span> <span class='ocrx_word' id='word_1_460' title='bbox 935 3516 1086 3575; x_wconf 82' lang='grc' dir='ltr'>Ἀλλ’</span> <span class='ocrx_word' id='word_1_461' title='bbox 1136 3515 1267 3578; x_wconf 61' lang='grc' dir='ltr'>ἴσως</span> <span class='ocrx_word' id='word_1_462' title='bbox 1322 3515 1476 3591; x_wconf 84' lang='grc' dir='ltr'>ἐρεῖς·</span> <span class='ocrx_word' id='word_1_463' title='bbox 1531 3516 1628 3570; x_wconf 83' lang='grc' dir='ltr'>Καὶ</span> <span class='ocrx_word' id='word_1_464' title='bbox 1672 3514 1726 3571; x_wconf 89' lang='grc' dir='ltr'><strong>τί</strong></span> <span class='ocrx_word' id='word_1_465' title='bbox 1757 3510 2002 3587; x_wconf 76' lang='grc' dir='ltr'>συμϐάλ-</span> 
     </span>
    </p>
   </div>
   <div class='ocr_carea' id='block_1_67' title="bbox 358 3602 2000 3685">
    <p class='ocr_par' dir='ltr' id='par_1_67' title="bbox 358 3602 2000 3685">
     <span class='ocr_line' id='line_1_67' title="bbox 358 3602 2000 3685; baseline -0.007 -17"><span class='ocrx_word' id='word_1_466' title='bbox 358 3611 511 3668; x_wconf 85' lang='grc' dir='ltr'>λεται</span> <span class='ocrx_word' id='word_1_467' title='bbox 571 3611 705 3685; x_wconf 81' lang='grc' dir='ltr'>πρὸς</span> <span class='ocrx_word' id='word_1_468' title='bbox 782 3602 1051 3664; x_wconf 76' lang='grc' dir='ltr'>εὐσέϐειαν</span> <span class='ocrx_word' id='word_1_469' title='bbox 1126 3606 1189 3660; x_wconf 87' lang='grc' dir='ltr'><strong>τὸ</strong></span> <span class='ocrx_word' id='word_1_470' title='bbox 1249 3603 1601 3679; x_wconf 84' lang='grc' dir='ltr'>βαπτισθῆναί</span> <span class='ocrx_word' id='word_1_471' title='bbox 1680 3624 1746 3677; x_wconf 86' lang='grc' dir='ltr'><strong>με</strong></span> <span class='ocrx_word' id='word_1_472' title='bbox 1802 3602 2000 3673; x_wconf 82' lang='grc' dir='ltr'>ὕδατι;</span> 
     </span>
    </p>
   </div>
   <div class='ocr_carea' id='block_1_68' title="bbox 361 3689 2001 3774">
    <p class='ocr_par' dir='ltr' id='par_1_68' title="bbox 361 3689 2001 3774">
     <span class='ocr_line' id='line_1_68' title="bbox 361 3689 2001 3774; baseline -0.006 -18"><span class='ocrx_word' id='word_1_473' title='bbox 361 3705 585 3774; x_wconf 85' lang='grc' dir='ltr'>Πρῶτον</span> <span class='ocrx_word' id='word_1_474' title='bbox 624 3699 717 3771; x_wconf 68' lang='grc' dir='ltr'>μὲν</span> <span class='ocrx_word' id='word_1_475' title='bbox 750 3697 832 3752; x_wconf 76' lang='grc' dir='ltr'><strong>ὅτι</strong></span> <span class='ocrx_word' id='word_1_476' title='bbox 880 3696 943 3751; x_wconf 92' lang='grc' dir='ltr'><strong>τὸ</strong></span> <span class='ocrx_word' id='word_1_477' title='bbox 974 3692 1129 3769; x_wconf 81' lang='grc' dir='ltr'>δόξαν</span> <span class='ocrx_word' id='word_1_478' title='bbox 1179 3697 1296 3765; x_wconf 87' lang='grc' dir='ltr'>Θεῷ</span> <span class='ocrx_word' id='word_1_479' title='bbox 1323 3693 1596 3767; x_wconf 83' lang='grc' dir='ltr'>πράττεις.</span> <span class='ocrx_word' id='word_1_480' title='bbox 1635 3690 1889 3768; x_wconf 83' lang='grc' dir='ltr'>Δεύτερον</span> <span class='ocrx_word' id='word_1_481' title='bbox 1924 3689 2001 3763; x_wconf 75' lang='grc' dir='ltr'>δὲ,</span> 
     </span>
    </p>
   </div>
   <div class='ocr_carea' id='block_1_69' title="bbox 362 3779 2005 3856">
    <p class='ocr_par' dir='ltr' id='par_1_69' title="bbox 362 3779 2005 3856">
     <span class='ocr_line' id='line_1_69' title="bbox 362 3779 2005 3856; baseline -0.006 -11"><span class='ocrx_word' id='word_1_482' title='bbox 362 3790 443 3846; x_wconf 77' lang='grc' dir='ltr'><strong>ὅτι</strong></span> <span class='ocrx_word' id='word_1_483' title='bbox 506 3788 575 3844; x_wconf 87' lang='grc' dir='ltr'><strong>δι’</strong></span> <span class='ocrx_word' id='word_1_484' title='bbox 633 3785 826 3848; x_wconf 75' lang='grc' dir='ltr'>ὕδατος</span> <span class='ocrx_word' id='word_1_485' title='bbox 870 3784 959 3839; x_wconf 82' lang='grc' dir='ltr'>καὶ</span> <span class='ocrx_word' id='word_1_486' title='bbox 1015 3782 1322 3856; x_wconf 86' lang='grc' dir='ltr'>πνεύματος</span> <span class='ocrx_word' id='word_1_487' title='bbox 1369 3780 1718 3856; x_wconf 83' lang='grc' dir='ltr'>ἀναγεννᾶσαι</span> <span class='ocrx_word' id='word_1_488' title='bbox 1766 3784 1842 3854; x_wconf 86' lang='grc'><strong>(6)</strong></span> <span class='ocrx_word' id='word_1_489' title='bbox 1890 3779 2005 3854; x_wconf 86' lang='grc' dir='ltr'>Θεῷ</span> 
     </span>
    </p>
   </div>
   <div class='ocr_carea' id='block_1_70' title="bbox 352 3867 2001 3947">
    <p class='ocr_par' dir='ltr' id='par_1_70' title="bbox 352 3867 2001 3947">
     <span class='ocr_line' id='line_1_70' title="bbox 352 3867 2001 3947; baseline -0.005 -15"><span class='ocrx_word' id='word_1_490' title='bbox 352 3878 443 3933; x_wconf 79' lang='grc' dir='ltr'><strong>καὶ</strong></span> <span class='ocrx_word' id='word_1_491' title='bbox 492 3877 592 3945; x_wconf 73' lang='grc' dir='ltr'><strong>τήν</strong></span> <span class='ocrx_word' id='word_1_492' title='bbox 645 3875 695 3946; x_wconf 83' lang='grc' dir='ltr'>ἐξ</span> <span class='ocrx_word' id='word_1_493' title='bbox 750 3871 1035 3946; x_wconf 82' lang='grc' dir='ltr'>ἐπιθυμίας</span> <span class='ocrx_word' id='word_1_494' title='bbox 1078 3872 1301 3947; x_wconf 87' lang='grc' dir='ltr'>πρώτην</span> <span class='ocrx_word' id='word_1_495' title='bbox 1355 3890 1439 3924; x_wconf 90' lang='grc' dir='ltr'><strong>σοι</strong></span> <span class='ocrx_word' id='word_1_496' title='bbox 1472 3869 1771 3945; x_wconf 77' lang='grc' dir='ltr'>γενομένην</span> <span class='ocrx_word' id='word_1_497' title='bbox 1800 3867 2001 3924; x_wconf 84' lang='grc' dir='ltr'>καταλ-</span> 
     </span>
    </p>
   </div>
   <div class='ocr_carea' id='block_1_71' title="bbox 354 3954 2002 4040">
    <p class='ocr_par' dir='ltr' id='par_1_71' title="bbox 354 3954 2002 4040">
     <span class='ocr_line' id='line_1_71' title="bbox 354 3954 2002 4040; baseline -0.007 -18"><span class='ocrx_word' id='word_1_498' title='bbox 354 3965 572 4027; x_wconf 72' lang='grc' dir='ltr'>λάσσεις</span> <span class='ocrx_word' id='word_1_499' title='bbox 600 3964 867 4040; x_wconf 78' lang='grc' dir='ltr'>γέννησινο</span> <span class='ocrx_word' id='word_1_500' title='bbox 899 3963 989 4017; x_wconf 85' lang='grc' dir='ltr'><strong>καὶ</strong></span> <span class='ocrx_word' id='word_1_501' title='bbox 1041 3960 1183 4016; x_wconf 77' lang='grc' dir='ltr'>οὕτω</span> <span class='ocrx_word' id='word_1_502' title='bbox 1234 3958 1505 4034; x_wconf 78' lang='grc' dir='ltr'>σωτηρίας</span> <span class='ocrx_word' id='word_1_503' title='bbox 1554 3962 1740 4033; x_wconf 88' lang='grc' dir='ltr'>τυχεῖν</span> <span class='ocrx_word' id='word_1_504' title='bbox 1776 3954 2002 4032; x_wconf 81' lang='grc' dir='ltr'>δυνήσῃ,</span> 
     </span>
    </p>
   </div>
   <div class='ocr_carea' id='block_1_72' title="bbox 354 4046 2007 4127">
    <p class='ocr_par' dir='ltr' id='par_1_72' title="bbox 354 4046 2007 4127">
     <span class='ocr_line' id='line_1_72' title="bbox 354 4046 2007 4127; baseline -0.006 -17"><span class='ocrx_word' id='word_1_505' title='bbox 354 4053 542 4116; x_wconf 79' lang='grc' dir='ltr'>ἄλλως</span> <span class='ocrx_word' id='word_1_506' title='bbox 593 4051 649 4108; x_wconf 76' lang='grc' dir='ltr'>δὲ</span> <span class='ocrx_word' id='word_1_507' title='bbox 693 4051 795 4127; x_wconf 76' lang='grc' dir='ltr'><strong>ἄρα</strong></span> <span class='ocrx_word' id='word_1_508' title='bbox 842 4048 1122 4106; x_wconf 84' lang='grc' dir='ltr'>ἀδύνατον.</span> <span class='ocrx_word' id='word_1_509' title='bbox 1176 4047 1330 4102; x_wconf 75' lang='grc' dir='ltr'>Οὕτω</span> <span class='ocrx_word' id='word_1_510' title='bbox 1377 4047 1482 4122; x_wconf 76' lang='grc' dir='ltr'><strong>γὰρ</strong></span> <span class='ocrx_word' id='word_1_511' title='bbox 1532 4046 1561 4100; x_wconf 88' lang='grc' dir='ltr'>ὁ</span> <span class='ocrx_word' id='word_1_512' title='bbox 1620 4046 1707 4101; x_wconf 82' lang='grc' dir='ltr'><strong>ἐπὶ</strong></span> <span class='ocrx_word' id='word_1_513' title='bbox 1762 4067 2007 4121; x_wconf 86' lang='grc' dir='ltr'>σωτηριᾳ</span> 
     </span>
    </p>
   </div>
   <div class='ocr_carea' id='block_1_73' title="bbox 354 4134 2004 4219">
    <p class='ocr_par' dir='ltr' id='par_1_73' title="bbox 354 4134 2004 4219">
     <span class='ocr_line' id='line_1_73' title="bbox 354 4134 2004 4219; baseline -0.007 -21"><span class='ocrx_word' id='word_1_514' title='bbox 354 4144 445 4199; x_wconf 78' lang='grc' dir='ltr'><strong>καὶ</strong></span> <span class='ocrx_word' id='word_1_515' title='bbox 493 4141 759 4219; x_wconf 75' lang='grc' dir='ltr'>ἀφθαρσίᾳ</span> <span class='ocrx_word' id='word_1_516' title='bbox 812 4144 911 4195; x_wconf 90' lang='grc' dir='ltr'><strong>τοῦ</strong></span> <span class='ocrx_word' id='word_1_517' title='bbox 964 4138 1152 4216; x_wconf 88' lang='grc' dir='ltr'>γένους</span> <span class='ocrx_word' id='word_1_518' title='bbox 1200 4139 1360 4209; x_wconf 77' lang='grc' dir='ltr'>ἡμῶν</span> <span class='ocrx_word' id='word_1_519' title='bbox 1413 4134 1827 4211; x_wconf 79' lang='grc' dir='ltr'>ένανθρωπήσας</span> <span class='ocrx_word' id='word_1_520' title='bbox 1876 4135 2004 4197; x_wconf 86' lang='grc' dir='ltr'>Θεὸς</span> 
     </span>
    </p>
   </div>
   <div class='ocr_carea' id='block_1_74' title="bbox 354 4222 2006 4308">
    <p class='ocr_par' dir='ltr' id='par_1_74' title="bbox 354 4222 2006 4308">
     <span class='ocr_line' id='line_1_74' title="bbox 354 4222 2006 4308; baseline -0.006 -20"><span class='ocrx_word' id='word_1_521' title='bbox 354 4232 531 4308; x_wconf 87' lang='grc' dir='ltr'>Λόγος</span> <span class='ocrx_word' id='word_1_522' title='bbox 581 4234 724 4286; x_wconf 79' lang='grc' dir='ltr'>εἶπεν</span> <span class='ocrx_word' id='word_1_523' title='bbox 764 4232 939 4301; x_wconf 76' lang='grc' dir='ltr'>ἡμῖν’</span> <span class='ocrx_word' id='word_1_524' title='bbox 992 4228 1167 4300; x_wconf 76' lang='grc' dir='ltr'>Ἀμήν</span> <span class='ocrx_word' id='word_1_525' title='bbox 1222 4224 1369 4300; x_wconf 88' lang='grc' dir='ltr'>λέγω</span> <span class='ocrx_word' id='word_1_526' title='bbox 1420 4224 1565 4297; x_wconf 81' lang='grc' dir='ltr'>ὑμῖν,</span> <span class='ocrx_word' id='word_1_527' title='bbox 1616 4222 1700 4279; x_wconf 79' lang='grc' dir='ltr'>ἐὰν</span> <span class='ocrx_word' id='word_1_528' title='bbox 1755 4224 1830 4297; x_wconf 82' lang='grc' dir='ltr'>μὴ</span> <span class='ocrx_word' id='word_1_529' title='bbox 1882 4224 2006 4279; x_wconf 84' lang='grc' dir='ltr'>ἀνα-</span> 
     </span>
    </p>
   </div>
   <div class='ocr_carea' id='block_1_75' title="bbox 355 4311 2004 4398">
    <p class='ocr_par' dir='ltr' id='par_1_75' title="bbox 355 4311 2004 4398">
     <span class='ocr_line' id='line_1_75' title="bbox 355 4311 2004 4398; baseline -0.005 -22"><span class='ocrx_word' id='word_1_530' title='bbox 355 4322 649 4398; x_wconf 81' lang='grc' dir='ltr'>γεννηθῆτε</span> <span class='ocrx_word' id='word_1_531' title='bbox 705 4316 773 4372; x_wconf 87' lang='grc' dir='ltr'>δι’</span> <span class='ocrx_word' id='word_1_532' title='bbox 824 4315 1016 4378; x_wconf 78' lang='grc' dir='ltr'>ὕδατος</span> <span class='ocrx_word' id='word_1_533' title='bbox 1072 4314 1161 4370; x_wconf 87' lang='grc' dir='ltr'><strong>καὶ</strong></span> <span class='ocrx_word' id='word_1_534' title='bbox 1221 4313 1547 4385; x_wconf 87' lang='grc' dir='ltr'>πνεύματος,</span> <span class='ocrx_word' id='word_1_535' title='bbox 1602 4312 1665 4367; x_wconf 90' lang='grc' dir='ltr'><strong>οὐ</strong></span> <span class='ocrx_word' id='word_1_536' title='bbox 1714 4312 1788 4385; x_wconf 77' lang='grc' dir='ltr'>μὴ</span> <span class='ocrx_word' id='word_1_537' title='bbox 1830 4311 2004 4368; x_wconf 81' lang='grc' dir='ltr'>εἰσέλ-</span> 
     </span>
    </p>
   </div>
   <div class='ocr_carea' id='block_1_76' title="bbox 358 4399 2010 4482">
    <p class='ocr_par' dir='ltr' id='par_1_76' title="bbox 358 4399 2010 4482">
     <span class='ocr_line' id='line_1_76' title="bbox 358 4399 2010 4482; baseline -0.006 -17"><span class='ocrx_word' id='word_1_538' title='bbox 358 4411 491 4481; x_wconf 87' lang='grc' dir='ltr'>θητε</span> <span class='ocrx_word' id='word_1_539' title='bbox 534 4409 609 4470; x_wconf 76' lang='grc' dir='ltr'>εἷς</span> <span class='ocrx_word' id='word_1_540' title='bbox 655 4409 753 4476; x_wconf 80' lang='grc' dir='ltr'>τὴν</span> <span class='ocrx_word' id='word_1_541' title='bbox 804 4404 1079 4482; x_wconf 86' lang='grc' dir='ltr'>βασιλείαν</span> <span class='ocrx_word' id='word_1_542' title='bbox 1133 4408 1238 4458; x_wconf 88' lang='grc' dir='ltr'><strong>τῶν</strong></span> <span class='ocrx_word' id='word_1_543' title='bbox 1290 4401 1548 4477; x_wconf 80' lang='grc' dir='ltr'>οὐρανῶν.</span> <span class='ocrx_word' id='word_1_544' title='bbox 1599 4401 1694 4455; x_wconf 90' lang='grc' dir='ltr'><strong>Διὸ</strong></span> <span class='ocrx_word' id='word_1_545' title='bbox 1737 4399 2010 4475; x_wconf 85' lang='grc' dir='ltr'>πρόσελθε</span> 
     </span>
    </p>
   </div>
   <div class='ocr_carea' id='block_1_77' title="bbox 354 4489 2010 4573">
    <p class='ocr_par' dir='ltr' id='par_1_77' title="bbox 354 4489 2010 4573">
     <span class='ocr_line' id='line_1_77' title="bbox 354 4489 2010 4573; baseline -0.005 -18"><span class='ocrx_word' id='word_1_546' title='bbox 354 4503 437 4571; x_wconf 79' lang='grc' dir='ltr'><strong>τῷ</strong></span> <span class='ocrx_word' id='word_1_547' title='bbox 501 4497 869 4573; x_wconf 75' lang='grc' dir='ltr'>βαπτίσματιο</span> <span class='ocrx_word' id='word_1_548' title='bbox 927 4499 1089 4551; x_wconf 83' lang='grc' dir='ltr'>τοῦτο</span> <span class='ocrx_word' id='word_1_549' title='bbox 1147 4492 1252 4568; x_wconf 81' lang='grc' dir='ltr'><strong>γὰρ</strong></span> <span class='ocrx_word' id='word_1_550' title='bbox 1315 4490 1482 4565; x_wconf 91' lang='grc' dir='ltr'>μόνον</span> <span class='ocrx_word' id='word_1_551' title='bbox 1533 4490 1632 4559; x_wconf 78' lang='grc' dir='ltr'>τὴν</span> <span class='ocrx_word' id='word_1_552' title='bbox 1684 4494 1782 4545; x_wconf 91' lang='grc' dir='ltr'><strong>τοῦ</strong></span> <span class='ocrx_word' id='word_1_553' title='bbox 1839 4489 2010 4566; x_wconf 85' lang='grc' dir='ltr'>πυρὸς</span> 
     </span>
    </p>
   </div>
   <div class='ocr_carea' id='block_1_78' title="bbox 2111 3068 3756 3152">
    <p class='ocr_par' dir='ltr' id='par_1_78' title="bbox 2111 3068 3756 3152">
     <span class='ocr_line' id='line_1_78' title="bbox 2111 3068 3756 3152; baseline 0.01 -30"><span class='ocrx_word' id='word_1_554' title='bbox 2111 3069 2257 3140; x_wconf 91' lang='lat' dir='ltr'><strong>pisci</strong></span> <span class='ocrx_word' id='word_1_555' title='bbox 2288 3068 2602 3140; x_wconf 89' lang='lat' dir='ltr'><strong>aliquando</strong></span> <span class='ocrx_word' id='word_1_556' title='bbox 2645 3071 2885 3142; x_wconf 88' lang='lat' dir='ltr'><strong>poteris.</strong></span> <span class='ocrx_word' id='word_1_557' title='bbox 2933 3073 3011 3127; x_wconf 89' lang='lat' dir='ltr'><strong>Eo</strong></span> <span class='ocrx_word' id='word_1_558' title='bbox 3052 3074 3205 3129; x_wconf 89' lang='lat' dir='ltr'><strong>enim</strong></span> <span class='ocrx_word' id='word_1_559' title='bbox 3253 3079 3503 3147; x_wconf 85' lang='lat' dir='ltr'><strong>majores</strong></span> <span class='ocrx_word' id='word_1_560' title='bbox 3554 3098 3756 3152; x_wconf 76' lang='lat' dir='ltr'><strong>pmnas</strong></span> 
     </span>
    </p>
   </div>
   <div class='ocr_carea' id='block_1_79' title="bbox 2112 3157 3752 3239">
    <p class='ocr_par' dir='ltr' id='par_1_79' title="bbox 2112 3157 3752 3239">
     <span class='ocr_line' id='line_1_79' title="bbox 2112 3157 3752 3239; baseline 0.009 -28"><span class='ocrx_word' id='word_1_561' title='bbox 2112 3157 2299 3227; x_wconf 90' lang='lat' dir='ltr'><strong>dabis,</strong></span> <span class='ocrx_word' id='word_1_562' title='bbox 2322 3158 2473 3229; x_wconf 89' lang='lat' dir='ltr'><strong>quod</strong></span> <span class='ocrx_word' id='word_1_563' title='bbox 2496 3158 2666 3215; x_wconf 89' lang='lat' dir='ltr'><strong>bonis</strong></span> <span class='ocrx_word' id='word_1_564' title='bbox 2688 3160 2963 3231; x_wconf 86' lang='lat' dir='ltr'><strong>operibus</strong></span> <span class='ocrx_word' id='word_1_565' title='bbox 2993 3178 3103 3217; x_wconf 91' lang='lat' dir='ltr'><strong>non</strong></span> <span class='ocrx_word' id='word_1_566' title='bbox 3128 3163 3275 3219; x_wconf 89' lang='lat' dir='ltr'><strong>bene</strong></span> <span class='ocrx_word' id='word_1_567' title='bbox 3290 3182 3432 3221; x_wconf 88' lang='lat' dir='ltr'><strong>usus</strong></span> <span class='ocrx_word' id='word_1_568' title='bbox 3454 3168 3555 3223; x_wconf 88' lang='lat' dir='ltr'><strong>sis.</strong></span> <span class='ocrx_word' id='word_1_569' title='bbox 3583 3170 3752 3239; x_wconf 90' lang='lat' dir='ltr'><strong>Nam,</strong></span> 
     </span>
    </p>
   </div>
   <div class='ocr_carea' id='block_1_80' title="bbox 2110 3246 3753 3323">
    <p class='ocr_par' dir='ltr' id='par_1_80' title="bbox 2110 3246 3753 3323">
     <span class='ocr_line' id='line_1_80' title="bbox 2110 3246 3753 3323; baseline 0.009 -23"><span class='ocrx_word' id='word_1_570' title='bbox 2110 3251 2176 3300; x_wconf 91' lang='lat' dir='ltr'><strong>ut</strong></span> <span class='ocrx_word' id='word_1_571' title='bbox 2205 3246 2389 3314; x_wconf 90' lang='lat' dir='ltr'><strong>aiunt,</strong></span> <span class='ocrx_word' id='word_1_572' title='bbox 2418 3247 2636 3302; x_wconf 91' lang='lat' dir='ltr'><strong>bonum</strong></span> <span class='ocrx_word' id='word_1_573' title='bbox 2668 3264 2783 3303; x_wconf 92' lang='lat' dir='ltr'><strong>non</strong></span> <span class='ocrx_word' id='word_1_574' title='bbox 2814 3248 3032 3304; x_wconf 90' lang='lat' dir='ltr'><strong>bonum</strong></span> <span class='ocrx_word' id='word_1_575' title='bbox 3064 3255 3171 3321; x_wconf 91' lang='lat' dir='ltr'><strong>est,</strong></span> <span class='ocrx_word' id='word_1_576' title='bbox 3204 3254 3439 3323; x_wconf 91' lang='lat' dir='ltr'><strong>quando</strong></span> <span class='ocrx_word' id='word_1_577' title='bbox 3471 3272 3585 3311; x_wconf 92' lang='lat' dir='ltr'><strong>non</strong></span> <span class='ocrx_word' id='word_1_578' title='bbox 3608 3258 3753 3314; x_wconf 85' lang='lat' dir='ltr'><strong>bene</strong></span> 
     </span>
    </p>
   </div>
   <div class='ocr_carea' id='block_1_81' title="bbox 2112 3333 3750 3417">
    <p class='ocr_par' dir='ltr' id='par_1_81' title="bbox 2112 3333 3750 3417">
     <span class='ocr_line' id='line_1_81' title="bbox 2112 3333 3750 3417; baseline 0.007 -29"><span class='ocrx_word' id='word_1_579' title='bbox 2112 3333 2323 3406; x_wconf 88' lang='lat' dir='ltr'><strong>agitur.</strong></span> <span class='ocrx_word' id='word_1_580' title='bbox 2382 3335 2467 3390; x_wconf 93' lang='lat' dir='ltr'><strong>Tu</strong></span> <span class='ocrx_word' id='word_1_581' title='bbox 2524 3351 2658 3391; x_wconf 85' lang='lat' dir='ltr'><strong>vero</strong></span> <span class='ocrx_word' id='word_1_582' title='bbox 2710 3335 2779 3403; x_wconf 93' lang='lat' dir='ltr'><strong>si,</strong></span> <span class='ocrx_word' id='word_1_583' title='bbox 2832 3339 3329 3408; x_wconf 90' lang='lat' dir='ltr'><strong>quemadmodum</strong></span> <span class='ocrx_word' id='word_1_584' title='bbox 3376 3343 3492 3400; x_wconf 90' lang='lat' dir='ltr'><strong>Deo</strong></span> <span class='ocrx_word' id='word_1_585' title='bbox 3542 3345 3750 3417; x_wconf 88' lang='lat' dir='ltr'><strong>placet,</strong></span> 
     </span>
    </p>
   </div>
   <div class='ocr_carea' id='block_1_82' title="bbox 2112 3424 3755 3505">
    <p class='ocr_par' dir='ltr' id='par_1_82' title="bbox 2112 3424 3755 3505">
     <span class='ocr_line' id='line_1_82' title="bbox 2112 3424 3755 3505; baseline 0.007 -26"><span class='ocrx_word' id='word_1_586' title='bbox 2112 3424 2264 3480; x_wconf 88' lang='lat' dir='ltr'><strong>nolis</strong></span> <span class='ocrx_word' id='word_1_587' title='bbox 2292 3424 2597 3495; x_wconf 89' lang='lat' dir='ltr'><strong>baptizari,</strong></span> <span class='ocrx_word' id='word_1_588' title='bbox 2632 3441 2697 3480; x_wconf 91' lang='lat' dir='ltr'><strong>ac</strong></span> <span class='ocrx_word' id='word_1_589' title='bbox 2728 3428 2841 3479; x_wconf 68' lang='lat' dir='ltr'><strong>tua:</strong></span> <span class='ocrx_word' id='word_1_590' title='bbox 2865 3427 3351 3497; x_wconf 88' lang='lat' dir='ltr'><strong>potiusvoluntati</strong></span> <span class='ocrx_word' id='word_1_591' title='bbox 3377 3433 3715 3505; x_wconf 89' lang='lat' dir='ltr'><strong>obsequeris</strong></span> <span class='ocrx_word' id='word_1_592' title='bbox 3739 3459 3755 3503; x_wconf 89' lang='lat'><strong>;</strong></span> 
     </span>
    </p>
   </div>
   <div class='ocr_carea' id='block_1_83' title="bbox 2112 3512 3753 3587">
    <p class='ocr_par' dir='ltr' id='par_1_83' title="bbox 2112 3512 3753 3587">
     <span class='ocr_line' id='line_1_83' title="bbox 2112 3512 3753 3587; baseline 0.008 -20"><span class='ocrx_word' id='word_1_593' title='bbox 2112 3514 2368 3584; x_wconf 85' lang='lat' dir='ltr'><strong>profecto</strong></span> <span class='ocrx_word' id='word_1_594' title='bbox 2399 3512 2558 3568; x_wconf 91' lang='lat' dir='ltr'><strong>illius</strong></span> <span class='ocrx_word' id='word_1_595' title='bbox 2586 3513 2827 3569; x_wconf 89' lang='lat' dir='ltr'><strong>consilio</strong></span> <span class='ocrx_word' id='word_1_596' title='bbox 2860 3531 3172 3587; x_wconf 88' lang='lat' dir='ltr'><strong>repugnas.</strong></span> <span class='ocrx_word' id='word_1_597' title='bbox 3201 3519 3311 3573; x_wconf 87' lang='lat' dir='ltr'><strong>Sed</strong></span> <span class='ocrx_word' id='word_1_598' title='bbox 3368 3522 3508 3577; x_wconf 82' lang='lat' dir='ltr'><strong>forte</strong></span> <span class='ocrx_word' id='word_1_599' title='bbox 3555 3524 3753 3580; x_wconf 87' lang='lat' dir='ltr'><strong>dices:</strong></span> 
     </span>
    </p>
   </div>
   <div class='ocr_carea' id='block_1_84' title="bbox 2112 3601 3759 3683">
    <p class='ocr_par' dir='ltr' id='par_1_84' title="bbox 2112 3601 3759 3683">
     <span class='ocr_line' id='line_1_84' title="bbox 2112 3601 3759 3683; baseline 0.007 -26"><span class='ocrx_word' id='word_1_600' title='bbox 2112 3601 2182 3657; x_wconf 90' lang='lat' dir='ltr'><strong>Et</strong></span> <span class='ocrx_word' id='word_1_601' title='bbox 2214 3601 2354 3671; x_wconf 89' lang='lat' dir='ltr'><strong>quid</strong></span> <span class='ocrx_word' id='word_1_602' title='bbox 2386 3602 2455 3656; x_wconf 89' lang='lat' dir='ltr'><strong>ad</strong></span> <span class='ocrx_word' id='word_1_603' title='bbox 2490 3604 2763 3672; x_wconf 88' lang='lat' dir='ltr'><strong>pietatem</strong></span> <span class='ocrx_word' id='word_1_604' title='bbox 2814 3604 3089 3674; x_wconf 87' lang='lat' dir='ltr'><strong>conferet,</strong></span> <span class='ocrx_word' id='word_1_605' title='bbox 3150 3607 3197 3661; x_wconf 89' lang='lat' dir='ltr'><strong>si</strong></span> <span class='ocrx_word' id='word_1_606' title='bbox 3252 3626 3404 3680; x_wconf 86' lang='lat' dir='ltr'><strong>aqua</strong></span> <span class='ocrx_word' id='word_1_607' title='bbox 3456 3611 3759 3683; x_wconf 82' lang='lat' dir='ltr'><strong>baptizer?</strong></span> 
     </span>
    </p>
   </div>
   <div class='ocr_carea' id='block_1_85' title="bbox 2115 3689 3760 3768">
    <p class='ocr_par' dir='ltr' id='par_1_85' title="bbox 2115 3689 3760 3768">
     <span class='ocr_line' id='line_1_85' title="bbox 2115 3689 3760 3768; baseline 0.008 -24"><span class='ocrx_word' id='word_1_608' title='bbox 2115 3689 2308 3745; x_wconf 91' lang='lat' dir='ltr'><strong>Primo</strong></span> <span class='ocrx_word' id='word_1_609' title='bbox 2339 3689 2596 3761; x_wconf 89' lang='lat' dir='ltr'><strong>quidem,</strong></span> <span class='ocrx_word' id='word_1_610' title='bbox 2620 3689 2759 3762; x_wconf 87' lang='lat' dir='ltr'><strong>quia</strong></span> <span class='ocrx_word' id='word_1_611' title='bbox 2788 3690 2846 3746; x_wconf 90' lang='lat' dir='ltr'><strong>id</strong></span> <span class='ocrx_word' id='word_1_612' title='bbox 2880 3694 3033 3763; x_wconf 92' lang='lat' dir='ltr'><strong>quod</strong></span> <span class='ocrx_word' id='word_1_613' title='bbox 3071 3695 3178 3750; x_wconf 93' lang='lat' dir='ltr'><strong>Deo</strong></span> <span class='ocrx_word' id='word_1_614' title='bbox 3212 3698 3431 3768; x_wconf 90' lang='lat' dir='ltr'><strong>placuit</strong></span> <span class='ocrx_word' id='word_1_615' title='bbox 3464 3700 3624 3756; x_wconf 85' lang='lat' dir='ltr'><strong>facis.</strong></span> <span class='ocrx_word' id='word_1_616' title='bbox 3657 3705 3760 3756; x_wconf 91' lang='lat' dir='ltr'><strong>Se-</strong></span> 
     </span>
    </p>
   </div>
   <div class='ocr_carea' id='block_1_86' title="bbox 2115 3778 3764 3857">
    <p class='ocr_par' dir='ltr' id='par_1_86' title="bbox 2115 3778 3764 3857">
     <span class='ocr_line' id='line_1_86' title="bbox 2115 3778 3764 3857; baseline 0.007 -24"><span class='ocrx_word' id='word_1_617' title='bbox 2115 3779 2306 3833; x_wconf 91' lang='lat' dir='ltr'><strong>cundo</strong></span> <span class='ocrx_word' id='word_1_618' title='bbox 2337 3794 2489 3844; x_wconf 90' lang='lat' dir='ltr'><strong>vero,</strong></span> <span class='ocrx_word' id='word_1_619' title='bbox 2514 3778 2651 3849; x_wconf 91' lang='lat' dir='ltr'><strong>quia</strong></span> <span class='ocrx_word' id='word_1_620' title='bbox 2679 3796 2779 3850; x_wconf 91' lang='lat' dir='ltr'><strong>per</strong></span> <span class='ocrx_word' id='word_1_621' title='bbox 2809 3797 3022 3852; x_wconf 92' lang='lat' dir='ltr'><strong>aquam</strong></span> <span class='ocrx_word' id='word_1_622' title='bbox 3070 3788 3128 3838; x_wconf 89' lang='lat' dir='ltr'><strong>et</strong></span> <span class='ocrx_word' id='word_1_623' title='bbox 3169 3786 3442 3857; x_wconf 90' lang='lat' dir='ltr'><strong>spiritum</strong></span> <span class='ocrx_word' id='word_1_624' title='bbox 3492 3805 3764 3845; x_wconf 87' lang='lat' dir='ltr'><strong>renasce-</strong></span> 
     </span>
    </p>
   </div>
   <div class='ocr_carea' id='block_1_87' title="bbox 2115 3867 3757 3945">
    <p class='ocr_par' dir='ltr' id='par_1_87' title="bbox 2115 3867 3757 3945">
     <span class='ocr_line' id='line_1_87' title="bbox 2115 3867 3757 3945; baseline 0.006 -22"><span class='ocrx_word' id='word_1_625' title='bbox 2115 3868 2196 3923; x_wconf 89' lang='lat' dir='ltr'><strong>ris</strong></span> <span class='ocrx_word' id='word_1_626' title='bbox 2230 3869 2361 3935; x_wconf 90' lang='lat' dir='ltr'><strong>Deo,</strong></span> <span class='ocrx_word' id='word_1_627' title='bbox 2394 3873 2567 3938; x_wconf 92' lang='lat' dir='ltr'><strong>atque</strong></span> <span class='ocrx_word' id='word_1_628' title='bbox 2599 3867 2849 3939; x_wconf 90' lang='lat' dir='ltr'><strong>primam</strong></span> <span class='ocrx_word' id='word_1_629' title='bbox 2882 3870 3241 3929; x_wconf 85' lang='lat' dir='ltr'><strong>nativitatem</strong></span> <span class='ocrx_word' id='word_1_630' title='bbox 3274 3892 3451 3945; x_wconf 90' lang='lat' dir='ltr'><strong>quam</strong></span> <span class='ocrx_word' id='word_1_631' title='bbox 3501 3891 3569 3931; x_wconf 81' lang='lat' dir='ltr'><strong>ex</strong></span> <span class='ocrx_word' id='word_1_632' title='bbox 3620 3894 3757 3933; x_wconf 93' lang='lat' dir='ltr'><strong>con-</strong></span> 
     </span>
    </p>
   </div>
   <div class='ocr_carea' id='block_1_88' title="bbox 2113 3956 3760 4035">
    <p class='ocr_par' dir='ltr' id='par_1_88' title="bbox 2113 3956 3760 4035">
     <span class='ocr_line' id='line_1_88' title="bbox 2113 3956 3760 4035; baseline 0.006 -23"><span class='ocrx_word' id='word_1_633' title='bbox 2113 3957 2475 4028; x_wconf 90' lang='lat' dir='ltr'><strong>cupiscentia</strong></span> <span class='ocrx_word' id='word_1_634' title='bbox 2532 3956 2757 4012; x_wconf 83' lang='lat' dir='ltr'><strong>traxisti</strong></span> <span class='ocrx_word' id='word_1_635' title='bbox 2829 3964 3168 4029; x_wconf 87' lang='lat' dir='ltr'><strong>permutas:</strong></span> <span class='ocrx_word' id='word_1_636' title='bbox 3245 3964 3445 4035; x_wconf 90' lang='lat' dir='ltr'><strong>sicque</strong></span> <span class='ocrx_word' id='word_1_637' title='bbox 3508 3967 3760 4022; x_wconf 88' lang='lat' dir='ltr'><strong>salutem</strong></span> 
     </span>
    </p>
   </div>
   <div class='ocr_carea' id='block_1_89' title="bbox 2114 4044 3762 4124">
    <p class='ocr_par' dir='ltr' id='par_1_89' title="bbox 2114 4044 3762 4124">
     <span class='ocr_line' id='line_1_89' title="bbox 2114 4044 3762 4124; baseline 0.007 -25"><span class='ocrx_word' id='word_1_638' title='bbox 2114 4044 2391 4116; x_wconf 90' lang='lat' dir='ltr'><strong>consequi</strong></span> <span class='ocrx_word' id='word_1_639' title='bbox 2427 4044 2677 4115; x_wconf 87' lang='lat' dir='ltr'><strong>poteris:</strong></span> <span class='ocrx_word' id='word_1_640' title='bbox 2741 4046 2907 4101; x_wconf 84' lang='lat' dir='ltr'><strong>aliter</strong></span> <span class='ocrx_word' id='word_1_641' title='bbox 2960 4054 3151 4104; x_wconf 90' lang='lat' dir='ltr'><strong>autem</strong></span> <span class='ocrx_word' id='word_1_642' title='bbox 3216 4052 3337 4107; x_wconf 80' lang='lat' dir='ltr'><strong>ﬁeri</strong></span> <span class='ocrx_word' id='word_1_643' title='bbox 3396 4054 3617 4124; x_wconf 88' lang='lat' dir='ltr'><strong>nequit.</strong></span> <span class='ocrx_word' id='word_1_644' title='bbox 3674 4055 3762 4111; x_wconf 88' lang='lat' dir='ltr'><strong>Ita</strong></span> 
     </span>
    </p>
   </div>
   <div class='ocr_carea' id='block_1_90' title="bbox 2113 4133 3766 4216">
    <p class='ocr_par' dir='ltr' id='par_1_90' title="bbox 2113 4133 3766 4216">
     <span class='ocr_line' id='line_1_90' title="bbox 2113 4133 3766 4216; baseline 0.007 -27"><span class='ocrx_word' id='word_1_645' title='bbox 2113 4134 2291 4203; x_wconf 81' lang='lat' dir='ltr'><strong>enim,</strong></span> <span class='ocrx_word' id='word_1_646' title='bbox 2325 4134 2422 4204; x_wconf 93' lang='lat' dir='ltr'><strong>qui</strong></span> <span class='ocrx_word' id='word_1_647' title='bbox 2450 4137 2685 4205; x_wconf 90' lang='lat' dir='ltr'><strong>propter</strong></span> <span class='ocrx_word' id='word_1_648' title='bbox 2714 4133 2961 4191; x_wconf 86' lang='lat' dir='ltr'><strong>salutem</strong></span> <span class='ocrx_word' id='word_1_649' title='bbox 2986 4142 3042 4192; x_wconf 93' lang='lat' dir='ltr'><strong>et</strong></span> <span class='ocrx_word' id='word_1_650' title='bbox 3072 4138 3570 4199; x_wconf 87' lang='lat' dir='ltr'><strong>immortalitatem</strong></span> <span class='ocrx_word' id='word_1_651' title='bbox 3594 4161 3766 4216; x_wconf 90' lang='lat' dir='ltr'><strong>gene-</strong></span> 
     </span>
    </p>
   </div>
   <div class='ocr_carea' id='block_1_91' title="bbox 2114 4222 3760 4300">
    <p class='ocr_par' dir='ltr' id='par_1_91' title="bbox 2114 4222 3760 4300">
     <span class='ocr_line' id='line_1_91' title="bbox 2114 4222 3760 4300; baseline 0.007 -22"><span class='ocrx_word' id='word_1_652' title='bbox 2114 4223 2197 4278; x_wconf 89' lang='lat' dir='ltr'><strong>ris</strong></span> <span class='ocrx_word' id='word_1_653' title='bbox 2226 4222 2411 4277; x_wconf 90' lang='lat' dir='ltr'><strong>nostri</strong></span> <span class='ocrx_word' id='word_1_654' title='bbox 2437 4222 2777 4277; x_wconf 90' lang='lat' dir='ltr'><strong>incarnatus</strong></span> <span class='ocrx_word' id='word_1_655' title='bbox 2807 4229 2895 4280; x_wconf 90' lang='lat' dir='ltr'><strong>est</strong></span> <span class='ocrx_word' id='word_1_656' title='bbox 2925 4225 3077 4282; x_wconf 91' lang='lat' dir='ltr'><strong>Deus</strong></span> <span class='ocrx_word' id='word_1_657' title='bbox 3107 4229 3329 4300; x_wconf 90' lang='lat' dir='ltr'><strong>Sermo,</strong></span> <span class='ocrx_word' id='word_1_658' title='bbox 3364 4232 3510 4287; x_wconf 85' lang='lat' dir='ltr'><strong>dixit</strong></span> <span class='ocrx_word' id='word_1_659' title='bbox 3552 4233 3720 4289; x_wconf 90' lang='lat' dir='ltr'><strong>nobis</strong></span> <span class='ocrx_word' id='word_1_660' title='bbox 3746 4250 3760 4288; x_wconf 91' lang='lat'><strong>:</strong></span> 
     </span>
    </p>
   </div>
   <div class='ocr_carea' id='block_1_92' title="bbox 2118 4310 3766 4393">
    <p class='ocr_par' dir='ltr' id='par_1_92' title="bbox 2118 4310 3766 4393">
     <span class='ocr_line' id='line_1_92' title="bbox 2118 4310 3766 4393; baseline 0.007 -26"><span class='ocrx_word' id='word_1_661' title='bbox 2118 4314 2311 4379; x_wconf 83' lang='lat' dir='ltr'><strong>Amen,</strong></span> <span class='ocrx_word' id='word_1_662' title='bbox 2346 4310 2466 4366; x_wconf 88' lang='lat' dir='ltr'><strong>dico</strong></span> <span class='ocrx_word' id='word_1_663' title='bbox 2496 4311 2680 4375; x_wconf 80' lang='lat' dir='ltr'><strong>vobis;</strong></span> <span class='ocrx_word' id='word_1_664' title='bbox 2708 4312 2822 4367; x_wconf 75' lang='lat' dir='ltr'><strong>nisi</strong></span> <span class='ocrx_word' id='word_1_665' title='bbox 2850 4318 3038 4370; x_wconf 80' lang='lat' dir='ltr'><strong>renati</strong></span> <span class='ocrx_word' id='word_1_666' title='bbox 3063 4319 3281 4384; x_wconf 80' lang='lat' dir='ltr'><strong>fueritis</strong></span> <span class='ocrx_word' id='word_1_667' title='bbox 3311 4336 3453 4391; x_wconf 88' lang='lat' dir='ltr'><strong>aqua</strong></span> <span class='ocrx_word' id='word_1_668' title='bbox 3474 4330 3524 4376; x_wconf 77' lang='lat' dir='ltr'><strong>et</strong></span> <span class='ocrx_word' id='word_1_669' title='bbox 3540 4323 3766 4393; x_wconf 76' lang='lat' dir='ltr'><strong>spiritu,</strong></span> 
     </span>
    </p>
   </div>
   <div class='ocr_carea' id='block_1_93' title="bbox 2117 4400 3768 4475">
    <p class='ocr_par' dir='ltr' id='par_1_93' title="bbox 2117 4400 3768 4475">
     <span class='ocr_line' id='line_1_93' title="bbox 2117 4400 3768 4475; baseline 0.005 -18"><span class='ocrx_word' id='word_1_670' title='bbox 2117 4418 2230 4458; x_wconf 82' lang='lat' dir='ltr'><strong>non</strong></span> <span class='ocrx_word' id='word_1_671' title='bbox 2257 4400 2559 4456; x_wconf 80' lang='lat' dir='ltr'><strong>introibitis</strong></span> <span class='ocrx_word' id='word_1_672' title='bbox 2591 4402 2651 4454; x_wconf 81' lang='lat' dir='ltr'><strong>in</strong></span> <span class='ocrx_word' id='word_1_673' title='bbox 2681 4416 2909 4471; x_wconf 80' lang='lat' dir='ltr'><strong>regnum</strong></span> <span class='ocrx_word' id='word_1_674' title='bbox 2941 4419 3210 4461; x_wconf 52' lang='lat' dir='ltr'><strong>canorum</strong></span> <span class='ocrx_word' id='word_1_675' title='bbox 3237 4408 3303 4464; x_wconf 82' lang='grc'><strong>⁸¹.</strong></span> <span class='ocrx_word' id='word_1_676' title='bbox 3338 4410 3656 4475; x_wconf 90' lang='lat' dir='ltr'><strong>Quodcirca</strong></span> <span class='ocrx_word' id='word_1_677' title='bbox 3694 4411 3768 4466; x_wconf 88' lang='lat' dir='ltr'><strong>ad</strong></span> 
     </span>
    </p>
   </div>
   <div class='ocr_carea' id='block_1_94' title="bbox 2120 4489 3769 4571">
    <p class='ocr_par' dir='ltr' id='par_1_94' title="bbox 2120 4489 3769 4571">
     <span class='ocr_line' id='line_1_94' title="bbox 2120 4489 3769 4571; baseline 0.005 -25"><span class='ocrx_word' id='word_1_678' title='bbox 2120 4489 2483 4563; x_wconf 88' lang='lat' dir='ltr'><strong>baptismum</strong></span> <span class='ocrx_word' id='word_1_679' title='bbox 2514 4490 2754 4545; x_wconf 88' lang='lat' dir='ltr'><strong>accede:</strong></span> <span class='ocrx_word' id='word_1_680' title='bbox 2789 4490 3084 4563; x_wconf 89' lang='lat' dir='ltr'><strong>siquidem</strong></span> <span class='ocrx_word' id='word_1_681' title='bbox 3116 4493 3211 4550; x_wconf 91' lang='lat' dir='ltr'><strong>hic</strong></span> <span class='ocrx_word' id='word_1_682' title='bbox 3241 4496 3402 4553; x_wconf 89' lang='lat' dir='ltr'><strong>solus</strong></span> <span class='ocrx_word' id='word_1_683' title='bbox 3452 4498 3569 4553; x_wconf 91' lang='lat' dir='ltr'><strong>vim</strong></span> <span class='ocrx_word' id='word_1_684' title='bbox 3613 4498 3769 4571; x_wconf 86' lang='lat' dir='ltr'><strong>ignis</strong></span> 
     </span>
    </p>
   </div>
   <div class='ocr_carea' id='block_1_95' title="bbox 1719 4648 2422 4707">
    <p class='ocr_par' dir='ltr' id='par_1_95' title="bbox 1719 4648 2422 4707">
     <span class='ocr_line' id='line_1_95' title="bbox 1719 4648 2422 4707; baseline -0.003 -1"><span class='ocrx_word' id='word_1_685' title='bbox 1719 4650 1961 4707; x_wconf 66' lang='lat' dir='ltr'><strong>VARI/ﬁ</strong></span> <span class='ocrx_word' id='word_1_686' title='bbox 2007 4648 2422 4706; x_wconf 87' lang='lat' dir='ltr'><strong>LECTIONES.</strong></span> 
     </span>
    </p>
   </div>
   <div class='ocr_carea' id='block_1_96' title="bbox 436 4753 3773 4837">
    <p class='ocr_par' dir='ltr' id='par_1_96' title="bbox 436 4753 3773 4837">
     <span class='ocr_line' id='line_1_96' title="bbox 436 4753 3773 4837; baseline -0 -16"><span class='ocrx_word' id='word_1_687' title='bbox 436 4767 664 4837; x_wconf 78' lang='lat' dir='ltr'><strong>Recogn.</strong></span> <span class='ocrx_word' id='word_1_688' title='bbox 722 4781 762 4833; x_wconf 91' lang='lat'><strong>1,</strong></span> <span class='ocrx_word' id='word_1_689' title='bbox 794 4764 909 4837; x_wconf 18' lang='lat'><strong>769.</strong></span> <span class='ocrx_word' id='word_1_690' title='bbox 971 4760 1147 4837; x_wconf 75' lang='lat' dir='ltr'><strong>“__a_l.</strong></span> <span class='ocrx_word' id='word_1_691' title='bbox 1194 4754 1594 4837; x_wconf 67' lang='grc' dir='ltr'>ἀκατάληπτον.</span> <span class='ocrx_word' id='word_1_692' title='bbox 1622 4757 1743 4837; x_wconf 39' lang='lat' dir='ltr'><strong>‘al,</strong></span> <span class='ocrx_word' id='word_1_693' title='bbox 1790 4754 2183 4837; x_wconf 55' lang='lat' dir='ltr'><strong>dfspilnmov,</strong></span> <span class='ocrx_word' id='word_1_694' title='bbox 2244 4753 2759 4837; x_wconf 41' lang='grc' dir='ltr'><strong>(ἔικεξταὶληπτον,Μ⁴νξ⁹</strong></span> <span class='ocrx_word' id='word_1_695' title='bbox 2794 4755 3049 4837; x_wconf 47' lang='lat' dir='ltr'><strong>Clamant.</strong></span> <span class='ocrx_word' id='word_1_696' title='bbox 3111 4761 3272 4816; x_wconf 89' lang='lat' dir='ltr'><strong>hom.</strong></span> <span class='ocrx_word' id='word_1_697' title='bbox 3322 4779 3391 4837; x_wconf 61' lang='lat' dir='ltr'><strong>II,</strong></span> <span class='ocrx_word' id='word_1_698' title='bbox 3435 4779 3484 4837; x_wconf 91' lang='lat' dir='ltr'><strong>c_.</strong></span> <span class='ocrx_word' id='word_1_699' title='bbox 3519 4764 3773 4837; x_wconf 69' lang='lat' dir='ltr'><strong>2/1,_etc.</strong></span> 
     </span>
    </p>
   </div>
   <div class='ocr_carea' id='block_1_97' title="bbox 366 4820 3773 4908">
    <p class='ocr_par' dir='ltr' id='par_1_97' title="bbox 366 4820 3773 4908">
     <span class='ocr_line' id='line_1_97' title="bbox 366 4820 3773 4908; baseline -0.009 -14"><span class='ocrx_word' id='word_1_700' title='bbox 366 4820 495 4895; x_wconf 67' lang='lat' dir='ltr'><strong>Hec.</strong></span> <span class='ocrx_word' id='word_1_701' title='bbox 525 4820 675 4908; x_wconf 42' lang='grc' dir='ltr'>Ιίνι,</span> <span class='ocrx_word' id='word_1_702' title='bbox 783 4836 978 4908; x_wconf 46' lang='lat' dir='ltr'><strong>_8,“eto.</strong></span> <span class='ocrx_word' id='word_1_703' title='bbox 1013 4833 1057 4908; x_wconf 58' lang='lat' dir='ltr'><strong>Vl</strong></span> <span class='ocrx_word' id='word_1_704' title='bbox 1090 4820 1558 4908; x_wconf 50' lang='lat' dir='ltr'><strong>&amp;nox?«npmah.“f</strong></span> <span class='ocrx_word' id='word_1_705' title='bbox 1586 4820 2069 4908; x_wconf 41' lang='grc' dir='ltr'>ιιι-,εὐσεϐέστερος</span> <span class='ocrx_word' id='word_1_706' title='bbox 2099 4820 2602 4908; x_wconf 35' lang='grc' dir='ltr'>γένῃ,.ἀᾷἀπτ¹ιστος</span> <span class='ocrx_word' id='word_1_707' title='bbox 2635 4823 2692 4908; x_wconf 60' lang='grc' dir='ltr'>δὲ</span> <span class='ocrx_word' id='word_1_708' title='bbox 2721 4826 3065 4908; x_wconf 41' lang='grc' dir='ltr'>ᾖς,“ἐλπίδος</span> <span class='ocrx_word' id='word_1_709' title='bbox 3113 4837 3319 4908; x_wconf 45' lang='grc' dir='ltr'>τυχεῖν,</span> <span class='ocrx_word' id='word_1_710' title='bbox 3342 4820 3397 4908; x_wconf 18' lang='grc' dir='ltr'><strong>,ιδ</strong></span> <span class='ocrx_word' id='word_1_711' title='bbox 3427 4835 3500 4889; x_wconf 46' lang='grc' dir='ltr'><strong>δι’</strong></span> <span class='ocrx_word' id='word_1_712' title='bbox 3545 4820 3773 4908; x_wconf 32' lang='grc' dir='ltr'>φόάσῃς,</span> 
     </span>
    </p>
   </div>
   <div class='ocr_carea' id='block_1_98' title="bbox 368 4892 3705 4980">
    <p class='ocr_par' dir='ltr' id='par_1_98' title="bbox 368 4892 3705 4980">
     <span class='ocr_line' id='line_1_98' title="bbox 368 4892 3705 4980; baseline -0 -17"><span class='ocrx_word' id='word_1_713' title='bbox 368 4892 520 4965; x_wconf 56' lang='grc' dir='ltr'><strong>ἱίίξιι.</strong></span> <span class='ocrx_word' id='word_1_714' title='bbox 556 4905 639 4960; x_wconf 75' lang='grc' dir='ltr'><strong>ὅτι</strong></span> <span class='ocrx_word' id='word_1_715' title='bbox 663 4892 973 4980; x_wconf 52' lang='grc' dir='ltr'>’καλαέργα</span> <span class='ocrx_word' id='word_1_716' title='bbox 1003 4901 1102 4957; x_wconf 90' lang='grc' dir='ltr'><strong>οὐκ</strong></span> <span class='ocrx_word' id='word_1_717' title='bbox 1130 4892 1388 4971; x_wconf 71' lang='grc' dir='ltr'>ἐποίησας</span> <span class='ocrx_word' id='word_1_718' title='bbox 1417 4892 1622 4961; x_wconf 78' lang='grc' dir='ltr'>καλῶς.</span> <span class='ocrx_word' id='word_1_719' title='bbox 1656 4898 1810 4968; x_wconf 88' lang='grc' dir='ltr'><strong>Καλή</strong></span> <span class='ocrx_word' id='word_1_720' title='bbox 1843 4899 1948 4976; x_wconf 79' lang='grc' dir='ltr'>γὰρ</span> <span class='ocrx_word' id='word_1_721' title='bbox 1975 4892 2212 4969; x_wconf 75' lang='grc' dir='ltr'>ἐύποίία,</span> <span class='ocrx_word' id='word_1_722' title='bbox 2236 4892 2398 4952; x_wconf 78' lang='grc' dir='ltr'>ὁπότ’</span> <span class='ocrx_word' id='word_1_723' title='bbox 2428 4897 2486 4951; x_wconf 81' lang='grc' dir='ltr'>ἂν</span> <span class='ocrx_word' id='word_1_724' title='bbox 2521 4899 2548 4952; x_wconf 85' lang='grc' dir='ltr'>ὁ</span> <span class='ocrx_word' id='word_1_725' title='bbox 2573 4898 2700 4959; x_wconf 88' lang='grc' dir='ltr'>Θεὸς</span> <span class='ocrx_word' id='word_1_726' title='bbox 2725 4892 2977 4954; x_wconf 59' lang='grc' dir='ltr'>’ἐκέλευσε</span> <span class='ocrx_word' id='word_1_727' title='bbox 3006 4892 3232 4977; x_wconf 60' lang='grc' dir='ltr'>γίνεταῗ.</span> <span class='ocrx_word' id='word_1_728' title='bbox 3257 4905 3297 4939; x_wconf 81' lang='grc'><strong>⁶¹</strong></span> <span class='ocrx_word' id='word_1_729' title='bbox 3330 4906 3496 4961; x_wconf 91' lang='lat' dir='ltr'><strong>Joan.</strong></span> <span class='ocrx_word' id='word_1_730' title='bbox 3534 4892 3616 4979; x_wconf 63' lang='lat' dir='ltr'><strong>lix,</strong></span> <span class='ocrx_word' id='word_1_731' title='bbox 3648 4892 3705 4964; x_wconf 41' lang='lat'><strong>5..</strong></span> 
     </span>
    </p>
   </div>
   <div class='ocr_carea' id='block_1_99' title="bbox 1726 5050 2384 5108">
    <p class='ocr_par' dir='ltr' id='par_1_99' title="bbox 1726 5050 2384 5108">
     <span class='ocr_line' id='line_1_99' title="bbox 1726 5050 2384 5108; baseline -0.002 -3"><span class='ocrx_word' id='word_1_732' title='bbox 1726 5050 2111 5108; x_wconf 82' lang='lat' dir='ltr'><strong>VARIORUM</strong></span> <span class='ocrx_word' id='word_1_733' title='bbox 2150 5054 2197 5106; x_wconf 84' lang='grc' dir='ltr'><strong>Ν</strong></span> <span class='ocrx_word' id='word_1_734' title='bbox 2204 5050 2384 5106; x_wconf 73' lang='grc' dir='ltr'>ΟΤίΕ.</span> 
     </span>
    </p>
   </div>
   <div class='ocr_carea' id='block_1_100' title="bbox 444 5166 2022 5250">
    <p class='ocr_par' dir='ltr' id='par_1_100' title="bbox 444 5166 2022 5250">
     <span class='ocr_line' id='line_1_100' title="bbox 444 5166 2022 5250; baseline -0.004 -22"><span class='ocrx_word' id='word_1_735' title='bbox 444 5175 520 5245; x_wconf 89' lang='lat'><strong>(5)</strong></span> <span class='ocrx_word' id='word_1_736' title='bbox 551 5174 617 5226; x_wconf 86' lang='grc' dir='ltr'>Ὅ</span> <span class='ocrx_word' id='word_1_737' title='bbox 668 5191 847 5250; x_wconf 83' lang='grc' dir='ltr'>φασιν.</span> <span class='ocrx_word' id='word_1_738' title='bbox 887 5171 1199 5250; x_wconf 68' lang='lat' dir='ltr'><strong>Denteron.</strong></span> <span class='ocrx_word' id='word_1_739' title='bbox 1231 5186 1345 5250; x_wconf 77' lang='lat' dir='ltr'><strong>xw,</strong></span> <span class='ocrx_word' id='word_1_740' title='bbox 1395 5168 1511 5250; x_wconf 43' lang='lat'><strong>29.:</strong></span> <span class='ocrx_word' id='word_1_741' title='bbox 1542 5168 1697 5250; x_wconf 41' lang='lat' dir='ltr'><strong>Iuste</strong></span> <span class='ocrx_word' id='word_1_742' title='bbox 1737 5166 1878 5250; x_wconf 58' lang='lat' dir='ltr'><strong>qyod</strong></span> <span class='ocrx_word' id='word_1_743' title='bbox 1908 5168 2022 5237; x_wconf 77' lang='lat' dir='ltr'><strong>ius-</strong></span> 
     </span>
    </p>
   </div>
   <div class='ocr_carea' id='block_1_101' title="bbox 374 5235 2025 5320">
    <p class='ocr_par' dir='ltr' id='par_1_101' title="bbox 374 5235 2025 5320">
     <span class='ocr_line' id='line_1_101' title="bbox 374 5235 2025 5320; baseline -0.008 -19"><span class='ocrx_word' id='word_1_744' title='bbox 374 5235 601 5320; x_wconf 54' lang='lat' dir='ltr'><strong>tuin&#39;est</strong></span> <span class='ocrx_word' id='word_1_745' title='bbox 629 5235 994 5320; x_wconf 59' lang='lat' dir='ltr'><strong>pérgequeris.</strong></span> <span class='ocrx_word' id='word_1_746' title='bbox 1029 5242 1296 5320; x_wconf 55' lang='lat' dir='ltr'><strong>ﬁopient.</strong></span> <span class='ocrx_word' id='word_1_747' title='bbox 1330 5235 1500 5320; x_wconf 50' lang='lat' dir='ltr'><strong>vn}!</strong></span> <span class='ocrx_word' id='word_1_748' title='bbox 1537 5255 1556 5292; x_wconf 89' lang='lat'><em>:</em></span> <span class='ocrx_word' id='word_1_749' title='bbox 1586 5237 1654 5320; x_wconf 71' lang='lat' dir='ltr'><strong>pi</strong></span> <span class='ocrx_word' id='word_1_750' title='bbox 1702 5235 2025 5320; x_wconf 38' lang='lat' dir='ltr'><strong>pelagum;</strong></span> 
     </span>
    </p>
   </div>
   <div class='ocr_carea' id='block_1_102' title="bbox 377 5311 2027 5383">
    <p class='ocr_par' dir='ltr' id='par_1_102' title="bbox 377 5311 2027 5383">
     <span class='ocr_line' id='line_1_102' title="bbox 377 5311 2027 5383; baseline -0.002 -14"><span class='ocrx_word' id='word_1_751' title='bbox 377 5316 543 5376; x_wconf 82' lang='grc' dir='ltr'>ὁσίως</span> <span class='ocrx_word' id='word_1_752' title='bbox 598 5315 667 5368; x_wconf 70' lang='grc' dir='ltr'>τὰ</span> <span class='ocrx_word' id='word_1_753' title='bbox 724 5311 844 5368; x_wconf 79' lang='grc' dir='ltr'><strong>ὅσιά</strong></span> <span class='ocrx_word' id='word_1_754' title='bbox 888 5311 1303 5383; x_wconf 74' lang='grc' dir='ltr'>ὁσιωθήσονται.</span> <span class='ocrx_word' id='word_1_755' title='bbox 1350 5312 1435 5383; x_wconf 85' lang='lat' dir='ltr'><strong>Ad</strong></span> <span class='ocrx_word' id='word_1_756' title='bbox 1488 5311 1741 5383; x_wconf 79' lang='lat' dir='ltr'><strong>ver_bu_m_</strong></span> <span class='ocrx_word' id='word_1_757' title='bbox 1785 5311 1844 5383; x_wconf 79' lang='lat' dir='ltr'><strong>in</strong></span> <span class='ocrx_word' id='word_1_758' title='bbox 1894 5311 2027 5365; x_wconf 79' lang='lat' dir='ltr'><strong>Vita</strong></span> 
     </span>
    </p>
   </div>
   <div class='ocr_carea' id='block_1_103' title="bbox 376 5379 2022 5457">
    <p class='ocr_par' dir='ltr' id='par_1_103' title="bbox 376 5379 2022 5457">
     <span class='ocr_line' id='line_1_103' title="bbox 376 5379 2022 5457; baseline -0.005 -14"><span class='ocrx_word' id='word_1_759' title='bbox 376 5390 540 5444; x_wconf 72' lang='lat' dir='ltr'><strong>Lucae</strong></span> <span class='ocrx_word' id='word_1_760' title='bbox 559 5388 817 5457; x_wconf 75' lang='lat' dir='ltr'><strong>junioris</strong></span> <span class='ocrx_word' id='word_1_761' title='bbox 846 5391 1023 5457; x_wconf 91' lang='lat' dir='ltr'><strong>_tomo</strong></span> <span class='ocrx_word' id='word_1_762' title='bbox 1056 5379 1113 5457; x_wconf 72' lang='lat' dir='ltr'><strong>ii.</strong></span> <span class='ocrx_word' id='word_1_763' title='bbox 1146 5382 1404 5457; x_wconf 79' lang='lat' dir='ltr'><strong>Auctarii</strong></span> <span class='ocrx_word' id='word_1_764' title='bbox 1436 5379 1848 5457; x_wconf 80' lang='lat' dir='ltr'><strong>_Com_befisia_ni</strong></span> <span class='ocrx_word' id='word_1_765' title='bbox 1889 5396 2022 5457; x_wconf 81' lang='lat' dir='ltr'><strong>pag.</strong></span> 
     </span>
    </p>
   </div>
   <div class='ocr_carea' id='block_1_104' title="bbox 374 5448 2026 5532">
    <p class='ocr_par' dir='ltr' id='par_1_104' title="bbox 374 5448 2026 5532">
     <span class='ocr_line' id='line_1_104' title="bbox 374 5448 2026 5532; baseline -0.004 -22"><span class='ocrx_word' id='word_1_766' title='bbox 374 5461 505 5532; x_wconf 70' lang='lat'><strong>985,</strong></span> <span class='ocrx_word' id='word_1_767' title='bbox 546 5448 607 5511; x_wconf 62' lang='grc' dir='ltr'><strong>τὸ</strong></span> <span class='ocrx_word' id='word_1_768' title='bbox 639 5458 745 5532; x_wconf 77' lang='grc' dir='ltr'><strong>γὰρ</strong></span> <span class='ocrx_word' id='word_1_769' title='bbox 774 5454 960 5532; x_wconf 74' lang='grc' dir='ltr'>καλὸν,</span> <span class='ocrx_word' id='word_1_770' title='bbox 1017 5455 1079 5511; x_wconf 88' lang='grc' dir='ltr'><strong>οὐ</strong></span> <span class='ocrx_word' id='word_1_771' title='bbox 1107 5450 1506 5532; x_wconf 51' lang='grc' dir='ltr'>καλὸν,-φασὶν,</span> <span class='ocrx_word' id='word_1_772' title='bbox 1557 5449 1681 5504; x_wconf 76' lang='grc' dir='ltr'>ὅταν</span> <span class='ocrx_word' id='word_1_773' title='bbox 1734 5451 1807 5523; x_wconf 82' lang='grc' dir='ltr'>μή</span> <span class='ocrx_word' id='word_1_774' title='bbox 1840 5448 2026 5532; x_wconf 54' lang='grc' dir='ltr'>κᾴλξίξς</span> 
     </span>
    </p>
   </div>
   <div class='ocr_carea' id='block_1_105' title="bbox 373 5524 2024 5607">
    <p class='ocr_par' dir='ltr' id='par_1_105' title="bbox 373 5524 2024 5607">
     <span class='ocr_line' id='line_1_105' title="bbox 373 5524 2024 5607; baseline -0.004 -23"><span class='ocrx_word' id='word_1_775' title='bbox 373 5524 606 5607; x_wconf 50' lang='grc' dir='ltr'>γίνοιτο,</span> <span class='ocrx_word' id='word_1_776' title='bbox 638 5524 879 5607; x_wconf 72' lang='lat' dir='ltr'><strong>ét&#39;apud</strong></span> <span class='ocrx_word' id='word_1_777' title='bbox 911 5529 1253 5607; x_wconf 72' lang='lat' dir='ltr'><strong>Gregorium</strong></span> <span class='ocrx_word' id='word_1_778' title='bbox 1285 5524 1736 5607; x_wconf 55' lang='lat' dir='ltr'><strong>Naziangenum,</strong></span> <span class='ocrx_word' id='word_1_779' title='bbox 1780 5524 2024 5607; x_wconf 72' lang='lat' dir='ltr'><strong>orat.33,</strong></span> 
     </span>
    </p>
   </div>
   <div class='ocr_carea' id='block_1_106' title="bbox 376 5591 2028 5677">
    <p class='ocr_par' dir='ltr' id='par_1_106' title="bbox 376 5591 2028 5677">
     <span class='ocr_line' id='line_1_106' title="bbox 376 5591 2028 5677; baseline -0.008 -18"><span class='ocrx_word' id='word_1_780' title='bbox 376 5591 438 5677; x_wconf 62' lang='grc' dir='ltr'>ᾖ.</span> <span class='ocrx_word' id='word_1_781' title='bbox 468 5591 604 5677; x_wconf 50' lang='grc'><strong>531,</strong></span> <span class='ocrx_word' id='word_1_782' title='bbox 627 5600 691 5655; x_wconf 90' lang='grc' dir='ltr'><strong>τὸ</strong></span> <span class='ocrx_word' id='word_1_783' title='bbox 719 5591 904 5677; x_wconf 43' lang='grc' dir='ltr'>καλόν</span> <span class='ocrx_word' id='word_1_784' title='bbox 939 5595 1002 5653; x_wconf 74' lang='grc' dir='ltr'><strong>οὐ</strong></span> <span class='ocrx_word' id='word_1_785' title='bbox 1025 5591 1237 5677; x_wconf 58' lang='lat' dir='ltr'><strong>“mm,</strong></span> <span class='ocrx_word' id='word_1_786' title='bbox 1288 5595 1413 5677; x_wconf 54' lang='grc' dir='ltr'>ςταν</span> <span class='ocrx_word' id='word_1_787' title='bbox 1451 5594 1529 5669; x_wconf 82' lang='grc' dir='ltr'>μή</span> <span class='ocrx_word' id='word_1_788' title='bbox 1575 5591 1761 5677; x_wconf 58' lang='grc' dir='ltr'>καλῶς</span> <span class='ocrx_word' id='word_1_789' title='bbox 1811 5591 2028 5668; x_wconf 85' lang='grc' dir='ltr'>γίνηται</span> 
     </span>
    </p>
   </div>
   <div class='ocr_carea' id='block_1_107' title="bbox 378 5668 2029 5746">
    <p class='ocr_par' dir='ltr' id='par_1_107' title="bbox 378 5668 2029 5746">
     <span class='ocr_line' id='line_1_107' title="bbox 378 5668 2029 5746; baseline -0.004 -16"><span class='ocrx_word' id='word_1_790' title='bbox 378 5668 632 5746; x_wconf 78' lang='lat' dir='ltr'><strong>i&gt;arique</strong></span> <span class='ocrx_word' id='word_1_791' title='bbox 662 5672 839 5729; x_wconf 90' lang='lat' dir='ltr'><strong>modo</strong></span> <span class='ocrx_word' id='word_1_792' title='bbox 865 5671 1119 5731; x_wconf 86' lang='lat' dir='ltr'><strong>Zonaras</strong></span> <span class='ocrx_word' id='word_1_793' title='bbox 1168 5671 1242 5730; x_wconf 88' lang='lat' dir='ltr'><strong>ad</strong></span> <span class='ocrx_word' id='word_1_794' title='bbox 1288 5668 1584 5728; x_wconf 81' lang='lat' dir='ltr'><strong>Canonem</strong></span> <span class='ocrx_word' id='word_1_795' title='bbox 1630 5668 2029 5738; x_wconf 87' lang='lat' dir='ltr'><strong>Gangrensem</strong></span> 
     </span>
    </p>
   </div>
   <div class='ocr_carea' id='block_1_108' title="bbox 2137 5164 3777 5244">
    <p class='ocr_par' dir='ltr' id='par_1_108' title="bbox 2137 5164 3777 5244">
     <span class='ocr_line' id='line_1_108' title="bbox 2137 5164 3777 5244; baseline 0.004 -23"><span class='ocrx_word' id='word_1_796' title='bbox 2137 5168 2223 5244; x_wconf 64' lang='lat' dir='ltr'><strong>t4,</strong></span> <span class='ocrx_word' id='word_1_797' title='bbox 2256 5170 2313 5221; x_wconf 90' lang='lat' dir='ltr'><strong>et</strong></span> <span class='ocrx_word' id='word_1_798' title='bbox 2344 5165 2649 5244; x_wconf 71' lang='lat' dir='ltr'><strong>Balsamon</strong></span> <span class='ocrx_word' id='word_1_799' title='bbox 2680 5164 2735 5219; x_wconf 93' lang='lat' dir='ltr'><strong>in</strong></span> <span class='ocrx_word' id='word_1_800' title='bbox 2772 5164 3086 5244; x_wconf 56' lang='lat' dir='ltr'><strong>Regponsis</strong></span> <span class='ocrx_word' id='word_1_801' title='bbox 3119 5170 3189 5244; x_wconf 82' lang='lat' dir='ltr'><strong>ad</strong></span> <span class='ocrx_word' id='word_1_802' title='bbox 3223 5170 3397 5226; x_wconf 90' lang='lat' dir='ltr'><strong>Marci</strong></span> <span class='ocrx_word' id='word_1_803' title='bbox 3449 5172 3777 5244; x_wconf 88' lang='lat' dir='ltr'><strong>interroga-</strong></span> 
     </span>
    </p>
   </div>
   <div class='ocr_carea' id='block_1_109' title="bbox 2133 5236 3777 5309">
    <p class='ocr_par' dir='ltr' id='par_1_109' title="bbox 2133 5236 3777 5309">
     <span class='ocr_line' id='line_1_109' title="bbox 2133 5236 3777 5309; baseline 0.004 -16"><span class='ocrx_word' id='word_1_804' title='bbox 2133 5239 2322 5294; x_wconf 91' lang='lat' dir='ltr'><strong>tiones</strong></span> <span class='ocrx_word' id='word_1_805' title='bbox 2348 5254 2474 5309; x_wconf 90' lang='lat' dir='ltr'><strong>cap.</strong></span> <span class='ocrx_word' id='word_1_806' title='bbox 2503 5237 2557 5301; x_wconf 88' lang='grc'>6,</span> <span class='ocrx_word' id='word_1_807' title='bbox 2582 5252 2802 5291; x_wconf 88' lang='lat' dir='ltr'><strong>necnon</strong></span> <span class='ocrx_word' id='word_1_808' title='bbox 2822 5236 3109 5309; x_wconf 81' lang='lat' dir='ltr'><strong>Origenes</strong></span> <span class='ocrx_word' id='word_1_809' title='bbox 3140 5242 3199 5296; x_wconf 94' lang='lat' dir='ltr'><strong>in</strong></span> <span class='ocrx_word' id='word_1_810' title='bbox 3231 5247 3443 5298; x_wconf 86' lang='lat' dir='ltr'><strong>Catena</strong></span> <span class='ocrx_word' id='word_1_811' title='bbox 3476 5244 3640 5299; x_wconf 66' lang='lat' dir='ltr'><strong>Luca:</strong></span> <span class='ocrx_word' id='word_1_812' title='bbox 3666 5236 3777 5300; x_wconf 69' lang='lat' dir='ltr'><strong>ins.</strong></span> 
     </span>
    </p>
   </div>
   <div class='ocr_carea' id='block_1_110' title="bbox 2135 5308 3782 5372">
    <p class='ocr_par' dir='ltr' id='par_1_110' title="bbox 2135 5308 3782 5372">
     <span class='ocr_line' id='line_1_110' title="bbox 2135 5308 3782 5372; baseline 0.005 -8"><span class='ocrx_word' id='word_1_813' title='bbox 2135 5311 2205 5365; x_wconf 89' lang='lat' dir='ltr'><strong>ad</strong></span> <span class='ocrx_word' id='word_1_814' title='bbox 2240 5325 2365 5372; x_wconf 89' lang='lat' dir='ltr'><strong>cap,</strong></span> <span class='ocrx_word' id='word_1_815' title='bbox 2399 5308 2438 5363; x_wconf 76' lang='grc' dir='ltr'><strong>ι.</strong></span> <span class='ocrx_word' id='word_1_816' title='bbox 2470 5324 2619 5362; x_wconf 85' lang='lat' dir='ltr'><strong>vers.</strong></span> <span class='ocrx_word' id='word_1_817' title='bbox 2646 5309 2701 5371; x_wconf 87' lang='lat'><strong>5,</strong></span> <span class='ocrx_word' id='word_1_818' title='bbox 2736 5308 2835 5361; x_wconf 91' lang='lat' dir='ltr'><strong>ubi</strong></span> <span class='ocrx_word' id='word_1_819' title='bbox 2861 5308 3055 5366; x_wconf 87' lang='lat' dir='ltr'><strong>tamen</strong></span> <span class='ocrx_word' id='word_1_820' title='bbox 3086 5313 3141 5367; x_wconf 93' lang='lat' dir='ltr'><strong>in</strong></span> <span class='ocrx_word' id='word_1_821' title='bbox 3167 5314 3320 5370; x_wconf 90' lang='lat' dir='ltr'><strong>edita</strong></span> <span class='ocrx_word' id='word_1_822' title='bbox 3338 5315 3656 5371; x_wconf 90' lang='lat' dir='ltr'><strong>aCorderio</strong></span> <span class='ocrx_word' id='word_1_823' title='bbox 3678 5331 3782 5372; x_wconf 88' lang='lat' dir='ltr'><strong>no-</strong></span> 
     </span>
    </p>
   </div>
   <div class='ocr_carea' id='block_1_111' title="bbox 2136 5378 3782 5459">
    <p class='ocr_par' dir='ltr' id='par_1_111' title="bbox 2136 5378 3782 5459">
     <span class='ocr_line' id='line_1_111' title="bbox 2136 5378 3782 5459; baseline 0.004 -23"><span class='ocrx_word' id='word_1_824' title='bbox 2136 5398 2269 5436; x_wconf 90' lang='lat' dir='ltr'><strong>men</strong></span> <span class='ocrx_word' id='word_1_825' title='bbox 2302 5378 2955 5459; x_wconf 40' lang='lat' dir='ltr'><strong>Simeonisappo‘nitur,</strong></span> <span class='ocrx_word' id='word_1_826' title='bbox 2988 5385 3181 5439; x_wconf 91' lang='lat' dir='ltr'><strong>nescio</strong></span> <span class='ocrx_word' id='word_1_827' title='bbox 3212 5402 3284 5441; x_wconf 92' lang='lat' dir='ltr'><strong>an</strong></span> <span class='ocrx_word' id='word_1_828' title='bbox 3319 5389 3390 5442; x_wconf 92' lang='lat' dir='ltr'><strong>ob</strong></span> <span class='ocrx_word' id='word_1_829' title='bbox 3422 5387 3500 5456; x_wconf 81' lang='grc' dir='ltr'><strong>Σή</strong></span> <span class='ocrx_word' id='word_1_830' title='bbox 3528 5388 3681 5459; x_wconf 89' lang='lat' dir='ltr'><strong>quod</strong></span> <span class='ocrx_word' id='word_1_831' title='bbox 3708 5386 3782 5442; x_wconf 89' lang='lat' dir='ltr'><strong>ad</strong></span> 
     </span>
    </p>
   </div>
   <div class='ocr_carea' id='block_1_112' title="bbox 2135 5448 3782 5581">
    <p class='ocr_par' dir='ltr' id='par_1_112' title="bbox 2135 5448 3782 5581">
     <span class='ocr_line' id='line_1_112' title="bbox 2135 5448 3782 5581; baseline 0.004 -75"><span class='ocrx_word' id='word_1_832' title='bbox 2135 5451 2459 5581; x_wconf 54' lang='lat' dir='ltr'><strong>Enarginem</strong></span> <span class='ocrx_word' id='word_1_833' title='bbox 2497 5448 2715 5505; x_wconf 84' lang='lat' dir='ltr'><strong>codicis</strong></span> <span class='ocrx_word' id='word_1_834' title='bbox 2746 5450 2906 5523; x_wconf 84' lang='lat' dir='ltr'><strong>Regii</strong></span> <span class='ocrx_word' id='word_1_835' title='bbox 2938 5460 3195 5527; x_wconf 88' lang='lat' dir='ltr'><strong>apparet,</strong></span> <span class='ocrx_word' id='word_1_836' title='bbox 3229 5462 3434 5530; x_wconf 88' lang='lat' dir='ltr'><strong>estque</strong></span> <span class='ocrx_word' id='word_1_837' title='bbox 3474 5448 3782 5532; x_wconf 61' lang='grc' dir='ltr'>σημείωσαι</span> 
     </span>
     <span class='ocr_line' id='line_1_113' title="bbox 2179 5539 2267 5579; baseline -0.023 0"><span class='ocrx_word' id='word_1_838' title='bbox 2179 5539 2267 5579; x_wconf 90' lang='lat' dir='ltr'><strong>os.</strong></span> 
     </span>
    </p>
   </div>
   <div class='ocr_carea' id='block_1_113' title="bbox 2179 5539 2267 5579">
    <p class='ocr_par' dir='ltr' id='par_1_113' title="bbox 2179 5539 2267 5579">
     <span class='ocr_line' id='line_1_114' title="bbox 2179 5539 2267 5579; baseline -0.023 0"><span class='ocrx_word' id='word_1_839' title='bbox 2179 5539 2267 5579; x_wconf 81' lang='grc' dir='ltr'><strong>ΟΒ.</strong></span> 
     </span>
    </p>
   </div>
   <div class='ocr_carea' id='block_1_114' title="bbox 2136 5592 3785 5722">
    <p class='ocr_par' dir='ltr' id='par_1_114' title="bbox 2136 5592 3785 5722">
     <span class='ocr_line' id='line_1_115' title="bbox 2136 5592 3785 5722; baseline 0.006 -74"><span class='ocrx_word' id='word_1_840' title='bbox 2136 5664 2179 5722; x_wconf 73' lang='lat' dir='ltr'><strong>G</strong></span> <span class='ocrx_word' id='word_1_841' title='bbox 2208 5595 2284 5667; x_wconf 85' lang='lat'>(6)</span> <span class='ocrx_word' id='word_1_842' title='bbox 2330 5594 2710 5667; x_wconf 79' lang='grc' dir='ltr'>’Δναγεννᾶσαι</span> <span class='ocrx_word' id='word_1_843' title='bbox 2746 5634 2759 5649; x_wconf 91' lang='grc'><strong>.</strong></span> <span class='ocrx_word' id='word_1_844' title='bbox 2819 5592 2968 5666; x_wconf 87' lang='lat' dir='ltr'><strong>Lege</strong></span> <span class='ocrx_word' id='word_1_845' title='bbox 3024 5595 3278 5674; x_wconf 80' lang='grc' dir='ltr'>ἀναγέννᾳ</span> <span class='ocrx_word' id='word_1_846' title='bbox 3332 5600 3393 5657; x_wconf 89' lang='lat' dir='ltr'><strong>in</strong></span> <span class='ocrx_word' id='word_1_847' title='bbox 3446 5600 3785 5659; x_wconf 84' lang='lat' dir='ltr'><strong>Indicativo.</strong></span> 
     </span>
     <span class='ocr_line' id='line_1_116' title="bbox 2183 5682 2307 5722; baseline 0 0"><span class='ocrx_word' id='word_1_848' title='bbox 2183 5682 2307 5722; x_wconf 75' lang='lat' dir='ltr'><strong>LER.</strong></span> 
     </span>
    </p>
   </div>
   <div class='ocr_carea' id='block_1_115' title="bbox 2183 5682 2307 5722">
    <p class='ocr_par' dir='ltr' id='par_1_115' title="bbox 2183 5682 2307 5722">
     <span class='ocr_line' id='line_1_117' title="bbox 2183 5682 2307 5722; baseline 0 0"><span class='ocrx_word' id='word_1_849' title='bbox 2183 5682 2307 5722; x_wconf 74' lang='lat' dir='ltr'><strong>LER.</strong></span> 
     </span>
    </p>
   </div>
  </div>
