4140 6344
476 382 598 441 487

1297 379 1362 439 S.
1410 375 1855 439 CLEMENTIS
1900 377 1924 438 Ι
1972 375 2163 438 ROM.
2206 376 2438 440 PONT.
2486 376 2749 440 OPERA
2793 379 3059 441 DUBIA.

3763 385 3882 446 488

481 515 671 585 potest
700 512 1083 584 exstinguere.
1119 512 1317 583 Neque
1351 511 1549 579 differ;
1598 510 1873 582 quoniam
1924 508 2099 565 dilatie

2240 507 2419 583 ὁρμὴν
2475 504 2658 565 σϐέσαι
2717 506 2956 567 δύναται.
3018 510 3114 565 Καὶ
3178 512 3251 583 μὴ
3313 507 3644 568 ἀναϐάλλου·
3705 513 3786 569 ὅτι
3844 519 3881 587 ἡ

479 601 627 657 solet
653 602 856 657 afferre
887 601 1233 673 periculum,
1277 607 1583 672 propterea
1633 600 1789 671 quod
1837 600 2127 655 incertum

479 691 555 747 sit
588 691 976 762 praestitutum
1010 689 1182 745 morti
1203 693 1418 745 nostra;
1445 694 1696 760 tempus.

548 779 688 835 XIX.
713 780 758 814 ‘9
780 780 1095 851 Postquam
1118 778 1238 833 haec
1264 778 1527 849 dixisset,
1547 777 2122 849 Equidem,inquam,

478 868 651 924 modo
684 869 906 941 gratias
938 884 1045 939 ago
1070 868 1188 923 Deo
1210 868 1387 934 Patri,
1423 875 1476 922 et
1522 866 1815 938 unigenito
1855 867 1983 937 ejus
2033 865 2123 919 Fi-

476 956 573 1025 lio,
609 961 666 1012 et
694 961 895 1013 sancto
924 957 1188 1028 ejusdem
1214 955 1476 1028 Spiritui,
1511 955 1649 1028 quia
1679 960 1742 1011 ut
1772 959 1967 1010 certus
1998 955 2123 1012 ﬁeri

452 1045 631 1115 volui,
666 1045 749 1101 ita
777 1050 834 1101 et
863 1045 1010 1100 mihi
1040 1045 1267 1100 tribuit.
1303 1044 1589 1100 Caeterum
1624 1045 1693 1100 de
1724 1060 1816 1099 me
1847 1042 2121 1115 deinceps

456 1151 698 1190 securus
721 1142 863 1190 esto.
898 1134 1215 1204 Nunquam
1249 1133 1405 1188 enim
1442 1132 1722 1188 dubitabo
1753 1132 1824 1187 de
1854 1131 1972 1187 ullo
2017 1147 2116 1187 eo-

450 1238 584 1277 rum
638 1240 764 1294 quae
806 1241 839 1278 a
893 1227 950 1278 te
998 1221 1223 1293 prolata
1270 1226 1429 1277 sunt.
1478 1222 1681 1293 Igitur,
1740 1219 1987 1275 Domine
2036 1220 2116 1275 mi

451 1312 641 1376 Petre,
678 1329 748 1367 ne
779 1311 975 1366 animo
1027 1310 1196 1365 anxio
1232 1310 1333 1381 sis,
1367 1315 1653 1380 tanquam
1688 1326 1805 1364 non
1837 1309 2114 1364 sentienti

448 1401 684 1455 homini
720 1401 974 1455 maxima
1005 1401 1158 1455 bona
1188 1399 1517 1454 donaveris.
1552 1398 1681 1453 Scio
1739 1397 1955 1469 quippe
2005 1396 2114 1452 hoc

454 1490 571 1545 tale
604 1494 661 1545 et
690 1490 833 1545 adeo
867 1506 1144 1560 magnum
1178 1505 1325 1558 esse,
1360 1493 1424 1542 ut
1446 1486 1694 1559 quilibet
1714 1486 1859 1540 illud
1889 1490 1947 1541 et
1969 1486 2112 1541 cele-

465 1579 606 1634 riter
634 1579 771 1634 velit
800 1579 1079 1650 accipere.
1111 1578 1306 1635 Sentio
1337 1576 1495 1631 enim
1530 1575 1672 1630 mihi
1703 1574 1974 1630 velociter
2003 1574 2111 1629 da-

462 1672 588 1722 tum
622 1667 934 1722 charisma.
970 1666 1098 1721 Haec
1131 1669 1441 1737 postquam
1472 1663 1703 1720 locutus
1725 1680 1879 1734 sum,
1902 1667 2109 1719 Petrus

456 1756 639 1811 dixit:
673 1755 929 1811 Gratiam
971 1755 1156 1810 habeo
1198 1754 1333 1821 Deo,
1387 1758 1444 1809 et
1495 1770 1598 1825 pro
1646 1752 1829 1808 salate
1875 1754 1997 1817 tua,
2052 1755 2110 1807 et

449 1862 554 1917 pro
587 1845 892 1900 commodo
927 1860 1076 1899 meo.
1109 1844 1310 1914 Itaque
1333 1859 1436 1914 per
1457 1842 1639 1897 trium
1668 1840 1959 1896 mensium
1983 1839 2106 1895 dies

2137 1885 2184 1949 B

2241 592 2484 666 ἀναϐολὴ
2514 596 2759 653 κίνδυνον
2794 596 2907 653 οἶδε
2938 600 3137 677 φέρειν,
3172 597 3260 655 διὰ
3284 601 3344 655 τὸ
3376 599 3580 672 ἄδηλον
3615 603 3747 658 εἶναι
3785 610 3884 659 τοῦ

2236 685 2463 741 Θανάτου
2492 688 2591 756 τήν
2624 687 2978 764 προθεσμίαν.

2306 780 2445 831 ΧΙΧ.
2502 780 2675 831 Ταῦτα
2751 776 2950 831 ἐκείνου
3019 776 3284 846 εἰπόντος,
3344 779 3488 854 Ἐγὼ
3548 780 3665 852 μὲν,
3726 779 3883 859 ἔφην,

2232 859 2341 933 ἤδη
2376 862 2681 940 εὐχαριστῶ
2712 870 2791 937 τῷ
2822 864 2937 938 Θεῷ
2980 865 3069 920 καὶ
3110 864 3299 940 Πατρῖ,
3323 868 3413 921 καὶ
3470 873 3549 940 τῷ
3601 875 3884 945 μονογενεῖ

2232 950 2396 1005 αὐτοῦ
2448 954 2576 1025 Υἱῷ,
2608 954 2698 1008 καὶ
2746 958 2823 1027 τῷ
2875 952 3144 1027 Πνεύματι
3177 953 3340 1009 αὐτοῦ
3372 960 3449 1028 τῷ
3483 956 3637 1032 ἁγίῳ,
3671 958 3753 1012 δτι
3800 959 3881 1023 ὡς

2231 1035 2544 1114 ἐϐουλόμην
2576 1039 3093 1122 πληροφορηθῆναι,
3128 1042 3270 1098 οὕτω
3324 1065 3415 1117 μοι
3465 1045 3554 1099 καὶ
3614 1046 3876 1123 παρέσχε.

2230 1125 2384 1197 Πλὴν
2411 1128 2535 1207 περὶ
2567 1129 2703 1203 ἐμοῦ
2747 1132 2810 1186 τὸ
2861 1130 3053 1187 λοιπὸν
3096 1132 3349 1208 ἄφροντις
3398 1131 3506 1190 ἔσο,
3557 1132 3691 1191 Ούδέ
3743 1158 3878 1192 ποτε

2227 1216 2329 1291 γὰρ
2388 1215 2623 1274 ἐνδυάσω
2670 1223 2714 1257 ⁵³
2742 1221 2879 1296 πρός
2938 1240 2990 1275 τι
3046 1224 3154 1275 τῶν
3216 1220 3319 1276 ὑπὸ
3376 1227 3471 1277 σοῦ
3498 1219 3874 1294 λαληθέντων·

2226 1302 2568 1384 ὥστε,κύριέ
2626 1330 2729 1381 μου
2784 1310 2968 1385 Πέτρε,
3025 1311 3100 1383 μὴ
3160 1309 3374 1383 ἀθύμει,
3433 1312 3507 1374 ὡς
3564 1312 3876 1388 ἀναισθήτῳ

2227 1395 2455 1469 μέγιστα
2511 1394 2853 1471 δωρούμενος
2910 1399 3099 1473 ἀγαθά.
3152 1397 3289 1456 Οἶδα
3343 1402 3447 1475 γὰρ
3504 1400 3586 1455 ὅτι
3629 1404 3877 1459 τοιοῦτόν

2224 1480 2333 1536 ἐστι
2391 1483 2479 1537 καὶ
2538 1483 2681 1539 οὕτω
2742 1484 3020 1559 μέγιστον,
3072 1486 3185 1540 οἷον
3248 1483 3306 1540 ἄν
3362 1508 3446 1548 τις
3514 1489 3604 1541 xui
3658 1489 3873 1565 ταχέως

2224 1566 2411 1625 λαϐεῖν
2465 1571 2746 1647 βούλοιτο,
2796 1572 3131 1646 Δῗσθάνομαι
3180 1575 3284 1651 γὰρ
3331 1580 3428 1630 τοῦ
3479 1573 3725 1639 δοθέντος
3780 1599 3873 1651 μοι

2221 1654 2310 1712 8ιά
2334 1660 2540 1734 τάχους
2569 1661 2932 1738 χαρίσματος.
2964 1662 3140 1717 Ταῦτά
3175 1684 3278 1737 μου
3311 1662 3582 1738 εἰπόντος,
3606 1667 3633 1720 6
3668 1665 3873 1741 Πέτρος

2219 1744 2342 1822 ἔφη’
2375 1747 2540 1825 Χάριν
2574 1749 2835 1826 ὁμολογῶ
2862 1755 2942 1823 τῷ
2974 1756 3108 1824 Θεῷ,
3140 1751 3229 1806 καὶ
3269 1752 3393 1826 περὶ
3450 1761 3549 1823 τῆς
3609 1761 3706 1826 σῆς
3766 1777 3874 1810 σω-

2213 1836 2430 1910 τηρίας,
2464 1837 2554 1892 xui
2583 1839 2707 1913 περὶ
2736 1846 2838 1909 τῆς
2869 1839 3008 1912 ἐμῆς
3038 1838 3414 1904 ἀπολαύσεως.
3450 1842 3599 1912 Πλὴν
3642 1846 3867 1914 νηστευ-

440 1934 670 2005 jejuna,
703 1938 759 1988 et
790 1932 1151 2004 baptismum
1210 1930 1482 2002 accipies.
1535 1929 1730 2001 Incipe
1778 1945 1914 2001 ergo
1946 1945 1981 1983 a
2010 1928 2099 1984 die

2215 1945 2305 1979 σον
2368 1930 2534 2000 τριῶν
2597 1932 2783 2001 μηνῶν
2845 1928 3077 2004 ἡμέρας,
3134 1930 3225 1984 καὶ
3285 1926 3584 2004 Λαμϐάνεις
3650 1933 3712 1987 τὸ
3776 1935 3871 2008 βά-

451 2023 728 2077 crastina.
762 2022 880 2076 Erit
910 2025 1104 2076 autem
1136 2019 1283 2075 mihi
1309 2036 1439 2075 cras
1478 2034 1608 2074 cum
1657 2018 1889 2073 Simone
1935 2020 2100 2090 Mago

447 2112 790 2183 disputatio.
826 2111 1024 2182 Neque
1056 2109 1346 2180 ambigas,
1382 2107 1526 2163 mihi
1554 2108 1757 2162 adesse
1786 2106 1846 2160 in
1896 2106 2098 2161 adver-

450 2199 709 2254 santium
743 2198 1170 2253 controversiis.
1203 2196 1306 2252 His
1335 2196 1526 2263 dictis,
1560 2196 1683 2266 ipse
1704 2194 1880 2250 etiam
1901 2193 2097 2249 cibum

447 2288 725 2359 sumpsit,
761 2303 966 2358 meque
989 2286 1171 2357 jussit
1199 2284 1471 2357 privatim
1504 2301 1753 2339 sumere.
1787 2283 2097 2339 Benedicto

445 2381 643 2432 autem
677 2376 825 2446 cibo,
876 2376 1136 2447 actisque
1185 2374 1409 2447 gratiis,
1472 2374 1798 2444 subjunxit,
1854 2372 2092 2427 dicens:

444 2466 550 2521 Det
577 2465 681 2520 tibi
705 2465 880 2532 Deus,
908 2469 972 2519 ut
994 2464 1050 2517 in
1074 2463 1346 2519 omnibus
1370 2462 1513 2517 mihi
1538 2461 1749 2517 similis
1800 2459 2093 2529 efﬁciaris,

445 2559 625 2625 utque
654 2554 1006 2625 baptizatus,
1047 2552 1311 2623 ejusdem
1363 2567 1590 2606 mecum
1642 2549 1935 2621 particeps
1990 2550 2095 2604 tias

448 2659 683 2698 mensae.
708 2643 904 2714 quue
926 2641 1320 2712 pronuntiato,
1345 2639 1642 2711 quiescere
1666 2656 1756 2694 me
1784 2637 2090 2711 praecepit:

435 2732 563 2803 jam
591 2733 748 2788 enim
778 2735 835 2786 et
864 2734 1096 2802 tempus
1128 2730 1200 2785 ad
1231 2745 1505 2785 somnum
1536 2729 1796 2784 vocabat.

512 2909 627 2964 XX.
668 2909 712 2943 ⁵⁵
763 2906 1041 2980 Sequenti
1096 2923 1233 2980 ergo
1292 2906 1405 2975 die,
1459 2922 1564 2978 ego
1623 2905 1909 2974 Clemens,
1955 2920 2089 2960 cum

2210 2035 2438 2087 πτισμα.
2472 2018 2662 2092 ’Ἃρξαι
2687 2016 2869 2071 τοίνυν
2912 2018 3019 2073 ἀπὸ
3066 2025 3167 2088 τῆς
3199 2015 3408 2095 αὔριον.
3460 2024 3613 2077 ’Ἐστι
3669 2020 3726 2076 δέ
3768 2043 3863 2094 μοι

2208 2105 2243 2172 ἡ
2277 2100 2461 2179 αἷίριον
2495 2106 2630 2181 πρὸς
2675 2104 2901 2177 Σίμωνα
2952 2108 3043 2161 τὸν
3100 2107 3267 2183 μάγοέ
3317 2105 3573 2179 διάλεξις.
3626 2110 3727 2165 Καὶ
3780 2111 3857 2183 μὴ

2212 2189 2448 2267 ὀκλάσῃς
2505 2192 2753 2267 παρεῖναί
2814 2215 2906 2267 μοι
2965 2194 3015 2249 ἐν
3086 2201 3206 2257 ταῖς
3286 2201 3394 2250 τῶν
3472 2197 3854 2271 ἀντικειμένων

2209 2282 2484 2350 ζητήσεσι.
2519 2285 2692 2337 Ταῦτα
2744 2281 2933 2350 εἰπὼν,
2990 2280 3080 2338 xui
3130 2291 3340 2361 τροφῆς
3390 2283 3550 2347 αὐτὸς
3618 2285 3854 2359 μεταλα-

2206 2363 2338 2438 ϐὼν,
2382 2367 2494 2441 ἰδίᾳ
2529 2369 2670 2443 κάμέ
2718 2366 3039 2445 μεταλαϐεῖν
3093 2370 3386 2431 ἐκέλευσεν,
3420 2373 3744 2449 Εύλογήσας
3797 2373 3857 2430 δὲ

2207 2456 2293 2512 ἐπὶ
2342 2461 2441 2528 τῆς
2494 2462 2702 2537 τροφῆς
2748 2459 2839 2515 xui
2899 2460 3318 2537 εὐχαριστήσας,
3352 2462 3593 2539 ἐπήγαγε
3654 2460 3852 2539 λέγων’

2205 2547 2329 2619 Δῲη
2363 2569 2445 2603 σοι
2492 2549 2520 2603 ὁ
2551 2549 2682 2611 Θεὸς
2739 2550 2873 2605 κατά
2924 2551 3097 2605 πάντα
3153 2549 3553 2625 ἐξομοιωθῆναί
3616 2573 3732 2625 μοι,
3765 2552 3854 2608 καὶ

2206 2637 2546 2712 βαπτισθέντι
2582 2640 2629 2674 ⁸⁸
2654 2644 2753 2708 τῆς
2809 2638 2978 2708 αὐτῆς
3039 2660 3132 2712 μοι
3181 2646 3510 2709 κοινωνῆσαι
3556 2642 3853 2717 τραπέζης.

2202 2724 2385 2787 Οὕτως
2441 2726 2630 2798 εἰπὼν,
2688 2727 2983 2802 ἡσυχάζειν
3041 2748 3135 2800 μοι
3182 2729 3525 2802 προσέταξενο
3581 2726 3690 2800 ἤδη
3750 2729 3855 2807 γάρ

2199 2835 2304 2869 που
2332 2813 2422 2869 καί
2454 2816 2482 2869 6
2511 2817 2697 2891 καιρὸς
2727 2816 2863 2889 πρὸς
2895 2816 3059 2871 ὕπνον
3095 2816 3299 2873 ἐκάλει.

2272 2909 2385 2957 XX.
2417 2908 2493 2977 Τῇ
2551 2904 2644 2976 μὲν
2692 2902 2782 2959 οὖν
2836 2904 3061 2980 ἐπιούσῃ
3126 2904 3235 2980 ἐγὼ
3301 2904 3562 2979 Κλήμης,
3611 2905 3687 2962 ἔτι
3750 2907 3852 2977 τῆς

438 2998 627 3054 adhuc
661 3015 774 3054 nox
804 3002 980 3064 esset,
1013 3013 1044 3052 e
1075 3012 1282 3052 somno
1330 2995 1636 3062 excitatus,
1686 2994 1786 3049 ubi
1837 2993 2089 3049 intellexi

2215 2993 2383 3054 νυκτὸς
2442 2992 2703 3068 ἐχούσης,
2736 2991 3077 3066 διϋπνισθεὶς,
3109 2994 3198 3049 xui
3261 2996 3443 3068 μαθὼν
3488 2998 3578 3051 τὸν
3648 2996 3849 3072 Πέτρον

436 3092 673 3143 Petrum
702 3085 1036 3159 vigilare,et
1068 3101 1201 3140 cum
1233 3084 1306 3141 iis
1339 3084 1438 3156 qui
1469 3100 1584 3139 una
1614 3088 1781 3139 erant
1812 3084 1882 3138 de
1927 3081 2088 3138 cultu

2215 3080 2551 3157 ἐγρηγορότα,
2607 3081 2695 3136 καὶ
2741 3087 2857 3145 τοῖς
2921 3088 3132 3137 συνοῦσι
3189 3083 3311 3160 περὶ
3372 3078 3675 3148 θεοσεϐείας
3739 3083 3853 3141 δια-

437 3176 541 3234 Dei
599 3175 885 3231 disserere
935 3174 1122 3246 (erant
1179 3178 1375 3229 autem
1444 3189 1686 3228 numero
1754 3172 2085 3239 sexdecim;

2198 3169 2517 3244 λεγόμενον,
2573 3170 2625 3225 οἳ
2674 3172 2808 3240 ἦσαν
2858 3168 3140 3227 ἐκκαίδεκα
3193 3174 3284 3228 τὸν
3334 3172 3585 3248 ἀριθμὸν,
3640 3176 3712 3229 ὧν
3761 3175 3851 3229 xui

438 3281 692 3336 quorum
722 3264 843 3319 haec
900 3267 1041 3319 sunt
1098 3262 1373 3318 nomina:
1430 3261 1758 3327 Zacchaaus,
1808 3261 1909 3332 qui
1942 3261 2082 3316 olim

2215 3259 2260 3313 ῑά
2316 3257 2554 3332 ὀνόματά
2610 3258 2711 3314 εἷ’σι
2757 3264 2944 3329 ταῦτα,
2996 3266 3266 3337 Ζακχαῖος
3315 3260 3346 3317 6'
3392 3284 3524 3318 ποτε
3575 3263 3848 3335 τελώνης,

440 3353 812 3426 publicanus,
855 3357 911 3408 et
958 3352 1281 3424 Sophonias
1331 3352 1506 3407 frater
1551 3352 1718 3422 ejus;
1769 3349 2082 3421 Josephus,

2194 3347 2284 3401 xui
2317 3348 2597 3426 Σοφωνίας
2651 3351 2695 3386 ⁵⁸
2744 3350 2772 3404 ὁ
2820 3346 3054 3428 ἀδελφὸς
3104 3350 3288 3422 αὐτοῦ,
3324 3352 3589 3429 Ἰώσηφός
3619 3373 3677 3407 τε
3707 3353 3796 3407 xui
3820 3354 3848 3408 6

3258 3438 3277 3470 .ι

434 3442 711 3515 illiusque
769 3441 987 3497 sodalis
1045 3442 1353 3507 Micbaaas;
1414 3444 1691 3512 praeterea
1744 3439 2000 3494 Thomas
2032 3441 2089 3493 et

2215 3434 2389 3491 τούτου
2447 3437 2742 3514 σύντροφος
2800 3438 3065 3513 Μιχαίας,
3112 3438 3331 3514 προσέτι
3391 3437 3449 3494 δὲ
3500 3447 3698 3513 Θωμᾶς
3756 3442 3851 3495 καὶ

433 3531 726 3586 Eliezerus
755 3530 1011 3603 gemini;
1044 3530 1233 3585 Encas
1261 3530 1566 3596 sacerdos;
1603 3528 1853 3583 Lazarus
1894 3543 2086 3583 sacer-

435 3620 562 3687 dos,
597 3636 770 3691 quem
803 3637 837 3674 a
874 3619 1119 3674 mortuis
1150 3618 1416 3674 excitavit
1458 3618 1923 3689 quatriduanum
1986 3620 2090 3670 Do-

442 3709 636 3764 minus
672 3714 868 3763 noster
907 3707 1077 3764 Jesus
1109 3707 1411 3773 Christus;
1472 3706 1730 3770 Elisaeus,
1784 3706 2089 3776 Benjamin

444 3797 603 3853 ﬁlius
632 3796 889 3867 Saphrae,
920 3796 1124 3851 itidem
1158 3793 1408 3850 Rubilus
1436 3800 1494 3849 et
1541 3794 1846 3850 Zacharias
1898 3794 2090 3850 archi-

439 3887 598 3955 tecti,
633 3886 889 3942 Ananias
920 3888 976 3940 et
1012 3886 1253 3957 Aggeas
1272 3883 1543 3938 Ammeni
1569 3908 1583 3950 ;
1613 3900 1836 3939 necnon
1861 3882 2093 3939 Nicetas

439 3981 497 4032 et
530 3974 742 4047 Aquila
771 3974 973 4043 socii):
1034 3989 1139 4045 ego
1195 3989 1426 4044 quoque
1481 3971 1781 4042 ingressus
1830 3988 1986 4037 sum,
2036 3975 2094 4026 et

435 4069 750 4136 postquam
781 4062 1157 4133 salutassem,
1183 4062 1431 4131 jubente
1459 4077 1525 4116 eo
1559 4060 1813 4117 consedi.

508 4240 648 4297 XXI.
683 4240 783 4295 Ille
814 4247 1008 4297 autem
1041 4240 1376 4295 institutum
1408 4254 1735 4294 sermonem
1765 4237 2085 4295 interrum-

435 4346 601 4402 pens,
636 4334 692 4385 et
721 4328 887 4401 quasi
918 4346 980 4384 se
1012 4344 1289 4400 purgans,
1349 4326 1636 4383 rationem
1676 4327 1935 4382 reddibit
1987 4346 2095 4385 cur

438 4436 555 4473 non
579 4418 1061 4490 expergefecisset
1084 4434 1196 4487 me,
1221 4433 1335 4488 quo
1363 4417 1670 4471 verborum
1693 4416 1879 4487 ipsius
1901 4434 2090 4474 essem

438 4507 706 4563 auditor:
741 4507 911 4577 cujus
938 4506 1018 4561 rei
1050 4522 1311 4575 causam,
1346 4503 1731 4576 navigationis
1765 4504 2092 4561 molestiam

2200 3522 2507 3599 Ἐλιέζερος
2565 3526 2618 3580 oi
2677 3522 2937 3599 δίδυμοι,
2996 3530 3085 3582 καί
3146 3529 3327 3591 Ἐνέας
3386 3529 3413 3582 6
3470 3529 3644 3605 ἱερεὺς
3682 3572 3696 3595 ,
3759 3528 3849 3584 xui

2199 3612 2444 3690 Λάζαρος
2495 3635 2523 3668 o
2555 3614 2750 3690 ἱερεὺς,
2778 3616 2836 3670 ’ὀν
2886 3614 3167 3687 ἀνέστησεν
3216 3616 3275 3671 ἐκ
3317 3622 3515 3692 νεκρῶν
3547 3620 3853 3693 τετραημε-

2203 3723 2294 3779 ρον
2329 3704 2357 3757 ὁ
2391 3701 2584 3778 Κύριος
2617 3706 2777 3776 ἡμῶν
2831 3705 3040 3775 Ἰησοῦς
3094 3706 3346 3780 Χριστὸς,
3392 3706 3481 3760 καὶ
3520 3705 3854 3777 Ἐλισσαῖος,

2199 3792 2454 3864 Βενιαμὶν
2515 3793 2543 3846 6
2598 3796 2696 3847 τοῦ
2756 3798 2983 3871 Σαφρᾶ,
3042 3793 3254 3866 ὁμοίως
3310 3815 3370 3871 γε
3424 3790 3702 3858 Ῥεύϐιλος
3760 3797 3851 3851 καὶ

2200 3879 2472 3955 Ζαχαρίας
2503 3880 2554 3934 oi
2587 3878 2893 3955 οἰκοδόμοι,
2927 3882 3169 3946 Ἀνανίας
3200 3886 3243 3920 ⁸⁷
3271 3904 3329 3938 τε
3374 3884 3465 3938 καὶ
3516 3884 3775 3960 ’Δγγαίας
3808 3887 3851 3923 ⁵⁸

2202 3969 2253 4023 oi
2284 3968 2534 4042 ἀμμηνοί
2580 3971 2643 4006 5"
2693 3967 2769 4024 ἔτι
2802 3991 2861 4025 τε
2910 3973 3152 4042 Νικήτης
3190 3971 3279 4026 καὶ
3328 3970 3562 4035 Ἀκύλας
3611 3974 3663 4028 oi
3704 3974 3849 4029 ἑταῖ-

2203 4075 2308 4132 ροι·
2361 4055 2611 4125 εἰσῆλθον
2657 4057 2832 4133 κάγὼ·
2895 4058 2984 4113 καὶ
3034 4059 3472 4137 προσαγορεύσας
3517 4061 3847 4133 ἐκαθέσθῆν,

2202 4144 2408 4200 ἐκείνου
2437 4142 2789 4209 κελεύσαντος
2805 4190 2815 4205 .

2272 4239 2410 4291 XXI.
2441 4239 2495 4289 Ὁ
2526 4232 2584 4290 δὲ
2624 4235 2717 4290 τὸν
2758 4236 3113 4311 προκείμενον
3151 4236 3383 4312 ἐκκόψας
3429 4241 3474 4276 ⁶⁰
3526 4233 3716 4314 λόγον,
3750 4237 3853 4293 ὥσ-

2202 4344 2301 4400 περ
2352 4322 2801 4399 ἀπολογούμενος
2835 4370 2849 4396 ,
2902 4323 3270 4404 ἐπληροφόρει
3317 4326 3464 4389 τίνος
3520 4324 3692 4382 ἕνεκεν
3753 4327 3853 4382 οὐκ

2201 4411 2467 4491 ἀφύπνισέ
2525 4434 2630 4485 με,
2694 4412 2842 4475 ὅπως
2901 4412 3171 4488 ἀκροατὴς
3226 4420 3332 4470 τῶν
3389 4415 3553 4470 αὐτοῦ
3606 4416 3850 4491 γένωμαι

2204 4500 2407 4576 λόγων’
2459 4501 2547 4555 καὶ
2596 4500 2791 4556 τούτου
2837 4500 3008 4556 αἰτίαν
3059 4504 3148 4557 τὸν
3200 4502 3262 4558 ἐκ
3306 4509 3403 4559 τοῦ
3434 4505 3577 4559 πλοῦ
3604 4503 3847 4578 σκυλμὸν

431 4595 803 4668 assignabat:
840 4595 996 4650 illam
1029 4594 1182 4650 enim
1217 4593 1502 4665 concoqui
1531 4592 1750 4660 volens,
1775 4609 1869 4648 me
1893 4595 2088 4665 quies-

2215 4589 2437 4644 ἐποιεῖτο
2472 4607 2485 4621 ⁸
2537 4588 2738 4644 ἐκεῖνον
2786 4590 2890 4681 γάρ
2939 4598 3208 4669 πεφθῆναι
3257 4592 3431 4656 θέλων
3478 4596 3552 4661 ⁶¹,
3605 4594 3671 4667 μὶ
3718 4597 3853 4663 ἠσυ-

429 4702 558 4741 cere
612 4684 894 4757 permisit.
954 4682 1252 4755 Siquidem
1312 4682 1545 4755 quando
1609 4680 1829 4751 anima,
1868 4681 2085 4753 inquit,

424 4774 585 4841 circa
614 4775 669 4829 id
706 4774 859 4845 quod
894 4772 1119 4843 corpori
1151 4772 1312 4826 deest
1357 4774 1695 4841 occupatur,
1745 4767 1835 4825 vel
1889 4770 2087 4843 aliqua

428 4860 760 4915 calamitate
786 4860 1090 4931 premitur,
1117 4876 1231 4914 non
1256 4856 1587 4913 multacum
1611 4856 1917 4928 diligentia
1939 4858 2088 4915 solet

432 4951 730 5006 attendere
761 4950 833 5005 iis
867 4967 991 5022 qua
1024 4948 1319 5004 dicuntur.
1374 4952 1440 5002 Et
1496 4951 1738 5019 propter
1786 4946 1893 5002 hoc
1952 4948 2083 5005 nolo

2195 4677 2382 4754 χάζειν
2437 4678 2658 4757 ἀφῆκεν.
2711 4674 2893 4736 Ὁπέτ’
2950 4679 3008 4734 ἂν
3064 4681 3165 4756 γὰρ
3224 4684 3302 4755 (7)
3357 4684 3392 4752 ἡ
3452 4682 3632 4757 ψυχὴ,
3684 4682 3846 4760 φησὶ,

2194 4767 2319 4844 περὶ
2348 4768 2410 4822 τὸ
2441 4766 2628 4822 λεῖπον
2661 4767 2967 4843 ἀσχολῆται
3009 4770 3087 4840 τῷ
3136 4771 3371 4842 σώματι,
3405 4767 3511 4825 εἶίτε
3558 4771 3664 4825 τινῖ
3714 4792 3849 4844 συμ-

2195 4862 2336 4937 φορᾷ
2386 4856 2688 4932 συνέχεται,
2733 4856 2795 4912 ού
2858 4859 2992 4931 μετά
3042 4857 3262 4928 πολλῆς
3341 4856 3495 4914 εἷ’ωθε
3551 4859 3842 4934 προσέχειν

2195 4941 2472 5023 ἀκριϐείας
2529 4951 2646 5009 τοῖς
2717 4944 3059 5023 λεγομένοις.
3115 4947 3318 5002 Τούτου
3379 4944 3436 5002 δὲ
3490 4944 3663 5004 ἕνεκεν
3726 4946 3853 5003 οὐδὲ

1785 5091 2034 5147 VARUE
2073 5090 2488 5148 LECTIONES.

503 5209 547 5243 δ’
577 5208 839 5282 Clement.
889 5208 1046 5263 hom.
1097 5224 1136 5282 ξ,
1181 5223 1250 5282 c._
1280 5206 1370 5273 21,
1412 5209 1529 5282 etc.
1570 5208 1797 5282 Περσαῖε.
1850 5206 1890 5261 1.
1927 5225 1965 5274 ι,
1999 5224 2051 5282 c.
2091 5209 2181 5282 18,
2205 5212 2314 5282 etc.
2353 5204 2502 5282 l“al.
2534 5200 2836 5282 Δἐνδοιιιίσωἶ
2885 5207 2952 5282 5f,
2977 5207 3051 5263 al.
3101 5205 3475 5282 pamwﬂév_‘ta.
3513 5208 3556 5242 ⁵⁵
3587 5207 3855 5282 clament,

430 5279 638 5355 homil.
680 5298 743 5350 ιι,
778 5282 1053 5355 σίλλοις).
1089 5281 1207 5335 Rec.
1237 5276 1273 5355 1_.
1304 5295 1364 5355 II.
1397 5294 1473 5355 _c.
1510 5278 1559 5343 1,
1581 5274 1784 5355 Δθὶοξδδ
1816 5276 2106 5355 Σοφονία-ς.
2139 5280 2183 5355 f7
2207 5279 2363 5355 Lege
2394 5274 2631 5355 Aivgluc,
2664 5282 2730 5332 ut
2769 5279 2841 5355 ad
2893 5274 3235 5355 Qlemeritigza
3279 5279 3553 5335 diximus.
3605 5280 3777 5334 Cum.
3814 5279 3858 5313 ⁵⁸

427 5351 503 5409 al.
539 5346 790 5429 ’Λγγαῖος
815 5353 859 5388 ⁵9
888 5346 964 5408 al.
996 5347 1267 5423 ίαμμηνοί
1299 5353 1356 5405 et
1387 5346 1592 5420 ἀμηνοί
1622 5354 1679 5405 et
1708 5346 1991 5422 ῗαμμινοί.
2026 5352 2072 5386 ⁶⁰
2102 5350 2179 5408 al.
2204 5346 2461 5425 ἐγκύψας.
2492 5350 2537 5386 ⁶¹
2570 5348 2647 5407 al.
2674 5348 2938 5425 πεφθῆναι
2973 5370 3068 5423 μοι
3099 5348 3295 5415 θέλων.

1812 5492 2197 5550 VARIORUM
2235 5490 2466 5548 NOTIE.

502 5618 579 5691 (7)
608 5614 832 5673 Ὀπόταν
862 5616 983 5695 γάρ.
1016 5619 1359 5689 Excerptam
1390 5616 1745 5676 sententiam
1775 5615 1951 5688 hanc,
1982 5620 2049 5675 ut
2079 5614 2403 5692 Κλήμεντος
2428 5610 2580 5669 πάπα
2609 5613 2850 5690 Ῥώμης,
2882 5618 3073 5693 legere
3101 5622 3195 5679 est
3221 5618 3280 5676 in
3312 5634 3426 5676 ms.
3470 5616 3648 5690 Regio
3681 5616 3843 5672 1500.

429 5690 596 5748 CLsa.
