4148 6342
264 392 389 455 489

1033 392 1562 458 CLEMENTINA.
1596 430 1671 439 —
1706 395 2046 456 EPITOME
2094 396 2193 455 DE
2239 398 2508 457 GES'I‘IS
2554 400 2615 459 S.
2672 398 2921 461 PETRI.

3546 411 3665 470 490

270 526 549 601 βούλομαι
610 523 948 601 διαλέγεσθαι
1007 533 1120 589 τοῖς
1165 527 1198 595 ἢ
1233 525 1378 601 λύπῃ
1432 527 1841 602 κατεχομένοις,
1875 529 1891 577 οἱ

2025 528 2403 584 sermocinari
2435 546 2566 585 cum
2592 531 2661 585 iis
2684 532 2781 603 qui
2819 537 2919 588 aut
2948 534 3291 607 aegritudine
3311 537 3663 611 detinentur,

263 615 521 690 ἀμέτρως
594 616 995 691 ὀργιζομένοις,
1033 618 1067 685 ἢ
1126 618 1188 671 τὸ
1239 621 1397 688 σῶμα
1461 616 1844 686 πεπονηκόσιν,

268 705 554 780 βιωτικαῖς
601 706 901 782 φροντίσιν,
930 704 965 773 ἢ
1019 704 1186 781 ἑτέρῳ
1233 707 1387 760 πάθει
1438 706 1540 759 τινὶ
1592 702 1912 780 διενοχὶου-

273 791 480 865 μένοις.

337 883 503 940 XXII.
530 882 627 937 Καὶ
672 884 748 956 μὴ
783 882 988 958 λεγὲτω
1036 904 1140 954 τις,
1167 882 1248 938 ὅτι
1282 883 1343 938 οὗ
1399 886 1510 960 χρὴ
1566 882 1909 959 παραμυθίας

259 971 354 1027 καὶ
384 972 659 1035 νουθεσίας
692 972 887 1049 λόγους
920 974 1209 1048 προσάγειν
1240 978 1357 1034 τοῖς
1398 971 1601 1051 φαῦλόν
1646 994 1699 1026 τι
1746 974 1909 1049 πράτ-

260 1081 438 1114 τουσι.
473 1060 630 1133 Φημὶ
686 1061 813 1135 γὰρ,
846 1060 920 1122 ὡς
973 1060 1017 1114 εἰ
1073 1060 1167 1132 μὲν
1220 1059 1363 1114 ἀνύει
1414 1080 1520 1132 τις,
1570 1060 1907 1136 προφερὲτω’

262 1148 313 1204 εἴ
343 1147 402 1204 δὲ
435 1150 537 1222 μή,
566 1153 646 1221 τῷ
673 1154 847 1225 καιρῷ
882 1148 1022 1212 τέως
1078 1148 1497 1225 παραχωρείτω.
1555 1148 1749 1224 Καὶρὸς
1780 1148 1905 1223 γὰρ,

258 1240 336 1301 ὡς
368 1238 695 1311 Σολομῶντι
726 1236 893 1307 δοκεῖ,
925 1239 1081 1293 παντὶ
1125 1238 1426 1314 πράγματι.
1460 1239 1553 1293 Διὸ
1612 1240 1724 1314 χρὴ
1782 1238 1906 1300 τοὺς

254 1330 357 1397 τὴν
412 1330 596 1404 ψυχὴν
659 1327 961 1404 ῥωννύντας
1024 1326 1244 1403 λόγους,
1302 1327 1407 1403 πρὸ
1461 1330 1559 1395 τῆς
1616 1329 1904 1390 κακώσεως

250 1421 371 1478 τοῖς
403 1418 712 1493 ἀνθρώποις
746 1417 981 1491 ἐπάγειν·
1001 1414 1093 1471 ἵνα
1123 1414 1176 1471 εἷ’
1198 1417 1330 1471 ποτὲ
1352 1438 1404 1470 τι
1433 1419 1479 1454 ⁸⁸
1507 1416 1711 1493 φαῦλον
1746 1415 1903 1471 ἐπελ-

255 1505 841 1581 θοι,προωπλισμένος
875 1506 904 1560 6
932 1509 1078 1573 νοῦς,
1097 1504 1243 1580 ὀρθῷ
1261 1509 1339 1577 τῷ
1360 1504 1617 1580 λογισμῷ
1647 1502 1896 1575 δυνηθείη

248 1592 315 1647 τὸ
369 1593 653 1670 ὲπενεχθὶν
714 1595 1029 1663 ὑποστῆναι.
1064 1596 1236 1664 Ὅθεν,
1266 1591 1310 1647 ὦ
1351 1592 1477 1670 φίλε
1534 1593 1756 1665 Κλήμη,
1792 1592 1902 1669 εἷίγε

252 1681 321 1736 τά
371 1686 452 1755 τῷ
507 1688 624 1755 Θεῷ
682 1680 1001 1760 διαφέροντα
1058 1688 1265 1757 γνῶναι
1348 1681 1545 1751 θέλεις,
1609 1683 1753 1758 παρά
1803 1687 1901 1737 τοῦ

255 1770 461 1843 Κυρίου
489 1771 580 1825 καὶ
611 1774 746 1825 Θεοῦ
784 1770 874 1825 καὶ
908 1776 1167 1844 Σωτῆρος
1224 1771 1383 1842 ἡμῶν
1436 1769 1611 1838 Ἰησοῦ
1670 1773 1900 1844 Χριστοῦ

250 1863 351 1913 to?)
410 1857 757 1921 διδάσκοντος
811 1861 856 1895 ⁸⁵
914 1860 1194 1934 ἄνθρωπον
1256 1862 1474 1934 γνῶσιν,
1506 1858 1650 1932 παρά
1702 1858 1899 1912 τούτου

256 1947 430 2019 μόνου
473 1950 658 2021 μαθεῖν
712 1947 879 2023 ἔχεις,
932 1945 1013 2002 ὅτι
1069 1947 1233 2020 μόνος
1283 1944 1421 2002 οἶδεν
1464 1946 1741 2017 ἀλήθειαν.
1783 1952 1897 2001 Τῶν

252 2037 361 2111 γὰρ
394 2034 581 2091 ἄλλων
616 2033 670 2091 εἷ’
686 2058 771 2099 τις
798 2036 1071 2091 ἐπίσταταί
1098 2057 1172 2107 τι,
1204 2036 1348 2110 παρά
1404 2036 1599 2090 τούτου
1628 2038 1672 2072 ⁵⁸
1707 2034 1896 2108 μόνου,

248 2126 287 2193 ἤ
320 2129 429 2179 τῶν
461 2124 656 2181 τούτου
691 2127 945 2199 μαθητῶν
979 2119 1162 2179 λαϐὼν
1196 2120 1331 2199 ἔχει.

317 2304 515 2360 XXIII.
548 2309 701 2358 Ἔστι
728 2325 787 2359 τε
815 2303 981 2358 αὐτοῦ
1032 2304 1094 2357 τὸ
1129 2300 1407 2379 βούλημα,
1439 2300 1520 2357 ὅτι
1580 2304 1656 2364 εἷς
1688 2303 1813 2363 Θεὸς
1843 2302 1894 2356 ἐν

242 2391 423 2467 τρισὶν
477 2392 846 2463 ὑποστάσεσιν,
880 2390 942 2447 οὗ
974 2392 1001 2445 6
1030 2392 1235 2465 κόσμος
1288 2390 1439 2467 ἔργον
1474 2393 1501 2445 ὁ
1532 2397 1653 2462 πᾶς,
1705 2392 1765 2453 ’ὸς
1814 2389 1895 2445 δί-

244 2500 405 2541 καιος
438 2476 532 2551 ὢν,
564 2481 777 2542 πάντως
816 2481 1022 2552 ἑκάστῳ
1052 2479 1187 2554 πρὸς
1215 2480 1310 2541 τὰς
1359 2480 1578 2554 πράξεις
1625 2476 1894 2534 ἀποδώσει

245 2568 406 2624 ποτὲ.
438 2568 675 2644 Ἀνάγκη
702 2570 806 2645 γὰρ
835 2575 995 2637 πᾶσα,
1030 2567 1182 2647 φύσει
1222 2566 1426 2623 δίκαιον
1480 2569 1609 2623 εἶναι
1667 2569 1897 2643 λεγοντα

246 2658 346 2711 τὸν
379 2658 529 2725 Θεὸν,
562 2658 650 2711 καὶ
705 2658 800 2719 τὰς
861 2658 1157 2731 ἀνθρώπων
1209 2658 1389 2731 ψυχὰς
1436 2658 1728 2718 ἀθανάτους
1762 2657 1893 2710 εἶναι

248 2745 545 2802 πιστεύειν.
582 2746 731 2800 Ἐπεὶ
788 2751 893 2800 ποῦ
928 2748 993 2801 τὸ
1053 2744 1255 2800 δίκαιον
1316 2745 1517 2813 αὐτοῦ;
1578 2745 1715 2800 ὅπου
1752 2746 1894 2806 τινὲς

253 2829 494 2896 εὐσεϐῶς
559 2834 941 2910 βιοτεύσαντες,
998 2837 1087 2890 καὶ
1172 2834 1613 2911 κακουχηθὲντες,
1703 2834 1896 2910 βιαίως

248 2925 604 2999 ἀνῃρέθησαν·
638 2922 772 2979 ἔνιοι
803 2922 859 2979 δὲ
884 2920 1091 2986 ἀσεϐεῖς
1122 2926 1267 3001 παρά
1320 2924 1463 2979 πολὺ
1523 2922 1892 2998 γεγενημένοι,

248 3011 302 3067 ἐν
332 3011 659 3084 πολυτελείᾳ
719 3012 838 3087 βίου
892 3016 1275 3089 τρυφήσαντες,
1307 3015 1397 3069 τὸν
1454 3014 1630 3067 κοινὸν
1687 3012 1891 3087 ἀνθρώ-

244 3122 369 3156 πων
412 3100 761 3172 ἐτελεύτησαν
815 3103 1056 3166 θάνατον.
1109 3103 1257 3159 Ἐπεὶ
1307 3102 1397 3157 οὖν
1449 3103 1627 3179 χωρὶς
1683 3101 1893 3172 ἀπάσης

246 3191 562 3266 ἀντιλογίας
589 3192 617 3246 ὁ
648 3190 777 3253 Θεὸς
816 3192 1009 3267 ἀγαθὸς
1040 3188 1135 3260 ὢν,
1156 3188 1362 3254 δίκαιός
1385 3192 1544 3263 ἐστιν,
1577 3192 1674 3247 οὐκ
1703 3188 1888 3252 ἄλλως

2024 620 2126 670 aut
2158 616 2535 673 immoderate
2570 620 2701 673 irati
2738 626 2897 686 sunt,
2929 626 3031 677 aut
3060 639 3299 695 corpore
3336 632 3619 698 asgrotant
3652 655 3665 698 ;

3652 674 3667 698 ν

2022 710 2123 760 aut
2154 706 2533 763 saecularibus
2555 708 2731 779 curis,
2766 715 2857 765 vet
2887 711 3002 767 alio
3038 714 3315 785 qquiam
3340 715 3552 773 affectu
3575 719 3670 774 oh-

2021 793 2350 849 turbantur.

2036 946 2048 960 .
2094 881 2259 938 XXII.
2291 885 2337 918 ⁶²
2357 889 2553 956 Neque
2585 885 2736 941 dicat
2760 886 2993 959 aliquis,
3026 905 3139 945 non
3173 898 3434 964 oportere
3463 911 3665 953 conso-

2021 968 2255 1027 lationis
2282 977 2339 1029 et
2395 974 2812 1031 admonitionis
2846 978 3019 1032 verba
3049 977 3121 1035 iis
3173 981 3500 1051 admovere,
3562 987 3662 1058 qui

2020 1059 2158 1114 mali
2188 1060 2404 1130 aliquid
2465 1061 2683 1117 habent
2711 1080 2775 1118 ac
2826 1070 3056 1136 gerunt.
3112 1069 3209 1122 Aio
3266 1069 3444 1138 enim,
3504 1075 3658 1144 quod

2016 1147 2067 1202 si
2100 1149 2333 1220 quidem
2348 1150 2561 1221 aliquis
2594 1152 2843 1222 proficit,
2869 1153 3177 1222 adhibeat;
3209 1156 3300 1211 sin
3326 1158 3543 1227 minus,
3574 1162 3660 1217 in-

2017 1238 2185 1293 terim
2234 1240 2480 1311 tempori
2532 1242 2716 1295 cedat.
2780 1244 3001 1313 Tempus
3030 1243 3185 1300 enim
3214 1250 3311 1317 est,
3372 1252 3438 1303 ut
3494 1249 3655 1308 Salo-

2018 1326 2174 1380 moni
2206 1327 2453 1397 videtur,
2486 1331 2639 1383 omni
2666 1332 2752 1384 rei
2772 1331 2837 1382 ⁵⁸.
2871 1333 3059 1396 Quare
3088 1338 3314 1404 oportet
3352 1351 3654 1397 sermones

2016 1414 2118 1484 qui
2150 1415 2405 1470 animam
2437 1418 2807 1486 conﬁrmant,
2844 1418 3184 1475 hominibus
3242 1428 3375 1479 ante
3402 1427 3654 1485 vexatio-

2016 1517 2148 1558 nem
2180 1503 2430 1571 inferre;
2464 1510 2528 1560 ut
2549 1507 2595 1560 si
2628 1507 2767 1578 quid
2798 1508 2943 1563 forte
2973 1508 3133 1579 pravi
3165 1510 3460 1579 acciderit,
3490 1530 3656 1574 mens

2016 1589 2177 1661 prius
2207 1598 2450 1659 armata,
2486 1599 2639 1650 recta
2666 1595 2883 1651 ratione
2914 1597 3101 1668 possit
3133 1598 3186 1652 id
3219 1601 3374 1670 quod
3420 1600 3654 1661 illatum

2011 1685 2121 1747 est,
2158 1682 2431 1751 perferre.
2475 1682 2658 1750 Unde,
2689 1685 2874 1739 amice
2904 1685 3193 1753 Clemens,
3225 1688 3275 1742 si
3307 1689 3472 1761 cupis
3528 1708 3655 1763 qua

2010 1768 2083 1821 ad
2116 1775 2292 1824 Deum
2327 1770 2619 1839 pertinent
2666 1787 3030 1843 cognoscere,
3057 1791 3091 1828 a
3145 1773 3391 1832 Domino
3436 1781 3494 1832 et
3539 1778 3655 1835 Deo

2008 1860 2065 1911 et
2094 1856 2388 1914 Salvatore
2443 1864 2637 1915 nostro
2688 1861 2830 1916 Jesu
2889 1861 3139 1930 Christo,
3172 1864 3273 1934 qui
3328 1865 3652 1923 humanum

2009 1961 2193 2016 genus
2223 1947 2389 2002 docet
2432 1948 2774 2019 scientiam;
2811 1951 2882 2005 ab
2932 1967 2997 2006 eo
3029 1950 3153 2007 solo
3184 1952 3403 2010 discere
3455 1960 3648 2026 potes;

2008 2034 2147 2104 quia
2187 2034 2346 2090 solus
2381 2037 2542 2092 novit
2569 2038 2891 2093 veritatem.
2926 2039 3189 2095 Aliorum
3222 2042 3377 2097 enim
3433 2044 3481 2098 si
3516 2045 3650 2114 quis

2006 2122 2227 2193 aliquid
2259 2126 2573 2196 cognoscit,
2606 2127 2676 2181 ab
2698 2143 2763 2182 eo
2796 2144 2933 2196 uno,
2966 2132 3067 2182 aut
3094 2130 3167 2183 ab
3198 2130 3327 2200 ejus
3389 2131 3647 2204 discipu-

2005 2209 2078 2265 lis
2098 2212 2379 2268 traditum
2412 2215 2656 2286 accepit.

2076 2299 2276 2355 XXIII.
2299 2302 2342 2336 ⁸⁷
2376 2302 2478 2357 Est
2506 2308 2702 2359 autem
2733 2306 2861 2375 ejus
2890 2307 3215 2363 sententia:
3248 2312 3429 2364 Deum
3460 2326 3645 2366 unum

2003 2402 2134 2443 esse
2162 2389 2220 2443 in
2254 2390 2443 2445 tribus
2474 2393 2760 2463 personis,
2811 2394 2979 2465 cujus
3018 2399 3179 2451 totus
3210 2397 3467 2453 mundus
3498 2415 3647 2471 opus

2006 2480 2113 2541 est,
2148 2478 2363 2549 quique
2385 2481 2587 2550 justus
2635 2481 2910 2547 existens,
2969 2483 3284 2555 aliquando
3330 2491 3486 2542 certe
3516 2488 3646 2543 uni-

2005 2564 2204 2636 cuique
2233 2584 2336 2639 pro
2395 2568 2721 2625 actionibus
2771 2572 3067 2627 retribuet.
3128 2577 3376 2631 Necesse
3432 2576 3647 2649 quippe

2006 2653 2244 2709 omnino
2275 2660 2382 2724 est,
2413 2662 2476 2711 ut
2527 2658 2623 2728 qui
2656 2660 2863 2713 asserit
2890 2660 3075 2716 Deum
3106 2666 3317 2718 natura
3368 2680 3497 2720 esse
3544 2666 3645 2736 ju-

2006 2746 2186 2808 stum,
2219 2744 2391 2799 etiam
2424 2747 3002 2805 credatimmortales
3030 2767 3159 2806 esse
3188 2751 3494 2808 hominum
3526 2753 3645 2810 ani-

2006 2846 2152 2886 mas.
2205 2833 2486 2897 Quoniam
2521 2835 2615 2890 ubi
2646 2835 2754 2891 erit
2776 2837 3008 2906 justitia
3036 2839 3200 2910 ejus?
3243 2842 3475 2912 quando
3534 2841 3646 2898 ali-

2005 2921 2124 2991 qui,
2158 2937 2291 2977 cum
2322 2923 2414 2994 pie
2458 2924 2758 2992 vixissent,
2808 2930 3006 2982 tamen
3064 2927 3216 2983 male
3273 2929 3477 2998 habiti,
3539 2948 3643 3004 per

2001 3011 2118 3063 vim
2150 3027 2180 3065 e
2207 3011 2397 3067 medio
2428 3012 2641 3068 sublati
2669 3019 2836 3070 sunt:
2873 3016 3109 3086 quidam
3140 3032 3293 3087 vero,
3326 3024 3639 3092 postquam

2001 3098 2165 3153 valde
2194 3097 2359 3171 impii
2390 3100 2767 3170 exstitissent,
2791 3107 2964 3174 atque
2989 3103 3114 3159 vitae
3136 3104 3299 3159 luxui
3330 3122 3395 3161 ac
3417 3106 3640 3165 deliciis

2001 3186 2402 3256 indulsissent,
2472 3192 2768 3245 communi
2823 3198 3020 3247 tamen
3087 3192 3391 3249 hominum
3452 3202 3638 3252 morte

245 3277 307 3334 δὲ
356 3276 560 3342 δίκαιος
608 3279 739 3335 εἶναι
786 3282 1174 3356 γνωσθήσεται,
1218 3280 1305 3335 ἐὰν
1360 3283 1434 3354 μὴ
1475 3284 1510 3351 ἠ
1542 3283 1693 3357 ψυχὴ
1756 3281 1886 3353 μετά

2005 3275 2290 3331 obierunt.
2323 3278 2805 3351 Quandoquidem
2838 3280 3016 3351 igitur
3058 3282 3277 3353 absque
3327 3282 3447 3338 ulla
3499 3301 3637 3339 con-

238 3369 340 3424 τὸν
372 3369 657 3444 γωρισμὸν
685 3374 783 3424 τοῦ
813 3370 1065 3443 σώματος
1113 3370 1369 3432 ἀθάνατος
1406 3370 1464 3445 ᾖ,
1489 3369 1582 3425 ’ίνα
1638 3371 1771 3443 μετά
1824 3372 1888 3425 τὸ

241 3452 546 3512 ἀπολαϐεῖν
573 3459 635 3512 τὸ
670 3455 803 3513 ἴδιον
836 3462 993 3531 σῶμα
1024 3457 1075 3512 ἐν
1117 3462 1184 3531 τῇ
1244 3459 1544 3531 ἀναστάσει,
1581 3458 1607 3512 ὀ
1645 3459 1736 3531 μὲν
1797 3479 1887 3513 κα-

242 3546 363 3618 κὸς,
401 3546 479 3609 ὡς
510 3545 728 3602 ἐνταῦθα
780 3547 847 3601 τὰ
900 3547 1068 3621 ἀγαθά
1120 3543 1434 3619 ἀπολαϐὼν,
1471 3547 1579 3602 ἐκεῖ
1631 3548 1753 3622 περὶ
1810 3549 1884 3602 ὧν

240 3635 463 3711 ἥμαρτε
519 3634 782 3709 κολασθῇ·
834 3636 862 3690 ὁ
921 3633 980 3690 δὲ
1034 3634 1245 3711 ἀγαθὸς,
1279 3635 1501 3699 ἐνταῦθα
1547 3637 1669 3711 περὶ
1702 3634 1773 3689 ὧν
1820 3636 1883 3705 ἦ·

244 3744 420 3799 μαρτε
449 3723 752 3795 κολασθεὶς,
785 3723 894 3779 ἐκεῖ
923 3724 998 3786 ὡς
1030 3723 1082 3778 ἐν
1127 3722 1358 3786 κόλποις
1407 3722 1648 3796 δικαίων,
1677 3725 1883 3799 κληρο-

236 3814 416 3886 νόμος
469 3818 576 3867 τῶν
630 3813 841 3888 ἀγαθῶν
900 3816 1160 3886 καταστῇ·
1194 3812 1309 3867 ἐπεὶ
1368 3813 1540 3867 τοίνυν
1574 3814 1602 3867 6
1634 3815 1761 3877 Θεὸς
1802 3812 1881 3868 δί-

235 3923 418 3970 καιος,
444 3900 722 3976 πρόδηλον
753 3904 887 3975 ἡμῖν
946 3901 1108 3976 ἐστιν,
1143 3902 1225 3956 ὅτι
1283 3904 1371 3956 καὶ
1428 3902 1605 3977 κρίσις
1653 3904 1880 3977 γίνεται,

234 3992 329 4047 καὶ
359 3992 414 4045 a't
448 3992 620 4067 ψυχαὶ
650 3991 899 4055 ἀθάνατοι
936 3991 1308 4067 τυγχάνουσιν.
1348 3991 1410 4048 Εἰ
1444 3990 1501 4046 δὲ
1545 4013 1648 4064 τις,
1683 3992 1758 4054 ὡς
1803 3997 1882 4064 τῷ

236 4086 488 4155 Σαμαρεῖ
516 4079 663 4135 δοκεῖ
695 4080 925 4154 Σίμωνι,
956 4083 1050 4136 καὶ
1100 4080 1206 4156 οὐχ
1264 4081 1338 4142 ὡς
1397 4082 1425 4135 6
1471 4084 1568 4150 τῆς
1625 4079 1881 4151 ἀληθείας

239 4169 500 4247 βούλεται
534 4168 723 4245 λόγος,
743 4170 807 4225 τὸ
838 4168 1042 4224 δίκαιον
1073 4170 1205 4224 εἶναι
1239 4171 1314 4243 μὴ
1348 4169 1497 4225 θελοι
1532 4167 1713 4225 δοῦναι
1746 4176 1880 4242 Θεῷ,

233 4259 340 4314 τίνι
372 4256 451 4312 ἔτι
482 4258 638 4314 τοῦτό
667 4280 749 4322 τις
782 4256 967 4313 δοῦναι
1007 4256 1225 4313 δύναται
1254 4278 1267 4327 ;

312 4526 503 4583 XXIV.
535 4529 708 4579 Ταῦτα
766 4523 996 4587 ἀκούσας
1055 4524 1159 4601 ἐγὼ
1213 4524 1473 4597 Κλήμης,
1506 4525 1595 4580 καὶ
1652 4526 1735 4589 τίς
1780 4528 1881 4603 ἄρα

1996 3365 2337 3421 tradictione
2366 3367 2539 3435 Deus,
2573 3369 2762 3425 bonus
2792 3386 2924 3425 cum
2955 3371 3052 3439 sit,
3076 3373 3277 3443 justus
3306 3374 3484 3429 etiam
3506 3379 3595 3430 est
3620 3393 3633 3443 ;

1997 3470 2100 3509 nec
2118 3453 2351 3511 aliunde
2364 3456 2564 3525 justus
2585 3474 2713 3513 esse
2734 3464 3133 3531 cognoscatur,
3152 3460 3265 3517 nisi
3288 3462 3482 3519 anima
3504 3468 3639 3535 post

1996 3544 2421 3613 separationem
2444 3562 2479 3600 a
2496 3562 2754 3618 corpore,
2787 3548 2864 3602 sit
2884 3548 3231 3605 immortalis
3263 3568 3277 3618 ;
3306 3555 3371 3606 ut
3395 3554 3632 3625 quando

1995 3633 2052 3685 in
2086 3634 2508 3690 resurrectione
2561 3652 2735 3691 suum
2765 3652 2976 3709 corpus
3026 3639 3419 3710 recuperarit;
3442 3640 3633 3697 malus

1994 3721 2251 3791 quidem,
2284 3727 2561 3795 tanquam
2594 3725 2693 3796 qui
2726 3725 2820 3781 hic
2859 3727 3011 3782 bona
3067 3728 3363 3799 receperit,
3395 3728 3474 3784 ibi
3528 3747 3630 3802 pro

1993 3809 2064 3864 iis
2092 3826 2217 3882 quas
2248 3811 2495 3883 deliquit
2522 3814 2836 3885 puniatur;
2876 3816 3064 3872 bonus
3102 3822 3322 3883 autem,
3374 3816 3468 3872 hic
3526 3836 3627 3890 pro

1991 3897 2220 3955 delictis
2251 3902 2592 3973 castigatus,
2620 3902 2737 3958 illic
2757 3905 2923 3975 quasi
2954 3904 3014 3959 in
3038 3904 3624 3976 sinujustorum,baz-

1991 4004 2082 4043 res
2114 3988 2398 4045 bonorum
2444 3992 2867 4047 constituetur:
2920 3993 3394 4064 quandoquidem
3446 3994 3626 4066 igitur

1990 4081 2142 4131 Deus
2164 4078 2365 4146 justus
2395 4085 2505 4148 est,
2556 4086 2781 4136 constat
2808 4081 2959 4137 inter
2988 4099 3114 4149 nos,
3156 4083 3445 4153 judicium
3477 4101 3622 4155 quo-

1991 4181 2102 4235 que
2133 4166 2273 4237 fore,
2306 4172 2361 4223 et
2391 4168 2616 4225 animas
2646 4186 2773 4226 esse
2798 4171 3178 4227 immortales.
3210 4172 3269 4226 Si
3302 4172 3434 4244 quis
3470 4189 3623 4239 vero,

1992 4256 2487 4325 quemadmodum
2520 4260 2884 4315 Samaritana
2922 4260 3144 4315 Simoni
3192 4259 3400 4332 placet,
3430 4266 3486 4318 et
3511 4279 3626 4318 non

1994 4348 2057 4398 ut
2085 4344 2345 4400 veritatis
2399 4346 2660 4404 doctrina
2716 4352 2859 4415 vult,
2916 4348 3032 4405 Deo
3091 4349 3403 4405 concedere
3458 4350 3623 4423 nolit,

1982 4433 2213 4502 justum
2245 4450 2391 4505 esse,
2424 4437 2514 4490 cui
2532 4438 2657 4507 jam
2688 4438 2900 4508 aliquis
2921 4438 2979 4492 id
3010 4438 3263 4494 tribuere
3292 4439 3522 4510 potest?

2058 4524 2249 4585 XXIV.
2295 4528 2398 4582 His
2455 4526 2692 4592 auditis,
2723 4542 2829 4598 ego
2881 4525 3170 4582 Clemens.
3228 4527 3293 4581 Et
3350 4528 3623 4599 quisnam

237 4614 512 4690 τυγχάνει,
545 4612 700 4692 ἔφην,
733 4614 888 4676 οὗτος
927 4614 985 4668 ’ὸν
1045 4612 1267 4689 λέγουσι
1327 4612 1553 4687 Σίμωνα
1609 4617 1881 4692 Σαμαρεί-

2005 4621 2095 4685 ist,
2128 4618 2268 4683 dixi,
2309 4617 2416 4672 iste
2476 4631 2649 4685 quem
2709 4616 2893 4681 aiunt,
2953 4615 3149 4669 Simon
3201 4615 3621 4685 Samaritanus,

233 4724 360 4774 την,
399 4709 586 4776 μαθεῖν
618 4700 837 4772 ἤθελον.
870 4703 932 4759 Ὀ
966 4700 1023 4757 δὲ
1053 4702 1275 4779 Πὰροςο
1311 4702 1375 4759 Εἰ
1433 4701 1607 4766 θέλεις
1670 4707 1876 4778 μαθεῖν,

238 4792 366 4871 ἔφη,
398 4791 617 4869 πάρεστί
647 4813 735 4847 om
763 4796 861 4846 τοῦ
892 4796 1087 4868 γνῶναι
1119 4794 1245 4867 παρ’
1275 4793 1349 4845 ὢν
1390 4792 1543 4867 κάγὼ
1591 4794 1763 4848 πάντα
1814 4797 1880 4849 τά

235 4882 353 4935 κατ’
384 4881 541 4935 αὐτὸν
592 4880 894 4953 ἐπυθόμην.
927 4880 1024 4934 Καὶ
1078 4882 1564 4954 μεταπεμψάμενος
1606 4880 1876 4938 ἐκέλευσεν

235 4969 470 5025 Ἀκύλαν
502 4990 560 5023 τε
587 4969 675 5023 καὶ
706 4970 949 5039 Νικήτην
981 4971 1152 5023 πάντα
1204 4990 1295 5041 μοι
1347 4964 1586 5045 ἀκριϐῶς
1634 4972 1701 5024 τὰ
1746 4973 1880 5026 κατά

232 5057 328 5113 τόν
362 5060 587 5132 Σίμωνα
617 5055 1000 5133 διηγήσασθαι.
1035 5058 1097 5111 Οἱ
1156 5055 1213 5111 δὲ
1268 5059 1359 5111 τὸν
1418 5060 1545 5112 Θεὸν
1607 5060 1874 5135 μαρτυρά-

238 5169 390 5221 μενοι
424 5145 596 5221 μηδὲν
628 5144 982 5223 παρεκκλῖναι
1010 5152 1112 5216 τῆς
1155 5144 1432 5216 ἀληθείας,
1466 5146 1607 5201 οὕτω
1653 5148 1719 5202 τὰ
1766 5155 1879 5203 κατ’

232 5236 392 5291 αὐτὸν
426 5237 736 5306 ἰξίθετεντο.
771 5235 869 5292 Καὶ
910 5240 1123 5308 πρῶτος
1158 5234 1392 5297 Ἀκύλας
1448 5234 1647 5309 ἤρξατο
1698 5235 1875 5313 λέγειν

231 5324 428 5387 οὕτως’
463 5326 749 5393 Ἄκουσον,
781 5324 825 5377 ὦ
851 5322 1074 5400 φίλτατε
1122 5320 1336 5401 ἀδελφὶ,
1372 5322 1520 5386 ὅπως
1572 5327 1661 5379 καὶ
1714 5326 1876 5390 αὐτὸς

1990 4706 2137 4762 scire
2165 4705 2391 4762 vellem.
2448 4703 2764 4775 Respondit
2812 4710 3005 4759 autem
3053 4704 3291 4759 Petrus:
3352 4704 3405 4757 Si
3457 4704 3624 4776 cupis

1989 4795 2229 4865 discere,
2263 4793 2395 4849 licet
2426 4792 2531 4847 tibi
2561 4793 2632 4847 ab
2663 4791 2736 4847 iis
2765 4807 3132 4864 cognoscere,
3157 4792 3417 4864 aquibus
3440 4797 3497 4847 et
3516 4808 3621 4865 ego

1989 4889 2198 4938 cuncta
2229 4882 2384 4937 illius
2423 4880 2695 4936 intellexi.
2748 4880 3097 4951 Vocatisque
3126 4880 3335 4950 Aquila
3365 4885 3422 4935 et
3452 4880 3617 4938 Nice-

1988 4977 2068 5039 ta,
2101 4970 2370 5043 priecepit
2397 4971 2503 5034 eis,
2535 4974 2599 5023 ut
2651 4968 2795 5022 mihi
2825 4969 3024 5023 omnia
3068 4970 3137 5023 ad
3167 4969 3460 5023 Simonem
3492 4985 3618 5040 per-

1989 5060 2228 5115 linentia
2280 5060 2587 5130 diligenter
2616 5062 2972 5112 enarrarent.
3020 5059 3091 5111 At
3121 5057 3231 5124 illi,
3263 5061 3441 5111 Deum
3474 5062 3618 5112 atte-

1988 5150 2122 5204 stati
2183 5164 2244 5203 se
2274 5146 2610 5202 nullatenus
2640 5164 2674 5200 a
2702 5145 2943 5200 veritate
2992 5144 3404 5215 declinaturos,
3465 5145 3620 5201 hunc

1988 5239 2043 5292 in
2078 5238 2316 5292 modum
2366 5251 2456 5290 res
2490 5235 2616 5305 ejus
2648 5236 3059 5303 exposuerunt.
3091 5236 3169 5287 Ac
3228 5231 3386 5304 prior
3416 5233 3621 5304 Aquila

1986 5326 2157 5398 coepit
2184 5325 2265 5380 ita
2292 5325 2516 5379 dicere:
2568 5321 2736 5389 Audi,
2796 5321 3139 5377 charissima
3190 5322 3383 5390 frater,
3437 5328 3499 5378 ut
3555 5329 3617 5379 tu

1576 5506 1813 5563 VARle
1876 5506 2276 5565 LECTIONES.

293 5640 342 5675 "
367 5637 631 5694 Clamant.
663 5637 821 5694 hom.
852 5653 914 5706 ιι,
946 5653 995 5694 c.
1023 5637 1116 5709 l2,
1142 5639 1252 5693 etc.

228 5726 411 5787 cogn.,
445 5708 488 5767 ι.
510 5723 635 5781 vni,
665 5726 715 5767 c.
746 5712 801 5767 6.

517 5842 776 5906 ΡΑτεοι..
824 5839 933 5903 Ga.
979 5839 1056 5911 lt.

1336 5637 1383 5673 ⁸³
1412 5637 1595 5697 Eccle.
1631 5656 1718 5709 ιιι,
1750 5642 1800 5697 1.

1885 5641 1931 5678 ⁸⁸
1956 5641 2030 5698 al.
2064 5659 2204 5695 τινα.
2277 5638 2322 5673 ⁸⁸
2352 5637 2521 5694 Deest
2563 5637 2620 5693 in
2673 5636 2748 5694 al.

2833 5636 2878 5671 “
2906 5634 3081 5691 Deest
3110 5633 3169 5690 in
3199 5633 3276 5690 al.
3362 5636 3406 5672 ⁸⁷
3436 5635 3478 5691 Ι.
3511 5640 3618 5693 ﬂe-

3264 5840 3341 5905 16
