4140 6344
463 331 575 388 491

1281 329 1342 387 S.
1393 326 1833 388 CLEMENTIS
1880 329 1900 388 Ι
1952 327 2136 388 llOM.
2184 326 2417 391 PONT.
2461 330 2722 391 OPERA
2770 324 3036 391 DUBIA.

3740 326 3857 397 492'
3899 405 3902 408 ,

466 477 698 534 quoque
731 464 995 517 accurate
1026 476 1342 531 cognoscas
1375 459 1572 515 omnia
1598 460 1700 514 viri
1761 460 1920 515 illius
1954 479 1967 525 ;
2002 478 2091 516 cu-

2214 456 2451 535 ἀκριϐὧς
2483 462 2656 515 πάντα
2682 461 2748 514 τὰ
2778 460 2915 516 κατὰ
2942 462 3033 516 τὸν
3068 459 3232 538 ἄνδρα
3294 461 3464 538 εἰδῇς,
3491 485 3640 527 τινος
3670 486 3730 520 τε
3761 464 3859 533 ὢν,

461 553 700 622 jusnam
733 552 827 619 sit,
862 557 918 605 et
946 550 1099 621 quis,
1132 556 1185 603 et
1214 549 1405 616 unde;
1439 552 1495 603 et
1523 565 1792 619 quaenam
1829 550 1947 604 sint
1977 567 2103 621 quae

468 641 626 703 facit,
660 646 715 695 et
745 657 859 711 quo
890 639 1082 703 modo,
1117 654 1410 709 quamque
1442 638 1513 692 ob
1543 655 1801 692 causam.

539 728 705 784 XXV.
731 730 773 763 ⁸⁸
806 729 1008 783 Simon
1030 727 1209 799 igitur
1241 732 1400 799 patre
1430 726 1666 797 quidem
1692 726 1955 792 Antonio,
1989 744 2108 781 ma-

468 824 553 874 tre
582 834 716 873 vero
749 816 993 872 Rachele
1010 821 1172 872 ortus
1200 822 1288 871 est
1311 834 1323 881 ;
1350 816 1581 870 natione
1603 816 2022 881 Samaritanus,
2042 833 2111 871 ex

471 906 705 976 Gitthis,
736 906 859 961 vico
892 905 989 976 qui
1023 921 1136 959 non
1172 904 1367 959 minus
1413 920 1588 976 quam
1622 921 1719 959 sex
1751 903 2002 959 schoenis
2034 905 2105 958 ab

472 997 614 1051 urbe
643 994 1142 1050 Samaritanorum
1174 992 1371 1049 distat.
1399 992 1502 1047 Hic
1550 991 1902 1047 Alexandriae
1935 994 2106 1065 zEgy-

468 1084 554 1156 pti
584 1088 999 1151 commoratus,
1033 1100 1098 1138 ac
1136 1083 1195 1137 in
1228 1083 1420 1138 Graeca
1467 1083 1731 1137 doctrina
1788 1081 2107 1153 plurimum

468 1173 835 1243 exercitatus,
869 1176 925 1227 et
954 1176 1074 1227 arte
1105 1171 1331 1244 magica
1363 1170 1606 1242 pollens.
1639 1176 1814 1242 atque
1852 1168 2105 1225 insolen-

466 1263 548 1317 tia
577 1261 783 1327 elatus,
819 1278 880 1317 se
909 1261 1032 1316 vult
1060 1261 1380 1316 existimari
1414 1276 1538 1315 esse
1574 1259 1845 1314 virtutem
1898 1276 2105 1330 supre—

468 1367 648 1417 mam,
700 1351 827 1422 ipso
887 1366 1115 1421 quoque
1172 1348 1530 1420 superiorem
1588 1348 1701 1403 Deo
1761 1347 1860 1417 qui
1914 1352 2105 1402 totum

469 1440 667 1495 orbem
701 1438 993 1510 produxit.
1026 1439 1323 1492 Interdum
1348 1454 1478 1491 vero
1511 1453 1572 1491 se
1592 1435 1887 1491 Christum
1922 1435 2105 1507 signi-

470 1529 672 1597 ficans,
710 1528 969 1583 Stantem
1020 1526 1290 1599 appellat.
1352 1527 1609 1597 Eamque
1654 1523 2104 1597 appellationem

468 1618 790 1688 usurpavit,
824 1617 990 1688 quasi
1023 1617 1121 1686 qui
1169 1631 1398 1687 semper
1454 1614 1812 1670 constiturus
1869 1613 1966 1677 sit,
2003 1628 2105 1667 nec

469 1706 680 1761 habeat
708 1706 1095 1776 corruptionis
1125 1721 1358 1760 causam
1386 1720 1500 1773 qua
1548 1719 1785 1775 corpore
1818 1702 2102 1757 concidat.

467 1798 582 1849 Nec
614 1811 743 1849 vero
776 1796 953 1849 Deum
985 1794 1188 1848 mundi
1210 1794 1587 1863 conditorem,
1609 1808 1948 1863 supremum
1977 1806 2103 1846 esse

470 1884 587 1938 ait:
623 1900 728 1939 nec
762 1888 1021 1940 mortuos
1059 1883 1372 1954 aliquando
1422 1882 1733 1938 excitatum
1780 1880 1849 1935 iri
1897 1880 2100 1935 credit.

467 1971 921 2044 Hierosolymam
957 1978 1145 2044 negat,
1198 1977 1450 2027 montem
1499 1970 1852 2027 Garizimum
1884 1969 2102 2024 substi-

467 2061 597 2130 tuit,
629 2065 737 2115 Pro
767 2077 896 2116 vere
927 2060 1154 2116 Christo
1185 2060 1300 2116 Deo
1332 2064 1551 2128 nostro,
1604 2059 1861 2129 seipsum
1894 2057 2099 2130 praedi-

466 2152 577 2204 cat.
612 2149 839 2221 Legem,
870 2150 1100 2221 propria
1131 2149 1582 2221 przesumptione
1613 2148 1782 2203 aliter
1821 2148 2100 2218 interpre-

464 2239 1020 2309 tatur;etjudicium
1043 2240 1162 2294 fore
1184 2239 1422 2310 quidem
1444 2238 1608 2302 dicit,
1634 2254 1834 2292 verum
1866 2253 1979 2291 non
2003 2253 2100 2290 ex-

465 2331 705 2398 spectat.

543 2422 732 2477 XXVI.
767 2420 1059 2475 Utautem
1090 2419 1213 2490 ipse
1273 2417 1567 2490 religionis
1623 2416 1955 2488 opinionem
2006 2415 2100 2469 in-

461 2514 714 2581 vaderet,
747 2511 964 2565 factum
1003 2512 1091 2563 est
1119 2508 1217 2562 ita.
1277 2508 1531 2562 Joannes
1590 2506 1831 2578 quidam
1882 2504 2101 2559 exstitit

465 2601 564 2673 qui
605 2599 854 2672 singulis
887 2599 1092 2653 diebus
1123 2598 1475 2668 baptizaret:
1509 2600 1565 2650 et
1602 2594 2097 2666 quemadmodum

463 2690 714 2747 Domino
772 2690 1006 2743 fuerunt
1057 2686 1363 2741 duodecim
1432 2684 1723 2755 discipuli,
1791 2683 2095 2738 duodecim

466 2778 759 2835 mensium
789 2777 931 2832 solis
960 2779 1223 2847 gerentes
1262 2790 1608 2841 numerum;
1644 2774 1727 2827 sic
1767 2772 1816 2827 ei
1866 2787 2099 2843 quoque

466 2870 703 2924 fuerunt
738 2866 979 2937 triginta
1030 2865 1136 2919 viri
1181 2863 1493 2935 principes,
1556 2867 1913 2917 menstruam
1946 2863 2095 2921 luna:

466 2956 750 3013 rationem
782 2956 1130 3027 implentes;
1164 2953 1315 3008 inter
1351 2970 1500 3024 quos
1538 2957 1594 3007 et
1650 2970 1767 3007 una
1825 2954 2094 3024 quaedam

460 3054 584 3101 erat
616 3045 845 3111 mulier,
868 3049 1067 3099 vocata
1096 3041 1342 3109 Helena;
1377 3046 1441 3096 ut
1467 3058 1538 3097 ne
1568 3041 1674 3097 hoc
1705 3042 1938 3112 quidem
1963 3044 2095 3098 abs-

460 3151 573 3208 que
595 3134 1074 3208 premeditatione
1104 3136 1274 3187 esset.
1307 3131 1452 3186 Cum
1478 3131 1633 3186 enim
1668 3131 1875 3186 mulier
1918 3132 2091 3186 dimi-

2214 548 2302 603 καὶ
2330 550 2433 621 τίς,
2484 551 2572 604 καὶ
2627 550 2812 622 πόθεν,
2861 550 2949 603 καί
3004 552 3123 605 τίνα
3162 551 3318 607 ’ἐστὶν
3377 552 3409 606 ἃ
3467 555 3713 629 πράττει,
3767 557 3854 610 καὶ

2220 636 2393 705 ὅπως,
2428 638 2518 692 καὶ
2552 636 2640 691 διὰ
2666 638 2738 694 τί.

2284 728 2445 784 XXV.
2482 727 2667 799 Σίμων
2701 724 2790 780 οὖν
2818 730 2863 764 ⁶⁹
2894 728 3094 804 πατρὸς
3131 728 3222 801 μέν
3257 728 3395 784 ἐστιν
3421 731 3731 802 ’Δντωνίου,
3760 754 3864 806 μη-

2214 816 2339 890 τρὸς
2392 813 2448 869 δὲ
2477 815 2710 891 Ῥαχὴλ,
2743 817 3023 892 Σαμαρεὺς
3052 817 3115 872 τὸ
3144 818 3295 893 γὲνος
3325 822 3388 875 ⁷ο.
3424 820 3529 873 ἀπὸ
3577 823 3779 875 Γιτθῶν
3810 825 3853 860 ⁷¹

2214 910 2314 971 τῆς
2372 906 2589 977 κώμης,
2623 904 2684 958 οὐ
2747 911 2894 978 μεῖον
2942 908 2975 974 ἢ
3010 906 3265 981 σχοίνους
3311 907 3365 978 ἓξ
3395 915 3495 977 τῆς
3557 909 3862 987 Σαμαρέων

2214 991 2430 1054 πόλεως
2474 994 2804 1069 ἀπεχούσης.
2837 993 3001 1057 Οὗτος
3054 996 3104 1049 ἐν
3157 994 3534 1074 Ἀλεξανδρείᾳ
3590 1002 3659 1072 τῇ
3717 999 3859 1075 πρὸς

2214 1079 2488 1156 Αἴγυπτον
2534 1085 2794 1158 γεγονὼς,
2830 1083 3130 1158 Ἐλληνικῇ
3178 1107 3235 1139 τε
3283 1083 3500 1156 παιδείᾳ
3546 1087 3684 1141 πάνυ
3732 1088 3856 1141 ἑαυ-

2215 1172 2305 1224 τὸν
2336 1171 2761 1241 ἐξασκήσας,καὶ
2792 1177 2859 1246 τῇ
2912 1174 3071 1247 μάγῳ
3116 1171 3281 1250 τέχνῃ
3337 1173 3523 1229 πολλά
3582 1173 3855 1247 δυνηθεὶς,

2214 1260 2301 1312 καῖ
2336 1260 2409 1320 εἰς
2441 1259 2693 1314 ἀπόνοιαν
2727 1260 2994 1336 ἐπαρθεὶς,
3025 1260 3169 1316 θέλει
3214 1263 3525 1335 νομίζεσθαί
3584 1285 3667 1326 τις
3728 1265 3866 1319 εἶναι

2218 1345 2441 1420 δύναμις
2498 1348 2750 1404 ἀνωτάτω
2808 1353 2871 1418 ⁷³,
2912 1351 3001 1404 καὶ
3060 1350 3223 1406 αὐτοῦ
3278 1351 3371 1407 τὸν
3424 1352 3634 1425 κόσμον
3694 1352 3868 1408 πάντα

2215 1437 2619 1513 παραγαγόντος
2666 1443 2819 1495 Θεοῦ.
2855 1439 3061 1494 Ἐνίοτε
3116 1438 3174 1495 δὲ
3231 1441 3318 1495 καὶ
3379 1443 3605 1517 Χριστὸν
3668 1442 3856 1497 ἑαυτὸν

2215 1525 2585 1598 αἰνιττόμενος
2631 1531 2675 1563 ’⁷³
2723 1527 3110 1604 προσαγορεύει
3294 1529 3395 1585 Καὶ
3444 1530 3611 1604 ταύτῃ
3665 1528 3732 1600 δὴ
3792 1536 3864 1605 τῇ

2214 1615 2555 1690 προσηγορίᾳ
2584 1617 2874 1690 κέχρηται,
2908 1618 2984 1679 ὡς
3017 1615 3083 1686 δὴ
3114 1617 3514 1690 συστησόμενός
3542 1640 3601 1674 τε
3640 1621 3743 1689 ἀεὶ,
3772 1621 3865 1675 καὶ

2215 1704 2413 1779 φθορᾶς
2444 1704 2634 1775 αἰτίαν,
2668 1704 2803 1759 ὥστε
2848 1705 2911 1759 τὸ
2960 1710 3120 1778 σῶμα
3165 1713 3373 1777 πεσεῖν,
3406 1706 3505 1762 οὐκ
3552 1705 3720 1784 ἔχων.
3756 1710 3860 1765 Καὶ

2135 1830 2179 1894 Β
2214 1789 2335 1847 οὔτε
2381 1794 2508 1847 Θεὸν
2554 1794 2642 1848 τὸν
2691 1794 2942 1849 κτίσαντα
2984 1795 3076 1849 τὸν
3128 1796 3355 1869 κόσμον,
3390 1796 3661 1852 ἀνώτατον
3707 1795 3859 1873 λέγει

2212 1883 2361 1936 εἶναι’
2402 1880 2523 1937 οὕτε
2568 1884 2789 1957 νεκροὺς
2831 1880 3119 1960 ἐγηγέρθαι
3168 1888 3213 1921 ⁷⁸
3261 1885 3498 1940 πιστεύει
3549 1888 3700 1944 ποτε.
3735 1889 3853 1956 Τὴν

2209 1969 2570 2044 Ἰερουσαλὴμ
2605 1972 2860 2048 ἀρνεῖται,
2889 1974 2952 2027 τὸ
3011 1973 3250 2049 Γαριζεὶν
3310 1969 3443 2049 ὅρος
3501 1976 3856 2053 ἀντεισφέρει.

2210 2060 2357 2114 Ἀντὶ
2385 2064 2481 2114 τοῦ
2512 2056 2680 2122 ὅντως
2713 2065 2945 2134 Χριστοῦ
2975 2067 3071 2116 τοῦ
3099 2067 3230 2117 Θεοῦ
3277 2066 3456 2135 ἡμῶν,
3488 2064 3675 2118 ἑαυτὸν
3725 2064 3852 2119 ἀνα-

2208 2148 2440 2224 γορεύει.
2474 2149 2547 2202 Τά
2595 2148 2650 2203 δὲ
2696 2154 2793 2203 τοῦ
2839 2149 3010 2223 νόμου
3058 2148 3187 2223 ἴδια,
3220 2151 3529 2227 προσλήψει
3578 2156 3622 2190 ⁷⁵
3675 2150 3860 2224 ἀλλη-

2206 2244 2376 2313 γορεῖ,
2435 2239 2522 2292 καὶ
2572 2238 2742 2313 κρίσιν
2794 2234 2996 2294 ἔσεσθαι
3076 2240 3171 2311 μὲν
3239 2240 3403 2317 λέγει,
3454 2241 3516 2295 οὔ
3574 2239 3853 2317 προσδοκᾷ

2210 2324 2284 2383 δὲ.

2279 2417 2456 2473 XXVI.
2488 2417 2563 2472 Τὸ
2596 2413 2652 2470 δὲ
2683 2415 3051 2492 παρεισελθεῖν
3091 2416 3249 2472 αὐτὸν
3299 2426 3398 2488 τῆς
3450 2422 3493 2455 ⁷⁵
3544 2416 3851 2482 θεοσεϐείας

2208 2502 2632 2580 λόγον,γὲγονεν
2680 2505 2872 2567 οὕτως.
2925 2505 3178 2576 Ἰωάννης
3239 2528 3322 2569 τις
3372 2507 3582 2583 ἐγένετο
3634 2511 3845 2581 ἡμερο-

2207 2591 2525 2664 6απτιστής⁶
2577 2594 2665 2648 καὶ
2715 2593 2893 2670 ὥσπερ
2942 2599 3021 2667 τῷ
3075 2594 3256 2671 Κυρίῳ
3320 2597 3562 2672 γεγόνασι
3633 2595 3843 2652 δώδεκα

2210 2685 2442 2755 μαθηταὶ
2470 2684 2559 2737 τὸν
2590 2688 2685 2736 τοῦ
2714 2682 2878 2752 ἡλίου
2900 2681 3283 2756 δωδεκάμηνον
3309 2687 3560 2762 φέροντες
3580 2686 3836 2762 ἀριθμὸθ,

2205 2772 2347 2827 οὕτω
2389 2772 2477 2827 καὶ
2525 2772 2669 2843 αὐτῷ
2717 2768 2935 2847 ἔξαρχοι
2983 2773 3263 2848 γεγόνασιν
3314 2772 3502 2850 ἄνδρες
3530 2778 3844 2851 τριάκοντα,

2201 2862 2293 2917 τὸν
2326 2867 2574 2934 μηνιαῖον
2607 2868 2707 2931 τῆς
2738 2861 2971 2932 σελήνης
3004 2861 3162 2938 λόγον
3195 2863 3734 2938 ἀποπληροῦντες,ὲν
3760 2867 3843 2927 οἷς

2202 2950 2290 3005 καί
2324 2951 2418 3023 μία
2444 2972 2528 3012 τις
2557 2952 2621 3020 ἦν
2655 2952 2789 3025 γυνὴ
2821 2950 3134 3024 καλουμένη
3154 2950 3473 3022 Ἑλένη,⁹ίνα
3508 2951 3647 3026 μηδέ
3680 2960 3843 3009 τοῦτο

2202 3040 2627 3112 ἀνοικονόμητον
2795 3043 2998 3111 "Hiram
3035 3041 3135 3116 γὰρ
3184 3039 3377 3117 ἀνδρὸς
3428 3041 3560 3097 οῦσα
3606 3046 3640 3113 ἠ
3683 3046 3845 3119 γυνὴ,

2205 3127 2367 3198 ἀτελῆ
2418 3130 2508 3183 τὸν
2554 3136 2653 3198 τῆς
2700 3126 3079 3203 τριακοντάδος
3125 3129 3333 3200 τίθησιν
3378 3131 3628 3206 ἀριθμόν’
3660 3132 3842 3208 ὥσπερ

457 3225 620 3280 dium
652 3229 729 3279 δή
758 3222 885 3291 viri,
917 3221 1318 3293 imperfectum
1353 3218 1957 3275 tricenariiconstituit
1987 3238 2090 3275 nu-

2206 3218 2303 3292 ἄρα
2329 3216 2417 3271 καὶ
2446 3224 2545 3286 τῆς
2579 3200 2834 3288 σελήνης,
2865 3220 2930 3285 ἧς
2964 3220 2997 3286 ἡ
3040 3218 3230 3293 πορεία
3276 3223 3371 3273 τοῦ
3415 3200 3596 3293 ’μηνὸς
3646 3221 3707 3275 ού
3755 3200 3843 3277 τὲ,-

455 3330 721 3380 merum;
781 3311 932 3367 sicut
986 3316 1043 3366 et
1097 3310 1155 3364 in
1214 3309 1373 3375 luna,
1425 3310 1593 3379 cujus
1650 3309 1915 3364 incessus
1974 3326 2085 3364 non

451 3402 769 3474 perfectum
798 3400 1018 3456 mensis
1048 3416 1284 3455 cursum
1334 3397 1581 3453 conﬁcit.
1643 3401 1818 3453 Porro
1876 3397 2084 3453 horum

449 3490 712 3563 triginta,
740 3490 952 3546 Joanni
983 3490 1208 3561 primus
1241 3505 1305 3543 ac
1353 3486 1800 3558 probatissimae
1828 3491 1952 3541 erat
1994 3487 2083 3541 Si-

447 3596 605 3635 mon.

523 3671 741 3730 XXVII.
769 3670 811 3704 ⁷⁷
840 3669 975 3724 Post
1029 3670 1272 3723 mortem
1331 3669 1525 3720 autem
1568 3665 1829 3735 Joannis,
1860 3664 2078 3734 Simon,

445 3768 754 3836 assumpta
781 3758 1017 3823 Helena,
1037 3757 1285 3823 oberrat,
1319 3753 1543 3825 plebem
1575 3754 1952 3823 conturbans,
1998 3753 2081 3807 di-

446 3842 699 3924 censque
729 3866 857 3906 eam
890 3846 1166 3903 Helenam
1196 3846 1265 3899 de
1296 3842 1587 3913 supremis
1616 3842 1774 3897 caelis
1804 3842 1861 3896 in
1895 3847 2080 3897 terras

448 3944 699 4000 delatam
733 3954 897 3995 esse:
946 3937 1115 4006 cujus
1146 3933 1348 4007 gratia,
1377 3932 1589 4003 inquit,
1623 3930 1800 3986 Graeci
1835 3936 1891 3986 et
1944 3931 2075 3985 bar-

442 4032 571 4088 bari
600 4029 817 4086 bellum
832 4027 1157 4098 gesserunt,
1177 4020 1479 4094 imaginati
1505 4020 1756 4092 speciem
1777 4019 2035 4075 veritatis
2062 4038 2074 4087 ;

442 4126 500 4178 et
530 4121 709 4176 edens
739 4115 925 4171 multa
954 4111 1287 4185 prodigiosa
1316 4109 1629 4177 miracula;
1664 4110 1743 4163 ita
1764 4114 1827 4163 ut
1856 4109 1966 4163 nisi
1990 4125 2077 4163 co-

441 4210 848 4284 gnovissemus
892 4220 1025 4259 eum
1074 4201 1173 4256 illa
1210 4215 1312 4272 per
1343 4199 1596 4271 magiam
1652 4198 1898 4265 efficere,
1964 4198 2072 4269 ipsi

438 4314 671 4370 quoque
697 4296 1013 4351 fuissemus
1044 4290 1286 4362 decepti.
1314 4288 1478 4346 Nunc
1505 4293 1696 4343 autem
1720 4288 1952 4359 quando
1979 4303 2073 4342 ve-

436 4404 618 4444 sanus
647 4385 744 4440 ille
772 4384 954 4440 voluit
989 4380 1163 4438 etiam
1214 4379 1511 4450 imponere
1568 4376 1882 4432 homnibus
1938 4376 2069 4433 reli-

433 4476 713 4548 giosis,ab
746 4491 810 4529 eo
836 4471 1205 4528 secessimus.
1239 4468 1467 4523 Etenim
1499 4468 1650 4522 caede
1681 4483 1740 4522 se
1763 4465 2068 4537 inquinare

2199 3304 2343 3360 λειον
2374 3312 2606 3359 ποιεῖται
2635 3306 2726 3360 τὸν
2760 3304 2983 3381 δρόμον.
3023 3306 3237 3361 Τούτων
3270 3305 3327 3362 δὲ
3371 3314 3479 3363 τῶν
3527 3309 3840 3386 τριάκοντα,

2192 3399 2270 3466 τῷ
2302 3396 2522 3468 Ἰωάννῃ
2550 3399 2766 3469 πρῶτος
2795 3394 2884 3450 καί
2916 3392 3290 3468 δοκιμώτατος
3321 3398 3388 3467 ἦν
3420 3399 3448 3451 ὁ
3480 3398 3692 3470 Σίμων.

2261 3663 2474 3719 XXVII.
2546 3663 2694 3718 Μετά
2759 3659 2816 3716 δὲ
2877 3664 2976 3731 τήν
3052 3660 3307 3734 τελευτὴν
3390 3664 3658 3733 Ἰωάννου,
3727 3668 3829 3735 τὴν

2191 3750 2409 3821 Ἐλὲνην
2443 3751 2470 3804 ὁ
2504 3750 2689 3822 Σίμων
2708 3746 3588 3829 παραλαϐὼν,περιὲρχεται,τοὺς
3619 3750 3831 3829 ὄχλους

2187 3839 2509 3907 ἀναπατῶν,
2560 3838 2723 3909 αὐτήν
2792 3860 2848 3894 τε
2910 3841 3008 3909 τὴν
3059 3839 3277 3911 Ἑλένην
3332 3840 3501 3917 λέγων
3554 3842 3661 3897 ἀπὸ
3719 3848 3831 3898 τῶν

2185 3929 2441 3982 ἀνωτάτω
2466 3928 2704 4004 οὐρανῶν
2736 3931 3119 4004 κατενεχθῆναι
3173 3934 3252 4001 τῷ
3298 3930 3510 4002 κόσμῳ*
3554 3934 3620 4000 ἧς
3674 3928 3832 3987 ἕνεκα

2184 4015 2451 4087 Ἕλληνες
2491 4039 2569 4089 τε,
2618 4017 2770 4095 φησί,
2802 4017 2890 4071 καὶ
2945 4012 3205 4094 βάρϐαροι
3252 4018 3609 4095 ἐμαχέσαντο,
3646 4020 3831 4075 εἰκόνα

2185 4106 2562 4183 φαντασθέντες
2594 4104 2871 4174 ἀληθείας·
2911 4106 3001 4161 καὶ
3052 4105 3237 4162 πολλά
3281 4106 3561 4182 τερατώδη
3616 4110 3831 4182 θαυμά-

2184 4217 2271 4249 σια
2294 4200 2487 4266 ποιῶν,
2520 4196 2593 4256 ὡς
2627 4194 2671 4249 εἰ
2707 4195 2782 4267 μὴ
2814 4191 3035 4269 ᾔδειμεν
3087 4194 3167 4250 ὅτι
3217 4196 3408 4272 μαγείᾳ
3436 4201 3603 4252 ταῦτα
3655 4204 3828 4267 ποιεῖ,

2181 4286 2538 4355 ἠπατήθημεν
2589 4282 2648 4338 ἂν
2692 4281 2781 4338 καί
2830 4283 3001 4341 αὐτοί.
3052 4288 3157 4339 Νῦν
3207 4282 3264 4339 δὲ
3296 4284 3385 4340 ὅτε
3423 4284 3753 4359 πολυμανής
3784 4290 3830 4325 ⁷⁸

2182 4375 2382 4443 ἀπατᾷν
2411 4370 2575 4441 ἤθελε
2614 4371 2701 4426 καὶ
2750 4371 2877 4434 τοὺς
2927 4372 2977 4427 ἐν
3031 4368 3321 4444 θεοσεϐείᾳ,
3371 4373 3681 4447 ἀπέστημεν
3734 4376 3828 4430 ἀπ’

2178 4462 2359 4521 αὐτοῦ.
2395 4463 2489 4516 Καὶ
2520 4462 2619 4537 γὰρ
2655 4467 2955 4538 μιαιφονεῖν
2974 4458 3196 4538 ἤρξατο,
3228 4462 3301 4524 ὡς
3331 4463 3488 4524 αὐτὸς
3520 4461 3598 4518 ἔτι
3628 4463 3816 4543 φίλοις

432 4568 681 4637 coeperat
710 4582 721 4631 ;
748 4562 898 4617 sicut
920 4559 1084 4615 nobis
1110 4558 1299 4612 adhuc
1322 4556 1524 4611 amicis
1544 4553 1700 4609 velut
1720 4555 1942 4609 amicus
1966 4571 2064 4625 pa—

2211 4551 2322 4607 ῦσιν
2352 4555 2486 4624 ἡμῖν
2521 4553 2606 4605 οἷα
2634 4548 2793 4628 φίλος
2826 4550 3083 4628 ἐξέφανεν,
3116 4550 3199 4605 ὅτι
3231 4548 3451 4606 παιδίου
3490 4554 3674 4629 ψυχὴν
3722 4558 3821 4607 τοῦ

423 4654 651 4720 tefecit;
686 4651 839 4724 quod
871 4666 1004 4704 cum
1036 4646 1200 4720 pueri
1241 4646 1497 4700 animam
1530 4664 1562 4699 τι
1584 4660 1689 4697 suo
1715 4660 1951 4714 corpore
1975 4661 2060 4697 se-

422 4746 702 4814 parasset,
720 4738 976 4795 infandis
994 4736 1346 4807 quibusdam
1364 4735 1454 4803 adj
1467 4734 1786 4787 oramentis
1801 4733 2054 4787 futuram

423 4831 767 4903 adjutricem
800 4830 869 4884 ad
901 4841 1100 4882 eorum
1120 4841 1243 4896 qua:
1266 4824 1389 4895 ipse
1410 4822 1577 4877 vellet
1598 4822 2054 4893 repraesentatio-

2174 4639 2312 4695 ἰδίου
2344 4642 2593 4711 σώματος
2626 4638 2891 4715 χωρίσας,
2924 4637 3258 4715 ἀπορῥήτοις
3290 4638 3476 4715 ὅρκοις
3522 4641 3655 4709 τισὶ,
3689 4663 3814 4695 συν-

2167 4732 2316 4805 εργὸν
2349 4730 2484 4804 πρὸς
2524 4730 2623 4796 τὴν
2668 4731 2774 4781 τῶν
2824 4725 2970 4798 αὒτῷ
3021 4724 3323 4782 δοκούντων
3379 4730 3686 4805 φαντασίαν,
3717 4730 3811 4785 τὸν

2164 4817 2329 4874 παῖδα
2358 4816 2655 4894 διαγράψας
2688 4815 2773 4871 ἐπὶ
2797 4816 3023 4887 εἰκόνος,
3041 4813 3091 4870 ἔν
3112 4838 3214 4871 τινι
3233 4814 3496 4889 ἐνδοτέρῳ
3519 4808 3815 4891 οἷ’κῳ,καθ’

1764 4967 2004 5021 VARI/E
2071 4964 2481 5021 LECTIONES.

1263 5084 1349 5149 18,
1379 5084 1469 5148 21,
1505 5087 1614 5136 etc.

1580 5154 1624 5187 72
1648 5152 1722 5207 al.
1780 5149 2045 5220 ἀνωτάτη.

1516 5224 1557 5258 ⁷⁵
1587 5223 1662 5279 al.
1698 5221 1771 5282 εἷς
1801 5223 1892 5275 τὸν
1922 5229 2039 5290 τῆς.

490 5089 537 5125 ⁸³
566 5088 806 5145 ϐῑεγηεηι
837 5086 994 5140 hom.
1028 5100 1093 5152 11,
1125 5100 1229 5155 cap

421 5155 591 5221 ἔθνος.
678 5162 720 5194 ⁷¹
746 5159 821 5214 al.
873 5157 1089 5223 Γητθῶν
1145 5152 1213 5210 ef
1256 5152 1496 5221 Γητθών.

419 5235 463 5268 ⁷³
536 5231 612 5288 al.
646 5226 756 5299 ἰδίᾳ
782 5226 1055 5300 προλήψει
1088 5231 1152 5282 ut
1171 5227 1430 5300 Qlement.

416 5306 460 5345 ⁷⁸
543 5303 618 5359 al.
650 5294 793 5356 πολὺ
826 5294 1011 5373 μανεὶς
1042 5303 1098 5354 et
1124 5294 1480 5367 πολυμανείς.

1700 5082 1745 5115 ⁶⁰
1776 5078 1961 5151 Σίμων
1994 5077 2084 5133 οὖν
2136 5078 2212 5135 al.
2275 5078 2461 5149 Σίμων
2494 5077 2673 5145 οὗτος,
2706 5081 2771 5132 ut
2825 5079 3146 5134 Clementia.
3182 5094 3245 5143 II,
3302 5078 3392 5134 22.
3449 5083 3576 5133 COT.

1711 5194 1722 5205 .
1780 5149 2045 5205 ἀνωτάτη.
2132 5153 2177 5186 ⁷³
2208 5150 2280 5205 al.
2336 5151 2595 5205 Clement.
2657 5151 2831 5204 inser.
2885 5147 3105 5203 ἑστῶτα.
3196 5150 3241 5183 ⁷⁸
3265 5148 3340 5204 al.
3402 5146 3576 5205 ἐγεοθτ

2132 5153 2177 5186 ⁷³
2208 5151 2280 5206 al.
2336 5151 2595 5205 Clement.
2657 5151 2831 5204 inser.
2885 5151 3105 5203 ἑστῶτα.
3196 5151 3241 5183 ⁷⁴
3265 5151 3340 5204 al.
3402 5151 3796 5224 ἐγερθήσεσθαι.

2124 5224 2167 5258 ⁷⁷
2200 5223 2456 5278 Clement.
2507 5222 2664 5276 hom.
2710 5237 2772 5290 ιι,
2807 5238 2857 5276 c.
2887 5221 2978 5275 25.
3011 5221 3279 5291 Recognil.
3313 5220 3353 5275 Ι.
3391 5237 3453 5287 ιι,
3480 5238 3530 5276 ο.
3567 5221 3655 5291 12,
3688 5227 3796 5279 etc.

3196 5095 3245 5143 :1,
3302 5079 3392 5134 22.
3449 5083 3576 5133 Co'r.
3654 5080 3698 5114 ¹⁰
3728 5079 3804 5135 al.

3196 5150 3241 5224 ’δέ
3265 5148 3340 5224 al_.
3402 5146 3798 5224 ἐγερθήσεσθαι.

1783 5418 2166 5475 VARIORUM
2197 5419 2424 5474 NOT/E.

479 5528 555 5597 (8)
632 5523 877 5607 Χριστὸνὶ
929 5520 1111 5575 ἑαυτὸν
1174 5518 1541 5607 ,αἰνιττόμενος
1616 5515 2037 5607 προσαγορεύει,

408 5593 622 5656 Mirum
670 5593 726 5649 i'n
762 5595 918 5649 nullo
964 5593 1276 5665 exemplari
1308 5598 1440 5647 ante
1487 5593 1871 5665 προσαγορεύει
1906 5593 2039 5665 poni

407 5670 631 5742 ἑστῶτα,
672 5667 826 5741 quod
876 5670 932 5722 et
986 5661 1287 5722 Clementia
1344 5661 1579 5734 habent,
1631 5661 1689 5720 et
1733 5661 2041 5736 ’sequentia

2150 5516 2470 5587 postulant.
2506 5518 2587 5571 An
2616 5531 2812 5571 vocem
2844 5532 2957 5589 n_on
3000 5514 3287 5589 intellexit
3317 5514 3739 5589 Metaphrastes
3761 5516 3791 5571 ?

2148 5586 2291 5645 Vide
2324 5606 2430 5645 nos
2459 5589 2529 5645 ad
2561 5589 2835 5661 Recogm't.
2871 5586 2913 5643 Ι.
2949 5602 3116 5646 Lxxu.
3150 5588 3278 5645 Cor.
