4148 6342
215 403 342 473 493

972 413 1505 476 CLEMENTINA.
1536 449 1611 458 —
1646 414 1988 477 EPI'I‘OME
2036 414 2135 476 DE
2180 417 2451 479 GESTIS
2497 418 2559 477 S.
2614 415 2867 475 PETRI.

3492 422 3611 479 494

212 545 272 598 ’ὃν
308 543 472 607 αὐτὸς
503 544 684 613 ὑπνοῖ,
734 544 1141 617 ἀνατεθειμένην
1184 542 1319 620 ἔχει.
1354 546 1468 616 Διὸ,
1500 542 1741 601 ἀσέϐειαν
1770 544 1861 601 αὑ-

1991 565 2104 604 iem
2133 568 2146 615 ;
2181 565 2357 620 puero
2388 551 2444 603 in
2478 548 2729 621 imagine
2746 547 3051 617 delineato,
3086 554 3483 605 consecratam
3512 551 3615 606 ha-

209 637 313 687 τοῦ
345 632 718 709 καταγνόντες,
751 633 1056 707 ἀπέστημεν
1089 635 1177 688 ἀπ’
1207 635 1388 691 αὑτοῦ.

287 906 537 959 XXVIII.
568 906 743 957 Ταῦτα
788 907 884 957 τοῦ
915 900 1122 958 Ἀκύλα
1152 902 1418 975 εἰπόντος,
1452 904 1480 957 6
1513 901 1746 981 ἀδελφὸς
1778 903 1867 958 αύ-

213 995 321 1045 τοῦ
373 992 638 1061 Νικήτης·
688 992 1031 1068 ’Δναγκαῖον,
1090 989 1291 1069 ἀδελφέ
1339 991 1573 1064 Κλήμη,
1632 992 1756 1069 ἔφη,
1802 992 1870 1046 τά

215 1079 655 1158 παραλειφθέντα
698 1085 779 1152 τῷ
838 1080 1043 1151 Ἀκύλᾳ
1100 1080 1197 1153 ἐμὲ
1257 1080 1588 1152 ὑπομνῆσαι.
1649 1085 1870 1156 Πρῶτον

224 1169 322 1241 μὲν
356 1170 460 1245 γὰρ
492 1170 521 1223 6
551 1170 679 1230 Θεὸς
728 1170 950 1243 μάρτυς,
982 1169 1057 1231 ὡς
1088 1167 1239 1224 οὐδὲν
1274 1168 1437 1223 αὐτοῦ
1467 1172 1628 1242 ἡμεῖς
1660 1190 1865 1245 συνειρ-

218 1260 507 1333 γασάμεθα
553 1253 759 1330 ἀσεϐὲς,
810 1257 931 1313 ἀλλ’
981 1258 1062 1313 δτι
1098 1258 1259 1313 αὐτοῦ
1288 1258 1614 1332 πράσσοντος
1645 1260 1865 1333 ἰστορή-

218 1367 415 1420 σαμεν.
468 1347 566 1401 Καὶ
618 1348 817 1422 μέχρις
867 1346 956 1401 ὅτε
1005 1342 1219 1417 ἀϐλαϐῆ
1272 1352 1443 1401 ποιῶν
1490 1345 1865 1418 ἐπεδείκνυτο,

220 1435 578 1511 ἒτερπόμεθα·
635 1435 724 1490 ὅτε
769 1433 825 1490 δὲ
866 1438 932 1490 τὰ
978 1437 1169 1511 μαγείᾳ
1194 1436 1299 1490 τινὶ
1347 1435 1623 1512 γινόμενα,
1655 1437 1866 1506 θεότητι

216 1530 400 1579 ποιεῖν
452 1526 586 1600 πρὸς
634 1524 841 1594 ἀπάτην
892 1520 1153 1579 θεοσεϐὦν
1205 1523 1407 1599 ἔλεγεν,
1454 1525 1551 1580 οὐκ
1594 1523 1668 1580 ἔτι
1705 1525 1867 1580 αὑτοῦ

219 1614 621 1688 ἠνεσχόμεθα,
677 1612 854 1668 καίτοι
928 1612 1111 1668 πολλὰ
1166 1616 1299 1686 ἡμῖν
1372 1613 1865 1689 ἐπαγγελλομένου·

216 1707 439 1777 πρῶτον
500 1704 594 1775 μὲν
652 1703 777 1757 ναὸν
833 1702 921 1757 καὶ
980 1700 1291 1777 ἀνδριάντας
1338 1706 1497 1776 ἡμῶν
1542 1724 1869 1758 κατασκευα-

218 1794 439 1861 σθῆναι,
470 1792 561 1846 καὶ
606 1792 759 1856 θεοὺς
808 1793 1123 1865 νομισθῆναι
1155 1794 1219 1863 ⁸ο,
1252 1792 1341 1847 καὶ
1383 1793 1484 1847 ὑπὸ
1534 1791 1800 1867 βασιλέων
1824 1794 1867 1829 δι

222 1878 565 1953 δοξασθῆναι,
612 1881 700 1935 καὶ
761 1878 1042 1953 δημοσίων
1085 1885 1261 1954 τιμῶν
1317 1882 1731 1951 καταξιωθῆναι,
1780 1881 1870 1935 καὶ
1902 1920 1951 1984 Β

325 1970 339 1984 .
552 1968 566 1984 ,
779 1968 790 1984 ,
1018 1968 1036 1984 ς
1160 1976 1186 1984 -

219 1970 507 2046 χρήμασιν
541 1968 943 2044 ἀπεριορίστοις
972 1968 1303 2038 πλουτῆσαι.

296 2146 495 2201 XXIX.
526 2144 700 2199 Ταῦτά
745 2166 803 2200 τε
846 2146 934 2200 καὶ
964 2146 1029 2200 τὰ
1072 2145 1287 2209 τούτοις
1321 2146 1541 2221 μείζονα
1577 2146 1872 2219 νομιζόμε-

228 2256 315 2306 να,
349 2236 484 2307 ἡμῖν
536 2233 821 2309 ὑπέσχετο,
868 2234 1029 2307 μόνον
1074 2234 1165 2289 ’ἱνα
1208 2236 1453 2299 συνόντες
1510 2236 1652 2308 αὑτῴ
1686 2238 1748 2291 τὸ
1776 2239 1875 2305 τῆς

230 2325 598 2399 ἒγγειρήσεως
655 2323 816 2378 κακὸν
875 2328 1199 2397 σιωπῶμεν,
1257 2324 1403 2387 ὅπως
1461 2324 1606 2397 αύτῷ
1655 2327 1721 2380 τα
1774 2333 1873 2394 τῆς

228 2413 443 2482 ἀπάτης
490 2412 774 2488 προκόπτῃ
807 2457 820 2470 .
868 2413 966 2467 Καὶ
1018 2412 1168 2487 ὅμως
1217 2413 1278 2467 ού
1327 2414 1677 2486 συνεθέμεθα·
1732 2413 1875 2469 ἀλλά

227 2500 319 2555 καὶ
355 2500 511 2555 αὑτὸν
542 2508 641 2570 τῆς
668 2502 925 2570 τοιαύτης
966 2502 1218 2564 ἀπονοίας
1268 2502 1567 2557 παύσασθαι
1617 2499 1873 2557 συνεϐου-

228 2590 519 2663 λεύσαμεν,
554 2590 803 2665 λέγοντες
832 2589 1001 2663 αὐτῷ·
1062 2595 1264 2645 Παῦσαι
1312 2598 1412 2660 τῆς
1455 2592 1714 2662 τοιαύτης
1746 2591 1872 2647 τόλ-

233 2698 369 2753 μης·
402 2680 530 2741 Θεὸς
563 2679 694 2734 εἶναι
727 2679 788 2733 ού
816 2677 1055 2734 δύνασαι·
1091 2674 1360 2758 φοϐήθητι
1393 2681 1483 2734 τὸν
1517 2677 1685 2743 ὄντως
1712 2681 1870 2741 θεόν·

228 2774 400 2844 γνῶθι
433 2768 515 2823 ὅτι
544 2766 822 2844 ἄνθρωπος
853 2768 1012 2839 εἷ,καὶ
1057 2767 1138 2823 ὅτι
1181 2790 1275 2824 σου
1321 2769 1512 2844 μικρός
1548 2770 1684 2824 ἐστιν
1717 2771 1745 2823 ὁ
1774 2777 1875 2839 τῆς

231 2864 381 2926 ζωῆς
407 2857 630 2932 χρόνος.
659 2857 762 2911 Κᾶν
800 2858 935 2933 μέγα
954 2857 1289 2932 πλουτήσῃς,
1330 2858 1364 2927 ἢ
1397 2860 1486 2912 καὶ
1534 2858 1872 2934 βασιλεύσῃς,

230 2945 311 3018 τῷ
344 2951 522 3023 μικρῷ
552 2967 647 3001 σου
696 2945 881 3022 χρόνῳ
926 2953 1027 3015 τῆς
1080 2951 1225 3016 ζωῆς
1257 2946 1419 3021 ὀλίγα
1455 2947 1707 3023 τυγχάνει
1739 2950 1874 3023 πρὸς

233 3033 557 3089 ἀπόλαυσιν·
615 3034 706 3088 καὶ
764 3029 970 3097 ἀσεϐῶς
1023 3037 1254 3105 ζήσαντα
1300 3035 1489 3089 αἰωνία
1537 3034 1757 3097 κόλασις
1786 3057 1877 3090 πε-

232 3122 460 3197 ριμένει.
510 3125 603 3177 Διὸ
658 3117 939 3199 φοϐεῖσθαι
989 3125 1035 3159 ⁸³
1088 3125 1179 3179 τὸν
1233 3125 1359 3180 Θεὸν
1406 3120 1871 3198 συμϐουλεύομεν,

233 3214 326 3289 ὑφ’
352 3210 414 3266 οὗ
443 3213 692 3287 κριθῆναι
722 3209 838 3287 ἔχει
862 3214 898 3281 ἡ
932 3210 1154 3267 ἑκάστου
1204 3216 1355 3291 ψυχή
1396 3214 1519 3291 περὶ
1551 3216 1624 3268 ὧν
1658 3212 1875 3291 ἔπραξεν

234 3302 486 3364 ὲνταῦθα.

307 3395 472 3446 XXX.
505 3391 563 3443 Ὀ
611 3386 667 3444 δὲ
716 3394 883 3445 ταῦτα
939 3390 1190 3461 ἀκούσας,
1252 3392 1524 3467 ἐγέλασεν.
1583 3393 1767 3465 Ἠμῶν
1819 3389 1875 3447 δὲ

230 3478 516 3533 εἰπόντων·
551 3478 615 3535 Τί
642 3482 749 3532 τῶν
780 3481 826 3516 ⁸³
851 3480 919 3533 τά
970 3500 1053 3534 σοι
1104 3479 1442 3558 συμφέροντα
1481 3476 1877 3554 συμϐουλευόν-

230 3589 345 3622 των
374 3565 672 3644 καταγελᾷς
706 3586 720 3636 ;
754 3567 978 3630 ἐκεῖνος·
1032 3566 1184 3623 Γελῶ
1235 3569 1409 3642 ὑμῶν,
1460 3567 1577 3639 ἔθη,
1623 3571 1722 3638 τὴν
1758 3592 1874 3643 μω-

236 3658 335 3734 ρὰν
368 3655 655 3731 ὑπόληψιν,
695 3656 777 3711 ὅτι
828 3655 1105 3711 πιστεύετε
1150 3657 1408 3721 ἀθάνατον
1459 3659 1591 3713 εἶναι
1638 3661 1737 3728 τήν
1782 3665 1878 3714 τοῦ

234 3747 523 3822 ἀνθρώπου
578 3747 788 3823 ψυχήν.
856 3747 1017 3822 Κάγὼ
1074 3746 1226 3821 ἔφην·
1288 3748 1359 3802 Οὑ
1418 3748 1784 3822 θαυμάζομεν,

234 3836 451 3909 Σίμων,
501 3835 547 3890 εἷ
589 3835 795 3907 ἀπατᾷν
843 3838 990 3909 ἡμᾶς
1042 3836 1358 3911 ἐπιχειρεῖς,
1408 3836 1532 3892 ἀλλ’
1576 3838 1878 3909 ἐκπληττό-

239 3926 379 3997 μεθα
407 3927 454 3960 ⁸⁸
480 3924 583 3978 τίνι
615 3922 764 4000 λόγῳ
790 3925 880 3979 καί
911 3927 1128 3979 σεαυτὸν
1160 3926 1383 3996 ἀπατᾷς.
1416 3929 1551 4002 Λέγε
1598 3926 1687 3982 οὖν
1721 3930 1879 4001 ἡμῖν,

236 4015 282 4067 ὦ
315 4014 527 4085 Σίμων,
561 4013 722 4067 εἶκαὶ
769 4018 877 4068 τῶν
924 4012 1109 4071 ἅΛλων
1166 4013 1341 4077 οὑδείς
1391 4016 1879 4094 πεπληροφόρηται

236 4102 500 4156 ἀθάνατον
531 4101 662 4157 εἶναι
692 4104 790 4172 τὴν
838 4104 1046 4179 ψυχήν,
1076 4101 1203 4159 ἀλλ’
1248 4102 1337 4159 οὖν
1370 4126 1431 4180 γε
1462 4106 1520 4159 σὸ
1550 4106 1637 4160 καὶ
1668 4109 1830 4179 ἡμεῖς
1866 4124 1880 4175 ;

238 4190 301 4244 σὺ
338 4192 457 4263 μὲν,
490 4190 565 4253 ὡς
598 4190 936 4267 ἀνθρωπείου
986 4194 1241 4265 σώματος
1289 4194 1529 4269 χωρίσας
1575 4195 1762 4265 αὑτὴν,
1794 4195 1882 4249 καὶ

236 4278 665 4355 προσομιλήσας
695 4280 784 4334 καὶ
818 4279 1085 4354 ἐπιτάξας·
1116 4284 1280 4355 ἡμεῖς
1324 4280 1401 4349 δὲ,
1451 4283 1525 4345 ὡς
1580 4280 1885 4360 συμπαρόν-

236 4368 443 4437 τες,καὶ
487 4368 585 4437 τῆν
640 4368 902 4443 ἐπιταγὴν
963 4369 1399 4438 ἀκούσαντες,καὶ
1447 4372 1509 4426 τὸ
1556 4372 1802 4437 κελευθὶν
1842 4376 1886 4410 ⁸⁵

240 4459 476 4533 ἐναργῶς
522 4458 1028 4533 ἱστορήσαντες.Καὶ
1078 4461 1106 4514 6
1138 4460 1349 4534 Σίμων·
1382 4462 1519 4539 Ἐγὼ
1563 4462 1654 4535 μὲν
1687 4460 1805 4517 οἶδα
1832 4462 1883 4517 τί

242 4545 449 4620 λέγετε’
484 4546 637 4620 ὑμεῖς
684 4544 741 4602 δὲ
784 4548 883 4603 οὑκ
929 4545 1107 4603 οἷ’δατε
1153 4550 1279 4625 περὶ
1308 4551 1452 4613 τίνος
1482 4554 1527 4588 ⁸⁸
1557 4548 1881 4626 διαλέγεσθε.

1975 639 2133 693 beret
2155 639 2463 710 imaginem
2493 640 2545 691 in
2572 639 2823 709 quadam
2846 639 3337 708 interioriaadejn
3361 640 3613 712 quaipse

1974 719 2203 798 caperet
2231 744 2524 782 somnum.
2556 730 2933 799 Quapropter,
2962 728 3239 783 damnata
3261 729 3389 798 ejus
3410 729 3615 801 impie-

1974 821 2111 885 tate,
2143 816 2535 871 abscessimus
2567 817 2636 871 ab
2673 832 2759 872 eo.

2044 906 2286 960 XXVIII.
2316 906 2361 939 τυ
2391 905 2518 959 Haec
2551 921 2678 959 cum
2719 905 2928 976 Aquila
2973 905 3233 973 dixisset,
3268 906 3444 962 frater
3486 908 3614 978 ejus

1975 994 2203 1049 Nicetas
2228 1012 2239 1047 :
2265 994 2510 1048 Necesse
2531 998 2640 1060 est,
2674 993 2848 1048 frater
2868 994 3154 1059 Clemens,
3187 995 3400 1066 inquit,
3433 1012 3499 1050 ea
3521 1012 3615 1051 me

1977 1099 2452 1152 commemorare,
2485 1099 2610 1153 quas
2655 1082 2726 1135 ab
2770 1082 2982 1153 Aquila
3030 1084 3422 1154 praetermissa
3453 1091 3612 1141 sunt.

1977 1172 2238 1226 Primum
2260 1172 2528 1243 equidem
2556 1175 2700 1225 Deus
2730 1172 2895 1226 testis
2917 1176 3024 1241 est,
3049 1189 3153 1227 nos
3175 1172 3233 1225 in
3259 1172 3417 1227 nullo
3444 1189 3615 1245 opere

1978 1260 2156 1332 impio
2185 1260 2478 1331 adjuvisse
2503 1276 2636 1315 eum
2664 1277 2675 1314 :
2705 1260 2803 1314 sed
2826 1259 2923 1315 illo
2957 1261 3465 1327 faciente,tantum
3489 1278 3616 1333 spe-

1977 1355 2184 1405 ctasse.
2209 1350 2277 1403 Et
2307 1348 2563 1420 quandiu
2596 1365 2770 1420 opera
2797 1350 3030 1404 innoxia
3059 1350 3615 1417 edebat,delectaba-

1979 1455 2145 1492 mur:
2182 1438 2413 1509 quando
2447 1442 2640 1492 autem
2674 1454 2799 1508 quae
2824 1454 2925 1509 per
2956 1440 3210 1510 magiam
3240 1439 3477 1506 fiebant,
3514 1457 3615 1511 per

1979 1525 2338 1580 divinitatem
2371 1542 2431 1580 se
2455 1525 2660 1596 facere,
2679 1526 2749 1579 ad
2774 1525 2899 1596 pios
2922 1525 3188 1582 homines
3218 1527 3619 1599 decipiendos,

1979 1614 2141 1680 dixit,
2167 1632 2278 1668 non
2303 1612 2552 1685 amplius
2569 1630 2701 1669 eum
2726 1614 2882 1685 passi
2904 1617 3405 1686 sumus,quamvis
3428 1616 3619 1673 multa

1979 1704 2148 1759 nobis
2180 1702 2578 1774 promitteret;
2613 1703 2867 1773 primum
2901 1705 3159 1774 quidem,
3217 1707 3334 1760 fore
3374 1711 3440 1760 ut
3470 1711 3616 1760 tem-

1979 1792 2143 1865 plum
2169 1797 2225 1847 et
2256 1796 2458 1847 statuae
2492 1793 2660 1848 nobis
2689 1798 3145 1860 exstruerentur,
3192 1795 3388 1866 diique
3420 1796 3617 1850 existi-

1982 1897 2315 1949 maremur;
2364 1882 2503 1936 item
2535 1898 2568 1936 a
2610 1882 2846 1953 regibus
2896 1882 3407 1954 magniﬁcaremur
3446 1889 3620 1956 atque

1983 1971 2337 2026 donaremur
2367 1970 2613 2041 publicis
2644 1970 2965 2026 honoribus
2995 1989 3008 2039 ;
3041 1988 3144 2027 nec
3178 1989 3290 2027 non
3317 1973 3547 2028 inﬁnita
3566 1974 3619 2027 vi

1984 2060 2240 2131 pecunize
2273 2059 2708 2115 ditesceremus.

2054 2146 2244 2201 XXIX.
2278 2147 2428 2214 Haec,
2462 2152 2519 2202 et
2549 2146 2662 2202 alia
2691 2165 2817 2219 qua:
2864 2153 3148 2221 putantur
3176 2151 3419 2221 majora,
3453 2150 3621 2206 nobis

1984 2235 2384 2308 pollicebatur,
2409 2236 2578 2291 modo
2602 2240 2666 2291 ut
2686 2253 2819 2292 cum
2843 2253 2907 2293 eo
2931 2238 3205 2308 viventes,
3230 2255 3469 2310 pravum
3492 2240 3620 2310 ejus

1984 2324 2261 2379 molimen
2292 2330 2638 2391 taceremus,
2672 2342 2785 2397 quo
2819 2325 2979 2381 fraus
3012 2327 3061 2381 ei
3092 2327 3443 2382 succederet.
3467 2329 3621 2382 Atta-

1985 2430 2115 2467 men
2149 2414 2372 2468 assensi
2405 2430 2515 2467 non
2551 2430 2796 2469 sumus:
2830 2415 3092 2485 quinimo
3123 2414 3434 2471 consilium
3468 2416 3623 2471 dedi-

1985 2518 2137 2572 mus,
2168 2507 2233 2556 ut
2263 2502 2333 2556 ab
2364 2502 2476 2556 ista
2533 2504 2802 2557 vecordia
2851 2504 3191 2572 desisteret;
3238 2504 3496 2560 dicentes
3525 2506 3575 2560 ei
3603 2524 3615 2560 :

1982 2596 2154 2646 Cessa
2183 2591 2255 2645 ab
2287 2590 2623 2661 hujusmodi
2647 2591 2849 2646 audaci
2870 2592 3139 2647 facinore.
3166 2593 3319 2648 Deus
3342 2610 3469 2649 esse
3501 2611 3614 2648 non

1985 2684 2184 2750 potes:
2218 2679 2356 2734 time
2387 2696 2521 2734 eum
2555 2680 2654 2750 qui
2703 2696 2832 2735 vere
2887 2684 3032 2735 Deus
3064 2686 3193 2750 est;
3253 2698 3535 2753 cognosce
3566 2688 3619 2736 te

1982 2784 2110 2823 esse
2151 2767 2471 2836 hominem,
2523 2768 2807 2838 breveque
2863 2785 2990 2825 esse
3044 2774 3277 2841 tempus
3323 2770 3455 2825 vitae
3484 2775 3615 2825 tum.

1982 2856 2325 2928 Quanquam
2358 2857 2675 2911 admodum
2733 2855 3011 2929 locuples,
3044 2858 3131 2913 vel
3163 2860 3335 2914 etiam
3368 2876 3464 2914 rex
3485 2877 3615 2915 eva-

1983 2944 2149 3013 seris,
2181 2946 2386 3018 exiguo
2438 2946 2565 3000 vitae
2609 2950 2722 3000 tuaa
2770 2947 2957 3018 spatio
3007 2964 3190 3019 pauca
3235 2952 3374 3003 sunt
3403 2948 3615 3020 quibus

1984 3034 2229 3090 frueris:
2263 3040 2319 3089 et
2349 3035 2635 3090 viventem
2687 3035 2881 3107 impie,
2929 3041 3152 3091 aeternae
3200 3053 3369 3107 poena
3400 3044 3613 3092 manet.

1984 3126 2169 3189 Quare
2194 3129 2460 3179 auctores
2493 3140 2719 3193 sumus,
2752 3124 2935 3179 Deum
2965 3125 3237 3193 verearis,
3262 3143 3295 3180 a
3324 3126 3615 3196 quojudi-

1984 3212 2101 3268 cari
2132 3212 2303 3269 debet
2344 3213 2804 3283 uniuscujusque
2854 3214 3070 3280 anima,
3121 3230 3223 3284 pro
3262 3213 3336 3269 iis
3368 3231 3491 3285 quae
3525 3212 3617 3269 hic

1905 3287 1947 3353 C
1985 3300 2183 3374 gessit.

2055 3390 2219 3446 XXX.
2256 3392 2381 3447 Hinc
2428 3390 2523 3447 ille
2581 3392 2843 3457 audiens,
2902 3390 3049 3446 risit.
3101 3392 3361 3463 Cumque
3400 3391 3614 3447 dicere-

1985 3497 2120 3536 mus
2145 3496 2158 3537 :
2191 3483 2304 3534 Cur
2333 3496 2430 3535 eos
2452 3480 2680 3547 irrides,
2704 3482 2803 3552 qui
2826 3481 2932 3535 tibi
2963 3479 3128 3535 utilia
3161 3480 3453 3535 suadent?
3474 3481 3575 3536 Ille
3602 3499 3613 3537 :

1990 3570 2187 3636 Rideo,
2218 3569 2430 3640 inquit,
2480 3569 2720 3625 stultam
2767 3569 3098 3642 opinionem
3142 3572 3413 3637 vestram,
3460 3572 3613 3641 quod

1988 3658 2223 3713 creditis
2254 3658 2642 3714 immortalem
2673 3676 2797 3714 esse
2829 3658 3084 3713 hominis
3116 3658 3390 3713 animam.
3426 3658 3494 3713 Et
3514 3676 3619 3731 ego

1991 3748 2297 3820 respondi:
2328 3747 2451 3803 Non
2483 3748 2786 3815 miramur,
2833 3764 2864 3802 o
2918 3748 3140 3813 Simon,
3187 3746 3235 3801 si
3288 3747 3485 3802 fallere
3514 3764 3621 3802 nos

1990 3837 2238 3904 conaris,
2270 3837 2371 3892 sed
2403 3836 2892 3909 obstupesoimus,
2927 3853 3041 3908 qua
3093 3837 3313 3891 ratione
3362 3836 3536 3891 etiam
3567 3841 3625 3890 te

1991 3928 2115 3999 ipse
2145 3926 2418 3996 decipias.
2447 3926 2632 3981 Effare
2654 3926 2831 3997 igitur
2852 3926 3037 3996 nobis,
3059 3924 3260 3982 Simon
3288 3944 3300 3994 ;
3335 3926 3468 3981 licet
3490 3925 3629 3980 alio-

1993 4033 2122 4071 rum
2154 4032 2321 4070 nemo
2352 4021 2712 4086 compertum
2759 4016 3014 4083 haberet,
3069 4015 3323 4070 animam
3357 4030 3482 4070 esse
3514 4016 3629 4070 im-

1993 4106 2297 4161 mortalem
2325 4130 2339 4172 ;
2370 4109 2430 4160 tu
2462 4109 2654 4160 tamen
2686 4109 2742 4160 et
2772 4121 2876 4160 nos
2907 4105 3191 4160 habemus
3217 4122 3230 4159 :
3264 4110 3326 4159 tu
3367 4105 3627 4176 quidem,

1994 4200 2057 4250 ut
2087 4196 2186 4267 qui
2218 4213 2345 4251 eam
2379 4213 2411 4250 a
2442 4211 2677 4266 corpore
2705 4193 2963 4249 humano
2995 4193 3300 4262 diremisti,
3326 4195 3424 4266 qui
3456 4194 3631 4249 collo-

1995 4289 2163 4340 cutus
2192 4301 2273 4353 es,
2298 4284 2398 4356 qui
2427 4283 2761 4355 imperasti:
2789 4300 2893 4338 nos
2909 4299 3063 4348 vero,
3091 4287 3157 4337 ut
3186 4284 3285 4354 qui
3307 4284 3628 4353 adfuimus,

1994 4380 2050 4431 et
2078 4375 2387 4446 imperium
2419 4373 2768 4439 audivimus,
2802 4377 2858 4427 et
2908 4372 3057 4435 quod
3099 4372 3337 4442 jussum
3368 4377 3455 4427 est
3484 4373 3626 4427 vidi-

1996 4481 2127 4519 mus
2156 4463 2329 4518 clare.
2365 4462 2449 4515 Ad
2480 4462 2601 4516 haec
2631 4462 2867 4517 Simon:
2927 4461 3041 4532 Ego
3072 4460 3303 4530 quidem
3337 4461 3453 4516 scio
3484 4462 3620 4531 quid

1996 4552 2235 4620 dicatis;
2268 4568 2368 4606 vos
2390 4555 2582 4605 autem
2605 4551 2841 4606 nescitis
2872 4566 2986 4620 qua
3007 4550 3076 4603 de
3098 4565 3159 4603 re
3178 4547 3519 4619 loquamini.
3551 4552 3625 4603 Ac

242 4635 348 4691 Καὶ
390 4636 501 4710 ἑγὼ
552 4637 793 4706 Νικήτης
840 4632 993 4713 ἔφην·
1046 4638 1192 4692 Έπεὶ
1245 4636 1414 4708 οἶδας,
1461 4638 1606 4715 λέγε·
1642 4640 1685 4694 εἰ
1720 4638 1776 4694 δὲ
1810 4642 1875 4713 μθ

1995 4658 2098 4714 ego
2126 4641 2353 4698 Nicetas
2402 4639 2554 4695 dixi:
2618 4638 3097 4709 Quandoquidem
3148 4638 3286 4704 scis,
3334 4637 3622 4693 edissere:

244 4721 418 4795 οἶδας,
456 4725 531 4796 μή
566 4721 710 4779 δόκει
755 4727 902 4798 ἡμᾶς
944 4730 1024 4798 τῷ
1056 4727 1228 4802 λέγειν
1275 4727 1331 4781 σὲ
1368 4728 1459 4801 μὲν
1495 4726 1711 4802 εἰδέναι,
1743 4731 1888 4802 ἡμᾶς

244 4809 301 4866 δὲ
336 4813 436 4883 μῆ,
468 4812 764 4868 ἀπατᾶσθαι
797 4810 1150 4872 δύνασθαι.οὑ
1188 4817 1288 4891 γάρ
1325 4816 1481 4889 ἔσμεν
1511 4816 1653 4871 οὕτω
1676 4820 1886 4891 νήπιοι,

236 4900 330 4954 ἵνα
358 4905 667 4975 πανοῦργον
705 4900 980 4975 ἐνσπείρῃς
1026 4905 1163 4977 ἡμῖν
1204 4904 1458 4979 ὑποψίαν,
1495 4907 1582 4960 καὶ
1619 4905 1698 4977 τῷ
1727 4909 1769 4942 ⁸⁷
1799 4929 1890 4963 νο-

246 4990 422 5061 μίζειν
456 4990 513 5044 σέ
556 5012 608 5045 τι
652 4995 758 5045 τῶν
807 4991 1132 5067 ἀποῤῥήτων
1176 4991 1392 5066 εἰδέναι,
1446 4997 1490 5032 ⁸⁸
1540 4995 1888 5070 ὑποχειρίους

245 5074 417 5153 λάϐῃς
449 5081 513 5135 ⁸⁹.

314 5172 499 5224 XXXI.
531 5169 633 5224 Καὶ
663 5170 692 5222 6
726 5168 909 5242 Σίμων
941 5168 1062 5247 ἔφη·
1096 5175 1211 5226 Ὅτι
1269 5174 1364 5245 μὲν
1416 5174 1656 5249 ἒχώρισα
1704 5179 1887 5252 ψυχὴν

245 5256 584 5331 ἀνθρωπείου
626 5259 901 5332 σώματος,
954 5257 1076 5315 οἶδα
1129 5261 1269 5335 ὑμᾶς
1318 5260 1548 5325 εἰδότας·
1582 5264 1663 5319 ὅτι
1698 5262 1754 5319 δὲ
1785 5267 1893 5342 οὑχ

1999 4731 2152 4803 quod
2180 4729 2228 4785 si
2252 4731 2500 4797 nescias,
2524 4746 2593 4783 ne
2619 4728 2915 4783 existimes
2937 4726 3122 4797 decipi
3147 4743 3253 4781 nos
3274 4742 3461 4797 posse,
3487 4727 3625 4780 dum

1999 4820 2105 4889 ais,
2137 4824 2194 4875 te
2220 4819 2454 4890 quidem
2485 4818 2651 4885 scire,
2688 4834 2792 4871 nos
2824 4820 3017 4871 autem
3052 4809 3442 4887 nequaquam.
3474 4817 3629 4870 Adeo

1998 4909 2153 4964 enim
2184 4908 2378 4964 stolidi
2410 4924 2524 4962 non
2574 4923 2800 4970 sumus.
2851 4911 2913 4961 ut
2945 4906 3112 4960 nobis
3154 4906 3376 4961 vafram
3408 4907 3630 4960 inseras

1998 4999 2391 5069 suspicionem
2420 5022 2433 5063 ;
2465 4997 2811 5067 redigasque
2843 5014 2947 5052 nos
2976 4997 3035 5051 in
3065 5002 3228 5053 tuam
3262 4999 3627 5067 potestatem,

1999 5087 2398 5143 existimantes
2428 5086 2643 5156 aliquid
2676 5085 3057 5141 ineli‘abilium
3091 5085 3355 5159 cognosci
3387 5102 3420 5139 a
3448 5089 3522 5139 te.

2068 5176 2252 5231 XXXI.
2286 5174 2605 5246 Respondit
2636 5175 2833 5230 Simon
2860 5193 2872 5229 :
2919 5176 3080 5239 Quod
3132 5175 3369 5247 quidem
3400 5174 3631 5243 disjun-

1999 5267 2184 5322 xerim
2214 5265 2469 5320 animam
2502 5264 2573 5318 ab
2594 5264 2851 5319 humano
2873 5280 3131 5335 corpore,
3156 5264 3284 5319 novi
3318 5281 3417 5319 vos
3449 5264 3627 5319 scire:

1624 5410 2002 5469 VARIORUM
2040 5409 2271 5467 ΝΟΤλΕ.

314 5520 369 5599 ἶξ
389 5518 659 5599 σιεηιεητ.
692 5521 951 5599 ho_m._n,
1003 5540 1049 5578 c.
1085 5523 1175 5593 27,
1194 5526 1325 5599 Δειῐο.
1349 5524 1405 5599 ἐξ)
1435 5522 1510 5599 a_l.
1562 5524 1741 5599 inser.
1774 5523 1863 5599 καὶ

1991 5551 1998 5576 ι
2048 5520 2246 5599 ὄχλων,
2280 5530 2738 5599 προσκυνηθῆναι.
2772 5524 2814 5560 ⁸1
2848 5523 2922 5599 al.

2973 5521 3474 5598 βασιλέωςηΡευιο
3507 5533 3637 5598 post

242 5590 469 5698 μείζονα
500 5593 667 5648 abest
694 5609 728 5648 a
749 5594 979 5650 duobus
1012 5590 1312 5650 mss.'Co'r.
1346 5596 1393 5629 ⁸³
1424 5595 1497 5651 al.
1533 5590 1815 5673 φοϐεῖσθαί
1837 5616 1875 5649 σ‹

317 5665 391 5720 al.
421 5662 603 5720 τίνων.
638 5665 681 5699 ⁸⁷
711 5664 787 5720 al.
816 5668 933 5720 τοῦ.
968 5665 1042 5720 al.
1076 5664 1134 5720 ἐκ
1161 5669 1275 5720 τοῦ.
1311 5670 1438 5720 Co'r.
1472 5669 1515 5704 ⁸⁸
1548 5668 1601 5720 al
1654 5685 1875 5720 nrmnor

1991 5590 2175 5652 tos?”
2199 5597 2272 5653 al.
2297 5590 2479 5667 ἡμῶν.
2505 5590 2552 5631 ⁸⁸
2583 5590 2658 5653 al.
2695 5590 3139 5668 ἐκπεπλήγμεθα.
3163 5598 3206 5630 ³⁵
3230 5597 3308 5651 al.
3332 5590 3633 5655 κελευσθέν.

1991 5668 2047 5720 καὶ
2096 5665 2267 5720 οὕτως
2320 5667 2577 5720 ἐπιθυμία
2623 5666 3023 5720 κολαζομένους
3070 5669 3239 5720 ἡμᾶς.
3274 5670 3319 5705 ⁸9
3347 5669 3420 5720 al.
3455 5665 3633 5720 λαϐὼν

244 5731 401 5816 ixm-

379 5707 391 5719 .
421 5662 603 5720 τίνων.
638 5665 681 5699 ⁸⁷
711 5664 787 5722 al.
816 5668 933 5721 τοῦ.
968 5665 1042 5723 al.
1076 5664 1134 5720 ἐκ
1161 5669 1275 5723 τοῦ.
1311 5670 1438 5724 Co'r.
1472 5669 1515 5704 ⁸⁸
1545 5662 1601 5724 'al
1654 5685 1875 5745 praapor

1991 5668 2047 5723 αἱ
2096 5665 2267 5733 οὕτως
2320 5662 2577 5744 ἐπιθυμίᾳ
2623 5662 3023 5742 κολαζομένους
3070 5669 3239 5743 ἡμᾶς.
3274 5670 3319 5705 ⁸9
3347 5669 3420 5726 al.
3455 5665 3636 5728 λαϐὼν
