4140 6344
498 420 617 478 495

1323 419 1387 478 S.
1437 418 1876 479 CLEMEN'I‘IS
1925 420 1941 475 l
1995 416 2180 477 llOM.
2229 414 2457 476 PONT.
2508 411 2763 476 OPISIIA
2810 410 3069 479 DUBIA.

3772 402 3885 478 496

500 551 653 622 quod
687 566 817 603 vero
852 566 963 603 non
995 548 1192 604 anima
1235 549 1493 604 defuncti
1539 548 1848 613 ministret,
1896 549 1994 602 sed
2029 546 2134 602 ali-

2255 546 2412 612 ἡτοῢ
2441 547 2729 607 τεθνεῶτος
2783 548 2935 621 ψυχή
2996 547 3278 621 ὑπουργεῖ,
3340 545 3485 602 ἀλλὰ
3537 544 3747 619 δαίμων
3805 568 3891 608 τις

500 640 633 710 quis
665 639 912 705 daemon,
946 637 1045 710 qui
1100 655 1163 693 se
1217 639 1475 693 animam
1534 654 1662 693 esse
1711 635 1972 704 simulat,
2006 636 2137 691 novi

499 744 603 783 vos
636 727 921 798 ignorare.
956 726 1025 780 Et
1053 742 1157 798 ego
1188 726 1403 782 Nicitas
1447 728 1642 798 excepi
1669 743 1682 781 :
1715 726 1777 779 In
1806 725 1924 781 vita
1955 725 2140 781 multa

499 815 863 871 incredibilia
893 815 1265 871 audivimus:
1294 816 1403 871 hoc
1424 820 1619 871 tamen
1646 831 1913 870 sermone
1943 831 2138 870 amen-

500 905 706 961 tiorem
731 921 837 960 nos
860 920 1120 975 unquam
1138 904 1444 960 audituros
1464 921 1577 959 non
1599 903 2137 976 speravimus.Nam

503 995 553 1049 si
583 995 809 1049 damon
858 994 1025 1065 ﬁngit
1070 1010 1131 1049 se
1162 994 1418 1048 animam
1471 993 1684 1048 mortui
1716 1008 1862 1063 esse,
1895 992 2136 1063 quinam

505 1086 627 1138 erat
656 1082 861 1137 animae
886 1098 1050 1149 usus,
1075 1086 1139 1136 ut
1168 1099 1201 1137 a
1226 1098 1463 1153 corpore
1494 1081 1906 1154 separaretur?
1937 1080 2138 1135 Nonne

503 1171 616 1245 ipsi
646 1175 960 1244 prmsentes
1008 1171 1337 1225 audivimus
1368 1175 1446 1238 te,
1502 1186 1635 1225 cum
1667 1170 1923 1225 animam
1954 1186 1985 1224 e
2016 1186 2137 1224 cor-

504 1277 641 1332 pore
674 1260 997 1331 adjurando
1027 1258 1339 1314 evocares‘?
1372 1259 1439 1313 Et
1477 1276 1592 1330 qua
1618 1259 1858 1325 ratione,
1890 1274 2006 1312 uno
2038 1258 2136 1311 ad-

496 1351 715 1420 jUrato,
749 1346 894 1403 alter
924 1364 1039 1402 non
1070 1347 1393 1417 adjuratus,
1428 1352 1707 1418 tanquam
1752 1347 1971 1402 veritus
2002 1347 2137 1401 obe-

503 1438 636 1493 dit?
664 1438 863 1492 Nonne
913 1438 1087 1491 etiam
1140 1442 1203 1490 tu
1234 1436 1546 1506 aliquando
1603 1454 1636 1491 a
1679 1436 1846 1491 nobis
1878 1440 2135 1509 rogatus,

503 1543 680 1598 quam
713 1526 785 1581 ob
818 1541 1055 1580 causam
1086 1525 1376 1580 interdum
1419 1529 1715 1580 cessarent
1757 1526 2136 1587 assessiones.

501 1613 893 1685 respondisti:
929 1612 1072 1676 Quia
1120 1613 1334 1681 anima,
1369 1613 1654 1684 completo
1703 1630 1879 1683 super
1922 1619 2135 1668 terram

500 1708 759 1774 tempore
790 1703 942 1773 quod
992 1701 1050 1755 in
1109 1718 1345 1772 corpore
1393 1705 1697 1773 peractura
1744 1708 1885 1769 erat,
1932 1703 2000 1756 ad
2044 1703 2138 1757 in-

503 1790 654 1847 feros
684 1791 875 1846 vadit:
935 1807 1001 1845 ac
1056 1790 1433 1860 subjunxisti,
1485 1791 1712 1846 animas
1770 1807 1994 1857 eorum,
2037 1792 2138 1862 qui

2248 633 2671 709 ὑποκρινόμενος
2721 638 2765 671 9°
2814 635 2944 689 εἶναι
2996 636 3148 710 ψυχὴ
3200 638 3266 707 θί,
3300 632 3419 689 οῖδα
3468 635 3608 707 ὑμᾶς
3639 636 3889 710 ἀγνοοῦν-

2244 742 2358 784 τας’
2422 724 2523 778 Καὶ
2582 724 2690 797 ἐγὼ
2746 726 2987 793 Νικήτης
3038 722 3167 801 ἔφην
3206 742 3217 755 ·
3280 721 3472 777 Πολλὰ
3533 724 3583 778 έν
3647 728 3725 795 τῷ
3786 724 3889 799 βίῳ

2246 809 2550 883 ἠκούσαμεν
2586 812 2781 866 ἄπιστα
2802 832 2814 843 ·
2845 816 2939 866 τοῦ
2972 809 3030 866 δὲ
3055 812 3306 867 τοιούτου
3338 810 3502 887 λόγου
3535 812 3887 888 ἀνοητότερον

2246 900 2309 954 οὑ
2366 898 2841 975 προσεδοκήσαμεν
2902 901 3123 957 ἀκοῦσαί
3178 921 3353 959 ποτε.
3406 901 3469 955 Εἰ
3522 901 3623 978 γὰρ
3682 899 3890 975 δαίμων

2248 988 2588 1064 ὑποκρίνεται
2647 992 2681 1058 ἡ
2740 994 2835 1045 τοῦ
2885 992 3177 1052 τεθνεῶτος
3240 990 3373 1044 εἶναι
3418 991 3567 1067 ψυχὴ
3607 1036 3621 1059 ,
3651 990 3734 1052 τίς
3786 991 3888 1064 ἄρα

2244 1085 2344 1147 τῆς
2401 1081 2585 1153 ψυχῆς
2642 1080 2822 1154 χρεία,
2878 1084 2975 1134 τοῦ
3030 1081 3371 1154 χωρισθῆναι
3425 1084 3524 1134 τοῦ
3582 1080 3884 1153 σώματος;

2247 1166 2356 1221 Οὐκ
2386 1166 2536 1221 αὐτοὶ
2587 1164 2643 1221 δὲ
2689 1167 2951 1241 παρόντες
2998 1169 3303 1241 ἠκούσαμέν
3355 1189 3469 1240 σου,
3518 1173 3614 1222 τοῦ
3655 1171 3888 1239 σκήνους

2246 1257 2343 1323 τὴν
2375 1258 2558 1330 ψυχὴν
2604 1256 2969 1330 ἒξορκίζοντος
3001 1277 3014 1324 ;
3046 1262 3162 1319 πῶς
3214 1255 3270 1311 δὲ
3312 1258 3400 1312 καὶ
3450 1255 3625 1312 ἄλλου
3672 1259 3889 1334 ὁρκιζο-

2250 1346 2435 1417 μένου,
2491 1342 2670 1418 ’ἑτερος
2731 1346 2805 1417 μή
2857 1348 2901 1382 9’
2930 1346 3221 1421 ὁρκισθεὶς,
3281 1345 3355 1408 ὡς
3414 1340 3696 1421 φοϐηθεὶς,
3760 1347 3892 1401 ὕπα-

2246 1433 2395 1487 κούει
2449 1452 2462 1499 ;
2523 1433 2632 1487 Οὐκ
2687 1435 2788 1509 ἆρα
2846 1431 2902 1488 δὲ
2952 1434 3040 1488 καὶ
3101 1434 3260 1496 αὐτὸς
3320 1434 3695 1507 ἐξεταζόμενός
3754 1456 3889 1490 ποτο

2246 1522 2382 1595 πρὸς
2440 1525 2596 1593 ἡμῶν
2634 1568 2647 1593 ,
2705 1522 2851 1585 τίνος
2918 1524 3079 1599 χάριν
3133 1522 3301 1578 ἐνίοτε
3355 1523 3443 1577 καὶ
3516 1524 3777 1578 παύονται
3836 1525 3890 1577 αἱ

2246 1606 2608 1683 προσεδρεῖαι,
2659 1609 2897 1683 εἷ’ρηκας,
2947 1610 3028 1666 ὅτι
3061 1613 3212 1687 ψυχὴ
3263 1610 3602 1687 πληρώσασα
3629 1613 3721 1666 τὸν
3756 1612 3887 1688 ὑπὲρ

2246 1704 2351 1771 γῆς
2405 1698 2600 1774 χρόνον
2660 1700 2718 1753 ὃν
2779 1697 3007 1771 ἔμελλεν
3068 1699 3118 1753 έν
3178 1700 3389 1771 σώματι
3450 1696 3753 1767 διατελεῖν,
3813 1700 3887 1762 εἷς

2248 1783 2381 1856 ’ᾲδην
2412 1786 2715 1861 πορεύεται·
2764 1787 3097 1861 προσετίθεις
3138 1786 3195 1843 δὲ
3240 1786 3434 1864 λέγων,
3486 1788 3569 1843 ὅτι
3615 1794 3721 1843 τῶν
3762 1787 3887 1862 ἰδίῳ

3251 682 3266 707 9

505 1880 740 1952 propria
771 1883 952 1935 morte
1001 1879 1286 1945 obierunt,
1338 1880 1613 1950 quoniam
1671 1880 1729 1934 in
1767 1879 1970 1935 inferis
2003 1880 2138 1936 hinc

2255 1874 2459 1948 θανάτῳ
2487 1875 2921 1947 τελευτησάντων
2973 1878 3024 1932 αἱ
3078 1877 3271 1953 ψυχαὶ,
3325 1875 3511 1947 ἐπειδὴ
3565 1879 3700 1953 πρὸς
3752 1874 3885 1949 ᾅδην

2292 1963 2304 1982 ν
2364 1964 2402 1982 Ι-
2641 1968 2653 1982 Ι
3080 1971 3106 1981 ~
3348 1966 3361 1982 Ἴ
3422 1966 3432 1982 Ι
3616 1970 3659 1982 nl:
3717 1966 3798 1982 ’ΚΑ
3840 1974 3862 1982 υ

507 1970 840 2025 secedentes
897 1967 1324 2031 custodiuntur,
1382 1984 1496 2023 non
1555 1968 1719 2024 facile
1771 1969 2025 2041 permitti
2052 1986 2142 2025 ve-

507 2058 630 2113 nire
649 2057 676 2111 ‘P

577 2147 791 2202 XXXII.
826 2146 953 2202 Hazc
1009 2147 1236 2203 Nicetas
1312 2163 1447 2201 cum
1524 2147 1879 2219 protulisset,
1935 2147 2143 2219 Aquila

502 2236 709 2292 iterum
739 2236 917 2291 dixit:
971 2236 1253 2308 Cuperem
1284 2253 1317 2291 δ.
1364 2240 1418 2290 te
1448 2236 1504 2290 id
1558 2252 1739 2290 unum
1781 2236 2023 2303 discere,
2052 2236 2142 2291 Si-

502 2341 674 2380 mon:
710 2325 828 2380 sive
859 2325 1056 2380 anima
1077 2324 1169 2395 sit,
1203 2325 1343 2393 sive,
1366 2326 1613 2389 dazmon,
1643 2326 1700 2379 id
1727 2325 1881 2396 quod
1914 2325 2146 2395 adjura-

500 2420 633 2485 tur;
658 2416 966 2484 cujusnam
990 2415 1222 2469 tandem
1252 2419 1430 2482 metu,
1456 2415 1851 2484 adjurationes
1874 2430 1985 2468 non
2007 2430 2140 2469 con-

501 2502 756 2559 temnit?
805 2504 874 2557 Et
921 2502 1160 2557 Simon:
1193 2503 1420 2571 Poenas,
1471 2503 1679 2572 inquit,
1713 2502 2141 2575 persoluturam

506 2607 567 2647 se
599 2590 873 2663 intelligit
901 2591 1119 2656 anima,
1140 2591 1190 2644 si
1215 2607 1329 2646 non
1351 2591 1948 2663 obtemperet.Aquila
1970 2609 2101 2646 vero
2125 2611 2143 2646 :

507 2682 704 2751 Itaque
752 2680 800 2734 si
850 2680 1045 2734 anima
1092 2680 1361 2750 adjurata
1410 2681 1588 2745 venit,
1648 2681 1821 2735 etiam
1851 2682 2142 2750 judicium

507 2769 625 2824 ﬁet.
658 2768 715 2823 Si
747 2784 883 2839 ergo
928 2767 1134 2823 animae
1194 2773 1332 2823 sunt
1381 2768 1762 2833 immortales,
1822 2770 2060 2823 omnino
2090 2773 2147 2824 et

501 2857 792 2929 judicium
823 2856 949 2913 erit.
984 2857 1371 2923 Quamobrem
1420 2857 1469 2912 si
1521 2874 1618 2912 eos
1670 2874 1901 2929 quoque
1955 2859 2053 2929 qui
2084 2858 2144 2913 in

507 2945 723 3002 malam
756 2946 1041 3001 actionem
1065 2952 1203 3001 sunt
1228 2945 1498 3016 adjurati,
1523 2952 1765 3017 tumque
1790 2963 1902 3002 non
1924 2948 2144 3002 obtem-

506 3039 805 3108 perarunt,
856 3035 1331 3089 condemnandos
1378 3034 1504 3101 ais;
1566 3051 1679 3106 quo
1733 3036 1905 3091 modo
1935 3040 1995 3090 tu
2031 3052 2143 3090 non

506 3124 779 3193 timuisti,
811 3139 909 3179 eos
956 3140 1180 3195 cogere,
1243 3140 1375 3178 cum
1421 3122 1520 3193 qui
1577 3129 1882 3195 coguntur,
1915 3129 2148 3196 propter

506 3213 934 3269 contumaciam
993 3212 1359 3284 puniantur?
1405 3212 1549 3267 Nam
1601 3217 1656 3268 te
1692 3215 1812 3283 jam
1871 3230 1986 3268 non
2018 3230 2146 3268 esse

2248 1963 2433 2028 αὐτόθι
2494 1968 2813 2041 χωρήσασαι
2875 1971 3252 2044 φρουροῦνται,
3313 1966 3556 2029 εὐκόπως
3616 1970 3659 2003 93
3713 1966 3889 2031 ἐλθεῖν

2249 2053 2490 2131 ἀφίενται
2526 2074 2539 2123 ;

2268 2152 2271 2157 ’
2318 2145 2527 2199 XXXII.
2586 2148 2760 2198 Ταῦτα
2831 2148 2928 2199 τοῦ
3002 2147 3240 2216 Νικήτου
3293 2144 3537 2207 εἰπόντος
3572 2193 3588 2218 ,
3648 2143 3887 2209 Ἀκύλας

2249 2231 2409 2292 αὐτὸς
2454 2230 2615 2285 πάλιν
2667 2229 2788 2310 ἔφη·
2852 2228 3195 2306 Ἐϐουλόμην
3253 2234 3397 2306 παρᾶ
3444 2239 3540 2289 σοῦ
3586 2239 3745 2290 τοῦτο
3800 2231 3898 2309 μόο

2249 2341 2338 2375 νον
2377 2322 2585 2392 μαθεῖν,
2636 2320 2847 2393 Σίμων,
2907 2320 3013 2376 εἶίτε
3059 2324 3237 2398 ψυχὴ,
3286 2320 3392 2377 εἷίτε
3441 2321 3647 2396 δαίμων
3693 2323 3805 2379 ἐστὶ
3837 2324 3900 2378 τὸ

2253 2404 2627 2485 ὁρκιζόμενον,
2677 2408 2729 2464 τί
2762 2407 2818 2465 δὲ
2855 2410 2944 2465 καὶ
2994 2407 3333 2489 φοϐούμενον
3385 2413 3445 2466 ού
3476 2414 3893 2487 παραπέμπεται

2248 2498 2376 2559 τοὺς
2434 2498 2801 2574 ὅρκους;Καὶ
2860 2502 2888 2554 ὁ
2948 2500 3153 2573 Σίμων’
3215 2500 3469 2574 Κόλασιν,
3532 2503 3682 2580 φησὶ,
3726 2524 3903 2577 παρα-

2250 2588 2484 2642 κούσασα
2569 2584 2681 2642 οἶδε
2759 2586 2982 2661 μέλλειν
3070 2591 3257 2644 παθεῖν
3296 2634 3309 2646 .
3362 2590 3457 2647 Καὶ
3527 2593 3554 2646 ὁ
3614 2590 3847 2653 Ἀκύλας
3884 2612 3897 2624 ·

2252 2676 2453 2731 Οὐκοῦν
2514 2677 2558 2730 εἰ
2607 2679 2651 2713 θί
2705 2678 3031 2752 ὁρκιζομένη
3085 2680 3236 2753 ψυχὴ
3290 2676 3528 2756 ἔρχεται,
3576 2680 3665 2735 καὶ
3717 2680 3899 2755 κρίσις

2254 2764 2354 2841 ἄρα
2410 2765 2611 2840 γίνεται
2648 2810 2659 2820 .
2723 2767 2785 2819 Et
2843 2764 2933 2821 οὖν
2994 2768 3047 2821 αἱ
3105 2766 3275 2843 ψυχαὶ
3335 2768 3634 2839 ἀθάνατοι,
3683 2769 3902 2829 πάντως

2254 2853 2363 2908 ἐστὶ
2422 2853 2512 2908 καὶ
2568 2853 2768 2929 κρίσις.
2809 2857 2966 2909 Ὥστε
2998 2855 3156 2910 εἶκαὶ
3199 2854 3326 2917 τοὺς
3378 2855 3463 2911 ἐπὶ
3511 2861 3650 2931 κακῇ
3708 2859 3899 2932 πράξει

2254 2942 2629 3017 ὁρκισθέντας,
2691 2943 2803 2997 εἶτα
2858 2944 2947 2998 καὶ
3004 2944 3444 3020 παρακούσαντας
3501 2944 3901 3017 καταδικασθῆ-

2252 3052 2335 3084 ναι
2398 3030 2546 3109 φῄς,
2631 3036 2748 3094 πῶς
2822 3032 2882 3086 οὐ
2962 3029 3267 3110 πεφόϐησαι
3346 3033 3408 3088 σὺ
3478 3034 3704 3098 τούτους
3777 3057 3901 3091 κατα

2252 3120 2589 3195 αναγκάζειν,
2620 3126 2727 3174 τῶν
2747 3120 3193 3197 ἀναγκαζομένων
3244 3121 3330 3177 ἐπὶ
3362 3128 3611 3198 παρακοῇ
3660 3123 3897 3193 κολαζο-

2258 3208 2428 3280 μένων
2464 3229 2476 3276 ;
2506 3209 2569 3263 τὸ
2624 3211 2726 3285 γὰρ
2783 3206 2891 3280 ἤδη
2943 3231 2999 3265 σε
3045 3212 3121 3283 μὴ
3169 3213 3353 3267 παθεῖν
3404 3211 3485 3289 ἐφ’
3514 3214 3594 3276 οἷς
3646 3208 3895 3289 ἔδρασας,

508 3300 856 3356 mulctatum
888 3283 1095 3371 proiiis
1118 3316 1244 3369 quae
1266 3299 1605 3370 designasti,
1631 3302 1843 3355 mirum
1878 3318 1991 3356 non
2014 3306 2139 3357 est:

2255 3298 2316 3351 οὐ
2359 3300 2553 3371 θαῦμα·
2609 3298 2724 3353 ἐπεὶ
2780 3304 2948 3371 μήπω
2991 3299 3167 3374 κρίσις
3214 3300 3371 3370 ἐστὶν,
3418 3299 3507 3355 ’ίνα
3556 3300 3617 3355 σὺ
3669 3302 3763 3374 μὲν
3815 3300 3897 3357 δί-

511 3405 643 3445 cum
670 3388 958 3459 judicium
982 3388 1239 3443 nondum
1265 3388 1358 3456 sit,
1383 3394 1447 3442 ut
1478 3394 1540 3443 tu
1564 3389 1799 3460 quidem
1825 3407 2024 3461 pcenas
2048 3392 2150 3447 des

513 3494 714 3532 eorum
747 3478 817 3532 ad
849 3494 975 3548 qua:
1009 3476 1245 3547 coegisti
1274 3495 1286 3543 ;
1322 3478 1474 3547 quod
1508 3482 1703 3532 autem
1740 3482 2005 3534 coactum
2040 3486 2146 3547 est,

515 3566 739 3621 veniam
765 3566 1031 3637 accipiat,
1055 3566 1193 3636 quia
1216 3565 1363 3621 malo
1385 3565 1646 3621 faciniori
1677 3568 2147 3638 adjuramentum

522 3655 859 3728 pratulerit.
908 3655 1106 3709 Simon
1165 3660 1379 3722 autem,
1441 3655 1531 3710 his
1586 3656 1822 3721 auditis,
1879 3658 1966 3712 ira
2018 3674 2151 3729 per-

520 3745 694 3812 citus,
754 3747 1020 3810 mortem,
1080 3743 1195 3799 nisi
1251 3748 1597 3811 taceremus,
1670 3746 1837 3801 nobis
1894 3747 2154 3803 minatus

523 3837 632 3892 est.

591 3923 838 3980 XXXIII.
871 3926 1187 3994 Postquam
1244 3921 1454 3994 Aquila
1509 3922 1627 3978 haec
1684 3923 1846 3993 dixit,
1891 3942 1995 3997 ego
2025 3925 2153 3983 Cle-

519 4030 684 4069 mens
715 4012 1083 4084 interrogavi,
1144 4029 1409 4083 quaenam
1459 4016 1654 4067 essent
1702 4013 1983 4069 miracula
2025 4032 2151 4087 quae

516 4103 747 4158 faceret.
782 4101 868 4157 Illi
898 4118 1029 4156 vero
1061 4101 1523 4173 responderunt:
1576 4102 1619 4135 95
1665 4101 1823 4157 Facit
1852 4105 1917 4156 ut
1946 4107 2154 4159 statuae

518 4190 968 4255 ambularent,in
988 4190 1118 4262 igne
1130 4187 1396 4244 volutans
1411 4206 1493 4255 se,
1509 4206 1621 4244 non
1642 4189 2149 4254 uritur,interdum

515 4278 691 4350 volat,
724 4296 792 4334 ex
821 4278 1114 4349 lapidibus
1144 4295 1323 4349 panes
1372 4278 1529 4345 facit,
1577 4294 1814 4349 serpens
1846 4280 1927 4349 fit,
1963 4281 2019 4335 in
2057 4299 2149 4336 ca-

515 4385 681 4441 pram
704 4368 1170 4431 transformatur,
1201 4367 1345 4423 duas
1367 4366 1541 4422 facies
1564 4367 1834 4435 ostendit,
1858 4368 1915 4422 in
1939 4386 2148 4424 aurum

515 4458 889 4523 convertitur,
921 4461 1119 4528 portas
1142 4454 1405 4511 occlusas
1453 4457 1657 4527 aperit,
1701 4457 1917 4512 ferrum
1958 4457 2147 4530 solvit,

514 4548 575 4603 in
609 4546 884 4602 conviviis
905 4544 1216 4600 simulacra
1240 4544 1554 4599 formarum
1579 4545 1958 4617 omnigenum
1989 4547 2146 4601 exhi-

2255 3409 2357 3458 κην
2387 3384 2492 3458 δῷς
2536 3387 2658 3462 περί
2700 3389 2772 3441 ῶν
2821 3388 3151 3464 ἠνάγκασας,
3200 3390 3261 3443 τὸ
3312 3387 3369 3444 δὲ
3417 3389 3743 3465 ἀναγκασθὲν
3796 3392 3901 3447 ὑπὸ

2258 3475 2585 3550 συγγνώμην
2615 3476 2855 3549 γένηται,
2906 3476 2980 3538 ὡς
3011 3484 3109 3546 τῆς
3138 3480 3304 3547 κακῆς
3333 3477 3574 3553 πράξεως
3610 3480 3699 3533 τὸν
3736 3478 3899 3556 ὅρκον

2257 3569 2620 3638 προτιμῆσαν.
2654 3565 2713 3620 Ὁ
2740 3561 2797 3618 δὲ
2827 3564 3036 3619 τούτων
3070 3565 3299 3628 ἀκούσας
3354 3566 3618 3643 ὠργίσθη,
3650 3568 3896 3642 θάνατον,

2260 3653 2305 3706 εἰ
2341 3654 2414 3726 μὴ
2451 3658 2763 3725 σιωπῶμεν,
2794 3656 2929 3727 ἡμῖν
2959 3653 3275 3726 ἀπειλήσας.

2332 3926 2570 3976 XXXIII.
2601 3922 2781 3976 Ταῦτα
2823 3925 2920 3975 τοῦ
2972 3919 3173 3976 ’Δκύλα
3205 3920 3469 3995 εἰπόντος,
3504 3921 3613 3998 ἐγὼ
3662 3923 3901 3997 Κλήμης

2261 4008 2557 4081 ἐπυθόμην
2616 4009 2664 4063 τί
2722 4006 2766 4063 δ’
2824 4007 2925 4085 ἄρα
2981 4009 3121 4065 ἐστὶν
3176 4010 3209 4065 ἃ
3262 4017 3409 4065 ποιεῖ
3463 4012 3731 4084 θαυμάσια
3764 4056 3778 4071 ,
3837 4016 3901 4069 Οἱ

2261 4096 2335 4153 δέ·
2399 4096 2761 4173 Ἀνδριάντας,
2804 4098 2989 4170 εἷπον,
3048 4105 3194 4154 ποιεῖ
3248 4106 3599 4175 περιπατεῖν·
3660 4103 3750 4158 καὶ
3808 4124 3900 4157 κυ-

2260 4186 2515 4259 λιόμενος
2550 4185 2637 4240 ἐπὶ
2668 4192 2774 4262 πῦρ
2806 4186 2868 4240 οὐ
2918 4186 3145 4243 καίεται*
3198 4186 3367 4243 ἐνίοτε
3415 4186 3472 4244 δὲ
3516 4190 3605 4244 καὶ
3655 4190 3900 4262 πέταται,

2256 4275 2344 4330 καὶ
2403 4275 2461 4330 ἐκ
2518 4274 2686 4339 λίθων
2742 4277 2933 4351 ἄρτους
2982 4282 3149 4350 ποιεῖ,
3198 4272 3322 4355 ὄφις
3371 4277 3595 4354 γίνεται,
3654 4279 3731 4343 εἲς
3779 4280 3903 4356 αἶγα

2262 4368 2699 4441 μεταμορφοῖνιαι
2741 4410 2756 4436 ,
2815 4362 3162 4442 διπρόσωπος
3232 4366 3483 4441 γίνεται,
3544 4368 3621 4430 εἷς
3696 4370 3900 4445 χρυσὸν

2261 4448 2676 4525 μεταϐάλλεται·
2736 4453 2898 4530 θύρας
2956 4455 3338 4528 κεκλεισμένας
3394 4456 3620 4532 ἀνοίγει,
3674 4456 3899 4535 σίδηρον

2258 4541 2422 4611 λύει,
2484 4541 2534 4597 ἐν
2594 4540 2829 4604 δείπνοις
2878 4540 3081 4599 εἶ’δωλα
3135 4542 3495 4600 παντοδαπῶν
3555 4543 3708 4602 ἰδεῶν
3764 4568 3903 4623 παρ-

512 4637 629 4706 bet,
662 4636 796 4690 facit
827 4640 891 4690 ut
922 4634 979 4688 in
1012 4636 1183 4689 domo
1213 4650 1353 4688 vasa
1383 4638 1589 4704 sponte
1613 4633 1746 4688 ferri
1778 4634 1851 4688 ad
1883 4634 2142 4691 ministe-

2260 4631 2454 4701 ίστησι·
2500 4632 2565 4683 τὰ
2596 4630 2647 4684 ἐν
2677 4635 2745 4704 τῇ
2796 4630 2941 4703 οἰκίᾳ
2988 4631 3145 4703 σκεύη
3198 4633 3273 4696 ὡς
3304 4633 3580 4707 αὐτόματα
3622 4635 3895 4712 φερόμενα

510 4725 662 4780 rium
694 4725 1018 4791 videantur,
1042 4739 1145 4777 nec
1168 4727 1475 4776 cernantur
1505 4722 1603 4793 qui
1630 4725 1838 4777 ferunt.
1876 4724 1991 4777 Ista
2024 4740 2140 4779 me-

510 4818 807 4869 morantes
864 4813 1127 4881 audiens,
1191 4810 1478 4865 mirabar:
1539 4812 1903 4865 testabantur
1949 4816 2144 4866 autem

508 4902 634 4974 ipse
666 4901 804 4957 talia
835 4918 896 4956 se
924 4899 1158 4955 vidisse.

578 5077 824 5134 XXXIV.
858 5078 900 5112 9“
956 5076 1057 5131 His
1111 5076 1190 5130 ita
1247 5074 1554 5141 enarratis,
1614 5074 1771 5130 venit
1812 5074 2139 5146 Zaechaeus,

504 5171 560 5223 et
581 5169 692 5223 ista
724 5167 886 5221 Petro
917 5164 1300 5237 signiﬁcavit:
1334 5164 1465 5219 Jam
1500 5180 1676 5229 nunc,
1717 5164 1878 5219 Petre
1910 5170 2141 5237 tempus

503 5262 609 5321 est,
644 5262 708 5311 ut
736 5272 906 5311 exeas
938 5255 1004 5309 ad
1040 5253 1445 5309 disserendum
1477 5268 1609 5306 cum
1645 5252 1715 5306 iis
1738 5252 1835 5323 qui
1867 5269 2142 5308 convene-

503 5349 659 5398 runt.
694 5343 873 5398 Multa
906 5343 1057 5397 enim
1092 5342 1262 5395 turba
1290 5341 1349 5395 in
1400 5342 1543 5395 atrio
1575 5347 1923 5413 congregata
1954 5347 2007 5397 te
2037 5359 2139 5413 op-

2253 4720 2387 4796 πρὸς
2449 4720 2736 4795 ὑπηρεσίαν
2794 4722 3011 4796 ὁρᾶσθαι
3069 4728 3262 4793 ποιεῖ,
3317 4727 3427 4777 τῶν
3506 4724 3774 4801 φερόντων
3832 4726 3897 4781 οὗ

2259 4807 2632 4883 βλεπομένων.
2687 4814 2858 4863 Γαῦτα
2916 4807 3209 4885 λεγόντων,
3267 4812 3476 4865 ἀκούων
3533 4816 3575 4849 ⁹⁶
3632 4812 3840 4885 ἑθαύμα
3872 4848 3895 4857 -

2254 4904 2340 4965 ζον
2378 4917 2389 4929 ·
2446 4896 2777 4974 ἐμαρτύρουν
2858 4895 2914 4952 δὲ
2967 4899 3033 4954 τὰ
3087 4904 3310 4955 τοιαῦτα
3375 4900 3528 4955 αὐτοὶ
3584 4901 3835 4978 ἷστορηκέ
3869 4936 3893 4946 -

2249 5008 2334 5040 ναι
2365 4990 2426 5042 9⁷.

2322 5078 2554 5133 XXXIV.
2614 5075 2826 5130 Τούτων
2888 5076 3029 5131 οὕτω
3088 5077 3355 5153 ῥηθέντων
3394 5123 3407 5149 ,
3465 5081 3564 5148 ἧκε
3619 5085 3893 5154 Ζακχαῖος

2246 5168 2467 5218 τοιαῦτα
2495 5163 2573 5236 τῷ
2605 5164 2792 5241 Πέτρῳ
2840 5162 3134 5243 διασαφῶν·
3187 5164 3327 5237 ’Ήδη
3380 5166 3593 5239 λοιπὸν,
3627 5169 3671 5221 ὧ
3703 5167 3898 5244 Πέτρε,

2247 5253 2433 5328 καιρὸς
2490 5254 2623 5328 πρὸς
2675 5254 2738 5307 τὸ
2786 5248 3010 5308 ἐκϐάντα
3040 5275 3095 5308 σε
3155 5252 3509 5331 διαλεχθῆναι
3554 5262 3672 5318 τοῖς
3704 5259 3896 5313 συνελέ·

2249 5345 2419 5404 Θοῧσι.
2473 5339 2650 5403 Πολὺς
2698 5342 2798 5417 γὰρ
2830 5342 2916 5396 ἐπὶ
2953 5346 3053 5411 τῆς
3083 5343 3253 5413 αὐλῆς
3312 5346 3709 5421 συναθροισθεὶς
3768 5347 3897 5401 ἀνα-

1850 5484 2087 5538 VARI/E
2129 5484 2532 5540 LECTIONES.

572 5585 616 5618 9°
647 5583 718 5639 al.
756 5584 927 5638 inser.
965 5581 1076 5635 έπεὶ
1110 5581 1184 5652 μὴ
1220 5580 1435 5653 ὑπάρχῃ
1468 5599 1480 5647 ;
1513 5581 1598 5636 vel
1631 5579 1743 5633 ἐπεὶ
1782 5577 1920 5651 μηδὲ
1949 5581 2201 5655 ὑπάρχει.
2234 5585 2272 5617 θ’
2307 5582 2379 5637 al.
2416 5585 2587 5659 inser.
2620 5581 2800 5643 αὐτός.
2834 5585 2899 5639 ΑΙ
2934 5586 3065 5641 add.
3100 5585 3323 5661 ἐνεργεῖ.
3358 5589 3401 5623 9³
3428 5586 3504 5643 al.
3539 5587 3568 5639 ὁ
3600 5588 3675 5716 μή

572 5675 599 5709 κ
630 5652 888 5715 εὐκόλως.
926 5655 1183 5716 Clamant.
1217 5656 1314 5705 ούκ
1342 5652 1600 5711 εὐκόπως.
1632 5654 1676 5689 9⁵
1706 5653 1778 5707 al.
1812 5654 1869 5716 ἡ.
1921 5654 2105 5709 “51.3.
2140 5659 2365 5716 Recogn.
2425 5672 2486 5716 ιι,
2534 5658 2587 5708 9.
2637 5658 2862 5716 Anast..
2916 5658 3181 5716 Cedren..
3236 5660 3473 5716 Nicenh.
3530 5660 3574 5704 9°
3622 5677 3655 5716 a

501 5652 888 5733 ούκῌεύκόλω-ς.
912 5655 1183 5733 βίομιειιῑ.
1217 5656 1314 5733 οὐκ
1342 5652 1600 5733 εὐκόπως.
1632 5654 1676 5689 9⁵
1706 5653 1869 5733 διχῆ.
1921 5655 1964 5687 9⁵
1994 5654 2030 5709 l.
2058 5652 2365 5733 SL'Recqut.
2414 5672 2486 5733 in,
2637 5658 2862 5733 Anas_t.,
2916 5652 3195 5733 Cedren.,'
3233 5652 3473 5733 Niceph.
3530 5660 3574 5704 ,θ
3600 5652 3698 5717 ἀι,

3686 5630 3699 5643 .
3731 5590 3776 5624 9³
3813 5589 3891 5645 al.

3750 5661 3890 5717 add.

499 5725 695 5784 αὐτῶν.
730 5728 771 5763 97
802 5711 875 5783 al.
908 5711 1085 5781 insér.
1118 5722 1395 5803 παρόντες.
1428 5723 1471 5759 9⁸
1502 5724 1763 5781 Clamant.
1799 5711 1957 5781 hom.
1991 5742 2072 5795 III,
2106 5741 2232 5799 cap.
2256 5711 2345 5799 ἐν,
2373 5711 2485 5782 etc:
2516 5727 2745 5800 Recogn.
2780 5711 2921 5786 1.}1.
2959 5744 3007 5784 c.
3041 5711 3266 5802 1797,7etc'.
