4148 6342
285 478 415 541 497

1059 479 1586 545 CLEMENTINA.
1619 514 1692 528 -
1726 481 2068 545 EPITOME
2117 482 2212 544 DE
2256 482 2524 545 GESTIS
2570 484 2632 544 S.
2683 481 2938 543 PETRI.

3569 476 3688 539 498

279 610 434 683 μένει
485 631 543 666 σε
584 604 781 688 ὄχλος,
825 611 886 666 οὗ
937 610 988 669 ἐν
1043 610 1191 686 μέσῳ
1239 615 1475 690 καθάπερ
1524 635 1605 676 τις
1651 612 1917 688 πολέμαρ-

2051 616 2301 686 peritur;
2353 616 2409 672 in
2463 632 2709 688 quorum
2761 613 2951 671 medio
2982 617 3260 686 tanquam
3310 609 3518 684 aliquis
3548 608 3685 666 belli

275 719 384 776 χος
413 703 457 738 99
504 701 594 755 ὑπ’
639 701 814 756 αὐτῶν
867 699 1346 780 δορυφορούμενος
1393 701 1584 775 ἕστηκε
1633 704 1840 777 Σίμων,
1874 705 1928 757 '0

273 787 335 844 δὲ
363 791 565 865 Πέτρος
595 789 846 856 ἀκούσας,
879 789 1049 866 εὐχῆς
1083 793 1243 867 χάριν
1295 793 1651 867 ὑποχωρῆσαί
1705 815 1797 866 μοι
1838 813 1924 848 κε-

274 877 474 941 λεύσας
525 882 591 917 ¹⁰⁰
652 881 820 951 μήπω
856 880 918 934 τὸ
975 875 1243 955 σωτήριον
1300 881 1579 956 βάπτισμα
1629 880 1924 956 δεξαμένῳ,

270 974 392 1030 τοῖς
441 965 548 1038 ἤδη
603 966 850 1030 τελείοις·
905 970 1264 1042 Ἀναστάντες,
1318 967 1446 1048 ἔφη,
1495 971 1788 1044 εὖξώμεθα,
1836 970 1927 1026 ’ίνα

267 1057 406 1118 Θεὸς
446 1062 563 1119 τοῖς
612 1055 983 1120 ἀνεκλείπτοις
1031 1057 1196 1113 αὐτσῦ
1263 1059 1570 1133 οἶκτιρμοῖς
1624 1062 1924 1134 συνεργήσῃ

271 1165 374 1217 μοι
404 1145 647 1220 ὁρμῶντι
675 1145 812 1221 πρὸς
863 1147 1132 1220 σωτηρίαν
1180 1152 1287 1202 τῶν
1341 1148 1428 1203 ὑπ’
1478 1147 1640 1203 αὐτοῦ
1687 1149 1921 1206 κτισθέν-

267 1253 383 1288 των
433 1235 758 1307 ἀνθρώπων.
809 1235 906 1289 Καὶ
969 1240 1130 1290 τοῦτο
1185 1236 1374 1306 εἰπὼν,
1425 1236 1712 1309 εὐξάμενος
1779 1237 1920 1311 ἐξῄει

268 1321 353 1384 εἰς
391 1322 482 1377 τόν
511 1322 770 1399 ὕπαιθρον
814 1330 915 1394 τῆς
957 1322 1132 1394 αὐλῆς
1179 1325 1345 1380 τόπον
1402 1327 1568 1400 μέγαν
1621 1322 1768 1397 ὄντα,
1798 1322 1922 1381 ἔνθα

266 1409 700 1481 συνεληλυθότες
748 1411 882 1480 ἦσαν
947 1411 1170 1483 πολλοὶ,
1219 1411 1292 1466 ’ἶν’
1343 1415 1596 1469 ἀκουσταὶ
1661 1416 1918 1490 γένωνται

264 1504 381 1554 τῶν
430 1501 876 1577 λεχθησομένων.
923 1505 1060 1564 Στάς
1107 1501 1196 1557 οὖν
1249 1503 1337 1558 καὶ
1387 1501 1516 1558 ἰδὼν
1573 1505 1705 1576 μετά
1742 1504 1916 1574 πάσης

261 1589 508 1664 ἡσυχίας
572 1589 662 1643 τὸν
716 1592 888 1644 πάντα
939 1589 1068 1646 λαὸν
1118 1591 1193 1652 εἰς
1240 1591 1397 1647 αὐτὸν
1451 1593 1778 1662 ἀτενίζοντα,
1823 1593 1915 1648 Σί-

269 1697 431 1749 μωνα
477 1674 533 1732 δὲ
577 1678 669 1732 τὸν
718 1679 909 1754 Μάγον
959 1679 1035 1741 είς
1087 1681 1247 1752 μέσον
1309 1682 1512 1736 ἑστῶτα
1577 1687 1672 1736 τοῦ
1743 1681 1861 1738 λέ*ε

1131 1723 1153 1735 .
1780 1704 1915 1757 είειν

261 1763 472 1841 ἤρξατο
499 1765 696 1828 οὕτως·

337 1855 552 1911 XXXV.
611 1855 820 1930 Εἰρήνη

911 1853 994 1926 είή
1068 1862 1225 1911 πᾶσιν
1303 1858 1427 1930 ὑμῖν
1495 1863 1609 1921 τοῖς
1680 1858 1916 1932 ἑτοίμως

263 1941 459 2019 ἔχουσι
483 1940 654 2014 δεξιὰς
686 1941 892 1999 διδόναι
921 1949 990 2018 τῇ
1027 1950 1125 2001 τοῦ
1175 1950 1309 2001 Θεοῦ
1361 1947 1607 2018 ἀληθείᾳ,
1638 1949 1698 2016 ἣν
1747 1947 1914 2003 αὐτοῦ
1949 1986 1994 2050 Β

398 2031 437 2050 ,εγ
734 2034 746 2050 ς
791 2033 804 2050 ν
861 2033 874 2050 ι
1156 2033 1170 2050 ς
1289 2040 1314 2050 -
1407 2040 1429 2049 -
1560 2036 1571 2050 .
1751 2038 1764 2050 .
1834 2039 1843 2050 .

268 2031 519 2106 μεγάλην
566 2054 625 2088 τε
661 2034 750 2087 καὶ
779 2033 1101 2109 ἀσύγκριτον
1153 2033 1203 2089 ἐν
1249 2040 1328 2108 τῷ
1371 2040 1461 2089 νῦν
1509 2036 1702 2109 κόσμῳ
1746 2038 1912 2112 ὑπάρ-

262 2141 473 2198 χουσαν
519 2118 746 2198 δωρεάν,
794 2124 823 2177 ὁ
870 2121 1197 2185 ἀποστείλας
1244 2127 1391 2197 ἡμᾶς
1462 2124 1660 2198 Κύριος
1706 2127 1914 2196 Ἰησοῦς

261 2211 498 2286 Χριστὸς
547 2211 575 2265 ὁ
624 2212 745 2273 Υἱὸς
787 2217 885 2267 τοῦ
929 2217 1127 2282 ζῶντος
1166 2219 1321 2285 Θεοῦ,
1372 2213 1571 2283 ταύτην
1619 2217 1754 2287 ἡμῖν
1804 2215 1913 2269 ἐνε-

255 2297 482 2353 τείλατο
526 2301 626 2367 τήν
673 2301 1066 2376 προσηγορίαν,
1109 2303 1216 2378 πρὸ
1257 2307 1364 2357 τῶν
1419 2310 1518 2372 τῆς
1568 2301 1914 2364 διδασκαλίας

261 2386 448 2462 λόγων
502 2387 628 2459 ὑμῖν
679 2387 1101 2466 ἐπιφθέγγεσθαι·
1157 2390 1252 2446 ’ίνα
1310 2390 1396 2446 ἐάν
1454 2413 1536 2454 τις
1594 2392 1629 2466 ᾖ
1675 2392 1724 2446 ἐν
1787 2393 1912 2464 ὑμῖν

259 2475 488 2549 εἰρήνης
516 2478 726 2547 τέκνον,
760 2475 848 2532 διὰ
875 2486 976 2548 τῆς
1023 2476 1373 2542 διδασκαλίας
1424 2483 1584 2554 ἡμῶν
1635 2476 1916 2555 καταλάϐῃ

257 2565 424 2620 αὐτὸν
473 2568 508 2635 ἡ
560 2566 772 2642 είρήντγ
826 2567 871 2622 εί
920 2565 977 2622 δὲ
1013 2567 1213 2640 ταύτην
1270 2564 1453 2624 λαϐεῖν
1509 2570 1660 2641 ὑμῶν
1702 2591 1784 2631 τις
1837 2573 1912 2642 μὴ

259 2652 438 2725 θέλοι,
469 2654 591 2710 τότε
640 2657 730 2710 καὶ
777 2658 943 2729 ἡμεῖς
989 2656 1443 2731 ἀποτιναξάμενοι
1490 2659 1580 2713 τὸν
1633 2661 1912 2734 κονιορτὸν

209 2799 227 2828 ὅ
257 2747 370 2797 τῶν
416 2741 601 2798 ποδῶν
639 2746 800 2817 ήμῶν
852 2746 929 2808 εἷς
987 2747 1305 2822 μαρτύριον,
1350 2747 1424 2808 είς
1479 2747 1670 2824 ἑτέρων
1741 2749 1913 2803 ἀπίω-

266 2852 365 2902 μεν
395 2834 416 2867 ³
448 2832 620 2895 οἰκίας
673 2833 763 2888 καὶ
811 2833 1019 2896 πόλεις.
1075 2834 1176 2892 Καὶ
1226 2833 1450 2908 ἀληθῶρ
1485 2836 1610 2908 ὑμῖν
1658 2836 1912 2910 λέγομεν⁶

262 2916 640 2997 Ἀνεκτότερον
706 2921 852 2976 ἔσται
919 2927 992 2997 γῇ
1059 2920 1322 2994 Σοδόμων
1391 2924 1478 2978 καὶ
1532 2925 1814 2999 Γομόρῥας
1863 2925 1913 2980 ἐν

261 3008 450 3085 ἡμέρᾳ
495 3009 746 3085 κρίσεως,
778 3011 813 3079 ἢ
859 3015 938 3082 τῷ
987 3018 1086 3080 τῆς
1139 3011 1406 3074 ἀπειθείας
1453 3012 1607 3085 τόπῳ
1651 3011 1916 3088 ἐνδιατρί-

262 3091 402 3152 ϐειν·
463 3102 678 3174 πρῶτον
730 3099 849 3172 μὲν,
883 3098 966 3154 ὅτι
1011 3099 1099 3178 ἀφ’
1144 3101 1344 3156 ἑαυτῶν
1396 3100 1503 3176 οὐχ
1549 3101 1656 3156 οἷοί
1709 3124 1769 3158 τε
1827 3125 1916 3178 γε-

261 3184 462 3258 γόνατε
537 3186 636 3255 τήν
695 3185 958 3258 ἀλήθειαν
1036 3187 1346 3262 ἐπιγνῶναι·
1395 3186 1664 3264 δεύτερον,
1723 3189 1804 3245 ὅτι
1852 3192 1919 3246 τὰ

259 3275 384 3328 καθ’
437 3275 583 3348 ἡμᾶς
643 3275 989 3346 ἀκούσαντες,
1052 3275 1149 3332 οὐκ
1205 3276 1402 3346 ἤλθετε
1461 3278 1658 3355 μέχρις
1733 3282 1914 3353 ἡμῶν

257 3361 471 3437 τρίτον,
539 3363 620 3419 ὅτι
682 3365 772 3420 καί
858 3363 1107 3430 ἐλθοῦσιν
1188 3369 1324 3438 ἡμῖν
1407 3368 1755 3439 ἠπειθήσατε.
1829 3356 1996 3425 Διὸα

260 3449 580 3530 φειδόμενοι
642 3454 815 3526 ὑμῶν,
861 3460 1063 3529 προῖκα
1110 3454 1381 3531 εὐχόμεθα
1425 3456 1525 3522 τὴν
1587 3455 1806 3528 εἰρήνην
1849 3461 1916 3528 ἡ-

268 3545 390 3612 μῶν
441 3539 614 3595 ἐλθεῖν
659 3541 740 3620 ἐφ’
787 3543 948 3615 ὑμᾶς.
982 3543 1047 3600 Εἰ
1092 3544 1182 3597 οὖν
1230 3544 1430 3614 ταύτην
1483 3541 1628 3620 ἔχειν
1684 3545 1918 3618 ἐθέλετε,

261 3626 350 3684 δεῖ
384 3629 522 3701 ὑμᾶς
552 3630 852 3705 προθύμως
881 3630 1006 3694 τοὺς
1034 3633 1158 3708 περὶ
1205 3640 1304 3702 τῆς
1351 3627 1624 3696 εὐσεϐείας
1674 3632 1917 3705 δέξασθαι

258 3716 488 3794 λόγους,
543 3722 631 3774 καί
679 3721 778 3789 τήν
833 3726 946 3794 Θεῷ
1002 3721 1330 3796 ἀρέσκουσαν
1387 3722 1667 3778 πολιτείαν
1730 3723 1916 3779 ἐπανε-

261 3805 478 3879 Αὲσθαι,
531 3806 604 3861 *ἶν’
679 3804 912 3872 εὐσεϐῶς
987 3811 1076 3866 καὶ
1152 3808 1376 3874 δικαίως
1455 3815 1732 3884 ζήσαντες,
1807 3819 1914 3868 τῶν

264 3895 505 3951 αἰωνίων
538 3897 751 3970 ἀγαθῶν
781 3897 1007 3973 γένησθε
1035 3897 1404 3973 κληρονόμοι.

343 3985 586 4042 XXXVI.
637 3985 740 4042 Καὶ
798 3991 894 4041 τοῦ
969 3987 1174 4062 Πέτρου
1249 3994 1417 4044 ταῦτα
1493 3986 1766 4062 εἰπόντος,
1830 3992 1919 4046 καὶ

265 4073 392 4150 περὶ
422 4079 531 4128 τῶν
564 4072 732 4151 ἔργων
770 4080 868 4130 τοῦ
898 4082 1032 4131 Θεοῦ
1081 4074 1414 4150 διδάξαντος,
1447 4079 1536 4133 καὶ
1587 4079 1728 4134 πόσα
1777 4081 1923 4154 παρά

257 4167 362 4218 τοῦ
406 4167 540 4218 Θεοῦ
586 4163 666 4236 τῷ
715 4165 981 4241 ἀνθρώπῳ
1029 4167 1096 4220 τὰ
1147 4167 1318 4242 ἀγαθά
1356 4165 1629 4241 ἐδωρήθη,
1663 4168 1754 4223 καὶ
1785 4189 1921 4244 παρ-

260 4251 572 4314 αινέσαντος
605 4251 790 4308 πολλά
833 4255 959 4330 περὶ
1013 4255 1336 4330 μοναρχίας,
1371 4257 1398 4309 ὁ
1432 4257 1620 4329 Σίμων
1674 4255 1774 4330 ἔξω
1823 4262 1921 4311 τοῦ

262 4337 446 4416 ὄχλου
620 4341 827 4417 μεγάλῃ
857 4338 982 4420 ἔφη·
1013 4343 1072 4397 Τί
1103 4342 1431 4418 ψευδόμενος
1482 4345 1685 4416 ἀπατᾷν
1745 4345 1920 4408 θέλεις

260 4431 353 4484 τὸν
415 4430 732 4505 παρεστῶτα
788 4452 871 4486 σοι
906 4428 1129 4502 ἰδιώτην
1190 4429 1385 4508 ὄχλον·
1447 4434 1644 4491 πείθων
1706 4435 1920 4507 αὐτοὺς,

258 4517 414 4580 θεοὺς
477 4520 616 4590 μήτε
665 4518 970 4590 ὀνομάζειν,
1009 4523 1147 4593 μήτε
1196 4520 1373 4595 λέγειν
1424 4521 1537 4592 ἐξὸν
1592 4523 1760 4593 εἶναι;
1812 4528 1920 4577 τῶν

261 4607 410 4682 παρά
459 4604 740 4670 Ἰουδαίοις
807 4606 1088 4681 δημοσίων
1161 4605 1370 4685 βίϐλων
1440 4609 1690 4674 πολλοὺς
1771 4611 1922 4676 θεοὺς

2039 705 2156 760 dux
2185 705 2258 760 ab
2292 706 2362 760 iis
2420 710 2712 778 protectus
2761 722 2825 760 ac
2880 703 3130 774 stipatus
3159 701 3422 758 constitit
3464 701 3681 756 Simon.

2037 794 2154 849 Hoc
2182 795 2379 850 audito
2433 795 2655 860 Petrus,
2694 811 2825 849 cum
2874 792 3154 850 orationis
3203 789 3387 864 gratia
3418 790 3685 846 secedere

2037 883 2447 954 mejussisset,
2474 883 2573 956 qui
2597 884 2856 939 nondum
2879 885 3228 938 consecutus
3248 881 3470 936 fueram
3522 878 3678 935 salu-

2034 975 2156 1028 tare
2198 973 2493 1045 baptisma
2538 991 2551 1040 ;
2607 974 2676 1027 ad
2718 973 2844 1042 jam
2893 972 3176 1043 perfectos
3223 986 3288 1025 ac
3335 969 3678 1039 baptizatos,

2032 1061 2371 1133 Surgentes,
2421 1061 2633 1132 inquit,
2667 1077 2921 1125 oremus,
2954 1065 3018 1114 ut
3065 1060 3219 1115 Deus
3249 1075 3350 1130 pro
3402 1057 3524 1113 suis
3556 1074 3679 1128 per-

2031 1149 2222 1222 petuis
2246 1150 2726 1206 miserationibus
2748 1148 3070 1222 opituletur
3095 1147 3235 1204 mibi
3269 1146 3576 1218 prodeunti
3604 1145 3675 1202 ob

2029 1239 2281 1295 salutem
2331 1237 2640 1294 hominum
2690 1239 2762 1293 ab
2794 1239 2920 1310 ipso
2970 1242 3318 1293 creatorum.
3352 1235 3536 1304 thue
3565 1234 3674 1290 hoc

2029 1327 2190 1393 dixit,
2233 1329 2489 1384 oratione
2538 1329 2709 1395 facta,
2737 1327 2877 1382 exiit
2924 1327 2982 1381 in
3016 1325 3146 1381 atrii
3192 1324 3381 1380 locum
3430 1323 3674 1379 subdia-

2027 1416 2143 1473 lem
2175 1422 2231 1473 et
2264 1435 2565 1490 magnum,
2598 1435 2712 1488 quo
2747 1417 2914 1471 multi
2941 1418 3351 1479 convenerant,
3375 1416 3438 1466 ut
3471 1413 3673 1468 fierent

2028 1506 2321 1562 auditores
2352 1522 2554 1561 eorum
2588 1522 2713 1576 quae
2745 1505 2991 1560 dicenda
3037 1507 3253 1559 essent.
3287 1503 3481 1568 Stans,
3511 1518 3668 1573 ergo,

2027 1610 2386 1665 cernensque
2418 1595 2749 1649 universum
2778 1593 3057 1664 populum
3091 1607 3322 1647 summo
3343 1607 3474 1644 cum
3499 1589 3671 1645 silen-

2024 1683 2105 1738 tio
2135 1683 2333 1739 oculos
2355 1682 2413 1737 in
2453 1682 2645 1754 ipsum
2681 1683 2984 1752 conjicere,
3007 1697 3071 1736 ac
3093 1681 3388 1736 Simonem
3432 1679 3666 1750 Magum

2026 1771 2084 1826 in
2118 1772 2309 1826 medio
2340 1776 2516 1838 stare,
2551 1771 2705 1826 hunc
2738 1771 2796 1826 in
2829 1771 3066 1826 modum
3098 1769 3253 1839 loqui
3285 1768 3458 1840 cmpit
3487 1783 3502 1823 :

2095 1859 2302 1916 XXXV.
2339 1863 2354 1897 ¹
2389 1861 2503 1916 Pax
2533 1859 2609 1915 sit
2639 1861 2913 1915 omnibus
2945 1859 3130 1927 vobis,
3162 1858 3259 1929 qui
3305 1857 3489 1930 parati
3521 1855 3664 1912 estis

2023 1948 2287 2004 dexteras
2317 1949 2454 2004 dare
2486 1947 2711 2003 veritati
2743 1947 2843 2002 Dei
2872 1965 2884 2013 ;
2915 1963 3112 2018 quam,
3143 1961 3421 2017 magnum
3458 1958 3663 2015 nempe

2026 2054 2092 2092 ac
2123 2035 2577 2110 incomparabile
2605 2037 2732 2107 ejus
2773 2051 2986 2090 munus
3016 2034 3075 2089 in
3108 2034 3216 2090 hoc
3248 2033 3464 2089 mundo
3496 2037 3561 2088 ut
3600 2033 3660 2087 in
3711 2060 3713 2063 -

2026 2126 2435 2182 salutationem
2465 2126 2629 2181 vobis
2671 2130 2803 2180 ante
2834 2139 3131 2180 sermones
3165 2124 3434 2178 doctrina:
3479 2119 3665 2176 accla-

2027 2232 2257 2271 memus
2306 2214 2576 2287 precepit
2624 2213 2792 2269 nobis
2853 2213 2950 2284 qui
3001 2212 3162 2266 misit
3229 2228 3336 2266 nos
3391 2209 3668 2265 Dominus

2024 2306 2196 2361 Jesus
2226 2304 2516 2371 Christus,
2544 2302 2722 2358 Filius
2748 2302 2847 2357 Dei
2879 2301 2990 2358 vivi
3016 2318 3029 2366 ;
3064 2317 3179 2372 quo
3210 2299 3258 2355 si
3277 2299 3489 2370 aliquis
3519 2297 3671 2353 inter

2023 2411 2125 2450 vos
2173 2393 2250 2449 sit
2301 2393 2457 2448 filius
2511 2391 2691 2464 pacis,
2726 2407 2827 2462 per
2872 2389 3197 2445 doctrinam
3251 2393 3512 2443 nostrum
3562 2404 3672 2458 pax

2025 2499 2160 2538 eum
2208 2480 2666 2552 complectatur;
2719 2481 2768 2536 si
2814 2479 2944 2550 quis
2995 2483 3190 2533 autem
3238 2482 3495 2532 vestrum
3543 2493 3672 2532 eam

2026 2571 2290 2642 accipere
2322 2569 2483 2639 nolit,
2517 2573 2658 2624 tunc
2687 2573 2743 2624 et
2773 2583 2880 2622 nos
2922 2584 3166 2623 excusso
3197 2566 3410 2638 pedum
3444 2569 3675 2621 nostro-

2025 2677 2156 2714 rum
2193 2659 2427 2730 pulvere
2456 2658 2514 2712 in
2549 2655 2972 2722 testimonium,
3000 2656 3067 2710 ad
3099 2654 3346 2710 aliorum
3373 2655 3579 2708 domos
3610 2669 3676 2708 ac

2027 2748 2288 2803 civitates
2322 2748 2602 2802 abeamus
2634 2747 2675 2800 ³.
2710 2749 2790 2801 Ac
2820 2761 2951 2799 vere
2998 2743 3248 2798 dicimus
3277 2741 3478 2797 vobis:
3509 2740 3676 2796 Tole-

2027 2836 2272 2892 rabilius
2302 2837 2412 2891 erit
2442 2835 2500 2890 in
2534 2836 2627 2890 die
2653 2833 2890 2904 judicii,
2921 2833 3100 2888 fuisse
3133 2833 3190 2886 in
3222 2836 3375 2886 terra
3396 2831 3676 2886 Sodomo-

2029 2943 2157 2981 rum
2189 2931 2246 2981 et
2293 2923 2650 2989 Gomorrhze,
2683 2938 2860 2994 quam
2909 2924 2966 2977 in
3022 2921 3146 2976 loco
3200 2917 3674 2974 incredulitatis:

2028 3015 2217 3087 primo
2247 3014 2510 3085 quidem,
2541 3013 2678 3084 quia
2707 3028 2821 3066 non
2855 3010 3130 3083 potuistis
3182 3026 3249 3064 ex
3279 3007 3440 3063 vobis
3472 3023 3678 3080 agnos-

2029 3119 2156 3159 cere
2186 3103 2489 3158 veritatem
2524 3119 2536 3157 :
2570 3101 2846 3170 secundo,
2883 3099 3160 3171 quoniam
3191 3098 3261 3152 de
3291 3097 3508 3152 nostris
3539 3112 3674 3152 cum

2028 3191 2352 3258 audieritis,
2386 3207 2499 3246 non
2530 3189 2772 3245 venistis
2810 3205 2994 3260 usque
3025 3188 3096 3242 ad
3129 3203 3234 3242 nos
3268 3202 3280 3240 :
3315 3185 3507 3250 tertio,
3539 3183 3678 3256 quia

2028 3280 2203 3337 etiam
2237 3278 2404 3334 nobis
2435 3279 2508 3334 ad
2535 3295 2640 3334 vos
2669 3276 2941 3349 profectis
2964 3292 3078 3330 non
3110 3272 3459 3329 credidistis.
3485 3273 3679 3336 Quare

2035 3368 2432 3441 gratiﬁcantes
2479 3367 2664 3436 vobis,
2722 3364 2873 3420 ultro
2921 3379 3178 3426 oramus,
3212 3366 3276 3416 ut
3322 3378 3434 3432 pax
3477 3364 3680 3416 nostra

2031 3457 2228 3512 veniat
2259 3473 2436 3528 super
2463 3473 2585 3511 vos.
2620 3454 2681 3508 Si
2711 3470 2846 3526 ergo
2877 3469 3006 3508 eam
3036 3453 3248 3506 habere
3274 3449 3468 3515 vultis,
3500 3466 3680 3520 opor-

2030 3551 2112 3602 tet
2139 3563 2241 3602 vos
2273 3545 2446 3600 alacri
2499 3543 2695 3600 animo
2749 3544 3046 3614 suscipere
3075 3540 3306 3596 habitos
3355 3539 3426 3594 de
3464 3539 3680 3610 pietate

2032 3651 2353 3702 sermones,
2387 3640 2558 3704 atque
2588 3632 2703 3688 Deo
2735 3630 3006 3703 placitam
3038 3627 3310 3700 amplecti
3339 3627 3518 3682 vitam
3545 3645 3557 3695 ;
3593 3631 3677 3692 ut,

2031 3724 2128 3796 pia
2159 3725 2435 3794 justaque
2483 3721 2599 3776 vita
2647 3724 2959 3788 transacta,
3009 3724 3358 3774 aeternorum
3393 3716 3680 3772 bonorum

2031 3812 2292 3868 heredes
2324 3811 2477 3867 sitis.

2103 3989 2340 4045 XXXVI.
2374 3989 2396 4022 δ
2419 3989 2550 4053 Quae
2583 4004 2718 4044 cum
2747 3989 2954 4042 Petrus
3001 3984 3261 4050 dixisset,
3295 3999 3360 4038 ac
3391 3983 3463 4037 de
3492 3981 3680 4054 operi-

2031 4079 2144 4134 bus
2174 4077 2270 4133 Dei
2318 4078 2633 4146 docuisset,
2667 4079 3003 4149 quantaque
3049 4074 3204 4128 bona
3245 4089 3279 4126 a
3309 4071 3422 4126 Deo
3453 4069 3680 4126 homini

2032 4167 2152 4223 sint
2183 4168 2422 4233 donata;
2456 4171 2628 4237 atque
2659 4163 2847 4220 multa
2876 4161 3204 4218 monuisset
3226 4161 3296 4215 de
3319 4159 3680 4230 monarchia,

2032 4256 2090 4310 id
2121 4262 2210 4311 est
2259 4255 2435 4311 unius
2465 4255 2566 4310 Dei
2620 4254 2971 4326 principatu,
3002 4252 3202 4306 Simon
3251 4254 3412 4305 extra
3445 4250 3682 4306 turbam

2030 4361 2168 4401 voce
2201 4361 2414 4416 magna
2460 4345 2590 4399 infit
2622 4361 2634 4399 :
2668 4343 2814 4407 Quid
2869 4346 3156 4397 astantem
3209 4339 3316 4394 tibi
3347 4339 3681 4410 imperitam

2034 4433 2474 4489 multitudinem
2524 4432 2612 4488 vis
2661 4431 2995 4488 mentiendo
3044 4429 3328 4500 decipere,
3363 4428 3503 4482 dum
3554 4443 3683 4498 per-

2033 4523 2245 4578 suades
2277 4522 2382 4593 eis,
2429 4523 2568 4577 deos
2616 4537 2720 4576 nec
2774 4519 3075 4576 nominare
3125 4517 3347 4572 licitum
3397 4531 3544 4581 esse,
3577 4531 3683 4569 nec

2033 4611 2223 4666 dicere
2244 4611 2271 4665 ?
2303 4627 2433 4666 cum
2480 4609 2697 4682 publici
2745 4609 3086 4665 Judaeorum
3117 4605 3250 4660 libri
3296 4603 3510 4659 multos
3541 4603 3680 4658 deos

264 4694 562 4770 λεγουσῶν.
607 4696 708 4753 Καὶ
755 4701 847 4751 νῦν
895 4695 951 4752 δὲ
1003 4699 1137 4771 μετά
1184 4698 1395 4755 πάντων
1466 4700 1556 4755 ἀπ’
1607 4700 1780 4756 αὐτῶν
1839 4723 1917 4756 σοι

2032 4699 2409 4755 asseverent‘?
2438 4701 2506 4754 Et
2545 4715 2677 4754 vero
2729 4714 2883 4753 nunc
2935 4712 3130 4752 coram
3180 4694 3477 4756 omnibus,
3509 4708 3578 4746 ex
3606 4689 3680 4746 iis

258 4789 368 4839 τῶν
407 4779 637 4858 βιϐλίων
667 4787 791 4862 περὶ
821 4791 920 4840 τοῦ
950 4784 1058 4842 δεῖν
1110 4787 1267 4850 θεοὺς
1316 4787 1582 4861 νομίζειν,
1617 4796 1914 4861 συζητῆσαι

268 4872 566 4948 βούλομαι⁹
618 4874 880 4950 πρότερον
930 4876 1052 4949 περὶ
1099 4877 1160 4930 οὗ
1209 4875 1344 4954 ἔφης
1402 4883 1558 4946 Θεοῦ,
1611 4876 1781 4949 δείξας
1841 4879 1916 4951 μὴ

262 4961 428 5016 αὐτὸν
465 4963 564 5031 τὴν
614 4963 869 5020 ἀνωτάτω
918 4965 1007 5018 καὶ
1063 4966 1236 5020 πάντα
1281 4963 1580 5038 δυναμένην
1631 4967 1915 5039 Πρόνοιαν,

264 5052 381 5106 καθ’
411 5051 440 5104 ὃ
488 5050 873 5126 ἀπρόγνωστὸς
923 5051 1086 5120 ἐστιν,
1137 5053 1360 5124 ἀτελὴς,
1394 5053 1598 5126 ἐνδεής,
1632 5056 1720 5110 καὶ
1771 5055 1916 5116 ὅλως

263 5139 365 5194 οὐκ
397 5140 620 5214 ἀγαθός.
656 5141 879 5213 Ἀμέλει
912 5144 999 5196 καί
1042 5143 1236 5198 τούτου
1293 5142 1604 5219 δειχθέντος
1653 5145 1760 5199 ἀπὸ
1814 5150 1920 5198 τῶν

265 5234 514 5306 Γραφῶν,
547 5230 622 5291 ὡς
656 5229 761 5306 ἐγὼ
793 5230 960 5306 λέγω,
992 5227 1174 5306 ἕτερος
1226 5233 1480 5310 ἀγράφως
1544 5233 1919 5307 περιλείπεται

262 5316 400 5372 εἶναι
460 5320 612 5388 Θεὸς,
672 5321 1093 5395 προγνωστικὸς,
1123 5319 1357 5391 τέλειος,
1396 5320 1665 5394 ἀνενδεὴς,
1699 5322 1920 5399 ἀγαθὸς,

2031 4787 2196 4844 libris
2227 4793 2422 4844 tecum
2455 4787 2758 4860 disputare
2789 4785 2916 4841 volo
2948 4786 3018 4840 de
3051 4799 3137 4850 eo,
3169 4782 3324 4853 quod
3357 4780 3497 4835 deos
3529 4778 3679 4835 exsi-

2027 4880 2178 4932 stcre
2209 4876 2287 4932 sit
2328 4875 2782 4932 existimandum
2821 4891 2833 4930 :
2868 4879 2926 4929 et
2958 4873 3118 4944 prius
3155 4872 3224 4926 de
3258 4885 3324 4924 eo
3357 4873 3468 4924 Deo
3501 4884 3676 4938 quem

2031 4964 2343 5037 protulisti,
2377 4965 2622 5020 ostendo
2651 4981 2785 5018 eum
2820 4980 2933 5018 non
2953 4977 3081 5016 esse
3113 4973 3449 5029 supremam
3474 4972 3538 5010 ac
3558 4973 3678 5011 om-

2032 5055 2388 5125 nipotentem
2413 5053 2838 5108 Providentiam
2868 5069 2880 5118 ;
2916 5050 3052 5121 quia
3077 5047 3438 5119 improvidus
3455 5045 3678 5099 futuro-

2031 5160 2158 5197 rum
2209 5149 2319 5213 cst,
2366 5143 2764 5215 imperfectus,
2815 5140 3109 5211 indigens,
3163 5152 3230 5191 ac
3277 5133 3514 5188 omnino
3562 5150 3680 5187 non

2030 5222 2238 5286 bonus.
2271 5235 2417 5300 Quo,
2453 5231 2758 5299 nimirum,
2791 5230 3196 5284 demonstrato
3227 5241 3296 5278 cx
3339 5221 3679 5294 Scripturis,

2032 5321 2530 5390 quemadmodum
2553 5337 2658 5392 ego
2689 5336 2909 5387 assero,
2937 5320 3118 5372 restat
3147 5317 3211 5368 ut
3240 5312 3316 5366 sit
3345 5312 3497 5367 alius
3528 5309 3681 5367 Deus

1644 5501 1885 5558 VARI/E
1925 5500 2318 5558 LEGTIONES

337 5640 384 5673 ’9
413 5638 491 5692 al.
552 5635 941 5715 nolepépx'qq.
1005 5639 1080 5698 al.
1111 5638 1454 5715 ,ταξίαρχος

269 5710 449 5783 Marc.
501 5727 582 5780 vx,
651 5710 1048 5783 lt;‘L'uc.‘x,
1106 5713 1162 5767 5.

271 5782 489 5839 Cedan
501 5824 514 5838 .

1260 5710 1308 5746 δ’
1345 5710 1422 5771 ἀι.
1480 5710 1807 5786 ἀπιώμενοι.

1537 5643 1616 5716 ¹⁰⁰-
1666 5641 1739 5698 al.
1794 5643 1971 5700 inser.
2010 5642 2252 5716 ⁸μικρόν.

1913 5716 1936 5748 ⁴
1993 5709 2248 5772 Clamant.
2301 5715 2460 5770 hom.
2523 5709 2605 5784 xix,
2666 5729 2715 5766 ο.
2775 5712 2864 5782 38,
2922 5716 3031 5766 etc.
3088 5711 3128 5766 l.
3183 5729 3230 5766 s.
3290 5717 3414 5767 Rec.
3470 5727 3531 5780 Il,
3586 5709 3677 5764 37.

2363 5646 2638 5711 ‘Recogn.
2698 5639 2736 5693 Ι.
2799 5657 2858 5707 ιι,
2918 5656 2968 5694 c.
3021 5639 3109 5694 30.
3187 5639 3439 5694 ’Matth.
3498 5655 3554 5705 x,
3591 5639 3679 5711 1:2.
