4140 6344
527 471 642 530 499

1339 471 1404 536 S.
1451 473 1890 538 CLEMENTIS
1934 474 1958 536 Ι
2005 476 2194 536 ΗΟΧΙ.
2241 474 2468 535 ΡΟΝΤ.
2515 473 2776 537 OPERA
2823 471 3087 537 DUBIA.

3783 469 3902 537 500

509 607 568 663 in
600 603 901 680 Scriptura
926 625 1038 664 non
1070 614 1578 679 commemoratus,
1614 611 1889 683 presso-tus
1921 612 2141 667 futuro-

2280 606 2468 661 πάντων
2534 603 2957 682 ἀπηλλαγμένος
3015 607 3215 661 κακῶν·
3277 602 3336 659 ’ὸν
3395 598 3455 659 δὲ
3511 600 3574 659 σὺ
3628 601 3735 682 φῂς
3801 601 3901 677 δη-

512 715 665 767 rum,
699 698 1007 770 perfectus,
1041 715 1155 755 non
1204 699 1493 772 indigens,
1527 701 1736 770 bonus,
1767 702 1839 756 ab
1880 702 2155 757 omnibus

515 787 686 844 malis
717 787 862 844 liber
895 807 907 843 :
942 788 1040 845 ille
1070 795 1264 846 autem
1295 807 1467 862 quem
1498 790 1776 863 loqueris,
1802 791 2007 847 mundi
2036 792 2157 864 opi-

511 877 628 941 fex,
662 877 968 933 contrariis
997 883 1298 950 oppositus
1328 884 1435 935 est.

586 967 842 1022 XXXVII.
875 968 1079 1022 Statim
1113 985 1268 1040 ergo,
1303 970 1402 1041 qui
1433 970 1504 1024 ad
1554 970 1682 1040 ejus
1711 969 2154 1026 similitudinem

515 1056 703 1112 factus
734 1061 841 1124 est,
874 1058 1151 1125 Adamus,
1181 1059 1358 1113 etiam
1409 1075 1594 1114 cereus
1644 1064 1890 1126 creatur,
1926 1065 2158 1132 propter

520 1146 674 1216 quod
707 1153 763 1200 et
793 1149 1191 1218 transgressor
1236 1147 1548 1214 invenitur,
1583 1152 1755 1220 atque
1786 1165 1820 1203 a
1848 1148 1963 1204 Deo
1991 1148 2157 1220 ejici-

517 1238 633 1304 tur,
663 1240 965 1306 morteque
993 1234 1327 1290 mulctatur.
1361 1236 1548 1291 Simili
1581 1254 1806 1308 quoque
1836 1238 2030 1302 modo,
2061 1237 2158 1308 qui

520 1324 686 1378 ﬁnxit
733 1323 921 1390 illum,
953 1324 1423 1394 quandoquidem
1473 1330 1682 1381 cuncta
1731 1343 1843 1381 non
1888 1326 2063 1396 videt,
2097 1328 2157 1381 in

518 1413 905 1468 Sodomorum
939 1413 1130 1482 exitio,
1185 1415 1390 1482 Venite,
1445 1415 1656 1485 inquit,
1689 1419 1743 1470 et
1781 1415 2160 1471 desaendentes

520 1503 825 1567 videamus,
858 1520 931 1556 an
978 1503 1274 1557 secundum
1319 1504 1611 1558 clamorem
1659 1507 1916 1575 ipsorum,
1948 1506 2046 1576 qui
2091 1505 2160 1560 ad

521 1608 608 1646 me
636 1592 801 1656 venit,
830 1592 1120 1662 perﬁciant
1139 1607 1157 1650 ;
1187 1594 1269 1645 sin
1300 1594 1504 1663 minus,
1537 1601 1600 1648 ut
1627 1594 1802 1648 sciam
1831 1595 1873 1659 ⁸,
1904 1599 1962 1649 et
1996 1594 2158 1664 igna-

516 1696 649 1734 rum
681 1696 742 1734 se
780 1671 1050 1734 ostendit.
1085 1681 1324 1745 Quando
1373 1685 1568 1736 autem
1599 1682 1740 1736 dicit
1790 1683 1860 1738 de
1889 1683 2108 1737 Adamo
2141 1698 2154 1737 :

518 1769 820 1839 Ejiciamus
850 1786 992 1839 eum,
1024 1785 1093 1824 ne
1121 1772 1264 1839 forte
1305 1778 1532 1826 extensa
1577 1788 1749 1825 manu
1775 1788 1874 1827 sua
1921 1773 2161 1840 attingat

520 1858 736 1927 lignum
767 1859 914 1926 vitae,
947 1866 996 1913 et
1025 1860 1294 1926 comedat,
1327 1867 1378 1914 et
1406 1861 1547 1915 vivet
1576 1862 1635 1915 in
1678 1868 1948 1917 aeternum
1977 1861 1997 1895 θ
2028 1878 2041 1927 ;
2071 1860 2160 1915 in-

511 1945 688 2001 videt.
721 1946 985 2017 Cumque
1015 1948 1298 2019 scriptum
1329 1952 1419 2004 est
1451 1966 1463 2002 ε
1500 1949 1692 2004 Secum
1707 1952 1981 2021 reputavit
2005 1951 2158 2014 Deus,

511 2035 650 2105 quod
677 2038 899 2106 fecisset
926 2036 1198 2092 hominem
1229 2039 1310 2106 10;
1363 2041 1420 2091 et
1450 2038 1782 2110 poenitentia
1817 2039 2071 2105 ducitur,
2104 2047 2162 2094 et

511 2123 741 2196 ignorat
773 2142 785 2179 :
823 2142 958 2180 nam
1000 2125 1168 2193 illud,
1217 2142 1402 2182 secum
1448 2128 1742 2199 reputavit,
1774 2127 2160 2184 consideratio

511 2218 617 2278 est,
655 2229 771 2284 qua
801 2213 1014 2286 aliquis
1036 2215 1109 2270 ob
1135 2231 1338 2270 eorum
1371 2233 1499 2287 qua:
1524 2215 1687 2287 cupit
1710 2217 2160 2288 ignorationem.

511 2302 688 2358 ﬁnem
716 2302 1026 2375 diligenter
1049 2303 1349 2374 explorare
1378 2304 1503 2360 vult
1527 2322 1540 2371 ;
1575 2308 1677 2360 aut
1709 2309 1800 2360 est
1830 2304 2163 2376 paenitentis

511 2389 581 2445 de
611 2407 670 2445 re
703 2408 830 2462 quae
865 2396 1069 2462 prater
1099 2394 1451 2449 sententiam
1497 2395 1760 2466 contigit.
1795 2393 1953 2457 Quod
1986 2393 2163 2448 etiam

517 2479 799 2550 scriptum
832 2485 922 2536 est
953 2498 966 2536 :
1001 2482 1277 2540 Odorams
1325 2487 1402 2539 est
1432 2485 1693 2538 Dominus
1737 2488 1954 2538 odorem
1981 2484 2165 2537 suavi-

513 2570 643 2622 tatis
676 2570 718 2603 ¹⁶
745 2594 759 2635 ς
792 2569 1109 2642 indigentis
1141 2575 1248 2638 est,
1281 2574 1338 2626 et
1387 2573 1592 2628 nidore
1622 2572 1888 2627 carnium
1921 2571 2168 2626 delecta-

514 2660 645 2711 tum
679 2657 881 2725 fuisse,
917 2667 1038 2713 non
1083 2659 1242 2714 boni.
1275 2661 1520 2715 Tentare
1552 2664 1769 2725 autem,
1801 2659 1954 2714 sicut
1984 2659 2168 2741 scrip:

513 2749 647 2800 tum
691 2750 780 2800 est
822 2763 843 2818 ηε
899 2749 1148 2804 Tentavit
1195 2751 1457 2804 Dominus
1501 2749 1873 2804 Abrahamum
1907 2749 1981 2817 '3;
2031 2747 2169 2803 mal1

513 2837 621 2904 est,
654 2851 721 2888 ac
750 2835 878 2904 ejus
906 2836 1005 2907 qui
1038 2837 1264 2908 ignoret
1289 2837 1506 2892 exitum
1540 2838 1850 2910 patientiae.

589 2923 881 2978 XXXVIII.
915 2925 1126 2996 Sicque
1155 2927 1378 2994 Simon,
1407 2927 1610 2982 multis
1630 2927 1940 2998 Scriptura
1976 2921 2168 2984 dictis”

520 3013 672 3066 male
699 3014 1023 3085 assumptis
1049 3015 1295 3086 probare
1317 3015 1608 3071 nitebatur
1629 3016 1808 3071 Deum
1843 3017 2084 3088 perinde
2104 3035 2171 3073 ac

519 3099 783 3158 homines
808 3102 965 3158 omni
1000 3105 1355 3173 perpessioni
1377 3105 1691 3160 obnoxium
1721 3122 1869 3162 esse.
1894 3107 2042 3161 Tum
2073 3111 2174 3162 Pe-

515 3193 644 3245 trus
679 3206 692 3244 :
724 3192 834 3258 An,
865 3191 1073 3262 inquit,
1093 3192 1190 3262 qui
1221 3192 1412 3248 malus
1443 3210 1508 3248 ac
1539 3193 1709 3266 plane
1734 3195 2040 3266 improbus
2062 3201 2153 3251 est

519 3278 858 3335 nullatenus
901 3280 1038 3336 velit
1069 3297 1130 3336 se
1162 3281 1288 3353 ipse
1334 3298 1576 3354 arguere
1605 3283 1659 3337 in
1691 3283 1764 3339 iis
1792 3301 1917 3354 quae
1947 3288 2171 3356 peccat’

521 3370 806 3440 responde
840 3369 1003 3424 mihi.
1039 3370 1238 3426 Simon
1270 3373 1569 3443 respondit
1603 3390 1614 3426 :
1650 3372 1888 3428 Minime
1917 3373 2072 3429 velit.
2105 3375 2169 3442 Et

524 3455 729 3511 Petrus
763 3475 776 3512 :
811 3458 932 3522 Quo
965 3462 1136 3512 modo
1169 3458 1347 3530 igitur
1378 3458 1570 3515 malus
1615 3477 1680 3515 ac
1711 3460 2015 3532 improbus
2046 3479 2178 3517 esse

528 3548 718 3614 potest
763 3545 938 3611 Deus,
999 3563 1130 3600 cum
1182 3547 1370 3618 ipsius
1418 3548 1714 3604 voluntate
1759 3550 2070 3621 opprobria
2115 3551 2172 3606 in

522 3632 694 3687 illum
728 3634 1075 3706 conscripta,
1098 3635 1326 3706 publice
1345 3637 1639 3709 proposita
1655 3638 1812 3694 sint?
1833 3641 1911 3694 Ac
1935 3641 2130 3694 Simon
2158 3645 2171 3683 ε

533 3719 677 3774 Fieri
709 3725 916 3792 potest,
949 3726 1014 3776 ut
1047 3721 1206 3777 illius
1248 3725 1618 3795 reprehensio
1650 3727 1794 3781 citra
1821 3727 2008 3800 ipsius
2038 3745 2170 3784 sen-

527 3809 769 3863 tentiam
803 3810 874 3864 ab
905 3809 1017 3864 alia
1063 3810 1294 3867 Virtute
1345 3813 1420 3867 sit
1467 3815 1702 3886 scripta.
1738 3815 1892 3870 Dixit
1922 3817 2124 3873 Petrus
2157 3835 2170 3873 :

526 3897 790 3952 Primum
822 3914 957 3970 ergo
989 3898 1097 3952 hoc
1145 3916 1498 3970 quaeramus.
1533 3903 1589 3956 Si
1638 3920 1744 3958 suo
1771 3904 2005 3975 quidem
2038 3923 2174 3962 con-

528 3985 660 4042 silio
691 4003 754 4041 se
785 3986 1173 4058 reprehendit,
1203 3993 1269 4044 ut
1298 3993 1360 4043 tu
1392 3991 1555 4060 prius
1574 3990 1724 4046 ultro
1756 3994 2058 4050 confessus
2089 4011 2172 4060 es,

530 4074 834 4146 improbus
866 4093 979 4130 non
1012 4081 1101 4130 est
1134 4093 1147 4130 :
1183 4076 1272 4132 sin
1303 4095 1435 4133 vero
1463 4079 1577 4134 alia
1604 4081 1848 4152 Virtute,
1874 4082 2173 4155 inquiren-

528 4163 666 4216 dum
698 4169 786 4218 est
825 4181 890 4219 ac
928 4166 1202 4220 omnibus
1248 4166 1470 4221 viribus
1519 4169 1996 4238 examinandum,
2030 4190 2171 4228 num

527 4250 659 4320 quis
693 4268 824 4306 eum
862 4253 961 4324 qui
992 4253 1152 4308 solus
1197 4255 1386 4310 bonus
1434 4255 1666 4327 existat,
1699 4258 1973 4316 omnibus
2004 4261 2174 4316 malis

527 4339 859 4409 subjecerit.

602 4428 832 4484 XXXIX.
868 4431 938 4486 Et.
979 4431 1177 4487 Simon
1213 4451 1224 4488 :
1258 4433 1628 4490 Manifestum
1677 4440 1766 4491 est
1795 4442 1850 4492 te
1881 4437 2031 4494 nolle
2069 4456 2172 4493 au-

527 4516 651 4571 dire
681 4535 750 4572 ex
777 4519 1094 4590 Scripturis
1141 4523 1648 4593 reprehensionem
1682 4525 1778 4580 Dei
1810 4527 1914 4582 tui.
1959 4531 2037 4582 Ac
2069 4533 2171 4583 Pe-

531 4611 657 4662 trus
692 4626 704 4662 :
739 4607 938 4679 Ipseid
966 4610 1583 4681 faceremihivideris;
1614 4614 1713 4685 qui
1736 4617 1890 4670 enim
1909 4617 2170 4672 ordinem

2191 1983 2238 2047 B
2271 1947 2431 2024 φάγῃ,
2488 1948 2575 2002 καὶ
2638 1950 2785 2018 ζήσει
2842 1949 2881 1984 ¹¹
2934 1947 3011 2008 εἷς
3061 1947 3153 2000 τὸν
3223 1945 3415 2015 αἰῶνα,
3466 1949 3653 2022 φθονεῖ
3703 1947 3768 1998 ιε,
3819 1944 3919 2001 Καὶ

2308 2034 2337 2044 θ
2595 2037 2604 2047 .
2850 2034 2875 2047 ,ο
3048 2035 3105 2047 ..-
3167 2035 3190 2047 λ
3298 2035 3336 2047 ,_
3477 2033 3490 2047 ο
3611 2039 3640 2047 Α
3679 2031 3693 2047 ‘
3837 2029 3863 2047 ﬂ

2265 701 2550 773 μιουργὸν,
2579 702 2694 759 τοῖς
2728 695 2986 757 ἐναντίοις
3014 694 3378 769 ἀντικείμενος
3409 693 3686 772 τυγχάνει.

2335 969 2602 1026 XXXVII.
2637 967 2842 1024 Αὐτίκα
2888 971 3016 1043 γοῦν
3067 967 3096 1022 6
3143 973 3259 1032 καθ’
3305 964 3571 1041 ὁμοίωσιν
3620 963 3784 1021 αὑτοῦ
3825 986 3911 1041 γε·

2263 1059 2434 1133 γονὼς
2482 1055 2676 1130 ’Δδὰμ,
2721 1057 2810 1112 καὶ
2855 1057 3059 1136 τυφλὸς
3107 1056 3342 1126 κτίζεται
3371 1059 3412 1128 ⁵,
3444 1055 3523 1133 ἐφ’
3570 1056 3616 1128 ᾧ
3647 1054 3738 1110 καὶ
3805 1075 3907 1109 παι

2265 1141 2500 1222 ραϐάτης
2560 1146 2874 1221 εὑρίσκεται,
2933 1145 3021 1200 καὶ
3079 1149 3175 1200 τοῦ
3229 1147 3250 1181 ⁶
3307 1149 3440 1199 Θεοῦ
3482 1146 3504 1180 ⁷
3555 1138 3907 1212 ἐκϐάλλεται,

2263 1238 2352 1290 καί
2410 1237 2620 1309 θανάτῳ
2683 1241 3026 1309 τιμωρεῖται.
3055 1234 3290 1307 Ὁμοίως
3335 1255 3395 1288 τε
3449 1233 3540 1288 καὶ
3597 1234 3625 1288 ὁ
3685 1229 3904 1293 πλάσας

2265 1325 2440 1396 αὑτὸν,
2472 1325 2585 1380 ἐπεὶ
2647 1327 2721 1399 μὴ
2772 1325 2839 1380 τά
2897 1326 3068 1379 πάντα
3123 1324 3242 1400 ὁρᾷ,
3277 1322 3362 1378 ἐπὶ
3393 1326 3462 1396 τῇ
3495 1319 3762 1395 Σοδόμων
3816 1342 3911 1375 κα-

2263 1413 2557 1491 ταστροφῇ·
2608 1419 2784 1485 Δεῦτε,
2860 1411 3033 1488 λέγει,
3105 1413 3194 1467 καὶ
3268 1407 3591 1473 καταϐάντες
3679 1408 3908 1483 ἴδωμεν,

2267 1503 2312 1558 εἰ
2385 1505 2520 1558 κατὰ
2591 1505 2686 1572 τήν
2778 1504 3018 1578 κραυγὴν
3114 1501 3288 1557 αὐτῶν
3390 1502 3490 1569 τὴν
3598 1499 3909 1576 ἐρχομένην

2265 1594 2399 1669 πρὸς
2479 1594 2544 1666 με
2629 1592 3024 1662 συντελοῦνται,
3079 1591 3123 1647 εἰ
3182 1588 3240 1646 δὲ
3298 1591 3395 1664 μὴ,
3451 1588 3544 1644 ’ίνα
3623 1593 3754 1665 γνῶ*
3816 1589 3909 1644 καὶ

2269 1683 2563 1757 ἀγνοοῦντα
2624 1682 2808 1737 ἑαυτὸν
2875 1679 3130 1737 δείκνυσι.
3174 1684 3260 1752 Τῷ
3305 1676 3362 1734 δέ
3419 1678 3586 1734 εἰπεῖν
3636 1678 3761 1754 περὶ
3815 1682 3918 1733 τοῦ

2269 1767 2466 1843 Ἀδάμ·
2529 1765 2880 1842 Ἐκϐάλωμεν
2952 1767 3132 1840 ἄὺτὸν,
3196 1771 3271 1840 μή
3331 1789 3448 1829 πως
3521 1766 3753 1828 ἐκτείνας
3809 1768 3916 1836 τήν

2269 1866 2431 1934 χεῖρα
2517 1858 2679 1914 αὑτοῦ
2757 1858 2956 1932 ἅψηται
3037 1862 3134 1912 τοῦ
3217 1856 3381 1928 ξύλου
3463 1863 3562 1926 τῆς
3622 1861 3765 1925 ζωῆς
3823 1855 3918 1910 καὶ

3114 1501 3288 1557 αὐτῶν

2265 2034 2345 2108 τῷ
2445 2037 2760 2114 γεγράφθαι,
2845 2034 2949 2090 ὅτιο
3048 2035 3384 2106 Ἐνεθυμήθη
3470 2033 3498 2086 6
3605 2031 3734 2094 Θεὸς
3833 2029 3924 2084 ὅτι

2269 2122 2491 2194 ἐποίησε
2543 2125 2634 2178 τὸν
2689 2121 2992 2201 ἄνθρωπον·
3052 2124 3141 2178 καὶ
3219 2127 3491 2196 μετανοεῖ,
3549 2120 3638 2176 καὶ
3715 2121 3920 2196 ἆγνοεῖ’

2267 2213 2331 2268 τὸ
2385 2215 2484 2288 γάρ
2543 2213 2866 2287 ἐνεθυμήθη,
2928 2213 3111 2286 σκέψις
3170 2211 3370 2286 ἐστῖ,ᾔ
3428 2231 3511 2272 τις
3571 2206 3641 2264 δι’
3700 2209 3927 2284 ἄγνοιαν

2272 2304 2347 2356 ὧν
2405 2301 2680 2378 βούλεται,
2711 2303 2773 2357 τὸ
2833 2301 2992 2364 τέλος
3049 2301 3348 2377 ἆκριοῶσαι
3407 2299 3643 2368 θέλει,ἣ
3692 2297 3781 2352 ἐπὶ
3839 2302 3926 2369 τῷ

2272 2393 2418 2467 παρὰ
2449 2394 2492 2428 ¹³
2539 2392 2767 2467 γνώμην
2827 2386 3092 2446 ἀποϐάντι
3155 2387 3634 2463 μεταμελουμένου
3693 2389 3756 2442 it.
3812 2387 3918 2441 Καὶ

2272 2481 2334 2536 τὸ
2407 2481 2700 2558 γεγράφθαι
2780 2479 2862 2535 ὅτι
2940 2482 3004 2518 ³⁸·
3058 2477 3358 2557 Ὡσφράνθη
3445 2477 3649 2552 Κύριος
3736 2475 3919 2548 ὀσμὴν

2277 2567 2525 2641 εὐωδίας,
2576 2567 2786 2631 ἐνδεοῦς
2843 2567 2973 2640 ἐστι,
3030 2568 3119 2624 καὶ
3167 2569 3230 2623 τὸ
3307 2567 3394 2621 ἐπὶ
3459 2567 3646 2639 κνίσσῃ
3703 2568 3917 2640 σαρκῶν

2276 2661 2527 2731 ἡσθῆναι,
2587 2657 2684 2712 οὐκ
2753 2658 2977 2732 ἀγαθοῦ.
3051 2658 3121 2712 Τὸ
3197 2654 3255 2712 δὲ
3318 2657 3610 2731 πειράζειν,
3669 2653 3747 2716 ὡς
3817 2651 3923 2728 γέ-

2278 2767 2510 2824 γραπται
2587 2746 2669 2802 ὅτι
2752 2751 2816 2785 ¹το
2877 2747 3152 2820 Ἐπείραζε
3217 2747 3418 2820 Κύριος
3481 2744 3572 2799 τὸν
3645 2737 3917 2816 Ἀϐραὰμ,

2279 2841 2466 2905 κακοῦ,
2497 2836 2585 2892 καὶ
2614 2837 2676 2891 τὸ
2703 2834 2863 2898 τέλος
2891 2842 2991 2906 τῆς
3024 2836 3304 2908 ὑπομονῆς
3336 2835 3683 2909 ἀγνοοῦντος.

2352 2928 2645 2983 XXXVIII.
2680 2927 2860 2998 Ὁμῶς
2893 2926 2921 2979 6
2964 2925 3151 2998 Σίμων
3195 2921 3381 2979 πολλά
3418 2926 3515 2992 τῆς
3559 2928 3777 2998 Γραφῆς
3823 2941 3927 2974 κα-

2279 3021 2388 3077 κῶς
2420 3010 2796 3088 ἐκλαμϐάνων,
2830 3013 3086 3070 δεικνύειν
3119 3011 3340 3070 ἔσπευδε
3386 3011 3544 3068 παντὶ
3593 3012 3751 3075 πάθει
3802 3015 3925 3071 τοῖς

2282 3105 2590 3180 ἀνθρώποις
2644 3104 2852 3176 ὁμοίως
2894 3104 2986 3158 τὸν
3025 3105 3149 3162 Θεὸν
3203 3101 3578 3174 ὑποκείμενον.
3613 3097 3714 3158 Καί
3753 3100 3781 3152 6
3822 3098 3929 3153 Πέ-

2281 3212 2428 3269 τρος
2463 3193 2525 3250 Εἰ
2573 3190 2739 3266 μηδὲν
2792 3196 2836 3230 ¹⁹
2883 3192 3085 3268 ἀγαπᾷ,
3131 3191 3316 3270 φησὶν,
3368 3191 3395 3244 6
3439 3191 3601 3250 κακὸς
3649 3187 3736 3243 καὶ
3786 3185 3929 3242 πάνυ

2289 3280 2591 3357 μοχθηρὸς.
2607 3280 2684 3359 ἐφ’
2705 3283 2789 3344 οἷς
2806 3281 3094 3354 ἁμαρτάνει
3113 3280 3296 3334 ἐαυτὸν
3313 3278 3495 3333 ἐαυτὸν
3515 3275 3783 3354 ἐλέγχειν,
3800 3275 3935 3331 ἀπό-

2283 3369 2460 3446 κριναί
2518 3391 2630 3443 μοι.
2664 3370 2766 3426 Καὶ
2825 3371 2854 3425 6
2913 3369 3123 3442 Σίμων⁹
3157 3368 3267 3424 Οὐκ
3323 3367 3524 3443 ἀγαπᾷ,
3573 3363 3696 3444 ἔφη’
3741 3365 3839 3422 Καὶ
3899 3367 3931 3420 6

2285 3457 2507 3534 Πέτρος·
2540 3463 2663 3520 Πῶς
2711 3456 2805 3512 οὖν
2862 3460 3027 3520 κακὸς
3055 3457 3144 3512 καὶ
3199 3456 3482 3532 μοχθηρὸς
3527 3455 3662 3511 εἶναι
3706 3451 3928 3509 δύναται

2285 3549 2313 3602 6
2342 3549 2487 3619 Θεὸς,
2520 3546 2669 3623 εἶ’περ
2701 3547 2869 3602 αὑτοῦ
2917 3544 3185 3619 θελήματι
3225 3547 3293 3601 τά
3329 3546 3446 3601 κατ’
3491 3543 3654 3599 αὑτοῦ
3705 3540 3853 3598 δεινᾶ
3881 3547 3932 3582 ²⁰

2287 3634 2524 3710 δημοσίᾳ
2567 3638 2837 3714 γραφέντα
2882 3637 3144 3712 προετέθη
3174 3654 3187 3704 ;
3218 3635 3325 3690 Καὶ
3357 3635 3385 3689 6
3419 3633 3625 3708 Σίμων·
3678 3630 3930 3708 Ἐνδέχε-

2283 3748 2371 3781 ται
2432 3727 2506 3800 μὴ
2564 3726 2699 3780 κατὰ
2756 3724 3069 3801 προαίρεσιν
3108 3723 3272 3779 αὑτοῦ
3305 3724 3390 3802 ὑφ’
3419 3718 3602 3799 ἐτέρας
3635 3719 3929 3795 Δυνάμεως

2282 3837 2372 3870 τον
2403 3816 2519 3870 κατ’
2548 3813 2724 3869 αὐτῶν
2753 3820 3026 3892 γραφῆναι
3058 3811 3306 3888 ἕλεγχοψ
3343 3811 3442 3869 Καὶ
3476 3812 3505 3866 6
3536 3813 3738 3887 Πέτρος
3797 3805 3927 3888 ἔφη’

2284 3910 2506 3980 Πρῶτον
2540 3903 2630 3958 οῦν
2661 3909 2821 3959 τοῦτο
2857 3905 3198 3976 ζητήσωμεν.
3232 3901 3297 3959 Εἰ
3332 3901 3426 3974 μὲν
3457 3900 3560 3955 ὑπὸ
3587 3902 3684 3968 τῆς
3734 3901 3931 3954 ἑαυτοῦ

2288 3993 2494 4069 βουλῆς
2527 3991 2716 4047 ἐαυτοῦ
2743 3989 2994 4066 ἤλεγξεν,
3022 3991 3096 4052 ὡς
3128 3991 3327 4068 φθάσας
3357 3988 3420 4044 σὺ
3461 3988 3722 4066 πρότερον
3771 3988 3928 4061 ὡμο-

2283 4082 2546 4158 λόγησας,
2583 4081 2868 4157 μοχθηρὸς
2919 4079 3019 4134 οὑκ
3067 4076 3225 4134 ἔστιν’
3276 4079 3321 4134 εἰ
3369 4077 3428 4133 δὲ
3475 4077 3563 4134 καὶ
3624 4077 3711 4156 ὑφ’
3741 4076 3930 4154 ἐτέρας

2283 4173 2585 4245 Δυνάμεως,
2619 4169 2880 4241 ζητητέον
2927 4168 3016 4223 καὶ
3065 4169 3221 4224 παντὶ
3280 4166 3448 4223 σθένει
3493 4166 3813 4238 ἐξεταστέον,
3849 4167 3929 4238 μή

2279 4281 2361 4322 τις
2409 4259 2566 4314 αὑτὸν
2620 4258 2783 4331 μόνον
2832 4258 3027 4334 ἀγαθὸν
3069 4255 3213 4329 ὄντα,
3268 4256 3354 4312 ἐπὶ
3397 4261 3526 4311 πᾶσι
3567 4261 3687 4318 τοῖς
3734 4259 3930 4316 κακοῖς

2284 4344 2520 4405 ὑπέλαϐε
2549 4351 2590 4385 ²¹
2603 4392 2616 4404 .

2354 4443 2609 4495 XXXIX.
2644 4436 2746 4494 Καὶ
2791 4437 2819 4491 6
2868 4435 3072 4508 Σίμων.
3126 4431 3414 4510 Πρόδηλος
3463 4434 3510 4490 εἶ
3556 4432 3770 4509 φεύγων
3816 4431 3929 4488 ἀπὸ

2279 4533 2384 4583 τῶν
2420 4531 2642 4604 Γραφῶν
2675 4525 2898 4580 ἀκοῦσαι
2925 4526 3018 4579 τὸν
3049 4525 3186 4579 κατά
3212 4529 3308 4579 τοῦ
3339 4528 3473 4578 Θεοῦ
3521 4544 3614 4578 σου
3668 4518 3925 4598 ἔλεγχον.

2281 4618 2384 4674 Καὶ
2413 4618 2441 4670 6
2468 4615 2691 4690 Πέτρος⁸
2723 4613 2895 4676 Αὐτός
2951 4634 3044 4686 μοι
3095 4612 3250 4687 φαίνῃ
3285 4617 3447 4667 τοῦτο
3491 4616 3686 4666 ποιῶν·
3740 4612 3768 4665 6
3819 4611 3928 4686 γὰρ

531 4697 872 4764 (ιυαιεῐὶοιιὶε
920 4698 1080 4764 vitat,
1126 4716 1366 4754 examen
1416 4719 1617 4757 verum
1674 4704 1796 4757 ﬁeri
1858 4721 1972 4760 non
2028 4706 2165 4760 vult.

2280 4706 2423 4776 τάξιν
2459 4707 2737 4776 ζητήσεως
2777 4702 3009 4781 φεύγων,
3042 4701 3270 4772 ἐξέτασιν
3327 4700 3511 4771 ἀληθῆ
3565 4700 3802 4776 γενέσθαι
3859 4699 3927 4754 οὐ

529 4785 692 4840 Unde
720 4803 824 4857 ego
857 4787 955 4858 qui
988 4788 1188 4843 ordine
1215 4796 1364 4857 utor,
1397 4796 1452 4844 et
1481 4791 1608 4847 volo
1640 4792 1892 4863 primum
1927 4793 2169 4866 scripto-

529 4891 650 4929 rem
692 4876 1088 4942 considerari;
1141 4878 1447 4934 manifeste
1494 4882 1662 4952 cupio
1705 4886 1860 4938 recta
1891 4883 1983 4939 via
2009 4883 2169 4939 ince-

529 4963 685 5018 dere.
717 4965 864 5020 Tum
895 4965 1092 5021 Simon
1128 4984 1141 5021 :
1176 4967 1367 5022 Primo
1398 4969 1595 5035 fatere,
1629 4987 1702 5026 an
1734 4988 1864 5027 vera
1895 4973 2013 5028 sint
2044 4990 2168 5045 quae

527 5053 746 5123 scripta
767 5055 980 5109 suntin
1007 5056 1490 5128 mundiopiﬁcem
1517 5076 1530 5126 ;
1559 5075 1662 5114 nec
1689 5061 1764 5115 sit
1783 5063 2045 5116 omnium
2070 5079 2169 5116 su-

527 5157 785 5213 premus,
816 5160 949 5199 cum
990 5144 1160 5215 juxta
1204 5147 1533 5219 Scripturas
1581 5150 1740 5204 omni
1789 5151 2062 5222 nequitiae
2094 5151 2172 5207 sit

526 5229 849 5301 obnoxius;
884 5238 940 5288 et
971 5240 1170 5305 postea
1201 5236 1543 5308 scriptorem
1583 5254 1932 5310 quaeremus.
1963 5241 2169 5297 Petrus

2284 4793 2558 4870 βούλεται.
2590 4795 2742 4847 Ὅθεν
2774 4791 2883 4867 ἐγὼ
2911 4790 2979 4865 τῇ
3020 4790 3163 4861 τάξει
3223 4790 3535 4866 χρώμενος,
3567 4789 3656 4844 καὶ
3721 4786 3925 4863 βουλᾶ-

2283 4904 2441 4957 μενος
2469 4887 2685 4959 πρῶτον
2716 4881 2807 4936 τὸν
2842 4881 3155 4958 συγγραφέα
3184 4880 3470 4950 νοηθῆναι,
3492 4874 3778 4954 πρόδηλός
3809 4877 3930 4950 εἰμι

2276 4973 2374 5041 τήν
2404 4971 2604 5027 εὐθεῖαν
2633 4968 2833 5025 ὁδεύειν
2879 4967 3073 5033 θέλων.
3105 4967 3208 5025 Καὶ
3241 4967 3269 5022 6
3302 4966 3512 5041 Σίμων’
3546 4963 3931 5041 Ὁμολόγησον

2277 5067 2516 5137 πρῶτον,
2552 5057 2604 5114 εἷ’
2641 5079 2704 5134 γε
2743 5060 2810 5112 τὰ
2859 5058 2995 5114 κατὰ
3035 5062 3131 5112 τοῦ
3181 5054 3524 5131 δημιουργοῦ
3572 5053 3933 5132 γεγραμμένα

2278 5149 2457 5220 ἀληθῆ
2492 5149 2622 5218 ἐστι,
2654 5147 2743 5202 καὶ
2774 5145 2872 5201 οὑκ
2901 5142 3039 5201 ἔστιν
3068 5147 3096 5200 ὁ
3125 5149 3232 5200 τῶν
3264 5144 3408 5200 ὅλων
3469 5144 3756 5219 ἀνώτερος,
3788 5143 3936 5198 κατὰ

2274 5240 2370 5302 τὰς
2421 5238 2631 5316 Γραφᾶς
2681 5231 2824 5309 πάσῃ
2870 5233 3228 5307 ὑποκείμενος
3288 5231 3589 5310 μοχθηρίᾳ,
3629 5232 3720 5288 καὶ
3778 5231 3932 5288 ὕστε-

1873 5437 2113 5494 νΑΡιῙίΕ
2150 5436 2564 5496 LECTIONES.

603 5572 730 5668 fui.
788 5575 921 5630 add.
973 5574 1066 5668 καὶ
1119 5579 1315 5651 γνῶσιν
1374 5576 1578 5650 ἀγαθοῦ
1635 5579 1822 5668 τυχὸν,
1856 5580 1892 5648 ἢ
1950 5584 2118 5634 κακοῦ
2180 5582 2255 5652 μὴ
2315 5577 2460 5655 ἔχων
2515 5575 2854 5668 γνωρῆίζίεται.
2931 5577 2953 5611 ⁶
3011 5577 3174 5632 Forte
3222 5579 3358 5668 ⁸·ῑοῖ),Ἰ
3381 5573 3524 5630 θείου
3577 5569 3928 5668 παραδείσου,

625 5647 765 5668 tu}---
830 5666 854 5668 η
879 5665 958 5668 _.-_
1008 5650 1077 5668 3-x
1163 5649 1223 5668 IV,
1281 5667 1286 5668 γ
1411 5651 1429 5668 ’⁸1
1501 5652 1510 5668 I
2019 5655 2037 5668 ο
2072 5653 2108 5668 n
2489 5655 2547 5668 nl
2768 5666 2816 5668 εκ,
2910 5665 2970 5668 ___
3051 5652 3115 5668 na
3375 5663 3431 5668 -.Α
3518 5664 3572 5668 -.,
3850 5663 3872 5668 -

529 5646 766 5700 eidivino
825 5647 1100 5717 paradiso.
1134 5646 1332 5703 Cum.

537 5718 688 5787 ζήσῃ.
770 5719 810 5750 ¹²
867 5719 940 5772 al.
999 5717 1086 5770 καὶ
1148 5725 1350 5792 φθονεῖ.

532 5791 618 5843 21.
705 5791 742 5823 ίτ
775 5790 846 5847 al.
883 5788 1005 5844 Καί.
1089 5793 1128 5825 ¹⁸
1161 5788 1281 5846 Gen
1337 5812 1472 5864 xxii,
1510 5796 1556 5847 1.

1411 5651 1429 5684 ⁷
1461 5652 1534 5705 al.
1572 5651 1941 5723 παραδείσου.

1640 5797 1681 5830 ⁸9
1711 5795 1762 5851 al
1799 5796 1897 5866 μή.

2018 5653 2210 5709 8Gen.
2271 5653 2428 5720 xviii,
2489 5653 2577 5707 21.

1437 5725 1477 5756 ³³⁸
1537 5722 1608 5777 al.
1674 5722 1749 5792 μὴ
1812 5723 1961 5780 κατά.
2025 5725 2077 5779 al
2135 5723 2285 5776 κατά.

1975 5797 2019 5830 ²⁰
2048 5799 2121 5850 al.
2156 5793 2309 5848 κακά.

2656 5645 2846 5706 9Gen.
2910 5665 2992 5715 ιιι,
3051 5652 3140 5702 2?.
3222 5649 3265 5684 ¹⁰
3318 5647 3460 5703 Gen.
3518 5664 3594 5714 v1,
3635 5645 3690 5702 6.
3773 5648 3812 5683 ¹¹
3847 5645 3927 5702 al.

2369 5717 2424 5760 “v
2451 5723 2525 5780 al.
2583 5717 3054 5792 μεταμελομένου.
3136 5720 3178 5754 ίδ
3217 5718 3290 5775 aI.
3328 5717 3447 5776 Καί.
3557 5720 3600 5756 ¹⁶
3631 5719 3771 5775 Gen.
3804 5735 3929 5787 vni,

2390 5797 2432 5832 ²¹
2467 5791 2700 5850 ὑπέϐαλε
2732 5791 2994 5850 ίῖιεηιεηι.
