  <div class='ocr_page' id='page_1' title='image "/cluster/home/n/w/nwhite01/storage/ocr_20150623/2/hvd.32044073501421/262.png"; bbox 0 0 4140 6344; ppageno 0'>
   <div class='ocr_carea' id='block_1_1' title="bbox 281 467 404 532">
    <p class='ocr_par' dir='ltr' id='par_1_1' title="bbox 281 467 404 532">
     <span class='ocr_line' id='line_1_1' title="bbox 281 467 404 532; baseline -0.033 0"><span class='ocrx_word' id='word_1_1' title='bbox 281 467 404 532; x_wconf 72' lang='grc'><strong>501</strong></span> 
     </span>
    </p>
   </div>
   <div class='ocr_carea' id='block_1_2' title="bbox 1052 464 2939 530">
    <p class='ocr_par' dir='ltr' id='par_1_2' title="bbox 1052 464 2939 530">
     <span class='ocr_line' id='line_1_2' title="bbox 1052 464 2939 530; baseline -0.002 -1"><span class='ocrx_word' id='word_1_2' title='bbox 1052 464 1581 530; x_wconf 80' lang='lat' dir='ltr'><strong>GLEMENTINA.</strong></span> <span class='ocrx_word' id='word_1_3' title='bbox 1618 500 1694 514; x_wconf 91' lang='lat'><strong>--</strong></span> <span class='ocrx_word' id='word_1_4' title='bbox 1721 465 2067 530; x_wconf 83' lang='lat' dir='ltr'><strong>EPITOME</strong></span> <span class='ocrx_word' id='word_1_5' title='bbox 2110 467 2211 528; x_wconf 83' lang='lat' dir='ltr'><strong>DE</strong></span> <span class='ocrx_word' id='word_1_6' title='bbox 2256 467 2526 530; x_wconf 82' lang='lat' dir='ltr'><strong>GESTIS</strong></span> <span class='ocrx_word' id='word_1_7' title='bbox 2571 468 2638 529; x_wconf 93' lang='lat' dir='ltr'><strong>S.</strong></span> <span class='ocrx_word' id='word_1_8' title='bbox 2683 466 2939 527; x_wconf 81' lang='lat' dir='ltr'><strong>PETRI.</strong></span> 
     </span>
    </p>
   </div>
   <div class='ocr_carea' id='block_1_3' title="bbox 3568 461 3688 524">
    <p class='ocr_par' dir='ltr' id='par_1_3' title="bbox 3568 461 3688 524">
     <span class='ocr_line' id='line_1_3' title="bbox 3568 461 3688 524; baseline -0.017 -1"><span class='ocrx_word' id='word_1_9' title='bbox 3568 461 3688 524; x_wconf 77' lang='lat'><strong>502</strong></span> 
     </span>
    </p>
   </div>
   <div class='ocr_carea' id='block_1_4' title="bbox 281 594 1939 677">
    <p class='ocr_par' dir='ltr' id='par_1_4' title="bbox 281 598 1934 677">
     <span class='ocr_line' id='line_1_4' title="bbox 281 598 1934 677; baseline 0 -22"><span class='ocrx_word' id='word_1_10' title='bbox 281 617 379 675; x_wconf 87' lang='grc' dir='ltr'><strong>ρον</strong></span> <span class='ocrx_word' id='word_1_11' title='bbox 413 599 719 672; x_wconf 79' lang='grc' dir='ltr'>ζητήσομεν</span> <span class='ocrx_word' id='word_1_12' title='bbox 767 599 815 637; x_wconf 71' lang='grc'><strong>³⁸</strong></span> <span class='ocrx_word' id='word_1_13' title='bbox 856 598 947 655; x_wconf 86' lang='grc' dir='ltr'><strong>τὸν</strong></span> <span class='ocrx_word' id='word_1_14' title='bbox 1003 600 1397 677; x_wconf 79' lang='grc' dir='ltr'>συγγράψαντα.</span> <span class='ocrx_word' id='word_1_15' title='bbox 1452 598 1551 657; x_wconf 85' lang='grc' dir='ltr'><strong>Καὶ</strong></span> <span class='ocrx_word' id='word_1_16' title='bbox 1603 600 1631 655; x_wconf 99' lang='lat'><strong>6</strong></span> <span class='ocrx_word' id='word_1_17' title='bbox 1681 599 1884 675; x_wconf 93' lang='grc' dir='ltr'>Πέτρος</span> <span class='ocrx_word' id='word_1_18' title='bbox 1921 619 1934 632; x_wconf 86' lang='grc'><strong>·</strong></span> 
     </span>
    </p>
   </div>
   <div class='ocr_carea' id='block_1_5' title="bbox 2049 594 3685 677">
    <p class='ocr_par' dir='ltr' id='par_1_5' title="bbox 2050 594 3685 671">
     <span class='ocr_line' id='line_1_5' title="bbox 2050 594 3685 671; baseline -0.005 -12"><span class='ocrx_word' id='word_1_19' title='bbox 2050 608 2245 659; x_wconf 86' lang='lat' dir='ltr'><strong>autem</strong></span> <span class='ocrx_word' id='word_1_20' title='bbox 2279 620 2292 658; x_wconf 76' lang='grc' dir='ltr'><strong>ε</strong></span> <span class='ocrx_word' id='word_1_21' title='bbox 2323 602 2405 658; x_wconf 89' lang='lat' dir='ltr'><strong>Ne</strong></span> <span class='ocrx_word' id='word_1_22' title='bbox 2433 602 2492 657; x_wconf 88' lang='lat' dir='ltr'><strong>id</strong></span> <span class='ocrx_word' id='word_1_23' title='bbox 2522 603 2592 658; x_wconf 93' lang='lat' dir='ltr'><strong>de</strong></span> <span class='ocrx_word' id='word_1_24' title='bbox 2623 617 2714 658; x_wconf 90' lang='lat' dir='ltr'><strong>me</strong></span> <span class='ocrx_word' id='word_1_25' title='bbox 2740 599 3028 667; x_wconf 86' lang='lat' dir='ltr'><strong>videatur,</strong></span> <span class='ocrx_word' id='word_1_26' title='bbox 3062 597 3406 671; x_wconf 79' lang='lat' dir='ltr'><strong>respondeo.</strong></span> <span class='ocrx_word' id='word_1_27' title='bbox 3429 600 3541 668; x_wconf 83' lang='lat' dir='ltr'><strong>Ego</strong></span> <span class='ocrx_word' id='word_1_28' title='bbox 3572 594 3685 662; x_wconf 86' lang='lat' dir='ltr'><strong>aio,</strong></span> 
     </span>
    </p>
   </div>
   <div class='ocr_carea' id='block_1_6' title="bbox 286 684 1939 767">
    <p class='ocr_par' dir='ltr' id='par_1_6' title="bbox 286 684 1939 767">
     <span class='ocr_line' id='line_1_6' title="bbox 286 684 1939 767; baseline -0.001 -22"><span class='ocrx_word' id='word_1_29' title='bbox 286 691 402 746; x_wconf 84' lang='grc' dir='ltr'>Ἵνα</span> <span class='ocrx_word' id='word_1_30' title='bbox 459 689 537 762; x_wconf 82' lang='grc' dir='ltr'>μὴ</span> <span class='ocrx_word' id='word_1_31' title='bbox 596 684 737 760; x_wconf 81' lang='grc' dir='ltr'>δόξω</span> <span class='ocrx_word' id='word_1_32' title='bbox 789 690 856 757; x_wconf 74' lang='grc'><strong>³³,</strong></span> <span class='ocrx_word' id='word_1_33' title='bbox 916 688 1293 765; x_wconf 81' lang='grc' dir='ltr'>ἀποκρίνομαι.</span> <span class='ocrx_word' id='word_1_34' title='bbox 1355 690 1493 766; x_wconf 88' lang='grc' dir='ltr'><strong>Ἐγὼ</strong></span> <span class='ocrx_word' id='word_1_35' title='bbox 1549 710 1693 767; x_wconf 77' lang='grc' dir='ltr'>φημι</span> <span class='ocrx_word' id='word_1_36' title='bbox 1748 688 1833 744; x_wconf 80' lang='grc' dir='ltr'><strong>ὅτι</strong></span> <span class='ocrx_word' id='word_1_37' title='bbox 1871 688 1939 743; x_wconf 77' lang='grc' dir='ltr'>τὰ</span> 
     </span>
    </p>
   </div>
   <div class='ocr_carea' id='block_1_7' title="bbox 287 774 1935 856">
    <p class='ocr_par' dir='ltr' id='par_1_7' title="bbox 287 774 1935 856">
     <span class='ocr_line' id='line_1_7' title="bbox 287 774 1935 856; baseline 0 -23"><span class='ocrx_word' id='word_1_38' title='bbox 287 774 551 833; x_wconf 81' lang='grc' dir='ltr'>δοκοῦντά</span> <span class='ocrx_word' id='word_1_39' title='bbox 588 798 672 832; x_wconf 87' lang='grc' dir='ltr'><strong>σοι</strong></span> <span class='ocrx_word' id='word_1_40' title='bbox 720 783 891 832; x_wconf 88' lang='grc' dir='ltr'>ταῦτα</span> <span class='ocrx_word' id='word_1_41' title='bbox 942 779 1080 834; x_wconf 79' lang='grc' dir='ltr'>κατὰ</span> <span class='ocrx_word' id='word_1_42' title='bbox 1109 782 1244 834; x_wconf 86' lang='grc' dir='ltr'>Θεοῦ</span> <span class='ocrx_word' id='word_1_43' title='bbox 1280 777 1594 856; x_wconf 77' lang='grc' dir='ltr'><strong>γεγράφθαι,</strong></span> <span class='ocrx_word' id='word_1_44' title='bbox 1626 775 1807 848; x_wconf 81' lang='grc' dir='ltr'>ἀληθῆ</span> <span class='ocrx_word' id='word_1_45' title='bbox 1841 778 1935 851; x_wconf 90' lang='grc' dir='ltr'><strong>μέν</strong></span> 
     </span>
    </p>
   </div>
   <div class='ocr_carea' id='block_1_8' title="bbox 285 863 1938 944">
    <p class='ocr_par' dir='ltr' id='par_1_8' title="bbox 285 863 1938 944">
     <span class='ocr_line' id='line_1_8' title="bbox 285 863 1938 944; baseline -0.001 -22"><span class='ocrx_word' id='word_1_46' title='bbox 285 867 450 922; x_wconf 66' lang='grc' dir='ltr'>ἔστιν·</span> <span class='ocrx_word' id='word_1_47' title='bbox 480 864 627 922; x_wconf 86' lang='grc' dir='ltr'><strong>ἀλλά</strong></span> <span class='ocrx_word' id='word_1_48' title='bbox 652 866 745 921; x_wconf 88' lang='grc' dir='ltr'><strong>καὶ</strong></span> <span class='ocrx_word' id='word_1_49' title='bbox 777 866 973 936; x_wconf 73' lang='grc' dir='ltr'>οὕτως,</span> <span class='ocrx_word' id='word_1_50' title='bbox 1023 863 1178 922; x_wconf 72' lang='grc' dir='ltr'>οὔπω</span> <span class='ocrx_word' id='word_1_51' title='bbox 1226 868 1317 923; x_wconf 86' lang='grc' dir='ltr'><strong>τὸν</strong></span> <span class='ocrx_word' id='word_1_52' title='bbox 1368 867 1496 923; x_wconf 83' lang='grc' dir='ltr'><strong>Θεὸν</strong></span> <span class='ocrx_word' id='word_1_53' title='bbox 1529 864 1759 922; x_wconf 82' lang='grc' dir='ltr'>δείκνυσι</span> <span class='ocrx_word' id='word_1_54' title='bbox 1793 887 1938 944; x_wconf 85' lang='grc' dir='ltr'>μοχ-</span> 
     </span>
    </p>
   </div>
   <div class='ocr_carea' id='block_1_9' title="bbox 285 952 1935 1035">
    <p class='ocr_par' dir='ltr' id='par_1_9' title="bbox 285 952 1935 1035">
     <span class='ocr_line' id='line_1_9' title="bbox 285 952 1935 1035; baseline 0 -25"><span class='ocrx_word' id='word_1_55' title='bbox 285 956 476 1033; x_wconf 86' lang='grc' dir='ltr'>θηρόν.</span> <span class='ocrx_word' id='word_1_56' title='bbox 509 954 608 1011; x_wconf 81' lang='grc' dir='ltr'>Καὶ</span> <span class='ocrx_word' id='word_1_57' title='bbox 638 957 668 1011; x_wconf 87' lang='lat'><strong>6</strong></span> <span class='ocrx_word' id='word_1_58' title='bbox 712 955 924 1029; x_wconf 84' lang='grc' dir='ltr'>Σίμων·</span> <span class='ocrx_word' id='word_1_59' title='bbox 974 960 1102 1019; x_wconf 85' lang='grc' dir='ltr'><strong>Πῶς</strong></span> <span class='ocrx_word' id='word_1_60' title='bbox 1152 954 1266 1027; x_wconf 76' lang='grc' dir='ltr'>οὖν,</span> <span class='ocrx_word' id='word_1_61' title='bbox 1297 952 1421 1035; x_wconf 76' lang='grc' dir='ltr'>ἔφη,</span> <span class='ocrx_word' id='word_1_62' title='bbox 1469 960 1632 1012; x_wconf 88' lang='grc' dir='ltr'>τοῦτο</span> <span class='ocrx_word' id='word_1_63' title='bbox 1679 962 1935 1027; x_wconf 83' lang='grc' dir='ltr'><strong>συστῆσαι</strong></span> 
     </span>
    </p>
   </div>
   <div class='ocr_carea' id='block_1_10' title="bbox 287 1041 563 1114">
    <p class='ocr_par' dir='ltr' id='par_1_10' title="bbox 287 1041 563 1114">
     <span class='ocr_line' id='line_1_10' title="bbox 287 1041 563 1114; baseline -0.004 -15"><span class='ocrx_word' id='word_1_64' title='bbox 287 1041 516 1099; x_wconf 83' lang='grc' dir='ltr'>δύνασαι</span> <span class='ocrx_word' id='word_1_65' title='bbox 548 1064 563 1114; x_wconf 92' lang='grc'><strong>;</strong></span> 
     </span>
    </p>
   </div>
   <div class='ocr_carea' id='block_1_11' title="bbox 357 1132 1936 1213">
    <p class='ocr_par' dir='ltr' id='par_1_11' title="bbox 357 1132 1936 1213">
     <span class='ocr_line' id='line_1_11' title="bbox 357 1132 1936 1213; baseline 0 -24"><span class='ocrx_word' id='word_1_66' title='bbox 357 1135 471 1191; x_wconf 82' lang='lat' dir='ltr'><strong>XL.</strong></span> <span class='ocrx_word' id='word_1_67' title='bbox 504 1133 603 1189; x_wconf 79' lang='grc' dir='ltr'><strong>Καὶ</strong></span> <span class='ocrx_word' id='word_1_68' title='bbox 632 1134 661 1188; x_wconf 85' lang='grc' dir='ltr'>ὁ</span> <span class='ocrx_word' id='word_1_69' title='bbox 690 1132 915 1210; x_wconf 86' lang='grc' dir='ltr'>Πέτρος·</span> <span class='ocrx_word' id='word_1_70' title='bbox 966 1133 1066 1188; x_wconf 89' lang='grc' dir='ltr'><strong>Τὸν</strong></span> <span class='ocrx_word' id='word_1_71' title='bbox 1113 1132 1293 1207; x_wconf 81' lang='grc' dir='ltr'>’Δὸὰμ</span> <span class='ocrx_word' id='word_1_72' title='bbox 1337 1132 1538 1213; x_wconf 77' lang='grc' dir='ltr'>τυφλὸν</span> <span class='ocrx_word' id='word_1_73' title='bbox 1595 1132 1776 1210; x_wconf 86' lang='grc' dir='ltr'>λέγεις</span> <span class='ocrx_word' id='word_1_74' title='bbox 1821 1157 1936 1212; x_wconf 88' lang='grc' dir='ltr'>γεν-</span> 
     </span>
    </p>
   </div>
   <div class='ocr_carea' id='block_1_12' title="bbox 278 1220 1936 1301">
    <p class='ocr_par' dir='ltr' id='par_1_12' title="bbox 278 1220 1936 1301">
     <span class='ocr_line' id='line_1_12' title="bbox 278 1220 1936 1301; baseline 0.002 -25"><span class='ocrx_word' id='word_1_75' title='bbox 278 1228 540 1293; x_wconf 88' lang='grc' dir='ltr'>νηθῆναι,</span> <span class='ocrx_word' id='word_1_76' title='bbox 590 1220 723 1300; x_wconf 77' lang='grc' dir='ltr'>ὅπερ</span> <span class='ocrx_word' id='word_1_77' title='bbox 772 1221 872 1277; x_wconf 76' lang='grc' dir='ltr'>οὐκ</span> <span class='ocrx_word' id='word_1_78' title='bbox 913 1222 1001 1293; x_wconf 81' lang='grc' dir='ltr'><strong>ἧν.</strong></span> <span class='ocrx_word' id='word_1_79' title='bbox 1054 1221 1127 1278; x_wconf 79' lang='grc' dir='ltr'><strong>Οὐ</strong></span> <span class='ocrx_word' id='word_1_80' title='bbox 1156 1223 1258 1300; x_wconf 78' lang='grc' dir='ltr'><strong>γὰρ</strong></span> <span class='ocrx_word' id='word_1_81' title='bbox 1305 1223 1365 1278; x_wconf 78' lang='grc' dir='ltr'>ἂν</span> <span class='ocrx_word' id='word_1_82' title='bbox 1393 1223 1585 1301; x_wconf 80' lang='grc' dir='ltr'>τυφλῷ</span> <span class='ocrx_word' id='word_1_83' title='bbox 1614 1223 1936 1297; x_wconf 72' lang='grc' dir='ltr'>ἐντελλόμε-</span> 
     </span>
    </p>
   </div>
   <div class='ocr_carea' id='block_1_13' title="bbox 278 1307 1934 1388">
    <p class='ocr_par' dir='ltr' id='par_1_13' title="bbox 278 1307 1934 1388">
     <span class='ocr_line' id='line_1_13' title="bbox 278 1307 1934 1388; baseline 0.002 -24"><span class='ocrx_word' id='word_1_84' title='bbox 278 1330 380 1372; x_wconf 90' lang='grc' dir='ltr'><strong>νος</strong></span> <span class='ocrx_word' id='word_1_85' title='bbox 430 1307 667 1366; x_wconf 77' lang='grc' dir='ltr'>ὲδείκνυε</span> <span class='ocrx_word' id='word_1_86' title='bbox 717 1310 916 1388; x_wconf 86' lang='grc' dir='ltr'>λέγων·</span> <span class='ocrx_word' id='word_1_87' title='bbox 979 1313 1116 1367; x_wconf 83' lang='grc' dir='ltr'><strong>Ἀπὸ</strong></span> <span class='ocrx_word' id='word_1_88' title='bbox 1169 1309 1227 1368; x_wconf 75' lang='grc' dir='ltr'><strong>δὲ</strong></span> <span class='ocrx_word' id='word_1_89' title='bbox 1269 1317 1366 1368; x_wconf 89' lang='grc' dir='ltr'><strong>τοῦ</strong></span> <span class='ocrx_word' id='word_1_90' title='bbox 1414 1312 1578 1386; x_wconf 80' lang='grc' dir='ltr'>ξύλου</span> <span class='ocrx_word' id='word_1_91' title='bbox 1626 1318 1723 1369; x_wconf 89' lang='grc' dir='ltr'><strong>τοῦ</strong></span> <span class='ocrx_word' id='word_1_92' title='bbox 1764 1315 1934 1388; x_wconf 88' lang='grc' dir='ltr'>γινώ-</span> 
     </span>
    </p>
   </div>
   <div class='ocr_carea' id='block_1_14' title="bbox 279 1398 1933 1477">
    <p class='ocr_par' dir='ltr' id='par_1_14' title="bbox 279 1398 1933 1477">
     <span class='ocr_line' id='line_1_14' title="bbox 279 1398 1933 1477; baseline 0.002 -24"><span class='ocrx_word' id='word_1_93' title='bbox 279 1419 431 1453; x_wconf 73' lang='grc' dir='ltr'>σκειν</span> <span class='ocrx_word' id='word_1_94' title='bbox 480 1398 648 1455; x_wconf 86' lang='grc' dir='ltr'>καλὸν</span> <span class='ocrx_word' id='word_1_95' title='bbox 695 1400 787 1454; x_wconf 86' lang='grc' dir='ltr'>καὶ</span> <span class='ocrx_word' id='word_1_96' title='bbox 840 1401 1102 1476; x_wconf 86' lang='grc' dir='ltr'>πονηρὸν,</span> <span class='ocrx_word' id='word_1_97' title='bbox 1158 1402 1232 1473; x_wconf 76' lang='grc' dir='ltr'>μὴ</span> <span class='ocrx_word' id='word_1_98' title='bbox 1281 1400 1563 1477; x_wconf 86' lang='grc' dir='ltr'>γεύσησθε.</span> <span class='ocrx_word' id='word_1_99' title='bbox 1617 1402 1720 1458; x_wconf 82' lang='grc' dir='ltr'><strong>Καὶ</strong></span> <span class='ocrx_word' id='word_1_100' title='bbox 1764 1402 1792 1457; x_wconf 87' lang='grc' dir='ltr'><strong>ὀ</strong></span> <span class='ocrx_word' id='word_1_101' title='bbox 1843 1402 1933 1457; x_wconf 77' lang='grc' dir='ltr'><strong>Σί-</strong></span> 
     </span>
    </p>
   </div>
   <div class='ocr_carea' id='block_1_15' title="bbox 281 1483 1933 1566">
    <p class='ocr_par' dir='ltr' id='par_1_15' title="bbox 281 1483 1933 1566">
     <span class='ocr_line' id='line_1_15' title="bbox 281 1483 1933 1566; baseline 0.002 -24"><span class='ocrx_word' id='word_1_102' title='bbox 281 1509 409 1559; x_wconf 86' lang='grc' dir='ltr'><strong>μων</strong></span> <span class='ocrx_word' id='word_1_103' title='bbox 446 1483 790 1560; x_wconf 74' lang='grc' dir='ltr'>μεταϐαλών·</span> <span class='ocrx_word' id='word_1_104' title='bbox 820 1488 1030 1547; x_wconf 87' lang='grc' dir='ltr'>Τυσλὸν</span> <span class='ocrx_word' id='word_1_105' title='bbox 1056 1486 1210 1566; x_wconf 79' lang='grc' dir='ltr'>ἔλεγε</span> <span class='ocrx_word' id='word_1_106' title='bbox 1237 1492 1317 1564; x_wconf 85' lang='grc' dir='ltr'>(α)</span> <span class='ocrx_word' id='word_1_107' title='bbox 1344 1490 1438 1545; x_wconf 87' lang='grc' dir='ltr'>τὸν</span> <span class='ocrx_word' id='word_1_108' title='bbox 1468 1496 1589 1546; x_wconf 90' lang='grc' dir='ltr'>νοῦν</span> <span class='ocrx_word' id='word_1_109' title='bbox 1621 1490 1806 1547; x_wconf 79' lang='grc' dir='ltr'>αὐτοῦ.</span> <span class='ocrx_word' id='word_1_110' title='bbox 1830 1492 1933 1549; x_wconf 83' lang='grc' dir='ltr'><strong>Καὶ</strong></span> 
     </span>
    </p>
   </div>
   <div class='ocr_carea' id='block_1_16' title="bbox 276 1576 1933 1657">
    <p class='ocr_par' dir='ltr' id='par_1_16' title="bbox 276 1576 1933 1657">
     <span class='ocr_line' id='line_1_16' title="bbox 276 1576 1933 1657; baseline 0.003 -27"><span class='ocrx_word' id='word_1_111' title='bbox 276 1577 310 1630; x_wconf 88' lang='lat'><strong>6</strong></span> <span class='ocrx_word' id='word_1_112' title='bbox 342 1577 573 1653; x_wconf 71' lang='grc' dir='ltr'>Πέτρος*</span> <span class='ocrx_word' id='word_1_113' title='bbox 608 1582 732 1639; x_wconf 83' lang='grc' dir='ltr'><strong>Πῶς</strong></span> <span class='ocrx_word' id='word_1_114' title='bbox 776 1578 866 1633; x_wconf 84' lang='grc' dir='ltr'><strong>καὶ</strong></span> <span class='ocrx_word' id='word_1_115' title='bbox 913 1578 1005 1634; x_wconf 87' lang='grc' dir='ltr'>τὸν</span> <span class='ocrx_word' id='word_1_116' title='bbox 1030 1583 1155 1633; x_wconf 88' lang='grc' dir='ltr'>νοῦν</span> <span class='ocrx_word' id='word_1_117' title='bbox 1202 1576 1406 1657; x_wconf 78' lang='grc' dir='ltr'>τυφλὸς</span> <span class='ocrx_word' id='word_1_118' title='bbox 1458 1576 1689 1649; x_wconf 77' lang='grc' dir='ltr'>ἠδύνατο</span> <span class='ocrx_word' id='word_1_119' title='bbox 1721 1579 1870 1649; x_wconf 74' lang='grc' dir='ltr'>εἶναι,</span> <span class='ocrx_word' id='word_1_120' title='bbox 1904 1581 1933 1635; x_wconf 97' lang='lat'><strong>6</strong></span> 
     </span>
    </p>
   </div>
   <div class='ocr_carea' id='block_1_17' title="bbox 276 1665 1931 1745">
    <p class='ocr_par' dir='ltr' id='par_1_17' title="bbox 276 1665 1931 1745">
     <span class='ocr_line' id='line_1_17' title="bbox 276 1665 1931 1745; baseline 0.002 -26"><span class='ocrx_word' id='word_1_121' title='bbox 276 1665 394 1740; x_wconf 75' lang='grc' dir='ltr'>πρὸ</span> <span class='ocrx_word' id='word_1_122' title='bbox 420 1669 521 1720; x_wconf 86' lang='grc' dir='ltr'><strong>τοῦ</strong></span> <span class='ocrx_word' id='word_1_123' title='bbox 542 1665 828 1742; x_wconf 77' lang='grc' dir='ltr'>γεύσασθαι</span> <span class='ocrx_word' id='word_1_124' title='bbox 858 1671 957 1721; x_wconf 89' lang='grc' dir='ltr'><strong>τοῦ</strong></span> <span class='ocrx_word' id='word_1_125' title='bbox 1004 1671 1193 1745; x_wconf 78' lang='grc' dir='ltr'>φυτοῦ,</span> <span class='ocrx_word' id='word_1_126' title='bbox 1224 1669 1530 1745; x_wconf 72' lang='grc' dir='ltr'><strong>συμφώνως</strong></span> <span class='ocrx_word' id='word_1_127' title='bbox 1577 1673 1656 1740; x_wconf 81' lang='grc' dir='ltr'><strong>τῷ</strong></span> <span class='ocrx_word' id='word_1_128' title='bbox 1694 1667 1931 1723; x_wconf 82' lang='grc' dir='ltr'>κτίσαντι</span> 
     </span>
    </p>
   </div>
   <div class='ocr_carea' id='block_1_18' title="bbox 276 1752 1931 1829">
    <p class='ocr_par' dir='ltr' id='par_1_18' title="bbox 276 1752 1931 1829">
     <span class='ocr_line' id='line_1_18' title="bbox 276 1752 1931 1829; baseline 0.002 -20"><span class='ocrx_word' id='word_1_129' title='bbox 276 1752 445 1809; x_wconf 69' lang='grc' dir='ltr'>αὑτὸν</span> <span class='ocrx_word' id='word_1_130' title='bbox 478 1754 654 1810; x_wconf 79' lang='grc' dir='ltr'>οἰκεῖα</span> <span class='ocrx_word' id='word_1_131' title='bbox 689 1761 850 1811; x_wconf 78' lang='grc' dir='ltr'>πᾶσιν</span> <span class='ocrx_word' id='word_1_132' title='bbox 894 1756 1094 1818; x_wconf 70' lang='grc' dir='ltr'>ἐπιθεὶς</span> <span class='ocrx_word' id='word_1_133' title='bbox 1141 1762 1257 1818; x_wconf 88' lang='grc' dir='ltr'>τοῖς</span> <span class='ocrx_word' id='word_1_134' title='bbox 1307 1758 1467 1826; x_wconf 85' lang='grc' dir='ltr'>ζώοις</span> <span class='ocrx_word' id='word_1_135' title='bbox 1517 1756 1757 1829; x_wconf 87' lang='grc' dir='ltr'>ὀνόματα</span> <span class='ocrx_word' id='word_1_136' title='bbox 1786 1776 1799 1827; x_wconf 89' lang='grc'>;</span> <span class='ocrx_word' id='word_1_137' title='bbox 1832 1758 1931 1812; x_wconf 83' lang='grc' dir='ltr'>Καὶ</span> 
     </span>
    </p>
   </div>
   <div class='ocr_carea' id='block_1_19' title="bbox 277 1842 1928 1922">
    <p class='ocr_par' dir='ltr' id='par_1_19' title="bbox 277 1842 1928 1922">
     <span class='ocr_line' id='line_1_19' title="bbox 277 1842 1928 1922; baseline 0.002 -23"><span class='ocrx_word' id='word_1_138' title='bbox 277 1844 311 1899; x_wconf 83' lang='lat'><strong>6</strong></span> <span class='ocrx_word' id='word_1_139' title='bbox 344 1842 560 1917; x_wconf 78' lang='grc' dir='ltr'>Σίμων’</span> <span class='ocrx_word' id='word_1_140' title='bbox 592 1844 657 1899; x_wconf 83' lang='grc' dir='ltr'><strong>Εἰ</strong></span> <span class='ocrx_word' id='word_1_141' title='bbox 686 1844 991 1921; x_wconf 80' lang='grc' dir='ltr'>πρόγνωσιν</span> <span class='ocrx_word' id='word_1_142' title='bbox 1043 1845 1188 1922; x_wconf 81' lang='grc' dir='ltr'>εἶχεν</span> <span class='ocrx_word' id='word_1_143' title='bbox 1235 1843 1431 1919; x_wconf 78' lang='grc' dir='ltr'>’Δδάμ,</span> <span class='ocrx_word' id='word_1_144' title='bbox 1463 1842 1554 1901; x_wconf 85' lang='grc' dir='ltr'><strong>διά</strong></span> <span class='ocrx_word' id='word_1_145' title='bbox 1580 1845 1633 1901; x_wconf 81' lang='grc' dir='ltr'>τί</span> <span class='ocrx_word' id='word_1_146' title='bbox 1675 1846 1738 1902; x_wconf 87' lang='grc' dir='ltr'><strong>ού</strong></span> <span class='ocrx_word' id='word_1_147' title='bbox 1768 1846 1928 1920; x_wconf 80' lang='grc' dir='ltr'>προέ-</span> 
     </span>
    </p>
   </div>
   <div class='ocr_carea' id='block_1_20' title="bbox 2049 686 3682 765">
    <p class='ocr_par' dir='ltr' id='par_1_20' title="bbox 2049 686 3682 765">
     <span class='ocr_line' id='line_1_20' title="bbox 2049 686 3682 765; baseline -0.004 -18"><span class='ocrx_word' id='word_1_148' title='bbox 2049 691 2182 763; x_wconf 89' lang='lat' dir='ltr'><strong>ista,</strong></span> <span class='ocrx_word' id='word_1_149' title='bbox 2216 708 2347 765; x_wconf 68' lang='lat' dir='ltr'><strong>quas</strong></span> <span class='ocrx_word' id='word_1_150' title='bbox 2376 691 2500 748; x_wconf 85' lang='lat' dir='ltr'><strong>ltibi</strong></span> <span class='ocrx_word' id='word_1_151' title='bbox 2531 694 2843 747; x_wconf 80' lang='lat' dir='ltr'><strong>censentur</strong></span> <span class='ocrx_word' id='word_1_152' title='bbox 2886 689 3164 745; x_wconf 86' lang='lat' dir='ltr'><strong>adversus</strong></span> <span class='ocrx_word' id='word_1_153' title='bbox 3212 691 3393 743; x_wconf 92' lang='lat' dir='ltr'><strong>Deum</strong></span> <span class='ocrx_word' id='word_1_154' title='bbox 3443 686 3682 758; x_wconf 82' lang='lat' dir='ltr'><strong>scripta,</strong></span> 
     </span>
    </p>
   </div>
   <div class='ocr_carea' id='block_1_21' title="bbox 2044 775 3683 854">
    <p class='ocr_par' dir='ltr' id='par_1_21' title="bbox 2044 775 3683 854">
     <span class='ocr_line' id='line_1_21' title="bbox 2044 775 3683 854; baseline -0.004 -16"><span class='ocrx_word' id='word_1_155' title='bbox 2044 799 2179 838; x_wconf 85' lang='lat' dir='ltr'><strong>vera</strong></span> <span class='ocrx_word' id='word_1_156' title='bbox 2208 781 2445 854; x_wconf 87' lang='lat' dir='ltr'><strong>quidem</strong></span> <span class='ocrx_word' id='word_1_157' title='bbox 2475 796 2603 837; x_wconf 88' lang='lat' dir='ltr'><strong>esse</strong></span> <span class='ocrx_word' id='word_1_158' title='bbox 2629 798 2643 847; x_wconf 91' lang='lat'><strong>;</strong></span> <span class='ocrx_word' id='word_1_159' title='bbox 2666 796 2867 837; x_wconf 86' lang='lat' dir='ltr'><strong>verum</strong></span> <span class='ocrx_word' id='word_1_160' title='bbox 2897 778 3071 835; x_wconf 88' lang='lat' dir='ltr'><strong>etiam</strong></span> <span class='ocrx_word' id='word_1_161' title='bbox 3103 777 3208 841; x_wconf 89' lang='lat' dir='ltr'><strong>sic,</strong></span> <span class='ocrx_word' id='word_1_162' title='bbox 3231 792 3347 832; x_wconf 89' lang='lat' dir='ltr'><strong>non</strong></span> <span class='ocrx_word' id='word_1_163' title='bbox 3380 775 3683 831; x_wconf 89' lang='lat' dir='ltr'><strong>ostendere</strong></span> 
     </span>
    </p>
   </div>
   <div class='ocr_carea' id='block_1_22' title="bbox 2044 864 3682 943">
    <p class='ocr_par' dir='ltr' id='par_1_22' title="bbox 2044 864 3682 943">
     <span class='ocr_line' id='line_1_22' title="bbox 2044 864 3682 943; baseline -0.005 -14"><span class='ocrx_word' id='word_1_164' title='bbox 2044 871 2226 929; x_wconf 88' lang='lat' dir='ltr'><strong>Deum</strong></span> <span class='ocrx_word' id='word_1_165' title='bbox 2259 888 2388 928; x_wconf 88' lang='lat' dir='ltr'><strong>esse</strong></span> <span class='ocrx_word' id='word_1_166' title='bbox 2415 869 2884 943; x_wconf 88' lang='lat' dir='ltr'><strong>improbum.Qui</strong></span> <span class='ocrx_word' id='word_1_167' title='bbox 2914 884 3071 941; x_wconf 87' lang='lat' dir='ltr'><strong>ergo,</strong></span> <span class='ocrx_word' id='word_1_168' title='bbox 3105 866 3298 940; x_wconf 84' lang='lat' dir='ltr'><strong>inquit</strong></span> <span class='ocrx_word' id='word_1_169' title='bbox 3325 866 3549 933; x_wconf 83' lang='lat' dir='ltr'><strong>Simon,</strong></span> <span class='ocrx_word' id='word_1_170' title='bbox 3572 864 3682 921; x_wconf 91' lang='lat' dir='ltr'><strong>hoc</strong></span> 
     </span>
    </p>
   </div>
   <div class='ocr_carea' id='block_1_23' title="bbox 2044 960 2543 1034">
    <p class='ocr_par' dir='ltr' id='par_1_23' title="bbox 2044 960 2543 1034">
     <span class='ocr_line' id='line_1_23' title="bbox 2044 960 2543 1034; baseline -0.006 -16"><span class='ocrx_word' id='word_1_171' title='bbox 2044 965 2210 1034; x_wconf 80' lang='lat' dir='ltr'><strong>potes</strong></span> <span class='ocrx_word' id='word_1_172' title='bbox 2238 964 2496 1017; x_wconf 76' lang='lat' dir='ltr'><strong>astruere</strong></span> <span class='ocrx_word' id='word_1_173' title='bbox 2513 960 2543 1015; x_wconf 77' lang='lat' dir='ltr'><strong>‘I</strong></span> 
     </span>
    </p>
   </div>
   <div class='ocr_carea' id='block_1_24' title="bbox 2113 1133 3677 1195">
    <p class='ocr_par' dir='ltr' id='par_1_24' title="bbox 2113 1133 3677 1195">
     <span class='ocr_line' id='line_1_24' title="bbox 2113 1133 3677 1195; baseline -0.004 0"><span class='ocrx_word' id='word_1_174' title='bbox 2113 1139 2223 1195; x_wconf 85' lang='lat' dir='ltr'><strong>XL.</strong></span> <span class='ocrx_word' id='word_1_175' title='bbox 2256 1139 2302 1175; x_wconf 76' lang='grc'><strong>²⁴</strong></span> <span class='ocrx_word' id='word_1_176' title='bbox 2332 1140 2403 1194; x_wconf 89' lang='lat' dir='ltr'><strong>At</strong></span> <span class='ocrx_word' id='word_1_177' title='bbox 2430 1138 2633 1195; x_wconf 81' lang='lat' dir='ltr'><strong>Petrus</strong></span> <span class='ocrx_word' id='word_1_178' title='bbox 2669 1154 2681 1192; x_wconf 91' lang='lat'>:</span> <span class='ocrx_word' id='word_1_179' title='bbox 2716 1137 3006 1192; x_wconf 84' lang='lat' dir='ltr'><strong>Adamum</strong></span> <span class='ocrx_word' id='word_1_180' title='bbox 3038 1134 3185 1190; x_wconf 88' lang='lat' dir='ltr'><strong>dicis</strong></span> <span class='ocrx_word' id='word_1_181' title='bbox 3214 1149 3429 1190; x_wconf 76' lang='lat' dir='ltr'><strong>caecum</strong></span> <span class='ocrx_word' id='word_1_182' title='bbox 3463 1133 3677 1189; x_wconf 81' lang='lat' dir='ltr'><strong>forma-</strong></span> 
     </span>
    </p>
   </div>
   <div class='ocr_carea' id='block_1_25' title="bbox 2042 1221 3678 1300">
    <p class='ocr_par' dir='ltr' id='par_1_25' title="bbox 2042 1221 3678 1300">
     <span class='ocr_line' id='line_1_25' title="bbox 2042 1221 3678 1300; baseline -0.005 -16"><span class='ocrx_word' id='word_1_183' title='bbox 2042 1232 2170 1285; x_wconf 89' lang='lat' dir='ltr'><strong>tum</strong></span> <span class='ocrx_word' id='word_1_184' title='bbox 2206 1228 2533 1300; x_wconf 90' lang='lat' dir='ltr'><strong>esse;quod</strong></span> <span class='ocrx_word' id='word_1_185' title='bbox 2563 1232 2759 1283; x_wconf 91' lang='lat' dir='ltr'><strong>tamen</strong></span> <span class='ocrx_word' id='word_1_186' title='bbox 2790 1223 2886 1281; x_wconf 90' lang='lat' dir='ltr'><strong>ille</strong></span> <span class='ocrx_word' id='word_1_187' title='bbox 2916 1241 3031 1280; x_wconf 90' lang='lat' dir='ltr'><strong>non</strong></span> <span class='ocrx_word' id='word_1_188' title='bbox 3062 1223 3335 1280; x_wconf 86' lang='lat' dir='ltr'><strong>erat.Non</strong></span> <span class='ocrx_word' id='word_1_189' title='bbox 3359 1221 3516 1278; x_wconf 90' lang='lat' dir='ltr'><strong>enim</strong></span> <span class='ocrx_word' id='word_1_190' title='bbox 3529 1237 3678 1277; x_wconf 69' lang='lat' dir='ltr'><strong>caeco</strong></span> 
     </span>
    </p>
   </div>
   <div class='ocr_carea' id='block_1_26' title="bbox 2043 1312 3678 1390">
    <p class='ocr_par' dir='ltr' id='par_1_26' title="bbox 2043 1312 3678 1390">
     <span class='ocr_line' id='line_1_26' title="bbox 2043 1312 3678 1390; baseline -0.004 -17"><span class='ocrx_word' id='word_1_191' title='bbox 2043 1316 2383 1390; x_wconf 73' lang='lat' dir='ltr'><strong>praecipiens</strong></span> <span class='ocrx_word' id='word_1_192' title='bbox 2420 1315 2860 1382; x_wconf 85' lang='lat' dir='ltr'><strong>ostendisset,ac</strong></span> <span class='ocrx_word' id='word_1_193' title='bbox 2890 1312 3134 1369; x_wconf 79' lang='lat' dir='ltr'><strong>dixisset</strong></span> <span class='ocrx_word' id='word_1_194' title='bbox 3163 1328 3176 1368; x_wconf 88' lang='lat'><strong>:</strong></span> <span class='ocrx_word' id='word_1_195' title='bbox 3212 1316 3291 1368; x_wconf 90' lang='lat' dir='ltr'><strong>De</strong></span> <span class='ocrx_word' id='word_1_196' title='bbox 3318 1312 3468 1381; x_wconf 78' lang='lat' dir='ltr'><strong>tigno</strong></span> <span class='ocrx_word' id='word_1_197' title='bbox 3496 1318 3678 1367; x_wconf 86' lang='lat' dir='ltr'><strong>autem</strong></span> 
     </span>
    </p>
   </div>
   <div class='ocr_carea' id='block_1_27' title="bbox 2039 1398 3677 1474">
    <p class='ocr_par' dir='ltr' id='par_1_27' title="bbox 2039 1398 3677 1474">
     <span class='ocr_line' id='line_1_27' title="bbox 2039 1398 3677 1474; baseline -0.005 -11"><span class='ocrx_word' id='word_1_198' title='bbox 2039 1408 2283 1463; x_wconf 70' lang='lat' dir='ltr'><strong>scientia:</strong></span> <span class='ocrx_word' id='word_1_199' title='bbox 2314 1407 2441 1462; x_wconf 84' lang='lat' dir='ltr'><strong>boni</strong></span> <span class='ocrx_word' id='word_1_200' title='bbox 2468 1409 2521 1461; x_wconf 82' lang='lat' dir='ltr'><strong>et</strong></span> <span class='ocrx_word' id='word_1_201' title='bbox 2547 1405 2783 1471; x_wconf 51' lang='lat' dir='ltr'><strong>matiﬁne</strong></span> <span class='ocrx_word' id='word_1_202' title='bbox 2809 1404 3038 1474; x_wconf 69' lang='lat' dir='ltr'><strong>gustatis</strong></span> <span class='ocrx_word' id='word_1_203' title='bbox 3067 1403 3131 1457; x_wconf 75' lang='grc'><strong>³⁵.</strong></span> <span class='ocrx_word' id='word_1_204' title='bbox 3165 1402 3235 1456; x_wconf 90' lang='lat' dir='ltr'><strong>Et</strong></span> <span class='ocrx_word' id='word_1_205' title='bbox 3261 1400 3455 1456; x_wconf 90' lang='lat' dir='ltr'><strong>Simon</strong></span> <span class='ocrx_word' id='word_1_206' title='bbox 3487 1398 3677 1471; x_wconf 87' lang='lat' dir='ltr'><strong>inver-</strong></span> 
     </span>
    </p>
   </div>
   <div class='ocr_carea' id='block_1_28' title="bbox 2041 1488 3678 1567">
    <p class='ocr_par' dir='ltr' id='par_1_28' title="bbox 2041 1488 3678 1567">
     <span class='ocr_line' id='line_1_28' title="bbox 2041 1488 3678 1567; baseline -0.005 -16"><span class='ocrx_word' id='word_1_207' title='bbox 2041 1500 2174 1552; x_wconf 89' lang='lat' dir='ltr'><strong>tens</strong></span> <span class='ocrx_word' id='word_1_208' title='bbox 2220 1493 2565 1567; x_wconf 88' lang='lat' dir='ltr'><strong>respondit:</strong></span> <span class='ocrx_word' id='word_1_209' title='bbox 2597 1493 2817 1549; x_wconf 67' lang='lat' dir='ltr'><strong>Caecam</strong></span> <span class='ocrx_word' id='word_1_210' title='bbox 2869 1490 3015 1547; x_wconf 86' lang='lat' dir='ltr'><strong>dixit</strong></span> <span class='ocrx_word' id='word_1_211' title='bbox 3062 1495 3318 1545; x_wconf 87' lang='lat' dir='ltr'><strong>mentem</strong></span> <span class='ocrx_word' id='word_1_212' title='bbox 3358 1488 3564 1561; x_wconf 86' lang='lat' dir='ltr'><strong>ipsius.</strong></span> <span class='ocrx_word' id='word_1_213' title='bbox 3597 1489 3678 1543; x_wconf 79' lang='lat' dir='ltr'><strong>Ac</strong></span> 
     </span>
    </p>
   </div>
   <div class='ocr_carea' id='block_1_29' title="bbox 2045 1579 3677 1649">
    <p class='ocr_par' dir='ltr' id='par_1_29' title="bbox 2045 1579 3677 1649">
     <span class='ocr_line' id='line_1_29' title="bbox 2045 1579 3677 1649; baseline -0.006 -8"><span class='ocrx_word' id='word_1_214' title='bbox 2045 1585 2294 1641; x_wconf 86' lang='lat' dir='ltr'><strong>Petrus:</strong></span> <span class='ocrx_word' id='word_1_215' title='bbox 2348 1584 2472 1648; x_wconf 84' lang='lat' dir='ltr'><strong>Qua</strong></span> <span class='ocrx_word' id='word_1_216' title='bbox 2512 1583 2736 1638; x_wconf 84' lang='lat' dir='ltr'><strong>ratione</strong></span> <span class='ocrx_word' id='word_1_217' title='bbox 2784 1584 2977 1637; x_wconf 86' lang='lat' dir='ltr'><strong>mente</strong></span> <span class='ocrx_word' id='word_1_218' title='bbox 3023 1595 3210 1635; x_wconf 69' lang='lat' dir='ltr'><strong>caecus</strong></span> <span class='ocrx_word' id='word_1_219' title='bbox 3256 1594 3384 1634; x_wconf 91' lang='lat' dir='ltr'><strong>esse</strong></span> <span class='ocrx_word' id='word_1_220' title='bbox 3430 1579 3677 1649; x_wconf 79' lang='lat' dir='ltr'><strong>poterat,</strong></span> 
     </span>
    </p>
   </div>
   <div class='ocr_carea' id='block_1_30' title="bbox 2041 1667 3679 1745">
    <p class='ocr_par' dir='ltr' id='par_1_30' title="bbox 2041 1667 3679 1745">
     <span class='ocr_line' id='line_1_30' title="bbox 2041 1667 3679 1745; baseline -0.005 -17"><span class='ocrx_word' id='word_1_221' title='bbox 2041 1672 2141 1745; x_wconf 89' lang='lat' dir='ltr'><strong>qui</strong></span> <span class='ocrx_word' id='word_1_222' title='bbox 2172 1676 2487 1745; x_wconf 79' lang='lat' dir='ltr'><strong>antequam</strong></span> <span class='ocrx_word' id='word_1_223' title='bbox 2508 1674 2804 1745; x_wconf 84' lang='lat' dir='ltr'><strong>gustasset</strong></span> <span class='ocrx_word' id='word_1_224' title='bbox 2821 1667 3508 1734; x_wconf 83' lang='lat' dir='ltr'><strong>fructum,convenienter</strong></span> <span class='ocrx_word' id='word_1_225' title='bbox 3526 1681 3679 1721; x_wconf 86' lang='lat' dir='ltr'><strong>crea-</strong></span> 
     </span>
    </p>
   </div>
   <div class='ocr_carea' id='block_1_31' title="bbox 2040 1753 3681 1833">
    <p class='ocr_par' dir='ltr' id='par_1_31' title="bbox 2040 1753 3681 1833">
     <span class='ocr_line' id='line_1_31' title="bbox 2040 1753 3681 1833; baseline -0.006 -16"><span class='ocrx_word' id='word_1_226' title='bbox 2040 1762 2150 1817; x_wconf 86' lang='lat' dir='ltr'><strong>tori</strong></span> <span class='ocrx_word' id='word_1_227' title='bbox 2181 1761 2391 1833; x_wconf 86' lang='lat' dir='ltr'><strong>ipsius,</strong></span> <span class='ocrx_word' id='word_1_228' title='bbox 2424 1760 2660 1833; x_wconf 89' lang='lat' dir='ltr'><strong>propria</strong></span> <span class='ocrx_word' id='word_1_229' title='bbox 2688 1758 2965 1814; x_wconf 90' lang='lat' dir='ltr'><strong>omnibus</strong></span> <span class='ocrx_word' id='word_1_230' title='bbox 2994 1754 3349 1812; x_wconf 85' lang='lat' dir='ltr'><strong>animalibus</strong></span> <span class='ocrx_word' id='word_1_231' title='bbox 3396 1753 3681 1825; x_wconf 88' lang='lat' dir='ltr'><strong>imposuit</strong></span> 
     </span>
    </p>
   </div>
   <div class='ocr_carea' id='block_1_32' title="bbox 2040 1841 3681 1917">
    <p class='ocr_par' dir='ltr' id='par_1_32' title="bbox 2040 1841 3681 1917">
     <span class='ocr_line' id='line_1_32' title="bbox 2040 1841 3681 1917; baseline -0.006 -11"><span class='ocrx_word' id='word_1_232' title='bbox 2040 1850 2279 1907; x_wconf 88' lang='lat' dir='ltr'><strong>nomina</strong></span> <span class='ocrx_word' id='word_1_233' title='bbox 2297 1851 2325 1905; x_wconf 88' lang='lat'><strong>?</strong></span> <span class='ocrx_word' id='word_1_234' title='bbox 2353 1849 2553 1906; x_wconf 88' lang='lat' dir='ltr'><strong>Simon</strong></span> <span class='ocrx_word' id='word_1_235' title='bbox 2585 1865 2737 1904; x_wconf 79' lang='lat' dir='ltr'><strong>vero:</strong></span> <span class='ocrx_word' id='word_1_236' title='bbox 2768 1846 2826 1901; x_wconf 87' lang='lat' dir='ltr'><strong>Si</strong></span> <span class='ocrx_word' id='word_1_237' title='bbox 2851 1847 3110 1902; x_wconf 88' lang='lat' dir='ltr'><strong>Adamus</strong></span> <span class='ocrx_word' id='word_1_238' title='bbox 3139 1842 3555 1917; x_wconf 76' lang='lat' dir='ltr'><strong>pnenotionem</strong></span> <span class='ocrx_word' id='word_1_239' title='bbox 3580 1841 3681 1897; x_wconf 84' lang='lat' dir='ltr'><strong>ba-</strong></span> 
     </span>
    </p>
   </div>
   <div class='ocr_carea' id='block_1_33' title="bbox 275 1930 1939 2040">
    <p class='ocr_par' dir='ltr' id='par_1_33' title="bbox 275 1930 1930 2040">
     <span class='ocr_line' id='line_1_33' title="bbox 275 1930 1930 2014; baseline 0.002 -28"><span class='ocrx_word' id='word_1_240' title='bbox 275 1952 397 2008; x_wconf 89' lang='grc' dir='ltr'><strong>γνω</strong></span> <span class='ocrx_word' id='word_1_241' title='bbox 425 1933 516 1987; x_wconf 71' lang='grc' dir='ltr'><strong>τὸν</strong></span> <span class='ocrx_word' id='word_1_242' title='bbox 547 1934 645 2003; x_wconf 79' lang='grc' dir='ltr'><strong>τὴν</strong></span> <span class='ocrx_word' id='word_1_243' title='bbox 696 1940 925 2010; x_wconf 84' lang='grc' dir='ltr'>γιναῖκα</span> <span class='ocrx_word' id='word_1_244' title='bbox 970 1933 1136 1990; x_wconf 78' lang='grc' dir='ltr'>αὐτοῦ</span> <span class='ocrx_word' id='word_1_245' title='bbox 1180 1933 1529 2007; x_wconf 71' lang='grc' dir='ltr'><strong>ἀπατήσαντα</strong></span> <span class='ocrx_word' id='word_1_246' title='bbox 1571 1930 1691 2014; x_wconf 74' lang='grc' dir='ltr'>ὄφιν</span> <span class='ocrx_word' id='word_1_247' title='bbox 1727 1955 1741 2005; x_wconf 89' lang='grc'><strong>;</strong></span> <span class='ocrx_word' id='word_1_248' title='bbox 1774 1936 1870 1990; x_wconf 83' lang='grc' dir='ltr'>Καὶ</span> <span class='ocrx_word' id='word_1_249' title='bbox 1902 1937 1930 1991; x_wconf 93' lang='lat'><strong>6</strong></span> 
     </span>
     <span class='ocr_line' id='line_1_34' title="bbox 283 2021 1903 2040; baseline 0 0"><span class='ocrx_word' id='word_1_250' title='bbox 283 2027 331 2040; x_wconf 74' lang='grc'><strong>.-</strong></span> <span class='ocrx_word' id='word_1_251' title='bbox 348 2021 360 2040; x_wconf 73' lang='grc' dir='ltr'><strong>ν</strong></span> <span class='ocrx_word' id='word_1_252' title='bbox 575 2022 633 2040; x_wconf 59' lang='grc' dir='ltr'><strong>η,</strong></span> <span class='ocrx_word' id='word_1_253' title='bbox 780 2023 793 2040; x_wconf 81' lang='grc'><strong><em>,</em></strong></span> <span class='ocrx_word' id='word_1_254' title='bbox 1109 2026 1123 2040; x_wconf 83' lang='lat'><strong>.</strong></span> <span class='ocrx_word' id='word_1_255' title='bbox 1216 2025 1240 2040; x_wconf 69' lang='grc' dir='ltr'><strong>ν</strong></span> <span class='ocrx_word' id='word_1_256' title='bbox 1394 2031 1408 2040; x_wconf 93' lang='grc'><strong>.</strong></span> <span class='ocrx_word' id='word_1_257' title='bbox 1428 2031 1439 2040; x_wconf 85' lang='grc'><strong>.</strong></span> <span class='ocrx_word' id='word_1_258' title='bbox 1465 2021 1517 2040; x_wconf 66' lang='grc' dir='ltr'>ς..</span> <span class='ocrx_word' id='word_1_259' title='bbox 1698 2030 1724 2040; x_wconf 87' lang='lat'><strong>..</strong></span> <span class='ocrx_word' id='word_1_260' title='bbox 1880 2030 1903 2040; x_wconf 88' lang='grc'><strong>..</strong></span> 
     </span>
    </p>
   </div>
   <div class='ocr_carea' id='block_1_34' title="bbox 2049 1930 3675 2040">
    <p class='ocr_par' dir='ltr' id='par_1_34' title="bbox 2049 1932 3675 2011">
     <span class='ocr_line' id='line_1_35' title="bbox 2049 1932 3675 2011; baseline -0.007 -15"><span class='ocrx_word' id='word_1_261' title='bbox 2049 1939 2185 2004; x_wconf 87' lang='lat' dir='ltr'><strong>buit,</strong></span> <span class='ocrx_word' id='word_1_262' title='bbox 2220 1956 2401 2011; x_wconf 89' lang='lat' dir='ltr'><strong>quare</strong></span> <span class='ocrx_word' id='word_1_263' title='bbox 2432 1955 2547 1994; x_wconf 91' lang='lat' dir='ltr'><strong>non</strong></span> <span class='ocrx_word' id='word_1_264' title='bbox 2580 1934 2857 2010; x_wconf 63' lang='lat' dir='ltr'><strong>praenovit</strong></span> <span class='ocrx_word' id='word_1_265' title='bbox 2885 1938 3214 2007; x_wconf 90' lang='lat' dir='ltr'><strong>serpentem</strong></span> <span class='ocrx_word' id='word_1_266' title='bbox 3246 1932 3348 2004; x_wconf 88' lang='lat' dir='ltr'><strong>qui</strong></span> <span class='ocrx_word' id='word_1_267' title='bbox 3376 1932 3505 2002; x_wconf 89' lang='lat' dir='ltr'><strong>ejus</strong></span> <span class='ocrx_word' id='word_1_268' title='bbox 3533 1946 3675 1986; x_wconf 81' lang='lat' dir='ltr'><strong>uxo-</strong></span> 
     </span>
    </p>
   </div>
   <div class='ocr_carea' id='block_1_35' title="bbox 283 2021 1931 2100">
    <p class='ocr_par' dir='ltr' id='par_1_35' title="bbox 283 2021 1931 2100">
     <span class='ocr_line' id='line_1_36' title="bbox 283 2021 1931 2100; baseline 0.002 -23"><span class='ocrx_word' id='word_1_269' title='bbox 283 2021 517 2096; x_wconf 83' lang='grc' dir='ltr'>Πέτρος’</span> <span class='ocrx_word' id='word_1_270' title='bbox 575 2022 637 2077; x_wconf 81' lang='grc' dir='ltr'>Εἰ</span> <span class='ocrx_word' id='word_1_271' title='bbox 691 2023 995 2100; x_wconf 86' lang='grc' dir='ltr'>πρόγνωσιν</span> <span class='ocrx_word' id='word_1_272' title='bbox 1056 2026 1133 2098; x_wconf 80' lang='grc' dir='ltr'>μή</span> <span class='ocrx_word' id='word_1_273' title='bbox 1192 2025 1335 2100; x_wconf 80' lang='grc' dir='ltr'>εἶχεν</span> <span class='ocrx_word' id='word_1_274' title='bbox 1394 2021 1592 2098; x_wconf 73' lang='grc' dir='ltr'>Ἀδὰμ,</span> <span class='ocrx_word' id='word_1_275' title='bbox 1649 2030 1766 2087; x_wconf 80' lang='grc' dir='ltr'>πῶς</span> <span class='ocrx_word' id='word_1_276' title='bbox 1813 2030 1931 2088; x_wconf 88' lang='grc' dir='ltr'>τοῖς</span> 
     </span>
    </p>
   </div>
   <div class='ocr_carea' id='block_1_36' title="bbox 275 2110 1933 2191">
    <p class='ocr_par' dir='ltr' id='par_1_36' title="bbox 275 2110 1933 2191">
     <span class='ocr_line' id='line_1_37' title="bbox 275 2110 1933 2191; baseline 0.004 -27"><span class='ocrx_word' id='word_1_277' title='bbox 275 2111 432 2172; x_wconf 78' lang='grc' dir='ltr'>υἱοῖς</span> <span class='ocrx_word' id='word_1_278' title='bbox 470 2110 633 2166; x_wconf 73' lang='grc' dir='ltr'>αὑτοῦ</span> <span class='ocrx_word' id='word_1_279' title='bbox 664 2112 800 2187; x_wconf 84' lang='grc' dir='ltr'>πρὸς</span> <span class='ocrx_word' id='word_1_280' title='bbox 828 2112 924 2175; x_wconf 86' lang='grc' dir='ltr'><strong>τάς</strong></span> <span class='ocrx_word' id='word_1_281' title='bbox 967 2112 1224 2187; x_wconf 79' lang='grc' dir='ltr'>ἐσομένας</span> <span class='ocrx_word' id='word_1_282' title='bbox 1253 2115 1469 2191; x_wconf 76' lang='grc' dir='ltr'>πράξεις</span> <span class='ocrx_word' id='word_1_283' title='bbox 1498 2116 1612 2189; x_wconf 82' lang='grc' dir='ltr'><strong>ἅμα</strong></span> <span class='ocrx_word' id='word_1_284' title='bbox 1637 2119 1718 2187; x_wconf 78' lang='grc' dir='ltr'>τῷ</span> <span class='ocrx_word' id='word_1_285' title='bbox 1747 2134 1933 2189; x_wconf 91' lang='grc' dir='ltr'>γεννη-</span> 
     </span>
    </p>
   </div>
   <div class='ocr_carea' id='block_1_37' title="bbox 278 2200 1931 2279">
    <p class='ocr_par' dir='ltr' id='par_1_37' title="bbox 278 2200 1931 2279">
     <span class='ocr_line' id='line_1_38' title="bbox 278 2200 1931 2279; baseline 0.002 -26"><span class='ocrx_word' id='word_1_286' title='bbox 278 2203 468 2271; x_wconf 81' lang='grc' dir='ltr'>θῆναι,</span> <span class='ocrx_word' id='word_1_287' title='bbox 512 2202 603 2255; x_wconf 84' lang='grc' dir='ltr'><strong>καὶ</strong></span> <span class='ocrx_word' id='word_1_288' title='bbox 650 2202 719 2256; x_wconf 81' lang='grc' dir='ltr'>τὰ</span> <span class='ocrx_word' id='word_1_289' title='bbox 768 2200 1010 2274; x_wconf 80' lang='grc' dir='ltr'>ὀνόματα</span> <span class='ocrx_word' id='word_1_290' title='bbox 1057 2201 1352 2267; x_wconf 82' lang='grc' dir='ltr'>έπιτέθεικε</span> <span class='ocrx_word' id='word_1_291' title='bbox 1382 2222 1396 2273; x_wconf 87' lang='grc'>;</span> <span class='ocrx_word' id='word_1_292' title='bbox 1427 2203 1518 2258; x_wconf 88' lang='grc' dir='ltr'>τὸν</span> <span class='ocrx_word' id='word_1_293' title='bbox 1572 2204 1664 2276; x_wconf 74' lang='grc' dir='ltr'>μὲν</span> <span class='ocrx_word' id='word_1_294' title='bbox 1714 2207 1931 2279; x_wconf 82' lang='grc' dir='ltr'>πρῶτον</span> 
     </span>
    </p>
   </div>
   <div class='ocr_carea' id='block_1_38' title="bbox 280 2289 1935 2365">
    <p class='ocr_par' dir='ltr' id='par_1_38' title="bbox 280 2289 1935 2365">
     <span class='ocr_line' id='line_1_39' title="bbox 280 2289 1935 2365; baseline 0.002 -22"><span class='ocrx_word' id='word_1_295' title='bbox 280 2289 519 2352; x_wconf 73' lang='grc' dir='ltr'>καλέσας</span> <span class='ocrx_word' id='word_1_296' title='bbox 552 2290 703 2360; x_wconf 78' lang='grc' dir='ltr'>Κάϊν,</span> <span class='ocrx_word' id='word_1_297' title='bbox 734 2291 764 2345; x_wconf 82' lang='grc' dir='ltr'><strong>ὃ</strong></span> <span class='ocrx_word' id='word_1_298' title='bbox 802 2290 1151 2365; x_wconf 74' lang='grc' dir='ltr'>ἑρμηνεύεται</span> <span class='ocrx_word' id='word_1_299' title='bbox 1203 2289 1392 2363; x_wconf 82' lang='grc' dir='ltr'>ζῆλος,</span> <span class='ocrx_word' id='word_1_300' title='bbox 1439 2292 1501 2355; x_wconf 77' lang='grc' dir='ltr'>ὃς</span> <span class='ocrx_word' id='word_1_301' title='bbox 1546 2291 1636 2347; x_wconf 78' lang='grc' dir='ltr'><strong>καὶ</strong></span> <span class='ocrx_word' id='word_1_302' title='bbox 1685 2291 1935 2363; x_wconf 81' lang='grc' dir='ltr'>ζηλώσας</span> 
     </span>
    </p>
   </div>
   <div class='ocr_carea' id='block_1_39' title="bbox 278 2375 1933 2457">
    <p class='ocr_par' dir='ltr' id='par_1_39' title="bbox 278 2375 1933 2457">
     <span class='ocr_line' id='line_1_40' title="bbox 278 2375 1933 2457; baseline 0.002 -25"><span class='ocrx_word' id='word_1_303' title='bbox 278 2375 467 2434; x_wconf 80' lang='grc' dir='ltr'>ἀνεῖλε</span> <span class='ocrx_word' id='word_1_304' title='bbox 508 2380 601 2434; x_wconf 84' lang='grc' dir='ltr'><strong>τὸν</strong></span> <span class='ocrx_word' id='word_1_305' title='bbox 649 2377 882 2457; x_wconf 78' lang='grc' dir='ltr'>ἀδελφὸν</span> <span class='ocrx_word' id='word_1_306' title='bbox 940 2378 1103 2435; x_wconf 72' lang='grc' dir='ltr'>αὐτοῦ</span> <span class='ocrx_word' id='word_1_307' title='bbox 1153 2380 1244 2436; x_wconf 83' lang='grc' dir='ltr'>τὸν</span> <span class='ocrx_word' id='word_1_308' title='bbox 1284 2375 1478 2448; x_wconf 70' lang='grc' dir='ltr'>Ἅϐελ,</span> <span class='ocrx_word' id='word_1_309' title='bbox 1509 2380 1539 2435; x_wconf 86' lang='grc' dir='ltr'><strong>’ὀ</strong></span> <span class='ocrx_word' id='word_1_310' title='bbox 1585 2380 1933 2455; x_wconf 75' lang='grc' dir='ltr'>ἑρμηνεύεται</span> 
     </span>
    </p>
   </div>
   <div class='ocr_carea' id='block_1_40' title="bbox 280 2465 1933 2546">
    <p class='ocr_par' dir='ltr' id='par_1_40' title="bbox 280 2465 1933 2546">
     <span class='ocr_line' id='line_1_41' title="bbox 280 2465 1933 2546; baseline 0.002 -25"><span class='ocrx_word' id='word_1_311' title='bbox 280 2465 501 2529; x_wconf 66' lang='grc' dir='ltr'><strong>¹πένθος·</strong></span> <span class='ocrx_word' id='word_1_312' title='bbox 553 2466 635 2522; x_wconf 77' lang='grc' dir='ltr'><strong>ἐπ’</strong></span> <span class='ocrx_word' id='word_1_313' title='bbox 682 2467 829 2541; x_wconf 78' lang='grc' dir='ltr'>αύτῷ</span> <span class='ocrx_word' id='word_1_314' title='bbox 874 2469 980 2546; x_wconf 78' lang='grc' dir='ltr'><strong>γὰρ</strong></span> <span class='ocrx_word' id='word_1_315' title='bbox 1026 2470 1231 2542; x_wconf 84' lang='grc' dir='ltr'>πρώτῳ</span> <span class='ocrx_word' id='word_1_316' title='bbox 1278 2470 1593 2546; x_wconf 75' lang='grc' dir='ltr'>φονευθέντι</span> <span class='ocrx_word' id='word_1_317' title='bbox 1647 2468 1933 2540; x_wconf 80' lang='grc' dir='ltr'>ἐπένθησαν</span> 
     </span>
    </p>
   </div>
   <div class='ocr_carea' id='block_1_41' title="bbox 281 2554 1937 2635">
    <p class='ocr_par' dir='ltr' id='par_1_41' title="bbox 281 2554 1937 2635">
     <span class='ocr_line' id='line_1_42' title="bbox 281 2554 1937 2635; baseline 0.002 -26"><span class='ocrx_word' id='word_1_318' title='bbox 281 2555 342 2609; x_wconf 73' lang='grc' dir='ltr'>οἱ</span> <span class='ocrx_word' id='word_1_319' title='bbox 368 2563 573 2632; x_wconf 74' lang='grc' dir='ltr'>γονεῖς.</span> <span class='ocrx_word' id='word_1_320' title='bbox 602 2556 673 2612; x_wconf 75' lang='grc' dir='ltr'><strong>Εἴ</strong></span> <span class='ocrx_word' id='word_1_321' title='bbox 699 2554 758 2613; x_wconf 75' lang='grc' dir='ltr'><strong>δὲ</strong></span> <span class='ocrx_word' id='word_1_322' title='bbox 787 2554 963 2630; x_wconf 78' lang='grc' dir='ltr'>Ἀδὰμ</span> <span class='ocrx_word' id='word_1_323' title='bbox 990 2556 1145 2635; x_wconf 83' lang='grc' dir='ltr'>ἔργον</span> <span class='ocrx_word' id='word_1_324' title='bbox 1175 2562 1310 2614; x_wconf 86' lang='grc' dir='ltr'>Θεοῦ</span> <span class='ocrx_word' id='word_1_325' title='bbox 1360 2559 1656 2635; x_wconf 80' lang='grc' dir='ltr'>ὑπάρρχων</span> <span class='ocrx_word' id='word_1_326' title='bbox 1689 2558 1937 2635; x_wconf 80' lang='grc' dir='ltr'>πρόγνω-</span> 
     </span>
    </p>
   </div>
   <div class='ocr_carea' id='block_1_42' title="bbox 288 2643 1934 2724">
    <p class='ocr_par' dir='ltr' id='par_1_42' title="bbox 288 2643 1934 2724">
     <span class='ocr_line' id='line_1_43' title="bbox 288 2643 1934 2724; baseline 0.003 -24"><span class='ocrx_word' id='word_1_327' title='bbox 288 2664 374 2700; x_wconf 85' lang='grc' dir='ltr'><strong>σιν</strong></span> <span class='ocrx_word' id='word_1_328' title='bbox 408 2645 547 2722; x_wconf 84' lang='grc' dir='ltr'>εἶχε,</span> <span class='ocrx_word' id='word_1_329' title='bbox 577 2643 776 2718; x_wconf 85' lang='grc' dir='ltr'>πολλῷ</span> <span class='ocrx_word' id='word_1_330' title='bbox 824 2645 1034 2719; x_wconf 73' lang='grc' dir='ltr'>μᾶλλον</span> <span class='ocrx_word' id='word_1_331' title='bbox 1078 2647 1108 2701; x_wconf 90' lang='lat'><strong>6</strong></span> <span class='ocrx_word' id='word_1_332' title='bbox 1157 2644 1570 2724; x_wconf 77' lang='grc' dir='ltr'>δημιουργήσας</span> <span class='ocrx_word' id='word_1_333' title='bbox 1601 2647 1758 2702; x_wconf 78' lang='grc' dir='ltr'>αὐτὸν</span> <span class='ocrx_word' id='word_1_334' title='bbox 1785 2646 1934 2708; x_wconf 84' lang='grc' dir='ltr'>Θεός.</span> 
     </span>
    </p>
   </div>
   <div class='ocr_carea' id='block_1_43' title="bbox 289 2732 1934 2814">
    <p class='ocr_par' dir='ltr' id='par_1_43' title="bbox 289 2732 1934 2814">
     <span class='ocr_line' id='line_1_44' title="bbox 289 2732 1934 2814; baseline 0 -25"><span class='ocrx_word' id='word_1_335' title='bbox 289 2735 370 2789; x_wconf 83' lang='grc' dir='ltr'>Σύ</span> <span class='ocrx_word' id='word_1_336' title='bbox 401 2732 480 2806; x_wconf 72' lang='grc' dir='ltr'><strong>δὲ,</strong></span> <span class='ocrx_word' id='word_1_337' title='bbox 512 2736 561 2790; x_wconf 83' lang='grc' dir='ltr'>ὧ</span> <span class='ocrx_word' id='word_1_338' title='bbox 591 2735 801 2809; x_wconf 85' lang='grc' dir='ltr'>Σίμων,</span> <span class='ocrx_word' id='word_1_339' title='bbox 831 2739 1012 2798; x_wconf 79' lang='grc' dir='ltr'>κακῶς</span> <span class='ocrx_word' id='word_1_340' title='bbox 1067 2740 1202 2791; x_wconf 80' lang='grc' dir='ltr'>νοῶν</span> <span class='ocrx_word' id='word_1_341' title='bbox 1250 2737 1345 2799; x_wconf 82' lang='grc' dir='ltr'><strong>τάς</strong></span> <span class='ocrx_word' id='word_1_342' title='bbox 1392 2736 1533 2799; x_wconf 83' lang='grc' dir='ltr'>θείας</span> <span class='ocrx_word' id='word_1_343' title='bbox 1582 2737 1814 2814; x_wconf 72' lang='grc' dir='ltr'>Γραφάς,</span> <span class='ocrx_word' id='word_1_344' title='bbox 1846 2757 1934 2814; x_wconf 78' lang='grc' dir='ltr'>φι-</span> 
     </span>
    </p>
   </div>
   <div class='ocr_carea' id='block_1_44' title="bbox 288 2824 531 2895">
    <p class='ocr_par' dir='ltr' id='par_1_44' title="bbox 288 2824 531 2895">
     <span class='ocr_line' id='line_1_45' title="bbox 288 2824 531 2895; baseline 0.012 -17"><span class='ocrx_word' id='word_1_345' title='bbox 288 2824 531 2895; x_wconf 86' lang='grc' dir='ltr'>μώθητι.</span> 
     </span>
    </p>
   </div>
   <div class='ocr_carea' id='block_1_45' title="bbox 357 3000 1932 3081">
    <p class='ocr_par' dir='ltr' id='par_1_45' title="bbox 357 3000 1932 3081">
     <span class='ocr_line' id='line_1_46' title="bbox 357 3000 1932 3081; baseline -0.001 -23"><span class='ocrx_word' id='word_1_346' title='bbox 357 3006 498 3061; x_wconf 82' lang='lat' dir='ltr'><strong>XLI.</strong></span> <span class='ocrx_word' id='word_1_347' title='bbox 556 3003 628 3058; x_wconf 82' lang='grc' dir='ltr'><strong>τὸ</strong></span> <span class='ocrx_word' id='word_1_348' title='bbox 684 3000 743 3058; x_wconf 73' lang='grc' dir='ltr'><strong>δὲ</strong></span> <span class='ocrx_word' id='word_1_349' title='bbox 794 3004 1115 3081; x_wconf 80' lang='grc' dir='ltr'>γεγράφθαι·</span> <span class='ocrx_word' id='word_1_350' title='bbox 1174 3005 1514 3076; x_wconf 84' lang='grc' dir='ltr'>Ἐνεθυμήθη</span> <span class='ocrx_word' id='word_1_351' title='bbox 1574 3005 1603 3058; x_wconf 93' lang='lat'><strong>6</strong></span> <span class='ocrx_word' id='word_1_352' title='bbox 1650 3003 1802 3075; x_wconf 85' lang='grc' dir='ltr'>Θεὸς,</span> <span class='ocrx_word' id='word_1_353' title='bbox 1856 3003 1932 3066; x_wconf 84' lang='grc' dir='ltr'>ὡς</span> 
     </span>
    </p>
   </div>
   <div class='ocr_carea' id='block_1_46' title="bbox 283 3090 1929 3169">
    <p class='ocr_par' dir='ltr' id='par_1_46' title="bbox 283 3090 1929 3169">
     <span class='ocr_line' id='line_1_47' title="bbox 283 3090 1929 3169; baseline -0.002 -21"><span class='ocrx_word' id='word_1_354' title='bbox 283 3092 542 3168; x_wconf 83' lang='grc' dir='ltr'>λογισμῷ</span> <span class='ocrx_word' id='word_1_355' title='bbox 581 3094 933 3169; x_wconf 77' lang='grc' dir='ltr'>χρησαμένου</span> <span class='ocrx_word' id='word_1_356' title='bbox 981 3090 1072 3147; x_wconf 79' lang='grc' dir='ltr'>διὰ</span> <span class='ocrx_word' id='word_1_357' title='bbox 1124 3094 1224 3162; x_wconf 80' lang='grc' dir='ltr'>τήν</span> <span class='ocrx_word' id='word_1_358' title='bbox 1271 3094 1509 3169; x_wconf 77' lang='grc' dir='ltr'>ἄγνοιαν·</span> <span class='ocrx_word' id='word_1_359' title='bbox 1560 3091 1636 3148; x_wconf 81' lang='grc' dir='ltr'>ἔτι</span> <span class='ocrx_word' id='word_1_360' title='bbox 1680 3094 1787 3166; x_wconf 78' lang='grc' dir='ltr'><strong>μὴν</strong></span> <span class='ocrx_word' id='word_1_361' title='bbox 1819 3091 1929 3147; x_wconf 74' lang='grc' dir='ltr'>καίσ</span> 
     </span>
    </p>
   </div>
   <div class='ocr_carea' id='block_1_47' title="bbox 284 3176 1933 3258">
    <p class='ocr_par' dir='ltr' id='par_1_47' title="bbox 284 3176 1933 3258">
     <span class='ocr_line' id='line_1_48' title="bbox 284 3176 1933 3258; baseline 0 -21"><span class='ocrx_word' id='word_1_362' title='bbox 284 3182 569 3258; x_wconf 80' lang='grc' dir='ltr'>Ἐπείραζε</span> <span class='ocrx_word' id='word_1_363' title='bbox 625 3181 827 3257; x_wconf 86' lang='grc' dir='ltr'>Κύριος</span> <span class='ocrx_word' id='word_1_364' title='bbox 882 3182 975 3237; x_wconf 84' lang='grc' dir='ltr'><strong>τὸν</strong></span> <span class='ocrx_word' id='word_1_365' title='bbox 1031 3176 1282 3258; x_wconf 76' lang='grc' dir='ltr'>’Δϐραάμ</span> <span class='ocrx_word' id='word_1_366' title='bbox 1310 3228 1325 3254; x_wconf 89' lang='grc'><strong>,</strong></span> <span class='ocrx_word' id='word_1_367' title='bbox 1369 3179 1463 3236; x_wconf 72' lang='grc' dir='ltr'>’ίνα</span> <span class='ocrx_word' id='word_1_368' title='bbox 1517 3183 1631 3257; x_wconf 86' lang='grc' dir='ltr'><strong>γνῴ</strong></span> <span class='ocrx_word' id='word_1_369' title='bbox 1708 3182 1754 3236; x_wconf 79' lang='grc' dir='ltr'><strong>εἰ</strong></span> <span class='ocrx_word' id='word_1_370' title='bbox 1812 3182 1933 3237; x_wconf 79' lang='grc' dir='ltr'>ὑπε-</span> 
     </span>
    </p>
   </div>
   <div class='ocr_carea' id='block_1_48' title="bbox 282 3265 1926 3345">
    <p class='ocr_par' dir='ltr' id='par_1_48' title="bbox 282 3265 1926 3345">
     <span class='ocr_line' id='line_1_49' title="bbox 282 3265 1926 3345; baseline 0.001 -21"><span class='ocrx_word' id='word_1_371' title='bbox 282 3269 450 3345; x_wconf 77' lang='grc' dir='ltr'>νέγκῃ</span> <span class='ocrx_word' id='word_1_372' title='bbox 484 3289 499 3302; x_wconf 89' lang='grc'><strong>·</strong></span> <span class='ocrx_word' id='word_1_373' title='bbox 557 3271 649 3325; x_wconf 83' lang='grc' dir='ltr'><strong>καὶ</strong></span> <span class='ocrx_word' id='word_1_374' title='bbox 697 3270 761 3325; x_wconf 88' lang='grc' dir='ltr'><strong>τό</strong></span> <span class='ocrx_word' id='word_1_375' title='bbox 793 3289 806 3303; x_wconf 95' lang='grc'><strong>·</strong></span> <span class='ocrx_word' id='word_1_376' title='bbox 872 3265 1203 3332; x_wconf 80' lang='grc' dir='ltr'>Καταόάντες</span> <span class='ocrx_word' id='word_1_377' title='bbox 1261 3268 1463 3345; x_wconf 69' lang='grc' dir='ltr'>ἴδωμεν</span> <span class='ocrx_word' id='word_1_378' title='bbox 1538 3270 1583 3326; x_wconf 81' lang='grc' dir='ltr'><strong>εἰ</strong></span> <span class='ocrx_word' id='word_1_379' title='bbox 1640 3271 1777 3326; x_wconf 87' lang='grc' dir='ltr'><strong>κατά</strong></span> <span class='ocrx_word' id='word_1_380' title='bbox 1828 3271 1926 3339; x_wconf 84' lang='grc' dir='ltr'>τὴν</span> 
     </span>
    </p>
   </div>
   <div class='ocr_carea' id='block_1_49' title="bbox 2041 2021 3677 2099">
    <p class='ocr_par' dir='ltr' id='par_1_49' title="bbox 2041 2021 3677 2099">
     <span class='ocr_line' id='line_1_50' title="bbox 2041 2021 3677 2099; baseline -0.006 -16"><span class='ocrx_word' id='word_1_381' title='bbox 2041 2043 2164 2083; x_wconf 87' lang='lat' dir='ltr'><strong>rem</strong></span> <span class='ocrx_word' id='word_1_382' title='bbox 2196 2026 2463 2099; x_wconf 80' lang='lat' dir='ltr'><strong>decepit?</strong></span> <span class='ocrx_word' id='word_1_383' title='bbox 2492 2027 2749 2082; x_wconf 85' lang='lat' dir='ltr'><strong>Rursum</strong></span> <span class='ocrx_word' id='word_1_384' title='bbox 2780 2024 3007 2080; x_wconf 88' lang='lat' dir='ltr'><strong>Petrus:</strong></span> <span class='ocrx_word' id='word_1_385' title='bbox 3026 2022 3087 2078; x_wconf 89' lang='lat' dir='ltr'><strong>Si</strong></span> <span class='ocrx_word' id='word_1_386' title='bbox 3116 2021 3531 2094; x_wconf 62' lang='lat' dir='ltr'><strong>praenotionem</strong></span> <span class='ocrx_word' id='word_1_387' title='bbox 3562 2035 3677 2074; x_wconf 91' lang='lat' dir='ltr'><strong>non</strong></span> 
     </span>
    </p>
   </div>
   <div class='ocr_carea' id='block_1_50' title="bbox 2042 2108 3679 2187">
    <p class='ocr_par' dir='ltr' id='par_1_50' title="bbox 2042 2108 3679 2187">
     <span class='ocr_line' id='line_1_51' title="bbox 2042 2108 3679 2187; baseline -0.007 -14"><span class='ocrx_word' id='word_1_388' title='bbox 2042 2116 2248 2172; x_wconf 88' lang='lat' dir='ltr'><strong>habuit</strong></span> <span class='ocrx_word' id='word_1_389' title='bbox 2278 2117 2558 2186; x_wconf 87' lang='lat' dir='ltr'><strong>Adamus,</strong></span> <span class='ocrx_word' id='word_1_390' title='bbox 2590 2131 2705 2187; x_wconf 93' lang='lat' dir='ltr'><strong>quo</strong></span> <span class='ocrx_word' id='word_1_391' title='bbox 2736 2114 2909 2169; x_wconf 89' lang='lat' dir='ltr'><strong>modo</strong></span> <span class='ocrx_word' id='word_1_392' title='bbox 2940 2112 3077 2167; x_wconf 82' lang='lat' dir='ltr'><strong>ﬁliis</strong></span> <span class='ocrx_word' id='word_1_393' title='bbox 3108 2108 3439 2178; x_wconf 87' lang='lat' dir='ltr'><strong>suis,simu1</strong></span> <span class='ocrx_word' id='word_1_394' title='bbox 3464 2125 3531 2164; x_wconf 86' lang='lat' dir='ltr'><strong>ac</strong></span> <span class='ocrx_word' id='word_1_395' title='bbox 3557 2108 3679 2163; x_wconf 89' lang='lat' dir='ltr'><strong>nati</strong></span> 
     </span>
    </p>
   </div>
   <div class='ocr_carea' id='block_1_51' title="bbox 2043 2199 3680 2276">
    <p class='ocr_par' dir='ltr' id='par_1_51' title="bbox 2043 2199 3680 2276">
     <span class='ocr_line' id='line_1_52' title="bbox 2043 2199 3680 2276; baseline -0.006 -14"><span class='ocrx_word' id='word_1_396' title='bbox 2043 2211 2204 2274; x_wconf 90' lang='lat' dir='ltr'><strong>sunt,</strong></span> <span class='ocrx_word' id='word_1_397' title='bbox 2236 2206 2412 2262; x_wconf 86' lang='lat' dir='ltr'><strong>etiam</strong></span> <span class='ocrx_word' id='word_1_398' title='bbox 2460 2205 2700 2261; x_wconf 88' lang='lat' dir='ltr'><strong>nomina</strong></span> <span class='ocrx_word' id='word_1_399' title='bbox 2747 2200 3029 2276; x_wconf 89' lang='lat' dir='ltr'><strong>imposuit</strong></span> <span class='ocrx_word' id='word_1_400' title='bbox 3077 2200 3401 2256; x_wconf 92' lang='lat' dir='ltr'><strong>secundum</strong></span> <span class='ocrx_word' id='word_1_401' title='bbox 3452 2199 3680 2253; x_wconf 79' lang='lat' dir='ltr'><strong>futuras</strong></span> 
     </span>
    </p>
   </div>
   <div class='ocr_carea' id='block_1_52' title="bbox 2043 2287 3684 2367">
    <p class='ocr_par' dir='ltr' id='par_1_52' title="bbox 2043 2287 3684 2367">
     <span class='ocr_line' id='line_1_53' title="bbox 2043 2287 3684 2367; baseline -0.007 -16"><span class='ocrx_word' id='word_1_402' title='bbox 2043 2294 2300 2351; x_wconf 87' lang='lat' dir='ltr'><strong>actiones</strong></span> <span class='ocrx_word' id='word_1_403' title='bbox 2319 2294 2347 2349; x_wconf 86' lang='lat'><strong>?</strong></span> <span class='ocrx_word' id='word_1_404' title='bbox 2374 2292 2631 2367; x_wconf 88' lang='lat' dir='ltr'><strong>primum</strong></span> <span class='ocrx_word' id='word_1_405' title='bbox 2663 2290 3065 2358; x_wconf 87' lang='lat' dir='ltr'><strong>vocans,Cain,</strong></span> <span class='ocrx_word' id='word_1_406' title='bbox 3079 2288 3233 2361; x_wconf 89' lang='lat' dir='ltr'><strong>quod</strong></span> <span class='ocrx_word' id='word_1_407' title='bbox 3265 2287 3684 2359; x_wconf 86' lang='lat' dir='ltr'><strong>interpretatur</strong></span> 
     </span>
    </p>
   </div>
   <div class='ocr_carea' id='block_1_53' title="bbox 2042 2372 3685 2455">
    <p class='ocr_par' dir='ltr' id='par_1_53' title="bbox 2042 2372 3685 2455">
     <span class='ocr_line' id='line_1_54' title="bbox 2042 2372 3685 2455; baseline -0.007 -15"><span class='ocrx_word' id='word_1_408' title='bbox 2042 2383 2330 2442; x_wconf 72' lang='lat' dir='ltr'><strong>aemulatio</strong></span> <span class='ocrx_word' id='word_1_409' title='bbox 2347 2402 2371 2448; x_wconf 87' lang='lat'><em>;</em></span> <span class='ocrx_word' id='word_1_410' title='bbox 2400 2383 2499 2455; x_wconf 90' lang='lat' dir='ltr'><strong>qui</strong></span> <span class='ocrx_word' id='word_1_411' title='bbox 2525 2381 2724 2449; x_wconf 89' lang='lat' dir='ltr'><strong>etiam,</strong></span> <span class='ocrx_word' id='word_1_412' title='bbox 2756 2378 3123 2435; x_wconf 74' lang='lat' dir='ltr'><strong>aemulatione</strong></span> <span class='ocrx_word' id='word_1_413' title='bbox 3152 2377 3364 2432; x_wconf 90' lang='lat' dir='ltr'><strong>ductus</strong></span> <span class='ocrx_word' id='word_1_414' title='bbox 3395 2372 3685 2430; x_wconf 80' lang='lat' dir='ltr'><strong>interfecit</strong></span> 
     </span>
    </p>
   </div>
   <div class='ocr_carea' id='block_1_54' title="bbox 2044 2465 3684 2542">
    <p class='ocr_par' dir='ltr' id='par_1_54' title="bbox 2044 2465 3684 2542">
     <span class='ocr_line' id='line_1_55' title="bbox 2044 2465 3684 2542; baseline -0.006 -15"><span class='ocrx_word' id='word_1_415' title='bbox 2044 2472 2282 2529; x_wconf 83' lang='lat' dir='ltr'><strong>fratrem</strong></span> <span class='ocrx_word' id='word_1_416' title='bbox 2315 2488 2490 2528; x_wconf 91' lang='lat' dir='ltr'><strong>suum</strong></span> <span class='ocrx_word' id='word_1_417' title='bbox 2519 2470 2681 2537; x_wconf 85' lang='lat' dir='ltr'><strong>Abel,</strong></span> <span class='ocrx_word' id='word_1_418' title='bbox 2713 2468 2870 2542; x_wconf 91' lang='lat' dir='ltr'><strong>quod</strong></span> <span class='ocrx_word' id='word_1_419' title='bbox 2901 2468 3316 2539; x_wconf 84' lang='lat' dir='ltr'><strong>interpretatur</strong></span> <span class='ocrx_word' id='word_1_420' title='bbox 3343 2465 3520 2519; x_wconf 83' lang='lat' dir='ltr'><strong>luctus</strong></span> <span class='ocrx_word' id='word_1_421' title='bbox 3538 2480 3560 2525; x_wconf 89' lang='lat'><strong><em>;</em></strong></span> <span class='ocrx_word' id='word_1_422' title='bbox 3590 2478 3684 2518; x_wconf 90' lang='lat' dir='ltr'><strong>su-</strong></span> 
     </span>
    </p>
   </div>
   <div class='ocr_carea' id='block_1_55' title="bbox 2046 2552 3682 2634">
    <p class='ocr_par' dir='ltr' id='par_1_55' title="bbox 2046 2552 3682 2634">
     <span class='ocr_line' id='line_1_56' title="bbox 2046 2552 3682 2634; baseline -0.007 -17"><span class='ocrx_word' id='word_1_423' title='bbox 2046 2579 2148 2634; x_wconf 88' lang='lat' dir='ltr'><strong>per</strong></span> <span class='ocrx_word' id='word_1_424' title='bbox 2175 2578 2242 2617; x_wconf 90' lang='lat' dir='ltr'><strong>eo</strong></span> <span class='ocrx_word' id='word_1_425' title='bbox 2272 2560 2562 2633; x_wconf 88' lang='lat' dir='ltr'><strong>siquidem</strong></span> <span class='ocrx_word' id='word_1_426' title='bbox 2611 2559 2800 2632; x_wconf 91' lang='lat' dir='ltr'><strong>primo</strong></span> <span class='ocrx_word' id='word_1_427' title='bbox 2829 2557 3040 2623; x_wconf 89' lang='lat' dir='ltr'><strong>occiso,</strong></span> <span class='ocrx_word' id='word_1_428' title='bbox 3072 2558 3341 2628; x_wconf 87' lang='lat' dir='ltr'><strong>parentes</strong></span> <span class='ocrx_word' id='word_1_429' title='bbox 3387 2552 3682 2609; x_wconf 84' lang='lat' dir='ltr'><strong>luxerunt.</strong></span> 
     </span>
    </p>
   </div>
   <div class='ocr_carea' id='block_1_56' title="bbox 2045 2641 3682 2720">
    <p class='ocr_par' dir='ltr' id='par_1_56' title="bbox 2045 2641 3682 2720">
     <span class='ocr_line' id='line_1_57' title="bbox 2045 2641 3682 2720; baseline -0.007 -13"><span class='ocrx_word' id='word_1_430' title='bbox 2045 2651 2207 2715; x_wconf 85' lang='lat' dir='ltr'><strong>Quod</strong></span> <span class='ocrx_word' id='word_1_431' title='bbox 2257 2650 2308 2705; x_wconf 90' lang='lat' dir='ltr'><strong>si</strong></span> <span class='ocrx_word' id='word_1_432' title='bbox 2334 2651 2616 2716; x_wconf 86' lang='lat' dir='ltr'><strong>Adamus,</strong></span> <span class='ocrx_word' id='word_1_433' title='bbox 2649 2648 2749 2720; x_wconf 89' lang='lat' dir='ltr'><strong>qui</strong></span> <span class='ocrx_word' id='word_1_434' title='bbox 2802 2647 2903 2702; x_wconf 91' lang='lat' dir='ltr'><strong>Dei</strong></span> <span class='ocrx_word' id='word_1_435' title='bbox 2934 2662 3083 2718; x_wconf 88' lang='lat' dir='ltr'><strong>opus</strong></span> <span class='ocrx_word' id='word_1_436' title='bbox 3131 2648 3276 2708; x_wconf 84' lang='lat' dir='ltr'><strong>erat,</strong></span> <span class='ocrx_word' id='word_1_437' title='bbox 3327 2641 3682 2715; x_wconf 69' lang='lat' dir='ltr'><strong>praenotione</strong></span> 
     </span>
    </p>
   </div>
   <div class='ocr_carea' id='block_1_57' title="bbox 2045 2730 3680 2812">
    <p class='ocr_par' dir='ltr' id='par_1_57' title="bbox 2045 2730 3680 2812">
     <span class='ocr_line' id='line_1_58' title="bbox 2045 2730 3680 2812; baseline -0.007 -16"><span class='ocrx_word' id='word_1_438' title='bbox 2045 2740 2326 2812; x_wconf 64' lang='lat' dir='ltr'><strong>praeditus</strong></span> <span class='ocrx_word' id='word_1_439' title='bbox 2356 2738 2466 2793; x_wconf 83' lang='lat' dir='ltr'><strong>fuit</strong></span> <span class='ocrx_word' id='word_1_440' title='bbox 2486 2756 2501 2805; x_wconf 88' lang='lat'><strong>;</strong></span> <span class='ocrx_word' id='word_1_441' title='bbox 2518 2737 2702 2794; x_wconf 84' lang='lat' dir='ltr'><strong>multo</strong></span> <span class='ocrx_word' id='word_1_442' title='bbox 2732 2735 2922 2808; x_wconf 91' lang='lat' dir='ltr'><strong>magis</strong></span> <span class='ocrx_word' id='word_1_443' title='bbox 2953 2734 3054 2807; x_wconf 91' lang='lat' dir='ltr'><strong>qui</strong></span> <span class='ocrx_word' id='word_1_444' title='bbox 3075 2732 3335 2789; x_wconf 89' lang='lat' dir='ltr'><strong>condidit</strong></span> <span class='ocrx_word' id='word_1_445' title='bbox 3354 2747 3487 2787; x_wconf 89' lang='lat' dir='ltr'><strong>eum</strong></span> <span class='ocrx_word' id='word_1_446' title='bbox 3506 2730 3680 2785; x_wconf 86' lang='lat' dir='ltr'><strong>Deus.</strong></span> 
     </span>
    </p>
   </div>
   <div class='ocr_carea' id='block_1_58' title="bbox 2043 2817 3684 2898">
    <p class='ocr_par' dir='ltr' id='par_1_58' title="bbox 2043 2817 3684 2898">
     <span class='ocr_line' id='line_1_59' title="bbox 2043 2817 3684 2898; baseline -0.005 -17"><span class='ocrx_word' id='word_1_447' title='bbox 2043 2831 2125 2882; x_wconf 89' lang='lat' dir='ltr'><strong>Tu</strong></span> <span class='ocrx_word' id='word_1_448' title='bbox 2155 2831 2373 2898; x_wconf 86' lang='lat' dir='ltr'><strong>autem,</strong></span> <span class='ocrx_word' id='word_1_449' title='bbox 2408 2844 2440 2883; x_wconf 96' lang='lat' dir='ltr'><strong>o</strong></span> <span class='ocrx_word' id='word_1_450' title='bbox 2479 2826 2704 2895; x_wconf 86' lang='lat' dir='ltr'><strong>Simon,</strong></span> <span class='ocrx_word' id='word_1_451' title='bbox 2736 2842 2871 2881; x_wconf 91' lang='lat' dir='ltr'><strong>cum</strong></span> <span class='ocrx_word' id='word_1_452' title='bbox 2920 2822 3071 2879; x_wconf 89' lang='lat' dir='ltr'><strong>male</strong></span> <span class='ocrx_word' id='word_1_453' title='bbox 3116 2820 3411 2893; x_wconf 88' lang='lat' dir='ltr'><strong>intelligas</strong></span> <span class='ocrx_word' id='word_1_454' title='bbox 3458 2817 3684 2874; x_wconf 90' lang='lat' dir='ltr'><strong>divinas</strong></span> 
     </span>
    </p>
   </div>
   <div class='ocr_carea' id='block_1_59' title="bbox 2043 2916 3001 2984">
    <p class='ocr_par' dir='ltr' id='par_1_59' title="bbox 2043 2916 3001 2984">
     <span class='ocr_line' id='line_1_60' title="bbox 2043 2916 3001 2984; baseline -0.004 -12"><span class='ocrx_word' id='word_1_455' title='bbox 2043 2916 2395 2984; x_wconf 86' lang='lat' dir='ltr'><strong>Scripturas,</strong></span> <span class='ocrx_word' id='word_1_456' title='bbox 2426 2917 2696 2972; x_wconf 89' lang='lat' dir='ltr'><strong>obturato</strong></span> <span class='ocrx_word' id='word_1_457' title='bbox 2727 2930 2823 2970; x_wconf 90' lang='lat' dir='ltr'><strong>ore</strong></span> <span class='ocrx_word' id='word_1_458' title='bbox 2851 2917 3001 2969; x_wconf 89' lang='lat' dir='ltr'><strong>tace.</strong></span> 
     </span>
    </p>
   </div>
   <div class='ocr_carea' id='block_1_60' title="bbox 2112 2997 3683 3077">
    <p class='ocr_par' dir='ltr' id='par_1_60' title="bbox 2112 2997 3683 3077">
     <span class='ocr_line' id='line_1_61' title="bbox 2112 2997 3683 3077; baseline -0.007 -15"><span class='ocrx_word' id='word_1_459' title='bbox 2112 3007 2245 3062; x_wconf 83' lang='lat' dir='ltr'><strong>XLI.</strong></span> <span class='ocrx_word' id='word_1_460' title='bbox 2282 3009 2457 3061; x_wconf 91' lang='lat' dir='ltr'><strong>Porro</strong></span> <span class='ocrx_word' id='word_1_461' title='bbox 2487 3005 2642 3077; x_wconf 90' lang='lat' dir='ltr'><strong>quod</strong></span> <span class='ocrx_word' id='word_1_462' title='bbox 2687 3002 2973 3076; x_wconf 89' lang='lat' dir='ltr'><strong>scriptum</strong></span> <span class='ocrx_word' id='word_1_463' title='bbox 3003 3005 3133 3056; x_wconf 89' lang='lat' dir='ltr'><strong>est:</strong></span> <span class='ocrx_word' id='word_1_464' title='bbox 3164 2998 3360 3055; x_wconf 80' lang='lat' dir='ltr'><strong>Secum</strong></span> <span class='ocrx_word' id='word_1_465' title='bbox 3404 2997 3683 3069; x_wconf 78' lang='lat' dir='ltr'><strong>reputavit</strong></span> 
     </span>
    </p>
   </div>
   <div class='ocr_carea' id='block_1_61' title="bbox 2041 3086 3679 3165">
    <p class='ocr_par' dir='ltr' id='par_1_61' title="bbox 2041 3086 3679 3165">
     <span class='ocr_line' id='line_1_62' title="bbox 2041 3086 3679 3165; baseline -0.006 -14"><span class='ocrx_word' id='word_1_466' title='bbox 2041 3096 2181 3151; x_wconf 81' lang='lat' dir='ltr'><strong>Deus</strong></span> <span class='ocrx_word' id='word_1_467' title='bbox 2212 3097 2278 3162; x_wconf 82' lang='grc'><strong>²⁶,</strong></span> <span class='ocrx_word' id='word_1_468' title='bbox 2312 3094 2477 3165; x_wconf 90' lang='lat' dir='ltr'><strong>quasi</strong></span> <span class='ocrx_word' id='word_1_469' title='bbox 2532 3097 2733 3149; x_wconf 79' lang='lat' dir='ltr'><strong>utatur</strong></span> <span class='ocrx_word' id='word_1_470' title='bbox 2762 3090 3201 3148; x_wconf 87' lang='lat' dir='ltr'><strong>ratiocinatione</strong></span> <span class='ocrx_word' id='word_1_471' title='bbox 3231 3091 3465 3161; x_wconf 89' lang='lat' dir='ltr'><strong>propter</strong></span> <span class='ocrx_word' id='word_1_472' title='bbox 3515 3086 3679 3158; x_wconf 91' lang='lat' dir='ltr'><strong>igno-</strong></span> 
     </span>
    </p>
   </div>
   <div class='ocr_carea' id='block_1_62' title="bbox 2041 3175 3681 3251">
    <p class='ocr_par' dir='ltr' id='par_1_62' title="bbox 2041 3175 3681 3251">
     <span class='ocr_line' id='line_1_63' title="bbox 2041 3175 3681 3251; baseline -0.007 -11"><span class='ocrx_word' id='word_1_473' title='bbox 2041 3184 2292 3240; x_wconf 87' lang='lat' dir='ltr'><strong>rantiam</strong></span> <span class='ocrx_word' id='word_1_474' title='bbox 2314 3188 2403 3251; x_wconf 89' lang='lat' dir='ltr'><strong>;et</strong></span> <span class='ocrx_word' id='word_1_475' title='bbox 2433 3183 2651 3238; x_wconf 86' lang='lat' dir='ltr'><strong>adhuc:</strong></span> <span class='ocrx_word' id='word_1_476' title='bbox 2674 3182 2920 3237; x_wconf 82' lang='lat' dir='ltr'><strong>Tentavit</strong></span> <span class='ocrx_word' id='word_1_477' title='bbox 2947 3180 3207 3236; x_wconf 76' lang='lat' dir='ltr'><strong>Dominus</strong></span> <span class='ocrx_word' id='word_1_478' title='bbox 3236 3175 3681 3245; x_wconf 67' lang='lat' dir='ltr'><strong>Abrahamum”,</strong></span> 
     </span>
    </p>
   </div>
   <div class='ocr_carea' id='block_1_63' title="bbox 2046 3262 3685 3345">
    <p class='ocr_par' dir='ltr' id='par_1_63' title="bbox 2046 3262 3685 3345">
     <span class='ocr_line' id='line_1_64' title="bbox 2046 3262 3685 3345; baseline -0.006 -17"><span class='ocrx_word' id='word_1_479' title='bbox 2046 3278 2111 3328; x_wconf 90' lang='lat' dir='ltr'><strong>ut</strong></span> <span class='ocrx_word' id='word_1_480' title='bbox 2141 3275 2517 3345; x_wconf 87' lang='lat' dir='ltr'><strong>cognosceret</strong></span> <span class='ocrx_word' id='word_1_481' title='bbox 2540 3288 2613 3326; x_wconf 85' lang='lat' dir='ltr'><strong>an</strong></span> <span class='ocrx_word' id='word_1_482' title='bbox 2644 3271 2695 3325; x_wconf 92' lang='lat' dir='ltr'><strong>is</strong></span> <span class='ocrx_word' id='word_1_483' title='bbox 2725 3270 2900 3325; x_wconf 87' lang='lat' dir='ltr'><strong>ferret</strong></span> <span class='ocrx_word' id='word_1_484' title='bbox 2927 3267 3214 3340; x_wconf 88' lang='lat' dir='ltr'><strong>patienter</strong></span> <span class='ocrx_word' id='word_1_485' title='bbox 3245 3281 3258 3320; x_wconf 89' lang='lat'>:</span> <span class='ocrx_word' id='word_1_486' title='bbox 3286 3264 3431 3318; x_wconf 91' lang='lat' dir='ltr'><strong>illud</strong></span> <span class='ocrx_word' id='word_1_487' title='bbox 3459 3262 3637 3319; x_wconf 89' lang='lat' dir='ltr'><strong>etiam</strong></span> <span class='ocrx_word' id='word_1_488' title='bbox 3670 3280 3685 3318; x_wconf 89' lang='lat'><strong>:</strong></span> 
     </span>
    </p>
   </div>
   <div class='ocr_carea' id='block_1_64' title="bbox 283 3339 1939 3437">
    <p class='ocr_par' dir='ltr' id='par_1_64' title="bbox 283 3339 1932 3437">
     <span class='ocr_line' id='line_1_65' title="bbox 283 3339 1932 3437; baseline 0 -23"><span class='ocrx_word' id='word_1_489' title='bbox 283 3339 531 3436; x_wconf 72' lang='grc' dir='ltr'>κραυγὴν</span> <span class='ocrx_word' id='word_1_490' title='bbox 596 3358 771 3414; x_wconf 75' lang='grc' dir='ltr'>αὐτῶν</span> <span class='ocrx_word' id='word_1_491' title='bbox 844 3360 946 3429; x_wconf 80' lang='grc' dir='ltr'>τήν</span> <span class='ocrx_word' id='word_1_492' title='bbox 1017 3358 1325 3437; x_wconf 71' lang='grc' dir='ltr'>ἐρχομένην</span> <span class='ocrx_word' id='word_1_493' title='bbox 1371 3339 1539 3437; x_wconf 34' lang='grc' dir='ltr'>,πρὸς</span> <span class='ocrx_word' id='word_1_494' title='bbox 1601 3360 1667 3433; x_wconf 73' lang='grc' dir='ltr'>μὲ</span> <span class='ocrx_word' id='word_1_495' title='bbox 1724 3380 1877 3414; x_wconf 87' lang='grc' dir='ltr'>συντε</span> <span class='ocrx_word' id='word_1_496' title='bbox 1909 3392 1932 3402; x_wconf 93' lang='grc'><strong>-</strong></span> 
     </span>
    </p>
   </div>
   <div class='ocr_carea' id='block_1_65' title="bbox 2049 3339 3691 3437">
    <p class='ocr_par' dir='ltr' id='par_1_65' title="bbox 2050 3339 3691 3426">
     <span class='ocr_line' id='line_1_66' title="bbox 2050 3339 3691 3426; baseline -0.007 -8"><span class='ocrx_word' id='word_1_497' title='bbox 2050 3361 2448 3418; x_wconf 81' lang='lat' dir='ltr'><strong>Descendentes</strong></span> <span class='ocrx_word' id='word_1_498' title='bbox 2475 3359 2773 3426; x_wconf 80' lang='lat' dir='ltr'><strong>videamus,</strong></span> <span class='ocrx_word' id='word_1_499' title='bbox 2791 3375 2871 3413; x_wconf 85' lang='lat' dir='ltr'><strong>an</strong></span> <span class='ocrx_word' id='word_1_500' title='bbox 2900 3339 3197 3413; x_wconf 82' lang='lat' dir='ltr'><strong>secundum</strong></span> <span class='ocrx_word' id='word_1_501' title='bbox 3225 3354 3519 3409; x_wconf 83' lang='lat' dir='ltr'><strong>clamorem</strong></span> <span class='ocrx_word' id='word_1_502' title='bbox 3547 3353 3691 3423; x_wconf 90' lang='lat' dir='ltr'><strong>ipso-</strong></span> 
     </span>
    </p>
   </div>
   <div class='ocr_carea' id='block_1_66' title="bbox 286 3445 1939 3524">
    <p class='ocr_par' dir='ltr' id='par_1_66' title="bbox 286 3445 1939 3524">
     <span class='ocr_line' id='line_1_67' title="bbox 286 3445 1939 3524; baseline -0.001 -20"><span class='ocrx_word' id='word_1_503' title='bbox 286 3446 537 3504; x_wconf 81' lang='grc' dir='ltr'>λοῦνται’</span> <span class='ocrx_word' id='word_1_504' title='bbox 570 3447 617 3504; x_wconf 82' lang='grc' dir='ltr'>εἰ</span> <span class='ocrx_word' id='word_1_505' title='bbox 664 3445 724 3503; x_wconf 74' lang='grc' dir='ltr'><strong>δὲ</strong></span> <span class='ocrx_word' id='word_1_506' title='bbox 773 3449 872 3522; x_wconf 88' lang='grc' dir='ltr'><strong>μή,</strong></span> <span class='ocrx_word' id='word_1_507' title='bbox 921 3446 1015 3503; x_wconf 71' lang='grc' dir='ltr'>’ἱνα</span> <span class='ocrx_word' id='word_1_508' title='bbox 1042 3449 1271 3524; x_wconf 77' lang='grc' dir='ltr'>γνὼ’καὶ</span> <span class='ocrx_word' id='word_1_509' title='bbox 1313 3447 1401 3504; x_wconf 70' lang='grc' dir='ltr'>’ἱνα</span> <span class='ocrx_word' id='word_1_510' title='bbox 1435 3449 1510 3522; x_wconf 85' lang='grc' dir='ltr'>μή</span> <span class='ocrx_word' id='word_1_511' title='bbox 1545 3448 1620 3511; x_wconf 78' lang='grc' dir='ltr'>εἷς</span> <span class='ocrx_word' id='word_1_512' title='bbox 1652 3445 1796 3504; x_wconf 78' lang='grc' dir='ltr'>πολὺ</span> <span class='ocrx_word' id='word_1_513' title='bbox 1831 3470 1939 3522; x_wconf 89' lang='grc' dir='ltr'>μη-</span> 
     </span>
    </p>
   </div>
   <div class='ocr_carea' id='block_1_67' title="bbox 284 3534 1941 3616">
    <p class='ocr_par' dir='ltr' id='par_1_67' title="bbox 284 3534 1941 3616">
     <span class='ocr_line' id='line_1_68' title="bbox 284 3534 1941 3616; baseline 0 -24"><span class='ocrx_word' id='word_1_514' title='bbox 284 3538 437 3593; x_wconf 87' lang='grc' dir='ltr'>κύνω</span> <span class='ocrx_word' id='word_1_515' title='bbox 464 3538 557 3592; x_wconf 83' lang='grc' dir='ltr'>τὸν</span> <span class='ocrx_word' id='word_1_516' title='bbox 606 3535 797 3611; x_wconf 87' lang='grc' dir='ltr'>λόγον,</span> <span class='ocrx_word' id='word_1_517' title='bbox 847 3544 989 3616; x_wconf 79' lang='grc' dir='ltr'>σαφῆ</span> <span class='ocrx_word' id='word_1_518' title='bbox 1036 3537 1136 3606; x_wconf 76' lang='grc' dir='ltr'><strong>τὴν</strong></span> <span class='ocrx_word' id='word_1_519' title='bbox 1162 3534 1399 3593; x_wconf 83' lang='grc' dir='ltr'>διάνοιαν</span> <span class='ocrx_word' id='word_1_520' title='bbox 1433 3538 1524 3593; x_wconf 81' lang='grc' dir='ltr'><strong>καὶ</strong></span> <span class='ocrx_word' id='word_1_521' title='bbox 1570 3535 1854 3614; x_wconf 85' lang='grc' dir='ltr'>διάγνωσιν</span> <span class='ocrx_word' id='word_1_522' title='bbox 1885 3539 1941 3593; x_wconf 76' lang='grc' dir='ltr'>αἱ</span> 
     </span>
    </p>
   </div>
   <div class='ocr_carea' id='block_1_68' title="bbox 289 3624 1940 3702">
    <p class='ocr_par' dir='ltr' id='par_1_68' title="bbox 289 3624 1940 3702">
     <span class='ocr_line' id='line_1_69' title="bbox 289 3624 1940 3702; baseline -0.001 -21"><span class='ocrx_word' id='word_1_523' title='bbox 289 3626 479 3701; x_wconf 72' lang='grc' dir='ltr'>ῥήσεις</span> <span class='ocrx_word' id='word_1_524' title='bbox 525 3624 743 3701; x_wconf 82' lang='grc' dir='ltr'>ἔχουσιν</span> <span class='ocrx_word' id='word_1_525' title='bbox 791 3626 966 3699; x_wconf 81' lang='grc' dir='ltr'>αὗται,</span> <span class='ocrx_word' id='word_1_526' title='bbox 1021 3627 1099 3699; x_wconf 77' lang='grc' dir='ltr'>μὴ</span> <span class='ocrx_word' id='word_1_527' title='bbox 1128 3626 1619 3702; x_wconf 85' lang='grc' dir='ltr'>καταγινώσκουσαι</span> <span class='ocrx_word' id='word_1_528' title='bbox 1665 3631 1762 3681; x_wconf 85' lang='grc' dir='ltr'><strong>τοῦ</strong></span> <span class='ocrx_word' id='word_1_529' title='bbox 1807 3630 1940 3681; x_wconf 88' lang='grc' dir='ltr'>Θεοῦ</span> 
     </span>
    </p>
   </div>
   <div class='ocr_carea' id='block_1_69' title="bbox 288 3712 1942 3792">
    <p class='ocr_par' dir='ltr' id='par_1_69' title="bbox 288 3712 1942 3792">
     <span class='ocr_line' id='line_1_70' title="bbox 288 3712 1942 3792; baseline 0.001 -24"><span class='ocrx_word' id='word_1_530' title='bbox 288 3713 536 3791; x_wconf 77' lang='grc' dir='ltr'>ἄγνοιαν,</span> <span class='ocrx_word' id='word_1_531' title='bbox 567 3715 664 3770; x_wconf 71' lang='grc' dir='ltr'><strong>κᾶν</strong></span> <span class='ocrx_word' id='word_1_532' title='bbox 691 3716 792 3783; x_wconf 71' lang='grc' dir='ltr'>τὴν</span> <span class='ocrx_word' id='word_1_533' title='bbox 841 3716 940 3784; x_wconf 78' lang='grc' dir='ltr'><strong>σήν</strong></span> <span class='ocrx_word' id='word_1_534' title='bbox 989 3719 1153 3770; x_wconf 89' lang='grc' dir='ltr'>τοῦτο</span> <span class='ocrx_word' id='word_1_535' title='bbox 1202 3712 1459 3792; x_wconf 71' lang='grc' dir='ltr'>διαφεύγῂ</span> <span class='ocrx_word' id='word_1_536' title='bbox 1489 3712 1725 3770; x_wconf 81' lang='grc' dir='ltr'>διάνοιαν</span> <span class='ocrx_word' id='word_1_537' title='bbox 1760 3718 1824 3752; x_wconf 67' lang='grc' dir='ltr'><strong>π·</strong></span> <span class='ocrx_word' id='word_1_538' title='bbox 1857 3714 1942 3770; x_wconf 80' lang='grc' dir='ltr'><strong>ὅτι</strong></span> 
     </span>
    </p>
   </div>
   <div class='ocr_carea' id='block_1_70' title="bbox 291 3798 1939 3880">
    <p class='ocr_par' dir='ltr' id='par_1_70' title="bbox 291 3798 1939 3880">
     <span class='ocr_line' id='line_1_71' title="bbox 291 3798 1939 3880; baseline -0.001 -21"><span class='ocrx_word' id='word_1_539' title='bbox 291 3801 353 3859; x_wconf 80' lang='grc' dir='ltr'><strong>δέ</strong></span> <span class='ocrx_word' id='word_1_540' title='bbox 383 3800 558 3866; x_wconf 82' lang='grc' dir='ltr'>ὅντως</span> <span class='ocrx_word' id='word_1_541' title='bbox 603 3805 991 3879; x_wconf 87' lang='grc' dir='ltr'>προγινώσκει,</span> <span class='ocrx_word' id='word_1_542' title='bbox 1042 3801 1195 3879; x_wconf 89' lang='grc' dir='ltr'>λέγει</span> <span class='ocrx_word' id='word_1_543' title='bbox 1239 3808 1318 3875; x_wconf 77' lang='grc' dir='ltr'><strong>τῷ</strong></span> <span class='ocrx_word' id='word_1_544' title='bbox 1346 3798 1618 3880; x_wconf 82' lang='grc' dir='ltr'>Ἀϐραάμ·</span> <span class='ocrx_word' id='word_1_545' title='bbox 1654 3805 1939 3859; x_wconf 85' lang='grc' dir='ltr'>Γινώσκων</span> 
     </span>
    </p>
   </div>
   <div class='ocr_carea' id='block_1_71' title="bbox 287 3888 1939 3969">
    <p class='ocr_par' dir='ltr' id='par_1_71' title="bbox 287 3888 1939 3969">
     <span class='ocr_line' id='line_1_72' title="bbox 287 3888 1939 3969; baseline -0.001 -22"><span class='ocrx_word' id='word_1_546' title='bbox 287 3894 476 3968; x_wconf 81' lang='grc' dir='ltr'>γνώσῃ</span> <span class='ocrx_word' id='word_1_547' title='bbox 534 3894 619 3948; x_wconf 82' lang='grc' dir='ltr'>δτι</span> <span class='ocrx_word' id='word_1_548' title='bbox 675 3894 937 3969; x_wconf 83' lang='grc' dir='ltr'>πάροικον</span> <span class='ocrx_word' id='word_1_549' title='bbox 1013 3888 1158 3948; x_wconf 84' lang='grc' dir='ltr'>ἔσται</span> <span class='ocrx_word' id='word_1_550' title='bbox 1217 3892 1281 3947; x_wconf 86' lang='grc' dir='ltr'>τὸ</span> <span class='ocrx_word' id='word_1_551' title='bbox 1338 3891 1551 3968; x_wconf 86' lang='grc' dir='ltr'>σπέρμα</span> <span class='ocrx_word' id='word_1_552' title='bbox 1606 3914 1699 3947; x_wconf 90' lang='grc' dir='ltr'><strong>σου</strong></span> <span class='ocrx_word' id='word_1_553' title='bbox 1758 3892 1810 3946; x_wconf 83' lang='grc' dir='ltr'><strong>ἐν</strong></span> <span class='ocrx_word' id='word_1_554' title='bbox 1868 3897 1939 3969; x_wconf 77' lang='grc' dir='ltr'><strong>γῇ</strong></span> 
     </span>
    </p>
   </div>
   <div class='ocr_carea' id='block_1_72' title="bbox 288 3979 1940 4054">
    <p class='ocr_par' dir='ltr' id='par_1_72' title="bbox 288 3979 1940 4054">
     <span class='ocr_line' id='line_1_73' title="bbox 288 3979 1940 4054; baseline -0.002 -16"><span class='ocrx_word' id='word_1_555' title='bbox 288 3982 395 4038; x_wconf 79' lang='grc' dir='ltr'>οὐκ</span> <span class='ocrx_word' id='word_1_556' title='bbox 449 3980 605 4054; x_wconf 74' lang='grc' dir='ltr'>ἰδίᾳ’</span> <span class='ocrx_word' id='word_1_557' title='bbox 663 3982 754 4037; x_wconf 86' lang='grc' dir='ltr'><strong>καὶ</strong></span> <span class='ocrx_word' id='word_1_558' title='bbox 814 3979 1183 4037; x_wconf 81' lang='grc' dir='ltr'>δουλώσουσιν</span> <span class='ocrx_word' id='word_1_559' title='bbox 1239 3981 1409 4052; x_wconf 81' lang='grc' dir='ltr'>αὐτὸ,</span> <span class='ocrx_word' id='word_1_560' title='bbox 1469 3983 1797 4053; x_wconf 87' lang='grc' dir='ltr'>κακώσουσι,</span> <span class='ocrx_word' id='word_1_561' title='bbox 1850 3981 1940 4036; x_wconf 84' lang='grc' dir='ltr'><strong>καὶ</strong></span> 
     </span>
    </p>
   </div>
   <div class='ocr_carea' id='block_1_73' title="bbox 283 4067 1943 4147">
    <p class='ocr_par' dir='ltr' id='par_1_73' title="bbox 283 4067 1943 4147">
     <span class='ocr_line' id='line_1_74' title="bbox 283 4067 1943 4147; baseline -0.001 -20"><span class='ocrx_word' id='word_1_562' title='bbox 283 4073 717 4127; x_wconf 87' lang='grc' dir='ltr'>ταπεινώσουσιν</span> <span class='ocrx_word' id='word_1_563' title='bbox 804 4070 999 4134; x_wconf 78' lang='grc' dir='ltr'>αὐτοὺς</span> <span class='ocrx_word' id='word_1_564' title='bbox 1101 4067 1193 4142; x_wconf 79' lang='grc' dir='ltr'>ἔτη</span> <span class='ocrx_word' id='word_1_565' title='bbox 1293 4070 1610 4147; x_wconf 88' lang='grc' dir='ltr'>τετρακόσια</span> <span class='ocrx_word' id='word_1_566' title='bbox 1643 4089 1656 4103; x_wconf 84' lang='grc'><em>’</em></span> <span class='ocrx_word' id='word_1_567' title='bbox 1738 4072 1801 4126; x_wconf 90' lang='grc' dir='ltr'>τὸ</span> <span class='ocrx_word' id='word_1_568' title='bbox 1885 4069 1943 4126; x_wconf 74' lang='grc' dir='ltr'>δὲ</span> 
     </span>
    </p>
   </div>
   <div class='ocr_carea' id='block_1_74' title="bbox 286 4157 1942 4236">
    <p class='ocr_par' dir='ltr' id='par_1_74' title="bbox 286 4157 1942 4236">
     <span class='ocr_line' id='line_1_75' title="bbox 286 4157 1942 4236; baseline -0.001 -20"><span class='ocrx_word' id='word_1_569' title='bbox 286 4159 446 4223; x_wconf 79' lang='grc' dir='ltr'>ἔθνος</span> <span class='ocrx_word' id='word_1_570' title='bbox 496 4160 544 4232; x_wconf 84' lang='grc' dir='ltr'>ᾧ</span> <span class='ocrx_word' id='word_1_571' title='bbox 592 4159 679 4215; x_wconf 71' lang='grc' dir='ltr'>ἐὰν</span> <span class='ocrx_word' id='word_1_572' title='bbox 712 4157 1045 4216; x_wconf 86' lang='grc' dir='ltr'>δουλεύσωσι</span> <span class='ocrx_word' id='word_1_573' title='bbox 1093 4165 1261 4235; x_wconf 81' lang='grc' dir='ltr'>κρινῶ</span> <span class='ocrx_word' id='word_1_574' title='bbox 1311 4160 1438 4236; x_wconf 83' lang='grc' dir='ltr'>έγώ’</span> <span class='ocrx_word' id='word_1_575' title='bbox 1493 4159 1627 4234; x_wconf 80' lang='grc' dir='ltr'><strong>μετά</strong></span> <span class='ocrx_word' id='word_1_576' title='bbox 1674 4157 1730 4215; x_wconf 74' lang='grc' dir='ltr'>δὲ</span> <span class='ocrx_word' id='word_1_577' title='bbox 1776 4164 1942 4215; x_wconf 87' lang='grc' dir='ltr'>ταῦτα</span> 
     </span>
    </p>
   </div>
   <div class='ocr_carea' id='block_1_75' title="bbox 283 4246 1943 4322">
    <p class='ocr_par' dir='ltr' id='par_1_75' title="bbox 283 4246 1943 4322">
     <span class='ocr_line' id='line_1_76' title="bbox 283 4246 1943 4322; baseline 0 -18"><span class='ocrx_word' id='word_1_578' title='bbox 283 4248 661 4320; x_wconf 74' lang='grc' dir='ltr'>ἐξελεύσονται</span> <span class='ocrx_word' id='word_1_579' title='bbox 720 4247 829 4304; x_wconf 77' lang='grc' dir='ltr'>ὦδε</span> <span class='ocrx_word' id='word_1_580' title='bbox 885 4250 1021 4322; x_wconf 84' lang='grc' dir='ltr'><strong>μετά</strong></span> <span class='ocrx_word' id='word_1_581' title='bbox 1072 4250 1379 4319; x_wconf 81' lang='grc' dir='ltr'>ἀποσκευῆς</span> <span class='ocrx_word' id='word_1_582' title='bbox 1436 4247 1656 4319; x_wconf 82' lang='grc' dir='ltr'>πολλῆς</span> <span class='ocrx_word' id='word_1_583' title='bbox 1691 4271 1704 4284; x_wconf 65' lang='grc' dir='ltr'><em>υ</em></span> <span class='ocrx_word' id='word_1_584' title='bbox 1765 4247 1828 4304; x_wconf 68' lang='grc' dir='ltr'>σὺ</span> <span class='ocrx_word' id='word_1_585' title='bbox 1885 4246 1943 4304; x_wconf 71' lang='grc' dir='ltr'><strong>δὲ</strong></span> 
     </span>
    </p>
   </div>
   <div class='ocr_carea' id='block_1_76' title="bbox 284 4335 1941 4415">
    <p class='ocr_par' dir='ltr' id='par_1_76' title="bbox 284 4335 1941 4415">
     <span class='ocr_line' id='line_1_77' title="bbox 284 4335 1941 4415; baseline -0.001 -21"><span class='ocrx_word' id='word_1_586' title='bbox 284 4335 565 4412; x_wconf 73' lang='grc' dir='ltr'>ἀπελεύσῃ</span> <span class='ocrx_word' id='word_1_587' title='bbox 640 4340 776 4414; x_wconf 83' lang='grc' dir='ltr'>πρὸς</span> <span class='ocrx_word' id='word_1_588' title='bbox 847 4336 975 4401; x_wconf 79' lang='grc' dir='ltr'>τοὺς</span> <span class='ocrx_word' id='word_1_589' title='bbox 1031 4338 1266 4415; x_wconf 88' lang='grc' dir='ltr'>πατέρας</span> <span class='ocrx_word' id='word_1_590' title='bbox 1344 4358 1439 4393; x_wconf 92' lang='grc' dir='ltr'><strong>σου</strong></span> <span class='ocrx_word' id='word_1_591' title='bbox 1499 4340 1614 4411; x_wconf 89' lang='grc' dir='ltr'>μετ’</span> <span class='ocrx_word' id='word_1_592' title='bbox 1672 4337 1892 4415; x_wconf 82' lang='grc' dir='ltr'>εἰρήνης</span> <span class='ocrx_word' id='word_1_593' title='bbox 1926 4381 1941 4406; x_wconf 87' lang='grc'><strong>,</strong></span> 
     </span>
    </p>
   </div>
   <div class='ocr_carea' id='block_1_77' title="bbox 280 4423 1943 4504">
    <p class='ocr_par' dir='ltr' id='par_1_77' title="bbox 280 4423 1943 4504">
     <span class='ocr_line' id='line_1_78' title="bbox 280 4423 1943 4504; baseline -0.001 -21"><span class='ocrx_word' id='word_1_594' title='bbox 280 4426 514 4504; x_wconf 72' lang='grc' dir='ltr'>τραφεὶς</span> <span class='ocrx_word' id='word_1_595' title='bbox 585 4427 637 4481; x_wconf 83' lang='grc' dir='ltr'><strong>έν</strong></span> <span class='ocrx_word' id='word_1_596' title='bbox 708 4428 853 4502; x_wconf 76' lang='grc' dir='ltr'>γήρᾳ</span> <span class='ocrx_word' id='word_1_597' title='bbox 900 4424 1057 4498; x_wconf 88' lang='grc' dir='ltr'><strong>καλῷ</strong></span> <span class='ocrx_word' id='word_1_598' title='bbox 1108 4446 1121 4459; x_wconf 91' lang='grc'><strong>·</strong></span> <span class='ocrx_word' id='word_1_599' title='bbox 1179 4425 1405 4502; x_wconf 85' lang='grc' dir='ltr'>τετάρτῃ</span> <span class='ocrx_word' id='word_1_600' title='bbox 1461 4423 1520 4481; x_wconf 75' lang='grc' dir='ltr'><strong>δὲ</strong></span> <span class='ocrx_word' id='word_1_601' title='bbox 1571 4432 1726 4503; x_wconf 78' lang='grc' dir='ltr'>γενεᾷ</span> <span class='ocrx_word' id='word_1_602' title='bbox 1773 4427 1879 4481; x_wconf 86' lang='grc' dir='ltr'><strong>ἀπο</strong></span> <span class='ocrx_word' id='word_1_603' title='bbox 1915 4459 1943 4470; x_wconf 88' lang='grc'><strong>-</strong></span> 
     </span>
    </p>
   </div>
   <div class='ocr_carea' id='block_1_78' title="bbox 284 4512 1943 4592">
    <p class='ocr_par' dir='ltr' id='par_1_78' title="bbox 284 4512 1943 4592">
     <span class='ocr_line' id='line_1_79' title="bbox 284 4512 1943 4592; baseline 0 -21"><span class='ocrx_word' id='word_1_604' title='bbox 284 4518 691 4592; x_wconf 73' lang='grc' dir='ltr'>στραςρήσονται</span> <span class='ocrx_word' id='word_1_605' title='bbox 767 4513 893 4572; x_wconf 79' lang='grc' dir='ltr'>ὧδε.</span> <span class='ocrx_word' id='word_1_606' title='bbox 965 4520 1139 4570; x_wconf 87' lang='grc' dir='ltr'>Ταῦτα</span> <span class='ocrx_word' id='word_1_607' title='bbox 1208 4512 1267 4569; x_wconf 75' lang='grc' dir='ltr'><strong>δὲ</strong></span> <span class='ocrx_word' id='word_1_608' title='bbox 1342 4516 1552 4578; x_wconf 87' lang='grc' dir='ltr'>πάντως</span> <span class='ocrx_word' id='word_1_609' title='bbox 1623 4516 1756 4588; x_wconf 80' lang='grc' dir='ltr'><strong>μετά</strong></span> <span class='ocrx_word' id='word_1_610' title='bbox 1811 4516 1943 4571; x_wconf 63' lang='grc' dir='ltr'>πολι</span> 
     </span>
    </p>
   </div>
   <div class='ocr_carea' id='block_1_79' title="bbox 284 4599 1939 4679">
    <p class='ocr_par' dir='ltr' id='par_1_79' title="bbox 284 4599 1939 4679">
     <span class='ocr_line' id='line_1_80' title="bbox 284 4599 1939 4679; baseline -0.001 -19"><span class='ocrx_word' id='word_1_611' title='bbox 284 4604 393 4666; x_wconf 70' lang='grc' dir='ltr'>λςὶς</span> <span class='ocrx_word' id='word_1_612' title='bbox 422 4606 469 4641; x_wconf 78' lang='grc'>⁸⁸</span> <span class='ocrx_word' id='word_1_613' title='bbox 503 4605 605 4678; x_wconf 82' lang='grc' dir='ltr'>ἄρα</span> <span class='ocrx_word' id='word_1_614' title='bbox 635 4599 1004 4676; x_wconf 78' lang='grc' dir='ltr'>συμϐήσεσθαι</span> <span class='ocrx_word' id='word_1_615' title='bbox 1036 4602 1312 4676; x_wconf 86' lang='grc' dir='ltr'>μέλλοντα</span> <span class='ocrx_word' id='word_1_616' title='bbox 1340 4605 1525 4679; x_wconf 83' lang='grc' dir='ltr'>γενεάς</span> <span class='ocrx_word' id='word_1_617' title='bbox 1561 4607 1628 4675; x_wconf 62' lang='grc'><strong>⁸³,</strong></span> <span class='ocrx_word' id='word_1_618' title='bbox 1669 4606 1939 4679; x_wconf 84' lang='grc' dir='ltr'>προγινώ-</span> 
     </span>
    </p>
   </div>
   <div class='ocr_carea' id='block_1_80' title="bbox 284 4689 1366 4771">
    <p class='ocr_par' dir='ltr' id='par_1_80' title="bbox 284 4689 1366 4771">
     <span class='ocr_line' id='line_1_81' title="bbox 284 4689 1366 4771; baseline 0.001 -23"><span class='ocrx_word' id='word_1_619' title='bbox 284 4691 518 4755; x_wconf 80' lang='grc' dir='ltr'>σκοντός</span> <span class='ocrx_word' id='word_1_620' title='bbox 549 4692 657 4748; x_wconf 83' lang='grc' dir='ltr'>ἐστι</span> <span class='ocrx_word' id='word_1_621' title='bbox 687 4692 777 4748; x_wconf 79' lang='grc' dir='ltr'><strong>καὶ</strong></span> <span class='ocrx_word' id='word_1_622' title='bbox 808 4693 1107 4771; x_wconf 73' lang='grc' dir='ltr'>σαφέστατα</span> <span class='ocrx_word' id='word_1_623' title='bbox 1135 4689 1366 4755; x_wconf 77' lang='grc' dir='ltr'>εἰδότος.</span> 
     </span>
    </p>
   </div>
   <div class='ocr_carea' id='block_1_81' title="bbox 364 4778 1941 4858">
    <p class='ocr_par' dir='ltr' id='par_1_81' title="bbox 364 4778 1941 4858">
     <span class='ocr_line' id='line_1_82' title="bbox 364 4778 1941 4858; baseline -0.001 -22"><span class='ocrx_word' id='word_1_624' title='bbox 364 4782 533 4838; x_wconf 84' lang='lat' dir='ltr'><strong>XLII.</strong></span> <span class='ocrx_word' id='word_1_625' title='bbox 559 4782 622 4835; x_wconf 85' lang='grc' dir='ltr'><strong>Ἦ</strong></span> <span class='ocrx_word' id='word_1_626' title='bbox 652 4781 747 4853; x_wconf 71' lang='grc' dir='ltr'>μὲν</span> <span class='ocrx_word' id='word_1_627' title='bbox 779 4778 870 4835; x_wconf 74' lang='grc' dir='ltr'>οὖν</span> <span class='ocrx_word' id='word_1_628' title='bbox 900 4780 1026 4856; x_wconf 83' lang='grc' dir='ltr'>περὶ</span> <span class='ocrx_word' id='word_1_629' title='bbox 1072 4779 1281 4836; x_wconf 88' lang='grc' dir='ltr'>τούτων</span> <span class='ocrx_word' id='word_1_630' title='bbox 1331 4781 1671 4852; x_wconf 80' lang='grc' dir='ltr'>ζήτησις,καὶ</span> <span class='ocrx_word' id='word_1_631' title='bbox 1718 4782 1793 4843; x_wconf 64' lang='grc' dir='ltr'>εἷς</span> <span class='ocrx_word' id='word_1_632' title='bbox 1828 4781 1941 4858; x_wconf 81' lang='grc' dir='ltr'>τρί-</span> 
     </span>
    </p>
   </div>
   <div class='ocr_carea' id='block_1_82' title="bbox 283 4868 1942 4949">
    <p class='ocr_par' dir='ltr' id='par_1_82' title="bbox 283 4868 1942 4949">
     <span class='ocr_line' id='line_1_83' title="bbox 283 4868 1942 4949; baseline 0.001 -25"><span class='ocrx_word' id='word_1_633' title='bbox 283 4890 391 4940; x_wconf 80' lang='grc' dir='ltr'>τ-ην</span> <span class='ocrx_word' id='word_1_634' title='bbox 436 4870 774 4943; x_wconf 83' lang='grc' dir='ltr'>παρετείνετο</span> <span class='ocrx_word' id='word_1_635' title='bbox 830 4870 928 4939; x_wconf 82' lang='grc' dir='ltr'>τήν</span> <span class='ocrx_word' id='word_1_636' title='bbox 986 4869 1219 4946; x_wconf 75' lang='grc' dir='ltr'>ἡμέραν,</span> <span class='ocrx_word' id='word_1_637' title='bbox 1278 4869 1691 4949; x_wconf 80' lang='grc' dir='ltr'>ἐπιφωσκούσης</span> <span class='ocrx_word' id='word_1_638' title='bbox 1740 4868 1798 4926; x_wconf 78' lang='grc' dir='ltr'><strong>δὲ</strong></span> <span class='ocrx_word' id='word_1_639' title='bbox 1842 4877 1942 4941; x_wconf 89' lang='grc' dir='ltr'><strong>τῆς</strong></span> 
     </span>
    </p>
   </div>
   <div class='ocr_carea' id='block_1_83' title="bbox 281 4957 1941 5037">
    <p class='ocr_par' dir='ltr' id='par_1_83' title="bbox 281 4957 1941 5037">
     <span class='ocr_line' id='line_1_84' title="bbox 281 4957 1941 5037; baseline -0.001 -23"><span class='ocrx_word' id='word_1_640' title='bbox 281 4957 576 5034; x_wconf 80' lang='grc' dir='ltr'>τετάρτης,</span> <span class='ocrx_word' id='word_1_641' title='bbox 607 4960 778 5037; x_wconf 69' lang='grc' dir='ltr'>φυγὰς</span> <span class='ocrx_word' id='word_1_642' title='bbox 826 4959 855 5013; x_wconf 90' lang='lat'><strong>6</strong></span> <span class='ocrx_word' id='word_1_643' title='bbox 904 4957 1093 5033; x_wconf 80' lang='grc' dir='ltr'>Σίμων</span> <span class='ocrx_word' id='word_1_644' title='bbox 1140 4959 1217 5021; x_wconf 81' lang='grc' dir='ltr'><strong>εἰς</strong></span> <span class='ocrx_word' id='word_1_645' title='bbox 1261 4958 1429 5037; x_wconf 86' lang='grc' dir='ltr'>Τύρον</span> <span class='ocrx_word' id='word_1_646' title='bbox 1481 4957 1682 5037; x_wconf 79' lang='grc' dir='ltr'>ᾤχετο.</span> <span class='ocrx_word' id='word_1_647' title='bbox 1733 4959 1831 5015; x_wconf 82' lang='grc' dir='ltr'>Καὶ</span> <span class='ocrx_word' id='word_1_648' title='bbox 1878 4958 1941 5014; x_wconf 79' lang='grc' dir='ltr'><strong>ού</strong></span> 
     </span>
    </p>
   </div>
   <div class='ocr_carea' id='block_1_84' title="bbox 291 5045 1941 5125">
    <p class='ocr_par' dir='ltr' id='par_1_84' title="bbox 291 5045 1941 5125">
     <span class='ocr_line' id='line_1_85' title="bbox 291 5045 1941 5125; baseline 0 -22"><span class='ocrx_word' id='word_1_649' title='bbox 291 5048 436 5124; x_wconf 84' lang='grc' dir='ltr'><strong>μετά</strong></span> <span class='ocrx_word' id='word_1_650' title='bbox 490 5045 703 5110; x_wconf 74' lang='grc' dir='ltr'>πολλὰς</span> <span class='ocrx_word' id='word_1_651' title='bbox 750 5048 959 5122; x_wconf 78' lang='grc' dir='ltr'>ἡμέρας</span> <span class='ocrx_word' id='word_1_652' title='bbox 1004 5046 1260 5125; x_wconf 76' lang='grc' dir='ltr'>ἀφίκοντό</span> <span class='ocrx_word' id='word_1_653' title='bbox 1319 5069 1461 5112; x_wconf 88' lang='grc' dir='ltr'>τινες</span> <span class='ocrx_word' id='word_1_654' title='bbox 1519 5047 1715 5104; x_wconf 81' lang='grc' dir='ltr'>ἐκεῖθεν</span> <span class='ocrx_word' id='word_1_655' title='bbox 1775 5048 1941 5123; x_wconf 82' lang='grc' dir='ltr'>ἐπαγ-</span> 
     </span>
    </p>
   </div>
   <div class='ocr_carea' id='block_1_85' title="bbox 284 5135 1944 5214">
    <p class='ocr_par' dir='ltr' id='par_1_85' title="bbox 284 5135 1944 5214">
     <span class='ocr_line' id='line_1_86' title="bbox 284 5135 1944 5214; baseline -0.001 -21"><span class='ocrx_word' id='word_1_656' title='bbox 284 5135 585 5213; x_wconf 80' lang='grc' dir='ltr'>γέλλοντες</span> <span class='ocrx_word' id='word_1_657' title='bbox 611 5138 660 5174; x_wconf 73' lang='grc'><strong>³⁴</strong></span> <span class='ocrx_word' id='word_1_658' title='bbox 683 5141 763 5210; x_wconf 79' lang='grc' dir='ltr'>τῷ</span> <span class='ocrx_word' id='word_1_659' title='bbox 799 5135 1014 5213; x_wconf 88' lang='grc' dir='ltr'>Πέτρῳ,</span> <span class='ocrx_word' id='word_1_660' title='bbox 1062 5135 1147 5192; x_wconf 77' lang='grc' dir='ltr'><strong>ὅτι</strong></span> <span class='ocrx_word' id='word_1_661' title='bbox 1196 5136 1383 5212; x_wconf 83' lang='grc' dir='ltr'>Σίμων</span> <span class='ocrx_word' id='word_1_662' title='bbox 1432 5137 1643 5214; x_wconf 82' lang='grc' dir='ltr'>μεγάλα</span> <span class='ocrx_word' id='word_1_663' title='bbox 1672 5138 1944 5211; x_wconf 79' lang='grc' dir='ltr'>θαυμάσια</span> 
     </span>
    </p>
   </div>
   <div class='ocr_carea' id='block_1_86' title="bbox 286 5222 1943 5301">
    <p class='ocr_par' dir='ltr' id='par_1_86' title="bbox 286 5222 1943 5301">
     <span class='ocr_line' id='line_1_87' title="bbox 286 5222 1943 5301; baseline 0.001 -23"><span class='ocrx_word' id='word_1_664' title='bbox 286 5222 343 5279; x_wconf 84' lang='grc' dir='ltr'>ἐν</span> <span class='ocrx_word' id='word_1_665' title='bbox 373 5223 532 5301; x_wconf 86' lang='grc' dir='ltr'>Τύρῳ</span> <span class='ocrx_word' id='word_1_666' title='bbox 560 5228 752 5294; x_wconf 77' lang='grc' dir='ltr'>ποιιῖιν,</span> <span class='ocrx_word' id='word_1_667' title='bbox 794 5222 1040 5286; x_wconf 80' lang='grc' dir='ltr'>πολλοὺς</span> <span class='ocrx_word' id='word_1_668' title='bbox 1084 5228 1192 5279; x_wconf 80' lang='grc' dir='ltr'>τῶν</span> <span class='ocrx_word' id='word_1_669' title='bbox 1242 5223 1353 5280; x_wconf 80' lang='grc' dir='ltr'>ἐκεῖ</span> <span class='ocrx_word' id='word_1_670' title='bbox 1391 5223 1716 5297; x_wconf 76' lang='grc' dir='ltr'>κατέπληξε,</span> <span class='ocrx_word' id='word_1_671' title='bbox 1762 5225 1853 5281; x_wconf 81' lang='grc' dir='ltr'><strong>καὶ</strong></span> <span class='ocrx_word' id='word_1_672' title='bbox 1885 5226 1943 5280; x_wconf 73' lang='grc' dir='ltr'><strong>σε</strong></span> 
     </span>
    </p>
   </div>
   <div class='ocr_carea' id='block_1_87' title="bbox 2049 3442 3695 3521">
    <p class='ocr_par' dir='ltr' id='par_1_87' title="bbox 2049 3442 3695 3521">
     <span class='ocr_line' id='line_1_88' title="bbox 2049 3442 3695 3521; baseline -0.007 -15"><span class='ocrx_word' id='word_1_673' title='bbox 2049 3468 2195 3519; x_wconf 85' lang='lat' dir='ltr'><strong>rum,</strong></span> <span class='ocrx_word' id='word_1_674' title='bbox 2244 3452 2339 3521; x_wconf 87' lang='lat' dir='ltr'><strong>qui</strong></span> <span class='ocrx_word' id='word_1_675' title='bbox 2382 3449 2530 3505; x_wconf 80' lang='lat' dir='ltr'><strong>venit</strong></span> <span class='ocrx_word' id='word_1_676' title='bbox 2573 3448 2647 3503; x_wconf 85' lang='lat' dir='ltr'><strong>ad</strong></span> <span class='ocrx_word' id='word_1_677' title='bbox 2692 3463 2796 3517; x_wconf 90' lang='lat' dir='ltr'><strong>me,</strong></span> <span class='ocrx_word' id='word_1_678' title='bbox 2841 3446 3134 3518; x_wconf 74' lang='lat' dir='ltr'><strong>perﬁciant</strong></span> <span class='ocrx_word' id='word_1_679' title='bbox 3171 3461 3192 3506; x_wconf 85' lang='lat'><strong><em>;</em></strong></span> <span class='ocrx_word' id='word_1_680' title='bbox 3239 3444 3331 3498; x_wconf 84' lang='lat' dir='ltr'><strong>sin</strong></span> <span class='ocrx_word' id='word_1_681' title='bbox 3373 3442 3580 3509; x_wconf 82' lang='lat' dir='ltr'><strong>minus,</strong></span> <span class='ocrx_word' id='word_1_682' title='bbox 3632 3447 3695 3496; x_wconf 85' lang='lat' dir='ltr'><strong>ut</strong></span> 
     </span>
    </p>
   </div>
   <div class='ocr_carea' id='block_1_88' title="bbox 2048 3528 3693 3606">
    <p class='ocr_par' dir='ltr' id='par_1_88' title="bbox 2048 3528 3693 3606">
     <span class='ocr_line' id='line_1_89' title="bbox 2048 3528 3693 3606; baseline -0.007 -11"><span class='ocrx_word' id='word_1_683' title='bbox 2048 3542 2223 3597; x_wconf 80' lang='lat' dir='ltr'><strong>sciam</strong></span> <span class='ocrx_word' id='word_1_684' title='bbox 2252 3541 2297 3574; x_wconf 80' lang='grc'>²⁸</span> <span class='ocrx_word' id='word_1_685' title='bbox 2322 3555 2334 3592; x_wconf 93' lang='lat'>:</span> <span class='ocrx_word' id='word_1_686' title='bbox 2368 3554 2434 3594; x_wconf 90' lang='lat' dir='ltr'><strong>ac</strong></span> <span class='ocrx_word' id='word_1_687' title='bbox 2466 3554 2539 3594; x_wconf 90' lang='lat' dir='ltr'><strong>ne</strong></span> <span class='ocrx_word' id='word_1_688' title='bbox 2569 3551 2900 3593; x_wconf 86' lang='lat' dir='ltr'><strong>sermonem</strong></span> <span class='ocrx_word' id='word_1_689' title='bbox 2930 3533 3164 3606; x_wconf 85' lang='lat' dir='ltr'><strong>longius</strong></span> <span class='ocrx_word' id='word_1_690' title='bbox 3194 3530 3552 3604; x_wconf 85' lang='lat' dir='ltr'><strong>protraham,</strong></span> <span class='ocrx_word' id='word_1_691' title='bbox 3576 3528 3693 3585; x_wconf 87' lang='lat' dir='ltr'><strong>cla-</strong></span> 
     </span>
    </p>
   </div>
   <div class='ocr_carea' id='block_1_89' title="bbox 2051 3617 3696 3685">
    <p class='ocr_par' dir='ltr' id='par_1_89' title="bbox 2051 3617 3696 3685">
     <span class='ocr_line' id='line_1_90' title="bbox 2051 3617 3696 3685; baseline -0.007 0"><span class='ocrx_word' id='word_1_692' title='bbox 2051 3646 2182 3685; x_wconf 90' lang='lat' dir='ltr'><strong>rum</strong></span> <span class='ocrx_word' id='word_1_693' title='bbox 2215 3644 2455 3684; x_wconf 89' lang='lat' dir='ltr'><strong>sensum</strong></span> <span class='ocrx_word' id='word_1_694' title='bbox 2486 3644 2551 3682; x_wconf 85' lang='lat' dir='ltr'><strong>ac</strong></span> <span class='ocrx_word' id='word_1_695' title='bbox 2600 3624 2959 3680; x_wconf 88' lang='lat' dir='ltr'><strong>intellectum</strong></span> <span class='ocrx_word' id='word_1_696' title='bbox 2992 3622 3210 3677; x_wconf 86' lang='lat' dir='ltr'><strong>habent</strong></span> <span class='ocrx_word' id='word_1_697' title='bbox 3236 3636 3305 3676; x_wconf 87' lang='lat' dir='ltr'><strong>ea</strong></span> <span class='ocrx_word' id='word_1_698' title='bbox 3332 3617 3696 3685; x_wconf 87' lang='lat' dir='ltr'><strong>testimonia,</strong></span> 
     </span>
    </p>
   </div>
   <div class='ocr_carea' id='block_1_90' title="bbox 2049 3705 3697 3786">
    <p class='ocr_par' dir='ltr' id='par_1_90' title="bbox 2049 3705 3697 3786">
     <span class='ocr_line' id='line_1_91' title="bbox 2049 3705 3697 3786; baseline -0.008 -12"><span class='ocrx_word' id='word_1_699' title='bbox 2049 3734 2155 3774; x_wconf 88' lang='lat' dir='ltr'><strong>nec</strong></span> <span class='ocrx_word' id='word_1_700' title='bbox 2184 3717 2368 3773; x_wconf 91' lang='lat' dir='ltr'><strong>Deum</strong></span> <span class='ocrx_word' id='word_1_701' title='bbox 2400 3717 2471 3772; x_wconf 89' lang='lat' dir='ltr'><strong>de</strong></span> <span class='ocrx_word' id='word_1_702' title='bbox 2504 3713 2833 3786; x_wconf 80' lang='lat' dir='ltr'><strong>ignorantia</strong></span> <span class='ocrx_word' id='word_1_703' title='bbox 2862 3714 3146 3784; x_wconf 83' lang='lat' dir='ltr'><strong>arguunt;</strong></span> <span class='ocrx_word' id='word_1_704' title='bbox 3165 3709 3300 3766; x_wconf 89' lang='lat' dir='ltr'><strong>licet</strong></span> <span class='ocrx_word' id='word_1_705' title='bbox 3329 3708 3387 3763; x_wconf 89' lang='lat' dir='ltr'><strong>id</strong></span> <span class='ocrx_word' id='word_1_706' title='bbox 3416 3712 3580 3763; x_wconf 87' lang='lat' dir='ltr'><strong>tuam</strong></span> <span class='ocrx_word' id='word_1_707' title='bbox 3605 3705 3697 3762; x_wconf 87' lang='lat' dir='ltr'><strong>fu-</strong></span> 
     </span>
    </p>
   </div>
   <div class='ocr_carea' id='block_1_91' title="bbox 2050 3795 3696 3878">
    <p class='ocr_par' dir='ltr' id='par_1_91' title="bbox 2050 3795 3696 3878">
     <span class='ocr_line' id='line_1_92' title="bbox 2050 3795 3696 3878; baseline -0.007 -18"><span class='ocrx_word' id='word_1_708' title='bbox 2050 3806 2175 3878; x_wconf 89' lang='lat' dir='ltr'><strong>giat</strong></span> <span class='ocrx_word' id='word_1_709' title='bbox 2220 3803 2695 3877; x_wconf 83' lang='lat' dir='ltr'><strong>intelligentiam.</strong></span> <span class='ocrx_word' id='word_1_710' title='bbox 2727 3801 2887 3865; x_wconf 87' lang='lat' dir='ltr'><strong>Quod</strong></span> <span class='ocrx_word' id='word_1_711' title='bbox 2931 3804 3124 3855; x_wconf 90' lang='lat' dir='ltr'><strong>autem</strong></span> <span class='ocrx_word' id='word_1_712' title='bbox 3157 3814 3357 3854; x_wconf 84' lang='lat' dir='ltr'><strong>revera</strong></span> <span class='ocrx_word' id='word_1_713' title='bbox 3402 3795 3696 3868; x_wconf 68' lang='lat' dir='ltr'><strong>presciat,</strong></span> 
     </span>
    </p>
   </div>
   <div class='ocr_carea' id='block_1_92' title="bbox 2050 3886 3696 3959">
    <p class='ocr_par' dir='ltr' id='par_1_92' title="bbox 2050 3886 3696 3959">
     <span class='ocr_line' id='line_1_93' title="bbox 2050 3886 3696 3959; baseline -0.007 -9"><span class='ocrx_word' id='word_1_714' title='bbox 2050 3895 2179 3951; x_wconf 88' lang='lat' dir='ltr'><strong>ideo</strong></span> <span class='ocrx_word' id='word_1_715' title='bbox 2208 3895 2351 3950; x_wconf 88' lang='lat' dir='ltr'><strong>dicit</strong></span> <span class='ocrx_word' id='word_1_716' title='bbox 2379 3893 2705 3949; x_wconf 87' lang='lat' dir='ltr'><strong>Abrahamo</strong></span> <span class='ocrx_word' id='word_1_717' title='bbox 2723 3908 2735 3945; x_wconf 91' lang='lat'><strong>:</strong></span> <span class='ocrx_word' id='word_1_718' title='bbox 2756 3890 2985 3946; x_wconf 79' lang='lat' dir='ltr'><strong>Seiendo</strong></span> <span class='ocrx_word' id='word_1_719' title='bbox 3014 3886 3314 3959; x_wconf 84' lang='lat' dir='ltr'><strong>scies,quod</strong></span> <span class='ocrx_word' id='word_1_720' title='bbox 3339 3886 3696 3958; x_wconf 83' lang='lat' dir='ltr'><strong>peregrinum</strong></span> 
     </span>
    </p>
   </div>
   <div class='ocr_carea' id='block_1_93' title="bbox 2048 3973 3696 4041">
    <p class='ocr_par' dir='ltr' id='par_1_93' title="bbox 2048 3973 3696 4041">
     <span class='ocr_line' id='line_1_94' title="bbox 2048 3973 3696 4041; baseline -0.008 0"><span class='ocrx_word' id='word_1_721' title='bbox 2048 3985 2160 4041; x_wconf 87' lang='lat' dir='ltr'><strong>erit</strong></span> <span class='ocrx_word' id='word_1_722' title='bbox 2185 3999 2368 4039; x_wconf 80' lang='lat' dir='ltr'><strong>semen</strong></span> <span class='ocrx_word' id='word_1_723' title='bbox 2410 3990 2567 4037; x_wconf 84' lang='lat' dir='ltr'><strong>tuum</strong></span> <span class='ocrx_word' id='word_1_724' title='bbox 2596 3982 2655 4036; x_wconf 83' lang='lat' dir='ltr'><strong>in</strong></span> <span class='ocrx_word' id='word_1_725' title='bbox 2704 3983 2849 4034; x_wconf 87' lang='lat' dir='ltr'><strong>terra</strong></span> <span class='ocrx_word' id='word_1_726' title='bbox 2876 3994 2984 4033; x_wconf 80' lang='lat' dir='ltr'><strong>non</strong></span> <span class='ocrx_word' id='word_1_727' title='bbox 3014 3993 3161 4040; x_wconf 85' lang='lat' dir='ltr'><strong>sua;</strong></span> <span class='ocrx_word' id='word_1_728' title='bbox 3189 3979 3239 4031; x_wconf 88' lang='lat' dir='ltr'><strong>et</strong></span> <span class='ocrx_word' id='word_1_729' title='bbox 3269 3976 3333 4030; x_wconf 81' lang='lat' dir='ltr'><strong>in</strong></span> <span class='ocrx_word' id='word_1_730' title='bbox 3377 3973 3696 4029; x_wconf 83' lang='lat' dir='ltr'><strong>servitutem</strong></span> 
     </span>
    </p>
   </div>
   <div class='ocr_carea' id='block_1_94' title="bbox 2052 4062 3697 4143">
    <p class='ocr_par' dir='ltr' id='par_1_94' title="bbox 2052 4062 3697 4143">
     <span class='ocr_line' id='line_1_95' title="bbox 2052 4062 3697 4143; baseline -0.009 -15"><span class='ocrx_word' id='word_1_731' title='bbox 2052 4073 2295 4143; x_wconf 83' lang='lat' dir='ltr'><strong>redigent</strong></span> <span class='ocrx_word' id='word_1_732' title='bbox 2324 4071 2489 4137; x_wconf 81' lang='lat' dir='ltr'><strong>illud,</strong></span> <span class='ocrx_word' id='word_1_733' title='bbox 2518 4079 2573 4126; x_wconf 87' lang='lat' dir='ltr'><strong>et</strong></span> <span class='ocrx_word' id='word_1_734' title='bbox 2599 4070 2872 4140; x_wconf 80' lang='lat' dir='ltr'><strong>afﬂigent,</strong></span> <span class='ocrx_word' id='word_1_735' title='bbox 2899 4071 2950 4122; x_wconf 89' lang='lat' dir='ltr'><strong>et</strong></span> <span class='ocrx_word' id='word_1_736' title='bbox 2978 4066 3287 4137; x_wconf 84' lang='lat' dir='ltr'><strong>depriment</strong></span> <span class='ocrx_word' id='word_1_737' title='bbox 3313 4078 3399 4118; x_wconf 83' lang='lat' dir='ltr'><strong>eos</strong></span> <span class='ocrx_word' id='word_1_738' title='bbox 3428 4062 3697 4134; x_wconf 70' lang='lat' dir='ltr'><strong>quadrin-</strong></span> 
     </span>
    </p>
   </div>
   <div class='ocr_carea' id='block_1_95' title="bbox 2047 4150 3691 4233">
    <p class='ocr_par' dir='ltr' id='par_1_95' title="bbox 2047 4150 3691 4233">
     <span class='ocr_line' id='line_1_96' title="bbox 2047 4150 3691 4233; baseline -0.008 -15"><span class='ocrx_word' id='word_1_739' title='bbox 2047 4163 2227 4233; x_wconf 77' lang='lat' dir='ltr'><strong>gentis</strong></span> <span class='ocrx_word' id='word_1_740' title='bbox 2256 4161 2420 4216; x_wconf 83' lang='lat' dir='ltr'><strong>anm’s</strong></span> <span class='ocrx_word' id='word_1_741' title='bbox 2449 4178 2468 4214; x_wconf 92' lang='lat'><strong><em>:</em></strong></span> <span class='ocrx_word' id='word_1_742' title='bbox 2497 4167 2712 4230; x_wconf 84' lang='lat' dir='ltr'><strong>gentem</strong></span> <span class='ocrx_word' id='word_1_743' title='bbox 2763 4165 2945 4212; x_wconf 89' lang='lat' dir='ltr'><strong>autem</strong></span> <span class='ocrx_word' id='word_1_744' title='bbox 2973 4156 3068 4210; x_wconf 85' lang='lat' dir='ltr'><strong>cui</strong></span> <span class='ocrx_word' id='word_1_745' title='bbox 3105 4155 3363 4219; x_wconf 81' lang='lat' dir='ltr'><strong>servient,</strong></span> <span class='ocrx_word' id='word_1_746' title='bbox 3406 4167 3500 4222; x_wconf 88' lang='lat' dir='ltr'><strong>ego</strong></span> <span class='ocrx_word' id='word_1_747' title='bbox 3536 4150 3691 4224; x_wconf 84' lang='lat' dir='ltr'><strong>judi-</strong></span> 
     </span>
    </p>
   </div>
   <div class='ocr_carea' id='block_1_96' title="bbox 2050 4242 3698 4321">
    <p class='ocr_par' dir='ltr' id='par_1_96' title="bbox 2050 4242 3698 4321">
     <span class='ocr_line' id='line_1_97' title="bbox 2050 4242 3698 4321; baseline -0.007 -14"><span class='ocrx_word' id='word_1_748' title='bbox 2050 4251 2208 4307; x_wconf 77' lang='lat' dir='ltr'><strong>uabo:</strong></span> <span class='ocrx_word' id='word_1_749' title='bbox 2223 4257 2340 4321; x_wconf 85' lang='lat' dir='ltr'><strong>post</strong></span> <span class='ocrx_word' id='word_1_750' title='bbox 2371 4250 2487 4306; x_wconf 53' lang='lat' dir='ltr'><strong>hmo</strong></span> <span class='ocrx_word' id='word_1_751' title='bbox 2513 4264 2638 4304; x_wconf 83' lang='lat' dir='ltr'><strong>vero</strong></span> <span class='ocrx_word' id='word_1_752' title='bbox 2668 4247 2902 4303; x_wconf 74' lang='lat' dir='ltr'><strong>exibunt</strong></span> <span class='ocrx_word' id='word_1_753' title='bbox 2924 4244 3029 4299; x_wconf 85' lang='lat' dir='ltr'><strong>huc</strong></span> <span class='ocrx_word' id='word_1_754' title='bbox 3055 4260 3178 4299; x_wconf 86' lang='lat' dir='ltr'><strong>cum</strong></span> <span class='ocrx_word' id='word_1_755' title='bbox 3206 4242 3379 4297; x_wconf 85' lang='lat' dir='ltr'><strong>multo</strong></span> <span class='ocrx_word' id='word_1_756' title='bbox 3396 4244 3698 4314; x_wconf 83' lang='lat' dir='ltr'><strong>apparatu:</strong></span> 
     </span>
    </p>
   </div>
   <div class='ocr_carea' id='block_1_97' title="bbox 2048 4331 3700 4408">
    <p class='ocr_par' dir='ltr' id='par_1_97' title="bbox 2048 4331 3700 4408">
     <span class='ocr_line' id='line_1_98' title="bbox 2048 4331 3700 4408; baseline -0.007 -13"><span class='ocrx_word' id='word_1_757' title='bbox 2048 4345 2114 4395; x_wconf 83' lang='lat' dir='ltr'><strong>tu</strong></span> <span class='ocrx_word' id='word_1_758' title='bbox 2137 4347 2322 4394; x_wconf 86' lang='lat' dir='ltr'><strong>autem</strong></span> <span class='ocrx_word' id='word_1_759' title='bbox 2350 4338 2529 4393; x_wconf 84' lang='lat' dir='ltr'><strong>abibis</strong></span> <span class='ocrx_word' id='word_1_760' title='bbox 2560 4336 2630 4392; x_wconf 84' lang='lat' dir='ltr'><strong>ad</strong></span> <span class='ocrx_word' id='word_1_761' title='bbox 2657 4344 2841 4408; x_wconf 85' lang='lat' dir='ltr'><strong>patres</strong></span> <span class='ocrx_word' id='word_1_762' title='bbox 2872 4344 2993 4390; x_wconf 84' lang='lat' dir='ltr'><strong>tuos</strong></span> <span class='ocrx_word' id='word_1_763' title='bbox 3023 4349 3149 4388; x_wconf 88' lang='lat' dir='ltr'><strong>cum</strong></span> <span class='ocrx_word' id='word_1_764' title='bbox 3179 4348 3333 4403; x_wconf 84' lang='lat' dir='ltr'><strong>pace,</strong></span> <span class='ocrx_word' id='word_1_765' title='bbox 3365 4332 3609 4386; x_wconf 83' lang='lat' dir='ltr'><strong>nutritus</strong></span> <span class='ocrx_word' id='word_1_766' title='bbox 3637 4331 3700 4384; x_wconf 86' lang='lat' dir='ltr'><strong>in</strong></span> 
     </span>
    </p>
   </div>
   <div class='ocr_carea' id='block_1_98' title="bbox 2049 4421 3702 4497">
    <p class='ocr_par' dir='ltr' id='par_1_98' title="bbox 2049 4421 3702 4497">
     <span class='ocr_line' id='line_1_99' title="bbox 2049 4421 3702 4497; baseline -0.007 -14"><span class='ocrx_word' id='word_1_767' title='bbox 2049 4436 2329 4484; x_wconf 78' lang='lat' dir='ltr'><strong>senectute</strong></span> <span class='ocrx_word' id='word_1_768' title='bbox 2359 4427 2505 4481; x_wconf 81' lang='lat' dir='ltr'><strong>bona.</strong></span> <span class='ocrx_word' id='word_1_769' title='bbox 2533 4444 2552 4480; x_wconf 92' lang='grc'>.·</span> <span class='ocrx_word' id='word_1_770' title='bbox 2583 4433 2782 4497; x_wconf 82' lang='lat' dir='ltr'><strong>quarta</strong></span> <span class='ocrx_word' id='word_1_771' title='bbox 2813 4439 2936 4479; x_wconf 86' lang='lat' dir='ltr'><strong>vero</strong></span> <span class='ocrx_word' id='word_1_772' title='bbox 2964 4426 3318 4493; x_wconf 78' lang='lat' dir='ltr'><strong>generatione</strong></span> <span class='ocrx_word' id='word_1_773' title='bbox 3356 4421 3702 4474; x_wconf 77' lang='lat' dir='ltr'><strong>revertentur</strong></span> 
     </span>
    </p>
   </div>
   <div class='ocr_carea' id='block_1_99' title="bbox 2053 4507 3700 4585">
    <p class='ocr_par' dir='ltr' id='par_1_99' title="bbox 2053 4507 3700 4585">
     <span class='ocr_line' id='line_1_100' title="bbox 2053 4507 3700 4585; baseline -0.007 -12"><span class='ocrx_word' id='word_1_774' title='bbox 2053 4517 2158 4572; x_wconf 84' lang='lat' dir='ltr'><strong>huc</strong></span> <span class='ocrx_word' id='word_1_775' title='bbox 2186 4519 2250 4572; x_wconf 80' lang='grc' dir='ltr'><strong>³ο.</strong></span> <span class='ocrx_word' id='word_1_776' title='bbox 2288 4518 2354 4571; x_wconf 86' lang='lat' dir='ltr'><strong>Et</strong></span> <span class='ocrx_word' id='word_1_777' title='bbox 2403 4534 2544 4571; x_wconf 87' lang='lat' dir='ltr'><strong>sane</strong></span> <span class='ocrx_word' id='word_1_778' title='bbox 2573 4516 2686 4569; x_wconf 89' lang='lat' dir='ltr'><strong>ista</strong></span> <span class='ocrx_word' id='word_1_779' title='bbox 2715 4531 2840 4585; x_wconf 67' lang='lat' dir='ltr'><strong>quae</strong></span> <span class='ocrx_word' id='word_1_780' title='bbox 2873 4516 3005 4584; x_wconf 89' lang='lat' dir='ltr'><strong>post</strong></span> <span class='ocrx_word' id='word_1_781' title='bbox 3038 4510 3255 4566; x_wconf 88' lang='lat' dir='ltr'><strong>multas</strong></span> <span class='ocrx_word' id='word_1_782' title='bbox 3295 4507 3700 4582; x_wconf 84' lang='lat' dir='ltr'><strong>generationes</strong></span> 
     </span>
    </p>
   </div>
   <div class='ocr_carea' id='block_1_100' title="bbox 2014 4601 3696 4672">
    <p class='ocr_par' dir='ltr' id='par_1_100' title="bbox 2014 4601 3696 4672">
     <span class='ocr_line' id='line_1_101' title="bbox 2014 4601 3696 4672; baseline -0.007 -11"><span class='ocrx_word' id='word_1_783' title='bbox 2014 4630 2017 4633; x_wconf 53' lang='grc' dir='ltr'><strong>π</strong></span> <span class='ocrx_word' id='word_1_784' title='bbox 2052 4611 2327 4671; x_wconf 83' lang='lat' dir='ltr'><strong>eventura</strong></span> <span class='ocrx_word' id='word_1_785' title='bbox 2355 4610 2541 4670; x_wconf 83' lang='lat' dir='ltr'><strong>erant,</strong></span> <span class='ocrx_word' id='word_1_786' title='bbox 2574 4604 2891 4659; x_wconf 88' lang='lat' dir='ltr'><strong>ostendunt</strong></span> <span class='ocrx_word' id='word_1_787' title='bbox 2921 4601 3076 4672; x_wconf 90' lang='lat' dir='ltr'><strong>quod</strong></span> <span class='ocrx_word' id='word_1_788' title='bbox 3110 4601 3453 4671; x_wconf 70' lang='lat' dir='ltr'><strong>praznoscat,</strong></span> <span class='ocrx_word' id='word_1_789' title='bbox 3487 4601 3545 4651; x_wconf 91' lang='lat' dir='ltr'><strong>et</strong></span> <span class='ocrx_word' id='word_1_790' title='bbox 3572 4612 3696 4650; x_wconf 84' lang='lat' dir='ltr'><strong>ma—</strong></span> 
     </span>
    </p>
   </div>
   <div class='ocr_carea' id='block_1_101' title="bbox 1974 4690 3076 4774">
    <p class='ocr_par' dir='ltr' id='par_1_101' title="bbox 1974 4690 3076 4774">
     <span class='ocr_line' id='line_1_102' title="bbox 1974 4690 3076 4774; baseline -0.007 -24"><span class='ocrx_word' id='word_1_791' title='bbox 1974 4710 2020 4774; x_wconf 81' lang='lat' dir='ltr'><strong>D</strong></span> <span class='ocrx_word' id='word_1_792' title='bbox 2050 4695 2432 4751; x_wconf 87' lang='lat' dir='ltr'><strong>nifestissime</strong></span> <span class='ocrx_word' id='word_1_793' title='bbox 2461 4710 2527 4749; x_wconf 91' lang='lat' dir='ltr'><strong>ac</strong></span> <span class='ocrx_word' id='word_1_794' title='bbox 2560 4692 2883 4748; x_wconf 88' lang='lat' dir='ltr'><strong>certissime</strong></span> <span class='ocrx_word' id='word_1_795' title='bbox 2912 4690 3076 4745; x_wconf 89' lang='lat' dir='ltr'><strong>sciat.</strong></span> 
     </span>
    </p>
   </div>
   <div class='ocr_carea' id='block_1_102' title="bbox 2121 4773 3695 4853">
    <p class='ocr_par' dir='ltr' id='par_1_102' title="bbox 2121 4773 3695 4853">
     <span class='ocr_line' id='line_1_103' title="bbox 2121 4773 3695 4853; baseline -0.008 -15"><span class='ocrx_word' id='word_1_796' title='bbox 2121 4784 2291 4840; x_wconf 83' lang='lat' dir='ltr'><strong>XLII.</strong></span> <span class='ocrx_word' id='word_1_797' title='bbox 2323 4783 2369 4819; x_wconf 77' lang='grc'>⁸⁸</span> <span class='ocrx_word' id='word_1_798' title='bbox 2398 4783 2599 4853; x_wconf 89' lang='lat' dir='ltr'><strong>Itaque</strong></span> <span class='ocrx_word' id='word_1_799' title='bbox 2645 4781 2718 4836; x_wconf 92' lang='lat' dir='ltr'><strong>de</strong></span> <span class='ocrx_word' id='word_1_800' title='bbox 2750 4778 2877 4836; x_wconf 88' lang='lat' dir='ltr'><strong>istis</strong></span> <span class='ocrx_word' id='word_1_801' title='bbox 2909 4778 3085 4835; x_wconf 88' lang='lat' dir='ltr'><strong>rebus</strong></span> <span class='ocrx_word' id='word_1_802' title='bbox 3128 4773 3429 4847; x_wconf 84' lang='lat' dir='ltr'><strong>inquisitio</strong></span> <span class='ocrx_word' id='word_1_803' title='bbox 3460 4773 3532 4828; x_wconf 93' lang='lat' dir='ltr'><strong>ad</strong></span> <span class='ocrx_word' id='word_1_804' title='bbox 3582 4775 3695 4827; x_wconf 90' lang='lat' dir='ltr'><strong>ter-</strong></span> 
     </span>
    </p>
   </div>
   <div class='ocr_carea' id='block_1_103' title="bbox 2049 4858 3692 4944">
    <p class='ocr_par' dir='ltr' id='par_1_103' title="bbox 2049 4858 3692 4944">
     <span class='ocr_line' id='line_1_104' title="bbox 2049 4858 3692 4944; baseline -0.01 -15"><span class='ocrx_word' id='word_1_805' title='bbox 2049 4873 2200 4929; x_wconf 86' lang='lat' dir='ltr'><strong>tium</strong></span> <span class='ocrx_word' id='word_1_806' title='bbox 2231 4887 2465 4944; x_wconf 90' lang='lat' dir='ltr'><strong>quoque</strong></span> <span class='ocrx_word' id='word_1_807' title='bbox 2495 4870 2649 4925; x_wconf 89' lang='lat' dir='ltr'><strong>diem</strong></span> <span class='ocrx_word' id='word_1_808' title='bbox 2672 4868 2953 4941; x_wconf 88' lang='lat' dir='ltr'><strong>producta</strong></span> <span class='ocrx_word' id='word_1_809' title='bbox 2980 4867 3307 4929; x_wconf 87' lang='lat' dir='ltr'><strong>est.Quarto</strong></span> <span class='ocrx_word' id='word_1_810' title='bbox 3338 4865 3534 4917; x_wconf 87' lang='lat' dir='ltr'><strong>autem</strong></span> <span class='ocrx_word' id='word_1_811' title='bbox 3558 4858 3692 4915; x_wconf 87' lang='lat' dir='ltr'><strong>illu-</strong></span> 
     </span>
    </p>
   </div>
   <div class='ocr_carea' id='block_1_104' title="bbox 2050 4949 3694 5029">
    <p class='ocr_par' dir='ltr' id='par_1_104' title="bbox 2050 4949 3694 5029">
     <span class='ocr_line' id='line_1_105' title="bbox 2050 4949 3694 5029; baseline -0.008 -12"><span class='ocrx_word' id='word_1_812' title='bbox 2050 4964 2336 5027; x_wconf 86' lang='lat' dir='ltr'><strong>cescente,</strong></span> <span class='ocrx_word' id='word_1_813' title='bbox 2368 4960 2569 5015; x_wconf 91' lang='lat' dir='ltr'><strong>Simon</strong></span> <span class='ocrx_word' id='word_1_814' title='bbox 2618 4958 2678 5012; x_wconf 90' lang='lat' dir='ltr'><strong>in</strong></span> <span class='ocrx_word' id='word_1_815' title='bbox 2709 4958 2923 5029; x_wconf 84' lang='lat' dir='ltr'><strong>Tyrum</strong></span> <span class='ocrx_word' id='word_1_816' title='bbox 2972 4953 3112 5026; x_wconf 84' lang='lat' dir='ltr'><strong>fuga</strong></span> <span class='ocrx_word' id='word_1_817' title='bbox 3158 4968 3221 5009; x_wconf 91' lang='lat' dir='ltr'><strong>se</strong></span> <span class='ocrx_word' id='word_1_818' title='bbox 3268 4950 3546 5022; x_wconf 86' lang='lat' dir='ltr'><strong>abripuit.</strong></span> <span class='ocrx_word' id='word_1_819' title='bbox 3576 4949 3694 5004; x_wconf 88' lang='lat' dir='ltr'><strong>Nec</strong></span> 
     </span>
    </p>
   </div>
   <div class='ocr_carea' id='block_1_105' title="bbox 2052 5038 3692 5120">
    <p class='ocr_par' dir='ltr' id='par_1_105' title="bbox 2052 5038 3692 5120">
     <span class='ocr_line' id='line_1_106' title="bbox 2052 5038 3692 5120; baseline -0.009 -15"><span class='ocrx_word' id='word_1_820' title='bbox 2052 5048 2250 5105; x_wconf 76' lang='lat' dir='ltr'><strong>multis</strong></span> <span class='ocrx_word' id='word_1_821' title='bbox 2282 5053 2414 5120; x_wconf 89' lang='lat' dir='ltr'><strong>post</strong></span> <span class='ocrx_word' id='word_1_822' title='bbox 2443 5048 2653 5103; x_wconf 88' lang='lat' dir='ltr'><strong>diebus</strong></span> <span class='ocrx_word' id='word_1_823' title='bbox 2683 5045 2924 5117; x_wconf 88' lang='lat' dir='ltr'><strong>quidam</strong></span> <span class='ocrx_word' id='word_1_824' title='bbox 2955 5043 3116 5098; x_wconf 90' lang='lat' dir='ltr'><strong>illinc</strong></span> <span class='ocrx_word' id='word_1_825' title='bbox 3146 5043 3452 5105; x_wconf 86' lang='lat' dir='ltr'><strong>venerunt,</strong></span> <span class='ocrx_word' id='word_1_826' title='bbox 3484 5038 3564 5093; x_wconf 90' lang='lat' dir='ltr'><strong>ita</strong></span> <span class='ocrx_word' id='word_1_827' title='bbox 3603 5052 3692 5093; x_wconf 90' lang='lat' dir='ltr'><strong>re-</strong></span> 
     </span>
    </p>
   </div>
   <div class='ocr_carea' id='block_1_106' title="bbox 2053 5126 3696 5203">
    <p class='ocr_par' dir='ltr' id='par_1_106' title="bbox 2053 5126 3696 5203">
     <span class='ocr_line' id='line_1_107' title="bbox 2053 5126 3696 5203; baseline -0.009 -10"><span class='ocrx_word' id='word_1_828' title='bbox 2053 5137 2394 5193; x_wconf 88' lang='lat' dir='ltr'><strong>nuntiantes</strong></span> <span class='ocrx_word' id='word_1_829' title='bbox 2424 5140 2592 5191; x_wconf 87' lang='lat' dir='ltr'><strong>Petro</strong></span> <span class='ocrx_word' id='word_1_830' title='bbox 2627 5151 2641 5189; x_wconf 90' lang='lat'><strong>:</strong></span> <span class='ocrx_word' id='word_1_831' title='bbox 2674 5135 2898 5198; x_wconf 74' lang='lat' dir='ltr'><strong>Simon.</strong></span> <span class='ocrx_word' id='word_1_832' title='bbox 2932 5146 3177 5203; x_wconf 82' lang='lat' dir='ltr'><strong>magnas</strong></span> <span class='ocrx_word' id='word_1_833' title='bbox 3206 5126 3532 5202; x_wconf 66' lang='lat' dir='ltr'><strong>praestigias</strong></span> <span class='ocrx_word' id='word_1_834' title='bbox 3562 5126 3696 5200; x_wconf 84' lang='lat' dir='ltr'><strong>Tyri</strong></span> 
     </span>
    </p>
   </div>
   <div class='ocr_carea' id='block_1_107' title="bbox 2052 5214 3698 5298">
    <p class='ocr_par' dir='ltr' id='par_1_107' title="bbox 2052 5214 3698 5298">
     <span class='ocr_line' id='line_1_108' title="bbox 2052 5214 3698 5298; baseline -0.008 -15"><span class='ocrx_word' id='word_1_835' title='bbox 2052 5224 2523 5298; x_wconf 88' lang='lat' dir='ltr'><strong>edendo,multos</strong></span> <span class='ocrx_word' id='word_1_836' title='bbox 2552 5222 2877 5279; x_wconf 87' lang='lat' dir='ltr'><strong>incolarum</strong></span> <span class='ocrx_word' id='word_1_837' title='bbox 2908 5218 3194 5293; x_wconf 90' lang='lat' dir='ltr'><strong>perculit;</strong></span> <span class='ocrx_word' id='word_1_838' title='bbox 3224 5224 3397 5288; x_wconf 86' lang='lat' dir='ltr'><strong>teque</strong></span> <span class='ocrx_word' id='word_1_839' title='bbox 3427 5214 3698 5288; x_wconf 88' lang='lat' dir='ltr'><strong>pluribus</strong></span> 
     </span>
    </p>
   </div>
   <div class='ocr_carea' id='block_1_108' title="bbox 358 5335 2072 5418">
    <p class='ocr_par' dir='ltr' id='par_1_108' title="bbox 358 5335 2072 5418">
     <span class='ocr_line' id='line_1_109' title="bbox 358 5335 2072 5418; baseline 0.001 -20"><span class='ocrx_word' id='word_1_840' title='bbox 358 5342 444 5415; x_wconf 82' lang='grc' dir='ltr'><strong>(α)</strong></span> <span class='ocrx_word' id='word_1_841' title='bbox 469 5341 705 5399; x_wconf 77' lang='lat' dir='ltr'><strong>Mallem</strong></span> <span class='ocrx_word' id='word_1_842' title='bbox 734 5340 926 5415; x_wconf 84' lang='lat' dir='ltr'><strong>legere</strong></span> <span class='ocrx_word' id='word_1_843' title='bbox 951 5335 1164 5418; x_wconf 66' lang='grc' dir='ltr'>ἔλεγον,</span> <span class='ocrx_word' id='word_1_844' title='bbox 1195 5340 1422 5411; x_wconf 87' lang='lat' dir='ltr'><strong>Latine,</strong></span> <span class='ocrx_word' id='word_1_845' title='bbox 1453 5341 1595 5398; x_wconf 74' lang='lat' dir='ltr'><strong>dixi.</strong></span> <span class='ocrx_word' id='word_1_846' title='bbox 1628 5344 1787 5400; x_wconf 78' lang='lat' dir='ltr'><strong>Enrr.</strong></span> <span class='ocrx_word' id='word_1_847' title='bbox 1828 5343 2072 5400; x_wconf 65' lang='lat' dir='ltr'><strong>Parnon.</strong></span> 
     </span>
    </p>
   </div>
   <div class='ocr_carea' id='block_1_109' title="bbox 1648 5467 2342 5524">
    <p class='ocr_par' dir='ltr' id='par_1_109' title="bbox 1648 5467 2342 5524">
     <span class='ocr_line' id='line_1_110' title="bbox 1648 5467 2342 5524; baseline -0.003 0"><span class='ocrx_word' id='word_1_848' title='bbox 1648 5468 1884 5524; x_wconf 79' lang='lat' dir='ltr'><strong>VARle</strong></span> <span class='ocrx_word' id='word_1_849' title='bbox 1924 5467 2342 5524; x_wconf 88' lang='lat' dir='ltr'><strong>LECTIONES.</strong></span> 
     </span>
    </p>
   </div>
   <div class='ocr_carea' id='block_1_110' title="bbox 360 5557 3693 5638">
    <p class='ocr_par' dir='ltr' id='par_1_110' title="bbox 360 5557 3693 5638">
     <span class='ocr_line' id='line_1_111' title="bbox 360 5557 3693 5638; baseline -0.003 -16"><span class='ocrx_word' id='word_1_850' title='bbox 360 5568 409 5603; x_wconf 81' lang='grc'><strong>²²</strong></span> <span class='ocrx_word' id='word_1_851' title='bbox 467 5564 546 5622; x_wconf 80' lang='lat' dir='ltr'><strong>al.</strong></span> <span class='ocrx_word' id='word_1_852' title='bbox 600 5565 947 5638; x_wconf 84' lang='grc' dir='ltr'>ζητήσωμεν.</span> <span class='ocrx_word' id='word_1_853' title='bbox 1006 5566 1053 5600; x_wconf 83' lang='grc'><strong>²²</strong></span> <span class='ocrx_word' id='word_1_854' title='bbox 1108 5565 1183 5620; x_wconf 78' lang='lat' dir='ltr'><strong>al.</strong></span> <span class='ocrx_word' id='word_1_855' title='bbox 1242 5566 1377 5621; x_wconf 84' lang='lat' dir='ltr'><strong>add.</strong></span> <span class='ocrx_word' id='word_1_856' title='bbox 1439 5563 1738 5638; x_wconf 88' lang='grc' dir='ltr'>ἀντιλέγειν</span> <span class='ocrx_word' id='word_1_857' title='bbox 1796 5586 1891 5619; x_wconf 85' lang='grc' dir='ltr'><strong>σου</strong></span> <span class='ocrx_word' id='word_1_858' title='bbox 1946 5568 2015 5637; x_wconf 76' lang='grc' dir='ltr'>τῇ</span> <span class='ocrx_word' id='word_1_859' title='bbox 2075 5562 2281 5634; x_wconf 77' lang='grc' dir='ltr'>ἀταξίᾳ,</span> <span class='ocrx_word' id='word_1_860' title='bbox 2345 5562 2420 5635; x_wconf 81' lang='grc' dir='ltr'>μὴ</span> <span class='ocrx_word' id='word_1_861' title='bbox 2469 5560 2641 5638; x_wconf 75' lang='grc' dir='ltr'>θέλων</span> <span class='ocrx_word' id='word_1_862' title='bbox 2704 5561 3010 5638; x_wconf 38' lang='grc' dir='ltr'><strong>ζητεῖνεβὅ</strong></span> <span class='ocrx_word' id='word_1_863' title='bbox 3050 5559 3322 5638; x_wconf 79' lang='lat' dir='ltr'><strong>_Ctement_.</strong></span> <span class='ocrx_word' id='word_1_864' title='bbox 3372 5557 3693 5638; x_wconf 50' lang='lat' dir='ltr'><strong>330m._m,</strong></span> 
     </span>
    </p>
   </div>
   <div class='ocr_carea' id='block_1_111' title="bbox 282 5638 2306 5706">
    <p class='ocr_par' dir='ltr' id='par_1_111' title="bbox 282 5638 2306 5706">
     <span class='ocr_line' id='line_1_112' title="bbox 282 5638 2306 5706; baseline -0.003 -11"><span class='ocrx_word' id='word_1_865' title='bbox 282 5655 338 5695; x_wconf 84' lang='grc' dir='ltr'><strong>ο.</strong></span> <span class='ocrx_word' id='word_1_866' title='bbox 369 5639 461 5703; x_wconf 75' lang='grc'><strong>42,</strong></span> <span class='ocrx_word' id='word_1_867' title='bbox 491 5642 603 5693; x_wconf 82' lang='lat' dir='ltr'><strong>etc.</strong></span> <span class='ocrx_word' id='word_1_868' title='bbox 661 5638 709 5673; x_wconf 68' lang='grc'><strong>³⁸</strong></span> <span class='ocrx_word' id='word_1_869' title='bbox 762 5638 904 5694; x_wconf 88' lang='lat' dir='ltr'><strong>Gen.</strong></span> <span class='ocrx_word' id='word_1_870' title='bbox 969 5654 1030 5705; x_wconf 78' lang='grc' dir='ltr'><strong>ιι,</strong></span> <span class='ocrx_word' id='word_1_871' title='bbox 1091 5638 1176 5692; x_wconf 86' lang='grc'><strong>17.</strong></span> <span class='ocrx_word' id='word_1_872' title='bbox 1236 5639 1282 5673; x_wconf 80' lang='grc'><strong>²⁶</strong></span> <span class='ocrx_word' id='word_1_873' title='bbox 1335 5638 1698 5706; x_wconf 23' lang='lat' dir='ltr'><strong>Gen.‘v1,6.</strong></span> <span class='ocrx_word' id='word_1_874' title='bbox 1756 5639 1798 5672; x_wconf 76' lang='grc'>²⁷</span> <span class='ocrx_word' id='word_1_875' title='bbox 1859 5638 1999 5693; x_wconf 88' lang='lat' dir='ltr'><strong>Gen.</strong></span> <span class='ocrx_word' id='word_1_876' title='bbox 2061 5652 2200 5706; x_wconf 63' lang='grc' dir='ltr'>χχιι,</span> <span class='ocrx_word' id='word_1_877' title='bbox 2258 5638 2306 5690; x_wconf 94' lang='grc'><strong>1.</strong></span> 
     </span>
    </p>
   </div>
   <div class='ocr_carea' id='block_1_112' title="bbox 2366 5624 3698 5702">
    <p class='ocr_par' dir='ltr' id='par_1_112' title="bbox 2366 5624 3698 5702">
     <span class='ocr_line' id='line_1_113' title="bbox 2366 5624 3698 5702; baseline -0.003 -14"><span class='ocrx_word' id='word_1_878' title='bbox 2366 5624 2420 5669; x_wconf 39' lang='grc'><strong>³⁸-</strong></span> <span class='ocrx_word' id='word_1_879' title='bbox 2466 5636 2606 5689; x_wconf 87' lang='lat' dir='ltr'><strong>Gen.</strong></span> <span class='ocrx_word' id='word_1_880' title='bbox 2659 5624 2830 5701; x_wconf 55' lang='grc' dir='ltr'>Χνίι,</span> <span class='ocrx_word' id='word_1_881' title='bbox 2896 5633 2988 5688; x_wconf 83' lang='grc'>21.</span> <span class='ocrx_word' id='word_1_882' title='bbox 3047 5633 3092 5674; x_wconf 65' lang='grc'><strong>29</strong></span> <span class='ocrx_word' id='word_1_883' title='bbox 3150 5630 3225 5685; x_wconf 90' lang='lat' dir='ltr'><strong>al.</strong></span> <span class='ocrx_word' id='word_1_884' title='bbox 3287 5624 3698 5702; x_wconf 44' lang='lat' dir='ltr'><strong>aggluwniavf</strong></span> 
     </span>
    </p>
   </div>
   <div class='ocr_carea' id='block_1_113' title="bbox 283 5699 3685 5783">
    <p class='ocr_par' dir='ltr' id='par_1_113' title="bbox 283 5699 3685 5783">
     <span class='ocr_line' id='line_1_114' title="bbox 283 5699 3685 5783; baseline -0.003 -17"><span class='ocrx_word' id='word_1_885' title='bbox 283 5710 333 5783; x_wconf 58' lang='grc' dir='ltr'>ξθ</span> <span class='ocrx_word' id='word_1_886' title='bbox 379 5699 677 5783; x_wconf 35' lang='lat' dir='ltr'><strong>GéqLXV,</strong></span> <span class='ocrx_word' id='word_1_887' title='bbox 732 5711 817 5765; x_wconf 90' lang='grc'><strong>13.</strong></span> <span class='ocrx_word' id='word_1_888' title='bbox 877 5710 922 5747; x_wconf 75' lang='grc'>³⁸</span> <span class='ocrx_word' id='word_1_889' title='bbox 991 5699 1067 5767; x_wconf 72' lang='lat' dir='ltr'><strong>al.</strong></span> <span class='ocrx_word' id='word_1_890' title='bbox 1118 5706 1206 5762; x_wconf 86' lang='grc' dir='ltr'><strong>καὶ</strong></span> <span class='ocrx_word' id='word_1_891' title='bbox 1256 5706 1324 5762; x_wconf 75' lang='grc' dir='ltr'><strong>τὰ</strong></span> <span class='ocrx_word' id='word_1_892' title='bbox 1380 5699 1657 5771; x_wconf 80' lang='grc' dir='ltr'>πολλαῖς.</span> <span class='ocrx_word' id='word_1_893' title='bbox 1718 5710 1764 5745; x_wconf 82' lang='grc'><strong>³²</strong></span> <span class='ocrx_word' id='word_1_894' title='bbox 1822 5708 1896 5765; x_wconf 82' lang='lat' dir='ltr'><strong>a1.</strong></span> <span class='ocrx_word' id='word_1_895' title='bbox 1954 5711 2158 5783; x_wconf 88' lang='grc' dir='ltr'>γενεαῖς</span> <span class='ocrx_word' id='word_1_896' title='bbox 2185 5699 2203 5759; x_wconf 57' lang='grc'>⁷.</span> <span class='ocrx_word' id='word_1_897' title='bbox 2266 5708 2310 5742; x_wconf 80' lang='grc'><strong>³³</strong></span> <span class='ocrx_word' id='word_1_898' title='bbox 2354 5706 2611 5762; x_wconf 83' lang='lat' dir='ltr'><strong>Ctement.</strong></span> <span class='ocrx_word' id='word_1_899' title='bbox 2671 5699 2830 5760; x_wconf 51' lang='lat' dir='ltr'><strong>hom;</strong></span> <span class='ocrx_word' id='word_1_900' title='bbox 2882 5720 2992 5775; x_wconf 81' lang='lat'>111,</span> <span class='ocrx_word' id='word_1_901' title='bbox 3053 5720 3101 5760; x_wconf 88' lang='lat' dir='ltr'><strong>c.</strong></span> <span class='ocrx_word' id='word_1_902' title='bbox 3154 5703 3224 5757; x_wconf 86' lang='lat'><strong>58</strong></span> <span class='ocrx_word' id='word_1_903' title='bbox 3259 5747 3272 5773; x_wconf 88' lang='lat'><strong><em>,</em></strong></span> <span class='ocrx_word' id='word_1_904' title='bbox 3328 5699 3458 5758; x_wconf 81' lang='lat' dir='ltr'><strong>etc.</strong></span> <span class='ocrx_word' id='word_1_905' title='bbox 3516 5702 3563 5737; x_wconf 75' lang='grc'>³⁴</span> <span class='ocrx_word' id='word_1_906' title='bbox 3608 5699 3685 5756; x_wconf 87' lang='lat' dir='ltr'><strong>al.</strong></span> 
     </span>
    </p>
   </div>
   <div class='ocr_carea' id='block_1_114' title="bbox 284 5777 753 5859">
    <p class='ocr_par' dir='ltr' id='par_1_114' title="bbox 284 5777 753 5859">
     <span class='ocr_line' id='line_1_115' title="bbox 284 5777 753 5859; baseline 0.009 -24"><span class='ocrx_word' id='word_1_907' title='bbox 284 5777 753 5859; x_wconf 77' lang='grc' dir='ltr'>ἀπαγγέλλοντες.</span> 
     </span>
    </p>
   </div>
  </div>
