4140 6344
489 415 611 478 503

1309 417 1374 480 S.
1421 416 1867 479 CLEMENTIS
1913 415 1935 477 I
1985 415 2170 476 ROM.
2217 415 2445 477 PONT.
2493 415 2756 479 OPERA
2801 413 3068 480 DUBIA.

3764 407 3882 473 504

494 549 808 608 calumniis
839 551 1108 610 odiosum
1141 551 1346 608 effecit.
1381 552 1514 616 Quae
1564 555 1875 624 postquam
1911 548 2101 604 audivi

2247 545 2483 610 πολλαῖς
2514 545 2796 612 διαϐολαῖς
2833 549 3057 622 μισητὸν
3090 545 3328 618 ἐποίησε.
3377 546 3559 603 Ταῦτα
3603 539 3827 604 ἀκούσας
3858 539 3889 597 ὁ

494 641 719 707 Petrus,
754 640 1082 713 insequenti
1115 641 1466 707 nocte,omni
1497 640 1712 713 p0pulo
1745 642 2091 711 congregato
2118 656 2131 694 :

493 731 538 765 ³⁵
569 731 1074 802 Quandoquidem,
1107 730 1319 802 inquit,
1355 747 1485 786 cum
1527 747 1630 802 ego
1662 745 2031 802 properarem
2060 729 2130 782 ad

493 825 714 893 gentes,
749 837 874 892 quae
906 820 1122 875 multos
1153 821 1292 875 deos
1323 823 1615 889 asserunt,
1651 823 1714 872 ut
1757 817 2132 890 praedicarem

494 925 560 963 ac
590 909 854 964 docerem
909 925 1092 963 unum
1125 925 1251 965 esse
1305 909 1480 964 Deum
1514 908 1572 962 in
1623 907 1812 963 tribus
1843 905 2129 978 personis,

491 1001 808 1053 creatorem
840 997 964 1052 coeli
989 1002 1044 1052 et
1067 996 1639 1068 terrm,omninmque
1669 1013 1795 1067 quae
1816 996 1875 1050 in
1905 995 1977 1051 iis
1994 1011 2127 1050 con-

491 1085 772 1152 tinentur,
807 1102 921 1157 quo
952 1086 1240 1150 homines,
1273 1084 1482 1140 dilecto
1515 1089 1850 1156 eo,possent
1877 1083 2128 1139 salutem

489 1175 764 1246 consequi
793 1193 805 1241 ;
832 1175 1182 1247 praeveniens
1211 1174 1800 1243 diabolus,Simonem
1826 1171 2126 1244 praemisit,

490 1269 555 1319 ut
584 1265 961 1335 persuaderet
989 1263 1326 1319 hominibus
1355 1263 1602 1331 cunctis,
1635 1263 1819 1318 colere
1851 1263 1988 1318 deos
2028 1261 2128 1332 qui

488 1370 603 1409 non
635 1356 793 1424 sunt,
815 1357 994 1425 utque
1024 1357 1357 1408 recusarent
1385 1353 1615 1407 credere
1645 1353 1702 1406 in
1735 1369 1919 1406 unum
1945 1356 2125 1406 Deum

484 1441 589 1512 qui
625 1442 891 1498 universa
921 1441 1332 1508 condidit,tum
1356 1440 1760 1506 visibilia,tum
1789 1439 2122 1506 invisibilia;

488 1529 703 1584 idcirco
754 1534 979 1602 Oportet
1010 1547 1102 1584 me
1149 1529 1260 1584 cito
1294 1530 1528 1600 assequi
1559 1545 1713 1594 eum,
1746 1546 1816 1584 ne
1863 1528 2125 1584 doctrina

489 1618 998 1686 Simonis,diutius
1029 1618 1570 1684 immorata,omnes
1602 1619 1834 1690 penitus
1865 1618 2120 1674 invadat.

557 1707 750 1762 XLIII.
783 1708 970 1773 Quare
1018 1724 1254 1763 necesse
1285 1711 1372 1763 est
1400 1706 1612 1780 aliquis
1660 1723 1763 1779 pro
1796 1723 1886 1762 me
1930 1706 2123 1763 locum
2186 1778 2188 1780 ν

487 1811 682 1850 meum
707 1797 1187 1869 suppleat.Atque
1217 1797 1407 1852 cuncti
1427 1797 1608 1852 Deum
1629 1797 1845 1852 intente
1865 1813 2120 1862 oremus,

2244 634 2467 711 Πέτρος,
2492 641 2560 711 τῇ
2593 637 2816 712 ἐπιούσῃ
2844 637 2995 692 νυκτὶ
3025 637 3195 692 πάντα
3221 635 3312 689 τὸν
3346 631 3477 688 λαὸν
3510 628 3882 707 συναθροίσας

2244 722 2486 797 Ἐπειδὴ,
2518 727 2701 803 φησὶν,
2747 726 3031 802 ὁρμῶντός
3086 747 3190 798 μου
3242 725 3319 786 εἰς
3365 723 3432 777 τά
3478 720 3601 792 ἔθνη
3654 721 3723 774 τὰ
3750 717 3890 774 πολ-

2242 811 2374 876 λοὺς
2405 815 2555 877 θεοὺς
2585 813 2832 892 λέγοντα,
2879 815 3105 892 κηρύξαι
3152 815 3243 869 καὶ
3284 810 3490 883 διδάξαι
3538 810 3622 865 ὅτι
3669 810 3745 870 εἷς
3776 805 3887 863 ἔστι

2240 903 2367 965 Θεὸς
2425 903 2474 960 ἐν
2531 904 2702 980 τρισίν
2766 906 3136 976 ὑποστάσεσιν,
3167 905 3230 966 ὃς
3288 901 3518 976 οὐρανὸν
3549 894 3743 969 ἔκτισε,
3793 897 3888 951 καὶ

2236 992 2334 1060 τὴν
2379 994 2496 1067 γῆν,
2541 993 2632 1048 καὶ
2677 994 2744 1048 τά
2774 993 2825 1048 ἐν
2874 993 3055 1055 αύνοῖς
3101 993 3289 1064 πάντα,
3321 989 3472 1051 ὅπως
3511 988 3887 1064 ἀγαπήσαντες

2239 1079 2397 1135 αὐτὸν
2449 1082 2500 1136 οἱ
2547 1083 2825 1159 ἄνθρωποι
2877 1084 3114 1152 σωθῆναι
3163 1078 3473 1151 δυνηθῶσι⁶
3525 1070 3823 1152 προλαϐὼν
3855 1075 3890 1129 ὁ

2239 1163 2520 1240 διάϐολος,
2570 1169 2798 1243 Σίμωνα
2844 1165 3299 1246 προαπέστειλεν,
3353 1163 3445 1220 τίνα
3501 1162 3659 1236 πείσῃ
3713 1160 3888 1216 πάντα

2237 1256 2514 1332 ἄνθρωπον
2575 1256 2850 1334 λατρεύειν
2897 1263 3016 1321 τοῖς
3075 1259 3150 1332 μὴ
3211 1254 3326 1311 οὖσι
3373 1257 3536 1324 θεοῖς,
3587 1251 3679 1306 καὶ
3721 1251 3886 1326 ἀντί’

2237 1366 2434 1400 σωνται
2464 1347 2727 1402 πιστεύειν
2781 1348 2857 1410 εἰς
2904 1345 2998 1403 ἕνα
3046 1348 3174 1403 Θεὸν
3221 1347 3312 1400 τὸν
3356 1345 3658 1414 ποιήσαντα
3689 1341 3882 1397 πάντα.

2234 1436 2298 1488 τά
2325 1456 2383 1489 τε
2413 1437 2580 1512 ὁρατά
2606 1437 2694 1491 καὶ
2724 1438 2791 1491 τὰ
2818 1436 3037 1512 ἀόρατα·
3069 1437 3180 1512 χρή
3223 1455 3290 1507 με
3335 1432 3548 1508 ταχέως
3597 1428 3756 1483 αὐτὸν
3787 1449 3884 1481 κα-

2231 1519 2508 1597 ταλαϐεῖν,
2546 1525 2638 1580 ἵνα
2680 1527 2756 1600 μὴ
2788 1528 2823 1596 ἡ
2858 1523 3173 1581 διδασκαλία
3217 1527 3314 1579 τοῦ
3346 1521 3595 1595 Σίμωνος
3627 1516 3880 1594 ἐγχρονί-

2233 1633 2384 1686 σασα,
2418 1614 2694 1677 παντελῶς
2724 1615 2938 1670 πάντων
2972 1615 3325 1689 ἐπικρατήσῃ.

2302 1704 2485 1760 XLIII.
2520 1709 2610 1758 Δεῖ
2666 1704 2757 1758 οὗν
2818 1705 2929 1759 ἀντ’
2977 1703 3112 1778 ἐμοῦ
3159 1703 3276 1757 τινά
3321 1700 3413 1756 τὸν
3465 1697 3594 1772 ἐμὸν
3637 1693 3884 1766 ἀναπλη-

2233 1795 2400 1866 ρῶσαι
2429 1792 2724 1848 τόπον.Καὶ
2759 1793 2951 1855 πάντες
2993 1797 3092 1848 τοῦ
3121 1796 3254 1848 Θεοῦ
3298 1789 3525 1850 ἐκτενῶς
3571 1783 3875 1858 δεηθῶμεν,

485 1889 549 1939 ut
576 1902 710 1940 eum
759 1886 859 1958 qui
908 1887 1121 1958 dignus
1170 1887 1265 1952 sit,
1303 1891 1450 1941 Deus
1498 1885 1782 1957 designet.
1815 1887 1858 1927 ³⁵
1899 1886 2105 1949 Quibus

2231 1878 2380 1942 ὅπως
2408 1881 2499 1936 τὸν
2554 1877 2678 1938 ὄντα
2725 1882 2866 1953 ἄξιον
2900 1884 2927 1938 ὁ
2975 1883 3101 1944 Θεὸς
3150 1877 3410 1954 ἀναδείξῃ.
3463 1875 3566 1934 Καὶ
3605 1877 3772 1929 ταῦτα
3801 1872 3880 1928 εἷ-

483 1974 679 2042 dictis,
709 1974 990 2046 imposuit
1019 1991 1232 2030 manus
1263 1974 1549 2044 Zacchaeo,
1582 1979 1638 2030 et
1667 1974 1747 2030 ait
1779 1994 1791 2030 :
1827 1975 1970 2031 Here
2010 1977 2118 2032 Do-

481 2062 657 2132 mine,
709 2067 878 2119 Pater
926 2063 1153 2120 Domini
1204 2064 1420 2134 Deique
1458 2081 1525 2119 ac
1573 2063 1887 2120 Salvatoris
1936 2065 2118 2120 nostri

475 2151 614 2208 Jesu
647 2152 858 2209 Christi
888 2171 901 2221 ;
938 2170 1038 2225 per
1069 2152 1353 2224 Spiritum
1385 2158 1554 2207 tuum
1585 2158 1859 2208 sanctum
1891 2171 1954 2208 ac
1985 2155 2120 2210 ado-

476 2240 742 2312 rabilem,
774 2246 836 2296 tu
888 2242 1043 2296 hunc
1075 2246 1256 2307 tuere,
1291 2241 1392 2313 qui
1422 2246 1620 2312 pastor
1651 2241 1725 2296 sit
1775 2241 1973 2314 populi
2005 2243 2114 2308 tui,

473 2345 647 2400 quem
681 2329 926 2402 elegisti.
959 2331 1089 2385 stc
1123 2329 1220 2385 ubi
1251 2329 1512 2399 dixisset,
1545 2330 1617 2384 ad
1649 2331 1930 2402 populum
1954 2331 2110 2386 inﬁt:

472 2417 813 2489 Quicunque
842 2418 1125 2490 baptizari
1150 2417 1420 2484 vultis,ex
1447 2417 1699 2473 crastino
1729 2418 1822 2472 die
1843 2419 2112 2490 jejunare

469 2505 581 2560 inci
589 2506 871 2577 pite.Post
897 2511 1015 2562 tres
1045 2511 1238 2562 autem
1269 2506 1557 2575 dies,cum
1590 2506 1879 2578 baptizare
1910 2507 2112 2578 ccepis-

470 2598 578 2662 set,
611 2596 835 2652 vocavit
866 2612 958 2652 me
1005 2595 1381 2667 Clementem,
1417 2594 1699 2663 Nicetam,
1731 2601 1786 2652 et
1813 2595 2107 2669 Aquilam,

469 2699 536 2738 ac
565 2683 710 2740 dixit
739 2701 754 2740 :

541 2772 729 2829 XLIV.
760 2774 975 2843 Tyrum
1008 2774 1373 2846 profecturus
1402 2777 1534 2845 post
1565 2757 1786 2845 septem
1820 2773 2106 2845 dies,volo

470 2861 554 2916 uti
587 2879 689 2918 vos
739 2862 1002 2918 celeriter
1042 2867 1099 2919 et
1143 2862 1536 2931 advenientes,
1571 2866 1628 2918 et
1673 2863 1827 2934 apud
1875 2863 2102 2919 Chana-

469 2967 654 3005 naaam
687 2951 1041 3018 Berenicem,
1063 2952 1244 3006 Justaa
1277 2951 1457 3006 ﬁliam
1492 2950 1640 3006 clam
1671 2951 2102 3024 hospitati,om-

463 3039 560 3094 nia
588 3057 712 3111 quae
744 3041 816 3094 ad
839 3040 1136 3096 Simonem
1160 3041 1452 3112 pertinent
1473 3040 1852 3112 investigetis,
1873 3058 1940 3096 ac
1968 3041 2099 3096 dili-

457 3133 662 3200 genter
691 3129 835 3183 mihi
870 3130 1266 3201 perscribatis.
1303 3129 1662 3201 Quapropter
1684 3131 1931 3199 jamjam
1965 3148 2096 3186 cum

455 3234 596 3288 pace
627 3219 866 3291 pergite.
884 3218 1066 3291 Igitur
1093 3219 1488 3290 relinquentes
1520 3236 1653 3274 eum
1686 3219 2094 3291 baptizantem,

2229 1969 2368 2042 πὼν,
2401 1969 2630 2041 ἐπέθηκε
2658 1977 2848 2048 χεῖρας
2877 1975 2956 2043 τῷ
3004 1969 3278 2046 Ζακχαίῳ,
3321 1968 3411 2024 καὶ
3443 1985 3596 2045 φησι’
3636 1963 3886 2018 Δέσποτα

2229 2056 2394 2132 Κύριε
2417 2061 2444 2114 ὁ
2470 2061 2652 2137 Πατὴρ
2682 2064 2778 2114 τοῦ
2801 2059 3003 2136 Κυρίου
3026 2060 3114 2115 καὶ
3141 2063 3272 2114 Θεοῦ
3302 2056 3392 2111 καὶ
3425 2060 3688 2129 Σωτῆρος
3710 2053 3870 2124 ἡμῶν

2225 2148 2403 2216 Ἰησοῦ
2434 2146 2785 2222 Χριστοῦ,διά
2830 2154 2927 2204 τοῦ
2973 2145 3285 2222 Πνεύματός
3317 2167 3412 2200 σου
3457 2147 3556 2199 τοῦ
3597 2139 3756 2216 ἁγίου
3784 2138 3877 2194 καὶ

2223 2243 2620 2313 προσκυνητοῦ,
2673 2237 2735 2292 σὺ
2783 2235 3107 2316 διαφύλαξον
3163 2239 3378 2305 τοῦτον,
3427 2230 3732 2305 ποιμαίνειν
3781 2228 3876 2282 τὸν

2224 2324 2352 2381 λαόν
2413 2347 2527 2398 σου,
2579 2327 2637 2380 ὃν
2695 2324 2934 2397 ἐξελέξω.
2987 2325 3087 2383 Καὶ
3141 2329 3307 2380 ταῦτα
3361 2323 3549 2393 εἰπὼν,
3605 2318 3741 2394 πρὸς
3781 2317 3875 2372 τὸν

2221 2413 2351 2470 λαόν
2379 2412 2504 2494 ἔφη’
2538 2419 2690 2470 Ὅσοι
2746 2417 3097 2491 βαπτισθῆναι
3147 2413 3350 2482 θέλετε,
3401 2411 3508 2466 ἀπὸ
3549 2416 3650 2478 τῆς
3692 2405 3880 2478 αὔριον

2217 2503 2487 2574 νηστεύειν
2536 2501 2777 2581 ἄρξασθε.
2829 2505 2975 2559 Μετά
3018 2501 3076 2559 δὲ
3117 2507 3262 2578 τρεῖς
3321 2500 3531 2577 ἡμέρας
3585 2497 3867 2575 βαπτίζειν

2218 2591 2532 2668 ἀρξάμενος,
2573 2593 2670 2666 ἐμὲ
2715 2592 3012 2668 Κλήμεντά
3057 2594 3310 2671 φωνήσας
3352 2589 3443 2645 καὶ
3488 2589 3728 2658 Νικήτην
3770 2589 3868 2643 καὶ

2217 2679 2471 2752 Ἀκύλαν,
2503 2681 2630 2760 ἔφη.

2285 2774 2470 2830 XLIV.
2519 2769 2795 2828 Μέλλοντί
2846 2792 2938 2844 μοι
2977 2772 3112 2845 πρὸς
3160 2771 3260 2839 τήν
3307 2768 3475 2843 Τύρον
3526 2768 3699 2842 ὁρμᾷν
3745 2767 3862 2840 μεθ’

2213 2861 2424 2934 ἡμέρας
2455 2861 2606 2929 έπτά,
2661 2858 2932 2937 βούλομαι
2983 2859 3046 2915 τὸ
3097 2860 3266 2936 τάχος
3317 2858 3455 2931 ὑμᾶς
3496 2856 3606 2911 ἐκεῖ
3631 2854 3863 2931 γενομέ-

2209 2971 2350 3016 νους,
2380 2951 2470 3004 καὶ
2509 2951 2656 3025 παρά
2703 2949 2770 3024 τῇ
2821 2945 3166 3004 Χαναανίτιδι
3213 2951 3256 2985 ³⁷
3308 2945 3565 3022 Βερνίκῃ,
3621 2943 3864 3014 Ἰούστης

2210 3039 2430 3115 θυγατρί
2481 3037 2854 3100 λανθανόντως
2903 3037 3332 3108 ἐπιξενωθέντας,
3378 3035 3446 3090 τά
3473 3033 3610 3089 κατά
3635 3033 3724 3088 τὸν
3763 3033 3861 3088 Σί-

2211 3147 2365 3199 μωνα
2394 3128 2567 3182 πάντα
2610 3125 3148 3201 διερευνησαμὲνους,
3201 3119 3442 3200 ἀκριϐῶς
3487 3123 3688 3200 γράψαι
3740 3142 3856 3194 μοι.

2211 3215 2303 3270 Διὸ
2327 3215 2546 3286 ἐξαυτῆς
2596 3215 2886 3288 πορεύεσθε
2939 3221 3051 3287 μετ’
3101 3213 3344 3290 εἰρήνης.
3401 3211 3500 3270 Καὶ
3551 3209 3617 3280 δὴ
3669 3209 3860 3286 βαπτί-

456 3279 515 3361 in
545 3279 765 3379 Tyrum
787 3279 1079 3364 th‘niciae
1099 3279 1338 3380 profecti
1367 3325 1575 3363 sumus
1599 3309 1670 3364 εδδ
1688 3313 1745 3363 et
1763 3279 1926 3380 ‘apud
1951 3279 2093 3381 prae;

2218 3309 2372 3374 ζοντα
2427 3303 2810 3366 καταλιπόντες
2865 3303 3059 3369 αὐτὸν,
3116 3302 3191 3364 εἷς
3243 3302 3410 3377 Τύρον
3461 3307 3562 3369 τῆς
3595 3298 3856 3367 Φοινίκης

457 3393 671 3450 dictam
721 3395 1106 3452 Chananaeam
1174 3397 1468 3464 diversati,
1521 3398 1862 3469 acceptique
1911 3399 1983 3453 ab
2032 3416 2099 3454 ea

454 3481 758 3555 splendide
805 3502 871 3540 ac
901 3485 1237 3555 honoriﬁce,
1273 3486 1468 3542 statim
1523 3487 1594 3541 de
1627 3487 1863 3542 Simone
1916 3485 2095 3543 locuti

455 3589 685 3640 sumus,
718 3572 809 3629 his
840 3575 1030 3630 verbis
1061 3591 1072 3629 :
1109 3575 1306 3630 Simon
1339 3575 1448 3630 iste
1476 3578 1700 3648 Magus,
1731 3575 1790 3630 in
1832 3575 2094 3648 disputa-

454 3661 630 3729 tione,
660 3679 838 3734 quam
878 3679 1011 3718 eum
1063 3664 1300 3719 domino
1351 3667 1548 3719 nostro
1599 3665 1763 3720 Petro
1827 3665 2095 3722 Caesareae

451 3750 676 3819 habuit,
709 3756 1040 3822 superatus,
1073 3752 1272 3807 statim
1305 3768 1370 3807 eo
1409 3753 1609 3808 habitu
1642 3770 1756 3824 quo
1805 3759 1949 3819 erat,
1982 3755 2095 3810 huc

451 3855 514 3894 se
543 3840 827 3912 profugus
857 3840 1099 3896 contulit
1128 3859 1140 3908 ;
1165 3847 1338 3912 atque
1368 3841 1426 3896 in
1454 3859 1588 3896 eum
1617 3841 1925 3898 maledicta
1956 3860 2093 3899 con-

441 3927 654 3997 jiciens
687 3929 1108 4000 simpliciorum
1142 3929 1366 3985 animas
1397 3931 1610 4002 abripit
1641 3948 1654 3986 :
1688 3947 1940 4002 cumque
1969 3933 2093 4004 ipse

451 4033 658 4089 magus
690 4017 960 4085 sit,illum
995 4035 1275 4091 magnum
1295 4018 1632 4090 appellat;et
1658 4035 1789 4074 cum
1808 4019 1886 4075 sit
1906 4021 2091 4092 impo-

449 4107 991 4176 stor,apostolorum
1030 4107 1405 4178 impostorem
1440 4106 2091 4180 proclamat;quiquein

447 4193 723 4249 omnibus
773 4194 1036 4250 devictus
1086 4196 1213 4264 fuit,
1265 4211 1442 4267 seque
1492 4195 1548 4250 in
1596 4197 1794 4268 fugam
1847 4196 2093 4268 turpiter

447 4283 715 4354 conjecit,
747 4282 954 4338 vicisse
988 4300 1049 4338 se
1082 4285 1405 4354 profitetur.

518 4369 679 4425 XLV.
713 4371 984 4426 Berenice
1014 4376 1236 4438 autem,
1267 4372 1395 4444 ipsa
1428 4389 1661 4444 quoque
1704 4372 1784 4427 ita
1815 4390 1936 4428 rem
1985 4373 2090 4429 ha-

447 4458 582 4514 bere
628 4463 838 4515 testata
880 4465 1010 4526 est;
1044 4465 1101 4516 et
1143 4462 1369 4533 reliqua
1417 4461 1533 4517 alia
1585 4479 1687 4534 per
1728 4479 1790 4517 se
1840 4463 2084 4518 addidit.

444 4547 868 4603 Phantasmata
915 4549 1094 4615 enim,
1126 4550 1340 4620 inquit,
1375 4555 1686 4622 postquam
1741 4551 1789 4606 is
1823 4551 1936 4606 huc
1985 4551 2086 4606 ad-

2206 3392 2620 3469 ἐπορευόμεθα·
2679 3393 2768 3448 καὶ
2837 3393 2983 3468 παρὰ
3036 3396 3105 3466 τῇ
3163 3389 3535 3468 προειρημένῃ
3591 3387 3854 3442 Χαναανί-

2203 3480 2311 3536 τιδι
2344 3485 2388 3519 ³9
2442 3482 2817 3558 καταχθέντες,
2877 3481 2967 3536 καὶ
3025 3478 3290 3556 δαψιλοῦς
3339 3483 3384 3516 ⁴⁰
3435 3479 3562 3555 παρ’
3603 3477 3740 3552 αὐτῇ
3771 3477 3855 3548 ξε-

2202 3571 2313 3634 νίας
2345 3575 2389 3609 ⁴¹
2421 3569 2508 3626 καί
2540 3571 2834 3648 φιλοτίμου
2861 3569 3141 3647 τυχόντες,
3169 3569 3293 3646 περὶ
3341 3572 3438 3622 τοῦ
3469 3567 3726 3641 Σίμωτος
3755 3565 3852 3621 αύ-

2201 3659 2325 3716 τίκα
2372 3658 2759 3736 διελεγόμεθα’
2820 3659 3004 3734 Σίμων
3047 3657 3202 3720 οὗτος
3250 3659 3279 3713 ὁ
3328 3658 3533 3733 Μάγος,
3584 3656 3854 3726 εἰπόντες,

2203 3749 2290 3804 ἐπὶ
2319 3752 2418 3818 τῆς
2466 3749 2517 3804 ἐν
2572 3748 2869 3825 Καισαρείᾳ
2913 3749 3048 3825 πρὸς
3093 3749 3184 3803 τὸν
3235 3746 3419 3824 κύριον
3451 3749 3614 3820 ἡμῶν
3646 3746 3850 3822 Πέτρον

2207 3840 2487 3908 ζητήσεως
2542 3838 2819 3909 ἡττηθεὶς,
2872 3843 3041 3916 φυγάς
3092 3837 3313 3901 ἐνταῦθα
3358 3836 3435 3898 ὡς
3491 3835 3636 3913 εἶχεν
3697 3833 3852 3896 εὐθὺς

2203 3925 2427 3999 ἀπέδρα,
2459 3926 2548 3981 καὶ
2581 3925 3004 4001 λοιδορούμενος
3036 3924 3201 3998 αὐτῷ,
3251 3925 3572 3998 συναρπάζει
3616 3921 3712 3984 τὰς
3741 3925 3848 3976 τῶν

2204 4011 2587 4088 ἁπλουστέρων
2620 4015 2820 4092 ψυχάς·
2847 4015 2937 4069 καὶ
2971 4013 3143 4089 μάγος
3174 4010 3247 4067 ὢν
3280 4011 3456 4084 αὐτός,
3511 4011 3683 4084 μάγον
3718 4008 3854 4064 ἐκεῖ-

2199 4124 2290 4157 νον
2322 4101 2607 4158 ἀποκαλεῖ’
2631 4105 2720 4158 καὶ
2742 4101 2946 4166 πλάνος
2969 4101 3040 4158 ὢν
3066 4103 3222 4165 οὗτος
3244 4102 3335 4157 τὸν
3371 4099 3674 4155 ἀπόστολον
3707 4096 3851 4152 πλά-

2198 4213 2289 4247 νον
2315 4192 2677 4268 ἀποκηρύττει
2702 4196 2768 4229 ⁴²·
2792 4193 2881 4248 καὶ
2905 4190 2994 4247 διὰ
3033 4193 3242 4246 πάντων
3269 4189 3428 4252 αὐτὸς
3464 4189 3740 4260 ἡττηθεὶς,
3762 4186 3850 4242 καί

2201 4285 2342 4360 φυγῇ
2367 4281 2609 4357 αἰσχρῶς
2641 4281 2824 4337 ἔαυτόν
2859 4279 3164 4357 ἐπιτρέψας,
3200 4280 3385 4358 φάσκει
3416 4278 3776 4348 νενικηκέναι.

2269 4373 2428 4427 XLV.
2472 4373 2534 4426 Ἠ
2581 4369 2806 4447 Βερνίκη
2863 4371 2957 4444 μὲν
3005 4369 3120 4439 οῦν,
3171 4369 3314 4424 οὕτω
3357 4369 3447 4424 καὶ
3492 4367 3628 4437 αύτὴ
3683 4371 3849 4422 ταῦτα

2197 4457 2343 4535 ἔχειν
2395 4459 2510 4514 εἶπε
2556 4446 2660 4514 καὶί
2689 4446 2868 4515 τᾶλλα
2917 4457 2974 4514 δὲ
3019 4459 3148 4535 παρ’
3190 4460 3382 4527 ἑαυτῆς
3431 4456 3499 4512 τά
3547 4454 3848 4530 λειπόμενα

2197 4547 2519 4624 προσετίθει.
2554 4548 2914 4620 Φαντάσματα
2961 4549 3086 4622 γάρ,
3138 4545 3264 4625 ἔφη,
3308 4547 3443 4619 μετά
3485 4547 3548 4600 τὸ
3594 4542 3728 4620 τῇδε
3755 4543 3847 4599 αύ-

440 4639 679 4696 vcnit.et
709 4644 1018 4708 spectraac
1047 4638 1364 4693 simulacra
1387 4639 1646 4710 quotidie
1670 4639 1727 4694 in
1754 4641 1942 4696 medio
1966 4641 2085 4695 foro

2218 4638 2284 4691 ςὸν
2338 4637 2640 4707 ἐπιστῆναι,
2688 4637 2777 4691 καὶ
2830 4633 3135 4709 ἰνδάλματα
3179 4637 3297 4691 καθ’
3345 4636 3572 4706 ἑκάστην
3623 4634 3674 4689 ἐν
3710 4632 3844 4708 μέσῃ

441 4725 679 4792 faciens,
715 4730 893 4781 totam
927 4727 1315 4798 obstupefecit
1344 4728 1637 4784 civitatem
1667 4745 1680 4782 :
1711 4730 1754 4762 ‘3
1785 4746 1919 4784 nam
1966 4734 2084 4784 sta-

440 4818 551 4868 tum
584 4815 821 4885 quidem
869 4822 1179 4870 moventur
1207 4818 1442 4888 quando
1475 4817 1599 4888 ipse
1641 4819 1994 4889 pertransit;
2030 4823 2087 4872 et

438 4919 570 4957 vero
603 4921 753 4975 saepe
786 4905 1006 4959 umbrae
1039 4904 1088 4959 ei
1125 4910 1557 4977 prmcunt,quas
1588 4911 1643 4960 et
1673 4907 2080 4962 defunctorum

439 4993 667 5048 animas
703 4994 985 5048 nominat.
1019 4994 1229 5049 Multos
1260 5012 1430 5066 porro
1462 4995 1560 5065 qui
1592 5013 1726 5050 eum
1762 4996 2080 5067 praestigia-

438 5086 619 5136 torem
651 5082 1083 5150 dicebant,cum
1117 5089 1316 5154 postea
1346 5085 1414 5138 ad
1452 5085 1778 5139 convivium
1803 5091 2077 5148 vocasset,

438 5175 495 5224 et
525 5171 725 5225 bovem
779 5177 1112 5229 mactasset.
1149 5173 1408 5244 ipsisque
1458 5173 1511 5226 in
1545 5190 1737 5227 escam
1783 5171 2077 5240 dedisset;

435 5259 611 5312 variis
645 5261 864 5314 morbis
897 5259 1218 5330 implicuit;
1247 5266 1419 5331 atque
1451 5263 1745 5317 daemones
1776 5262 1859 5316 eis
1893 5261 2051 5315 immi

436 5348 515 5402 sit
547 5365 558 5403 :
595 5348 651 5402 in
685 5349 1176 5416 summa,multos
1208 5351 1691 5422 afﬂigendo,deus
1717 5368 1845 5406 esse
1877 5351 2076 5406 existi-

2193 4730 2261 4800 τῇ
2293 4725 2463 4802 ἀγορᾷ
2506 4731 2696 4794 ποιῶν,
2745 4732 2916 4780 πᾶσαν
2966 4725 3256 4796 ἐκπλήττει
3302 4725 3403 4794 τὴν
3431 4721 3616 4779 πόλιν·
3651 4722 3726 4784 ὡς
3755 4723 3843 4777 ἀν-

2195 4811 2442 4890 δριάντας
2496 4816 2590 4887 μὲν
2636 4814 2801 4870 αὐτοῦ
2850 4813 3207 4891 διερχομένου
3256 4815 3539 4881 κινεῖσθαι,
3569 4812 3658 4867 καὶ
3691 4812 3841 4873 σκιὰς

2192 4899 2468 4964 πολλάκις
2526 4906 2571 4940 ⁵⁸
2623 4903 2786 4958 αὐτοῦ
2842 4905 3202 4980 προηγεῖσθαι
3236 4949 3250 4974 ,
3308 4903 3369 4964 ἃς
3419 4901 3509 4957 καὶ
3582 4906 3688 4955 τῶν
3763 4921 3846 4955 τε-

2192 4991 2467 5067 θνηκότων
2518 4994 2694 5069 ψυχας
2745 4992 2900 5054 αὐτός
2955 4992 3232 5066 ὀνομάζει.
3284 4989 3535 5052 Πολλοὺς
3581 4987 3637 5045 δὲ
3686 4989 3844 5044 αὐτόν

2189 5082 2279 5134 καὶ
2309 5081 2484 5157 γόητα
2533 5079 2804 5157 λέγοντας,
2853 5081 3070 5158 ὕστερον
3100 5081 3174 5144 εἷς
3219 5079 3452 5156 εὐωχίαν
3500 5076 3657 5149 δῆθεν
3688 5076 3844 5134 καλέ-

2190 5192 2304 5239 σας,
2344 5172 2471 5243 βοῦν
2521 5192 2580 5224 τε
2625 5170 2809 5240 θύσας,
2858 5172 2942 5225 καὶ
2991 5170 3186 5232 αὐτοὺς
3235 5170 3504 5236 ἑστιάσας,
3557 5163 3840 5246 διαφόροις

2188 5255 2478 5334 περιέϐαλε
2524 5259 2723 5321 νόσοις.
2761 5259 2861 5316 Καὶ
2915 5257 3176 5333 δαίμονας
3210 5256 3268 5314 δὲ
3296 5258 3478 5320 αὐτοῖς
3513 5257 3665 5326 ἐνῆκε
3699 5279 3711 5291 ο
3747 5256 3838 5311 καὶ

2188 5347 2332 5410 ὅλως
2361 5348 2606 5411 πολλοὺς
2647 5349 2916 5422 κακώσας,
2972 5349 3093 5411 θεὸς
3145 5348 3276 5402 εἶναι
3320 5347 3652 5421 νενόμισται.
3684 5347 3835 5400 Ὃθεν

1792 5494 1959 5548 VARI
1968 5495 2032 5548 [Ε
2079 5493 2487 5549 LECTIONES.

507 5589 703 5642 35Rec.
763 5587 799 5642 l.
871 5606 954 5658 111,
1013 5607 1061 5645 c.
1111 5592 1198 5653 65,
1259 5595 1366 5645 etc.
1429 5592 1473 5659 3f;
1533 5592 1826 5659 Clement,
1863 5592 2021 5646 hom.
2087 5609 2168 5655 ιιι,
2228 5608 2278 5646 c.
2338 5591 2428 5659 72,
2487 5594 2596 5645 etc.
2657 5592 2700 5630 ³⁷
2760 5590 2834 5645 al.
2886 5587 3208 5647 Χανανίτιδι.
3269 5592 3313 5626 ³⁸
3373 5592 3634 5648 Clamant.
3669 5590 3830 5647 hom.

435 5676 618 5737 ιδῃ-ο.
681 5661 729 5727 ’1,
784 5664 900 5737 etc.
961 5661 1006 5737 {’9
1053 5661 1124 5716 al.
1189 5657 1625 5737 Xavavizcai.__‘f’
1681 5662 1753 5718 al.
1813 5658 2080 5734 δαψιλῶς.
2140 5663 2180 5698 ⁴¹
2240 5657 2424 5718 υοεεῐ
2462 5661 2521 5716 in
2579 5661 2654 5717 al.
2713 5663 2756 5696 ⁴²
2813 5660 2888 5718 al.
2953 5661 3406 5737 ἀνακηρύττει.⁴³
3463 5661 3830 5733 Anastasius,

434 5732 751 5802 Cedrenus,
781 5731 1142 5803 Nicephorus
1227 5735 1272 5768 ⁵-⁵
1330 5733 1404 5789 al.
1438 5730 1672 5794 πολλάς.
