  <div class='ocr_page' id='page_1' title='image "/cluster/home/n/w/nwhite01/storage/ocr_20150623/2/hvd.32044073501421/264.png"; bbox 0 0 4148 6342; ppageno 0'>
   <div class='ocr_carea' id='block_1_1' title="bbox 302 412 422 479">
    <p class='ocr_par' dir='ltr' id='par_1_1' title="bbox 302 412 422 479">
     <span class='ocr_line' id='line_1_1' title="bbox 302 412 422 479; baseline 0 -4"><span class='ocrx_word' id='word_1_1' title='bbox 302 412 422 479; x_wconf 79' lang='lat'>505</span> 
     </span>
    </p>
   </div>
   <div class='ocr_carea' id='block_1_2' title="bbox 1056 404 2958 479">
    <p class='ocr_par' dir='ltr' id='par_1_2' title="bbox 1056 404 2958 479">
     <span class='ocr_line' id='line_1_2' title="bbox 1056 404 2958 479; baseline -0.001 0"><span class='ocrx_word' id='word_1_2' title='bbox 1056 414 1587 479; x_wconf 82' lang='lat' dir='ltr'>CLEMENTINA.</span> <span class='ocrx_word' id='word_1_3' title='bbox 1618 446 1695 458; x_wconf 91' lang='lat'><strong>-</strong></span> <span class='ocrx_word' id='word_1_4' title='bbox 1723 404 2074 474; x_wconf 79' lang='lat' dir='ltr'>EPITOME</span> <span class='ocrx_word' id='word_1_5' title='bbox 2120 412 2222 473; x_wconf 81' lang='lat' dir='ltr'>DE</span> <span class='ocrx_word' id='word_1_6' title='bbox 2264 413 2536 479; x_wconf 85' lang='lat' dir='ltr'>GESTIS</span> <span class='ocrx_word' id='word_1_7' title='bbox 2583 417 2648 478; x_wconf 92' lang='lat' dir='ltr'>S.</span> <span class='ocrx_word' id='word_1_8' title='bbox 2697 415 2958 479; x_wconf 79' lang='lat' dir='ltr'>PETRI.</span> 
     </span>
    </p>
   </div>
   <div class='ocr_carea' id='block_1_3' title="bbox 3584 408 3704 479">
    <p class='ocr_par' dir='ltr' id='par_1_3' title="bbox 3584 408 3704 479">
     <span class='ocr_line' id='line_1_3' title="bbox 3584 408 3704 479; baseline 0.017 -2"><span class='ocrx_word' id='word_1_9' title='bbox 3584 408 3704 479; x_wconf 72' lang='lat'>506</span> 
     </span>
    </p>
   </div>
   <div class='ocr_carea' id='block_1_4' title="bbox 303 544 1935 623">
    <p class='ocr_par' dir='ltr' id='par_1_4' title="bbox 303 544 1935 621">
     <span class='ocr_line' id='line_1_4' title="bbox 303 544 1935 621; baseline -0.004 -17"><span class='ocrx_word' id='word_1_10' title='bbox 303 546 404 605; x_wconf 84' lang='grc' dir='ltr'>οὐκ</span> <span class='ocrx_word' id='word_1_11' title='bbox 433 544 623 620; x_wconf 61' lang='grc' dir='ltr'>οἴομαι</span> <span class='ocrx_word' id='word_1_12' title='bbox 683 544 1003 618; x_wconf 76' lang='grc' dir='ltr'>δυνήσεσθαί</span> <span class='ocrx_word' id='word_1_13' title='bbox 1060 569 1201 616; x_wconf 85' lang='grc' dir='ltr'>τινα,</span> <span class='ocrx_word' id='word_1_14' title='bbox 1256 551 1511 601; x_wconf 76' lang='grc' dir='ltr'>τοσοῦτον</span> <span class='ocrx_word' id='word_1_15' title='bbox 1558 550 1663 621; x_wconf 76' lang='grc' dir='ltr'>πῦρ</span> <span class='ocrx_word' id='word_1_16' title='bbox 1723 544 1935 621; x_wconf 58' lang='grc' dir='ltr'>ἀναφθὶπ</span> 
     </span>
    </p>
   </div>
   <div class='ocr_carea' id='block_1_5' title="bbox 2051 544 3693 623">
    <p class='ocr_par' dir='ltr' id='par_1_5' title="bbox 2067 547 3693 623">
     <span class='ocr_line' id='line_1_5' title="bbox 2067 547 3693 623; baseline 0.002 -23"><span class='ocrx_word' id='word_1_17' title='bbox 2067 551 2261 603; x_wconf 89' lang='lat' dir='ltr'>matus</span> <span class='ocrx_word' id='word_1_18' title='bbox 2283 550 2678 612; x_wconf 88' lang='lat' dir='ltr'>est.0uocirca</span> <span class='ocrx_word' id='word_1_19' title='bbox 2702 567 2817 605; x_wconf 92' lang='lat' dir='ltr'>non</span> <span class='ocrx_word' id='word_1_20' title='bbox 2877 553 3014 622; x_wconf 90' lang='lat' dir='ltr'>puto</span> <span class='ocrx_word' id='word_1_21' title='bbox 3071 565 3429 623; x_wconf 86' lang='lat' dir='ltr'>quemquam</span> <span class='ocrx_word' id='word_1_22' title='bbox 3482 547 3693 605; x_wconf 85' lang='lat' dir='ltr'>valitu-</span> 
     </span>
    </p>
   </div>
   <div class='ocr_carea' id='block_1_6' title="bbox 302 631 1945 710">
    <p class='ocr_par' dir='ltr' id='par_1_6' title="bbox 302 631 1945 710">
     <span class='ocr_line' id='line_1_6' title="bbox 302 631 1945 710; baseline -0.002 -20"><span class='ocrx_word' id='word_1_23' title='bbox 302 631 644 693; x_wconf 85' lang='grc' dir='ltr'>κατασϐέσαι.</span> <span class='ocrx_word' id='word_1_24' title='bbox 701 638 794 691; x_wconf 88' lang='grc' dir='ltr'>Διὸ</span> <span class='ocrx_word' id='word_1_25' title='bbox 847 642 944 691; x_wconf 77' lang='grc' dir='ltr'>τοῦ</span> <span class='ocrx_word' id='word_1_26' title='bbox 1005 639 1078 710; x_wconf 79' lang='grc' dir='ltr'>μὴ</span> <span class='ocrx_word' id='word_1_27' title='bbox 1127 634 1447 691; x_wconf 73' lang='grc' dir='ltr'>κινδυνεύειν</span> <span class='ocrx_word' id='word_1_28' title='bbox 1507 636 1645 707; x_wconf 74' lang='grc' dir='ltr'>ὑμᾶς</span> <span class='ocrx_word' id='word_1_29' title='bbox 1704 638 1748 671; x_wconf 70' lang='lat'>‘5</span> <span class='ocrx_word' id='word_1_30' title='bbox 1786 634 1945 710; x_wconf 83' lang='grc' dir='ltr'>χάριν</span> 
     </span>
    </p>
   </div>
   <div class='ocr_carea' id='block_1_7' title="bbox 302 722 1944 802">
    <p class='ocr_par' dir='ltr' id='par_1_7' title="bbox 302 722 1944 802">
     <span class='ocr_line' id='line_1_7' title="bbox 302 722 1944 802; baseline -0.003 -22"><span class='ocrx_word' id='word_1_31' title='bbox 302 723 624 801; x_wconf 78' lang='grc' dir='ltr'>παρακαλῶ,</span> <span class='ocrx_word' id='word_1_32' title='bbox 682 723 847 798; x_wconf 71' lang='grc' dir='ltr'>μηδὲν</span> <span class='ocrx_word' id='word_1_33' title='bbox 899 725 1257 802; x_wconf 79' lang='grc' dir='ltr'>έγχειρήσητε</span> <span class='ocrx_word' id='word_1_34' title='bbox 1305 726 1441 801; x_wconf 82' lang='grc' dir='ltr'>πρὸς</span> <span class='ocrx_word' id='word_1_35' title='bbox 1493 724 1675 792; x_wconf 85' lang='grc' dir='ltr'>αὐτὸν,</span> <span class='ocrx_word' id='word_1_36' title='bbox 1725 724 1851 798; x_wconf 88' lang='grc' dir='ltr'>πρὶν</span> <span class='ocrx_word' id='word_1_37' title='bbox 1884 722 1944 776; x_wconf 74' lang='grc' dir='ltr'>ἂν</span> 
     </span>
    </p>
   </div>
   <div class='ocr_carea' id='block_1_8' title="bbox 303 812 1947 893">
    <p class='ocr_par' dir='ltr' id='par_1_8' title="bbox 303 812 1947 893">
     <span class='ocr_line' id='line_1_8' title="bbox 303 812 1947 893; baseline -0.002 -24"><span class='ocrx_word' id='word_1_38' title='bbox 303 816 334 869; x_wconf 81' lang='grc' dir='ltr'>ὁ</span> <span class='ocrx_word' id='word_1_39' title='bbox 388 813 694 877; x_wconf 80' lang='grc' dir='ltr'>ἀπόστολος</span> <span class='ocrx_word' id='word_1_40' title='bbox 751 816 951 891; x_wconf 83' lang='grc' dir='ltr'>Πέτρος</span> <span class='ocrx_word' id='word_1_41' title='bbox 1013 814 1287 893; x_wconf 73' lang='grc' dir='ltr'>ἀφίκηται,</span> <span class='ocrx_word' id='word_1_42' title='bbox 1346 815 1403 875; x_wconf 83' lang='grc' dir='ltr'>’ὀς</span> <span class='ocrx_word' id='word_1_43' title='bbox 1456 818 1552 868; x_wconf 75' lang='grc' dir='ltr'>τοῦ</span> <span class='ocrx_word' id='word_1_44' title='bbox 1604 813 1803 889; x_wconf 80' lang='grc' dir='ltr'>Κυρίου</span> <span class='ocrx_word' id='word_1_45' title='bbox 1858 812 1947 867; x_wconf 84' lang='grc' dir='ltr'>καὶ</span> 
     </span>
    </p>
   </div>
   <div class='ocr_carea' id='block_1_9' title="bbox 302 900 1945 981">
    <p class='ocr_par' dir='ltr' id='par_1_9' title="bbox 302 900 1945 981">
     <span class='ocr_line' id='line_1_9' title="bbox 302 900 1945 981; baseline -0.002 -21"><span class='ocrx_word' id='word_1_46' title='bbox 302 908 439 959; x_wconf 70' lang='grc' dir='ltr'>Θεοῦ</span> <span class='ocrx_word' id='word_1_47' title='bbox 515 906 673 977; x_wconf 80' lang='grc' dir='ltr'>ἡμῶν</span> <span class='ocrx_word' id='word_1_48' title='bbox 729 908 907 974; x_wconf 87' lang='grc' dir='ltr'>Ἰησοῦ</span> <span class='ocrx_word' id='word_1_49' title='bbox 964 908 1199 981; x_wconf 77' lang='grc' dir='ltr'>Χριστοῦ</span> <span class='ocrx_word' id='word_1_50' title='bbox 1258 900 1629 975; x_wconf 85' lang='grc' dir='ltr'>δοκιμῶτατος</span> <span class='ocrx_word' id='word_1_51' title='bbox 1688 902 1945 978; x_wconf 78' lang='grc' dir='ltr'>ὑπάρχων</span> 
     </span>
    </p>
   </div>
   <div class='ocr_carea' id='block_1_10' title="bbox 302 990 1944 1067">
    <p class='ocr_par' dir='ltr' id='par_1_10' title="bbox 302 990 1944 1067">
     <span class='ocr_line' id='line_1_10' title="bbox 302 990 1944 1067; baseline -0.002 -19"><span class='ocrx_word' id='word_1_52' title='bbox 302 995 576 1067; x_wconf 75' lang='grc' dir='ltr'>μαθητὴς,</span> <span class='ocrx_word' id='word_1_53' title='bbox 625 993 905 1064; x_wconf 72' lang='grc' dir='ltr'>δυνήσεται</span> <span class='ocrx_word' id='word_1_54' title='bbox 951 994 1119 1066; x_wconf 81' lang='grc' dir='ltr'>μόνος</span> <span class='ocrx_word' id='word_1_55' title='bbox 1169 992 1306 1067; x_wconf 76' lang='grc' dir='ltr'>πρὸς</span> <span class='ocrx_word' id='word_1_56' title='bbox 1345 992 1610 1063; x_wconf 73' lang='grc' dir='ltr'>τοσαύτην</span> <span class='ocrx_word' id='word_1_57' title='bbox 1640 990 1944 1047; x_wconf 77' lang='grc' dir='ltr'>δυναστείαν</span> 
     </span>
    </p>
   </div>
   <div class='ocr_carea' id='block_1_11' title="bbox 299 1083 779 1159">
    <p class='ocr_par' dir='ltr' id='par_1_11' title="bbox 299 1083 779 1159">
     <span class='ocr_line' id='line_1_11' title="bbox 299 1083 779 1159; baseline 0.004 -22"><span class='ocrx_word' id='word_1_58' title='bbox 299 1083 779 1159; x_wconf 75' lang='grc' dir='ltr'>ἀνταγωνίσασθαι.</span> 
     </span>
    </p>
   </div>
   <div class='ocr_carea' id='block_1_12' title="bbox 374 1166 1949 1247">
    <p class='ocr_par' dir='ltr' id='par_1_12' title="bbox 374 1166 1949 1247">
     <span class='ocr_line' id='line_1_12' title="bbox 374 1166 1949 1247; baseline -0.003 -21"><span class='ocrx_word' id='word_1_59' title='bbox 374 1173 569 1228; x_wconf 78' lang='lat' dir='ltr'><strong>XLVI.</strong></span> <span class='ocrx_word' id='word_1_60' title='bbox 601 1175 777 1226; x_wconf 74' lang='grc' dir='ltr'>Ταῦτα</span> <span class='ocrx_word' id='word_1_61' title='bbox 824 1174 925 1240; x_wconf 75' lang='grc' dir='ltr'>τῆς</span> <span class='ocrx_word' id='word_1_62' title='bbox 970 1170 1227 1247; x_wconf 75' lang='grc' dir='ltr'>Βερνίκης</span> <span class='ocrx_word' id='word_1_63' title='bbox 1281 1170 1561 1240; x_wconf 81' lang='grc' dir='ltr'>εἰπούσης,</span> <span class='ocrx_word' id='word_1_64' title='bbox 1592 1171 1755 1243; x_wconf 78' lang='grc' dir='ltr'>ἡμεῖς</span> <span class='ocrx_word' id='word_1_65' title='bbox 1783 1166 1949 1233; x_wconf 71' lang='grc' dir='ltr'>’ἐωθεν</span> 
     </span>
    </p>
   </div>
   <div class='ocr_carea' id='block_1_13' title="bbox 304 1258 1946 1335">
    <p class='ocr_par' dir='ltr' id='par_1_13' title="bbox 304 1258 1946 1335">
     <span class='ocr_line' id='line_1_13' title="bbox 304 1258 1946 1335; baseline -0.001 -22"><span class='ocrx_word' id='word_1_66' title='bbox 304 1259 482 1314; x_wconf 87' lang='grc' dir='ltr'>πάντα</span> <span class='ocrx_word' id='word_1_67' title='bbox 507 1260 572 1313; x_wconf 83' lang='grc' dir='ltr'>τά</span> <span class='ocrx_word' id='word_1_68' title='bbox 600 1261 735 1314; x_wconf 73' lang='grc' dir='ltr'>κατὰ</span> <span class='ocrx_word' id='word_1_69' title='bbox 765 1260 856 1314; x_wconf 88' lang='grc' dir='ltr'>τὸν</span> <span class='ocrx_word' id='word_1_70' title='bbox 910 1260 1135 1333; x_wconf 87' lang='grc' dir='ltr'>Σίμωνα</span> <span class='ocrx_word' id='word_1_71' title='bbox 1164 1259 1481 1335; x_wconf 75' lang='grc' dir='ltr'>γράψαντες,</span> <span class='ocrx_word' id='word_1_72' title='bbox 1533 1258 1608 1319; x_wconf 83' lang='grc' dir='ltr'>εἷς</span> <span class='ocrx_word' id='word_1_73' title='bbox 1654 1258 1946 1335; x_wconf 84' lang='grc' dir='ltr'>περίπατον</span> 
     </span>
    </p>
   </div>
   <div class='ocr_carea' id='block_1_14' title="bbox 297 1347 1942 1422">
    <p class='ocr_par' dir='ltr' id='par_1_14' title="bbox 297 1347 1942 1422">
     <span class='ocr_line' id='line_1_14' title="bbox 297 1347 1942 1422; baseline 0 -19"><span class='ocrx_word' id='word_1_74' title='bbox 297 1348 659 1422; x_wconf 78' lang='grc' dir='ltr'>ἐτραπόμεθα.</span> <span class='ocrx_word' id='word_1_75' title='bbox 672 1349 774 1406; x_wconf 87' lang='grc' dir='ltr'>Καὶ</span> <span class='ocrx_word' id='word_1_76' title='bbox 797 1347 862 1418; x_wconf 80' lang='grc' dir='ltr'>δή</span> <span class='ocrx_word' id='word_1_77' title='bbox 885 1348 976 1404; x_wconf 86' lang='grc' dir='ltr'>καὶ</span> <span class='ocrx_word' id='word_1_78' title='bbox 1018 1348 1263 1403; x_wconf 84' lang='grc' dir='ltr'>’Δππίων</span> <span class='ocrx_word' id='word_1_79' title='bbox 1306 1349 1509 1417; x_wconf 81' lang='grc' dir='ltr'>ὑπαντᾷ</span> <span class='ocrx_word' id='word_1_80' title='bbox 1545 1348 1680 1420; x_wconf 75' lang='grc' dir='ltr'>ἡμῖν</span> <span class='ocrx_word' id='word_1_81' title='bbox 1705 1349 1820 1421; x_wconf 82' lang='grc' dir='ltr'>μεθ’</span> <span class='ocrx_word' id='word_1_82' title='bbox 1844 1349 1942 1403; x_wconf 83' lang='grc' dir='ltr'>έτέ.</span> 
     </span>
    </p>
   </div>
   <div class='ocr_carea' id='block_1_15' title="bbox 297 1436 1945 1513">
    <p class='ocr_par' dir='ltr' id='par_1_15' title="bbox 297 1436 1945 1513">
     <span class='ocr_line' id='line_1_15' title="bbox 297 1436 1945 1513; baseline -0.001 -22"><span class='ocrx_word' id='word_1_83' title='bbox 297 1458 409 1513; x_wconf 88' lang='grc' dir='ltr'>ρων</span> <span class='ocrx_word' id='word_1_84' title='bbox 437 1438 744 1512; x_wconf 89' lang='grc' dir='ltr'>τριάκοντα.</span> <span class='ocrx_word' id='word_1_85' title='bbox 772 1437 1014 1494; x_wconf 85' lang='grc' dir='ltr'>Ἀππίων</span> <span class='ocrx_word' id='word_1_86' title='bbox 1050 1437 1274 1504; x_wconf 79' lang='grc' dir='ltr'>ἐκεῖνος,</span> <span class='ocrx_word' id='word_1_87' title='bbox 1319 1437 1380 1491; x_wconf 83' lang='grc' dir='ltr'>οὗ</span> <span class='ocrx_word' id='word_1_88' title='bbox 1411 1436 1639 1513; x_wconf 81' lang='grc' dir='ltr'>πρόσθεν</span> <span class='ocrx_word' id='word_1_89' title='bbox 1673 1436 1945 1509; x_wconf 74' lang='grc' dir='ltr'>ἐμνήσθη-</span> 
     </span>
    </p>
   </div>
   <div class='ocr_carea' id='block_1_16' title="bbox 299 1524 1946 1601">
    <p class='ocr_par' dir='ltr' id='par_1_16' title="bbox 299 1524 1946 1601">
     <span class='ocr_line' id='line_1_16' title="bbox 299 1524 1946 1601; baseline -0.001 -21"><span class='ocrx_word' id='word_1_90' title='bbox 299 1547 418 1598; x_wconf 81' lang='grc' dir='ltr'>μεν.</span> <span class='ocrx_word' id='word_1_91' title='bbox 455 1526 557 1582; x_wconf 83' lang='grc' dir='ltr'>Καὶ</span> <span class='ocrx_word' id='word_1_92' title='bbox 582 1528 694 1599; x_wconf 75' lang='grc' dir='ltr'>ἅμα</span> <span class='ocrx_word' id='word_1_93' title='bbox 713 1531 792 1599; x_wconf 78' lang='grc' dir='ltr'>τῷ</span> <span class='ocrx_word' id='word_1_94' title='bbox 811 1524 940 1582; x_wconf 85' lang='grc' dir='ltr'>ἰδεῖν</span> <span class='ocrx_word' id='word_1_95' title='bbox 975 1548 1063 1598; x_wconf 83' lang='grc' dir='ltr'>με,</span> <span class='ocrx_word' id='word_1_96' title='bbox 1102 1526 1541 1601; x_wconf 76' lang='grc' dir='ltr'>προσαγορεύσας</span> <span class='ocrx_word' id='word_1_97' title='bbox 1580 1547 1640 1580; x_wconf 85' lang='grc' dir='ltr'>τε</span> <span class='ocrx_word' id='word_1_98' title='bbox 1667 1525 1755 1580; x_wconf 83' lang='grc' dir='ltr'>καὶ</span> <span class='ocrx_word' id='word_1_99' title='bbox 1785 1546 1946 1579; x_wconf 85' lang='grc' dir='ltr'>κατα-</span> 
     </span>
    </p>
   </div>
   <div class='ocr_carea' id='block_1_17' title="bbox 298 1613 1945 1693">
    <p class='ocr_par' dir='ltr' id='par_1_17' title="bbox 298 1613 1945 1693">
     <span class='ocr_line' id='line_1_17' title="bbox 298 1613 1945 1693; baseline -0.001 -24"><span class='ocrx_word' id='word_1_100' title='bbox 298 1615 662 1688; x_wconf 80' lang='grc' dir='ltr'>σπασάμενος·</span> <span class='ocrx_word' id='word_1_101' title='bbox 688 1616 854 1677; x_wconf 83' lang='grc' dir='ltr'>Οὗτός</span> <span class='ocrx_word' id='word_1_102' title='bbox 884 1615 991 1670; x_wconf 82' lang='grc' dir='ltr'>ἐστι</span> <span class='ocrx_word' id='word_1_103' title='bbox 1042 1615 1304 1689; x_wconf 75' lang='grc' dir='ltr'>Κλήμης,</span> <span class='ocrx_word' id='word_1_104' title='bbox 1337 1613 1437 1693; x_wconf 73' lang='grc' dir='ltr'>ἔφη</span> <span class='ocrx_word' id='word_1_105' title='bbox 1467 1621 1583 1676; x_wconf 88' lang='grc' dir='ltr'>τοῖς</span> <span class='ocrx_word' id='word_1_106' title='bbox 1619 1615 1733 1687; x_wconf 84' lang='grc' dir='ltr'>μετ’</span> <span class='ocrx_word' id='word_1_107' title='bbox 1763 1613 1945 1685; x_wconf 75' lang='grc' dir='ltr'>αὐτοῦ,</span> 
     </span>
    </p>
   </div>
   <div class='ocr_carea' id='block_1_18' title="bbox 300 1702 1950 1779">
    <p class='ocr_par' dir='ltr' id='par_1_18' title="bbox 300 1702 1950 1779">
     <span class='ocr_line' id='line_1_18' title="bbox 300 1702 1950 1779; baseline -0.002 -21"><span class='ocrx_word' id='word_1_108' title='bbox 300 1704 429 1778; x_wconf 80' lang='grc' dir='ltr'>περὶ</span> <span class='ocrx_word' id='word_1_109' title='bbox 460 1708 555 1758; x_wconf 79' lang='grc' dir='ltr'><strong>τοῦ</strong></span> <span class='ocrx_word' id='word_1_110' title='bbox 574 1705 650 1777; x_wconf 84' lang='grc' dir='ltr'>(α)</span> <span class='ocrx_word' id='word_1_111' title='bbox 680 1702 853 1779; x_wconf 75' lang='grc' dir='ltr'>πολὺν</span> <span class='ocrx_word' id='word_1_112' title='bbox 884 1704 933 1758; x_wconf 85' lang='grc' dir='ltr'>έν</span> <span class='ocrx_word' id='word_1_113' title='bbox 963 1704 1201 1779; x_wconf 80' lang='grc' dir='ltr'>εὐγενείᾳ</span> <span class='ocrx_word' id='word_1_114' title='bbox 1227 1726 1285 1759; x_wconf 89' lang='grc' dir='ltr'>τε</span> <span class='ocrx_word' id='word_1_115' title='bbox 1314 1705 1401 1758; x_wconf 78' lang='grc' dir='ltr'>καὶ</span> <span class='ocrx_word' id='word_1_116' title='bbox 1433 1704 1648 1779; x_wconf 91' lang='grc' dir='ltr'>τρόπων</span> <span class='ocrx_word' id='word_1_117' title='bbox 1676 1702 1950 1778; x_wconf 74' lang='grc' dir='ltr'>έλευθερίᾳ</span> 
     </span>
    </p>
   </div>
   <div class='ocr_carea' id='block_1_19' title="bbox 299 1788 1947 1868">
    <p class='ocr_par' dir='ltr' id='par_1_19' title="bbox 299 1788 1947 1868">
     <span class='ocr_line' id='line_1_19' title="bbox 299 1788 1947 1868; baseline -0.002 -21"><span class='ocrx_word' id='word_1_118' title='bbox 299 1792 443 1867; x_wconf 84' lang='grc' dir='ltr'>πρός</span> <span class='ocrx_word' id='word_1_119' title='bbox 477 1793 615 1865; x_wconf 75' lang='grc' dir='ltr'>ὑμᾶς</span> <span class='ocrx_word' id='word_1_120' title='bbox 647 1793 948 1866; x_wconf 68' lang='grc' dir='ltr'>ἐποιούμην</span> <span class='ocrx_word' id='word_1_121' title='bbox 978 1791 1165 1868; x_wconf 71' lang='grc' dir='ltr'>λόγον*</span> <span class='ocrx_word' id='word_1_122' title='bbox 1199 1792 1281 1848; x_wconf 82' lang='grc' dir='ltr'>ὅτι</span> <span class='ocrx_word' id='word_1_123' title='bbox 1313 1793 1444 1868; x_wconf 76' lang='grc' dir='ltr'>ἀνὴρ</span> <span class='ocrx_word' id='word_1_124' title='bbox 1478 1792 1634 1867; x_wconf 88' lang='grc' dir='ltr'>γένος</span> <span class='ocrx_word' id='word_1_125' title='bbox 1653 1812 1712 1846; x_wconf 89' lang='grc' dir='ltr'>τε</span> <span class='ocrx_word' id='word_1_126' title='bbox 1741 1788 1813 1845; x_wconf 80' lang='grc' dir='ltr'>ὢν</span> <span class='ocrx_word' id='word_1_127' title='bbox 1844 1791 1947 1845; x_wconf 87' lang='grc' dir='ltr'>ἀπὸ</span> 
     </span>
    </p>
   </div>
   <div class='ocr_carea' id='block_1_20' title="bbox 2061 638 3708 713">
    <p class='ocr_par' dir='ltr' id='par_1_20' title="bbox 2061 638 3708 713">
     <span class='ocr_line' id='line_1_20' title="bbox 2061 638 3708 713; baseline 0.002 -22"><span class='ocrx_word' id='word_1_128' title='bbox 2061 654 2191 692; x_wconf 88' lang='lat' dir='ltr'>rum</span> <span class='ocrx_word' id='word_1_129' title='bbox 2217 638 2585 711; x_wconf 81' lang='lat' dir='ltr'>exstinguere</span> <span class='ocrx_word' id='word_1_130' title='bbox 2606 640 3046 713; x_wconf 88' lang='lat' dir='ltr'>tantumignem</span> <span class='ocrx_word' id='word_1_131' title='bbox 3079 638 3708 706; x_wconf 85' lang='lat' dir='ltr'>accensum.Quare,ea</span> 
     </span>
    </p>
   </div>
   <div class='ocr_carea' id='block_1_21' title="bbox 2058 726 3705 799">
    <p class='ocr_par' dir='ltr' id='par_1_21' title="bbox 2058 726 3705 799">
     <span class='ocr_line' id='line_1_21' title="bbox 2058 726 3705 799; baseline 0.001 -19"><span class='ocrx_word' id='word_1_132' title='bbox 2058 726 2247 797; x_wconf 87' lang='lat' dir='ltr'>gratia</span> <span class='ocrx_word' id='word_1_133' title='bbox 2278 731 2343 781; x_wconf 92' lang='lat' dir='ltr'>ut</span> <span class='ocrx_word' id='word_1_134' title='bbox 2370 744 2471 782; x_wconf 91' lang='lat' dir='ltr'>vos</span> <span class='ocrx_word' id='word_1_135' title='bbox 2502 727 2559 782; x_wconf 92' lang='lat' dir='ltr'>in</span> <span class='ocrx_word' id='word_1_136' title='bbox 2592 728 2913 799; x_wconf 89' lang='lat' dir='ltr'>periculum</span> <span class='ocrx_word' id='word_1_137' title='bbox 2951 746 3062 783; x_wconf 92' lang='lat' dir='ltr'>non</span> <span class='ocrx_word' id='word_1_138' title='bbox 3094 727 3362 797; x_wconf 83' lang='lat' dir='ltr'>veniatis,</span> <span class='ocrx_word' id='word_1_139' title='bbox 3397 728 3599 783; x_wconf 79' lang='lat' dir='ltr'>hortor</span> <span class='ocrx_word' id='word_1_140' title='bbox 3632 744 3705 782; x_wconf 89' lang='lat' dir='ltr'>ne</span> 
     </span>
    </p>
   </div>
   <div class='ocr_carea' id='block_1_22' title="bbox 2058 815 3702 889">
    <p class='ocr_par' dir='ltr' id='par_1_22' title="bbox 2058 815 3702 889">
     <span class='ocr_line' id='line_1_22' title="bbox 2058 815 3702 889; baseline 0.003 -21"><span class='ocrx_word' id='word_1_141' title='bbox 2058 815 2382 887; x_wconf 81' lang='lat' dir='ltr'>quidquam</span> <span class='ocrx_word' id='word_1_142' title='bbox 2414 818 2691 872; x_wconf 89' lang='lat' dir='ltr'>adversus</span> <span class='ocrx_word' id='word_1_143' title='bbox 2714 834 2847 872; x_wconf 91' lang='lat' dir='ltr'>eum</span> <span class='ocrx_word' id='word_1_144' title='bbox 2880 818 3141 883; x_wconf 83' lang='lat' dir='ltr'>tentetis,</span> <span class='ocrx_word' id='word_1_145' title='bbox 3184 822 3500 888; x_wconf 78' lang='lat' dir='ltr'>antequam</span> <span class='ocrx_word' id='word_1_146' title='bbox 3560 834 3702 889; x_wconf 89' lang='lat' dir='ltr'>apo-</span> 
     </span>
    </p>
   </div>
   <div class='ocr_carea' id='block_1_23' title="bbox 2059 903 3701 977">
    <p class='ocr_par' dir='ltr' id='par_1_23' title="bbox 2059 903 3701 977">
     <span class='ocr_line' id='line_1_23' title="bbox 2059 903 3701 977; baseline 0.001 -19"><span class='ocrx_word' id='word_1_147' title='bbox 2059 903 2247 959; x_wconf 89' lang='lat' dir='ltr'>stolus</span> <span class='ocrx_word' id='word_1_148' title='bbox 2278 909 2485 961; x_wconf 83' lang='lat' dir='ltr'>Petrus</span> <span class='ocrx_word' id='word_1_149' title='bbox 2506 906 3113 977; x_wconf 89' lang='lat' dir='ltr'>venerit,qui,Domini</span> <span class='ocrx_word' id='word_1_150' title='bbox 3136 923 3201 961; x_wconf 92' lang='lat' dir='ltr'>ac</span> <span class='ocrx_word' id='word_1_151' title='bbox 3227 905 3327 961; x_wconf 87' lang='lat' dir='ltr'>Dei</span> <span class='ocrx_word' id='word_1_152' title='bbox 3355 905 3539 961; x_wconf 80' lang='lat' dir='ltr'>nostri</span> <span class='ocrx_word' id='word_1_153' title='bbox 3560 906 3701 962; x_wconf 89' lang='lat' dir='ltr'>Jesu</span> 
     </span>
    </p>
   </div>
   <div class='ocr_carea' id='block_1_24' title="bbox 2058 992 3705 1067">
    <p class='ocr_par' dir='ltr' id='par_1_24' title="bbox 2058 992 3705 1067">
     <span class='ocr_line' id='line_1_24' title="bbox 2058 992 3705 1067; baseline 0.003 -22"><span class='ocrx_word' id='word_1_154' title='bbox 2058 993 2268 1049; x_wconf 83' lang='lat' dir='ltr'>Christi</span> <span class='ocrx_word' id='word_1_155' title='bbox 2302 994 2753 1066; x_wconf 87' lang='lat' dir='ltr'>probatissimus</span> <span class='ocrx_word' id='word_1_156' title='bbox 2776 994 3350 1067; x_wconf 87' lang='lat' dir='ltr'>discipulus,poterit</span> <span class='ocrx_word' id='word_1_157' title='bbox 3380 992 3541 1050; x_wconf 88' lang='lat' dir='ltr'>solus</span> <span class='ocrx_word' id='word_1_158' title='bbox 3571 1011 3705 1050; x_wconf 88' lang='lat' dir='ltr'>con-</span> 
     </span>
    </p>
   </div>
   <div class='ocr_carea' id='block_1_25' title="bbox 2057 1084 3077 1155">
    <p class='ocr_par' dir='ltr' id='par_1_25' title="bbox 2057 1084 3077 1155">
     <span class='ocr_line' id='line_1_25' title="bbox 2057 1084 3077 1155; baseline 0 -19"><span class='ocrx_word' id='word_1_159' title='bbox 2057 1086 2146 1137; x_wconf 89' lang='lat' dir='ltr'>tra</span> <span class='ocrx_word' id='word_1_160' title='bbox 2167 1086 2391 1138; x_wconf 81' lang='lat' dir='ltr'>tantam</span> <span class='ocrx_word' id='word_1_161' title='bbox 2424 1085 2744 1155; x_wconf 84' lang='lat' dir='ltr'>potentiam</span> <span class='ocrx_word' id='word_1_162' title='bbox 2776 1084 3077 1139; x_wconf 83' lang='lat' dir='ltr'>dimicare.</span> 
     </span>
    </p>
   </div>
   <div class='ocr_carea' id='block_1_26' title="bbox 2129 1172 3704 1241">
    <p class='ocr_par' dir='ltr' id='par_1_26' title="bbox 2129 1172 3704 1241">
     <span class='ocr_line' id='line_1_26' title="bbox 2129 1172 3704 1241; baseline 0.002 -14"><span class='ocrx_word' id='word_1_163' title='bbox 2129 1172 2315 1227; x_wconf 81' lang='lat' dir='ltr'><strong>XLVI.</strong></span> <span class='ocrx_word' id='word_1_164' title='bbox 2353 1173 2449 1228; x_wconf 87' lang='lat' dir='ltr'>His</span> <span class='ocrx_word' id='word_1_165' title='bbox 2478 1190 2511 1227; x_wconf 90' lang='lat' dir='ltr'>a</span> <span class='ocrx_word' id='word_1_166' title='bbox 2556 1173 2823 1228; x_wconf 85' lang='lat' dir='ltr'>Berenice</span> <span class='ocrx_word' id='word_1_167' title='bbox 2881 1173 3078 1241; x_wconf 89' lang='lat' dir='ltr'>dictis,</span> <span class='ocrx_word' id='word_1_168' title='bbox 3122 1190 3228 1229; x_wconf 92' lang='lat' dir='ltr'>nos</span> <span class='ocrx_word' id='word_1_169' title='bbox 3268 1190 3437 1229; x_wconf 90' lang='lat' dir='ltr'>mane</span> <span class='ocrx_word' id='word_1_170' title='bbox 3495 1178 3704 1230; x_wconf 89' lang='lat' dir='ltr'>cuncta</span> 
     </span>
    </p>
   </div>
   <div class='ocr_carea' id='block_1_27' title="bbox 2060 1261 3699 1334">
    <p class='ocr_par' dir='ltr' id='par_1_27' title="bbox 2060 1261 3699 1334">
     <span class='ocr_line' id='line_1_27' title="bbox 2060 1261 3699 1334; baseline 0.001 -18"><span class='ocrx_word' id='word_1_171' title='bbox 2060 1262 2132 1316; x_wconf 90' lang='lat' dir='ltr'>de</span> <span class='ocrx_word' id='word_1_172' title='bbox 2162 1261 2398 1317; x_wconf 91' lang='lat' dir='ltr'>Simone</span> <span class='ocrx_word' id='word_1_173' title='bbox 2438 1279 2568 1317; x_wconf 91' lang='lat' dir='ltr'>cum</span> <span class='ocrx_word' id='word_1_174' title='bbox 2623 1263 3087 1334; x_wconf 87' lang='lat' dir='ltr'>scripsissemus,</span> <span class='ocrx_word' id='word_1_175' title='bbox 3116 1263 3187 1318; x_wconf 91' lang='lat' dir='ltr'>ad</span> <span class='ocrx_word' id='word_1_176' title='bbox 3240 1262 3699 1318; x_wconf 81' lang='lat' dir='ltr'>ambulationem</span> 
     </span>
    </p>
   </div>
   <div class='ocr_carea' id='block_1_28' title="bbox 2061 1350 3701 1423">
    <p class='ocr_par' dir='ltr' id='par_1_28' title="bbox 2061 1350 3701 1423">
     <span class='ocr_line' id='line_1_28' title="bbox 2061 1350 3701 1423; baseline 0.002 -19"><span class='ocrx_word' id='word_1_177' title='bbox 2061 1350 2455 1406; x_wconf 82' lang='lat' dir='ltr'>convertimus</span> <span class='ocrx_word' id='word_1_178' title='bbox 2480 1352 2824 1423; x_wconf 85' lang='lat' dir='ltr'>gradum.Et</span> <span class='ocrx_word' id='word_1_179' title='bbox 2853 1352 3128 1407; x_wconf 91' lang='lat' dir='ltr'>continuo</span> <span class='ocrx_word' id='word_1_180' title='bbox 3157 1352 3380 1423; x_wconf 90' lang='lat' dir='ltr'>Appion</span> <span class='ocrx_word' id='word_1_181' title='bbox 3404 1369 3536 1407; x_wconf 92' lang='lat' dir='ltr'>cum</span> <span class='ocrx_word' id='word_1_182' title='bbox 3568 1352 3701 1408; x_wconf 89' lang='lat' dir='ltr'>aliis</span> 
     </span>
    </p>
   </div>
   <div class='ocr_carea' id='block_1_29' title="bbox 2058 1439 3704 1512">
    <p class='ocr_par' dir='ltr' id='par_1_29' title="bbox 2058 1439 3704 1512">
     <span class='ocr_line' id='line_1_29' title="bbox 2058 1439 3704 1512; baseline 0.002 -19"><span class='ocrx_word' id='word_1_183' title='bbox 2058 1440 2301 1511; x_wconf 82' lang='lat' dir='ltr'>triginta</span> <span class='ocrx_word' id='word_1_184' title='bbox 2331 1440 2581 1495; x_wconf 89' lang='lat' dir='ltr'>occurrit</span> <span class='ocrx_word' id='word_1_185' title='bbox 2611 1439 3031 1512; x_wconf 83' lang='lat' dir='ltr'>nobis,Appion</span> <span class='ocrx_word' id='word_1_186' title='bbox 3062 1440 3135 1507; x_wconf 89' lang='lat' dir='ltr'>is,</span> <span class='ocrx_word' id='word_1_187' title='bbox 3170 1441 3342 1511; x_wconf 87' lang='lat' dir='ltr'><strong>cujus</strong></span> <span class='ocrx_word' id='word_1_188' title='bbox 3373 1446 3507 1496; x_wconf 84' lang='lat' dir='ltr'>ante</span> <span class='ocrx_word' id='word_1_189' title='bbox 3546 1458 3704 1496; x_wconf 90' lang='lat' dir='ltr'>men-</span> 
     </span>
    </p>
   </div>
   <div class='ocr_carea' id='block_1_30' title="bbox 2058 1528 3703 1601">
    <p class='ocr_par' dir='ltr' id='par_1_30' title="bbox 2058 1528 3703 1601">
     <span class='ocr_line' id='line_1_30' title="bbox 2058 1528 3703 1601; baseline 0.001 -17"><span class='ocrx_word' id='word_1_190' title='bbox 2058 1530 2273 1585; x_wconf 87' lang='lat' dir='ltr'>tionem</span> <span class='ocrx_word' id='word_1_191' title='bbox 2308 1529 2659 1585; x_wconf 80' lang='lat' dir='ltr'>fecimus.Ac</span> <span class='ocrx_word' id='word_1_192' title='bbox 2690 1528 2866 1583; x_wconf 87' lang='lat' dir='ltr'>simul</span> <span class='ocrx_word' id='word_1_193' title='bbox 2899 1533 3074 1600; x_wconf 90' lang='lat' dir='ltr'>atque</span> <span class='ocrx_word' id='word_1_194' title='bbox 3115 1546 3207 1584; x_wconf 91' lang='lat' dir='ltr'>me</span> <span class='ocrx_word' id='word_1_195' title='bbox 3238 1530 3403 1601; x_wconf 86' lang='lat' dir='ltr'>vidit,</span> <span class='ocrx_word' id='word_1_196' title='bbox 3437 1529 3703 1585; x_wconf 86' lang='lat' dir='ltr'>salutans</span> 
     </span>
    </p>
   </div>
   <div class='ocr_carea' id='block_1_31' title="bbox 2059 1617 3704 1691">
    <p class='ocr_par' dir='ltr' id='par_1_31' title="bbox 2059 1617 3704 1691">
     <span class='ocr_line' id='line_1_31' title="bbox 2059 1617 3704 1691; baseline 0 -18"><span class='ocrx_word' id='word_1_197' title='bbox 2059 1635 2125 1673; x_wconf 92' lang='lat' dir='ltr'>ac</span> <span class='ocrx_word' id='word_1_198' title='bbox 2155 1618 2473 1689; x_wconf 85' lang='lat' dir='ltr'>Osculatus,</span> <span class='ocrx_word' id='word_1_199' title='bbox 2501 1618 2602 1673; x_wconf 91' lang='lat' dir='ltr'>Hic</span> <span class='ocrx_word' id='word_1_200' title='bbox 2634 1622 2741 1683; x_wconf 89' lang='lat' dir='ltr'>est,</span> <span class='ocrx_word' id='word_1_201' title='bbox 2776 1618 2859 1673; x_wconf 88' lang='lat' dir='ltr'>ait</span> <span class='ocrx_word' id='word_1_202' title='bbox 2893 1617 3009 1675; x_wconf 88' lang='lat' dir='ltr'>illis</span> <span class='ocrx_word' id='word_1_203' title='bbox 3042 1618 3147 1691; x_wconf 90' lang='lat' dir='ltr'>qui</span> <span class='ocrx_word' id='word_1_204' title='bbox 3212 1635 3344 1674; x_wconf 91' lang='lat' dir='ltr'>cum</span> <span class='ocrx_word' id='word_1_205' title='bbox 3397 1634 3463 1674; x_wconf 92' lang='lat' dir='ltr'>eo</span> <span class='ocrx_word' id='word_1_206' title='bbox 3516 1623 3704 1689; x_wconf 87' lang='lat' dir='ltr'>erant,</span> 
     </span>
    </p>
   </div>
   <div class='ocr_carea' id='block_1_32' title="bbox 2058 1706 3699 1779">
    <p class='ocr_par' dir='ltr' id='par_1_32' title="bbox 2058 1706 3699 1779">
     <span class='ocr_line' id='line_1_32' title="bbox 2058 1706 3699 1779; baseline -0.001 -17"><span class='ocrx_word' id='word_1_207' title='bbox 2058 1707 2423 1771; x_wconf 88' lang='lat' dir='ltr'>Clemens,de</span> <span class='ocrx_word' id='word_1_208' title='bbox 2447 1724 2561 1778; x_wconf 91' lang='lat' dir='ltr'>quo</span> <span class='ocrx_word' id='word_1_209' title='bbox 2596 1706 2851 1762; x_wconf 90' lang='lat' dir='ltr'>multum</span> <span class='ocrx_word' id='word_1_210' title='bbox 2885 1708 2957 1761; x_wconf 91' lang='lat' dir='ltr'>ad</span> <span class='ocrx_word' id='word_1_211' title='bbox 2987 1725 3087 1763; x_wconf 90' lang='lat' dir='ltr'>vos</span> <span class='ocrx_word' id='word_1_212' title='bbox 3119 1724 3451 1763; x_wconf 87' lang='lat' dir='ltr'>sermonem</span> <span class='ocrx_word' id='word_1_213' title='bbox 3497 1707 3699 1779; x_wconf 78' lang='lat' dir='ltr'>habui,</span> 
     </span>
    </p>
   </div>
   <div class='ocr_carea' id='block_1_33' title="bbox 2061 1795 3700 1869">
    <p class='ocr_par' dir='ltr' id='par_1_33' title="bbox 2061 1795 3700 1869">
     <span class='ocr_line' id='line_1_33' title="bbox 2061 1795 3700 1869; baseline 0.002 -20"><span class='ocrx_word' id='word_1_214' title='bbox 2061 1796 2131 1851; x_wconf 93' lang='lat' dir='ltr'>de</span> <span class='ocrx_word' id='word_1_215' title='bbox 2160 1795 2318 1851; x_wconf 91' lang='lat' dir='ltr'>illius</span> <span class='ocrx_word' id='word_1_216' title='bbox 2349 1796 2649 1851; x_wconf 83' lang='lat' dir='ltr'>nobilitate</span> <span class='ocrx_word' id='word_1_217' title='bbox 2678 1813 2744 1851; x_wconf 89' lang='lat' dir='ltr'>ac</span> <span class='ocrx_word' id='word_1_218' title='bbox 2794 1797 3056 1852; x_wconf 89' lang='lat' dir='ltr'>moribus</span> <span class='ocrx_word' id='word_1_219' title='bbox 3110 1796 3449 1852; x_wconf 83' lang='lat' dir='ltr'>liberalibus</span> <span class='ocrx_word' id='word_1_220' title='bbox 3483 1814 3496 1866; x_wconf 91' lang='lat'><strong>;</strong></span> <span class='ocrx_word' id='word_1_221' title='bbox 3546 1798 3700 1869; x_wconf 92' lang='lat' dir='ltr'>quod</span> 
     </span>
    </p>
   </div>
   <div class='ocr_carea' id='block_1_34' title="bbox 298 1877 1935 1976">
    <p class='ocr_par' dir='ltr' id='par_1_34' title="bbox 298 1877 1935 1959">
     <span class='ocr_line' id='line_1_34' title="bbox 298 1877 1935 1959; baseline -0.003 -21"><span class='ocrx_word' id='word_1_222' title='bbox 298 1882 573 1957; x_wconf 84' lang='grc' dir='ltr'>Καίσαρος</span> <span class='ocrx_word' id='word_1_223' title='bbox 628 1877 896 1959; x_wconf 78' lang='grc' dir='ltr'>Τιϐερίου,</span> <span class='ocrx_word' id='word_1_224' title='bbox 944 1882 1035 1937; x_wconf 82' lang='grc' dir='ltr'>καὶ</span> <span class='ocrx_word' id='word_1_225' title='bbox 1087 1888 1258 1937; x_wconf 74' lang='grc' dir='ltr'>πᾶσαν</span> <span class='ocrx_word' id='word_1_226' title='bbox 1311 1879 1643 1952; x_wconf 74' lang='grc' dir='ltr'>Ἑλληνικὴν</span> <span class='ocrx_word' id='word_1_227' title='bbox 1700 1878 1935 1935; x_wconf 54' lang='grc' dir='ltr'>παιδείαν</span> 
     </span>
    </p>
   </div>
   <div class='ocr_carea' id='block_1_35' title="bbox 2051 1877 3704 1976">
    <p class='ocr_par' dir='ltr' id='par_1_35' title="bbox 2058 1885 3704 1957">
     <span class='ocr_line' id='line_1_35' title="bbox 2058 1885 3704 1957; baseline 0.002 -19"><span class='ocrx_word' id='word_1_228' title='bbox 2058 1885 2167 1955; x_wconf 86' lang='lat' dir='ltr'>vir,</span> <span class='ocrx_word' id='word_1_229' title='bbox 2199 1902 2267 1940; x_wconf 87' lang='lat' dir='ltr'>ex</span> <span class='ocrx_word' id='word_1_230' title='bbox 2296 1901 2504 1957; x_wconf 85' lang='lat' dir='ltr'>genere</span> <span class='ocrx_word' id='word_1_231' title='bbox 2521 1886 2737 1941; x_wconf 83' lang='lat' dir='ltr'>Tiberii</span> <span class='ocrx_word' id='word_1_232' title='bbox 2761 1886 3085 1956; x_wconf 54' lang='lat' dir='ltr'>Caesaris,et</span> <span class='ocrx_word' id='word_1_233' title='bbox 3118 1886 3176 1941; x_wconf 89' lang='lat' dir='ltr'>in</span> <span class='ocrx_word' id='word_1_234' title='bbox 3209 1885 3366 1942; x_wconf 90' lang='lat' dir='ltr'>omni</span> <span class='ocrx_word' id='word_1_235' title='bbox 3401 1886 3599 1942; x_wconf 73' lang='lat' dir='ltr'>Graeca</span> <span class='ocrx_word' id='word_1_236' title='bbox 3617 1886 3704 1943; x_wconf 90' lang='lat' dir='ltr'>di-</span> 
     </span>
    </p>
   </div>
   <div class='ocr_carea' id='block_1_36' title="bbox 294 1966 1949 2048">
    <p class='ocr_par' dir='ltr' id='par_1_36' title="bbox 294 1966 1949 2048">
     <span class='ocr_line' id='line_1_36' title="bbox 294 1966 1949 2048; baseline -0.002 -23"><span class='ocrx_word' id='word_1_237' title='bbox 294 1971 701 2043; x_wconf 67' lang='grc' dir='ltr'>ἐξησκημένος,</span> <span class='ocrx_word' id='word_1_238' title='bbox 754 1972 856 2026; x_wconf 84' lang='grc' dir='ltr'>ὑπὸ</span> <span class='ocrx_word' id='word_1_239' title='bbox 911 1966 1185 2048; x_wconf 88' lang='grc' dir='ltr'>βαρϐάρου</span> <span class='ocrx_word' id='word_1_240' title='bbox 1235 1971 1377 2032; x_wconf 84' lang='grc' dir='ltr'>τινὸς</span> <span class='ocrx_word' id='word_1_241' title='bbox 1433 1972 1533 2039; x_wconf 80' lang='grc' dir='ltr'>τήν</span> <span class='ocrx_word' id='word_1_242' title='bbox 1580 1970 1949 2046; x_wconf 81' lang='grc' dir='ltr'>προσηγορίαν</span> 
     </span>
    </p>
   </div>
   <div class='ocr_carea' id='block_1_37' title="bbox 300 2058 1944 2138">
    <p class='ocr_par' dir='ltr' id='par_1_37' title="bbox 300 2058 1944 2138">
     <span class='ocr_line' id='line_1_37' title="bbox 300 2058 1944 2138; baseline -0.002 -23"><span class='ocrx_word' id='word_1_243' title='bbox 300 2061 535 2138; x_wconf 83' lang='grc' dir='ltr'>Πέτρου,</span> <span class='ocrx_word' id='word_1_244' title='bbox 580 2062 647 2115; x_wconf 74' lang='grc' dir='ltr'>τὰ</span> <span class='ocrx_word' id='word_1_245' title='bbox 695 2066 1026 2136; x_wconf 78' lang='grc' dir='ltr'>Χριστιανῶν</span> <span class='ocrx_word' id='word_1_246' title='bbox 1074 2066 1248 2115; x_wconf 81' lang='grc' dir='ltr'>ποιεῖν</span> <span class='ocrx_word' id='word_1_247' title='bbox 1299 2060 1387 2114; x_wconf 80' lang='grc' dir='ltr'>καὶ</span> <span class='ocrx_word' id='word_1_248' title='bbox 1438 2058 1615 2134; x_wconf 88' lang='grc' dir='ltr'>λέγειν</span> <span class='ocrx_word' id='word_1_249' title='bbox 1650 2060 1944 2129; x_wconf 82' lang='grc' dir='ltr'>ἠπάτηται.</span> 
     </span>
    </p>
   </div>
   <div class='ocr_carea' id='block_1_38' title="bbox 290 2145 1945 2226">
    <p class='ocr_par' dir='ltr' id='par_1_38' title="bbox 290 2145 1945 2226">
     <span class='ocr_line' id='line_1_38' title="bbox 290 2145 1945 2226; baseline -0.002 -23"><span class='ocrx_word' id='word_1_250' title='bbox 290 2152 451 2204; x_wconf 83' lang='grc' dir='ltr'>Ὅθεν</span> <span class='ocrx_word' id='word_1_251' title='bbox 479 2150 631 2220; x_wconf 80' lang='grc' dir='ltr'>ἀξιῶ,</span> <span class='ocrx_word' id='word_1_252' title='bbox 664 2149 1086 2226; x_wconf 87' lang='grc' dir='ltr'>συναγωνίσασθέ</span> <span class='ocrx_word' id='word_1_253' title='bbox 1137 2170 1228 2221; x_wconf 83' lang='grc' dir='ltr'>μοι</span> <span class='ocrx_word' id='word_1_254' title='bbox 1274 2150 1411 2225; x_wconf 85' lang='grc' dir='ltr'>πρὸς</span> <span class='ocrx_word' id='word_1_255' title='bbox 1440 2149 1539 2217; x_wconf 81' lang='grc' dir='ltr'>τήν</span> <span class='ocrx_word' id='word_1_256' title='bbox 1570 2148 1766 2203; x_wconf 90' lang='grc' dir='ltr'>τούτου</span> <span class='ocrx_word' id='word_1_257' title='bbox 1800 2145 1945 2221; x_wconf 85' lang='grc' dir='ltr'>διόρ-</span> 
     </span>
    </p>
   </div>
   <div class='ocr_carea' id='block_1_39' title="bbox 300 2236 1946 2317">
    <p class='ocr_par' dir='ltr' id='par_1_39' title="bbox 300 2236 1946 2317">
     <span class='ocr_line' id='line_1_39' title="bbox 300 2236 1946 2317; baseline -0.001 -25"><span class='ocrx_word' id='word_1_258' title='bbox 300 2241 491 2294; x_wconf 88' lang='grc' dir='ltr'>θωσιν.</span> <span class='ocrx_word' id='word_1_259' title='bbox 525 2240 639 2317; x_wconf 75' lang='grc' dir='ltr'>Ἐφ’</span> <span class='ocrx_word' id='word_1_260' title='bbox 673 2240 823 2313; x_wconf 85' lang='grc' dir='ltr'>ὑμῶν</span> <span class='ocrx_word' id='word_1_261' title='bbox 852 2240 955 2314; x_wconf 75' lang='grc' dir='ltr'>γὰρ</span> <span class='ocrx_word' id='word_1_262' title='bbox 999 2238 1164 2294; x_wconf 80' lang='grc' dir='ltr'>αὐτοῦ</span> <span class='ocrx_word' id='word_1_263' title='bbox 1213 2239 1567 2310; x_wconf 86' lang='grc' dir='ltr'>πυνθάνομαι,</span> <span class='ocrx_word' id='word_1_264' title='bbox 1599 2236 1691 2291; x_wconf 72' lang='grc' dir='ltr'>καί</span> <span class='ocrx_word' id='word_1_265' title='bbox 1740 2236 1946 2310; x_wconf 92' lang='grc' dir='ltr'>λεγέτω</span> 
     </span>
    </p>
   </div>
   <div class='ocr_carea' id='block_1_40' title="bbox 301 2322 1944 2402">
    <p class='ocr_par' dir='ltr' id='par_1_40' title="bbox 301 2322 1944 2402">
     <span class='ocr_line' id='line_1_40' title="bbox 301 2322 1944 2402; baseline -0.002 -20"><span class='ocrx_word' id='word_1_266' title='bbox 301 2349 419 2401; x_wconf 76' lang='grc' dir='ltr'>μοι’</span> <span class='ocrx_word' id='word_1_267' title='bbox 478 2326 665 2396; x_wconf 77' lang='grc' dir='ltr'>ἒπειδὴ</span> <span class='ocrx_word' id='word_1_268' title='bbox 725 2329 860 2402; x_wconf 85' lang='grc' dir='ltr'>πρὸς</span> <span class='ocrx_word' id='word_1_269' title='bbox 908 2328 971 2382; x_wconf 86' lang='grc' dir='ltr'>τὸ</span> <span class='ocrx_word' id='word_1_270' title='bbox 1026 2322 1258 2383; x_wconf 85' lang='grc' dir='ltr'>εὐσεϐεῖν</span> <span class='ocrx_word' id='word_1_271' title='bbox 1310 2327 1495 2382; x_wconf 69' lang='grc' dir='ltr'>ἑαυτὸν</span> <span class='ocrx_word' id='word_1_272' title='bbox 1544 2323 1944 2381; x_wconf 68' lang='grc' dir='ltr'>ἀποδεδωκέναι</span> 
     </span>
    </p>
   </div>
   <div class='ocr_carea' id='block_1_41' title="bbox 295 2410 1947 2493">
    <p class='ocr_par' dir='ltr' id='par_1_41' title="bbox 295 2410 1947 2493">
     <span class='ocr_line' id='line_1_41' title="bbox 295 2410 1947 2493; baseline -0.002 -23"><span class='ocrx_word' id='word_1_273' title='bbox 295 2417 533 2489; x_wconf 81' lang='grc' dir='ltr'>νομίζει,</span> <span class='ocrx_word' id='word_1_274' title='bbox 567 2422 682 2478; x_wconf 88' lang='grc' dir='ltr'>πῶς</span> <span class='ocrx_word' id='word_1_275' title='bbox 732 2416 858 2493; x_wconf 81' lang='grc' dir='ltr'>οὐχὶ</span> <span class='ocrx_word' id='word_1_276' title='bbox 906 2416 1085 2471; x_wconf 85' lang='grc' dir='ltr'>καὶτά</span> <span class='ocrx_word' id='word_1_277' title='bbox 1135 2416 1360 2492; x_wconf 82' lang='grc' dir='ltr'>μέγιστα</span> <span class='ocrx_word' id='word_1_278' title='bbox 1412 2410 1614 2486; x_wconf 85' lang='grc' dir='ltr'>ἀσεϐεῖ,</span> <span class='ocrx_word' id='word_1_279' title='bbox 1652 2415 1947 2491; x_wconf 70' lang='grc' dir='ltr'>τάπάτρια</span> 
     </span>
    </p>
   </div>
   <div class='ocr_carea' id='block_1_42' title="bbox 303 2500 1944 2581">
    <p class='ocr_par' dir='ltr' id='par_1_42' title="bbox 303 2500 1944 2581">
     <span class='ocr_line' id='line_1_42' title="bbox 303 2500 1944 2581; baseline -0.001 -23"><span class='ocrx_word' id='word_1_280' title='bbox 303 2507 400 2579; x_wconf 76' lang='grc' dir='ltr'>μὲν</span> <span class='ocrx_word' id='word_1_281' title='bbox 427 2505 765 2579; x_wconf 78' lang='grc' dir='ltr'>καταλιπὼν,</span> <span class='ocrx_word' id='word_1_282' title='bbox 815 2504 1108 2567; x_wconf 84' lang='grc' dir='ltr'>ἀποκλίνας</span> <span class='ocrx_word' id='word_1_283' title='bbox 1168 2502 1225 2560; x_wconf 76' lang='grc' dir='ltr'>δὲ</span> <span class='ocrx_word' id='word_1_284' title='bbox 1283 2505 1358 2567; x_wconf 81' lang='grc' dir='ltr'>είς</span> <span class='ocrx_word' id='word_1_285' title='bbox 1410 2502 1501 2576; x_wconf 82' lang='grc' dir='ltr'>ἔθη</span> <span class='ocrx_word' id='word_1_286' title='bbox 1563 2500 1807 2581; x_wconf 80' lang='grc' dir='ltr'>βάρϐαρα</span> <span class='ocrx_word' id='word_1_287' title='bbox 1855 2503 1944 2558; x_wconf 83' lang='grc' dir='ltr'>καὶ</span> 
     </span>
    </p>
   </div>
   <div class='ocr_carea' id='block_1_43' title="bbox 296 2594 597 2653">
    <p class='ocr_par' dir='ltr' id='par_1_43' title="bbox 296 2594 597 2653">
     <span class='ocr_line' id='line_1_43' title="bbox 296 2594 597 2653; baseline 0.007 -3"><span class='ocrx_word' id='word_1_288' title='bbox 296 2594 597 2653; x_wconf 85' lang='grc' dir='ltr'>ἀλλόκοτα.</span> 
     </span>
    </p>
   </div>
   <div class='ocr_carea' id='block_1_44' title="bbox 364 2771 1939 2849">
    <p class='ocr_par' dir='ltr' id='par_1_44' title="bbox 364 2771 1939 2849">
     <span class='ocr_line' id='line_1_44' title="bbox 364 2771 1939 2849; baseline -0.001 -21"><span class='ocrx_word' id='word_1_289' title='bbox 364 2772 752 2849; x_wconf 65' lang='grc' dir='ltr'>ΧῐλνΙΙ.Κάγὼ</span> <span class='ocrx_word' id='word_1_290' title='bbox 782 2772 919 2849; x_wconf 87' lang='grc' dir='ltr'>πρὸς</span> <span class='ocrx_word' id='word_1_291' title='bbox 941 2771 1228 2842; x_wconf 67' lang='grc' dir='ltr'>σύτόνθτὴν</span> <span class='ocrx_word' id='word_1_292' title='bbox 1266 2772 1359 2846; x_wconf 76' lang='grc' dir='ltr'>μέν</span> <span class='ocrx_word' id='word_1_293' title='bbox 1392 2773 1529 2847; x_wconf 85' lang='grc' dir='ltr'>πρὸς</span> <span class='ocrx_word' id='word_1_294' title='bbox 1559 2773 1655 2846; x_wconf 78' lang='grc' dir='ltr'>ὲμέ</span> <span class='ocrx_word' id='word_1_295' title='bbox 1686 2793 1802 2840; x_wconf 89' lang='grc' dir='ltr'>σου,</span> <span class='ocrx_word' id='word_1_296' title='bbox 1836 2794 1939 2849; x_wconf 82' lang='grc' dir='ltr'>φη-</span> 
     </span>
    </p>
   </div>
   <div class='ocr_carea' id='block_1_45' title="bbox 288 2859 1941 2938">
    <p class='ocr_par' dir='ltr' id='par_1_45' title="bbox 288 2859 1941 2938">
     <span class='ocr_line' id='line_1_45' title="bbox 288 2859 1941 2938; baseline 0.001 -24"><span class='ocrx_word' id='word_1_297' title='bbox 288 2862 373 2935; x_wconf 78' lang='grc' dir='ltr'>μὶ,</span> <span class='ocrx_word' id='word_1_298' title='bbox 418 2862 628 2937; x_wconf 78' lang='grc' dir='ltr'>ἀγαθὴν</span> <span class='ocrx_word' id='word_1_299' title='bbox 678 2862 991 2938; x_wconf 87' lang='grc' dir='ltr'>προαίρεσιν</span> <span class='ocrx_word' id='word_1_300' title='bbox 1033 2860 1401 2938; x_wconf 71' lang='grc' dir='ltr'>ἀποδέχομαι·</span> <span class='ocrx_word' id='word_1_301' title='bbox 1434 2863 1533 2931; x_wconf 82' lang='grc' dir='ltr'>τήν</span> <span class='ocrx_word' id='word_1_302' title='bbox 1576 2859 1634 2917; x_wconf 72' lang='grc' dir='ltr'>δὲ</span> <span class='ocrx_word' id='word_1_303' title='bbox 1676 2862 1941 2937; x_wconf 70' lang='grc' dir='ltr'>ἀγνωσίαν</span> 
     </span>
    </p>
   </div>
   <div class='ocr_carea' id='block_1_46' title="bbox 286 2950 1937 3028">
    <p class='ocr_par' dir='ltr' id='par_1_46' title="bbox 286 2950 1937 3028">
     <span class='ocr_line' id='line_1_46' title="bbox 286 2950 1937 3028; baseline -0.001 -22"><span class='ocrx_word' id='word_1_304' title='bbox 286 2951 716 3023; x_wconf 80' lang='grc' dir='ltr'>ἀποσείομαι.Ἡ</span> <span class='ocrx_word' id='word_1_305' title='bbox 741 2951 835 3023; x_wconf 73' lang='grc' dir='ltr'>μὲν</span> <span class='ocrx_word' id='word_1_306' title='bbox 870 2953 971 3027; x_wconf 76' lang='grc' dir='ltr'>γάρ</span> <span class='ocrx_word' id='word_1_307' title='bbox 996 2952 1311 3028; x_wconf 85' lang='grc' dir='ltr'>προαίρεσις</span> <span class='ocrx_word' id='word_1_308' title='bbox 1344 2951 1545 3026; x_wconf 76' lang='grc' dir='ltr'>ἀγαθὴ,</span> <span class='ocrx_word' id='word_1_309' title='bbox 1577 2950 1764 3027; x_wconf 80' lang='grc' dir='ltr'>ὅτιπερ</span> <span class='ocrx_word' id='word_1_310' title='bbox 1781 2952 1830 3005; x_wconf 84' lang='grc' dir='ltr'>έν</span> <span class='ocrx_word' id='word_1_311' title='bbox 1857 2951 1937 3013; x_wconf 83' lang='grc' dir='ltr'>οἷς</span> 
     </span>
    </p>
   </div>
   <div class='ocr_carea' id='block_1_47' title="bbox 285 3038 1937 3116">
    <p class='ocr_par' dir='ltr' id='par_1_47' title="bbox 285 3038 1937 3116">
     <span class='ocr_line' id='line_1_47' title="bbox 285 3038 1937 3116; baseline -0.001 -20"><span class='ocrx_word' id='word_1_312' title='bbox 285 3040 468 3103; x_wconf 82' lang='grc' dir='ltr'>δοκεῖς</span> <span class='ocrx_word' id='word_1_313' title='bbox 500 3040 715 3108; x_wconf 88' lang='grc' dir='ltr'>καλοῖς,</span> <span class='ocrx_word' id='word_1_314' title='bbox 751 3041 801 3095; x_wconf 80' lang='grc' dir='ltr'>έν</span> <span class='ocrx_word' id='word_1_315' title='bbox 832 3040 1047 3103; x_wconf 88' lang='grc' dir='ltr'>τούτοις</span> <span class='ocrx_word' id='word_1_316' title='bbox 1080 3039 1213 3095; x_wconf 82' lang='grc' dir='ltr'>εἶναί</span> <span class='ocrx_word' id='word_1_317' title='bbox 1247 3061 1313 3114; x_wconf 85' lang='grc' dir='ltr'>με</span> <span class='ocrx_word' id='word_1_318' title='bbox 1342 3040 1538 3104; x_wconf 83' lang='grc' dir='ltr'>θέλεις·</span> <span class='ocrx_word' id='word_1_319' title='bbox 1573 3042 1606 3111; x_wconf 79' lang='grc' dir='ltr'>ἡ</span> <span class='ocrx_word' id='word_1_320' title='bbox 1640 3038 1697 3095; x_wconf 76' lang='grc' dir='ltr'>δὲ</span> <span class='ocrx_word' id='word_1_321' title='bbox 1740 3044 1937 3116; x_wconf 89' lang='grc' dir='ltr'>γνῶσις</span> 
     </span>
    </p>
   </div>
   <div class='ocr_carea' id='block_1_48' title="bbox 285 3124 1936 3207">
    <p class='ocr_par' dir='ltr' id='par_1_48' title="bbox 285 3124 1936 3207">
     <span class='ocr_line' id='line_1_48' title="bbox 285 3124 1936 3207; baseline 0 -24"><span class='ocrx_word' id='word_1_322' title='bbox 285 3127 390 3184; x_wconf 80' lang='grc' dir='ltr'>οὐκ</span> <span class='ocrx_word' id='word_1_323' title='bbox 446 3129 623 3205; x_wconf 78' lang='grc' dir='ltr'>ὀρθῶς</span> <span class='ocrx_word' id='word_1_324' title='bbox 676 3124 895 3204; x_wconf 77' lang='grc' dir='ltr'>ἔχουσα,</span> <span class='ocrx_word' id='word_1_325' title='bbox 953 3131 1217 3207; x_wconf 69' lang='grc' dir='ltr'>προφάσει</span> <span class='ocrx_word' id='word_1_326' title='bbox 1275 3130 1375 3205; x_wconf 73' lang='grc' dir='ltr'>γὰρ</span> <span class='ocrx_word' id='word_1_327' title='bbox 1426 3128 1610 3207; x_wconf 79' lang='grc' dir='ltr'>φιλίας</span> <span class='ocrx_word' id='word_1_328' title='bbox 1659 3129 1936 3191; x_wconf 75' lang='grc' dir='ltr'>λανθάνεις</span> 
     </span>
    </p>
   </div>
   <div class='ocr_carea' id='block_1_49' title="bbox 284 3216 1930 3294">
    <p class='ocr_par' dir='ltr' id='par_1_49' title="bbox 284 3216 1930 3294">
     <span class='ocr_line' id='line_1_49' title="bbox 284 3216 1930 3294; baseline 0 -22"><span class='ocrx_word' id='word_1_329' title='bbox 284 3218 425 3294; x_wconf 81' lang='grc' dir='ltr'>πρὸς</span> <span class='ocrx_word' id='word_1_330' title='bbox 476 3217 685 3288; x_wconf 81' lang='grc' dir='ltr'>ἀπάτην</span> <span class='ocrx_word' id='word_1_331' title='bbox 739 3219 887 3290; x_wconf 74' lang='grc' dir='ltr'>ἡμᾶς</span> <span class='ocrx_word' id='word_1_332' title='bbox 942 3216 1341 3291; x_wconf 67' lang='grc' dir='ltr'>ἐκκαλούμενος</span> <span class='ocrx_word' id='word_1_333' title='bbox 1375 3262 1386 3274; x_wconf 94' lang='grc'>.</span> <span class='ocrx_word' id='word_1_334' title='bbox 1448 3218 1548 3275; x_wconf 86' lang='grc' dir='ltr'>Καὶ</span> <span class='ocrx_word' id='word_1_335' title='bbox 1607 3219 1634 3273; x_wconf 83' lang='grc' dir='ltr'><strong>ὁ</strong></span> <span class='ocrx_word' id='word_1_336' title='bbox 1668 3219 1930 3274; x_wconf 82' lang='grc' dir='ltr'>Ἀππίων·</span> 
     </span>
    </p>
   </div>
   <div class='ocr_carea' id='block_1_50' title="bbox 2056 1974 3702 2048">
    <p class='ocr_par' dir='ltr' id='par_1_50' title="bbox 2056 1974 3702 2048">
     <span class='ocr_line' id='line_1_50' title="bbox 2056 1974 3702 2048; baseline 0.001 -19"><span class='ocrx_word' id='word_1_337' title='bbox 2056 1974 2302 2045; x_wconf 89' lang='lat' dir='ltr'>sciplina</span> <span class='ocrx_word' id='word_1_338' title='bbox 2330 1974 2739 2041; x_wconf 83' lang='lat' dir='ltr'>exercitatus,a</span> <span class='ocrx_word' id='word_1_339' title='bbox 2768 1976 3013 2030; x_wconf 78' lang='lat' dir='ltr'>barbam</span> <span class='ocrx_word' id='word_1_340' title='bbox 3072 1975 3327 2046; x_wconf 89' lang='lat' dir='ltr'>quodam</span> <span class='ocrx_word' id='word_1_341' title='bbox 3379 1975 3478 2048; x_wconf 92' lang='lat' dir='ltr'>qui</span> <span class='ocrx_word' id='word_1_342' title='bbox 3535 1992 3702 2032; x_wconf 88' lang='lat' dir='ltr'>voca-</span> 
     </span>
    </p>
   </div>
   <div class='ocr_carea' id='block_1_51' title="bbox 2055 2064 3700 2137">
    <p class='ocr_par' dir='ltr' id='par_1_51' title="bbox 2055 2064 3700 2137">
     <span class='ocr_line' id='line_1_51' title="bbox 2055 2064 3700 2137; baseline 0.002 -20"><span class='ocrx_word' id='word_1_343' title='bbox 2055 2067 2152 2117; x_wconf 91' lang='lat' dir='ltr'>tur</span> <span class='ocrx_word' id='word_1_344' title='bbox 2180 2064 2617 2130; x_wconf 80' lang='lat' dir='ltr'>Petrus,l‘raude</span> <span class='ocrx_word' id='word_1_345' title='bbox 2647 2064 2986 2136; x_wconf 85' lang='lat' dir='ltr'>compulsus</span> <span class='ocrx_word' id='word_1_346' title='bbox 3018 2069 3176 2120; x_wconf 85' lang='lat' dir='ltr'>esset</span> <span class='ocrx_word' id='word_1_347' title='bbox 3209 2065 3276 2119; x_wconf 89' lang='lat' dir='ltr'>ad</span> <span class='ocrx_word' id='word_1_348' title='bbox 3340 2065 3700 2137; x_wconf 87' lang='lat' dir='ltr'>peragendos</span> 
     </span>
    </p>
   </div>
   <div class='ocr_carea' id='block_1_52' title="bbox 2056 2152 3695 2226">
    <p class='ocr_par' dir='ltr' id='par_1_52' title="bbox 2056 2152 3695 2226">
     <span class='ocr_line' id='line_1_52' title="bbox 2056 2152 3695 2226; baseline 0.002 -20"><span class='ocrx_word' id='word_1_349' title='bbox 2056 2169 2122 2207; x_wconf 89' lang='lat' dir='ltr'>ac</span> <span class='ocrx_word' id='word_1_350' title='bbox 2154 2154 2552 2224; x_wconf 68' lang='lat' dir='ltr'>praedicandos</span> <span class='ocrx_word' id='word_1_351' title='bbox 2592 2152 3057 2210; x_wconf 87' lang='lat' dir='ltr'>Christianorum</span> <span class='ocrx_word' id='word_1_352' title='bbox 3090 2153 3254 2208; x_wconf 89' lang='lat' dir='ltr'>ritus.</span> <span class='ocrx_word' id='word_1_353' title='bbox 3292 2156 3478 2219; x_wconf 91' lang='lat' dir='ltr'>Quare</span> <span class='ocrx_word' id='word_1_354' title='bbox 3534 2170 3695 2226; x_wconf 89' lang='lat' dir='ltr'>rogo,</span> 
     </span>
    </p>
   </div>
   <div class='ocr_carea' id='block_1_53' title="bbox 2057 2241 3697 2315">
    <p class='ocr_par' dir='ltr' id='par_1_53' title="bbox 2057 2241 3697 2315">
     <span class='ocr_line' id='line_1_53' title="bbox 2057 2241 3697 2315; baseline 0.002 -20"><span class='ocrx_word' id='word_1_355' title='bbox 2057 2241 2321 2311; x_wconf 85' lang='lat' dir='ltr'>adjuvate</span> <span class='ocrx_word' id='word_1_356' title='bbox 2346 2259 2439 2297; x_wconf 90' lang='lat' dir='ltr'>me</span> <span class='ocrx_word' id='word_1_357' title='bbox 2468 2242 2528 2297; x_wconf 92' lang='lat' dir='ltr'>in</span> <span class='ocrx_word' id='word_1_358' title='bbox 2558 2242 2657 2298; x_wconf 94' lang='lat' dir='ltr'>illo</span> <span class='ocrx_word' id='word_1_359' title='bbox 2687 2243 3044 2315; x_wconf 83' lang='lat' dir='ltr'>corrigendo.</span> <span class='ocrx_word' id='word_1_360' title='bbox 3087 2242 3231 2297; x_wconf 88' lang='lat' dir='ltr'>Nam</span> <span class='ocrx_word' id='word_1_361' title='bbox 3290 2259 3485 2298; x_wconf 90' lang='lat' dir='ltr'>coram</span> <span class='ocrx_word' id='word_1_362' title='bbox 3533 2243 3697 2299; x_wconf 84' lang='lat' dir='ltr'>vobis</span> 
     </span>
    </p>
   </div>
   <div class='ocr_carea' id='block_1_54' title="bbox 2057 2331 3694 2403">
    <p class='ocr_par' dir='ltr' id='par_1_54' title="bbox 2057 2331 3694 2403">
     <span class='ocr_line' id='line_1_54' title="bbox 2057 2331 3694 2403; baseline 0.002 -19"><span class='ocrx_word' id='word_1_363' title='bbox 2057 2346 2189 2385; x_wconf 90' lang='lat' dir='ltr'>eum</span> <span class='ocrx_word' id='word_1_364' title='bbox 2222 2331 2513 2403; x_wconf 85' lang='lat' dir='ltr'>interrogo</span> <span class='ocrx_word' id='word_1_365' title='bbox 2540 2348 2554 2399; x_wconf 91' lang='lat'><strong>;</strong></span> <span class='ocrx_word' id='word_1_366' title='bbox 2579 2348 2645 2387; x_wconf 91' lang='lat' dir='ltr'>ac</span> <span class='ocrx_word' id='word_1_367' title='bbox 2662 2333 3010 2403; x_wconf 88' lang='lat' dir='ltr'>respondeat</span> <span class='ocrx_word' id='word_1_368' title='bbox 3034 2331 3201 2397; x_wconf 91' lang='lat' dir='ltr'>mibi,</span> <span class='ocrx_word' id='word_1_369' title='bbox 3218 2332 3694 2403; x_wconf 89' lang='lat' dir='ltr'>quandoquidem</span> 
     </span>
    </p>
   </div>
   <div class='ocr_carea' id='block_1_55' title="bbox 2056 2419 3696 2493">
    <p class='ocr_par' dir='ltr' id='par_1_55' title="bbox 2056 2419 3696 2493">
     <span class='ocr_line' id='line_1_55' title="bbox 2056 2419 3696 2493; baseline 0.001 -18"><span class='ocrx_word' id='word_1_370' title='bbox 2056 2419 2375 2476; x_wconf 86' lang='lat' dir='ltr'>arbitratur</span> <span class='ocrx_word' id='word_1_371' title='bbox 2402 2421 2557 2492; x_wconf 94' lang='lat' dir='ltr'>quod</span> <span class='ocrx_word' id='word_1_372' title='bbox 2581 2437 2643 2476; x_wconf 91' lang='lat' dir='ltr'>se</span> <span class='ocrx_word' id='word_1_373' title='bbox 2672 2424 2737 2476; x_wconf 93' lang='lat' dir='ltr'>ut</span> <span class='ocrx_word' id='word_1_374' title='bbox 2783 2420 3055 2493; x_wconf 88' lang='lat' dir='ltr'>pietatem</span> <span class='ocrx_word' id='word_1_375' title='bbox 3108 2421 3339 2485; x_wconf 89' lang='lat' dir='ltr'>coleret,</span> <span class='ocrx_word' id='word_1_376' title='bbox 3388 2420 3696 2488; x_wconf 89' lang='lat' dir='ltr'>dediderit,</span> 
     </span>
    </p>
   </div>
   <div class='ocr_carea' id='block_1_56' title="bbox 2056 2509 3696 2583">
    <p class='ocr_par' dir='ltr' id='par_1_56' title="bbox 2056 2509 3696 2583">
     <span class='ocr_line' id='line_1_56' title="bbox 2056 2509 3696 2583; baseline 0.001 -19"><span class='ocrx_word' id='word_1_377' title='bbox 2056 2525 2171 2581; x_wconf 93' lang='lat' dir='ltr'>quo</span> <span class='ocrx_word' id='word_1_378' title='bbox 2203 2510 2375 2565; x_wconf 88' lang='lat' dir='ltr'>modo</span> <span class='ocrx_word' id='word_1_379' title='bbox 2398 2526 2511 2565; x_wconf 89' lang='lat' dir='ltr'>non</span> <span class='ocrx_word' id='word_1_380' title='bbox 2544 2516 2602 2566; x_wconf 89' lang='lat' dir='ltr'>et</span> <span class='ocrx_word' id='word_1_381' title='bbox 2626 2510 2879 2566; x_wconf 86' lang='lat' dir='ltr'>maxime</span> <span class='ocrx_word' id='word_1_382' title='bbox 2910 2509 3128 2583; x_wconf 89' lang='lat' dir='ltr'>impius</span> <span class='ocrx_word' id='word_1_383' title='bbox 3186 2509 3283 2580; x_wconf 86' lang='lat' dir='ltr'>sit,</span> <span class='ocrx_word' id='word_1_384' title='bbox 3317 2509 3414 2581; x_wconf 93' lang='lat' dir='ltr'>qui</span> <span class='ocrx_word' id='word_1_385' title='bbox 3474 2509 3696 2581; x_wconf 85' lang='lat' dir='ltr'>patrios</span> 
     </span>
    </p>
   </div>
   <div class='ocr_carea' id='block_1_57' title="bbox 2053 2598 3699 2671">
    <p class='ocr_par' dir='ltr' id='par_1_57' title="bbox 2053 2598 3699 2671">
     <span class='ocr_line' id='line_1_57' title="bbox 2053 2598 3699 2671; baseline 0.001 -19"><span class='ocrx_word' id='word_1_386' title='bbox 2053 2598 2448 2671; x_wconf 87' lang='lat' dir='ltr'>dereliquerit,</span> <span class='ocrx_word' id='word_1_387' title='bbox 2482 2598 2855 2655; x_wconf 83' lang='lat' dir='ltr'>declinaverit</span> <span class='ocrx_word' id='word_1_388' title='bbox 2883 2615 3015 2655; x_wconf 89' lang='lat' dir='ltr'>vero</span> <span class='ocrx_word' id='word_1_389' title='bbox 3055 2599 3125 2654; x_wconf 90' lang='lat' dir='ltr'>ad</span> <span class='ocrx_word' id='word_1_390' title='bbox 3183 2599 3465 2655; x_wconf 88' lang='lat' dir='ltr'>barbaros</span> <span class='ocrx_word' id='word_1_391' title='bbox 3521 2603 3699 2670; x_wconf 89' lang='lat' dir='ltr'>atque</span> 
     </span>
    </p>
   </div>
   <div class='ocr_carea' id='block_1_58' title="bbox 2052 2685 3000 2744">
    <p class='ocr_par' dir='ltr' id='par_1_58' title="bbox 2052 2685 3000 2744">
     <span class='ocr_line' id='line_1_58' title="bbox 2052 2685 3000 2744; baseline 0 -1"><span class='ocrx_word' id='word_1_392' title='bbox 2052 2685 2276 2743; x_wconf 88' lang='lat' dir='ltr'>alienos</span> <span class='ocrx_word' id='word_1_393' title='bbox 2307 2692 2363 2744; x_wconf 89' lang='lat' dir='ltr'>et</span> <span class='ocrx_word' id='word_1_394' title='bbox 2392 2692 2757 2744; x_wconf 88' lang='lat' dir='ltr'>monstrosos</span> <span class='ocrx_word' id='word_1_395' title='bbox 2788 2704 3000 2744; x_wconf 89' lang='lat' dir='ltr'>mores.</span> 
     </span>
    </p>
   </div>
   <div class='ocr_carea' id='block_1_59' title="bbox 2121 2775 3696 2849">
    <p class='ocr_par' dir='ltr' id='par_1_59' title="bbox 2121 2775 3696 2849">
     <span class='ocr_line' id='line_1_59' title="bbox 2121 2775 3696 2849; baseline 0 -17"><span class='ocrx_word' id='word_1_396' title='bbox 2121 2776 2339 2833; x_wconf 86' lang='lat' dir='ltr'>XLVII.</span> <span class='ocrx_word' id='word_1_397' title='bbox 2373 2778 2441 2833; x_wconf 93' lang='lat' dir='ltr'>Et</span> <span class='ocrx_word' id='word_1_398' title='bbox 2463 2793 2568 2849; x_wconf 85' lang='lat' dir='ltr'>ego</span> <span class='ocrx_word' id='word_1_399' title='bbox 2599 2778 2671 2832; x_wconf 86' lang='lat' dir='ltr'>ad</span> <span class='ocrx_word' id='word_1_400' title='bbox 2703 2775 2869 2832; x_wconf 90' lang='lat' dir='ltr'>illum</span> <span class='ocrx_word' id='word_1_401' title='bbox 2905 2793 2917 2830; x_wconf 92' lang='lat'>:</span> <span class='ocrx_word' id='word_1_402' title='bbox 2952 2777 3137 2833; x_wconf 89' lang='lat' dir='ltr'>Tuam</span> <span class='ocrx_word' id='word_1_403' title='bbox 3179 2775 3420 2848; x_wconf 91' lang='lat' dir='ltr'>quidem</span> <span class='ocrx_word' id='word_1_404' title='bbox 3473 2775 3530 2832; x_wconf 88' lang='lat' dir='ltr'>in</span> <span class='ocrx_word' id='word_1_405' title='bbox 3582 2792 3696 2845; x_wconf 88' lang='lat' dir='ltr'>me,</span> 
     </span>
    </p>
   </div>
   <div class='ocr_carea' id='block_1_60' title="bbox 2049 2863 3690 2937">
    <p class='ocr_par' dir='ltr' id='par_1_60' title="bbox 2049 2863 3690 2937">
     <span class='ocr_line' id='line_1_60' title="bbox 2049 2863 3690 2937; baseline 0.001 -17"><span class='ocrx_word' id='word_1_406' title='bbox 2049 2863 2313 2937; x_wconf 89' lang='lat' dir='ltr'>inquam,</span> <span class='ocrx_word' id='word_1_407' title='bbox 2348 2865 2681 2936; x_wconf 67' lang='lat' dir='ltr'>praeclaram</span> <span class='ocrx_word' id='word_1_408' title='bbox 2702 2865 3085 2934; x_wconf 88' lang='lat' dir='ltr'>voluntatem,</span> <span class='ocrx_word' id='word_1_409' title='bbox 3118 2871 3415 2936; x_wconf 87' lang='lat' dir='ltr'>acceptam</span> <span class='ocrx_word' id='word_1_410' title='bbox 3469 2865 3690 2933; x_wconf 90' lang='lat' dir='ltr'>habeo;</span> 
     </span>
    </p>
   </div>
   <div class='ocr_carea' id='block_1_61' title="bbox 2049 2953 3692 3027">
    <p class='ocr_par' dir='ltr' id='par_1_61' title="bbox 2049 2953 3692 3027">
     <span class='ocr_line' id='line_1_61' title="bbox 2049 2953 3692 3027; baseline 0 -18"><span class='ocrx_word' id='word_1_411' title='bbox 2049 2960 2107 3009; x_wconf 91' lang='lat' dir='ltr'>at</span> <span class='ocrx_word' id='word_1_412' title='bbox 2136 2953 2558 3027; x_wconf 86' lang='lat' dir='ltr'>ignorationem</span> <span class='ocrx_word' id='word_1_413' title='bbox 2592 2954 3095 3010; x_wconf 89' lang='lat' dir='ltr'>amolior.Scilicet</span> <span class='ocrx_word' id='word_1_414' title='bbox 3124 2953 3401 3026; x_wconf 73' lang='lat' dir='ltr'>praeclara</span> <span class='ocrx_word' id='word_1_415' title='bbox 3456 2954 3692 3025; x_wconf 90' lang='lat' dir='ltr'>quidem</span> 
     </span>
    </p>
   </div>
   <div class='ocr_carea' id='block_1_62' title="bbox 2045 3041 3683 3115">
    <p class='ocr_par' dir='ltr' id='par_1_62' title="bbox 2045 3041 3683 3115">
     <span class='ocr_line' id='line_1_62' title="bbox 2045 3041 3683 3115; baseline 0.001 -19"><span class='ocrx_word' id='word_1_416' title='bbox 2045 3041 2315 3098; x_wconf 89' lang='lat' dir='ltr'>voluntas</span> <span class='ocrx_word' id='word_1_417' title='bbox 2347 3048 2455 3114; x_wconf 90' lang='lat' dir='ltr'>est,</span> <span class='ocrx_word' id='word_1_418' title='bbox 2484 3044 2623 3098; x_wconf 92' lang='lat' dir='ltr'>dum</span> <span class='ocrx_word' id='word_1_419' title='bbox 2656 3044 2712 3099; x_wconf 91' lang='lat' dir='ltr'>in</span> <span class='ocrx_word' id='word_1_420' title='bbox 2747 3043 2841 3113; x_wconf 90' lang='lat' dir='ltr'>iis,</span> <span class='ocrx_word' id='word_1_421' title='bbox 2874 3060 3000 3115; x_wconf 72' lang='lat' dir='ltr'>quae</span> <span class='ocrx_word' id='word_1_422' title='bbox 3054 3043 3154 3098; x_wconf 91' lang='lat' dir='ltr'>tibi</span> <span class='ocrx_word' id='word_1_423' title='bbox 3186 3043 3339 3098; x_wconf 92' lang='lat' dir='ltr'>bona</span> <span class='ocrx_word' id='word_1_424' title='bbox 3393 3043 3683 3114; x_wconf 89' lang='lat' dir='ltr'>videntur,</span> 
     </span>
    </p>
   </div>
   <div class='ocr_carea' id='block_1_63' title="bbox 2046 3131 3680 3205">
    <p class='ocr_par' dir='ltr' id='par_1_63' title="bbox 2046 3131 3680 3205">
     <span class='ocr_line' id='line_1_63' title="bbox 2046 3131 3680 3205; baseline 0.001 -20"><span class='ocrx_word' id='word_1_425' title='bbox 2046 3148 2138 3187; x_wconf 90' lang='lat' dir='ltr'>me</span> <span class='ocrx_word' id='word_1_426' title='bbox 2161 3132 2375 3187; x_wconf 90' lang='lat' dir='ltr'>versari</span> <span class='ocrx_word' id='word_1_427' title='bbox 2407 3132 2609 3204; x_wconf 88' lang='lat' dir='ltr'>cupis:</span> <span class='ocrx_word' id='word_1_428' title='bbox 2634 3149 2837 3188; x_wconf 89' lang='lat' dir='ltr'>verum</span> <span class='ocrx_word' id='word_1_429' title='bbox 2870 3133 3124 3205; x_wconf 79' lang='lat' dir='ltr'>cognitio</span> <span class='ocrx_word' id='word_1_430' title='bbox 3157 3149 3272 3187; x_wconf 90' lang='lat' dir='ltr'>non</span> <span class='ocrx_word' id='word_1_431' title='bbox 3302 3136 3455 3187; x_wconf 86' lang='lat' dir='ltr'>recte</span> <span class='ocrx_word' id='word_1_432' title='bbox 3484 3131 3680 3199; x_wconf 83' lang='lat' dir='ltr'>habet;</span> 
     </span>
    </p>
   </div>
   <div class='ocr_carea' id='block_1_64' title="bbox 2044 3220 3682 3293">
    <p class='ocr_par' dir='ltr' id='par_1_64' title="bbox 2044 3220 3682 3293">
     <span class='ocr_line' id='line_1_64' title="bbox 2044 3220 3682 3293; baseline 0 -19"><span class='ocrx_word' id='word_1_433' title='bbox 2044 3220 2278 3292; x_wconf 86' lang='lat' dir='ltr'>ignoras</span> <span class='ocrx_word' id='word_1_434' title='bbox 2308 3221 2462 3277; x_wconf 91' lang='lat' dir='ltr'>enim</span> <span class='ocrx_word' id='word_1_435' title='bbox 2495 3223 2647 3293; x_wconf 90' lang='lat' dir='ltr'>quod</span> <span class='ocrx_word' id='word_1_436' title='bbox 2681 3226 2957 3293; x_wconf 66' lang='lat' dir='ltr'>praatextu</span> <span class='ocrx_word' id='word_1_437' title='bbox 2988 3220 3274 3287; x_wconf 64' lang='lat' dir='ltr'>amicitiis,</span> <span class='ocrx_word' id='word_1_438' title='bbox 3299 3237 3406 3275; x_wconf 90' lang='lat' dir='ltr'>nos</span> <span class='ocrx_word' id='word_1_439' title='bbox 3435 3220 3493 3274; x_wconf 91' lang='lat' dir='ltr'>in</span> <span class='ocrx_word' id='word_1_440' title='bbox 3527 3221 3682 3275; x_wconf 85' lang='lat' dir='ltr'>frau-</span> 
     </span>
    </p>
   </div>
   <div class='ocr_carea' id='block_1_65' title="bbox 283 3272 1935 3387">
    <p class='ocr_par' dir='ltr' id='par_1_65' title="bbox 283 3272 1928 3387">
     <span class='ocr_line' id='line_1_65' title="bbox 330 3272 1871 3294; baseline -0.006 -12"><span class='ocrx_word' id='word_1_441' title='bbox 330 3272 422 3294; x_wconf 75' lang='lat'>,.</span> <span class='ocrx_word' id='word_1_442' title='bbox 642 3272 1871 3291; x_wconf 13' lang='lat' dir='ltr'>,.,.rw,,,,.___,,,v,,</span> 
     </span>
     <span class='ocr_line' id='line_1_66' title="bbox 283 3304 1928 3387; baseline 0.001 -27"><span class='ocrx_word' id='word_1_443' title='bbox 283 3306 490 3362; x_wconf 72' lang='grc' dir='ltr'>Οὐκοῦν</span> <span class='ocrx_word' id='word_1_444' title='bbox 521 3307 757 3382; x_wconf 86' lang='grc' dir='ltr'>ἀγνωσία</span> <span class='ocrx_word' id='word_1_445' title='bbox 782 3328 866 3362; x_wconf 87' lang='grc' dir='ltr'>σοι</span> <span class='ocrx_word' id='word_1_446' title='bbox 899 3304 1048 3362; x_wconf 86' lang='grc' dir='ltr'>δοκεῖ</span> <span class='ocrx_word' id='word_1_447' title='bbox 1092 3308 1159 3361; x_wconf 82' lang='grc' dir='ltr'>τὰ</span> <span class='ocrx_word' id='word_1_448' title='bbox 1205 3309 1426 3382; x_wconf 82' lang='grc' dir='ltr'>πάτρια,</span> <span class='ocrx_word' id='word_1_449' title='bbox 1471 3305 1574 3387; x_wconf 72' lang='grc' dir='ltr'>ἔφη</span> <span class='ocrx_word' id='word_1_450' title='bbox 1628 3310 1692 3378; x_wconf 68' lang='grc'>³⁷,</span> <span class='ocrx_word' id='word_1_451' title='bbox 1726 3305 1928 3384; x_wconf 78' lang='grc' dir='ltr'>φυλάτ-</span> 
     </span>
    </p>
   </div>
   <div class='ocr_carea' id='block_1_66' title="bbox 2051 3272 3682 3387">
    <p class='ocr_par' dir='ltr' id='par_1_66' title="bbox 2051 3272 3682 3382">
     <span class='ocr_line' id='line_1_67' title="bbox 2051 3272 3682 3382; baseline -0.004 -20"><span class='ocrx_word' id='word_1_452' title='bbox 2051 3272 2473 3365; x_wconf 45' lang='lat' dir='ltr'>alanna;</span> <span class='ocrx_word' id='word_1_453' title='bbox 2500 3272 2739 3382; x_wconf 49' lang='grc' dir='ltr'>λῖδῇἶοῖί</span> <span class='ocrx_word' id='word_1_454' title='bbox 2750 3272 2791 3365; x_wconf 62' lang='grc' dir='ltr'>Γ</span> <span class='ocrx_word' id='word_1_455' title='bbox 2795 3272 2851 3364; x_wconf 59' lang='lat'>11$</span> <span class='ocrx_word' id='word_1_456' title='bbox 2848 3272 2957 3365; x_wconf 56' lang='grc' dir='ltr'>ιῖτὲῖ</span> <span class='ocrx_word' id='word_1_457' title='bbox 2968 3272 3103 3381; x_wconf 57' lang='grc' dir='ltr'>εἶιῇ</span> <span class='ocrx_word' id='word_1_458' title='bbox 3115 3272 3411 3382; x_wconf 49' lang='grc' dir='ltr'>ἓέὲιᾌᾎιζιῖξ)</span> <span class='ocrx_word' id='word_1_459' title='bbox 3436 3272 3566 3363; x_wconf 66' lang='lat' dir='ltr'>tibi</span> <span class='ocrx_word' id='word_1_460' title='bbox 3584 3272 3682 3362; x_wconf 46' lang='lat' dir='ltr'>“vi-</span> 
     </span>
    </p>
   </div>
   <div class='ocr_carea' id='block_1_67' title="bbox 276 3393 1927 3474">
    <p class='ocr_par' dir='ltr' id='par_1_67' title="bbox 276 3393 1927 3474">
     <span class='ocr_line' id='line_1_68' title="bbox 276 3393 1927 3474; baseline 0 -23"><span class='ocrx_word' id='word_1_461' title='bbox 276 3417 461 3469; x_wconf 83' lang='grc' dir='ltr'>τοντα,</span> <span class='ocrx_word' id='word_1_462' title='bbox 512 3397 579 3451; x_wconf 81' lang='grc' dir='ltr'>τά</span> <span class='ocrx_word' id='word_1_463' title='bbox 634 3394 917 3467; x_wconf 75' lang='grc' dir='ltr'>Ἐλλήνων</span> <span class='ocrx_word' id='word_1_464' title='bbox 964 3402 1178 3474; x_wconf 73' lang='grc' dir='ltr'>φρονεῖν</span> <span class='ocrx_word' id='word_1_465' title='bbox 1222 3415 1235 3465; x_wconf 90' lang='grc'>;</span> <span class='ocrx_word' id='word_1_466' title='bbox 1296 3397 1481 3472; x_wconf 70' lang='grc' dir='ltr'>Κάγιίγ</span> <span class='ocrx_word' id='word_1_467' title='bbox 1530 3398 1633 3454; x_wconf 90' lang='grc' dir='ltr'>Τὸν</span> <span class='ocrx_word' id='word_1_468' title='bbox 1694 3393 1927 3452; x_wconf 87' lang='grc' dir='ltr'>εὐσεϐεῖν</span> 
     </span>
    </p>
   </div>
   <div class='ocr_carea' id='block_1_68' title="bbox 277 3484 1929 3564">
    <p class='ocr_par' dir='ltr' id='par_1_68' title="bbox 277 3484 1929 3564">
     <span class='ocr_line' id='line_1_69' title="bbox 277 3484 1929 3564; baseline 0 -23"><span class='ocrx_word' id='word_1_469' title='bbox 277 3484 686 3561; x_wconf 76' lang='grc' dir='ltr'>προῃρημένον,</span> <span class='ocrx_word' id='word_1_470' title='bbox 737 3486 1127 3561; x_wconf 78' lang='grc' dir='ltr'>ἀπεκρινάμην,</span> <span class='ocrx_word' id='word_1_471' title='bbox 1179 3485 1241 3540; x_wconf 88' lang='grc' dir='ltr'>ού</span> <span class='ocrx_word' id='word_1_472' title='bbox 1289 3485 1502 3548; x_wconf 87' lang='grc' dir='ltr'>πάντως</span> <span class='ocrx_word' id='word_1_473' title='bbox 1548 3484 1837 3564; x_wconf 81' lang='grc' dir='ltr'>φυλάσσειν</span> <span class='ocrx_word' id='word_1_474' title='bbox 1864 3488 1929 3541; x_wconf 86' lang='grc' dir='ltr'>τά</span> 
     </span>
    </p>
   </div>
   <div class='ocr_carea' id='block_1_69' title="bbox 278 3570 1928 3651">
    <p class='ocr_par' dir='ltr' id='par_1_69' title="bbox 278 3570 1928 3651">
     <span class='ocr_line' id='line_1_70' title="bbox 278 3570 1928 3651; baseline 0 -22"><span class='ocrx_word' id='word_1_475' title='bbox 278 3574 485 3649; x_wconf 76' lang='grc' dir='ltr'>πάτρια</span> <span class='ocrx_word' id='word_1_476' title='bbox 514 3571 614 3629; x_wconf 68' lang='grc' dir='ltr'>δεῖν</span> <span class='ocrx_word' id='word_1_477' title='bbox 649 3572 795 3629; x_wconf 86' lang='grc' dir='ltr'>ἀλλά</span> <span class='ocrx_word' id='word_1_478' title='bbox 842 3573 1128 3651; x_wconf 76' lang='grc' dir='ltr'>φυλάσσειν</span> <span class='ocrx_word' id='word_1_479' title='bbox 1179 3574 1295 3647; x_wconf 72' lang='grc' dir='ltr'>μὲν,</span> <span class='ocrx_word' id='word_1_480' title='bbox 1345 3572 1432 3629; x_wconf 70' lang='grc' dir='ltr'>ἐὰν</span> <span class='ocrx_word' id='word_1_481' title='bbox 1531 3570 1746 3645; x_wconf 79' lang='grc' dir='ltr'>εὐσεϐῆ,</span> <span class='ocrx_word' id='word_1_482' title='bbox 1795 3574 1928 3629; x_wconf 85' lang='grc' dir='ltr'>ἀπο-</span> 
     </span>
    </p>
   </div>
   <div class='ocr_carea' id='block_1_70' title="bbox 276 3660 1930 3739">
    <p class='ocr_par' dir='ltr' id='par_1_70' title="bbox 276 3660 1930 3739">
     <span class='ocr_line' id='line_1_71' title="bbox 276 3660 1930 3739; baseline 0.001 -21"><span class='ocrx_word' id='word_1_483' title='bbox 276 3663 511 3718; x_wconf 86' lang='grc' dir='ltr'>σείεσθαι</span> <span class='ocrx_word' id='word_1_484' title='bbox 561 3660 635 3735; x_wconf 76' lang='grc' dir='ltr'>δὲ,</span> <span class='ocrx_word' id='word_1_485' title='bbox 690 3664 765 3736; x_wconf 80' lang='grc' dir='ltr'>μὴ</span> <span class='ocrx_word' id='word_1_486' title='bbox 816 3661 989 3725; x_wconf 70' lang='grc' dir='ltr'>οὕτως</span> <span class='ocrx_word' id='word_1_487' title='bbox 1039 3660 1256 3738; x_wconf 81' lang='grc' dir='ltr'>ἔχοντα.</span> <span class='ocrx_word' id='word_1_488' title='bbox 1313 3660 1619 3739; x_wconf 85' lang='grc' dir='ltr'>Ἐνδέχεται</span> <span class='ocrx_word' id='word_1_489' title='bbox 1674 3665 1774 3739; x_wconf 81' lang='grc' dir='ltr'>γὰρ</span> <span class='ocrx_word' id='word_1_490' title='bbox 1813 3686 1930 3719; x_wconf 89' lang='grc' dir='ltr'>τινα</span> 
     </span>
    </p>
   </div>
   <div class='ocr_carea' id='block_1_71' title="bbox 275 3747 1925 3827">
    <p class='ocr_par' dir='ltr' id='par_1_71' title="bbox 275 3747 1925 3827">
     <span class='ocr_line' id='line_1_72' title="bbox 275 3747 1925 3827; baseline -0.001 -19"><span class='ocrx_word' id='word_1_491' title='bbox 275 3753 487 3827; x_wconf 86' lang='grc' dir='ltr'>πατρὸς</span> <span class='ocrx_word' id='word_1_492' title='bbox 516 3747 739 3815; x_wconf 79' lang='grc' dir='ltr'>ἀσεϐοῦς</span> <span class='ocrx_word' id='word_1_493' title='bbox 770 3755 814 3788; x_wconf 79' lang='grc'>⁴⁷</span> <span class='ocrx_word' id='word_1_494' title='bbox 844 3748 992 3823; x_wconf 76' lang='grc' dir='ltr'>ὄντα,</span> <span class='ocrx_word' id='word_1_495' title='bbox 1025 3752 1114 3806; x_wconf 87' lang='grc' dir='ltr'>καὶ</span> <span class='ocrx_word' id='word_1_496' title='bbox 1167 3750 1501 3827; x_wconf 87' lang='grc' dir='ltr'>βουλόμενον</span> <span class='ocrx_word' id='word_1_497' title='bbox 1543 3748 1800 3821; x_wconf 82' lang='grc' dir='ltr'>εὐσεϐεῖν,</span> <span class='ocrx_word' id='word_1_498' title='bbox 1850 3755 1925 3826; x_wconf 79' lang='grc' dir='ltr'>μὴ</span> 
     </span>
    </p>
   </div>
   <div class='ocr_carea' id='block_1_72' title="bbox 269 3838 1927 3916">
    <p class='ocr_par' dir='ltr' id='par_1_72' title="bbox 269 3838 1927 3916">
     <span class='ocr_line' id='line_1_73' title="bbox 269 3838 1927 3916; baseline 0 -20"><span class='ocrx_word' id='word_1_499' title='bbox 269 3843 344 3896; x_wconf 79' lang='grc' dir='ltr'>τά</span> <span class='ocrx_word' id='word_1_500' title='bbox 371 3846 470 3896; x_wconf 73' lang='grc' dir='ltr'>τοῦ</span> <span class='ocrx_word' id='word_1_501' title='bbox 498 3842 701 3916; x_wconf 83' lang='grc' dir='ltr'>πατρὸς</span> <span class='ocrx_word' id='word_1_502' title='bbox 733 3838 937 3905; x_wconf 76' lang='grc' dir='ltr'>ἐθέλειν</span> <span class='ocrx_word' id='word_1_503' title='bbox 974 3842 1276 3913; x_wconf 85' lang='grc' dir='ltr'>μιμεῖσθαι,</span> <span class='ocrx_word' id='word_1_504' title='bbox 1299 3841 1389 3895; x_wconf 88' lang='grc' dir='ltr'>καὶ</span> <span class='ocrx_word' id='word_1_505' title='bbox 1418 3842 1533 3895; x_wconf 89' lang='grc' dir='ltr'>κατ’</span> <span class='ocrx_word' id='word_1_506' title='bbox 1556 3838 1713 3916; x_wconf 70' lang='grc' dir='ltr'>ἴχνος</span> <span class='ocrx_word' id='word_1_507' title='bbox 1744 3842 1927 3904; x_wconf 90' lang='grc' dir='ltr'>αὐτοῖς</span> 
     </span>
    </p>
   </div>
   <div class='ocr_carea' id='block_1_73' title="bbox 266 3927 1927 4007">
    <p class='ocr_par' dir='ltr' id='par_1_73' title="bbox 266 3927 1927 4007">
     <span class='ocr_line' id='line_1_74' title="bbox 266 3927 1927 4007; baseline -0.001 -21"><span class='ocrx_word' id='word_1_508' title='bbox 266 3927 517 3987; x_wconf 70' lang='grc' dir='ltr'>ἕπεσθαι.</span> <span class='ocrx_word' id='word_1_509' title='bbox 551 3930 651 3985; x_wconf 82' lang='grc' dir='ltr'>Καὶ</span> <span class='ocrx_word' id='word_1_510' title='bbox 701 3930 729 3983; x_wconf 87' lang='grc' dir='ltr'>ὁ</span> <span class='ocrx_word' id='word_1_511' title='bbox 780 3929 1051 3984; x_wconf 82' lang='grc' dir='ltr'>Ἀππίων·</span> <span class='ocrx_word' id='word_1_512' title='bbox 1078 3928 1138 3983; x_wconf 89' lang='grc' dir='ltr'>Τί</span> <span class='ocrx_word' id='word_1_513' title='bbox 1170 3927 1262 3984; x_wconf 78' lang='grc' dir='ltr'>οὖν</span> <span class='ocrx_word' id='word_1_514' title='bbox 1291 3949 1303 3999; x_wconf 90' lang='grc'><strong>;</strong></span> <span class='ocrx_word' id='word_1_515' title='bbox 1334 3929 1426 3984; x_wconf 89' lang='grc' dir='ltr'>τὸν</span> <span class='ocrx_word' id='word_1_516' title='bbox 1456 3930 1546 3984; x_wconf 86' lang='grc' dir='ltr'>σὸν</span> <span class='ocrx_word' id='word_1_517' title='bbox 1588 3934 1792 4006; x_wconf 88' lang='grc' dir='ltr'>πατέρα</span> <span class='ocrx_word' id='word_1_518' title='bbox 1822 3930 1927 4007; x_wconf 73' lang='grc' dir='ltr'>φῄς</span> 
     </span>
    </p>
   </div>
   <div class='ocr_carea' id='block_1_74' title="bbox 272 4017 1928 4095">
    <p class='ocr_par' dir='ltr' id='par_1_74' title="bbox 272 4017 1928 4095">
     <span class='ocr_line' id='line_1_75' title="bbox 272 4017 1928 4095; baseline 0 -21"><span class='ocrx_word' id='word_1_519' title='bbox 272 4018 379 4074; x_wconf 78' lang='grc' dir='ltr'>οὐκ</span> <span class='ocrx_word' id='word_1_520' title='bbox 408 4020 614 4093; x_wconf 75' lang='grc' dir='ltr'>ἀγαθοῦ</span> <span class='ocrx_word' id='word_1_521' title='bbox 663 4020 943 4094; x_wconf 88' lang='grc' dir='ltr'>γεγονέναι</span> <span class='ocrx_word' id='word_1_522' title='bbox 996 4017 1117 4093; x_wconf 87' lang='grc' dir='ltr'>βίου</span> <span class='ocrx_word' id='word_1_523' title='bbox 1150 4037 1164 4087; x_wconf 89' lang='grc'><strong>;</strong></span> <span class='ocrx_word' id='word_1_524' title='bbox 1196 4018 1359 4093; x_wconf 86' lang='grc' dir='ltr'>Κάγὼ</span> <span class='ocrx_word' id='word_1_525' title='bbox 1408 4017 1565 4095; x_wconf 78' lang='grc' dir='ltr'>ἔφην,</span> <span class='ocrx_word' id='word_1_526' title='bbox 1614 4018 1716 4073; x_wconf 70' lang='grc' dir='ltr'>ὅτιο</span> <span class='ocrx_word' id='word_1_527' title='bbox 1754 4025 1928 4074; x_wconf 78' lang='grc' dir='ltr'>Κακοῦ</span> 
     </span>
    </p>
   </div>
   <div class='ocr_carea' id='block_1_75' title="bbox 276 4104 1927 4181">
    <p class='ocr_par' dir='ltr' id='par_1_75' title="bbox 276 4104 1927 4181">
     <span class='ocr_line' id='line_1_76' title="bbox 276 4104 1927 4181; baseline -0.001 -19"><span class='ocrx_word' id='word_1_528' title='bbox 276 4110 375 4181; x_wconf 71' lang='grc' dir='ltr'>μὲν</span> <span class='ocrx_word' id='word_1_529' title='bbox 410 4108 570 4162; x_wconf 88' lang='grc' dir='ltr'>αὐτὸν</span> <span class='ocrx_word' id='word_1_530' title='bbox 602 4107 702 4162; x_wconf 90' lang='grc' dir='ltr'>οὐκ</span> <span class='ocrx_word' id='word_1_531' title='bbox 732 4107 791 4162; x_wconf 76' lang='grc' dir='ltr'>ἃν</span> <span class='ocrx_word' id='word_1_532' title='bbox 840 4104 1075 4180; x_wconf 73' lang='grc' dir='ltr'>εἴποιμι,</span> <span class='ocrx_word' id='word_1_533' title='bbox 1108 4106 1255 4175; x_wconf 77' lang='grc' dir='ltr'>πλὴν</span> <span class='ocrx_word' id='word_1_534' title='bbox 1300 4106 1384 4162; x_wconf 77' lang='grc' dir='ltr'>ὅτι</span> <span class='ocrx_word' id='word_1_535' title='bbox 1431 4113 1546 4170; x_wconf 89' lang='grc' dir='ltr'>τοῖς</span> <span class='ocrx_word' id='word_1_536' title='bbox 1593 4105 1807 4181; x_wconf 82' lang='grc' dir='ltr'>ψευδέσι</span> <span class='ocrx_word' id='word_1_537' title='bbox 1839 4108 1927 4161; x_wconf 79' lang='grc' dir='ltr'>καὶ</span> 
     </span>
    </p>
   </div>
   <div class='ocr_carea' id='block_1_76' title="bbox 271 4194 1928 4268">
    <p class='ocr_par' dir='ltr' id='par_1_76' title="bbox 271 4194 1928 4268">
     <span class='ocr_line' id='line_1_77' title="bbox 271 4194 1928 4268; baseline -0.001 -17"><span class='ocrx_word' id='word_1_538' title='bbox 271 4202 465 4258; x_wconf 79' lang='grc' dir='ltr'>κακοῖς</span> <span class='ocrx_word' id='word_1_539' title='bbox 495 4201 603 4251; x_wconf 87' lang='grc' dir='ltr'>τῶν</span> <span class='ocrx_word' id='word_1_540' title='bbox 636 4194 922 4267; x_wconf 78' lang='grc' dir='ltr'>Ἑλλήνων</span> <span class='ocrx_word' id='word_1_541' title='bbox 973 4195 1215 4251; x_wconf 81' lang='grc' dir='ltr'>ἐπίστευε</span> <span class='ocrx_word' id='word_1_542' title='bbox 1264 4195 1473 4268; x_wconf 88' lang='grc' dir='ltr'>μύθοις.</span> <span class='ocrx_word' id='word_1_543' title='bbox 1523 4196 1625 4252; x_wconf 84' lang='grc' dir='ltr'>Καὶ</span> <span class='ocrx_word' id='word_1_544' title='bbox 1655 4195 1736 4258; x_wconf 81' lang='grc' dir='ltr'>ὅς·</span> <span class='ocrx_word' id='word_1_545' title='bbox 1771 4196 1928 4258; x_wconf 85' lang='grc' dir='ltr'>Τίνες</span> 
     </span>
    </p>
   </div>
   <div class='ocr_carea' id='block_1_77' title="bbox 272 4280 1924 4364">
    <p class='ocr_par' dir='ltr' id='par_1_77' title="bbox 272 4280 1924 4364">
     <span class='ocr_line' id='line_1_78' title="bbox 272 4280 1924 4364; baseline -0.002 -23"><span class='ocrx_word' id='word_1_546' title='bbox 272 4288 328 4341; x_wconf 74' lang='grc' dir='ltr'>οἱ</span> <span class='ocrx_word' id='word_1_547' title='bbox 362 4284 527 4355; x_wconf 78' lang='grc' dir='ltr'>μῦθοι</span> <span class='ocrx_word' id='word_1_548' title='bbox 559 4286 707 4340; x_wconf 79' lang='grc' dir='ltr'>οὗτοι</span> <span class='ocrx_word' id='word_1_549' title='bbox 738 4305 751 4355; x_wconf 92' lang='grc'>;</span> <span class='ocrx_word' id='word_1_550' title='bbox 785 4285 967 4364; x_wconf 75' lang='grc' dir='ltr'>φησίν.</span> <span class='ocrx_word' id='word_1_551' title='bbox 992 4286 1135 4360; x_wconf 87' lang='grc' dir='ltr'>Ἐγὼ</span> <span class='ocrx_word' id='word_1_552' title='bbox 1166 4282 1224 4339; x_wconf 78' lang='grc' dir='ltr'>δὲ</span> <span class='ocrx_word' id='word_1_553' title='bbox 1255 4280 1567 4341; x_wconf 82' lang='grc' dir='ltr'>ὑπολαϐών·</span> <span class='ocrx_word' id='word_1_554' title='bbox 1600 4286 1662 4340; x_wconf 88' lang='grc' dir='ltr'>Ἡ</span> <span class='ocrx_word' id='word_1_555' title='bbox 1692 4285 1924 4359; x_wconf 80' lang='grc' dir='ltr'>περὶτὸν</span> 
     </span>
    </p>
   </div>
   <div class='ocr_carea' id='block_1_78' title="bbox 272 4371 1924 4449">
    <p class='ocr_par' dir='ltr' id='par_1_78' title="bbox 272 4371 1924 4449">
     <span class='ocr_line' id='line_1_79' title="bbox 272 4371 1924 4449; baseline -0.002 -18"><span class='ocrx_word' id='word_1_556' title='bbox 272 4376 433 4444; x_wconf 84' lang='grc' dir='ltr'>Θεὸν,</span> <span class='ocrx_word' id='word_1_557' title='bbox 466 4375 639 4447; x_wconf 77' lang='grc' dir='ltr'>εἶπον,</span> <span class='ocrx_word' id='word_1_558' title='bbox 672 4373 770 4428; x_wconf 90' lang='grc' dir='ltr'>οὐκ</span> <span class='ocrx_word' id='word_1_559' title='bbox 820 4374 956 4448; x_wconf 74' lang='grc' dir='ltr'>ὀρθή</span> <span class='ocrx_word' id='word_1_560' title='bbox 1005 4371 1245 4445; x_wconf 84' lang='grc' dir='ltr'>δόκησις,</span> <span class='ocrx_word' id='word_1_561' title='bbox 1294 4374 1360 4443; x_wconf 68' lang='grc' dir='ltr'>ἢν</span> <span class='ocrx_word' id='word_1_562' title='bbox 1407 4372 1494 4429; x_wconf 72' lang='grc' dir='ltr'>ἐὰν</span> <span class='ocrx_word' id='word_1_563' title='bbox 1546 4377 1924 4449; x_wconf 67' lang='grc' dir='ltr'>μακροθυμῇς,</span> 
     </span>
    </p>
   </div>
   <div class='ocr_carea' id='block_1_79' title="bbox 273 4460 1447 4541">
    <p class='ocr_par' dir='ltr' id='par_1_79' title="bbox 273 4460 1447 4541">
     <span class='ocr_line' id='line_1_80' title="bbox 273 4460 1447 4541; baseline 0 -22"><span class='ocrx_word' id='word_1_564' title='bbox 273 4465 416 4539; x_wconf 84' lang='grc' dir='ltr'>μετά</span> <span class='ocrx_word' id='word_1_565' title='bbox 442 4468 549 4519; x_wconf 88' lang='grc' dir='ltr'>τῶν</span> <span class='ocrx_word' id='word_1_566' title='bbox 583 4461 768 4519; x_wconf 81' lang='grc' dir='ltr'>ἄλλων</span> <span class='ocrx_word' id='word_1_567' title='bbox 802 4462 1003 4538; x_wconf 73' lang='grc' dir='ltr'>ἀκούσῃ</span> <span class='ocrx_word' id='word_1_568' title='bbox 1030 4460 1351 4541; x_wconf 75' lang='grc' dir='ltr'>φιλομαθῶν</span> <span class='ocrx_word' id='word_1_569' title='bbox 1382 4464 1447 4519; x_wconf 77' lang='grc'>⁴⁸.</span> 
     </span>
    </p>
   </div>
   <div class='ocr_carea' id='block_1_80' title="bbox 2038 3395 3679 3469">
    <p class='ocr_par' dir='ltr' id='par_1_80' title="bbox 2038 3395 3679 3469">
     <span class='ocr_line' id='line_1_81' title="bbox 2038 3395 3679 3469; baseline 0 -17"><span class='ocrx_word' id='word_1_570' title='bbox 2038 3398 2445 3469; x_wconf 88' lang='lat' dir='ltr'>detur,inquit,</span> <span class='ocrx_word' id='word_1_571' title='bbox 2490 3399 2709 3469; x_wconf 89' lang='lat' dir='ltr'>patrios</span> <span class='ocrx_word' id='word_1_572' title='bbox 2762 3397 2909 3453; x_wconf 88' lang='lat' dir='ltr'>ritus</span> <span class='ocrx_word' id='word_1_573' title='bbox 2957 3398 3262 3464; x_wconf 86' lang='lat' dir='ltr'>servando,</span> <span class='ocrx_word' id='word_1_574' title='bbox 3285 3414 3420 3452; x_wconf 88' lang='lat' dir='ltr'>cum</span> <span class='ocrx_word' id='word_1_575' title='bbox 3469 3395 3679 3453; x_wconf 75' lang='lat' dir='ltr'>Graecis</span> 
     </span>
    </p>
   </div>
   <div class='ocr_carea' id='block_1_81' title="bbox 2038 3485 3681 3559">
    <p class='ocr_par' dir='ltr' id='par_1_81' title="bbox 2038 3485 3681 3559">
     <span class='ocr_line' id='line_1_82' title="bbox 2038 3485 3681 3559; baseline -0.001 -16"><span class='ocrx_word' id='word_1_576' title='bbox 2038 3489 2253 3543; x_wconf 86' lang='lat' dir='ltr'>sentire</span> <span class='ocrx_word' id='word_1_577' title='bbox 2280 3488 2307 3541; x_wconf 88' lang='lat'><strong><em>?</em></strong></span> <span class='ocrx_word' id='word_1_578' title='bbox 2336 3488 2414 3542; x_wconf 83' lang='lat' dir='ltr'>Ad</span> <span class='ocrx_word' id='word_1_579' title='bbox 2437 3504 2563 3559; x_wconf 72' lang='lat' dir='ltr'>qua:</span> <span class='ocrx_word' id='word_1_580' title='bbox 2593 3503 2696 3559; x_wconf 85' lang='lat' dir='ltr'>ego</span> <span class='ocrx_word' id='word_1_581' title='bbox 2719 3486 2989 3557; x_wconf 89' lang='lat' dir='ltr'>respondi</span> <span class='ocrx_word' id='word_1_582' title='bbox 3015 3503 3027 3541; x_wconf 91' lang='lat'>:</span> <span class='ocrx_word' id='word_1_583' title='bbox 3053 3486 3161 3553; x_wconf 88' lang='lat' dir='ltr'>Qui</span> <span class='ocrx_word' id='word_1_584' title='bbox 3181 3487 3360 3541; x_wconf 86' lang='lat' dir='ltr'>vitam</span> <span class='ocrx_word' id='word_1_585' title='bbox 3391 3485 3483 3558; x_wconf 90' lang='lat' dir='ltr'>pie</span> <span class='ocrx_word' id='word_1_586' title='bbox 3512 3501 3681 3558; x_wconf 89' lang='lat' dir='ltr'>agere</span> 
     </span>
    </p>
   </div>
   <div class='ocr_carea' id='block_1_82' title="bbox 2039 3573 3680 3647">
    <p class='ocr_par' dir='ltr' id='par_1_82' title="bbox 2039 3573 3680 3647">
     <span class='ocr_line' id='line_1_83' title="bbox 2039 3573 3680 3647; baseline -0.001 -16"><span class='ocrx_word' id='word_1_587' title='bbox 2039 3575 2386 3643; x_wconf 87' lang='lat' dir='ltr'>statuit,non</span> <span class='ocrx_word' id='word_1_588' title='bbox 2418 3576 2768 3631; x_wconf 87' lang='lat' dir='ltr'>omnimodis</span> <span class='ocrx_word' id='word_1_589' title='bbox 2803 3576 2971 3630; x_wconf 91' lang='lat' dir='ltr'>debet</span> <span class='ocrx_word' id='word_1_590' title='bbox 3002 3575 3191 3647; x_wconf 89' lang='lat' dir='ltr'>patria</span> <span class='ocrx_word' id='word_1_591' title='bbox 3230 3573 3503 3630; x_wconf 86' lang='lat' dir='ltr'>instituta</span> <span class='ocrx_word' id='word_1_592' title='bbox 3558 3590 3680 3631; x_wconf 85' lang='lat' dir='ltr'>ser-</span> 
     </span>
    </p>
   </div>
   <div class='ocr_carea' id='block_1_83' title="bbox 2038 3662 3680 3736">
    <p class='ocr_par' dir='ltr' id='par_1_83' title="bbox 2038 3662 3680 3736">
     <span class='ocr_line' id='line_1_84' title="bbox 2038 3662 3680 3736; baseline -0.001 -17"><span class='ocrx_word' id='word_1_593' title='bbox 2038 3680 2210 3734; x_wconf 88' lang='lat' dir='ltr'>vare;</span> <span class='ocrx_word' id='word_1_594' title='bbox 2244 3665 2344 3720; x_wconf 90' lang='lat' dir='ltr'>sed</span> <span class='ocrx_word' id='word_1_595' title='bbox 2377 3680 2605 3720; x_wconf 90' lang='lat' dir='ltr'>servare</span> <span class='ocrx_word' id='word_1_596' title='bbox 2621 3664 2934 3736; x_wconf 90' lang='lat' dir='ltr'>quidem,si</span> <span class='ocrx_word' id='word_1_597' title='bbox 2958 3663 3055 3735; x_wconf 91' lang='lat' dir='ltr'>pia</span> <span class='ocrx_word' id='word_1_598' title='bbox 3084 3662 3223 3730; x_wconf 89' lang='lat' dir='ltr'>sint,</span> <span class='ocrx_word' id='word_1_599' title='bbox 3244 3662 3495 3734; x_wconf 86' lang='lat' dir='ltr'>abjicere</span> <span class='ocrx_word' id='word_1_600' title='bbox 3524 3679 3680 3729; x_wconf 90' lang='lat' dir='ltr'>vero,</span> 
     </span>
    </p>
   </div>
   <div class='ocr_carea' id='block_1_84' title="bbox 2040 3750 3682 3821">
    <p class='ocr_par' dir='ltr' id='par_1_84' title="bbox 2040 3750 3682 3821">
     <span class='ocr_line' id='line_1_85' title="bbox 2040 3750 3682 3821; baseline -0.001 -13"><span class='ocrx_word' id='word_1_601' title='bbox 2040 3753 2089 3808; x_wconf 87' lang='lat' dir='ltr'>si</span> <span class='ocrx_word' id='word_1_602' title='bbox 2119 3753 2200 3808; x_wconf 90' lang='lat' dir='ltr'>ita</span> <span class='ocrx_word' id='word_1_603' title='bbox 2220 3770 2282 3809; x_wconf 88' lang='lat' dir='ltr'>se</span> <span class='ocrx_word' id='word_1_604' title='bbox 2309 3770 2422 3809; x_wconf 89' lang='lat' dir='ltr'>non</span> <span class='ocrx_word' id='word_1_605' title='bbox 2454 3753 2726 3809; x_wconf 88' lang='lat' dir='ltr'>habeant.</span> <span class='ocrx_word' id='word_1_606' title='bbox 2760 3752 2878 3808; x_wconf 91' lang='lat' dir='ltr'>Usu</span> <span class='ocrx_word' id='word_1_607' title='bbox 2928 3751 3085 3806; x_wconf 89' lang='lat' dir='ltr'>enim</span> <span class='ocrx_word' id='word_1_608' title='bbox 3139 3752 3334 3807; x_wconf 89' lang='lat' dir='ltr'>venire</span> <span class='ocrx_word' id='word_1_609' title='bbox 3390 3750 3558 3821; x_wconf 87' lang='lat' dir='ltr'>solet,</span> <span class='ocrx_word' id='word_1_610' title='bbox 3615 3755 3682 3806; x_wconf 91' lang='lat' dir='ltr'>ut</span> 
     </span>
    </p>
   </div>
   <div class='ocr_carea' id='block_1_85' title="bbox 2039 3840 3681 3915">
    <p class='ocr_par' dir='ltr' id='par_1_85' title="bbox 2039 3840 3681 3915">
     <span class='ocr_line' id='line_1_86' title="bbox 2039 3840 3681 3915; baseline -0.001 -18"><span class='ocrx_word' id='word_1_611' title='bbox 2039 3842 2259 3915; x_wconf 89' lang='lat' dir='ltr'>aliquis</span> <span class='ocrx_word' id='word_1_612' title='bbox 2288 3846 2449 3915; x_wconf 90' lang='lat' dir='ltr'>patre</span> <span class='ocrx_word' id='word_1_613' title='bbox 2481 3841 2663 3914; x_wconf 90' lang='lat' dir='ltr'>impio</span> <span class='ocrx_word' id='word_1_614' title='bbox 2692 3846 2886 3908; x_wconf 89' lang='lat' dir='ltr'>natus,</span> <span class='ocrx_word' id='word_1_615' title='bbox 2911 3844 2968 3896; x_wconf 90' lang='lat' dir='ltr'>et</span> <span class='ocrx_word' id='word_1_616' title='bbox 2996 3840 3199 3897; x_wconf 89' lang='lat' dir='ltr'>volens</span> <span class='ocrx_word' id='word_1_617' title='bbox 3226 3841 3417 3897; x_wconf 88' lang='lat' dir='ltr'>vivere</span> <span class='ocrx_word' id='word_1_618' title='bbox 3446 3840 3559 3912; x_wconf 90' lang='lat' dir='ltr'>pie,</span> <span class='ocrx_word' id='word_1_619' title='bbox 3583 3856 3681 3896; x_wconf 89' lang='lat' dir='ltr'>no-</span> 
     </span>
    </p>
   </div>
   <div class='ocr_carea' id='block_1_86' title="bbox 2038 3928 3680 4003">
    <p class='ocr_par' dir='ltr' id='par_1_86' title="bbox 2038 3928 3680 4003">
     <span class='ocr_line' id='line_1_87' title="bbox 2038 3928 3680 4003; baseline -0.001 -18"><span class='ocrx_word' id='word_1_620' title='bbox 2038 3931 2108 3986; x_wconf 89' lang='lat' dir='ltr'>lit</span> <span class='ocrx_word' id='word_1_621' title='bbox 2139 3932 2320 4003; x_wconf 89' lang='lat' dir='ltr'>patris</span> <span class='ocrx_word' id='word_1_622' title='bbox 2343 3947 2532 3986; x_wconf 90' lang='lat' dir='ltr'>mores</span> <span class='ocrx_word' id='word_1_623' title='bbox 2556 3929 2795 3999; x_wconf 87' lang='lat' dir='ltr'>imitari,</span> <span class='ocrx_word' id='word_1_624' title='bbox 2825 3945 3041 4001; x_wconf 90' lang='lat' dir='ltr'>eosque</span> <span class='ocrx_word' id='word_1_625' title='bbox 3071 3929 3143 3984; x_wconf 89' lang='lat' dir='ltr'>ad</span> <span class='ocrx_word' id='word_1_626' title='bbox 3174 3928 3485 4000; x_wconf 86' lang='lat' dir='ltr'>vestigium</span> <span class='ocrx_word' id='word_1_627' title='bbox 3541 3945 3680 3985; x_wconf 88' lang='lat' dir='ltr'>con-</span> 
     </span>
    </p>
   </div>
   <div class='ocr_carea' id='block_1_87' title="bbox 2039 4018 3679 4091">
    <p class='ocr_par' dir='ltr' id='par_1_87' title="bbox 2039 4018 3679 4091">
     <span class='ocr_line' id='line_1_88' title="bbox 2039 4018 3679 4091; baseline -0.002 -16"><span class='ocrx_word' id='word_1_628' title='bbox 2039 4020 2356 4075; x_wconf 80' lang='lat' dir='ltr'>sectari.Ad</span> <span class='ocrx_word' id='word_1_629' title='bbox 2388 4020 2509 4075; x_wconf 74' lang='lat' dir='ltr'>baac</span> <span class='ocrx_word' id='word_1_630' title='bbox 2542 4019 2764 4091; x_wconf 82' lang='lat' dir='ltr'>Appion</span> <span class='ocrx_word' id='word_1_631' title='bbox 2794 4036 2806 4075; x_wconf 91' lang='lat'>:</span> <span class='ocrx_word' id='word_1_632' title='bbox 2832 4018 2976 4083; x_wconf 90' lang='lat' dir='ltr'>Quid</span> <span class='ocrx_word' id='word_1_633' title='bbox 3004 4034 3139 4091; x_wconf 87' lang='lat' dir='ltr'>ergo</span> <span class='ocrx_word' id='word_1_634' title='bbox 3169 4019 3197 4073; x_wconf 84' lang='lat'><strong>?</strong></span> <span class='ocrx_word' id='word_1_635' title='bbox 3235 4021 3462 4091; x_wconf 88' lang='lat' dir='ltr'>patrem</span> <span class='ocrx_word' id='word_1_636' title='bbox 3509 4023 3679 4073; x_wconf 89' lang='lat' dir='ltr'>tuum</span> 
     </span>
    </p>
   </div>
   <div class='ocr_carea' id='block_1_88' title="bbox 2038 4105 3680 4179">
    <p class='ocr_par' dir='ltr' id='par_1_88' title="bbox 2038 4105 3680 4179">
     <span class='ocr_line' id='line_1_89' title="bbox 2038 4105 3680 4179; baseline -0.002 -14"><span class='ocrx_word' id='word_1_637' title='bbox 2038 4109 2124 4165; x_wconf 90' lang='lat' dir='ltr'>ais</span> <span class='ocrx_word' id='word_1_638' title='bbox 2156 4127 2272 4166; x_wconf 91' lang='lat' dir='ltr'>non</span> <span class='ocrx_word' id='word_1_639' title='bbox 2295 4110 2449 4166; x_wconf 89' lang='lat' dir='ltr'>bona</span> <span class='ocrx_word' id='word_1_640' title='bbox 2472 4110 2590 4165; x_wconf 88' lang='lat' dir='ltr'>vita</span> <span class='ocrx_word' id='word_1_641' title='bbox 2619 4108 2819 4164; x_wconf 83' lang='lat' dir='ltr'>fuisse.</span> <span class='ocrx_word' id='word_1_642' title='bbox 2846 4107 3137 4179; x_wconf 84' lang='lat' dir='ltr'>Respondi</span> <span class='ocrx_word' id='word_1_643' title='bbox 3166 4123 3271 4179; x_wconf 85' lang='lat' dir='ltr'>ego</span> <span class='ocrx_word' id='word_1_644' title='bbox 3300 4122 3313 4161; x_wconf 73' lang='grc' dir='ltr'>ε</span> <span class='ocrx_word' id='word_1_645' title='bbox 3352 4105 3504 4162; x_wconf 90' lang='lat' dir='ltr'>Mala</span> <span class='ocrx_word' id='word_1_646' title='bbox 3550 4105 3680 4177; x_wconf 90' lang='lat' dir='ltr'>qui-</span> 
     </span>
    </p>
   </div>
   <div class='ocr_carea' id='block_1_89' title="bbox 2037 4195 3680 4268">
    <p class='ocr_par' dir='ltr' id='par_1_89' title="bbox 2037 4195 3680 4268">
     <span class='ocr_line' id='line_1_90' title="bbox 2037 4195 3680 4268; baseline -0.002 -13"><span class='ocrx_word' id='word_1_647' title='bbox 2037 4200 2169 4255; x_wconf 90' lang='lat' dir='ltr'>dem</span> <span class='ocrx_word' id='word_1_648' title='bbox 2189 4216 2324 4255; x_wconf 90' lang='lat' dir='ltr'>eum</span> <span class='ocrx_word' id='word_1_649' title='bbox 2354 4199 2471 4255; x_wconf 87' lang='lat' dir='ltr'>vita</span> <span class='ocrx_word' id='word_1_650' title='bbox 2501 4198 2682 4254; x_wconf 87' lang='lat' dir='ltr'>fuisse</span> <span class='ocrx_word' id='word_1_651' title='bbox 2712 4213 2826 4253; x_wconf 91' lang='lat' dir='ltr'>non</span> <span class='ocrx_word' id='word_1_652' title='bbox 2858 4196 3101 4251; x_wconf 84' lang='lat' dir='ltr'>dixerim</span> <span class='ocrx_word' id='word_1_653' title='bbox 3127 4214 3141 4264; x_wconf 88' lang='lat'><strong>;</strong></span> <span class='ocrx_word' id='word_1_654' title='bbox 3172 4196 3284 4253; x_wconf 90' lang='lat' dir='ltr'>nisi</span> <span class='ocrx_word' id='word_1_655' title='bbox 3317 4197 3474 4268; x_wconf 90' lang='lat' dir='ltr'>quod</span> <span class='ocrx_word' id='word_1_656' title='bbox 3516 4195 3680 4252; x_wconf 84' lang='lat' dir='ltr'>falsis</span> 
     </span>
    </p>
   </div>
   <div class='ocr_carea' id='block_1_90' title="bbox 2037 4284 3676 4360">
    <p class='ocr_par' dir='ltr' id='par_1_90' title="bbox 2037 4284 3676 4360">
     <span class='ocr_line' id='line_1_91' title="bbox 2037 4284 3676 4360; baseline -0.002 -17"><span class='ocrx_word' id='word_1_657' title='bbox 2037 4305 2103 4343; x_wconf 88' lang='lat' dir='ltr'>ac</span> <span class='ocrx_word' id='word_1_658' title='bbox 2134 4288 2326 4360; x_wconf 90' lang='lat' dir='ltr'>pravis</span> <span class='ocrx_word' id='word_1_659' title='bbox 2349 4287 2681 4343; x_wconf 67' lang='lat' dir='ltr'>Graecorum</span> <span class='ocrx_word' id='word_1_660' title='bbox 2714 4284 2930 4341; x_wconf 82' lang='lat' dir='ltr'>fabulis</span> <span class='ocrx_word' id='word_1_661' title='bbox 2954 4284 3162 4340; x_wconf 87' lang='lat' dir='ltr'>habuit</span> <span class='ocrx_word' id='word_1_662' title='bbox 3190 4286 3387 4340; x_wconf 87' lang='lat' dir='ltr'>ﬁdem.</span> <span class='ocrx_word' id='word_1_663' title='bbox 3422 4289 3489 4341; x_wconf 76' lang='lat' dir='ltr'>Et</span> <span class='ocrx_word' id='word_1_664' title='bbox 3543 4284 3676 4341; x_wconf 91' lang='lat' dir='ltr'>ille:</span> 
     </span>
    </p>
   </div>
   <div class='ocr_carea' id='block_1_91' title="bbox 2037 4372 3679 4448">
    <p class='ocr_par' dir='ltr' id='par_1_91' title="bbox 2037 4372 3679 4448">
     <span class='ocr_line' id='line_1_92' title="bbox 2037 4372 3679 4448; baseline -0.003 -16"><span class='ocrx_word' id='word_1_665' title='bbox 2037 4379 2335 4444; x_wconf 68' lang='lat' dir='ltr'>Quaenam,</span> <span class='ocrx_word' id='word_1_666' title='bbox 2364 4376 2577 4448; x_wconf 91' lang='lat' dir='ltr'>inquit,</span> <span class='ocrx_word' id='word_1_667' title='bbox 2610 4380 2750 4431; x_wconf 88' lang='lat' dir='ltr'>sunt</span> <span class='ocrx_word' id='word_1_668' title='bbox 2779 4374 2902 4429; x_wconf 78' lang='lat' dir='ltr'>istae</span> <span class='ocrx_word' id='word_1_669' title='bbox 2924 4372 3179 4429; x_wconf 71' lang='lat' dir='ltr'>fabulae?</span> <span class='ocrx_word' id='word_1_670' title='bbox 3208 4374 3326 4446; x_wconf 88' lang='lat' dir='ltr'>Ego</span> <span class='ocrx_word' id='word_1_671' title='bbox 3357 4390 3489 4430; x_wconf 90' lang='lat' dir='ltr'>vero</span> <span class='ocrx_word' id='word_1_672' title='bbox 3522 4373 3679 4430; x_wconf 85' lang='lat' dir='ltr'>exci-</span> 
     </span>
    </p>
   </div>
   <div class='ocr_carea' id='block_1_92' title="bbox 2037 4462 3679 4537">
    <p class='ocr_par' dir='ltr' id='par_1_92' title="bbox 2037 4462 3679 4537">
     <span class='ocr_line' id='line_1_93' title="bbox 2037 4462 3679 4537; baseline -0.002 -17"><span class='ocrx_word' id='word_1_673' title='bbox 2037 4466 2223 4537; x_wconf 88' lang='lat' dir='ltr'>piens,</span> <span class='ocrx_word' id='word_1_674' title='bbox 2254 4466 2410 4521; x_wconf 87' lang='lat' dir='ltr'>dixi:</span> <span class='ocrx_word' id='word_1_675' title='bbox 2444 4465 2568 4520; x_wconf 91' lang='lat' dir='ltr'>Non</span> <span class='ocrx_word' id='word_1_676' title='bbox 2604 4468 2760 4520; x_wconf 89' lang='lat' dir='ltr'>recta</span> <span class='ocrx_word' id='word_1_677' title='bbox 2797 4464 2868 4519; x_wconf 89' lang='lat' dir='ltr'>de</span> <span class='ocrx_word' id='word_1_678' title='bbox 2924 4464 3036 4518; x_wconf 89' lang='lat' dir='ltr'>Deo</span> <span class='ocrx_word' id='word_1_679' title='bbox 3086 4462 3304 4535; x_wconf 77' lang='lat' dir='ltr'>opinio,</span> <span class='ocrx_word' id='word_1_680' title='bbox 3366 4479 3565 4533; x_wconf 89' lang='lat' dir='ltr'>quam,</span> <span class='ocrx_word' id='word_1_681' title='bbox 3626 4462 3679 4517; x_wconf 89' lang='lat' dir='ltr'>si</span> 
     </span>
    </p>
   </div>
   <div class='ocr_carea' id='block_1_93' title="bbox 2034 4550 3675 4626">
    <p class='ocr_par' dir='ltr' id='par_1_93' title="bbox 2034 4550 3675 4626">
     <span class='ocr_line' id='line_1_94' title="bbox 2034 4550 3675 4626; baseline -0.004 -16"><span class='ocrx_word' id='word_1_682' title='bbox 2034 4572 2199 4626; x_wconf 69' lang='lat' dir='ltr'>aequo</span> <span class='ocrx_word' id='word_1_683' title='bbox 2231 4557 2425 4611; x_wconf 89' lang='lat' dir='ltr'>animo</span> <span class='ocrx_word' id='word_1_684' title='bbox 2456 4556 2733 4622; x_wconf 81' lang='lat' dir='ltr'>fers,cum</span> <span class='ocrx_word' id='word_1_685' title='bbox 2764 4552 2892 4607; x_wconf 83' lang='lat' dir='ltr'>aliis</span> <span class='ocrx_word' id='word_1_686' title='bbox 2915 4550 3177 4608; x_wconf 89' lang='lat' dir='ltr'>discendi</span> <span class='ocrx_word' id='word_1_687' title='bbox 3199 4551 3431 4623; x_wconf 89' lang='lat' dir='ltr'>cupidis</span> <span class='ocrx_word' id='word_1_688' title='bbox 3452 4550 3675 4607; x_wconf 90' lang='lat' dir='ltr'>audies.</span> 
     </span>
    </p>
   </div>
   <div class='ocr_carea' id='block_1_94' title="bbox 345 4637 1935 4720">
    <p class='ocr_par' dir='ltr' id='par_1_94' title="bbox 345 4639 1931 4720">
     <span class='ocr_line' id='line_1_95' title="bbox 345 4639 1931 4720; baseline 0 -21"><span class='ocrx_word' id='word_1_689' title='bbox 345 4644 586 4701; x_wconf 81' lang='lat' dir='ltr'>XLVIII.</span> <span class='ocrx_word' id='word_1_690' title='bbox 614 4644 707 4697; x_wconf 87' lang='grc' dir='ltr'>Διὸ</span> <span class='ocrx_word' id='word_1_691' title='bbox 723 4643 828 4718; x_wconf 83' lang='grc' dir='ltr'>πρὸ</span> <span class='ocrx_word' id='word_1_692' title='bbox 846 4645 954 4697; x_wconf 84' lang='grc' dir='ltr'>τῶν</span> <span class='ocrx_word' id='word_1_693' title='bbox 978 4639 1273 4718; x_wconf 84' lang='grc' dir='ltr'>διαλόγων,</span> <span class='ocrx_word' id='word_1_694' title='bbox 1291 4642 1367 4705; x_wconf 85' lang='grc' dir='ltr'>εἷς</span> <span class='ocrx_word' id='word_1_695' title='bbox 1386 4642 1507 4698; x_wconf 80' lang='grc' dir='ltr'>τινὰ</span> <span class='ocrx_word' id='word_1_696' title='bbox 1526 4641 1751 4699; x_wconf 88' lang='grc' dir='ltr'>πλείονα</span> <span class='ocrx_word' id='word_1_697' title='bbox 1772 4665 1931 4720; x_wconf 86' lang='grc' dir='ltr'>παρε-</span> 
     </span>
    </p>
   </div>
   <div class='ocr_carea' id='block_1_95' title="bbox 2051 4637 3676 4720">
    <p class='ocr_par' dir='ltr' id='par_1_95' title="bbox 2112 4640 3676 4709">
     <span class='ocr_line' id='line_1_96' title="bbox 2112 4640 3676 4709; baseline -0.004 -9"><span class='ocrx_word' id='word_1_698' title='bbox 2112 4644 2354 4700; x_wconf 88' lang='lat' dir='ltr'><strong>XLVIII.</strong></span> <span class='ocrx_word' id='word_1_699' title='bbox 2388 4646 2575 4709; x_wconf 88' lang='lat' dir='ltr'>Quare</span> <span class='ocrx_word' id='word_1_700' title='bbox 2623 4648 2758 4698; x_wconf 91' lang='lat' dir='ltr'>ante</span> <span class='ocrx_word' id='word_1_701' title='bbox 2807 4641 3298 4707; x_wconf 88' lang='lat' dir='ltr'>dissertationem,</span> <span class='ocrx_word' id='word_1_702' title='bbox 3332 4640 3676 4696; x_wconf 88' lang='lat' dir='ltr'>secedamus</span> 
     </span>
    </p>
   </div>
   <div class='ocr_carea' id='block_1_96' title="bbox 268 4728 1924 4808">
    <p class='ocr_par' dir='ltr' id='par_1_96' title="bbox 268 4728 1924 4808">
     <span class='ocr_line' id='line_1_97' title="bbox 268 4728 1924 4808; baseline 0 -20"><span class='ocrx_word' id='word_1_703' title='bbox 268 4732 516 4808; x_wconf 79' lang='grc' dir='ltr'>’χύμενον</span> <span class='ocrx_word' id='word_1_704' title='bbox 550 4731 783 4807; x_wconf 82' lang='grc' dir='ltr'>ἡσυχίαν</span> <span class='ocrx_word' id='word_1_705' title='bbox 824 4732 1277 4808; x_wconf 76' lang='grc' dir='ltr'>ὑποχωρήσωμεν</span> <span class='ocrx_word' id='word_1_706' title='bbox 1299 4731 1589 4787; x_wconf 82' lang='grc' dir='ltr'>τόπον.Καὶ</span> <span class='ocrx_word' id='word_1_707' title='bbox 1612 4728 1678 4802; x_wconf 78' lang='grc' dir='ltr'>δὴ</span> <span class='ocrx_word' id='word_1_708' title='bbox 1702 4734 1924 4808; x_wconf 82' lang='grc' dir='ltr'>προϊόν-</span> 
     </span>
    </p>
   </div>
   <div class='ocr_carea' id='block_1_97' title="bbox 268 4819 1924 4896">
    <p class='ocr_par' dir='ltr' id='par_1_97' title="bbox 268 4819 1924 4896">
     <span class='ocr_line' id='line_1_98' title="bbox 268 4819 1924 4896; baseline 0.001 -20"><span class='ocrx_word' id='word_1_709' title='bbox 268 4842 362 4884; x_wconf 84' lang='grc' dir='ltr'>τες</span> <span class='ocrx_word' id='word_1_710' title='bbox 418 4819 539 4884; x_wconf 81' lang='grc' dir='ltr'>ἔνθα</span> <span class='ocrx_word' id='word_1_711' title='bbox 586 4820 835 4893; x_wconf 81' lang='grc' dir='ltr'>ναμάτων</span> <span class='ocrx_word' id='word_1_712' title='bbox 887 4821 954 4889; x_wconf 77' lang='grc' dir='ltr'>ἦν</span> <span class='ocrx_word' id='word_1_713' title='bbox 1006 4823 1233 4896; x_wconf 80' lang='grc' dir='ltr'>ψυχρῶν</span> <span class='ocrx_word' id='word_1_714' title='bbox 1288 4821 1493 4895; x_wconf 82' lang='grc' dir='ltr'>καθαρά</span> <span class='ocrx_word' id='word_1_715' title='bbox 1540 4820 1924 4896; x_wconf 70' lang='grc' dir='ltr'>ῥεύματα,ζκαὶ</span> 
     </span>
    </p>
   </div>
   <div class='ocr_carea' id='block_1_98' title="bbox 268 4906 1921 4986">
    <p class='ocr_par' dir='ltr' id='par_1_98' title="bbox 268 4906 1921 4986">
     <span class='ocr_line' id='line_1_99' title="bbox 268 4906 1921 4986; baseline 0.001 -21"><span class='ocrx_word' id='word_1_716' title='bbox 268 4908 508 4986; x_wconf 78' lang='grc' dir='ltr'>δένδρων</span> <span class='ocrx_word' id='word_1_717' title='bbox 562 4909 834 4964; x_wconf 88' lang='grc' dir='ltr'>παντοίων</span> <span class='ocrx_word' id='word_1_718' title='bbox 895 4907 1145 4985; x_wconf 89' lang='grc' dir='ltr'>χλοερῶν</span> <span class='ocrx_word' id='word_1_719' title='bbox 1203 4908 1387 4985; x_wconf 78' lang='grc' dir='ltr'>τέρψις</span> <span class='ocrx_word' id='word_1_720' title='bbox 1438 4912 1503 4978; x_wconf 77' lang='grc'>⁴⁹,</span> <span class='ocrx_word' id='word_1_721' title='bbox 1545 4906 1921 4985; x_wconf 81' lang='grc' dir='ltr'>ἐκαθεζόμεθα.</span> 
     </span>
    </p>
   </div>
   <div class='ocr_carea' id='block_1_99' title="bbox 268 4997 1923 5073">
    <p class='ocr_par' dir='ltr' id='par_1_99' title="bbox 268 4997 1923 5073">
     <span class='ocr_line' id='line_1_100' title="bbox 268 4997 1923 5073; baseline 0 -17"><span class='ocrx_word' id='word_1_722' title='bbox 268 4999 424 5056; x_wconf 79' lang='grc' dir='ltr'>Ἐπεὶ</span> <span class='ocrx_word' id='word_1_723' title='bbox 455 4997 514 5055; x_wconf 75' lang='grc' dir='ltr'>δὲ</span> <span class='ocrx_word' id='word_1_724' title='bbox 561 5000 755 5060; x_wconf 83' lang='grc' dir='ltr'>πάντες</span> <span class='ocrx_word' id='word_1_725' title='bbox 787 5001 918 5067; x_wconf 74' lang='grc' dir='ltr'>ἦσαν</span> <span class='ocrx_word' id='word_1_726' title='bbox 969 4999 1201 5073; x_wconf 84' lang='grc' dir='ltr'>ὁρῶντες</span> <span class='ocrx_word' id='word_1_727' title='bbox 1250 4998 1451 5060; x_wconf 87' lang='grc' dir='ltr'>ἀτενῶς</span> <span class='ocrx_word' id='word_1_728' title='bbox 1503 4998 1579 5061; x_wconf 78' lang='grc' dir='ltr'>εἰς</span> <span class='ocrx_word' id='word_1_729' title='bbox 1630 4999 1749 5073; x_wconf 76' lang='grc' dir='ltr'>ἐμέ,</span> <span class='ocrx_word' id='word_1_730' title='bbox 1781 5001 1923 5056; x_wconf 77' lang='grc' dir='ltr'>οὕτω</span> 
     </span>
    </p>
   </div>
   <div class='ocr_carea' id='block_1_100' title="bbox 261 5085 1265 5163">
    <p class='ocr_par' dir='ltr' id='par_1_100' title="bbox 261 5085 1265 5163">
     <span class='ocr_line' id='line_1_101' title="bbox 261 5085 1265 5163; baseline -0.003 -18"><span class='ocrx_word' id='word_1_731' title='bbox 261 5094 366 5145; x_wconf 77' lang='grc' dir='ltr'>τοῦ</span> <span class='ocrx_word' id='word_1_732' title='bbox 398 5089 534 5163; x_wconf 86' lang='grc' dir='ltr'>πρὸς</span> <span class='ocrx_word' id='word_1_733' title='bbox 565 5086 761 5149; x_wconf 86' lang='grc' dir='ltr'>αὐτοὺς</span> <span class='ocrx_word' id='word_1_734' title='bbox 793 5085 1039 5162; x_wconf 78' lang='grc' dir='ltr'>ἄρχομαι</span> <span class='ocrx_word' id='word_1_735' title='bbox 1072 5085 1265 5161; x_wconf 89' lang='grc' dir='ltr'>λόγου.</span> 
     </span>
    </p>
   </div>
   <div class='ocr_carea' id='block_1_101' title="bbox 338 5173 1921 5254">
    <p class='ocr_par' dir='ltr' id='par_1_101' title="bbox 338 5173 1921 5254">
     <span class='ocr_line' id='line_1_102' title="bbox 338 5173 1921 5254; baseline -0.003 -17"><span class='ocrx_word' id='word_1_736' title='bbox 338 5180 532 5237; x_wconf 82' lang='lat' dir='ltr'><strong>XLIX.</strong></span> <span class='ocrx_word' id='word_1_737' title='bbox 574 5174 769 5247; x_wconf 79' lang='grc' dir='ltr'>Πολλή</span> <span class='ocrx_word' id='word_1_738' title='bbox 799 5197 905 5247; x_wconf 86' lang='grc' dir='ltr'>τις,</span> <span class='ocrx_word' id='word_1_739' title='bbox 935 5177 979 5229; x_wconf 81' lang='grc' dir='ltr'><strong><em>ὦ</em></strong></span> <span class='ocrx_word' id='word_1_740' title='bbox 1002 5173 1213 5251; x_wconf 77' lang='grc' dir='ltr'>ἄνδρες,</span> <span class='ocrx_word' id='word_1_741' title='bbox 1237 5174 1467 5254; x_wconf 71' lang='grc' dir='ltr'>διαφορὰ</span> <span class='ocrx_word' id='word_1_742' title='bbox 1494 5177 1751 5253; x_wconf 80' lang='grc' dir='ltr'>τυγχάνει</span> <span class='ocrx_word' id='word_1_743' title='bbox 1782 5176 1921 5248; x_wconf 81' lang='grc' dir='ltr'>ἁλη-</span> 
     </span>
    </p>
   </div>
   <div class='ocr_carea' id='block_1_102' title="bbox 265 5264 1920 5341">
    <p class='ocr_par' dir='ltr' id='par_1_102' title="bbox 265 5264 1920 5341">
     <span class='ocr_line' id='line_1_103' title="bbox 265 5264 1920 5341; baseline -0.001 -18"><span class='ocrx_word' id='word_1_744' title='bbox 265 5269 418 5333; x_wconf 78' lang='grc' dir='ltr'>θείας</span> <span class='ocrx_word' id='word_1_745' title='bbox 447 5289 506 5321; x_wconf 86' lang='grc' dir='ltr'>τε</span> <span class='ocrx_word' id='word_1_746' title='bbox 536 5265 623 5320; x_wconf 84' lang='grc' dir='ltr'>καὶ</span> <span class='ocrx_word' id='word_1_747' title='bbox 652 5264 953 5334; x_wconf 83' lang='grc' dir='ltr'>συνηθείας.</span> <span class='ocrx_word' id='word_1_748' title='bbox 987 5266 1049 5319; x_wconf 77' lang='grc' dir='ltr'><strong>Οἱ</strong></span> <span class='ocrx_word' id='word_1_749' title='bbox 1084 5268 1176 5338; x_wconf 74' lang='grc' dir='ltr'>μὲν</span> <span class='ocrx_word' id='word_1_750' title='bbox 1208 5266 1307 5341; x_wconf 76' lang='grc' dir='ltr'>γὰρ</span> <span class='ocrx_word' id='word_1_751' title='bbox 1337 5271 1442 5321; x_wconf 87' lang='grc' dir='ltr'>τῶν</span> <span class='ocrx_word' id='word_1_752' title='bbox 1479 5264 1757 5337; x_wconf 69' lang='grc' dir='ltr'>Ἑλλήνων</span> <span class='ocrx_word' id='word_1_753' title='bbox 1781 5266 1920 5322; x_wconf 89' lang='grc' dir='ltr'>πολ-</span> 
     </span>
    </p>
   </div>
   <div class='ocr_carea' id='block_1_103' title="bbox 266 5352 1922 5429">
    <p class='ocr_par' dir='ltr' id='par_1_103' title="bbox 266 5352 1922 5429">
     <span class='ocr_line' id='line_1_104' title="bbox 266 5352 1922 5429; baseline 0 -17"><span class='ocrx_word' id='word_1_754' title='bbox 266 5356 403 5418; x_wconf 75' lang='grc' dir='ltr'>λοὺς</span> <span class='ocrx_word' id='word_1_755' title='bbox 448 5355 605 5415; x_wconf 75' lang='grc' dir='ltr'>θεοὺς</span> <span class='ocrx_word' id='word_1_756' title='bbox 651 5352 849 5415; x_wconf 78' lang='grc' dir='ltr'>κακοὺς</span> <span class='ocrx_word' id='word_1_757' title='bbox 900 5354 988 5408; x_wconf 87' lang='grc' dir='ltr'>καὶ</span> <span class='ocrx_word' id='word_1_758' title='bbox 1033 5353 1365 5418; x_wconf 89' lang='grc' dir='ltr'>πολυπαθεῖς</span> <span class='ocrx_word' id='word_1_759' title='bbox 1414 5357 1713 5429; x_wconf 77' lang='grc' dir='ltr'>ἡγήσαντο,</span> <span class='ocrx_word' id='word_1_760' title='bbox 1748 5355 1840 5412; x_wconf 57' lang='grc' dir='ltr'>*ίνα</span> <span class='ocrx_word' id='word_1_761' title='bbox 1869 5360 1922 5412; x_wconf 75' lang='grc' dir='ltr'>οἱ</span> 
     </span>
    </p>
   </div>
   <div class='ocr_carea' id='block_1_104' title="bbox 261 5441 1984 5521">
    <p class='ocr_par' dir='ltr' id='par_1_104' title="bbox 261 5441 1984 5521">
     <span class='ocr_line' id='line_1_105' title="bbox 261 5441 1984 5521; baseline 0.001 -21"><span class='ocrx_word' id='word_1_762' title='bbox 261 5447 330 5501; x_wconf 77' lang='grc' dir='ltr'>τά</span> <span class='ocrx_word' id='word_1_763' title='bbox 360 5445 533 5518; x_wconf 80' lang='grc' dir='ltr'>ὅμοια</span> <span class='ocrx_word' id='word_1_764' title='bbox 577 5445 830 5519; x_wconf 85' lang='grc' dir='ltr'>πράττειν</span> <span class='ocrx_word' id='word_1_765' title='bbox 879 5441 1383 5513; x_wconf 83' lang='grc' dir='ltr'>θέλοντες,ἐκείνους</span> <span class='ocrx_word' id='word_1_766' title='bbox 1414 5442 1583 5521; x_wconf 74' lang='grc' dir='ltr'>ἔχωσι</span> <span class='ocrx_word' id='word_1_767' title='bbox 1626 5450 1722 5499; x_wconf 75' lang='grc' dir='ltr'>τοῦ</span> <span class='ocrx_word' id='word_1_768' title='bbox 1754 5452 1921 5501; x_wconf 75' lang='grc' dir='ltr'>κακοῦ</span> <span class='ocrx_word' id='word_1_769' title='bbox 1981 5500 1984 5503; x_wconf 36' lang='grc' dir='ltr'>λ</span> 
     </span>
    </p>
   </div>
   <div class='ocr_carea' id='block_1_105' title="bbox 339 5532 1345 5609">
    <p class='ocr_par' dir='ltr' id='par_1_105' title="bbox 339 5532 1345 5609">
     <span class='ocr_line' id='line_1_106' title="bbox 339 5532 1345 5609; baseline -0.001 -18"><span class='ocrx_word' id='word_1_770' title='bbox 339 5543 421 5609; x_wconf 81' lang='grc' dir='ltr'>(α)</span> <span class='ocrx_word' id='word_1_771' title='bbox 455 5536 607 5609; x_wconf 85' lang='lat' dir='ltr'>Lege</span> <span class='ocrx_word' id='word_1_772' title='bbox 635 5532 759 5607; x_wconf 80' lang='grc' dir='ltr'>περὶ</span> <span class='ocrx_word' id='word_1_773' title='bbox 791 5532 875 5588; x_wconf 81' lang='grc' dir='ltr'>οὗ.</span> <span class='ocrx_word' id='word_1_774' title='bbox 907 5534 1067 5589; x_wconf 82' lang='lat' dir='ltr'>Em&#39;r.</span> <span class='ocrx_word' id='word_1_775' title='bbox 1102 5534 1345 5590; x_wconf 76' lang='lat' dir='ltr'>PATROL.</span> 
     </span>
    </p>
   </div>
   <div class='ocr_carea' id='block_1_106' title="bbox 336 5691 1109 5767">
    <p class='ocr_par' dir='ltr' id='par_1_106' title="bbox 336 5691 1109 5767">
     <span class='ocr_line' id='line_1_107' title="bbox 336 5691 1109 5767; baseline -0.005 -13"><span class='ocrx_word' id='word_1_776' title='bbox 336 5700 385 5732; x_wconf 67' lang='grc' dir='ltr'>ιε</span> <span class='ocrx_word' id='word_1_777' title='bbox 415 5696 488 5754; x_wconf 88' lang='lat' dir='ltr'>a1.</span> <span class='ocrx_word' id='word_1_778' title='bbox 527 5695 731 5767; x_wconf 48' lang='lat' dir='ltr'>tam,</span> <span class='ocrx_word' id='word_1_779' title='bbox 763 5696 807 5731; x_wconf 70' lang='grc' dir='ltr'>ιο</span> <span class='ocrx_word' id='word_1_780' title='bbox 858 5693 933 5751; x_wconf 86' lang='lat' dir='ltr'>al.</span> <span class='ocrx_word' id='word_1_781' title='bbox 994 5691 1109 5763; x_wconf 83' lang='grc' dir='ltr'>ἔθη.</span> 
     </span>
    </p>
   </div>
   <div class='ocr_carea' id='block_1_107' title="bbox 282 5768 601 5831">
    <p class='ocr_par' dir='ltr' id='par_1_107' title="bbox 282 5768 601 5831">
     <span class='ocr_line' id='line_1_108' title="bbox 282 5768 601 5831; baseline -0.028 0"><span class='ocrx_word' id='word_1_782' title='bbox 282 5812 303 5831; x_wconf 92' lang='grc'>.</span> <span class='ocrx_word' id='word_1_783' title='bbox 333 5786 393 5825; x_wconf 81' lang='lat' dir='ltr'>x.</span> <span class='ocrx_word' id='word_1_784' title='bbox 428 5785 478 5825; x_wconf 92' lang='lat' dir='ltr'>c.</span> <span class='ocrx_word' id='word_1_785' title='bbox 509 5768 601 5823; x_wconf 84' lang='lat'>50.</span> 
     </span>
    </p>
   </div>
   <div class='ocr_carea' id='block_1_108' title="bbox 2037 4728 3672 4805">
    <p class='ocr_par' dir='ltr' id='par_1_108' title="bbox 2037 4728 3672 4805">
     <span class='ocr_line' id='line_1_109' title="bbox 2037 4728 3672 4805; baseline -0.003 -17"><span class='ocrx_word' id='word_1_786' title='bbox 2037 4734 2095 4788; x_wconf 90' lang='lat' dir='ltr'>in</span> <span class='ocrx_word' id='word_1_787' title='bbox 2128 4733 2382 4805; x_wconf 89' lang='lat' dir='ltr'>aliquem</span> <span class='ocrx_word' id='word_1_788' title='bbox 2414 4732 2628 4797; x_wconf 92' lang='lat' dir='ltr'>locum,</span> <span class='ocrx_word' id='word_1_789' title='bbox 2664 4730 2765 4803; x_wconf 87' lang='lat' dir='ltr'>qui</span> <span class='ocrx_word' id='word_1_790' title='bbox 2800 4730 3081 4801; x_wconf 88' lang='lat' dir='ltr'>majorem</span> <span class='ocrx_word' id='word_1_791' title='bbox 3114 4728 3367 4800; x_wconf 90' lang='lat' dir='ltr'>quietem</span> <span class='ocrx_word' id='word_1_792' title='bbox 3398 4728 3672 4800; x_wconf 74' lang='lat' dir='ltr'>praebeat.</span> 
     </span>
    </p>
   </div>
   <div class='ocr_carea' id='block_1_109' title="bbox 2037 4816 3670 4895">
    <p class='ocr_par' dir='ltr' id='par_1_109' title="bbox 2037 4816 3670 4895">
     <span class='ocr_line' id='line_1_110' title="bbox 2037 4816 3670 4895; baseline -0.005 -17"><span class='ocrx_word' id='word_1_793' title='bbox 2037 4825 2105 4879; x_wconf 89' lang='lat' dir='ltr'>Et</span> <span class='ocrx_word' id='word_1_794' title='bbox 2133 4839 2199 4878; x_wconf 92' lang='lat' dir='ltr'>eo</span> <span class='ocrx_word' id='word_1_795' title='bbox 2231 4819 2652 4895; x_wconf 83' lang='lat' dir='ltr'>progressi,ubi</span> <span class='ocrx_word' id='word_1_796' title='bbox 2675 4836 2815 4892; x_wconf 90' lang='lat' dir='ltr'>pura</span> <span class='ocrx_word' id='word_1_797' title='bbox 2852 4822 3017 4874; x_wconf 89' lang='lat' dir='ltr'>erant</span> <span class='ocrx_word' id='word_1_798' title='bbox 3044 4817 3371 4888; x_wconf 87' lang='lat' dir='ltr'>gelidorum</span> <span class='ocrx_word' id='word_1_799' title='bbox 3430 4816 3670 4871; x_wconf 85' lang='lat' dir='ltr'>laticum</span> 
     </span>
    </p>
   </div>
   <div class='ocr_carea' id='block_1_110' title="bbox 2036 4904 3674 4980">
    <p class='ocr_par' dir='ltr' id='par_1_110' title="bbox 2036 4904 3674 4980">
     <span class='ocr_line' id='line_1_111' title="bbox 2036 4904 3674 4980; baseline -0.005 -12"><span class='ocrx_word' id='word_1_800' title='bbox 2036 4913 2275 4980; x_wconf 88' lang='lat' dir='ltr'>ﬂuenta,</span> <span class='ocrx_word' id='word_1_801' title='bbox 2307 4916 2363 4966; x_wconf 88' lang='lat' dir='ltr'>et</span> <span class='ocrx_word' id='word_1_802' title='bbox 2392 4909 2667 4965; x_wconf 88' lang='lat' dir='ltr'>viridium</span> <span class='ocrx_word' id='word_1_803' title='bbox 2698 4908 2890 4963; x_wconf 89' lang='lat' dir='ltr'>omnis</span> <span class='ocrx_word' id='word_1_804' title='bbox 2920 4907 3150 4979; x_wconf 83' lang='lat' dir='ltr'>generis</span> <span class='ocrx_word' id='word_1_805' title='bbox 3180 4907 3453 4961; x_wconf 89' lang='lat' dir='ltr'>arborum</span> <span class='ocrx_word' id='word_1_806' title='bbox 3513 4904 3674 4960; x_wconf 72' lang='grc' dir='ltr'>σωθ-</span> 
     </span>
    </p>
   </div>
   <div class='ocr_carea' id='block_1_111' title="bbox 2035 4992 3677 5069">
    <p class='ocr_par' dir='ltr' id='par_1_111' title="bbox 2035 4992 3677 5069">
     <span class='ocr_line' id='line_1_112' title="bbox 2035 4992 3677 5069; baseline -0.005 -13"><span class='ocrx_word' id='word_1_807' title='bbox 2035 5002 2228 5068; x_wconf 84' lang='lat' dir='ltr'>ctatio,</span> <span class='ocrx_word' id='word_1_808' title='bbox 2262 5000 2655 5056; x_wconf 87' lang='lat' dir='ltr'>consedimus.</span> <span class='ocrx_word' id='word_1_809' title='bbox 2689 4998 2951 5069; x_wconf 86' lang='lat' dir='ltr'>Cumque</span> <span class='ocrx_word' id='word_1_810' title='bbox 2974 5013 3177 5052; x_wconf 87' lang='lat' dir='ltr'>omnes</span> <span class='ocrx_word' id='word_1_811' title='bbox 3211 5012 3301 5051; x_wconf 92' lang='lat' dir='ltr'>me</span> <span class='ocrx_word' id='word_1_812' title='bbox 3334 4995 3461 5052; x_wconf 79' lang='lat' dir='ltr'>fixis</span> <span class='ocrx_word' id='word_1_813' title='bbox 3492 4992 3677 5050; x_wconf 91' lang='lat' dir='ltr'>oculis</span> 
     </span>
    </p>
   </div>
   <div class='ocr_carea' id='block_1_112' title="bbox 2033 5083 3544 5156">
    <p class='ocr_par' dir='ltr' id='par_1_112' title="bbox 2033 5083 3544 5156">
     <span class='ocr_line' id='line_1_113' title="bbox 2033 5083 3544 5156; baseline -0.004 -11"><span class='ocrx_word' id='word_1_814' title='bbox 2033 5083 2420 5156; x_wconf 89' lang='lat' dir='ltr'>intuerentur,</span> <span class='ocrx_word' id='word_1_815' title='bbox 2449 5087 2605 5141; x_wconf 91' lang='lat' dir='ltr'>hunc</span> <span class='ocrx_word' id='word_1_816' title='bbox 2639 5087 2697 5140; x_wconf 89' lang='lat' dir='ltr'>in</span> <span class='ocrx_word' id='word_1_817' title='bbox 2728 5086 2966 5141; x_wconf 88' lang='lat' dir='ltr'>modum</span> <span class='ocrx_word' id='word_1_818' title='bbox 3000 5083 3213 5156; x_wconf 88' lang='lat' dir='ltr'>alloqui</span> <span class='ocrx_word' id='word_1_819' title='bbox 3246 5100 3345 5139; x_wconf 91' lang='lat' dir='ltr'>eos</span> <span class='ocrx_word' id='word_1_820' title='bbox 3373 5084 3544 5156; x_wconf 74' lang='lat' dir='ltr'>ccepi.</span> 
     </span>
    </p>
   </div>
   <div class='ocr_carea' id='block_1_113' title="bbox 2105 5171 3676 5244">
    <p class='ocr_par' dir='ltr' id='par_1_113' title="bbox 2105 5171 3676 5244">
     <span class='ocr_line' id='line_1_114' title="bbox 2105 5171 3676 5244; baseline -0.005 -10"><span class='ocrx_word' id='word_1_821' title='bbox 2105 5179 2291 5234; x_wconf 76' lang='lat' dir='ltr'><strong>XLIX.</strong></span> <span class='ocrx_word' id='word_1_822' title='bbox 2323 5179 2367 5212; x_wconf 76' lang='grc' dir='ltr'><strong><em>⁵ο</em></strong></span> <span class='ocrx_word' id='word_1_823' title='bbox 2398 5176 2583 5232; x_wconf 90' lang='lat' dir='ltr'>Multa</span> <span class='ocrx_word' id='word_1_824' title='bbox 2613 5179 2719 5244; x_wconf 82' lang='lat' dir='ltr'>est,</span> <span class='ocrx_word' id='word_1_825' title='bbox 2755 5191 2785 5229; x_wconf 92' lang='grc' dir='ltr'>ο</span> <span class='ocrx_word' id='word_1_826' title='bbox 2818 5173 2945 5241; x_wconf 87' lang='lat' dir='ltr'>viri,</span> <span class='ocrx_word' id='word_1_827' title='bbox 2979 5172 3303 5229; x_wconf 77' lang='lat' dir='ltr'>differentia</span> <span class='ocrx_word' id='word_1_828' title='bbox 3336 5173 3486 5227; x_wconf 89' lang='lat' dir='ltr'>inter</span> <span class='ocrx_word' id='word_1_829' title='bbox 3522 5171 3676 5227; x_wconf 91' lang='lat' dir='ltr'>veri-</span> 
     </span>
    </p>
   </div>
   <div class='ocr_carea' id='block_1_114' title="bbox 2033 5260 3677 5339">
    <p class='ocr_par' dir='ltr' id='par_1_114' title="bbox 2033 5260 3677 5339">
     <span class='ocr_line' id='line_1_115' title="bbox 2033 5260 3677 5339; baseline -0.006 -14"><span class='ocrx_word' id='word_1_830' title='bbox 2033 5274 2211 5332; x_wconf 79' lang='lat' dir='ltr'>tatem</span> <span class='ocrx_word' id='word_1_831' title='bbox 2242 5272 2417 5339; x_wconf 88' lang='lat' dir='ltr'>atque</span> <span class='ocrx_word' id='word_1_832' title='bbox 2447 5263 2953 5320; x_wconf 83' lang='lat' dir='ltr'>consuetudinem.</span> <span class='ocrx_word' id='word_1_833' title='bbox 2993 5264 3073 5318; x_wconf 86' lang='lat' dir='ltr'>Ex</span> <span class='ocrx_word' id='word_1_834' title='bbox 3103 5262 3316 5318; x_wconf 62' lang='lat' dir='ltr'>Grecis</span> <span class='ocrx_word' id='word_1_835' title='bbox 3365 5262 3521 5316; x_wconf 91' lang='lat' dir='ltr'>enim</span> <span class='ocrx_word' id='word_1_836' title='bbox 3577 5260 3677 5316; x_wconf 89' lang='lat' dir='ltr'>alii</span> 
     </span>
    </p>
   </div>
   <div class='ocr_carea' id='block_1_115' title="bbox 2032 5351 3677 5424">
    <p class='ocr_par' dir='ltr' id='par_1_115' title="bbox 2032 5351 3677 5424">
     <span class='ocr_line' id='line_1_116' title="bbox 2032 5351 3677 5424; baseline -0.004 -10"><span class='ocrx_word' id='word_1_837' title='bbox 2032 5357 2249 5414; x_wconf 88' lang='lat' dir='ltr'>multos</span> <span class='ocrx_word' id='word_1_838' title='bbox 2280 5357 2417 5412; x_wconf 91' lang='lat' dir='ltr'>deos</span> <span class='ocrx_word' id='word_1_839' title='bbox 2443 5352 2633 5409; x_wconf 90' lang='lat' dir='ltr'>malos</span> <span class='ocrx_word' id='word_1_840' title='bbox 2692 5352 3075 5424; x_wconf 87' lang='lat' dir='ltr'>pluribusque</span> <span class='ocrx_word' id='word_1_841' title='bbox 3135 5351 3677 5422; x_wconf 88' lang='lat' dir='ltr'>perturbationibus</span> 
     </span>
    </p>
   </div>
   <div class='ocr_carea' id='block_1_116' title="bbox 2030 5439 3677 5512">
    <p class='ocr_par' dir='ltr' id='par_1_116' title="bbox 2030 5439 3677 5512">
     <span class='ocr_line' id='line_1_117' title="bbox 2030 5439 3677 5512; baseline -0.005 -9"><span class='ocrx_word' id='word_1_842' title='bbox 2030 5440 2309 5503; x_wconf 68' lang='lat' dir='ltr'>obnOXios</span> <span class='ocrx_word' id='word_1_843' title='bbox 2339 5444 2697 5499; x_wconf 79' lang='lat' dir='ltr'>induxerunt</span> <span class='ocrx_word' id='word_1_844' title='bbox 2723 5459 2735 5510; x_wconf 90' lang='lat'>;</span> <span class='ocrx_word' id='word_1_845' title='bbox 2762 5445 2827 5495; x_wconf 93' lang='lat' dir='ltr'>ut</span> <span class='ocrx_word' id='word_1_846' title='bbox 2854 5442 2953 5512; x_wconf 89' lang='lat' dir='ltr'>qui</span> <span class='ocrx_word' id='word_1_847' title='bbox 2985 5439 3203 5495; x_wconf 89' lang='lat' dir='ltr'>similia</span> <span class='ocrx_word' id='word_1_848' title='bbox 3226 5444 3453 5512; x_wconf 88' lang='lat' dir='ltr'>patrare</span> <span class='ocrx_word' id='word_1_849' title='bbox 3478 5439 3677 5509; x_wconf 89' lang='lat' dir='ltr'>velint,</span> 
     </span>
    </p>
   </div>
   <div class='ocr_carea' id='block_1_117' title="bbox 1629 5607 2315 5682">
    <p class='ocr_par' dir='ltr' id='par_1_117' title="bbox 1629 5607 2315 5682">
     <span class='ocr_line' id='line_1_118' title="bbox 1629 5607 2315 5682; baseline -0.003 -19"><span class='ocrx_word' id='word_1_850' title='bbox 1629 5607 1868 5664; x_wconf 65' lang='lat' dir='ltr'>unus</span> <span class='ocrx_word' id='word_1_851' title='bbox 1890 5608 2315 5682; x_wconf 69' lang='lat' dir='ltr'>.LEC’I‘IONES.</span> 
     </span>
    </p>
   </div>
   <div class='ocr_carea' id='block_1_118' title="bbox 1170 5686 1935 5782">
    <p class='ocr_par' dir='ltr' id='par_1_118' title="bbox 1170 5693 1935 5770">
     <span class='ocr_line' id='line_1_119' title="bbox 1170 5693 1935 5770; baseline 0.005 -20"><span class='ocrx_word' id='word_1_852' title='bbox 1170 5696 1211 5729; x_wconf 74' lang='lat'>‘7</span> <span class='ocrx_word' id='word_1_853' title='bbox 1268 5693 1344 5750; x_wconf 79' lang='lat' dir='ltr'>al.</span> <span class='ocrx_word' id='word_1_854' title='bbox 1411 5693 1487 5766; x_wconf 78' lang='grc' dir='ltr'>μή</span> <span class='ocrx_word' id='word_1_855' title='bbox 1546 5696 1935 5770; x_wconf 71' lang='grc' dir='ltr'>πατρὸς-εὐσε4</span> 
     </span>
    </p>
   </div>
   <div class='ocr_carea' id='block_1_119' title="bbox 2051 5686 3673 5782">
    <p class='ocr_par' dir='ltr' id='par_1_119' title="bbox 2051 5686 3673 5777">
     <span class='ocr_line' id='line_1_120' title="bbox 2051 5686 3673 5777; baseline -0.003 -24"><span class='ocrx_word' id='word_1_856' title='bbox 2051 5686 2109 5761; x_wconf 46' lang='lat'>:3?-</span> <span class='ocrx_word' id='word_1_857' title='bbox 2142 5699 2183 5777; x_wconf 53' lang='grc' dir='ltr'><strong>Ψ</strong></span> <span class='ocrx_word' id='word_1_858' title='bbox 2251 5695 2325 5752; x_wconf 86' lang='lat' dir='ltr'>al.</span> <span class='ocrx_word' id='word_1_859' title='bbox 2386 5690 2733 5770; x_wconf 74' lang='grc' dir='ltr'>φιλομαθῶς.</span> <span class='ocrx_word' id='word_1_860' title='bbox 2792 5692 2837 5725; x_wconf 78' lang='grc'><strong>⁴⁹</strong></span> <span class='ocrx_word' id='word_1_861' title='bbox 2884 5690 2957 5747; x_wconf 84' lang='lat' dir='ltr'>al.</span> <span class='ocrx_word' id='word_1_862' title='bbox 3010 5688 3243 5764; x_wconf 80' lang='grc' dir='ltr'>τέρψεις.</span> <span class='ocrx_word' id='word_1_863' title='bbox 3301 5692 3346 5727; x_wconf 77' lang='grc' dir='ltr'>⁵ο</span> <span class='ocrx_word' id='word_1_864' title='bbox 3373 5691 3411 5747; x_wconf 92' lang='lat'>1.</span> <span class='ocrx_word' id='word_1_865' title='bbox 3446 5692 3673 5762; x_wconf 78' lang='lat' dir='ltr'>Recogn.</span> 
     </span>
    </p>
   </div>
  </div>
