4140 6344
500 440 618 505 807

1324 452 1387 513 S.
1436 447 1879 514 CLEMENTIS
1926 445 1948 509 Ι
1996 446 2186 508 ROM.
2232 444 2462 508 PONT.
2509 448 2769 512 OPERA
2813 450 3073 515 DUBIA.

3783 450 3901 515 808

506 576 640 636 illos
670 580 904 638 malitia:
938 588 1212 656 patronos
1234 588 1624 645 habeant.Alii
1656 608 1787 646 vero
1822 591 2004 647 fatum
2038 599 2138 647 seu

2256 580 2609 656 συνηγόρους.
2662 580 2860 637 ’Δλλοι
2915 580 2973 637 δὲ
3020 581 3352 659 εἱμαρμένην
3410 582 3768 659 εἰσηγήσαντο
3798 585 3895 653 τήν

504 671 743 741 genesin
774 678 829 729 et
858 673 1047 732 natale
1077 676 1452 747 invexerunt;
1488 698 1553 737 ac
1582 688 1791 753 praeter
1829 681 1991 747 illud,
2044 698 2142 736 ne-

504 775 614 828 que
644 761 759 831 pati
795 780 980 835 neque
1008 766 1190 823 facere
1219 784 1576 842 quemquam
1612 788 1781 843 posse
1811 772 1975 825 aiunt
2008 789 2020 837 ;
2081 775 2144 826 ut

508 863 642 903 cum
675 850 1137 911 existimaverint
1165 858 1457 914 neminem
1480 860 1955 933 praetergenesim
1974 860 2143 933 quid-

510 953 688 1007 quam
719 942 806 995 vel
838 942 1025 998 facere
1055 945 1141 1000 vel
1173 948 1289 1016 pati
1323 965 1512 1019 posse,
1555 949 1721 1005 facile
1769 951 1839 1005 ad
1898 966 2144 1022 peccan-

502 1026 646 1081 dum
678 1031 976 1100 accedant,
998 1037 1053 1087 et
1076 1039 1206 1106 post
1230 1043 1532 1107 peccatum
1562 1056 1676 1093 non
1703 1040 1994 1094 ducantur
2024 1056 2144 1110 pa:-

502 1114 743 1171 nitentia
774 1118 953 1190 impie
984 1126 1302 1191 gestorum.
1336 1126 1445 1180 Alii
1477 1133 1669 1183 autem
1698 1132 2037 1200 praesentem
2058 1144 2146 1183 re-

498 1220 628 1259 rum
661 1210 877 1262 statum
912 1210 1283 1280 providentia:
1313 1220 1605 1286 expertem
1638 1233 1765 1272 esse
1796 1218 2137 1283 decernunt;

496 1296 671 1365 atque
702 1312 809 1351 sua
840 1304 1047 1369 sponte
1079 1303 1513 1361 universitatem
1545 1306 1694 1361 hanc
1718 1307 1850 1363 ferri
1886 1310 2144 1373 censent,

496 1381 743 1439 Domino
780 1386 938 1442 nullo
970 1391 1352 1460 praesidente;
1391 1396 1545 1464 quod
1578 1413 1718 1450 sane
1764 1395 2024 1450 omnium
2059 1400 2147 1449 est

501 1472 883 1530 durissimum
920 1495 933 1542 ;
969 1478 1048 1533 ita
1078 1480 1256 1535 Deum
1291 1482 1719 1554 blasphemare,
1753 1489 1809 1539 et
1856 1486 1928 1540 ab
1985 1483 2143 1539 omni

505 1561 787 1617 universae
818 1570 1040 1623 natura:
1071 1569 1353 1640 expellere
1384 1573 1766 1643 providentia,
1800 1578 1865 1628 ut
1896 1578 1950 1629 et
1984 1589 2143 1629 asse-

504 1653 667 1705 ratur
697 1653 990 1709 neminem
1023 1672 1150 1713 esse
1180 1660 1278 1730 qui
1305 1662 1606 1731 praefectus
1637 1663 1805 1728 sit,ac
1826 1663 2141 1734 provideat,

502 1741 560 1792 et
592 1740 875 1798 universis
901 1761 1002 1815 pro
1036 1748 1241 1805 merito
1273 1751 1576 1805 attribuat.
1634 1751 1822 1815 Quare
1881 1752 1981 1822 qui
2032 1752 2145 1807 ista

502 1828 835 1898 opinantur,
879 1850 992 1888 non
1036 1835 1199 1891 facile
1254 1838 1562 1895 honestam
1630 1841 1807 1895 vitam
1878 1841 2138 1896 ducunt:

499 1916 638 1987 quia
668 1918 1011 1990 impendens
1042 1926 1365 1996 periculum
1390 1945 1505 1984 non
1540 1930 1873 2000 prmvident.

572 2011 629 2060 L.
662 2010 732 2063 At
760 2026 891 2065 vero
923 2014 1187 2069 doctrina
1215 2032 1439 2083 eorum,
1473 2036 1621 2089 quos
1652 2019 1931 2074 barbaros
1975 2036 2141 2075 voca-

499 2095 597 2163 tis,
630 2099 883 2154 maxime
914 2102 1009 2173 pia
1039 2109 1162 2169 est;
1190 2122 1314 2176 quas
1345 2124 1528 2162 unum
1552 2108 1758 2172 Deum,
1791 2112 1848 2162 et
1876 2108 2140 2180 opificem

500 2184 682 2239 totius
712 2185 889 2259 hujus
922 2193 1125 2247 mundi
1159 2193 1476 2250 introducit
1509 2213 1522 2261 ;
1564 2201 1772 2251 natura
1809 2198 2027 2251 bonum
2079 2214 2143 2251 ac

496 2272 765 2341 justum:
800 2278 1019 2335 bonum
1045 2282 1301 2352 quidem,
1334 2288 1398 2338 ut
1429 2285 1526 2356 qui
1571 2285 1986 2355 paenitentibus
2044 2286 2142 2340 de-

502 2359 637 2417 licta
664 2367 993 2422 condonet:
1030 2370 1258 2437 justum
1315 2378 1626 2443 autem,ut
1677 2375 1776 2445 qui
1827 2373 2141 2445 unicuique

501 2467 615 2506 non
647 2454 974 2524 pmnitenti,
1008 2474 1110 2530 pro
1138 2460 1425 2516 factorum
1456 2461 1679 2517 meritis
1700 2462 2142 2516 retribuat.Sin-

500 2539 622 2609 guli
653 2558 931 2617 namque;
960 2546 1099 2602 dum
1131 2554 1469 2621 exspectant
1498 2551 1759 2606 futurum
1800 2567 1937 2623 erga
1980 2550 2140 2622 ipsos

500 2628 600 2683 Dei
636 2636 846 2688 cuncta
874 2633 1568 2710 intuentisjudicium,ad
1599 2644 1917 2711 temperate
1945 2639 2139 2694 viven-

501 2718 641 2773 dum
674 2722 959 2792 majorem
990 2724 1275 2797 impetum
1310 2729 1547 2800 capiunt
1577 2734 1655 2785 :et
1682 2729 1780 2800 qui
1813 2727 1989 2783 vitam
2014 2744 2139 2782 mo-

501 2806 760 2865 deratam
785 2813 1281 2881 traduxit,aeterno
1313 2818 1598 2890 supplicio
1632 2818 1932 2873 liberatur.

574 2896 661 2952 LI.
695 2899 741 2933 ⁸⁸
789 2904 986 2967 Porro,
1037 2903 1177 2958 dum
1229 2905 1696 2979 uniuscujusque
1752 2923 1978 2973 eorum,
2037 2904 2137 2976 qui

502 2986 655 3055 apud
682 3003 784 3043 vos
809 2989 887 3043 dii
920 2992 1319 3059 nominantur,
1349 2995 1563 3066 impios
1615 3001 1780 3051 actus
1828 2996 2135 3067 redarguo,

494 3071 954 3147 Jovis,Neptuni,
988 3079 1623 3156 Plutonis,Appollinis,
1656 3085 1886 3150 Bacchi,
1920 3089 2136 3139 Hercu-

492 3160 590 3227 lis,
622 3180 688 3218 ac
715 3165 1083 3237 singulorum
1114 3175 1286 3243 (quos
1317 3190 1501 3244 neque
1548 3174 1657 3244 ipsi
1692 3174 1993 3245 ignoratis,
2046 3177 2135 3227 ut-

494 3255 629 3323 pote
650 3252 707 3307 in
742 3253 1072 3312 Graecorum
1093 3258 1302 3316 litteris
1332 3261 1583 3317 instituti
1611 3281 1623 3329 ;
1648 3279 1795 3333 quas
1823 3262 1971 3318 vitas
1996 3263 2132 3317 edo-

490 3340 567 3395 cti
597 3342 763 3407 estis,
798 3347 862 3399 ut
890 3350 1171 3418 tanquam
1197 3350 1438 3405 deorum
1487 3350 1856 3407 aemulatores
1914 3350 2134 3406 similia

501 3432 815 3503 peragatis)
846 3438 902 3488 et
930 3435 1002 3489 ab
1032 3435 1158 3506 ipso
1190 3438 1467 3509 primum,
1502 3439 1551 3495 si
1582 3440 1830 3505 videtur,
1890 3439 2142 3493 maximo

504 3534 638 3589 rege
658 3519 797 3575 Jove
829 3522 1039 3578 ordiar.
1073 3526 1115 3559 ⁵⁷
1148 3525 1311 3582 Illius
1343 3527 1577 3599 quidem
1608 3533 1771 3599 pater
1828 3528 2140 3593 Saturnus,

498 3605 702 3662 liberis
724 3609 871 3675 suis,
895 3615 958 3665 ut
990 3612 1578 3683 fertur,devoratis,et
1607 3616 1982 3671 adamantina
1998 3615 2140 3671 falce

498 3694 785 3751 demessis
815 3700 961 3768 patri
996 3703 1371 3771 genitalibus,
1405 3704 1638 3774 pietatis
1659 3721 1795 3777 erga
1843 3709 2138 3775 parentes,

500 3787 556 3837 et
584 3786 801 3841 amoris
831 3787 890 3841 in
923 3787 1235 3857 liberos,iis
1266 3791 1365 3863 qui
1387 3793 1627 3847 deorum
1661 3793 1936 3864 mysteria
1956 3810 2139 3847 remu-

497 3871 694 3928 lantur
720 3876 1043 3946 specimina
1074 3896 1140 3933 ac
1160 3880 1511 3953 exemplaria
1541 3882 1804 3952 praebuit.
1824 3883 1953 3953 Ipse
2004 3898 2137 3936 vero

493 3960 722 4034 Jupiter
750 3970 973 4036 patrem
1007 3984 1179 4023 suum
1211 3969 1564 4037 vinctum,in
1594 3974 1896 4025 Tartarum
1932 3971 2137 4041 praeci-

494 4047 782 4119 pitavit,et
812 4052 957 4109 alios
988 4054 1126 4111 deos
1158 4056 1345 4128 punit.
1378 4058 1420 4092 ⁵⁸
1446 4058 1552 4113 Pro
1583 4057 1654 4114 iis
1676 4064 1870 4114 autem
1903 4058 2003 4129 qui
2035 4076 2133 4114 ne-

494 4136 728 4194 fandam
762 4147 995 4212 patrant
1024 4145 1648 4216 obscenitatem,Metin
1672 4164 1806 4202 cum
1837 4148 2136 4219 genuisset

493 4225 786 4299 absorpsit
817 4246 831 4285 :
859 4248 1025 4303 porro
1051 4233 1217 4290 Metis
1248 4238 1370 4291 erat
1399 4252 1632 4303 semen;
1664 4236 1947 4291 infantem
1976 4236 2133 4292 enim

490 4312 789 4370 absorberi
820 4317 1204 4390 impossibile.
1240 4322 1300 4377 In
1328 4323 1723 4379 defensionem
1763 4340 1897 4379 vero
1928 4340 2129 4379 eorum

487 4402 588 4472 qui
619 4420 932 4475 puerorum
954 4408 1261 4482 indulgent
1282 4411 1603 4480 amoribus,
1625 4414 2014 4484 Ganymedem
2041 4431 2131 4468 ra-

484 4489 589 4562 pit.
626 4492 695 4547 Et
715 4493 994 4551 adulteris
1021 4496 1080 4552 in
1110 4498 1396 4554 adulterio
1427 4518 1595 4571 opem
1634 4502 1985 4574 ferens,ipse
2017 4520 2127 4558 sae-

482 4595 552 4651 pe
588 4581 846 4639 machus
878 4585 1190 4641 invenitur.
1225 4590 1309 4643 Ad
1346 4606 1571 4645 sorores
1622 4592 1798 4646 etiam
1832 4591 2127 4647 ducendas

2172 1951 2220 2015 B

2253 668 2555 743 λεγομένην
2605 670 2823 746 γένεσιν,
2875 673 2963 727 καὶ
3012 675 3137 749 παρ’
3165 673 3330 742 αὐτὴν
3364 670 3486 728 οὔτε
3515 674 3747 750 πάσχειν
3777 675 3901 729 τινά

2253 754 2474 813 δυνατὸν
2521 760 2654 814 εἶναί
2700 782 2878 837 φασιν,
2928 759 3051 816 οὔτε
3095 768 3291 817 ποιεῖν·
3320 760 3413 816 τίνα
3462 762 3781 837 νομίσαντες
3815 762 3898 818 ὅτι

2252 849 2397 923 παρά
2435 850 2636 924 γένεσιν
2686 850 2861 912 οὐδεὶς
2914 849 3034 906 οὕτε
3077 856 3273 925 ποιεῖν,
3319 848 3441 906 οὔτε
3486 854 3714 927 πάσχειν
3759 851 3898 929 ἔχει,

2256 935 2453 1011 ῥᾳδίως
2505 937 2592 993 ἐπὶ
2633 940 2695 994 τὸ
2743 940 3060 1015 ἁμαρτάνειν
3091 939 3381 1017 ἔρχωνται,
3427 941 3516 995 καὶ
3565 942 3903 1015 ἁμαρτάνον-

2250 1048 2358 1096 τες,
2395 1028 2471 1099 μή
2510 1028 2919 1099 μεταμέλωνται
2964 1029 3045 1107 ἐφ’
3091 1030 3172 1092 οἷς
3220 1024 3572 1099 ἠσεϐήκασιν.
3605 1028 3807 1086 ’Ἄλλοι
3841 1028 3899 1086 δὲ

2253 1116 2565 1190 ἀπρονόητα
2614 1114 2999 1191 δογματίζουσι
3047 1120 3115 1172 τὰ
3159 1118 3419 1193 παρόντα,
3450 1117 3537 1171 καὶ
3580 1118 3902 1192 αὐτομάτως

2255 1203 2499 1281 φέρεσθαι
2546 1207 2608 1260 τὸ
2657 1212 2759 1260 πᾶν
2792 1205 3084 1280 εἰσάγουσι,
3130 1205 3362 1279 μηδενὸς
3408 1205 3768 1284 ἐφεστηκότος
3800 1215 3901 1263 Δε-

2256 1294 2475 1349 σπότου⁶
2523 1296 2551 1349 ’ὀ
2606 1292 2672 1363 δὴ
2707 1298 2748 1332 ⁵1
2777 1296 2866 1349 καὶ
2896 1295 3109 1350 πάντων
3156 1295 3265 1350 ἐστὶ
3312 1293 3727 1370 χαλεπώτατον,
3756 1296 3899 1351 οὕτω

2252 1383 2343 1436 τὸν
2372 1384 2498 1437 Θεὸν
2545 1382 2909 1461 βλασφημεῖν,
2964 1385 3052 1438 καὶ
3103 1391 3203 1453 τῆς
3252 1388 3348 1438 τοῦ
3378 1382 3577 1445 παντὸς
3609 1380 3897 1440 ἐκϐάλλειν

2254 1472 2530 1547 προνοίας,
2576 1472 2713 1528 ὥστε
2763 1472 2902 1545 μηδὲ
2952 1475 3079 1528 εἶναι
3131 1474 3305 1549 λέγειν
3355 1474 3447 1527 τὸν
3494 1474 3765 1551 ἐφεστῶτα
3804 1475 3895 1529 καὶ

2253 1561 2674 1637 προνοούμενον,
2724 1563 2813 1616 καὶ
2863 1566 2907 1599 ⁵³
2937 1563 3004 1617 τὰ
3050 1564 3165 1616 κατ’
3212 1562 3359 1632 ἀξίαν
3390 1566 3469 1633 τῷ
3512 1562 3667 1616 παντί
3699 1562 3895 1617 ἀπονέ-

2256 1670 2444 1722 μοντα’
2478 1650 2594 1704 ὅθεν
2628 1650 2688 1704 οὐ
2723 1649 2922 1725 ῥᾳδίως
2968 1652 3017 1705 οἱ
3055 1653 3122 1706 τά
3165 1655 3390 1706 τοιαῦτα
3438 1655 3756 1724 φρονοῦντες
3786 1673 3893 1705 σω·

2252 1739 2612 1816 φρονίζονται.
2664 1741 2761 1794 Τὸν
2803 1742 2906 1816 γάρ
2942 1739 3307 1817 ἐπερχόμενον
3353 1737 3596 1795 κίνδυνον
3630 1740 3692 1795 οὗ
3722 1761 3897 1817 προο-

2253 1849 2472 1904 ρωνται.

2329 2010 2388 2063 L.
2423 2014 2475 2059 Ὁ
2508 2005 2564 2062 δὲ
2592 2013 2721 2078 τῶν,
2754 2008 2827 2070 ὡς
2864 2009 3019 2081 ὑμεῖς
3040 2030 3190 2086 φατε,
3220 2003 3503 2085 βαρϐάρων
3535 2008 3721 2083 λόγος,
3755 2008 3896 2064 εὐσε-

2255 2093 2506 2159 ϐέπατὸς
2554 2098 2717 2168 ἐστιν,
2764 2095 2857 2152 ἕνα
2905 2098 3032 2153 Θεὸν
3064 2095 3401 2173 δημιουργὸν
3444 2097 3602 2153 τοῦδε
3629 2103 3725 2151 τοῦ
3756 2119 3898 2152 παν-

2251 2189 2343 2248 τὸς
2376 2187 2788 2261 εἰσηγούμενος,
2836 2190 2904 2259 τῇ
2936 2186 3087 2264 φύσει
3120 2187 3313 2262 ἀγαθὸν
3362 2185 3449 2241 καί
3498 2185 3724 2241 δίκαιον·
3760 2187 3891 2261 ἀγα-

2254 2277 2343 2339 θὸν
2380 2277 2497 2348 μὲν,
2548 2278 2623 2337 ὡς
2678 2275 3142 2349 μεταμελομένοις
3191 2280 3582 2352 συγχωροῦντα
3621 2276 3688 2329 τὰ
3716 2277 3894 2349 ἀμαρ-

2250 2367 2315 2435 τή
2330 2384 2488 2438 ματα·
2521 2363 2728 2419 δίκαιον
2762 2363 2839 2437 δὲ,
2874 2366 2948 2426 ὡς
2998 2365 3203 2438 ἑκάστῳ
3255 2366 3329 2437 μὴ
3379 2369 3746 2437 μετανοοῦντι,
3776 2366 3896 2419 κατ’

2250 2454 2396 2524 ἀξίαν
2444 2460 2551 2509 τῶν
2599 2453 3017 2528 πεπραγμένων,
3067 2448 3389 2509 ἀποδιδόντα
3423 2499 3434 2510 .
3484 2456 3743 2515 Ἕκαστος
3785 2454 3891 2530 γὰρ

2250 2540 2552 2619 προσδοκίᾳ
2622 2547 2719 2597 τοῦ
2792 2544 3139 2615 κριθήσεσθαι
3198 2543 3299 2598 ὑπὸ
3354 2547 3449 2597 τοῦ
3511 2542 3891 2596 παντεπόπτου

2249 2637 2402 2702 Θεοῦ,
2438 2633 2571 2704 πρὸς
2600 2633 2660 2686 τὸ
2709 2636 3003 2708 σωφρονεῖν
3058 2628 3267 2701 μᾶλλον
3316 2633 3415 2701 τὴν
3449 2631 3625 2706 ὁρμήν
3667 2633 3711 2668 ⁵³
3744 2630 3890 2704 λαμ-

2248 2717 2397 2775 ϐάνει
2426 2722 2513 2776 καὶ
2547 2722 2574 2775 ὁ
2605 2720 2901 2798 σωφρόνως
2936 2714 3237 2796 βεϐιωκὼς,
3267 2727 3366 2789 τῆς
3399 2719 3618 2775 αἰωνίου
3657 2719 3884 2796 λυτροῦο

2246 2831 2332 2864 ται
2363 2808 2661 2871 κολάσεως.

2321 2902 2405 2956 LI.
2433 2898 2691 2955 ”Εκάστου
2722 2896 2779 2954 δὲ
2806 2904 2914 2953 τῶν
2966 2900 3094 2974 παρ’
3142 2898 3267 2970 ὑμῖν
3296 2897 3600 2974 λεγομένων
3633 2900 3763 2952 θεῶν
3793 2899 3890 2959 τὰς

2248 2983 2457 3050 ἀσεϐεῖς
2510 2986 2811 3064 διελέγχων
2866 2987 3105 3064 πράξεις,
3149 2991 3246 3041 τοῦ
3288 2987 3408 3049 Διός
3456 3008 3516 3041 τε
3561 2987 3649 3041 καὶ
3700 2993 3893 3041 Ποσει-

2249 3074 2421 3138 δῶνος
2453 3080 2517 3144 ⁵⁵,
2551 3076 2877 3139 Πλούτωνός
2927 3097 2985 3131 τε
3009 3075 3100 3129 καὶ
3129 3074 3509 3144 Ἀπόλλωνος,
3560 3074 3821 3130 Διονύσου
3851 3077 3896 3113 ⁸⁸

2246 3186 2303 3219 τε
2354 3166 2443 3220 καὶ
2495 3163 2847 3242 Ἡρακλέους,
2902 3162 2993 3219 καί
3040 3168 3148 3218 τῶν
3205 3165 3323 3219 καθ’
3377 3160 3471 3219 ἕνα
3527 3162 3744 3219 ἕκαστον
3795 3166 3892 3237 (ὧν

2248 3252 2375 3309 οὐδὲ
2406 3253 2556 3308 αὐτοὶ
2590 3255 2854 3329 ἀγνοεῖτε,
2889 3253 2947 3309 ἐκ
2992 3250 3240 3314 παιδείας
3272 3251 3600 3323 Ἑλληνικῆς
3633 3253 3894 3327 ὁρμώμε-

2246 3364 2351 3411 νοι,
2385 3342 2476 3405 οῦς
2505 3340 2856 3413 ἐπαιδεύθητε
2884 3342 3051 3417 βίους,
3079 3340 3171 3396 ’ίνα
3202 3343 3276 3403 ὡς
3327 3340 3568 3411 ζηλωταὶ
3595 3346 3703 3395 τῶν
3734 3344 3893 3407 θεῶν,

2246 3432 2314 3486 τά
2361 3431 2525 3505 ὅμοια
2574 3433 2889 3508 πράττητε),
2940 3430 3028 3486 καὶ
3063 3431 3154 3485 ἀπ’
3200 3430 3364 3486 αὐτοῦ
3408 3452 3470 3505 γε
3516 3430 3800 3507 πρότερον,
3847 3431 3896 3484 εἴ

2251 3517 2418 3588 δοκεῖ,
2474 3525 2569 3574 τοῦ
2631 3517 3061 3594 βασιλικωτάτου
3117 3520 3241 3581 Διὸς
3290 3516 3539 3591 ἄρξομαι.
3584 3523 3688 3572 Τοῦ
3737 3519 3764 3571 ὁ
3799 3519 3894 3590 μὲν

2248 3610 2426 3684 πατὴρ
2479 3609 2681 3684 Κρόνος
2725 3610 2793 3664 τά
2844 3606 2952 3663 ἰδια
2996 3607 3174 3677 τέκνα,
3208 3608 3282 3670 ὡς
3316 3606 3545 3683 λέγεται,
3590 3609 3890 3678 καταπιὼν,

2246 3702 2313 3771 τῇ
2346 3698 2396 3769 ἐξ
2427 3696 2731 3771 ἀδάμαντος
2781 3699 2924 3773 ἅρπῃ
2970 3702 3066 3751 τοῦ
3114 3698 3314 3772 πατρὸς
3342 3696 3409 3750 τά
3459 3696 3622 3771 μόρια
3653 3696 3888 3769 θερίσας,

2244 3795 2346 3856 τῆς
2377 3786 2512 3864 πρὸς
2545 3794 2722 3861 γονεῖς
2771 3783 3036 3848 εὐσεϐείας
3083 3786 3171 3840 καὶ
3223 3792 3320 3855 τῆς
3364 3785 3501 3859 πρὸς
3526 3785 3593 3839 τά
3621 3784 3779 3839 τέκνα
3808 3807 3892 3863 φι-

2247 3875 2387 3948 λίας,
2428 3882 2544 3938 τοῖς
2592 3877 2659 3930 τά
2710 3875 2939 3948 μυστικά
2985 3879 3092 3929 τῶν
3145 3879 3279 3938 θεῶν
3335 3873 3631 3944 ζηλοῦσιν,
3682 3873 3890 3935 εἰκόνας

2245 3965 2333 4021 καὶ
2388 3964 2593 4027 τύπους
2638 3965 2963 4040 παρέσχετο.
3020 3963 3190 4025 Αὐτὸς
3235 3960 3292 4017 δὲ
3341 3964 3369 4017 ὁ
3415 3962 3540 4024 Ζεὺς
3588 3962 3679 4016 τὸν
3728 3962 3892 4017 αὐτοῦ

2244 4053 2447 4130 πατέρα
2504 4051 2681 4115 δείσας
2738 4056 2828 4124 ⁵ο,
2888 4052 3204 4129 κατέῤῥαξεν
3278 4051 3355 4115 εἰς
3425 4051 3695 4126 Τάρταρον
3730 4098 3743 4123 ,
3803 4051 3894 4106 καὶ

2241 4143 2366 4205 τοὺς
2393 4147 2438 4180 ⁶⁰
2468 4140 2673 4205 ἄλλους
2710 4140 2933 4211 κολάζει
2982 4141 3157 4205 θεούς.
3210 4146 3336 4203 Τοῖς
3386 4138 3443 4195 δὲ.
3493 4139 3890 4217 ἀῤῥητουργεῖν

2242 4230 2508 4303 ἐθέλουσι,
2540 4234 2638 4300 τήν
2690 4238 2864 4300 Μῆτιν
2916 4232 3176 4306 γεννήσας
3216 4230 3489 4297 κατέπιεν,
3514 4232 3580 4299 ἦν
3614 4227 3670 4284 δὲ
3700 4232 3736 4299 ἡ
3770 4232 3891 4298 Μῆ-

2238 4342 2321 4383 τις
2352 4323 2507 4397 γονή·
2555 4318 2753 4397 βρέφος
2800 4319 2903 4394 γάρ
2952 4324 3253 4386 καταπιεῖν,
3301 4315 3579 4374 ἀδύνατον.
3630 4318 3787 4392 Ὑπὲρ
3837 4316 3897 4373 δὲ

2238 4409 2534 4485 ἀπολογίας
2594 4406 2962 4484 παιδεραστῶν
3003 4454 3017 4474 ,
3076 4404 3401 4480 Γανυμήδην
3460 4406 3730 4483 ἁρπάζει.
3789 4409 3895 4463 Καὶ

2243 4506 2466 4575 μοιχοῖς
2500 4499 2632 4571 ὑπὲρ
2686 4498 2937 4573 μοιχείας
2989 4499 3224 4571 βοηθῶν,
3255 4496 3416 4558 αὐτὸς
3464 4496 3738 4558 πολλάκις
3772 4518 3895 4569 μοι-

2238 4590 2338 4666 χὸς
2400 4588 2761 4662 εὑρίσκεται.Δ
2795 4584 3229 4662 Ἀδελφογαμεῖν
3286 4589 3327 4622 ⁶¹
3391 4583 3450 4640 δὲ
3506 4587 3890 4661 προτρέπεται,

486 4667 714 4738 invitat,
748 4670 873 4742 ipse
896 4676 1279 4746 congrediens
1310 4694 1441 4733 cum
1474 4679 2049 4747 sororibus,Junone,
2080 4685 2138 4735 et

2251 4676 2505 4755 ἀδελφαῖς
2552 4677 2712 4738 αὐτὸς
2758 4673 3136 4746 συνεισελθὼν,
3166 4678 3328 4749 ”Ηρᾳ,
3358 4675 3449 4729 καὶ
3497 4678 3771 4748 Δήμητρι,
3801 4675 3894 4730 καὶ

494 4755 718 4822 Cerere,
753 4765 809 4815 et
840 4764 1057 4819 Venere
1088 4764 1307 4821 ccelesti
1330 4784 1507 4838 quam
1540 4768 1805 4823 nonnulli
1841 4769 2138 4824 Dodonam

492 4852 719 4902 vocant.
752 4850 829 4904 Iis
862 4866 994 4907 vero
1017 4853 1118 4924 qui
1159 4871 1292 4910 cum
1334 4856 1566 4912 filiabus
1616 4858 1979 4914 commisceri
2038 4876 2137 4914 vo-

491 4933 645 5005 lunt,
679 4953 813 4993 cum
835 4939 1181 5014 Proserpina
1215 4960 1583 5017 congressus,
1638 4947 1969 5019 exemplum
2028 4947 2138 5002 im-

497 5025 743 5094 probum
776 5044 844 5083 ex
876 5030 1089 5087 fabulis
1119 5032 1390 5089 efficitur.
1419 5035 1541 5089 Alia
1570 5052 1802 5107 quoque
1832 5036 2141 5091 innumera

496 5111 673 5185 impie
692 5118 873 5187 gessit
905 5135 919 5186 ;
948 5121 1098 5175 utab
1131 5122 1330 5194 impiis
1364 5123 1701 5180 hominibus
1717 5130 1948 5197 propter
1968 5142 2138 5181 exsu-

488 5208 788 5272 perantem
802 5206 1311 5282 intemperantiam
1328 5212 1658 5269 fabulosum
1672 5213 1884 5287 dogma
1896 5215 1965 5270 de
1980 5214 2138 5271 illius

2250 4764 2543 4842 Ἀφροδίτῃ
2593 4770 2662 4839 τῇ
2719 4764 2958 4841 οὐρανίᾳ,
3017 4764 3083 4832 ἥν
3137 4784 3280 4826 τινες
3334 4761 3603 4835 Δωδώνην
3652 4761 3892 4840 λέγουσι.

2248 4860 2372 4917 Τοῖς
2422 4852 2479 4910 δὲ
2532 4854 2821 4930 θυγατράσι
2878 4854 3158 4930 μίγνυσθαι
3214 4851 3596 4929 βουλομένοις,
3630 4851 3896 4930 Περσεφόι

2247 4966 2311 5019 νῃ
2343 4942 2747 5017 συνεληλυθὼς,
2789 4941 3137 5019 παράδειγμα
3181 4940 3423 5019 πονηρὰν
3470 4942 3528 4998 ἐκ
3554 4947 3660 4997 τῶν
3707 4941 3892 5015 μύθων

2247 5033 2471 5108 γίνεται.
2515 5030 2697 5089 ”Αλλα
2746 5054 2804 5087 τε
2857 5032 3024 5108 μυρία
3053 5026 3343 5103 ἠσέϐηκεν,
3370 5028 3463 5085 ’ίνα
3494 5031 3598 5086 ὑπὸ
3625 5036 3733 5086 τῶν
3768 5027 3895 5085 δυσ-

2248 5118 2441 5194 σεϐῶν,
2505 5119 2594 5176 διὰ
2647 5123 2746 5191 τὴν
2803 5116 3246 5197 ὑπερϐάλλουσαν
3299 5119 3578 5194 ἀκρασίαν,
3634 5119 3723 5175 καὶ
3773 5118 3896 5180 θεὸς

2249 5212 2526 5274 εἶναιτοῖς
2572 5209 2816 5274 ἰδιώταις
2859 5212 2887 5265 ὁ
2942 5211 3107 5284 μῦθος
3156 5206 3512 5287 δογμυτισθῇ.
3544 5209 3759 5266 Τούτων
3788 5206 3898 5283 οὐχ

1846 5420 2089 5477 VARle
2127 5419 2539 5477 LECTIONES.

560 5568 604 5602 ⁵³
655 5565 728 5648 al.
792 5562 870 5648 δή.
916 5587 1039 5648 που,
1103 5569 1149 5603 ⁵2
1185 5570 1366 5648 deest
1422 5571 1481 5625 in
1541 5571 1616 5627 al.
1675 5573 1720 5607 ⁵³
1776 5572 1853 5648 al.
1911 5571 2190 5648 ἀφορμήν.
2250 5573 2294 5607 ⁵⁷⁸
2337 5574 2464 5648 ﬂeo.
2517 5571 2793 5648 _3:,_c.

495 5636 870 5713 ᾼῳνυσίοςφῗ
900 5640 1286 5713 _Cle_mer}tina-
1316 5710 1321 5713 _
1350 5642 1507 5696 hom.
1532 5660 1610 5713 _v,
1646 5660 1710 5713 7c.
1774 5646 1859 5713 12,
1919 5636 2069 5709 elei,
2114 5636 2268 5699 hom.
2326 5645 2379 5711 6,
2414 5660 2463 5698 ο.

2668 5615 2683 5641 ,
2743 5588 2793 5627 c.
2853 5573 2942 5642 17,
3000 5575 3124 5642 etc.
3157 5571 3201 5615 ⁸³
3248 5569 3323 5625 al.
3376 5565 3787 5642 ΙΙοσιδῶνος.ξ⁶
3813 5566 3889 5642 al.

2512 5644 2565 5698 2.
2595 5643 2638 5677 ⁸⁸
2671 5639 3060 5716 Epiphanius
3116 5641 3264 5716 haer.
3302 5642 3392 5716 26,
3453 5658 3511 5696 η.
3575 5642 3661 5695 16.
3720 5640 3764 5674 ⁵³
3813 5639 3889 5716 al.

492 5705 678 5779 δήσας.
728 5705 1976 5789 κ⁶⁰.ῌΚαὶτ-ον.ξς..1λθξζοὅπου-’καίτοῦς-ἄλλους,
2027 5705 2137 5789 tibi;
2168 5719 2223 5769 et
2276 5705 2423 5789 alios
2636 5705 2843 5787 pudit':
2881 5732 3017 5770 nam
3075 5705 3389 5789 κατέῤῥαξεν
3449 5729 3563 5768 non
3623 5711 3893 5771 convenit

492 5777 626 5839 cum
658 5777 899 5851 κολάζει.
932 5782 1074 5838 Vide
1104 5777 1223 5839 οδε
1236 5785 1307 5840 de
1338 5801 1398 5840 re
1420 5785 1655 5842 Hesiodi
1688 5777 2065 5859 Theogoniam.
2100 5786 2268 5843 Cum.
2298 5787 2342 5823 ⁶¹
2375 5785 2450 5844 al.
2482 5777 2918 5865 ἀδελφοκτονεῖν.
