4140 6344
286 468 410 536 509

1052 470 1585 535 CLEMENTINA.
1614 504 1691 516 —
1724 464 2072 531 EPITOME
2099 449 2218 528 ὀε
2262 466 2536 531 GESTIS
2581 468 2647 530 s.
2694 464 2950 529 parm.

3578 460 3698 523 510

288 604 366 667 ὡς
398 602 591 680 ἔτυχεν
623 602 733 679 ἐγὼ
762 602 1083 680 καταγνοὺς,
1109 605 1188 675 τῷ
1223 602 1375 676 μόνῳ
1405 603 1583 678 ἀγαθῷ
1613 606 1728 673 Θεῷ
1768 622 1935 676 προσ-

2075 618 2350 673 livinitale
2382 618 2666 689 imperitis
2697 631 3046 690 persuasum
3078 609 3431 671 fuerit.”His
3455 626 3688 684 egonon

290 693 511 771 ἔφυγον,
544 691 910 756 ἀποδεδωκὼς
965 695 1063 762 τήν
1116 694 1291 748 πίστιν
1352 691 1583 769 ἀσφαλεῖ
1620 696 1688 765 τῇ
1740 689 1935 767 κρίσει,

292 783 379 839 ὅτι
410 783 469 836 ἐκ
496 790 597 853 τῆς
629 788 724 838 τοῦ
755 788 888 839 Θεοῦ
920 781 1126 844 δικαίας
1169 784 1396 860 κρίσεως
1444 781 1533 836 καὶ
1583 780 1753 853 νόμος
1805 780 1935 853 ὥρι-

299 894 441 944 σται,
471 875 628 942 καὶὴ
660 874 812 949 ψυχὴ
862 872 1077 935 πάντως
1124 874 1185 927 τὸ
1230 874 1345 927 κατ’
1400 872 1543 942 ἀξίαν
1594 874 1666 927 ὧν
1718 872 1936 950 ἔπραξεν

289 961 433 1017 ὅπου
466 961 533 1033 δή
566 984 700 1019 ποτε
731 958 1132 1034 ἀπολαμϐάνει.

368 1147 485 1197 LII.
517 1146 691 1197 Ταῦτα
723 1164 828 1215 μου
855 1142 1118 1212 εἰπόντος,
1151 1143 1180 1197 ’ὀ
1212 1141 1456 1198 Ἀππίων
1488 1145 1534 1180 ⁸³
1558 1141 1820 1217 ἐπήνεγκε
1863 1144 1941 1213 τῷ

292 1229 469 1306 λόγῳο
498 1231 559 1285 Τί
592 1230 691 1306 γόρ
722 1251 737 1300 ;
772 1231 897 1307 οὐχὶ
928 1232 1017 1285 καὶ
1059 1229 1330 1300 ’Έλληνες
1388 1232 1478 1287 xui
1507 1230 1790 1302 Ἑλλήνων
1850 1232 1939 1286 νό-

296 1341 398 1391 μοι
446 1320 845 1394 ἀπαγορεύουσι
883 1322 951 1376 τὰ
988 1326 1230 1391 τοιαῦτα,
1267 1322 1357 1376 xui
1412 1321 1538 1384 τοὺς
1605 1320 1839 1397 μοιχούς
1886 1342 1945 1375 τε

298 1409 392 1465 καί
425 1408 615 1471 ἄλλως
645 1412 713 1464 τά
750 1410 959 1465 ἐναντία
1003 1413 1335 1484 πράττοντας
1378 1409 1730 1485 τιμωρείσθαι
1775 1432 1943 1482 νομο-

294 1501 550 1567 θετοῦσις
592 1500 744 1573 κάγὼ
793 1498 947 1576 ἔφην’
999 1500 1201 1555 Οὐκοῦν
1255 1502 1307 1555 οἱ
1352 1498 1632 1570 Ἑλλήνων
1701 1498 1811 1554 θεοί
1880 1501 1945 1553 τὰ

292 1586 511 1643 ἐναντία
562 1594 679 1649 τοῖς
729 1588 921 1660 νόμοις
965 1586 1410 1665 διαπραξάμενοι,
1458 1586 1678 1643 κόλασιν
1733 1589 1795 1643 ού
1844 1590 1943 1656 τὴν

288 1681 567 1753 τυχοῦσαν
626 1676 926 1755 ὀφείλουσι.
990 1683 1113 1739 Πῶς
1173 1676 1231 1733 δὲ
1287 1678 1637 1757 σωφρονίζειν
1714 1677 1944 1750 ἐμαυτὸν

300 1764 629 1837 δυνήσομαι,
678 1760 1081 1839 ὑπολαμϐάνων
1147 1767 1230 1822 ὅτι
1283 1769 1334 1821 οἱ
1384 1768 1494 1822 θεοὶ
1538 1766 1690 1821 αὐτοὶ
1738 1771 1947 1840 πρῶτοι

300 1856 417 1925 ἅμα
575 1854 817 1931 μοιχείᾳ,
849 1857 915 1910 τὰ
972 1855 1189 1932 χαλεπά
1244 1857 1417 1911 πάντα
1452 1854 1826 1929 διεπράξαντο,
1857 1856 1948 1910 καὶ

2044 712 2261 764 temere
2294 707 2797 774 condemnatis,ad
2828 706 3013 761 Deum
3045 704 3142 776 qui
3179 702 3342 758 solus
3383 702 3575 757 bonus
3606 704 3697 756 est

2048 797 2279 870 confugi
2307 815 2321 865 ;
2355 814 2487 852 cum
2522 798 2695 852 fidem
2731 800 2887 851 certo
2908 794 3133 864 judicio
3164 788 3695 861 habuissem,quod

2047 904 2115 943 ex
2145 887 2243 943 Dei
2269 888 2431 958 justo
2461 886 2704 953 judicio,
2734 890 2791 940 et
2818 883 2909 938 lex
2938 882 3053 937 ﬁxa
3083 882 3160 937 sit
3200 897 3266 936 ac
3320 877 3581 945 definita,
3640 880 3700 931 et

2052 978 2249 1033 anima
2277 976 2513 1032 omnino
2545 992 2647 1046 pro
2671 975 2953 1046 dignitate
2984 986 3185 1027 eorum
3217 987 3341 1042 quae
3375 966 3559 1040 gessit
3596 964 3697 1021 ali-

2050 1067 2281 1138 quando
2305 1071 2606 1137 receptura
2635 1065 2731 1119 sit.

2121 1155 2234 1210 LII.
2264 1155 2394 1210 Hac
2425 1171 2557 1209 cum
2599 1153 2900 1218 dixissem,
2931 1151 3154 1223 Appion
3188 1148 3436 1204 orationi
3497 1146 3694 1217 subje-

2053 1246 2167 1301 cit:
2203 1244 2351 1309 Quid
2376 1244 2530 1299 enim
2566 1244 2593 1298 ?
2615 1258 2807 1297 nonne
2838 1241 3015 1296 ϐπ·ωοί
3046 1239 3697 1308 etiam,Graacorumque

2052 1334 2209 1405 leges
2239 1333 2354 1389 ista
2385 1332 2707 1404 prohibent
2740 1350 2752 1398 ;
2786 1335 2843 1386 et
2872 1328 3185 1394 adulteros,
3210 1343 3423 1398 eosque
3454 1326 3552 1397 qui
3586 1323 3699 1378 alia

2053 1422 2439 1496 repugnantia
2468 1422 2876 1483 committunt,
2910 1417 3102 1490 puniri
3135 1416 3405 1471 sanciunt
3432 1415 3548 1469 ?Et
3593 1429 3698 1484 ego

2055 1513 2367 1584 respondi:
2402 1510 2583 1583 Igitur
2612 1512 2940 1566 Graecorum
2993 1507 3073 1561 dii
3125 1505 3415 1561 contraria
3472 1502 3700 1574 legibus

2057 1602 2475 1668 facientes,non
2507 1600 2628 1655 leve
2653 1598 3007 1671 supplicium
3037 1598 3354 1651 merentur.
3375 1592 3497 1656 Quo
3528 1591 3701 1646 modo

2057 1696 2251 1746 autem
2284 1707 2377 1745 me
2407 1704 2673 1744 coercere
2703 1687 3070 1760 potero,dum
3094 1683 3359 1739 existimo
3383 1682 3522 1737 deos
3544 1679 3702 1751 ipsos

2058 1780 2278 1853 primos
2301 1795 2417 1833 una
2439 1794 2571 1832 cum
2604 1776 2889 1831 adulterio
2903 1778 3115 1829 cuncta
3137 1767 3701 1843 flagitiaperfecisse,

2060 1885 2164 1925 nec
2192 1884 2391 1940 poenas
2412 1866 2822 1935 dedisse,quas
2852 1864 2982 1918 ideo
3014 1860 3203 1933 magis
3234 1861 3372 1915 dare
3394 1857 3703 1924 debebant,

302 1941 462 2012 δίκην
495 1944 557 1998 ού
590 1942 873 2015 δεδώκασι,
904 1946 1070 2020 ταύτῃ
1104 1945 1315 2018 μᾶλλον
1371 1944 1681 2024 ὀφείλοντες
1740 1943 1947 2015 δοῦναι,

2075 1958 2200 2030 quia
2229 1973 2343 2010 non
2382 1955 2640 2010 serviunt
2668 1952 3015 2024 cupiditati:
3051 1951 3205 2021 quod
3260 1949 3309 2004 si
3363 1948 3411 2003 ei
3472 1944 3705 2002 obnoxii

300 2034 380 2094 ὡς
444 2034 520 2105 μή
582 2031 930 2096 δουλεύοντες
982 2035 1257 2107 ἐπιθυμίᾳ·
1293 2036 1338 2089 εἰ
1397 2033 1454 2090 δὲ
1504 2034 1800 2101 ὑπέκειντο,
1833 2040 1950 2097 πῶς

298 2124 439 2191 ἦσαν
494 2123 767 2191 θεοί;Καὶ
828 2126 856 2179 ὀ
907 2124 1171 2181 Ἀππίωνο
1232 2126 1506 2182 Ἔστωσαν
1562 2127 1697 2197 ἡμῖν
1760 2125 1952 2179 σκοποὶ

305 2213 503 2282 μηκέτι
536 2215 583 2248 ⁸⁸
613 2213 745 2283 θεοὶ,
778 2213 924 2269 ἀλλὰ
949 2215 993 2249 ⁸⁸
1041 2211 1307 2281 δικασταὶ,
1340 2214 1414 2275 εἷς
1473 2214 1564 2276 οὓς
1625 2215 1951 2292 ἀφορῶντες,

302 2296 734 2378 φοϐηθησόμεθα
777 2302 1121 2377 ἁμαρτάνειν.
1182 2303 1343 2379 Κάγὼ
1417 2300 1572 2381 ἔφην·
1627 2304 1736 2358 Οὐκ
1813 2299 1952 2357 ἔστιν

304 2389 525 2463 ὅμοιον,
560 2392 606 2444 ὦ
638 2391 907 2446 Ἀππίων.
942 2393 999 2445 Ὀ
1032 2392 1127 2463 μὲν
1177 2392 1280 2467 γὰρ
1337 2394 1471 2467 πρὸς
1530 2390 1811 2468 ἄνθρωπον
1865 2392 1954 2447 τὸν

313 2480 516 2533 σκοπὸν
550 2478 713 2555 ἔχων,
748 2477 931 2534 ἐλπίδι
984 2485 1081 2535 τοῦ
1130 2478 1330 2551 λαθεῖν,
1365 2481 1684 2555 ἁμαρτάνειν
1744 2484 1958 2544 πάντως

310 2567 665 2639 τολμήσειενσ
708 2570 735 2623 ὁ
768 2566 826 2623 δὲ
856 2570 983 2624 Θεὸν
1012 2570 1393 2641 παντόπεπτην
1435 2574 1503 2644 τῇ
1564 2572 1754 2626 ἑαυτοῦ
1805 2575 1959 2647 ψυχῇ

318 2655 670 2729 ὁρισάμενος,
702 2655 860 2719 εῗδὼς
893 2658 1049 2713 αὐτὸν
1093 2658 1270 2714 λαθεῖν
1330 2661 1405 2733 μή
1459 2657 1730 2731 δύνασθαι,
1765 2660 1852 2715 xui
1900 2662 1962 2715 τὸ

319 2741 499 2819 λάθρα
526 2747 851 2819 ἁμαρτάνειν
882 2750 1288 2823 παραιτήσεται.

387 2835 534 2891 LIII.
562 2836 744 2891 Ταῦτα
776 2837 803 2889 ὁ
834 2837 1074 2892 Ἀππίων
1120 2838 1371 2900 ἀκούσας.
1405 2835 1607 2910 ᾜδειν,
1640 2837 1764 2917 ἔφη,
1793 2839 1843 2910 ἐξ
1878 2839 1966 2894 ὀτε

312 2922 528 2989 ἤκουσα
562 2929 901 2999 Χριστιανοῖς
951 2947 1007 2980 σε
1052 2926 1893 3002 προσομιλοῦντα,,ήλλοιῶσθαι
1922 2932 1966 2965 ⁵⁸

320 3012 421 3079 τήν
478 3013 726 3086 γνώμην.
786 3012 980 3076 Καλῶς
1035 3018 1135 3091 γὰρ
1187 3016 1397 3091 εἶ’ρηταί
1458 3036 1580 3070 τινι’
1644 3017 1964 3095 Φθείρουσιν

314 3097 426 3168 ἤθη
460 3101 679 3175 χρηστὰ
727 3101 943 3174 ὁμιλίαι
989 3104 1166 3159 κακαί.
1201 3105 1371 3180 Κάγὼ
1412 3105 1549 3179 πρὸς
1598 3107 1779 3164 αὐτόν.
1830 3107 1965 3162 Οὐκ-

316 3194 409 3243 οῦν
470 3188 855 3266 ἐπανορθοῦσιν
913 3190 1018 3263 ἤθη
1087 3195 1162 3265 μὴ
1222 3195 1438 3270 χρηστά
1510 3195 1725 3267 ὁμιλίαι
1781 3195 1966 3254 καλαί.

313 3280 493 3333 Ταῦτά
526 3300 632 3351 μου
664 3279 931 3349 εἰπόντος,
964 3284 1015 3337 oi
1045 3283 1304 3355 παρόντες
1336 3284 1555 3362 φανεροὶ
1603 3288 1735 3354 ἦσαν
1785 3286 1963 3363 ὥσπερ

314 3365 590 3439 ἡδάμενοι
618 3374 737 3431 τοῖς
770 3370 857 3424 ὑπ’
895 3370 1031 3443 ἐμοῦ
1063 3371 1403 3448 λεγομένοις·
1437 3374 1552 3429 ὅθεν
1584 3374 1671 3428 καὶ
1711 3379 1779 3441 τῇ
1813 3376 1964 3430 ὑστε-

317 3456 447 3531 ραία
501 3457 817 3529 ἀξιώσαντες
863 3459 1145 3538 ἀφικέσθαι
1200 3462 1383 3533 πάλιν,
1441 3464 1503 3518 τό
1558 3486 1620 3539 γε
1689 3469 1779 3519 νῦν
1836 3462 1963 3540 ἔχον

319 3547 647 3621 ὑπεχώρουν
674 3550 738 3603 ⁶⁹.
769 3552 845 3621 Τῇ
881 3547 937 3604 δὲ
971 3549 1221 3627 ἐπαύριον
1274 3552 1681 3629 προεληλυθότι
1737 3559 1814 3626 τῷ
1870 3553 1967 3609 Πέ-

316 3655 439 3708 τρῳ
469 3636 742 3706 ἀπήντουν
773 3640 819 3675 ’³ο
846 3637 1235 3717 πλησιόχωροί
1265 3663 1322 3696 τε
1351 3641 1451 3696 ούκ
1499 3641 1704 3718 ὀλίγοι,
1735 3643 1824 3698 xui
1876 3643 1966 3697 αύ-

318 3732 425 3793 τῆς
458 3721 516 3778 δὲ
545 3732 647 3795 τῆς
695 3725 876 3802 Τύρου
933 3728 1157 3784 πολλοί⁴
1192 3735 1283 3786 καὶ
1335 3731 1637 3809 ἐπεφώνουν
1696 3730 1963 3808 λέγοντες·

320 3814 381 3865 Ὀ
413 3813 543 3875 Θεὸς
576 3810 665 3868 διὰ
693 3819 790 3869 σοῦ
815 3819 961 3889 ἡμᾶς
995 3816 1232 3890 ἐλεείτω,
1266 3823 1329 3889 7‘,
1363 3817 1451 3875 διὰ
1480 3826 1575 3875 σοῦ
1606 3824 1651 3856 ⁷2
1690 3823 1970 3898 θεραπευέ-

319 3923 425 3956 τω.
460 3902 599 3964 Στὰς
632 3900 722 3957 οὖν
755 3905 783 3958 ὁ
809 3904 1012 3982 Πέτρος
1044 3907 1132 3961 ἐπὶ
1182 3908 1336 3971 λίθου
1378 3910 1525 3971 τινὸς
1568 3909 1783 3984 ὑψηλοῦ
1833 3912 1969 3986 πρὸς

318 3992 385 4046 τὸ
428 3988 679 4056 δύνασθαι
733 3999 860 4049 πᾶσι
908 3997 1214 4073 καταφανὴς
1260 3997 1413 4069 εἶναι,
1463 3996 1552 4052 καί
1599 4000 1969 4076 προσαγορεύ-

320 4101 423 4141 σας
456 4076 696 4136 θεοσεϐεἶ
724 4081 901 4156 νόμῳ,
933 4083 1107 4147 οὕτως
1130 4083 1352 4161 ἤρξατο·

399 4259 542 4314 LIV.
573 4263 689 4330 Θεῷ
719 4264 799 4332 τῷ
843 4263 1132 4332 ποιήσαντι
1168 4265 1259 4318 τὸν
1310 4264 1535 4341 οὐρανὸν
1584 4267 1674 4322 καὶ
1722 4269 1821 4335 τὴν
1867 4271 1969 4342 γῆν

319 4348 417 4402 xui
445 4349 546 4416 τήν
581 4347 869 4422 θάλασσαν,
903 4350 965 4406 οὐ
998 4350 1171 4407 λείπει
1200 4354 1467 4432 πρόφασις
1514 4357 1649 4431 πρὸς
1700 4357 1971 4433 σωτηρίαν

313 4441 434 4490 τῶν
465 4438 729 4506 σώζεσθαι
762 4438 1132 4514 βουλομένων·
1167 4439 1387 4505 δυνατὸς
1427 4444 1529 4520 γάρ
1581 4444 1689 4500 ἐστι
1740 4446 1829 4499 καὶ
1876 4447 1971 4509 τὰς

319 4526 510 4601 ψυχὰς
538 4529 701 4599 ἡμῶν
729 4528 817 4583 καὶ
845 4531 914 4584 τὰ
942 4531 1170 4603 σώματα
1214 4538 1402 4590 σῶσαι.
1438 4535 1701 4598 Μανθάνω
1749 4536 1863 4606 οὖν,
1898 4536 1973 4597 ὡς

325 4616 670 4691 βουθυτήσας
723 4619 910 4689 Σίμων
946 4620 974 4673 ὁ
1006 4621 1217 4695 Μάγος,
1245 4622 1502 4677 εἴστίασεν
1551 4623 1693 4696 ὑμᾶς
1742 4623 1793 4678 ἐν
1840 4625 1974 4699 μέσῃ

2061 2048 2439 2116 tuerunt,quo
2470 2047 2636 2115 pacto
2670 2043 2749 2097 dii
2783 2040 2994 2096 erant?
3024 2043 3091 2093 Et
3118 2038 3344 2110 Appion
3381 2053 3393 2092 :
3428 2036 3558 2092 Sint
3603 2052 3705 2090 no-

2061 2133 2155 2189 bis
2184 2150 2287 2206 pro
2327 2149 2523 2204 scopo,
2550 2149 2662 2187 non
2714 2130 2814 2196 dii,
2850 2129 3224 2199 sedjudices;
3257 2126 3314 2180 in
3345 2141 3493 2197 quos
3524 2123 3708 2195 respi-

2062 2223 2535 2294 ciendo,peccare
2562 2224 2913 2275 metuemus.
2949 2221 3023 2271 At
3061 2233 3165 2286 ego
3195 2214 3422 2285 excepi:
3466 2213 3589 2268 Non
3621 2215 3711 2267 est

2064 2310 2254 2366 simile
2316 2327 2347 2365 o
2380 2309 2630 2381 Appion.
2665 2307 2769 2374 Qui
2801 2308 2957 2364 enim
2992 2306 3061 2361 ad
3106 2304 3404 2359 hominem
3427 2300 3708 2367 collimat,

2066 2415 2169 2471 spe
2201 2400 2440 2463 latendi,
2472 2397 2808 2469 delinquere
2831 2394 3090 2451 omnimo
3122 2392 3358 2448 audebit
3385 2407 3399 2443 :
3433 2388 3532 2462 qui
3576 2404 3709 2444 vero

2069 2495 2249 2545 Deum
2281 2489 2547 2545 omnium
2578 2487 2962 2559 inspectorem
2999 2488 3163 2538 meta:
3190 2480 3312 2536 loco
3352 2479 3564 2534 animae
3592 2493 3711 2533 suae

2070 2577 2621 2650 proposuit,gnarus
2643 2575 2798 2645 quod
2820 2589 2954 2628 eum
2984 2572 3163 2627 latere
3194 2586 3309 2624 non
3342 2567 3708 2641 possit,clam

2071 2683 2303 2739 quoque
2335 2681 2574 2739 peccare
2604 2661 3026 2736 supersedebit.

2146 2845 2287 2902 LIII.
2322 2845 2458 2909 Quae
2490 2860 2619 2898 cum
2662 2841 2926 2898 audisset
2982 2839 3233 2912 Appion,
3294 2836 3713 2903 Intellexeram,

2075 2935 2283 3007 inquit,
2314 2952 2382 2990 ex
2412 2950 2527 3005 quo
2551 2931 2744 2987 audivi
2776 2931 2881 2985 tibi
2909 2946 3042 2985 cum
3057 2926 3405 2984 Christianis
3421 2942 3549 2981 esse
3579 2941 3715 2979 con-

2076 3023 2472 3085 suetudinem,
2531 3020 2847 3075 mutavisse
2892 3024 2948 3073 te
3006 3016 3377 3073 sententiam.
3439 3012 3717 3068 Prasclare

2077 3115 2232 3171 enim
2274 3131 2307 3169 a
2337 3112 2591 3184 quodam
2622 3111 2845 3165 dictum
2877 3112 3001 3163 est:
3029 3107 3198 3161 Mores
3229 3106 3390 3158 bonos
3446 3102 3718 3172 colloquia

2076 3209 2436 3273 corrumpunt
2461 3201 2611 3254 mala
2641 3199 2781 3253 “Et
2804 3214 2908 3267 ego
2935 3196 3003 3249 ad
3060 3194 3223 3248 illum
3252 3209 3264 3246 :
3322 3192 3467 3262 Ergo
3525 3206 3718 3245 mores

2080 3311 2195 3349 non
2230 3294 2412 3347 bonos
2435 3286 2721 3359 colloquia
2749 3287 2903 3341 bona
2933 3282 3252 3355 corrigunt.
3283 3282 3325 3315 ⁸⁸
3348 3284 3477 3334 Haec
3510 3296 3602 3334 me
3630 3278 3718 3333 di-

2076 3379 2369 3452 cente,qui
2401 3379 2662 3443 aderant,
2713 3392 2827 3430 non
2858 3375 3103 3429 obscure
3160 3370 3511 3427 videbantur
3565 3366 3719 3422 dele-

2079 3470 2223 3527 ctari
2259 3471 2330 3524 iis
2363 3485 2491 3539 qua:
2515 3484 2548 3521 a
2583 3482 2675 3520 me
2704 3463 3082 3519 dicebantur:
3113 3460 3269 3514 unde
3298 3462 3497 3513 etcum
3531 3472 3721 3526 rogas-

2077 3564 2226 3629 sent,
2262 3563 2328 3613 ut
2358 3556 2637 3629 postridie
2669 3554 2880 3608 iterum
2911 3548 3335 3613 conveniretur,
3383 3548 3720 3616 impraesen-

2076 3649 2292 3706 tiarum
2308 3642 2966 3702 discesserunt.Postero
2981 3644 3177 3695 autem
3192 3637 3305 3701 die,
3317 3638 3476 3691 Petro
3490 3647 3722 3705 egresso

2080 3739 2491 3812 processerunt
2513 3732 2738 3790 obviam
2774 3747 2887 3785 non
2920 3727 3088 3801 pauci
3120 3726 3447 3793 ﬁnitimi,ac
3478 3738 3547 3777 ex
3574 3722 3724 3792 Tyro

2080 3828 2210 3900 ipsa
2230 3825 2597 3896 complures;
2630 3826 2689 3878 et
2752 3818 3177 3880 acclamabant,
3235 3813 3530 3869 dicentes:
3574 3815 3726 3863 Deus

2083 3898 2186 3989 per
2213 3920 2270 3971 te
2301 3913 2484 3970 nostri
2510 3912 2876 3978 misereatur,
2907 3924 3010 3979 per
3038 3910 3094 3960 te
3120 3920 3227 3959 nos
3284 3906 3446 3957 curet
3478 3899 3490 3953 !
3552 3898 3727 3954 Stans

2082 4022 2219 4077 ergo
2240 4006 2447 4059 Petrus
2480 4002 2536 4056 in
2569 3998 2792 4056 excelso
2838 3996 3052 4068 lapide,
3112 3998 3176 4048 ut
3206 3990 3483 4048 omnibus
3532 3993 3731 4077 posset

2082 4075 2211 4150 esse
2241 4091 2614 4163 conspicuus,
2647 4092 2960 4161 postquam
2988 4082 3257 4155 religioso
3287 4095 3447 4135 more
3473 4075 3730 4133 salutas-

2084 4188 2192 4247 set,
2225 4183 2306 4237 ita
2334 4196 2577 4236 exorsus
2606 4182 2732 4233 est:

2153 4270 2286 4326 LIV.
2321 4269 2459 4337 Deo,
2483 4265 2765 4322 conditori
2799 4262 2950 4332 caeli,
2984 4266 3172 4325 terrae,
3234 4274 3299 4314 ac
3354 4255 3555 4322 maris,
3614 4269 3729 4308 non

2084 4362 2246 4416 deest
2270 4358 2497 4415 occasio
2528 4357 2599 4412 ad
2626 4354 2875 4410 salutem
2900 4367 3100 4407 eorum
3120 4344 3450 4421 quiservari
3465 4343 3728 4415 cupiunt:

2085 4453 2273 4522 potest
2302 4448 2459 4502 enim
2493 4449 2551 4501 et
2582 4443 2810 4498 animas
2842 4444 3073 4496 nostras
3095 4444 3153 4493 et
3181 4452 3425 4508 corpora
3479 4446 3728 4488 servare.

2082 4538 2269 4594 Audio
2303 4537 2525 4608 utique,
2558 4533 2855 4589 Simonem
2880 4530 3113 4600 Magum
3148 4526 3288 4580 bove
3322 4524 3572 4578 mactato
3600 4535 3732 4573 con-

2082 4628 2301 4682 vivium
2332 4605 2494 4680 vobis
2525 4623 2585 4677 in
2611 4621 2800 4677 medio
2832 4620 2953 4673 foro
2975 4616 3228 4679 dedisse,
3259 4629 3324 4668 ac
3353 4611 3483 4665 vino
3545 4605 3729 4662 multo

320 4708 397 4778 τῇ
428 4706 617 4781 ἀγορᾷ,
647 4707 736 4761 καὶ
768 4704 898 4781 οἷ’νῳ
936 4693 1134 4781 πολλῷ
1173 4711 1421 4787 κορέσας,
1452 4693 1724 4787 ὀλεθρίοις
1791 4693 1959 4777 πάθεσί

2089 4715 2344 4788 expletos
2377 4709 2723 4785 perniciosis
2758 4706 2979 4762 morbis
3011 4722 3076 4759 ac
3121 4699 3486 4757 daemonibus
3545 4693 3730 4749 tradi-

322 4795 419 4849 xui
450 4792 671 4870 δαίμοσι
699 4797 1098 4872 παραδέδωκεν.
1131 4798 1286 4857 Ἀλλ’
1335 4801 1513 4877 ὥσπερ
1560 4800 1652 4857 οὖν
1710 4807 1815 4859 τῶν
1866 4800 1976 4857 δαί-

328 4904 488 4956 μοσιν
538 4884 950 4962 ἀποδεδομένων
996 4888 1249 4962 θυμάτων
1299 4886 1715 4963 μεταλαϐόντες,
1746 4897 1825 4964 τῷ
1871 4899 1971 4961 τῆς

325 4973 520 5038 κακίας
586 4978 815 5054 ἡγεμόνι
877 4975 1344 5049 κατεδουλώθητε·
1408 4978 1581 5043 οὕτως
1640 4980 1698 5034 ἃν
1764 4980 1970 5035 τούτων

322 5066 661 5139 παυσάμενοι
718 5072 798 5141 τῷ
841 5074 957 5141 Θεῷ
1023 5066 1113 5124 διὰ
1174 5074 1271 5124 τοῦ
1322 5069 1528 5146 Κυρίου
1585 5072 1742 5142 ἡμῶν
1794 5071 1973 5138 Ἰησοῦ

324 5161 558 5232 Χριστοῦ
586 5156 946 5234 προσέλθητε,
981 5158 1038 5214 εῦ
1070 5157 1201 5229 ἴστε,
1234 5158 1316 5214 ὅτι
1361 5158 1453 5214 σὺν
1501 5160 1572 5231 τῇ
1625 5163 1722 5213 τοῦ
1782 5160 1973 5231 σώμα-

320 5267 420 5309 τος
453 5246 612 5315 ἰάσει,
644 5248 733 5304 καὶ
777 5248 872 5312 τὰς
919 5249 1097 5326 ψυχας
1146 5247 1488 5322 ὑγιαινούσας
1544 5245 1706 5320 ἕξετε,
1738 5247 1806 5301 τὰ
1860 5251 1975 5318 Θεῷ

324 5337 625 5410 ἀρέσκοντα
677 5338 1072 5414 μετερχόμενοι
1118 5340 1270 5394 Ἔστι
1323 5335 1379 5393 δὲ
1433 5338 1502 5392 τὰ
1555 5332 1852 5412 ἀρέσκοντα
1897 5340 1975 5408 τῷ

322 5430 464 5501 Θεῷ,
494 5427 557 5482 τὸ
592 5426 740 5500 αύτῷ
766 5449 826 5484 τε
871 5429 1288 5505 προσεύχεσθαι,
1318 5426 1408 5482 xui
1453 5422 1725 5502 τραπέζης
1778 5423 1971 5499 δαιμο-

2088 4783 2345 4861 disse.At
2375 4783 2528 4857 certe
2560 4799 2714 4853 sicut
2744 4794 3032 4868 perceptis
3065 4788 3367 4848 sacriﬁciis
3426 4801 3552 4857 quae
3611 4783 3730 4837 daa-

2084 4893 2360 4950 monibus
2392 4890 2584 4946 oblata
2613 4888 2862 4951 fuerant,
2897 4882 3133 4938 malitia:
3161 4878 3294 4935 duci
3323 4870 3731 4932 servirecoacti

2082 4982 2247 5038 estis:
2281 4980 2363 5035 ita
2394 4978 2464 5046 si,
2501 4977 2572 5032 iis
2596 4973 2917 5040 relictis,ad
2953 4972 3267 5039 Deum,per
3297 4962 3609 5021 Dominum
3636 4975 3731 5013 no-

2083 5075 2270 5125 strum
2301 5067 2503 5123 Jesum
2562 5063 2879 5128 Christum,
2914 5056 3296 5119 accesseritis,
3334 5051 3587 5124 profecto
3619 5046 3732 5102 sci-

2083 5163 2221 5229 tote,
2253 5173 2356 5212 vos
2386 5170 2520 5211 cum
2552 5150 2815 5224 corporis
2847 5148 3115 5213 sanitate,
3150 5144 3324 5199 etiam
3358 5140 3588 5195 animas
3637 5152 3729 5191 sa-

2084 5225 2216 5303 nas:
2250 5245 2553 5301 habituros
2611 5256 2786 5307 esse;
2840 5243 2952 5293 Deo
3029 5233 3242 5308 placita
3322 5225 3730 5286 consectando.

2083 5338 2366 5392 Caeterum
2399 5339 2512 5388 Deo
2543 5329 2757 5403 placita
2785 5330 2960 5393 sunt;
2994 5340 3129 5380 eum
3165 5314 3733 5394 precari,dz£monio-

2084 5442 2214 5481 rum
2246 5439 2451 5479 mensa
2465 5414 3149 5487 abstinere,sanguinem
3179 5426 3292 5466 non
3322 5407 3607 5479 attingere
3628 5418 3734 5460 seu

1688 5551 1924 5607 VARI/E
1965 5548 2375 5606 LECTIONES.

395 5658 444 5692 ⁸³
477 5654 737 5711 Clement.
789 5653 944 5709 hom.
997 5670 1074 5717 ιν,
1125 5669 1175 5708 c.
1223 5653 1313 5720 22,
1371 5656 1478 5708 etc.

325 5730 371 5763 ⁸⁵⁷
400 5727 738 5783 Menander.
769 5725 807 5780 l.
840 5743 856 5779 1
882 5725 952 5794 ;_I
982 5723 1109 5779 Cor.
1141 5742 1233 5794 xv,
1260 5725 1349 5779 33.

326 5798 606 5871 ἀπήντων.
685 5799 725 5834 τί
762 5797 835 5853 al.
872 5792 1085 5866 ἐλεήτο.

1554 5652 1600 5686 ⁸³
1647 5650 1698 5706 al
1711 5692 1722 5704 .
1771 5647 1991 5704 Ἀπίων.

1164 5792 1313 5853 7"al.
1343 5797 1520 5852 inser.
1554 5792 1662 5852 καί,

2066 5648 2111 5683 65

1429 5668 1478 5706 c.
1554 5652 1600 5686 ⁸³
1647 5650 1722 5706 al.
1771 5647 1991 5704 Ἀπίων.
2066 5648 2111 5683 ⁸⁵
2157 5646 2234 5703 al.

1426 5724 1471 5758 ⁸⁸
1502 5722 1763 5778 Clement.
1806 5721 1963 5779 hom.
1999 5737 2076 5790 IV,
2107 5736 2154 5775 ο.
2201 5719 2289 5773 25.

2292 5644 2364 5716 μὴ
2418 5639 2514 5716 ἔτι.
2576 5711 2587 5716 _
2618 5641 2662 5674 ⁸⁵
2712 5638 2785 5716 al.
2839 5634 2994 5716 dibu
3032 5632 3091 5716 ἤ,
3165 5637 3209 5670 ⁸⁸
3240 5633 3316 5716 ίὶΙε
3350 5626 3736 5716 ἠλλοιοῦῆσθαξ.

2368 5716 2413 5750 ⁸⁹
2445 5715 2519 5771 al.
2565 5710 2893 5787 ἀνεχώρουν.
2945 5709 3019 5765 al.
3056 5696 3480 5783 ὑπανεχώρουν.
3558 5700 3601 5734 ’¹⁰
3654 5696 3734 5755 al.
