4140 6344
457 389 570 452 511

1258 398 1322 459 8.
1370 397 1812 461 CLEMENTIS
1859 398 1882 462 Ι
1931 393 2119 460 ROM.
2167 397 2396 462 PUNT.
2447 400 2707 464 OPERA
2751 400 3014 464 DUBIA.

3736 396 3857 461 512

461 530 718 599 gustare,
752 527 823 583 ab
863 528 1021 585 omni
1062 529 1526 603 iniquinamento
1574 532 1978 589 immaculatos
2037 550 2099 587 se

2213 531 2338 585 νίων
2416 532 2730 610 ἀπέχεσθαι,
2810 534 2885 605 μὴ
2968 531 3153 605 ψαύειν
3230 526 3479 604 α’ίματος,
3530 528 3589 586 ἐκ
3652 529 3854 593 παντὸς

461 632 801 673 conservare
835 636 847 685 ;
882 620 940 674 in
974 620 1175 676 multis
1206 624 1546 694 corporibus
1583 640 1699 678 una
1730 629 1921 678 mente
1960 640 2093 695 gra-

464 707 872 778 dientes,quod
906 710 1311 782 unusquisque
1342 711 1450 766 sibi
1500 712 1642 781 vult,
1664 713 1722 767 id
1782 718 1839 767 et
1872 713 1943 767 de
1975 728 2095 783 pro-

465 796 622 851 ximo
653 797 905 868 cogitare
936 816 1003 854 ac
1033 816 1262 872 cupere.
1288 800 1380 855 Ait
1414 802 1566 856 enim
1603 820 1616 856 :
1648 804 1692 845 73
1722 802 1845 857 Non
1897 804 1981 857 vis
2010 802 2095 856 in-

460 885 924 952 terﬁci,alterum
960 905 1076 943 non
1133 888 1487 946 interficias:
1547 909 1662 947 non
1721 892 1805 946 vis
1862 908 2097 947 uxorem

458 977 623 1029 tuam
656 975 727 1029 ab
758 974 867 1030 alio
901 977 1546 1050 constuprari,alterius
1578 985 1821 1051 nuptam
1852 998 1925 1036 ne
1972 996 2102 1035 con-

458 1067 700 1135 stupra:
730 1082 841 1118 non
872 1066 959 1121 vis
990 1067 1289 1136 quidpiam
1323 1069 1563 1124 omnino
1618 1086 1805 1125 rerum
1865 1074 2099 1124 tuarum

461 1152 614 1207 furto
648 1153 882 1224 auferri,
914 1155 1060 1210 nihil
1093 1155 1334 1211 alterius
1381 1158 1594 1213 furare.
1656 1163 1845 1229 Atque
1901 1159 1981 1214 ita
2036 1177 2103 1214 ex

458 1242 622 1296 vobis
654 1242 798 1313 ipsis
832 1244 985 1314 quod
1022 1244 1230 1299 rationi
1262 1252 1717 1302 consentaneum
1751 1252 1837 1303 est
1886 1247 2099 1303 intelli-

457 1334 753 1401 gentes,ac
783 1334 1119 1398 consectati,
1140 1334 1253 1390 Deo
1284 1335 1444 1391 chari
1476 1336 1663 1402 eritis,
1710 1341 1766 1392 et
1788 1337 2099 1392 sanitatem

458 1421 874 1490 assequemini.

532 1508 643 1563 LV.
667 1510 857 1565 τδΗωο
887 1528 920 1566 a
952 1512 1117 1567 Petro
1147 1513 1348 1584 paucis
1379 1515 1585 1570 diebus
1634 1516 1842 1585 edocti,
1894 1517 2100 1571 deinde

460 1600 516 1651 et
545 1598 903 1655 curationem
938 1602 1235 1670 adepti,ad
1263 1620 1497 1658 sacrum
1517 1604 1876 1675 baptismum
1910 1622 2100 1661 acces-

458 1692 682 1741 serunt.
716 1688 849 1751 Quae
882 1705 1013 1743 cum
1038 1690 1258 1745 Sidonii
1292 1692 1636 1763 audiissent,
1665 1693 2099 1765 supplicaturos

457 1774 526 1829 ad
552 1775 783 1831 Petrum
816 1778 1185 1847 miserunt,et
1215 1783 1547 1837 acciverunt
1576 1799 1710 1837 eum
1743 1783 1813 1838 ad
1841 1800 1902 1838 se
1932 1782 2098 1855 ;quia

2206 624 2508 696 μιάσματος
2560 624 2822 685 ἀσπίλους
2871 621 3091 684 ἑαυτοὺς
3144 627 3451 697 συντηρεῖν,
3509 620 3559 676 ἐν
3613 618 3855 683 πολλοῖς

2205 712 2417 783 σώμασι
2452 718 2549 786 μιᾷ
2582 715 2774 789 γνώμῃ
2824 709 3365 787 στοιχοῦντας,λὸπερ
3402 707 3625 771 ἕκαστος
3676 708 3852 781 ἑαυτῷ

2207 801 2371 872 θέλει,
2417 808 2577 857 τοῦτο
2626 803 2715 857 καὶ
2766 802 2890 878 περὶ
2936 806 3034 856 τοῦ
3082 800 3314 868 πλησίον
3364 804 3598 877 φρονεῖν.
3631 801 3675 835 ’⁷⁸
3704 797 3851 868 Φησὶ

2207 890 2329 966 γάρ’
2392 892 2464 946 Οὐ
2529 892 2703 953 θέλεις
2772 897 3112 970 φονευθῆναι,
3161 886 3341 963 ἕτερον
3412 888 3487 960 μή
3564 886 3847 964 φονεύσῃς·

2210 980 2271 1033 οῦ
2319 980 2494 1042 θέλεις
2542 983 2640 1051 τήν
2689 982 2784 1049 σὴν
2833 980 2919 1057 ὑφ’
2966 978 3150 1053 ἑτέρου
3200 978 3555 1051 μοιχευθῆναι
3603 980 3849 1049 γυναῖκα,

2208 1069 2307 1137 τήν
2356 1069 2538 1144 ἑτέρου
2592 1071 2666 1143 μὴ
2717 1068 2940 1145 μοίχευε
2986 1068 3248 1143 γαμετήν·
3301 1064 3363 1119 οῦ
3424 1063 3599 1125 θέλεις
3648 1085 3697 1117 τι
3740 1068 3850 1118 τῶν

2212 1165 2316 1215 σῶν
2373 1159 2517 1221 ὅλως
2572 1158 2866 1230 κλαπῆναι,
2900 1157 3083 1233 ἑτέρου
3137 1158 3210 1228 μή
3260 1153 3461 1210 κλέπτε
3512 1149 3701 1226 μηδέν.
3752 1150 3853 1207 Καὶ

2211 1248 2382 1310 οὕτως
2432 1249 2518 1326 ἀφ’
2569 1249 2718 1321 ὑμῶν
2786 1246 2958 1301 αὐτῶν
3018 1245 3079 1299 τὸ
3129 1242 3353 1319 εὔλογον
3404 1239 3748 1302 συννοοῦντές
3794 1261 3855 1295 τε

2209 1339 2297 1393 καὶ
2332 1338 2626 1410 μετιόντες,
2659 1341 2774 1408 Θεῷ
2804 1333 3123 1413 προσφιλεῖς
3159 1329 3359 1404 ἔσεσθε,
3386 1332 3474 1387 καὶ
3504 1338 3603 1400 τῆς
3656 1331 3853 1391 ἰάσεως

2212 1428 2564 1500 ἐπιτεύξεσθε.

2282 1519 2394 1574 LV.
2430 1521 2659 1570 Τοιαῦτα
2691 1516 2794 1570 ὑπὸ
2842 1518 2938 1568 τοῦ
2987 1516 3192 1589 Πέτρου
3242 1512 3292 1567 ἐν
3358 1510 3567 1585 ὀλίγαις
3626 1509 3857 1583 ἡμέραις

2207 1606 2628 1680 κατηχηθέντες,
2688 1604 2799 1659 εἶνα
2872 1602 2961 1657 καί
3032 1600 3311 1675 θεραπείας
3390 1598 3724 1669 ἀξιωθέντες,
3776 1601 3857 1667 τῷ

2207 1696 2338 1771 ἱερῴ
2368 1692 2679 1770 προσῆλθον
2712 1692 3063 1769 βαπτίσματι.
3095 1694 3269 1744 Ταῦτα
3300 1689 3391 1743 καὶ
3436 1684 3689 1742 Σιδώνιοι
3747 1705 3851 1758 μα-

2207 1783 2408 1853 θόντες,
2439 1784 2619 1844 ἰκέτας
2647 1783 2781 1856 πρὸς
2808 1782 2899 1836 τὸν
2940 1779 3138 1855 Πέτρον
3185 1775 3437 1834 ἔστελλον
3471 1780 3536 1846 ⁷³,
3573 1773 3847 1848 μετάκλη-

458 1879 665 1936 nempe
696 1864 805 1937 ipsi
840 1872 1073 1938 propter
1088 1870 1323 1925 morbos
1350 1870 1419 1932 ad
1453 1870 1618 1926 illum
1643 1871 1835 1927 venire
1858 1889 1970 1927 non
1999 1888 2094 1942 po-

2213 1894 2297 1927 τον
2342 1876 2623 1934 ποιοῦντες
2668 1872 2806 1947 πρὸς
2856 1868 3071 1937 αὐτοὺς,
3124 1868 3216 1922 ἅτε
3259 1864 3326 1935 δὴ
3380 1863 3469 1920 διὰ
3512 1864 3608 1926 τὰς
3654 1863 3848 1924 νόσους

455 1956 665 2007 terant.
692 1954 877 2022 Igitur
909 1956 1111 2012 Petrus
1146 1964 1456 2030 postquam
1516 1977 1731 2031 paucos
1769 1961 1895 2017 dies
1959 1961 2094 2034 Tyri

455 2048 850 2098 commoratus
882 2050 1056 2111 esset,
1089 2048 1423 2119 morbisque
1453 2049 1780 2121 omnigenis
1811 2067 1908 2105 eos
1947 2049 2096 2105 libe-

456 2131 782 2193 ravisset.et
811 2134 1161 2190 instituisset
1193 2136 1526 2203 Ecclesiam,
1552 2142 1725 2210 atque
1756 2156 1824 2193 ex
1854 2141 2096 2210 presby-

452 2219 592 2275 teris
624 2221 721 2293 qui
752 2239 883 2277 eum
918 2226 1313 2295 sequebantur
1341 2227 1679 2299 episcopum
1711 2226 1856 2299 ipsis
1888 2228 2096 2282 consti-

450 2308 679 2380 tuisset,
714 2310 987 2367 Sidonem
1019 2314 1313 2384 profectus
1343 2320 1449 2371 est.
1496 2317 1839 2387 Rursusque
1894 2316 2095 2371 Simon

454 2395 684 2468 Magus,
716 2403 1153 2472 compertojam
1175 2404 1485 2460 adventare
1517 2406 1772 2471 Petrum,
1804 2405 1955 2461 ultro
1990 2422 2093 2461 au-

452 2485 623 2558 fugit,
656 2492 713 2543 et
738 2489 808 2543 ad
842 2490 1114 2562 Berytum
1140 2508 1273 2547 cum
1291 2494 1551 2565 Appione
1572 2496 1815 2567 ejusque
1837 2495 2011 2551 sociis
2034 2512 2096 2550 se

456 2574 722 2631 contulit.

528 2665 661 2719 LVI.
694 2665 977 2723 Caeterum
1003 2669 1101 2724 ubi
1134 2670 1339 2726 Petrus
1356 2671 1633 2727 Sidonem
1660 2672 1963 2743 ingressus
1985 2677 2093 2742 est,

459 2753 673 2809 multos
703 2753 761 2808 in
785 2755 951 2811 lectis
987 2762 1379 2830 portaverunt,
1421 2777 1487 2815 ac
1518 2762 1575 2815 in
1608 2766 1921 2834 conspectu
1970 2763 2098 2833 ejus

455 2847 1193 2913 posuerunt.AtPetrusad
1251 2866 1396 2903 eos:
1456 2850 1538 2905 Ne
1595 2850 1956 2920 existimetis,
2010 2852 2097 2906 in-

458 2932 605 3003 quit,
636 2948 730 2988 me
760 2932 981 3005 aliquid
1014 2953 1184 3008 posse
1216 2938 1287 2992 ad
1310 2938 1667 2994 curationem
1698 2945 1973 3010 vestram,
1999 2939 2094 3012 qui

458 3037 590 3075 sum
626 3022 747 3092 ipse
776 3038 1009 3096 quoque
1040 3024 1214 3080 homo
1247 3026 1607 3097 mortalis,ac
1639 3028 1840 3084 multis
1871 3046 2100 3101 perpes-

459 3108 723 3165 sionibus
755 3111 1078 3169 obnoxius:
1112 3115 1318 3170 docere
1345 3121 1538 3171 autem
1570 3133 1672 3172 vos
1704 3118 1944 3173 modum
1984 3134 2098 3189 quo

460 3196 603 3254 salvi
634 3215 763 3255 esse
793 3201 1204 3272 poteritis,non
1236 3205 1557 3275 gravabor;
1588 3211 1790 3278 utpote
1821 3207 1916 3278 qui
1978 3207 2101 3279 ipse

463 3302 699 3357 quoque
730 3288 1005 3345 aChristo
1037 3290 1277 3347 edoctus
1305 3293 1438 3360 sim,
1491 3298 1547 3349 et
1575 3294 1901 3367 discipulus
1959 3296 2099 3350 Boni

461 3373 623 3430 illius
654 3376 1045 3436 exstiterim.”8
1069 3379 1197 3435 Haec
1226 3387 1283 3437 et
1309 3381 1366 3436 in
1397 3382 1607 3438 Sidone
1629 3383 1793 3439 Petro
1816 3384 2102 3439 suadente

462 3462 537 3518 iis
567 3464 665 3535 qui
698 3474 1106 3534 convenerant,
1142 3486 1271 3524 cum
1304 3471 1508 3542 paucis
1538 3472 1745 3527 diebus
1800 3472 1970 3528 multi
2022 3472 2100 3527 ibi

461 3568 695 3624 quoque
724 3555 1062 3624 paenitentia
1084 3557 1241 3613 ducti
1271 3559 1537 3622 fuissent,
1582 3578 1647 3615 ac
1694 3562 2101 3627 credidissent,

462 3640 595 3696 dein
625 3646 681 3696 et
699 3642 946 3700 sanitate
973 3645 1170 3701 donati
1195 3652 1411 3716 essent,
1446 3649 1759 3704 Ecclesiam
1802 3650 2056 3707 instituit
2088 3676 2103 3718 ς

463 3732 520 3784 et
548 3734 858 3803 postquam
891 3731 1147 3805 aliquem
1178 3751 1246 3791 ex
1266 3737 1618 3809 presbyteris
1649 3740 1747 3807 qui
1779 3755 1913 3794 eum
1967 3756 2104 3795 con-

462 3818 837 3876 sectabantur
863 3822 1264 3880 constituisset
1291 3824 1653 3898 episcopum,
1686 3827 1899 3883 Sidone
1942 3844 2105 3900 egre-

471 3906 649 3962 ditur.

540 3996 704 4053 LVII.
736 3999 947 4055 Statim
978 4004 1171 4058 autem
1202 4018 1268 4058 ac
1297 4003 1568 4076 Berytum
1601 4004 1880 4075 pervenit,
1938 4009 2103 4061 terra;

468 4088 663 4141 motus
696 4087 882 4144 factus
910 4093 999 4145 est
1030 4106 1043 4144 :
1078 4095 1253 4162 atque
1271 4090 1435 4163 plebs
1456 4093 1736 4149 accedens
1762 4094 1833 4149 ad
1868 4098 2105 4149 Petrum

469 4176 537 4227 ut
570 4173 745 4230 ferret
765 4192 931 4248 opem
967 4180 1566 4251 rogabat.Timuimus
1597 4183 1774 4253 enim,
1835 4183 2108 4238 dicebant

472 4278 543 4317 ne
572 4262 839 4321 funditus
873 4267 1217 4337 periremus.
1276 4271 1439 4325 'Iunc
1494 4274 1552 4325 et
1608 4271 1830 4338 Simon,
1865 4271 2110 4327 audacia

466 4356 723 4423 sumpta,
756 4358 812 4409 et
857 4362 1189 4413 commento
1234 4375 1351 4413 una
1397 4376 1531 4414 cum
1577 4360 1857 4431 Appione,
1907 4362 2109 4415 Annu-

468 4438 659 4506 bione,
689 4442 1074 4512 Athenodoro,
1108 4449 1451 4518 ceterisque
1480 4449 1755 4503 omnibus
1808 4448 2109 4505 sodalibus

468 4530 812 4604 excogitato,
837 4533 1067 4605 publice
1095 4536 1465 4592 multitudini
1499 4536 1813 4606 clamabat,
1872 4538 2107 4593 Petrum

2206 1959 2478 2022 ἀδυνάτως
2530 1959 2682 2015 αὐτοί
2735 1956 2952 2035 ἔχοντες
3002 1958 3137 2031 πρὸς
3187 1956 3388 2011 ἐκεῖνον
3423 1958 3630 2031 φοιτᾷν.
3664 1954 3719 2006 Ὀ
3751 1951 3851 2007 Πέ-

2203 2071 2330 2126 τρος
2357 2049 2537 2105 τοίνυν
2570 2050 2778 2125 ἡμέρας
2814 2046 3008 2122 ὀλίγας
3054 2043 3398 2120 ἐνδιατρίψας
3445 2047 3514 2117 τῇ
3562 2042 3740 2117 Τύρῳ,
3762 2040 3855 2095 καὶ

2204 2138 2560 2195 παντοδαπῶν
2621 2137 2814 2199 αὐτοῦς
2893 2134 3210 2206 ἀπαλλάξας
3262 2136 3471 2204 παθῶν,
3532 2129 3855 2199 Ἐκκλησίαν

2201 2252 2260 2285 τε
2290 2228 2709 2302 συστησάμενος,
2742 2226 2832 2280 καὶ
2882 2226 2989 2280 ἀπὸ
3036 2229 3140 2279 τῶν
3195 2221 3477 2295 ἑπομένων
3530 2220 3675 2292 αὐτῷ
3720 2238 3852 2292 πρε-

2204 2314 2474 2393 σϐυτέρων
2508 2318 2799 2373 ἐπίσκοπον
2834 2314 3017 2375 αὐτοῖς
3067 2315 3429 2381 καταστήσας,
3468 2309 3721 2385 ὥρμησεν
3775 2308 3854 2369 εἷς

2207 2406 2439 2462 Σιδῶνα’
2467 2406 2653 2479 Σίμων
2686 2402 2744 2459 δῖε
2775 2401 2939 2458 πάλιν
2973 2403 3000 2456 ὁ
3034 2404 3219 2478 Μάγος
3251 2397 3456 2469 ἥκοντα
3491 2396 3598 2467 ἤδη
3631 2396 3723 2451 τὸν
3756 2396 3855 2450 Πέ-

2202 2517 2329 2573 τρον
2386 2496 2741 2569 μεμαθηκὼς,
2774 2491 2988 2570 φεύγειν
3041 2489 3245 2566 ἠγάπα,
3280 2489 3368 2544 καὶ
3420 2487 3557 2563 πρὸς
3614 2485 3851 2562 Βηρυτὸν

2209 2584 2406 2661 ἐχώρει
2442 2582 2575 2656 μετᾶ
2614 2580 2925 2642 Ἀππίωνος
2954 2580 3175 2634 καὶτῶν
3210 2577 3446 2652 ἑταίρων
3480 2574 3664 2630 αὐτοῦ.

2246 2660 2417 2730 ἸΝΙ.
2446 2676 2550 2727 Τοῦ
2608 2669 2665 2726 δὲ
2714 2669 2919 2746 Πέτρου
2979 2668 3237 2729 εἰσιόντος
3292 2665 3368 2727 εἷς
3442 2666 3542 2734 τὴν
3618 2660 3851 2733 Σιδῶνα,

2206 2761 2450 2823 πολλοὺς
2480 2761 2566 2816 ἐπὶ
2596 2758 2796 2815 κλινῶν
2830 2759 3082 2836 φέροντες
3116 2755 3191 2817 εἰς
3225 2750 3348 2827 ὄψιν
3404 2752 3661 2809 ἐτίθεσαν.
3694 2753 3751 2804 Ὀ
3799 2748 3857 2804 δὲ.

2207 2847 2406 2927 Πέτρος
2439 2851 2573 2927 πρὸς
2619 2847 2830 2909 αὐτούς·
2866 2849 2951 2917 Μή
3010 2867 3076 2917 με
3123 2844 3408 2917 νομίσητε,
3443 2837 3568 2920 ἔφη,
3602 2839 3855 2905 δύνασθαί

2206 2962 2255 2995 τι
2313 2940 2447 3015 πρὸς
2495 2938 2752 3014 ὑμετέραν
2800 2934 2958 3005 ἱᾶσιν,
3006 2932 3289 3010 ἄνθρωπον
3352 2927 3477 2985 ὄντα
3526 2930 3718 3001 θνητὸν
3767 2928 3857 2983 καὶ

2208 3029 2384 3100 αὐτὸν,
2447 3028 2537 3082 καὶ
2618 3025 2853 3087 πολλοῖς
2925 3023 3144 3087 πάθεσιν
3205 3020 3576 3093 ὑποκείμενον
3639 3019 3856 3096 ὑφηγή-

2209 3120 2395 3172 σασθαι
2447 3114 2503 3170 δὲ
2554 3115 2679 3189 ὑμῖν
2728 3114 2819 3168 τὸν
2867 3112 3067 3189 τρόπον
3121 3108 3190 3165 δι’
3238 3111 3301 3165 οὗ
3350 3110 3588 3177 σωθῆναι
3638 3104 3859 3162 δυνατοὶ

2212 3204 2407 3275 ἔσεσθε,
2450 3204 2511 3259 οῦ
2557 3206 2739 3281 φθονῶ
2788 3205 2850 3272 ⁷⁷,
2902 3202 2977 3262 ὡς
3026 3200 3084 3255 ἂν
3128 3200 3219 3253 καὶ
3266 3197 3429 3260 αὐτὸς
3478 3196 3581 3251 ὑπὸ
3626 3198 3859 3271 Χριστοῦ

2214 3292 2511 3370 διδαχθεὶς,
2551 3292 2640 3347 καὶ
2690 3291 2938 3364 μαθητὴς
2989 3288 3187 3345 ἐκείνου
3235 3292 3331 3342 τοῦ
3380 3287 3584 3360 ἀγαθοῦ
3635 3282 3859 3361 γενόμε-

2210 3405 2323 3445 νος.
2354 3387 2583 3436 Τοιαῦτα
2612 3381 2701 3436 καὶ
2734 3381 2785 3435 έν
2820 3377 3026 3434 Σιδῶνι
3062 3382 3160 3432 τοῦ
3204 3376 3409 3452 Πέτρου
3467 3377 3858 3450 παραινοῦντος

2208 3479 2326 3534 τοῖς
2384 3476 2673 3541 συνιοῦσιν,
2733 3470 2783 3524 ἐν
2845 3466 3061 3544 ὀλίγαις
3128 3465 3362 3539 ἡμέραις
3420 3461 3646 3518 πολλῶν
3706 3461 3862 3516 κάκεῖ

2217 3561 2469 3635 μετανοίᾳ
2550 3557 2913 3634 χρησαμένων
2996 3556 3086 3610 καὶ
3132 3554 3554 3620 πιστευσάντων,
3614 3552 3728 3606 εἶτα
3768 3550 3860 3604 καὶ

2212 3649 2494 3726 θεραπείας
2561 3643 2911 3718 ἀξιωθέντων,
2988 3642 3311 3712 Ἐκκλησίαν
3388 3642 3696 3710 συνέστησε,
3764 3637 3858 3693 καὶ

2211 3744 2319 3794 τῶν
2380 3738 2753 3811 συνεπομένων
2833 3734 2977 3808 αὐτῷ
3052 3728 3427 3809 πρεσϐυτέρων
3499 3731 3621 3786 τινὰ
3696 3748 3859 3784 κατα-

2214 3830 2411 3899 στήσας
2441 3830 2487 3865 ⁷⁹
2517 3826 2825 3897 ἐπίσκοπον,
2860 3822 3015 3895 ἔξεισι
3047 3830 3148 3892 τῆς
3182 3818 3446 3883 Σιδῶνος.

2289 4007 2451 4062 LVII.
2513 4005 2601 4066 Ὠς
2660 4000 2718 4058 δὲ
2773 4001 2923 4065 εὐθὺς
2974 3995 3140 4071 ἐπέϐη
3188 4007 3291 4069 τῆς
3340 4002 3606 4075 Βηρυτοῦ,
3640 3997 3859 4070 σεισμὸς

2218 4094 2447 4170 ἐγένετο·
2481 4093 2570 4147 καὶ
2602 4093 2652 4147 οἱ
2684 4087 2848 4167 ὄχλοι
2898 4089 3217 4166 προσιόντες
3262 4092 3343 4160 τῷ
3394 4087 3602 4161 Πέτρῳ,
3641 4087 3862 4161 βοηθεῖν

2217 4181 2452 4239 ἐδέοντο.
2502 4175 2869 4258 Πεφοϐήμεθα
2898 4180 3023 4255 γὰρ,
3057 4177 3266 4253 ἔλεγον,
3301 4178 3378 4250 μὴ
3433 4176 3522 4230 καὶ
3572 4174 3849 4237 παντελῶς

2217 4270 2575 4344 ἀπολώμεθα.
2613 4269 2742 4324 Τότε
2794 4268 2883 4324 καὶ
2933 4269 2961 4322 ὁ
3014 4266 3202 4341 Σίμων
3255 4266 3543 4339 τολμήσας
3592 4262 3859 4318 Ἀππίωνι

2218 4363 2329 4433 ἅμα
2383 4360 2472 4415 καὶ
2526 4353 2869 4416 Ἀννουϐίωνι
2910 4360 3048 4428 ⁸⁰-⁸¹,
3084 4353 3447 4431 Ἀθηνοδώρῳ
3494 4374 3571 4423 τε,
3604 4354 3694 4408 καί
3743 4353 3856 4407 ὅσοι

2215 4447 2389 4524 ἕτεροι
2445 4450 2579 4517 ἦσαν
2636 4447 2781 4519 αὐτῷ
2833 4444 3375 4522 προσηταιρισμένοι,
3434 4442 3675 4517 δημοσίᾳ
3749 4446 3861 4502 τοῖς

2220 4532 2416 4612 ὄχλοις
2450 4530 2598 4606 ἐϐόα,
2640 4535 2841 4609 Πέτρον
2892 4530 3227 4594 ὑποδεικνός·
3284 4530 3520 4607 Φεύγετε
3572 4534 3783 4601 τοῦτον,
3813 4530 3858 4583 ὦ

464 4620 823 4677 ostendens:
860 4623 1062 4696 Fugite
1109 4624 1284 4693 hunc,
1319 4642 1351 4682 o
1389 4626 1516 4693 viri,
1577 4627 1736 4681 omni
1786 4627 1980 4682 studio
2039 4643 2100 4682 ac

2213 4620 2423 4699 ἄνδρες,
2476 4624 2619 4696 πάσῃ
2675 4618 2911 4695 σπουδῇ,
2942 4620 3180 4699 φεύγετεο
3247 4620 3417 4695 μάγος
3475 4616 3609 4689 ἐστὶ,
3659 4615 3853 4692 λέγων,

462 4708 1057 4785 festinatione,fugite,
1092 4714 1310 4784 dicens,
1354 4715 1558 4788 Magus
1610 4720 1718 4783 est,
1779 4715 1924 4771 mihi
1981 4732 2104 4771 cre-

462 4797 581 4853 dite
616 4804 709 4867 ,et
738 4806 902 4856 terrae
934 4806 1159 4858 motum
1193 4804 1242 4859 is
1274 4805 1399 4875 ipse
1429 4805 1582 4876 apud
1606 4822 1707 4861 vos
1739 4804 1891 4871 fecit,
1953 4822 2104 4861 mor-

462 4886 684 4958 bosque
713 4889 1000 4959 excitavit,
1034 4904 1096 4947 ut
1125 4909 1227 4948 vos
1275 4897 1610 4965 perterreat,
1646 4893 1915 4965 Deusque
1946 4895 2099 4966 apud

462 4990 560 5029 vos
591 4976 782 5048 palam
816 4978 1389 5052 habeatur.Gumque
1414 4981 1669 5054 populus
1716 4999 1778 5038 se
1816 4982 1969 5038 intra
2025 4983 2102 5038 si-

463 5060 708 5121 lentium
733 5067 1038 5139 tenuisset,
1076 5074 1280 5126 Petrus
1301 5071 1633 5137 subridens,
1684 5070 1939 5142 plurima
1967 5088 2101 5127 cum

461 5150 757 5211 libertate:
792 5156 930 5225 Viri,
966 5157 1177 5229 inquit,
1212 5176 1335 5229 qua:
1367 5159 1438 5213 ab
1470 5159 1599 5215 istis
1651 5161 1949 5227 dicuntur,
2009 5178 2102 5216 me

463 5256 652 5314 posse,
686 5243 802 5299 Deo
830 5245 1327 5317 volente,eflicere,
1350 5248 1564 5302 fateor:
1591 5248 1663 5303 ad
1696 5247 1815 5302 bzec
1864 5253 2104 5319 paratus

2214 4710 2548 4766 πιστεύσατε·
2593 4710 2683 4765 καὶ
2747 4710 2839 4764 τὸν
2908 4709 3127 4782 σεισμὸν
3180 4706 3337 4769 αὐτὸς
3404 4703 3560 4766 οὗτος
3621 4704 3672 4759 ἐν
3730 4704 3853 4777 ὑμῖν

2213 4800 2515 4877 εἰργάσατο,
2556 4798 2644 4854 καὶ
2691 4800 2786 4860 τὰς
2838 4797 3028 4859 νόσους
3078 4797 3342 4867 ἐκίνησεν,
3385 4793 3475 4849 ἳνα
3529 4795 3669 4867 ὑμᾶς
3725 4813 3859 4848 κατα

2208 4877 2412 4963 πλήξῃ,
2444 4890 2533 4944 καὶ
2592 4888 2711 4952 θεὸς
2762 4888 3011 4964 ἄντικρυς
3060 4887 3187 4962 παρ’
3238 4885 3364 4957 ὑμῖν
3414 4886 3674 4957 νομισθῇ.
3707 4884 3856 4938 Ἡσυ-

2212 4970 2336 5055 χίαν
2371 4975 2429 5032 δὲ
2456 4982 2553 5031 τοῦ
2585 4976 2719 5032 λαοῦ
2749 4975 3153 5053 παρασχόντος,
3186 4974 3214 5027 ὁ
3246 4972 3449 5048 Πέτρος
3504 4970 3683 5048 βραχὺ
3733 4972 3861 5026 ὑπο-

2217 5064 2513 5140 μειδιάσας,
2550 5066 2684 5138 μετά
2729 5064 2954 5133 πολλῆς
3008 5062 3156 5137 μάλα
3210 5069 3310 5131 τῆς
3357 5060 3684 5138 παρρησίας·
3736 5062 3857 5118 Ἀν-

2214 5154 2354 5232 δρες,
2388 5152 2511 5233 ἔφη,
2548 5156 2681 5228 ἅπερ
2713 5154 2862 5208 οῦτοι
2904 5152 3147 5228 λέγουσι,
3190 5155 3325 5206 Θεοῦ
3374 5149 3653 5221 θέλοντος,
3684 5156 3856 5205 ποιεῖν

2213 5244 2431 5306 δυνατὸς
2466 5244 2599 5299 εἶναι
2630 5244 2912 5320 ὁμολογῶ·
2945 5242 3079 5317 πρὸς
3114 5238 3171 5295 δὲ
3198 5241 3415 5302 τούτοις
3474 5237 3696 5313 ἕτοιμός
3744 5238 3855 5311 εἶμι

1819 5391 2061 5448 VARI/ﬁ
2098 5342 2507 5475 LECTISNES.

535 5505 578 5575 773
608 5504 813 5575 Matth.
863 5522 966 5572 vn,
1014 5506 1100 5571 12,
1144 5504 1180 5559 l.
1233 5507 1461 5575 Recogn.
1506 5506 1544 5560 l.
1587 5524 1711 5572 VIII,
1762 5524 1811 5561 c.
1860 5509 1951 5563 56.

464 5574 818 5654 ἀπέστελλον,
880 5576 954 5654 ξι),
1008 5574 1465 5654 ἀπέστειλαν.ᾀ-⁷⁷
1522 5576 1597 5633 al.
1651 5577 1963 5654 suppovfl

2027 5510 2076 5543 7‘
2121 5507 2196 5581 al.
2242 5508 2406 5581 deest
2449 5506 2511 5581 _in
2564 5504 2639 5560 a1.

2041 5580 2085 5613 ⁷⁸
2132 5576 2395 5645 amt.
2449 5577 2608 5632 hom.
2652 5593 2753 5645 vn,
2800 5592 2851 5631 c.
2903 5576 2957 5645 8,
3005 5579 3113 5630 etc.

2714 5504 2760 5538 ⁸⁵
2810 5504 3009 5572 Clem,
3042 5502 3203 5558 hom.
3233 5519 3335 5568 vn,
3366 5519 3416 5558 c.
3438 5502 3496 5568 5,
3526 5505 3634 5558 etc.
3705 5502 3755 5572 4⁷⁸
3786 5501 3857 5557 al.

2328 5570 2395 5651 it.
2449 5577 2608 5662 hom.
2652 5593 2753 5662 vg,
2800 5576 2957 5662 c.A8,
2988 5570 3134 5662 ;etcr
3190 5572 3357 5662 ita]:
3395 5570 3861 5662 ⁸ίιιεειιςτηοιιξεεοῖς.

466 5648 511 5682 ⁸ο
540 5648 579 5681 ⁸³
614 5648 688 5703 al.
733 5642 1343 5722 ’AvouGi'aivztmelius.
1376 5649 1519 5722 Tres
1551 5649 1753 5722 scripti
1773 5642 2010 5706 'codices
2043 5650 2100 5703 Ἀ

2213 5642 2361 5720 ›6ίῴ,
2395 5664 2507 5722 pro
2532 5642 2819 5717 Ἀνουϐίῳ.
2854 5642 3083 5722 ᾼηὶὼίο
3113 5645 3269 5722 enim
3301 5648 3359 5722 et
3385 5644 3651 5722 Anubius
3708 5644 3859 5702 idem

462 5735 697 5791 nomen,
731 5720 802 5775 ab
831 5719 1021 5775 Anubi
1054 5715 1450 5793 )Egyptiorum
1477 5721 1584 5778 deo
1614 5715 1950 5777 deductum.
1984 5723 2104 5779 Sub
2130 5715 2545 5793 ﬁnem'ca'pitis
2576 5732 2731 5777 unus
2762 5715 3039 5791 Scriptus,
3068 5715 3326 5786 πεισθῆτέ
3358 5734 3472 5789 μοι.
3505 5718 3639 5773 Go'r.
