4148 6342
266 413 395 481 513

1035 395 1561 481 CLEMENTINA.
1595 394 2047 480 _si’n‘ous
2093 411 2192 477 De
2239 398 2508 478 ossris
2556 420 2618 478 s.
2670 395 2954 478 PETRI-

3553 418 3672 480 514

266 551 539 622 (πείθεσθὲ
566 552 614 587 ⁸2
647 571 738 624 μοι
769 551 891 626 περῖ
921 552 993 604 ὧν
1029 549 1193 626 λέγω)
1223 551 1320 618 τὴν
1353 555 1510 604 πᾶσιν
1546 550 1694 622 ὑμῶν
1732 549 1789 604 ἐκ
1823 548 1911 624 βά-

2052 567 2156 605 ηυω
2189 550 2385 621 (fidem
2411 549 2551 605 mihi
2578 549 2895 606 habentein
2921 549 3013 604 his
3035 566 3161 621 quae
3184 545 3408 621 loquor)
3436 551 3664 608 univer-

269 652 419 716 θρων
453 639 627 694 αὐτῶν
660 639 987 715 ἀναστρέψαι
1019 639 1204 694 πόλιν.

350 819 540 875 LVIII.
572 822 688 871 Τῶν
741 814 798 871 δὲ
845 811 1033 892 ὄχλων
1086 816 1532 887 ὑποπληξάντων·
1575 815 1688 870 εἶτα
1717 817 1762 851 ⁸³
1790 834 1920 890 προ-

275 904 480 978 θύμως
521 904 1011 981 ἐπαγγελλομένων
1073 905 1141 959 τά
1216 905 1304 959 ὑπ’
1367 905 1530 959 αὐτοῦ
1591 901 1922 976 κελευόμενα

272 996 555 1071 πράττειν,
587 995 616 1048 ὁ
646 992 868 1070 Πέτρος·
903 991 1107 1063 Μηδεὶς
1161 993 1332 1066 ὑμῶν,
1366 989 1491 1070 ἔφη,
1523 991 1584 1046 τὰ
1629 992 1750 1063 ἑξῆς
1795 992 1921 1064 ὁμι-

276 1083 446 1139 λείτω
475 1086 522 1120 “
555 1082 772 1158 μάγοις,
807 1080 935 1156 μηδ’
967 1084 1011 1118 ⁸⁸
1041 1081 1184 1143 ὅλως
1214 1081 1288 1142 εἷς
1333 1080 1536 1157 λόγους
1565 1081 1827 1157 ἐρχέσθω.
1859 1080 1921 1133 Οἱ

278 1171 341 1228 δὲ
369 1170 538 1248 ὄχλοι
566 1171 680 1232 ἐπεὶ
707 1176 875 1226 ταῦτα
902 1169 1160 1242 ἤκουσαν,
1193 1176 1308 1232 τοῖς
1368 1169 1492 1244 περὶ
1549 1171 1639 1224 τὸν
1701 1169 1925 1242 Σίμωνα

276 1261 434 1324 εὐθὺς
505 1261 832 1327 ἐπετίθεντο,
875 1259 964 1314 καὶ
1011 1259 1211 1322 πάντας
1263 1258 1314 1313 ἐν
1371 1258 1544 1334 ὀλίγῳ
1589 1256 1922 1334 τραυματίας

273 1352 624 1421 ποιήσαντες,
656 1348 754 1404 οὐκ
785 1350 988 1418 ἀνῆκαν
1038 1347 1231 1404 αὐτοὺς
1279 1347 1546 1418 παίοντες,
1577 1343 1682 1408 ἓως
1734 1367 1926 1400 παντες

275 1437 396 1501 λῶς
454 1446 556 1508 τῆς
611 1437 826 1500 πόλεως
883 1435 1174 1508 ἐξεδίωξαν.
1209 1439 1430 1491 Ἔπειτα
1459 1435 1772 1512 προσιόντες
1804 1435 1923 1489 ὅσοι

272 1528 460 1589 νόσοις
518 1527 690 1582 αὐτῶν
747 1527 836 1582 καὶ
895 1524 1115 1600 δαίμοσι
1173 1523 1606 1602 προσεπάλαιον,
1659 1526 1764 1600 πρὸ
1819 1528 1925 1578 τῶν

274 1615 446 1670 αὐτοῦ
473 1613 654 1670 ποδῶν
683 1613 906 1672 ἔκειντο.
940 1616 998 1668 '0
1029 1612 1086 1669 δὲ
1116 1615 1192 1676 εἷς
1221 1613 1445 1690 οὐρανὸν
1489 1612 1619 1687 ἄρας
1665 1614 1760 1674 τὰς
1810 1618 1927 1688 χεῖ-

275 1725 395 1781 ρας,
444 1706 534 1759 καὶ
580 1709 659 1775 τῷ
706 1703 822 1776 Θεῷ
869 1703 1317 1780 προσευξάμενος,
1366 1703 1553 1758 ἰάσατο
1618 1703 1820 1764 πάντας
1873 1701 1931 1755 ἐκ

282 1794 462 1868 μόνης
494 1794 686 1868 εὐχῆς.
721 1793 830 1848 Οὐκ
862 1791 1056 1868 ὀλίγας
1089 1790 1146 1847 δέ
1174 1814 1322 1855 τινας
1351 1791 1564 1866 ἡμέρας
1594 1791 1928 1867 παραμείνας

2026 656 2150 694 sam
2210 646 2458 694 vestram
2516 640 2587 693 ab
2644 640 2788 710 ipsis
2846 639 3246 694 fundamentis
3290 643 3541 695 evertere
3583 641 3665 696 ci-

2026 729 2288 782 vitatem.

2102 817 2290 872 LVIII.
2323 819 2473 872 Tum
2498 817 2670 871 turba
2691 820 3056 872 consternata
3077 823 3166 873 est
3189 836 3202 873 :
3238 817 3369 873 dein
3398 824 3666 892 prompto

2029 906 2225 960 animo
2256 906 2542 978 promittit
2573 922 2634 961 se
2666 907 2735 960 ab
2768 906 2892 976 ipso
2925 905 3209 977 imperata
3251 909 3532 963 facturam
3564 926 3578 975 ;
3611 911 3668 964 et

2031 999 2268 1050 Petrus:
2304 999 2482 1050 Nemo
2508 1000 2788 1058 vestrum,
2813 995 3023 1065 inquit,
3051 996 3289 1066 posthac
3315 1013 3445 1052 cum
3481 999 3668 1071 magis

2031 1083 2446 1138 commercium
2471 1083 2701 1151 habeat,
2735 1100 2922 1155 neque
2946 1100 3195 1155 usquam
3221 1085 3276 1139 in
3311 1086 3667 1158 colloquium

2031 1172 2244 1228 veniat.
2278 1172 2502 1243 Vulgus
2533 1175 2726 1226 autem
2761 1178 3070 1242 postquam
3111 1172 3231 1228 haec
3261 1175 3502 1243 audivit,
3531 1193 3669 1232 con-

2035 1261 2226 1318 festim
2259 1261 2557 1315 Simonem
2589 1259 2893 1332 sociosque
2934 1261 3060 1331 ejus
3102 1262 3288 1316 adorti
3321 1268 3460 1318 sunt
3488 1283 3500 1330 ;
3534 1281 3678 1320 cun-

2036 1350 2261 1421 ctisque
2292 1349 2448 1405 brevi
2479 1348 2819 1416 vulneratis,
2870 1365 2968 1404 eos
3003 1351 3305 1406 verberare
3351 1369 3465 1407 non
3497 1354 3683 1410 desti-

2035 1443 2251 1502 terunt,
2285 1439 2468 1494 donec
2512 1438 2745 1510 penitus
2789 1437 2928 1493 urbe
2972 1439 3353 1510 expulissent.
3382 1440 3426 1476 ⁸⁸
3476 1441 3681 1500 Postea

2037 1528 2378 1582 accedentes
2408 1527 2741 1598 quicunque
2773 1544 2840 1582 ex
2869 1527 2941 1581 iis
2961 1543 3092 1582 cum
3120 1527 3337 1584 morbis
3369 1546 3436 1584 ac
3467 1530 3683 1586 daemo-

2041 1616 2214 1671 nibus
2246 1615 2732 1686 colluctabantur,
2791 1622 2923 1671 ante
2965 1618 3138 1688 pedes
3199 1617 3356 1673 illius
3379 1619 3676 1689 jacebant.

2043 1703 2141 1760 Ille
2171 1721 2324 1773 vero,
2386 1704 2632 1759 sublatis
2687 1705 2745 1759 in
2780 1704 2986 1760 caelum
3042 1707 3335 1778 manibus,
3386 1715 3680 1781 Deumque

2041 1798 2467 1864 comprecatus,
2502 1797 2740 1848 cunctos
2772 1795 3102 1865 precatione
3131 1795 3256 1850 sola
3280 1797 3520 1853 curavit.
3555 1803 3678 1854 Non

276 1888 397 1943 τοῖς
427 1881 735 1958 Βηρυτίοις,
765 1882 854 1936 καὶ
884 1879 1132 1944 πολλοὺς
1162 1885 1230 1956 τῇ
1283 1881 1360 1943 είς
1419 1879 1629 1957 Πατέρα
1669 1881 1758 1934 καὶ
1809 1880 1928 1933 rte.»

357 1972 371 1985 .
412 1973 438 1985 η
586 1976 627 1985 η
687 1975 715 1983 ..
878 1970 890 1985 .
1246 1968 1256 1985 .
1573 1970 1587 1985 .
1649 1970 1676 1985 ι.
1800 1968 1810 1985 ι

2052 1897 2256 1954 paucos
2284 1887 2478 1936 autem
2503 1882 2626 1936 dies
2656 1883 2809 1953 apud
2836 1882 3089 1954 Berytios
3115 1893 3679 1957 commoratus,cum

277 1972 374 2026 καὶ
404 1973 558 2046 ἅγιον
583 1975 801 2043 Πνεῦμα
827 1970 1002 2024 πίστει
1035 1968 1355 2046 καταρτίσας
1413 1990 1472 2024 τε
1501 1970 1589 2024 καὶ
1648 1968 1927 2044 βαπτίσας,

279 2061 393 2114 ἀπὸ
415 2063 524 2113 τῶν
552 2058 831 2129 ἑπομένων
882 2059 1027 2131 αὐτῷ
1074 2054 1452 2136 πρεσϐυτέρων
1498 2055 1591 2113 ἕνα
1637 2058 1927 2113 ἐπίσκοπον

277 2148 470 2210 αὐτοῖς
501 2150 858 2220 καταστήσας,
892 2147 970 2210 εἰς
997 2148 1096 2216 τὴν
1129 2143 1335 2203 Βύϐλον
1369 2151 1412 2184 ⁸7
1445 2148 1609 2220 ἐξῄει.

357 2329 498 2385 LIX.
531 2325 632 2384 Καὶ
663 2325 954 2402 γενόμενος
987 2326 1116 2398 ἐκεῖ,
1148 2327 1236 2380 καὶ
1280 2327 1464 2399 μαθὼν
1497 2324 1578 2380 ὅτι
1614 2323 1800 2398 Σίμων
1855 2324 1932 2388 εἷς

280 2415 547 2490 Τρίπολιν
594 2414 868 2490 ὥρμησεν,
909 2414 1065 2476 αὐτὸς
1117 2414 1295 2490 βραχὺ
1344 2413 1678 2491 παραμείνας
1728 2415 1931 2483 αὐτοῖς,

280 2507 376 2560 καὶ
431 2503 758 2581 θεραπεύσας
803 2508 910 2559 τῶν
962 2502 1014 2557 ἐν
1062 2499 1266 2576 Βύϐλῳ
1307 2506 1352 2539 ⁸9
1395 2501 1660 2576 πολλοὺς,
1693 2505 1781 2558 καὶ
1831 2505 1930 2573 τὴν

285 2589 559 2649 εὐσέϐειαν
618 2592 812 2655 αὐτοὺς
842 2595 887 2630 ³ο
917 2589 1214 2663 ἐκδιδάξας,
1243 2593 1358 2647 κατ’
1389 2589 1542 2668 ἴχνος
1596 2597 1692 2646 τοῦ
1744 2591 1933 2665 Σίμω-

283 2705 376 2745 νος
403 2682 478 2746 εἷς
507 2681 766 2758 Τρίπολιν
829 2680 1137 2754 ἐπορεύετο,
1171 2679 1522 2753 μεταδιώκειν
1577 2681 1734 2736 αὐτὸν
1788 2681 1934 2755 μᾶλ-

289 2773 411 2845 λον,
443 2772 551 2847 οὐχ
581 2770 901 2849 ὑποφεύγειν
931 2771 1336 2846 προῃρημένος.
1370 2770 1462 2832 Εἰς
1509 2768 1566 2825 δὲ
1593 2773 1694 2841 τὴν
1724 2771 1934 2846 Τρίπο-

289 2863 378 2918 λιν
411 2861 633 2916 εἰσιόντι
669 2865 748 2932 τῷ
799 2861 1006 2937 Πέτρῳ,
1037 2863 1143 2914 τῶι
1195 2859 1670 2938 φιλομαθεστὲρων
1729 2858 1935 2916 πολλοὶ

291 2951 560 3020 συνῆλθον
593 2945 652 3004 ἔκ
676 2970 735 3004 τε
761 2957 863 3019 τῆς
891 2949 1086 3025 Τύρου,
1116 2950 1206 3004 καὶ
1239 2947 1502 3017 Σιδῶνος,
1533 2949 1621 3003 καὶ
1664 2951 1932 3024 Βηρυτοῦ,

289 3042 381 3095 καὶ
441 3034 660 3095 Βύϐλου
689 3041 753 3076 ⁹¹’
789 3038 896 3114 οὐχ
924 3038 1120 3108 ἥκιστα
1150 3035 1207 3093 δὲ
1237 3037 1326 3093 καὶ
1354 3043 1460 3092 τῶν
1496 3037 1585 3092 ἀπ’
1615 3037 1778 3107 αὐτῆς
1835 3045 1934 3107 τῆς

290 3128 512 3190 πόλεως
553 3124 740 3203 ὄχλων
785 3125 1012 3189 πλείους
1065 3125 1368 3202 συνὲῤῥεον,
1401 3128 1686 3203 ἱστορῆσαι
1734 3127 1934 3202 Πέτρον

295 3213 650 3294 βουλόμενοι.
682 3217 856 3273 Ἔνιοι
899 3215 956 3271 δὲ
982 3220 1090 3270 τῶν
1123 3213 1393 3294 ἀδελφῶν,
1425 3216 1476 3270 οἳ
1505 3216 1595 3270 καὶ
1655 3217 1788 3285 ἦσαν
1849 3215 1936 3269 ὑπ’

290 3306 499 3362 ἐκείνου
528 3305 1050 3382 προεκπεμφθὲντες,
1080 3303 1369 3379 διηγοῦντο
1412 3307 1544 3379 ἡμῖν
1590 3306 1657 3360 τά
1702 3325 1761 3359 τε
1803 3303 1938 3358 κατὰ
1967 3283 2009 3349 C

290 3397 393 3464 τήν
427 3393 611 3466 πόλιν,
641 3394 731 3449 καὶ
771 3395 839 3450 τά
879 3393 1218 3470 πραττόμενα
1273 3395 1418 3460 παρὰ
1476 3394 1726 3467 Σίμωνος
1784 3394 1936 3465 ἀκρι-

295 3479 434 3546 ϐῶς·
493 3481 881 3557 ἆποδεξάμενοί
935 3503 996 3538 τε
1052 3485 1218 3555 ἡμᾶς,
1251 3482 1337 3537 ἐπὶ
1392 3483 1492 3551 τήν
1530 3484 1829 3559 Μαροώνου
1862 3485 1938 3558 (9)

295 3575 434 3648 ἠγον
468 3572 665 3628 οῗκίαν.

375 3664 487 3720 LX.
515 3667 570 3716 ‘0
597 3659 656 3716 δῖε
685 3659 886 3735 Πέτρος
913 3659 994 3715 ἐπ’
1023 3659 1167 3733 αὐτῷ
1208 3657 1317 3731 ἤδη
1357 3665 1436 3732 τῷ
1482 3663 1580 3730 τῆς
1627 3659 1799 3731 ξενίας
1845 3681 1942 3715 πυ-

303 3752 444 3808 λῶνι
474 3752 734 3827 γεγονὼς,
767 3749 1130 3827 ἐπιστραφεὶς,
1153 3755 1268 3812 τοῖς
1300 3745 1498 3825 ὄχλοις
1533 3749 1798 3826 ὐπὲσχετο
1847 3748 1939 3804 αὕ-

307 3862 426 3917 ριον
457 3839 579 3914 περὶ
613 3833 910 3900 Θεοσεϐείας
941 3835 1314 3914 διαλεχθῆναι.
1336 3839 1484 3895 Ἐπεὶ
1509 3835 1674 3893 δὲκαὶ
1706 3836 1942 3908 εἷ’σῆλθε,

309 3931 388 4004 μὴ
449 3923 772 4002 μεταλαϐεῖν
828 3926 1090 4003 πρότερον
1144 3924 1244 4005 ἔφη
1300 3935 1528 4005 τροφῆς,
1566 3927 1691 4005 πρὶν
1738 3929 1771 3997 ἢ
1817 3927 1944 3990 τοὺς

305 4017 742 4089 συνεληλυθότας
801 4014 1164 4070 διαναπαύσει·
1200 4016 1644 4092 ἀποκριναμένων
1677 4014 1734 4072 δὲ
1762 4020 1944 4090 ἡμῶν,

302 4107 389 4163 ὅτι
425 4104 632 4180 σπουδῇ
663 4108 860 4168 πάντας
889 4104 1082 4168 αὐτοὺς
1133 4103 1562 4178 διαναπαύσομεν
1591 4109 1658 4174 θί,
1685 4107 1713 4160 ὁ
1745 4106 1945 4182 Πέτρος

304 4195 536 4258 ἀκούσας
564 4195 651 4250 καὶ
688 4192 989 4270 εὐλογήσας
1019 4197 1188 4268 ἡμᾶς,
1221 4193 1432 4267 ἐξῆλθε,
1465 4195 1553 4250 καὶ
1613 4195 1946 4269 λουσάμενος

306 4286 358 4342 ἐν
507 4282 766 4358 θαλάσσῃ,
791 4283 881 4339 καὶ
931 4281 1205 4354 εἰσελθὼν,
1238 4283 1350 4338 εἶτα
1403 4283 1492 4338 καὶ
1541 4284 1722 4339 σιτίων
1785 4305 1945 4358 μετα-

306 4369 519 4444 λαϐὼν,
551 4372 778 4448 ἐσπὲρας
803 4365 1218 4443 καταλαϐούσης
1250 4371 1512 4430 ὕπνωσεν.

380 4552 521 4609 LXI.
554 4551 712 4626 Ἀρτι
744 4546 801 4604 δὲ
828 4549 953 4623 περὶ
1000 4550 1094 4613 τὰς
1141 4548 1443 4626 δευτεραίας
1499 4553 1608 4604 τῶν
1656 4549 1947 4626 ἀλεκτρυό-

304 4661 416 4696 νων
445 4637 591 4712 ᾠὸάς
623 4639 875 4708 ἀναστάς,
904 4638 992 4694 καὶ
1026 4639 1192 4716 εὑρὼν
1224 4641 1372 4711 ἡμᾶς
1401 4635 1510 4708 ἤδη
1557 4638 1948 4715 ἐγρηγορότας,

307 4729 366 4784 οἳ
394 4728 486 4784 καί
519 4731 658 4802 ἦμεν
692 4727 782 4782 σὺν
815 4726 962 4800 αὐτῷ
1006 4729 1200 4789 πάντες
1257 4725 1556 4794 ἑκκαίδεκα,
1589 4726 1747 4790 αὐτός
1807 4750 1949 4807 φημι

307 4819 537 4893 Πέτρος,
567 4819 722 4893 κάγὼ
754 4816 1015 4889 Κλήμης,
1050 4817 1290 4887 Νικήτης
1336 4837 1395 4871 τε
1451 4817 1538 4871 καὶ
1580 4815 1829 4886 Ἀκύλας,
1862 4817 1950 4872 καὶ

307 4908 362 4961 οἱ
438 4903 858 4983 προοδεύσαντες
907 4903 1147 4975 δώδεκα,
1213 4905 1346 4978 μετὰ
1401 4905 1463 4959 τὸ
1521 4910 1950 4982 προσαγορεῦσαι

305 4997 535 5066 πάντας,
569 4993 739 5067 εἰσῄει
795 5015 876 5054 τις
931 4998 1037 5048 τῶν
1088 4995 1330 5064 συνήθων
1379 4991 1734 5069 ἀπαγγέλλων
1784 4993 1950 5066 αὐτῷ,

2041 1970 2258 2025 multos
2280 1971 2392 2026 fide
2416 1971 2472 2024 in
2499 1975 2752 2037 Patrem,
2773 1970 3005 2035 Filium,
3027 1978 3083 2027 et
3104 1973 3384 2044 Spiritum
3411 1981 3679 2032 sanctum

2041 2063 2531 2126 consummasset,
2558 2076 2778 2115 necnon
2805 2060 3156 2132 baptizasset
3182 2079 3195 2128 ;
3221 2080 3335 2118 uno
3356 2081 3422 2119 ex
3444 2066 3682 2138 presby-

2040 2149 2180 2204 teris
2211 2149 2312 2220 qui
2344 2166 2478 2204 eum
2512 2149 2908 2220 sequebantur
2937 2150 3078 2221 ipsis
3101 2150 3159 2205 in
3181 2151 3518 2225 episcopum
3550 2171 3683 2211 con-

2041 2239 2268 2308 stituto,
2302 2239 2360 2292 in
2391 2238 2634 2310 Byblum
2667 2238 2828 2293 abiit.

2113 2327 2250 2382 LIX.
2299 2329 2342 2362 ⁸⁸
2401 2327 2522 2390 Quo
2580 2333 2890 2398 postquam
2947 2328 3321 2399 pervenisset,
3383 2337 3679 2405 comperto

2043 2418 2192 2488 quod
2228 2416 2427 2472 Simon
2462 2416 2518 2470 in
2552 2415 2834 2488 Tripolim
2865 2424 3144 2481 evaserat,
3185 2419 3306 2490 ipse
3337 2419 3506 2477 breve
3534 2426 3681 2478 tem-

2043 2523 2154 2578 pus
2185 2506 2340 2578 apud
2373 2522 2471 2561 eos
2494 2510 2912 2572 commoratus,
2938 2506 3274 2578 curatisque
3298 2509 3499 2566 multis
3521 2511 3683 2584 Bybli

2043 2594 2271 2662 incolis,
2305 2611 2371 2648 ac
2403 2593 2670 2649 doctrina
2693 2594 2926 2666 pietatis
2954 2594 3038 2650 eis
3059 2596 3371 2661 tradita,ad
3398 2599 3682 2671 Tripolim

2043 2698 2147 2756 per
2175 2683 2420 2755 vestigia
2439 2682 2690 2738 Simonis
2720 2684 3001 2753 processit
3025 2709 3040 2751 ;
3064 2689 3256 2741 certus
3276 2703 3409 2741 eum
3432 2688 3683 2761 insequi,

2045 2789 2159 2827 non
2193 2773 2616 2844 subterfugere.
2650 2772 2823 2828 Porro
2872 2789 3006 2828 cum
3039 2774 3240 2830 Petrus
3288 2775 3567 2848 Tripolim
3595 2778 3684 2833 in-

2045 2862 2404 2933 grederetur,
2440 2860 2609 2916 multi
2653 2877 2854 2917 eorum
2903 2861 3003 2934 qui
3049 2863 3322 2918 descendi
3353 2866 3685 2937 cupidiores

2045 2955 2232 3015 erant,
2263 2967 2330 3005 ex
2354 2950 2522 3022 Tyro,
2555 2950 2787 3016 Sidone,
2852 2951 3076 3023 Beryto,
3136 2969 3201 3007 ac
3231 2953 3408 3025 Byblo
3438 2971 3682 3011 concur-

2046 3043 2278 3094 rerunt:
2329 3054 2398 3094 ex
2429 3038 2556 3109 ipsa
2605 3039 2781 3093 etiam
2840 3040 3089 3094 maxime
3144 3041 3376 3097 civitate
3423 3041 3683 3115 plerique

2047 3143 2250 3182 omnes
2282 3125 2629 3196 conﬂuxere,
2661 3127 2949 3183 desiderio
2977 3129 3210 3183 videndi
3256 3134 3512 3186 Petrum.
3545 3132 3681 3196 Qui-

2050 3217 2184 3271 dam
2215 3219 2411 3271 autem
2436 3216 2703 3282 fratrum,
2734 3217 2834 3288 qui
2857 3222 2914 3272 et
2934 3217 3005 3272 ab
3031 3234 3094 3272 eo
3119 3219 3399 3289 praemissi
3433 3221 3687 3288 fuerant.

2049 3305 2401 3361 enarrabant
2431 3305 2599 3359 nobis
2621 3315 2910 3373 accurate,
2943 3309 3068 3361 tum
3103 3311 3320 3362 statum
3346 3308 3528 3379 urbis,
3559 3315 3686 3366 tum

2047 3394 2304 3449 Simonis
2331 3398 2532 3464 gesta:
2564 3397 2620 3448 et
2649 3393 2998 3465 excipientes
3029 3410 3156 3461 nos,
3189 3395 3248 3450 in
3280 3396 3522 3454 domum
3563 3400 3686 3456 Ma-

2049 3482 2244 3538 roonis
2271 3482 2583 3536 duxerunt.

2123 3661 2232 3717 LX.
2265 3664 2468 3716 Petrus
2497 3676 2630 3716 vero
2652 3660 2779 3730 jam
2825 3659 2977 3716 fores
3008 3660 3244 3735 hospitii
3284 3668 3509 3735 tenens,
3544 3684 3681 3725 con-

2050 3766 2274 3815 versus,
2307 3747 2572 3820 promisit
2601 3747 2987 3816 multitudini,
3035 3766 3164 3806 cras
3193 3767 3256 3806 se
3293 3753 3364 3809 de
3394 3753 3494 3810 Dei
3526 3756 3685 3812 cultu

2051 3840 2228 3896 verba
2257 3839 2568 3893 facturum.
2599 3839 2677 3892 Ac
2734 3842 3045 3910 postquam
3101 3838 3324 3910 introit,
3379 3860 3494 3898 non
3527 3845 3690 3916 prius

2056 3943 2118 3984 se
2171 3927 2491 3998 quidquam
2550 3925 2663 3982 cibi
2721 3943 2850 3982 esse
2903 3932 3313 4000 percepturum
3357 3931 3689 4001 afﬁrmavit,

2057 4033 2232 4088 quam
2266 4031 2364 4070 eos
2395 4016 2496 4086 qui
2527 4021 2913 4071 convenerant
2936 4017 3263 4073 refecisset:
3300 4018 3468 4076 nobis
3497 4026 3692 4078 autem

2058 4104 2564 4177 respondentibus,
2595 4105 2745 4176 quod
2781 4121 2878 4160 eos
2909 4122 3111 4161 omnes
3141 4106 3400 4164 studiose
3430 4126 3696 4167 essemus

2058 4193 2350 4258 refecturi,
2381 4197 2586 4248 Petrus
2632 4194 2828 4248 audita
2858 4210 2939 4260 re,
2972 4199 3028 4249 et
3073 4193 3326 4253 laudatis
3355 4214 3421 4253 ac
3452 4199 3695 4256 benedi-

2057 4283 2167 4339 ctis
2197 4281 2386 4348 nobis,
2417 4282 2626 4349 exivit;
2659 4299 2907 4355 cumque
2935 4282 3193 4350 lavisset.
3226 4285 3281 4340 in
3308 4287 3476 4356 mari,
3509 4305 3576 4343 ac
3606 4289 3695 4344 in-

2058 4387 2296 4445 gressus
2330 4376 2501 4441 esset,
2534 4375 2849 4442 posteaque
2888 4371 3081 4427 cibum
3126 4375 3498 4447 sumpsisset,
3530 4379 3697 4433 nocte

2059 4460 2416 4530 adveniente,
2445 4474 2651 4514 somno
2682 4475 2744 4513 se
2773 4459 2951 4516 dedit.

2129 4548 2264 4604 LXI.
2299 4548 2428 4604 Jam
2463 4564 2595 4603 vero
2625 4548 2696 4602 ad
2755 4551 3078 4605 secundum
3130 4550 3416 4622 gallorum
3462 4557 3698 4610 cantum

1981 4649 2029 4714 D
2061 4654 2329 4710 surgens,
2377 4636 2794 4709 inveniensque
2826 4639 3074 4709 nosjam
3112 4639 3452 4710 vigilantes;
3511 4640 3614 4713 qui
3644 4649 3702 4698 et

2062 4742 2295 4781 eramus
2327 4742 2460 4780 cum
2495 4741 2560 4779 eo
2593 4742 2795 4781 omnes
2826 4726 3100 4794 sedecim,
3127 4729 3270 4799 ipse,
3305 4730 3568 4801 inquam,
3598 4729 3697 4785 Pe-

2062 4822 2210 4880 trus,
2241 4821 2296 4870 et
2325 4831 2430 4886 ego
2459 4813 2742 4881 Clemens,
2767 4816 2994 4870 Nicetes
3017 4819 3075 4870 et
3099 4817 3326 4887 Aquila,
3351 4823 3524 4890 atque
3554 4819 3699 4875 duo-

2064 4905 2249 4961 decim
2281 4904 2378 4975 qui
2412 4903 2713 4975 praegressi
2750 4903 3013 4971 fuerant;
3045 4911 3356 4977 postquam
3389 4905 3699 4962 salutavis-

2064 4998 2154 5049 set
2183 5009 2420 5059 omnes;
2455 4992 2755 5064 ingressus
2785 4997 2874 5046 est
2903 4991 3141 5064 quidam
3190 5011 3256 5049 ex
3293 4994 3697 5067 familiaribus,

1670 5101 1905 5158 VARI/E
1945 5099 2352 5158 LECTIONES.

384 5194 432 5228 ⁸²
491 5191 564 5248 al.
633 5209 887 5264 praepon.
939 5188 1024 5264 εᾷν
1073 5190 1322 5264 ’μή-ΑΙ.
1381 5187 1650 5264 «gremiis.
1728 5190 1772 5224 ⁸³
1822 5193 1902 5264 a|_.

313 5266 475 5320 hom.
527 5255 652 5329 vn;
677 5280 725 5319 c.
756 5255 870 5318 '12.
907 5327 921 5329 _
945 5262 988 5296 ⁸⁷
1038 5255 1100 5318 αι’
1138 5255 1356 5314 Βίϐλον.

315 5339 368 5406 1,
419 5341 530 5392 etc.
607 5327 652 5369 ⁸⁸
700 5334 775 5389 al.
826 5327 1036 5406 Βίϐλῳ.
1088 5335 1156 5406 Δ⁹⁰
1202 5334 1276 5388 al.
1328 5330 1532 5406 αὐτοῖς,

311 5401 814 5478 Recognilionibus,
846 5401 1290 5476 διανεπαύσαμεν.
1321 5403 1454 5459 COT.

1432 5187 1650 5258 είθησθὲ.
1728 5190 1772 5224 ⁸³
1822 5193 1902 5246 al.
1945 5205 2194 5262 praepon.
2226 5184 2334 5242 καί.

1432 5262 1476 5296 88
1525 5263 1766 5296 Flammam!
1870 5261 2005 5296 Innm
2080 5277 2132 5296 ur
2228 5275 2333 5296 nun

1525 5263 1810 5332 Ctement.,
1870 5258 2030 5316 hom.
2062 5258 2177 5326 _v1,
2228 5275 2355 5328 cap.
2407 5258 2539 5323 ult.,
2587 5265 2643 5313 et
2691 5259 2848 5313 hom.
2898 5260 2951 5324 8,
2986 5276 3032 5314 c.
3075 5258 3264 5326 I,'etc.
3301 5262 3417 5317 Rec.
3448 5261 3486 5317 l.
3536 5280 3609 5333 ιν,
3652 5282 3702 5321 c.

1525 5377 1532 5388 .
1611 5335 1649 5368 9'
1704 5333 1778 5390 al.
1830 5326 2054 5388 Βίϐλου.
2149 5332 2193 5365 9³
2241 5327 2700 5390 Διαναπαύσομεν.
2746 5329 2879 5390 Legi
2929 5337 3102 5390 queat
3150 5348 3218 5387 ex
3271 5333 3620 5390 Clementinis
3649 5343 3702 5390 et

2413 5187 2458 5220 ⁸⁸
2487 5186 2560 5240 al.
2594 5185 2869 5257 ὁμιλήτω.

2945 5188 2990 5222 ³⁵
3019 5186 3091 5242 al.
3130 5188 3274 5259 μηθ’.
3351 5190 3395 5223 ⁸⁸
3429 5190 3702 5248 Clement.

2149 5332 2193 5365 9*
2241 5327 2700 5400 Διαναπαύσομεν.
2746 5329 2879 5402 Legi
2929 5337 3102 5401 queat
3150 5348 3218 5387 ex
3271 5327 3620 5391 Clementinis
3649 5343 3708 5392 et

1683 5492 2060 5548 VARIORUM
2107 5491 2339 5546 NOTAE.

387 5593 467 5668 _(9)
501 5593 821 5668 Μαροώνου.
866 5595 1227 5668 N_omen___est
1272 5589 1573 5668 Syriacum
1613 5595 1704 5668 sat
1735 5596 1957 5658 notum,

312 5661 408 5723 vel
434 5661 674 5738 propter
703 5665 1069 5738 monachum
1090 5663 1276 5738 illum,
1308 5661 1427 5738 _sive
1444 5661 1625 5738 male,
1646 5664 1777 5738 _sive
1808 5668 1960 5738 recte

315 5733 692 5811 sentientem,
724 5755 760 5795 ο.
787 5751 902 5811 quo
933 5735 1074 5794 dicti
1102 5734 1409 5793 Maronitae.
1441 5737 1520 5790 De
1548 5750 1614 5791 eo
1644 5733 1962 5810 Eutyebius

2070 5588 2404 5666 Balrieides,
2424 5590 2533 5666 qui
2564 5591 2995 5666 Monothelitam
3026 5591 3206 5666 fuisse
3235 5591 3374 5662 vult,
3409 5609 3441 5648 a
3470 5609 3582 5666 quo
3615 5607 3706 5650 re-

2072 5661 2356 5718 centiores
2387 5661 2678 5718 Maronitae
2711 5663 3086 5721 dissentiunt.
3120 5663 3289 5721 Casa.
