4148 6342
386 383 501 442 515

1211 386 1276 442 s.
1321 368 1759 444 CLEMENTIS
1809 384 1829 441 1
1879 360 2069 445 acM.
2116 384 2341 445 pom.
2388 362 2646 446 OI’ERA
2691 364 2953 443 DUBlA.

3664 370 3784 443 516

388 513 546 570 hunc
576 514 844 569 nuntium
875 513 925 569 ei
955 513 1237 569 efferens:
1290 514 1489 569 Simon
1538 518 1759 586 Magus,
1806 514 1905 570 ubi
1937 514 2018 569 di-

2145 511 2225 568 δτι
2261 513 2445 585 Σίμων
2480 514 2507 567 ὁ
2538 513 2719 587 Μάγος
2754 511 2935 584 μαθών
2986 531 3039 565 τε
3200 508 3456 585 Τριπόλει
3502 509 3785 585 ἐπιδημή-

388 602 531 658 dicit
560 607 616 657 te
643 603 859 674 Tripoli
893 620 1039 672 esse,
1075 605 1133 658 in
1181 603 1405 676 Syriam
1456 604 1581 675 ipse
1611 604 1788 658 abiit:
1826 602 2031 658 multi-

386 692 529 747 tudo
552 696 753 763 _autem
787 709 963 747 unam
995 692 1145 747 hanc
1174 696 1401 748 noctem
1424 708 1552 748 esse
1573 693 1707 747 anni
1738 693 2027 747 ambitum

387 780 687 848 arbitrata,
722 797 827 836 nec
858 781 1052 836 valens
1084 781 1475 853 praestitutum
1511 798 1543 836 a
1577 786 1631 836 te
1664 786 1897 852 tempus
1928 798 2030 836 ex-

386 874 670 942 spectare,
705 886 805 942 pro
839 870 1061 926 foribus
1092 875 1227 937 stat,
1261 887 1361 942 per
1383 879 1567 925 ccetus
1596 875 1652 925 et
1680 870 1928 926 circulos
1959 871 2029 926 de

376 959 631 1015 Simonis
662 959 1032 1031 improbitate
1085 966 1291 1014 mutuo
1344 958 1719 1029 colloquens;
1764 959 1862 1030 qui
1893 975 2025 1014 cum

378 1062 478 1103 eos
511 1048 567 1102 in
599 1064 764 1120 spem
787 1048 1150 1113 adduxisset,
1178 1052 1353 1119 atque
1383 1046 1677 1119 pollicitus
1699 1052 1851 1103 esset
1871 1048 2026 1119 quod

377 1139 434 1192 te
464 1142 807 1207 prmsentem
838 1135 1041 1192 multis
1070 1137 1142 1191 de
1168 1136 1517 1191 criminibus
1543 1141 1698 1192 esset
1728 1137 2026 1191 convictu-

379 1242 503 1294 rus,
534 1225 765 1298 cognito
796 1227 1046 1281 adventu
1076 1230 1177 1281 tuo
1210 1241 1270 1280 se
1302 1225 1372 1281 de
1406 1231 1572 1281 nocte
1604 1225 1661 1279 in
1695 1227 1892 1299 fugam
1925 1227 2023 1282 de-

379 1314 529 1369 derit
555 1331 567 1367 :
603 1314 701 1369 sed
736 1319 792 1369 et
820 1315 1021 1369 eadem
1054 1314 1220 1386 plebs
1250 1318 1307 1370 te
1337 1314 1540 1371 audire
1571 1316 1881 1370 desiderat.

449 1404 619 1458 LXII.
655 1403 723 1457 Et
754 1408 981 1471 Petrus,
1038 1403 1367 1459 admiratus
1414 1403 1570 1477 vulgi
1618 1403 1903 1469 studium,
1937 1421 2023 1459 re-

379 1493 652 1565 spondit:
686 1492 933 1558 Videtis,
968 1494 1195 1562 fratres,
1228 1509 1343 1563 quo
1386 1496 1555 1564 pacto
1588 1492 1812 1548 Domini
1843 1492 2025 1547 nostri

375 1582 551 1637 verba
602 1581 905 1635 manifeste
953 1580 1378 1652 compleantur.
1428 1581 1661 1636 Memini
1702 1582 1858 1636 enim
1890 1598 2020 1636 eum

385 1669 575 1726 dicere
619 1687 632 1725 :
687 1670 856 1725 Multi
908 1672 1123 1725 venient
1166 1672 1235 1725 ab
1280 1669 1517 1739 Oriente,
1569 1674 1620 1725 et
1649 1669 2025 1733 Occidente,“

380 1759 665 1829 Aquilone,
716 1761 771 1813 et
823 1761 992 1829 mari,
1038 1775 1100 1813 ac
1155 1759 1461 1815 recumbam
1513 1775 1638 1813 cum
1689 1758 2021 1829 Abrahamo,

379 1849 561 1903 Isaaco
599 1852 651 1903 et
703 1848 901 1905 Jacobo
960 1849 1021 1901 9⁵.
1070 1848 1181 1903 Sed
1238 1852 1295 1902 et
1325 1847 1499 1914 Multi,
1558 1847 1770 1919 inquit,
1803 1850 2020 1908 vocati;

377 1938 547 2008 pauci
572 1952 695 1992 vero
723 1937 878 1991 electi
906 1937 969 1991 9°.
1030 1936 1235 2007 Itaque
1265 1936 1419 2007 quod
1475 1936 1729 2007 veniant,
1790 1953 1905 1991 non
1935 1941 2025 1991 est

378 2040 580 2082 eorum
615 2026 939 2097 proprium,
970 2025 1072 2080 sed
1106 2030 1194 2080 est
1216 2024 1313 2080 Dei
1369 2026 1471 2096 qui
1518 2026 1777 2080 vocavit:
1812 2026 1860 2081 si
1892 2041 2023 2080 vero

376 2118 508 2185 post
535 2114 893 2169 vocationem
948 2115 1100 2169 bona
1151 2130 1325 2185 opera
1384 2114 1647 2180 fecerint,
1684 2113 1790 2169 hoc
1820 2129 2019 2168 eorum

378 2204 489 2258 erit
518 2203 841 2275 proprium,
871 2207 926 2257 et
946 2203 1380 2258 convenientem
1405 2208 1791 2273 assequentur
1813 2219 2022 2258 merce-

379 2292 472 2348 dis
502 2292 968 2348 retributionem.
1002 2294 1042 2327 97
1075 2293 1200 2348 Haec
1231 2292 1412 2347 dixit:
1443 2309 1695 2364 cumque
1727 2293 2016 2363 ingentem

376 2382 610 2434 turbam
640 2380 883 2443 videret,
944 2380 1149 2434 leniter
1199 2379 1357 2435 velut
1409 2380 1700 2451 placidum
1734 2380 2019 2433 fluentum

374 2469 565 2524 amnis
592 2469 851 2536 afﬂuere,
882 2469 1134 2524 Marooni
1169 2469 1246 2524 ait
1274 2486 1286 2524 :
1322 2468 1426 2523 Ubi
1461 2468 1555 2523 hic
1584 2468 1687 2523 tibi
1722 2468 1883 2522 locus
1910 2473 2017 2535 est,

374 2558 476 2629 qui
507 2558 656 2613 hanc
688 2557 1122 2613 multitudinem
1154 2574 1359 2629 capere
1391 2558 1623 2630 possit?
1656 2558 1725 2612 Et
1751 2560 2019 2612 Maroone

373 2647 619 2701 ducente
650 2662 782 2701 eum
813 2646 871 2701 in
906 2646 1097 2700 locum
1130 2646 1298 2700 horto
1348 2645 1640 2701 excultum
1685 2662 1750 2700 ac
1782 2646 2015 2700 subdia-

376 2734 516 2802 lem,
549 2740 762 2790 secutae
792 2738 929 2789 sunt
957 2739 1015 2789 et
1044 2735 1247 2789 turbae.

454 2824 641 2880 LXIII.
677 2824 878 2879 Petrus
920 2829 1137 2890 autem,
1197 2840 1372 2895 super
1420 2823 1606 2879 basim
1666 2828 1869 2879 statuae
1902 2839 2016 2878 non

381 2913 697 2968 admodum
746 2912 1032 2968 excelsam
1063 2918 1263 2980 stans;
1325 2912 1499 2967 simul
1533 2918 1706 2984 atque
1737 2913 2016 2984 populum

380 3019 541 3058 more
570 3000 840 3074 religioso
883 3001 1197 3057 salutasset
1225 3018 1238 3055 :
1289 3018 1532 3057 cernens
1570 3000 1787 3057 multos
1817 3006 2015 3057 astan-

374 3091 544 3159 tium,
575 3108 608 3147 a
629 3090 1130 3161 demonibusjam
1155 3092 1255 3146 diu
1283 3090 1620 3146 molestatos
1647 3116 1660 3158 ;
1688 3107 1753 3145 ac
1774 3090 2017 3146 stridere

373 3197 506 3236 cum
538 3179 787 3249 ululatu,
821 3184 876 3235 et
903 3180 1203 3251 procidere
1244 3197 1377 3235 cum
1427 3178 1887 3251 supplicatione;
1922 3178 2015 3233 in—

2141 624 2321 673 σαντα,
2353 605 2450 672 τὴν
2482 602 2570 656 ἐπὶ
2605 601 2799 676 Συρίαν
2828 599 2984 661 αὐτὸς
3018 597 3217 674 ᾤχετο’
3248 601 3317 653 τὰ
3346 598 3405 654 δὲ
3448 598 3635 671 πλήθη
3679 603 3784 671 τὴν

2142 692 2265 763 μίαν
2323 690 2519 759 ταύτην
2578 689 2742 744 νύκτα
2807 688 3046 743 ἐνιαυτοῦ
3103 685 3355 763 περίοδον
3411 686 3784 763 ἡγησάμενοι,

2135 781 2233 849 τήν
2270 778 2508 835 δοθεῖσαν
2544 780 2646 834 ὑπὸ
2692 783 2787 847 σοῦ
2834 777 3165 855 προθεσμίαν
3219 776 3281 831 οὐ
3323 775 3613 851 δυνάμενοι
3660 780 3790 834 ἀνα-

2142 870 2335 942 μένειν⁹
2365 871 2469 945 πρὸ
2499 874 2605 924 τῶν
2657 873 2830 944 θυρῶν
2884 867 3158 937 ἑστήκασι,
3189 867 3323 921 κατά
3367 868 3643 930 συστάσεις
3690 870 3786 924 καὶ

2136 957 2756 1033 συλλόγους,ἀλλήλοις
2774 957 2897 1033 περὶ
2917 963 3018 1025 τῆς
3047 960 3143 1011 τοῦ
3176 956 3430 1029 Σίμωνος
3466 959 3787 1034 μοχθηρίας

2138 1044 2533 1121 διομιλοῦντες,
2569 1044 2652 1101 διὸ
2698 1049 2742 1083 9³
2776 1043 3101 1119 μετεωρίσας
3151 1043 3367 1114 αὐτοὺς,
3397 1046 3487 1099 καὶ
3533 1045 3783 1122 ὑποσχό-

2140 1157 2297 1208 μενος
2350 1136 2437 1191 ἐπὶ
2486 1132 2724 1197 πολλοῖς
2783 1156 2839 1190 σε
2892 1140 3079 1196 κακοῖς
3117 1132 3345 1189 ἐλθόντα
3373 1133 3626 1210 ἐλέγξειν,
3660 1134 3783 1189 ἐπι-

2136 1222 2456 1297 δημήσαντα
2501 1224 2681 1299 γνοὺς,
2730 1223 2940 1300 νύκτωρ
2990 1220 3224 1300 διέφυγε
3278 1222 3423 1292 πλὴν
3475 1223 3784 1296 ἐπιθυμοῦ-

2136 1335 2218 1367 σιν
2247 1314 2397 1369 αύτοὶ
2429 1312 2649 1369 ἀκοῦσαί
2681 1335 2798 1371 σου.

2208 1404 2369 1459 LXII.
2422 1403 2522 1459 Καὶ
2580 1403 2608 1455 ὁ
2668 1402 2869 1476 Πέτρος
2929 1402 3206 1474 θαυμάσας
3258 1406 3365 1456 τῶν
3426 1398 3615 1477 ὄχλων
3674 1404 3778 1470 τήν

2135 1488 2396 1564 σπουδὴν,
2448 1491 2786 1567 ἀπεκρίνατω
2838 1492 3044 1565 Ὁρᾶτε,
3096 1487 3344 1564 ἀδελφοὶ,
3393 1495 3510 1552 πῶς
3581 1492 3633 1545 οἱ
3681 1496 3783 1546 τοῦ

2134 1580 2333 1655 Κυρίου
2378 1584 2536 1653 ἡμῶν
2588 1579 2745 1655 λόγοι
2798 1580 3050 1656 ἐμφανῶς
3090 1578 3442 1635 τελειοῦνται.
3472 1581 3783 1653 Μὲμνημαι

2132 1670 2235 1744 γὰρ
2284 1668 2447 1725 αὐτοῦ
2505 1670 2809 1745 ε’ρηκότας,
2861 1668 2965 1723 ὅτι⁶
3017 1666 3228 1723 Πολλοὶ
3296 1666 3603 1724 ἐλεύσονται
3669 1670 3783 1725 ἀπὸ

2133 1758 2426 1830 ἀνατολῶν,
2510 1760 2597 1813 καὶ
2665 1756 2906 1831 δυσμῶν,
2981 1756 3071 1811 καὶ
3153 1756 3323 1833 βορῥᾶ
3401 1759 3491 1812 καὶ
3572 1757 3782 1822 θαλάσ-

2132 1869 2231 1918 σης
2304 1850 2369 1885 ⁹⁴’
2426 1849 2515 1903 καὶ
2598 1846 3047 1917 ἀνακλιθήσονται
3134 1846 3268 1919 μετά
3349 1841 3603 1921 ’Δῦραάμ
3684 1848 3779 1902 καὶ

2132 1936 2307 1990 Ἰσαὰκ
2362 1936 2450 1990 καὶ
2509 1931 2722 1995 Ἰακώϐ.
2772 1934 2944 1991 Ἀλλά
2988 1934 3077 1989 καὶ
3128 1932 3353 2002 πολλοὶ,
3404 1934 3558 2011 φησὶ,
3628 1933 3775 2006 κλη-

2129 2024 2235 2092 τοὶ,
2289 2022 2467 2099 ὀλίγοι
2518 2022 2576 2079 δὲ
2605 2022 2867 2079 ἐκλεκτοί.
2899 2024 2969 2077 Τὸ
3023 2022 3115 2095 μὲν
3167 2021 3257 2077 οὖν
3309 2021 3480 2077 ἐλθεῖν
3531 2022 3628 2078 ούκ
3676 2024 3779 2077 αύ-

2128 2116 2232 2167 τῶν
2285 2111 2423 2167 ἐστιν
2482 2110 2640 2183 ἴδιον,
2673 2112 2820 2168 ἀλλά
2871 2116 2966 2167 τοῦ
3022 2110 3355 2181 κεκληκότος
3412 2116 3566 2166 Θεοῦ·
3595 2111 3680 2166 ἐὰν
3717 2110 3781 2167 δὲ

2134 2201 2267 2271 μετά
2306 2201 2369 2255 τὸ
2417 2200 2687 2271 κληθῆναι
2734 2201 2799 2255 τὰ
2848 2201 3016 2276 ἀγαθά
3076 2198 3339 2275 πράξωσι,
3387 2205 3547 2255 τοῦτο
3593 2200 3775 2255 αὐτῶν

2133 2286 2289 2360 ξ’διον,
2320 2290 2409 2344 καὶ
2438 2297 2537 2359 τῆς
2566 2288 2950 2366 προσηκούσης
2986 2289 3253 2359 τεύξονται
3317 2286 3771 2361 μισθαποδοσίας.

2126 2382 2299 2432 Ταῦτα
2329 2378 2462 2450 εἷπε,
2494 2378 2583 2433 καὶ
2611 2379 2700 2432 τὸν
2728 2376 2898 2432 πολὺν
2930 2372 3101 2452 ὄχλον
3137 2375 3266 2432 ἰδὼν
3298 2379 3482 2452 πράως
3528 2379 3772 2453 καθάπερ

2127 2467 2336 2543 ἥσυχόν
2368 2465 2417 2522 δι
2455 2467 2626 2544 ῥεῦμα
2654 2471 2903 2538 ποταμοῦ
2935 2466 3270 2542 ἐπιρῥέοντα,
3312 2463 3414 2545 ἔφη
3462 2472 3541 2540 τῷ
3587 2470 3776 2543 Μαρο-

2131 2556 2256 2629 ώνῃ·
2283 2561 2395 2611 Ποῦ
2426 2578 2509 2611 σοι
2549 2556 2714 2618 τόπος
2747 2555 2886 2611 ἐστὶν
2920 2555 3299 2627 ἐνταῦθα,τοί›ς
3330 2552 3539 2632 ὄχλους
3564 2562 3771 2632 χωρεῖν

2129 2642 2421 2717 δυνάμενος
2453 2664 2466 2714 ;
2498 2649 2601 2697 Τοῦ
2641 2641 2699 2698 δέ
2730 2646 3025 2718 Μαροώνου
3065 2645 3141 2707 είς
3173 2640 3575 2719 κεκηπευμένον
3600 2646 3772 2701 τόπον

2126 2733 2214 2787 καὶ
2247 2733 2502 2807 ὕπαιθρον
2539 2732 2696 2787 αὑτὸν
2729 2730 2974 2809 ἄγοντος,
3002 2731 3221 2788 ε’ίποντο
3252 2733 3340 2788 καὶ
3374 2735 3425 2788 οἱ
3456 2729 3640 2809 ὄχλοι,

2197 2824 2382 2879 LXIII.
2437 2821 2596 2878 Καὶὸ
2628 2824 2831 2897 Πὲτρος
2881 2822 2967 2877 ἐπί
3012 2843 3156 2885 τινος
3206 2823 3412 2898 βάσεως
3460 2820 3775 2899 ἀνδριάντος

2126 2910 2187 2965 ού
2219 2910 2356 2965 πάνυ
2390 2912 2663 2987 μετεώρου
2711 2911 2858 2982 στὰς,
2893 2912 3005 2984 ἅμα
3050 2916 3128 2982 τῷ
3168 2912 3257 2966 τὸν
3309 2907 3480 2985 ὄχλον
3530 2906 3775 2967 θεοσεϐεῖ

2126 2995 2231 3054 ἔθει
2272 3004 2724 3074 προσαγορεῦσαι,
2751 2996 2881 3053 ’ἰδὼν
2942 2997 3189 3061 πολλοὺς
3242 3005 3349 3054 τῶν
3408 3000 3768 3073 παρεστώτων

2126 3089 2228 3143 ὑπὸ
2261 3086 2532 3160 δαιμόνων
2559 3108 2616 3141 τε
2645 3087 2733 3142 καὶ
2755 3086 2981 3143 πολλῶν
3006 3090 3048 3125 9⁸
3064 3088 3273 3163 χρόνων
3305 3086 3765 3164 ἐνοχλουμένους,

2128 3177 2431 3253 βρύχοντάς
2466 3197 2525 3231 τε
2558 3183 2669 3248 μετ’
2699 3176 2949 3251 οἰμωγῆς
2999 3177 3089 3231 καὶ
3136 3176 3434 3239 πίπτοντας
3485 3177 3615 3251 μετά
3650 3178 3767 3232 ἱκε-

372 3270 606 3342 crepitis
637 3269 729 3340 iis,
763 3268 1182 3340 silentiumque
1234 3273 1428 3324 tenere
1480 3268 1685 3339 jussis,
1721 3266 2010 3339 pollicitus

2134 3267 2256 3329 πίας.
2291 3265 2616 3337 ἐπιτιμήσας
2650 3264 2831 3327 αὐτοῖς
2861 3264 2950 3319 καὶ
2997 3266 3230 3340 ἡσυχίαν
3289 3262 3435 3341 ἔχειν
3497 3265 3766 3337 ἐπιτάξας,

373 3359 731 3414 curationem
792 3363 921 3431 post
978 3358 1245 3413 habitum
1314 3374 1661 3425 sermonem,
1720 3358 1802 3412 ita
1856 3356 2014 3427 loqui

375 3448 585 3518 cmpit:

449 3536 636 3591 LXIV.
671 3540 839 3601 Deus,
899 3537 999 3607 qui
1059 3536 1221 3593 solus
1279 3538 1465 3592 bonus
1523 3540 1629 3605 est,
1692 3539 2014 3606 cunctaque

374 3624 645 3697 praclare
679 3625 828 3692 fecit,
888 3630 1121 3696 propter
1180 3626 1427 3681 salutem
1490 3625 1716 3696 generis
1746 3623 2010 3691 humani,

373 3713 534 3769 misit
562 3714 930 3785 unigenitum
964 3713 1172 3768 Filium
1197 3730 1371 3769 suum
1405 3713 1711 3768 Dominum
1746 3716 2012 3767 nostrum

366 3805 569 3860 Jesum
603 3802 919 3870 Christum,
955 3803 1054 3873 qui
1086 3803 1137 3858 ei
1163 3802 1369 3873 placita
1402 3801 1682 3873 vulgaret,
1717 3800 2014 3873 legemque

369 3894 533 3948 daret
564 3897 837 3947 aternam
864 3910 876 3960 ;
910 3896 975 3946 ut
1005 3891 1164 3946 illam
1208 3897 1482 3962 perpetuo
1514 3892 1925 3959 custodientes,
1958 3895 2016 3944 et

371 3981 643 4053 baptizati
674 3982 732 4036 in
766 3981 1171 4036 remissionem
1222 3985 1615 4050 peccatorum,
1648 3978 1764 4034 vita
1794 3980 2012 4049 sempi—

374 4075 541 4125 terna
573 4070 874 4125 donemur.
897 4070 943 4106 99
970 4068 1267 4123 Enitimini
1290 4072 1483 4123 autem
1508 4068 1715 4139 primo,
1743 4073 1806 4124 ut
1835 4068 2015 4123 sordi-

374 4160 516 4213 dum
568 4159 977 4213 indumentum
1026 4164 1306 4227 vestrum,
1358 4157 1602 4222 scilicet,
1633 4156 2011 4223 inﬁdelitatis,

377 4247 640 4314 exuatis;
676 4248 829 4318 quod
858 4264 971 4302 non
1002 4246 1116 4302 alia
1162 4246 1385 4301 ratione
1434 4246 1677 4318 potestis
1706 4247 2012 4318 deponere,

378 4336 489 4391 nisi
524 4335 687 4408 prius
714 4335 774 4390 in
806 4336 974 4391 bonis
1019 4335 1344 4391 actionibus
1400 4334 1808 4405 baptizemini:
1843 4340 2017 4406 atque

375 4425 478 4493 ita,
513 4425 641 4497 puri
677 4442 915 4497 corpore
946 4442 1011 4480 ac
1041 4424 1238 4480 anima
1267 4425 1474 4495 eII‘ecti,
1514 4426 1706 4480 futuro
1741 4429 2015 4497 perpetuo

376 4530 552 4587 regno
574 4513 868 4570 fruemini.
892 4516 1092 4586 Itaque
1115 4529 1218 4569 nec
1238 4514 1405 4569 idolis
1424 4513 1660 4583 credite,
1682 4530 1784 4568 nec
1802 4530 2015 4568 mensa:

2122 3356 2209 3411 καὶ
2240 3356 2337 3424 τὴν
2373 3354 2508 3408 ἷάσιν
2559 3355 2691 3428 μετά
2736 3355 2797 3409 τὸ
2861 3352 3209 3430 διαλεχθῆναι
3262 3356 3766 3432 καθυποσχόμενος,

2120 3449 2216 3499 τοῦ
2247 3442 2423 3518 λέγειν
2454 3441 2654 3516 ἤρξατο
2689 3442 2881 3504 οὕτως.

2195 3535 2360 3590 LXIV
2369 3579 2381 3591 .
2411 3538 2464 3585 Ὁ
2498 3532 2662 3605 μόνος
2705 3533 2902 3608 ἀγαθὸς
2941 3533 3092 3604 Θεὸς,
3125 3535 3192 3588 τὰ
3221 3535 3393 3588 πάντα
3438 3531 3622 3595 καλῶς
3672 3555 3767 3589 πε-

2121 3623 2368 3692 ποιηκὼς
2427 3620 2514 3676 ἐπὶ
2573 3621 2814 3695 σωτηρίᾳ
2869 3626 2964 3675 τοῦ
3032 3621 3217 3697 γένους
3276 3626 3382 3677 τῶν
3442 3621 3766 3698 ἀνθρώπων,

2122 3708 2459 3781 ἐξαπέστειλε
2512 3711 2604 3765 τὸν
2671 3717 2935 3787 μονογενῆ
3014 3711 3178 3765 αὐτοῦ
3236 3711 3360 3765 Υἰὸν
3416 3712 3507 3765 τὸν
3567 3710 3765 3785 Κύριον

2120 3803 2280 3872 ἡμῶν
2332 3801 2539 3870 Ἰησοῦν
2598 3800 2938 3875 Χριστὸν,τά
2978 3798 3163 3872 ἐκείνῳ
3204 3797 3462 3855 δοκοῦντα
3523 3798 3765 3877 ἐκφάναι,

2121 3889 2209 3944 καὶ
2256 3888 2423 3962 νόμον
2475 3888 2695 3942 αἰώνιον
2737 3886 2943 3960 δοῦναι,
2969 3887 3062 3943 ’ίνα
3093 3887 3451 3966 φυλάσσοντες
3484 3889 3640 3944 αὐτὸν
3675 3886 3765 3942 διὰ

2121 3978 2338 4048 παντὸς,
2386 3977 2475 4031 καὶ
2529 3978 2900 4053 βαπτισθέντες
2952 3976 3027 4038 εἷς
3077 3978 3259 4055 ἄφεσιν
3316 3977 3610 4052 ἁμαρτιῶν,
3664 3981 3764 4046 τῆς

2121 4066 2351 4121 αἰωνίου
2386 4071 2528 4135 ζωῆς
2560 4066 3003 4139 καταξιωθῶμεν.
3036 4063 3381 4120 Σπουδάσατε
3410 4064 3469 4120 δὲ
3501 4065 3763 4142 πρότερον

2123 4153 2435 4210 ἐκδύσασθαι
2490 4156 2553 4210 τὸ
2603 4154 2836 4231 ῥυπαρὸν
2871 4156 3021 4227 ὑμῶν
3080 4152 3280 4227 ἔνδυμα
3334 4157 3432 4225 τῆς
3491 4154 3762 4223 ἀπιστίας,

2124 4244 2255 4321 ὅπερ
2287 4244 2385 4299 οὐκ
2414 4242 2601 4306 ἄλλως
2632 4241 2998 4307 ἀποδύσασθαι
3032 4242 3275 4314 δύνασθε,
3308 4243 3353 4299 εί
3388 4245 3461 4317 μὴ
3501 4244 3761 4320 πρότερον

2124 4333 2212 4389 ἐπὶ
2269 4331 2462 4395 καλαῖς
2516 4331 2735 4409 πράξεσι
2799 4333 3143 4407 βαπτισθῆτεσ
3200 4333 3290 4387 καὶ
3347 4333 3489 4387 οὕτω
3536 4334 3763 4409 καθαροί

2124 4423 2334 4496 σώματι
2366 4422 2453 4477 καὶ
2486 4425 2639 4497 ψυχῇ
2671 4420 2975 4495 γενόμενοι,
3006 4428 3105 4489 τῆς
3139 4420 3401 4495 ἐσομένης
3432 4418 3611 4476 ἀϊδίου
3668 4422 3765 4497 βα-

2127 4511 2331 4573 σιλείας
2389 4508 2739 4565 ἀπολαύσετε.
2803 4511 2956 4580 Μήτε
3011 4507 3101 4563 οὖν
3157 4508 3407 4572 εἰδώλοις
3465 4510 3764 4578 πιστεύετε,

375 4620 577 4661 eorum
607 4603 921 4675 participes
943 4607 1126 4659 estote
1155 4621 1168 4672 ;
1192 4619 1305 4658 non
1334 4602 1613 4669 occidite;
1648 4619 1761 4657 non
1793 4602 2014 4657 adulte-

2134 4602 2267 4673 μήτε
2320 4598 2589 4673 τραπέζης
2648 4598 2821 4653 αὐτῶν
2882 4603 3192 4653 κοινωνεῖτε
3224 4602 3310 4636 ¹⁰⁰ο
3368 4600 3444 4671 μή
3494 4598 3763 4676 φονεύετε,

377 4697 522 4759 rate,
556 4710 670 4747 non
703 4693 941 4763 ﬂagrate
971 4691 1101 4747 odio
1134 4697 1376 4759 mutuo;
1413 4708 1517 4747 nec
1548 4691 1767 4746 furtum
1804 4692 2009 4760 facite;

376 4798 565 4852 neque
594 4783 833 4837 omnino
864 4780 1250 4853 aggredimini
1278 4780 1395 4835 ulla
1426 4796 1602 4852 prava
1633 4781 1906 4836 lacinora.

448 4870 597 4926 LXV.
647 4872 776 4926 Haec
832 4887 967 4926 cum
1028 4870 1287 4937 dixisset,
1349 4874 1522 4941 atque
1580 4887 1648 4925 ex
1702 4869 2016 4941 Scripturis

373 4960 701 5015 monuisset
731 4958 938 5023 multa,
962 4975 1166 5014 omnes
1187 4963 1670 5029 permanserunt;
1696 4958 1791 5013 alii
1825 4963 1888 5012 ut
1916 4975 2013 5013 cu-

374 5052 662 5117 rarentur,
697 5048 794 5104 alii
826 5052 890 5103 ut
919 5048 1179 5103 viderent
1202 5064 1301 5103 eos
1327 5048 1422 5120 qui
1459 5048 1766 5103 sanitatem
1799 5048 2015 5119 recipe-

374 5141 524 5191 rent.
559 5137 761 5192 Petrus
793 5143 987 5192 autem
1010 5136 1293 5191 duntaxat
1312 5136 1622 5209 imponens
1644 5136 1760 5191 illis
1782 5153 2012 5204 manus,

374 5229 431 5280 et
457 5229 880 5298 comprecatus,
916 5224 1229 5296 unicuique
1272 5225 1702 5281 immunitatem
1749 5242 1782 5281 a
1813 5226 2015 5282 morbo

2129 4691 2202 4761 μή
2237 4687 2543 4764 μοιχεύετε,
2578 4688 2652 4761 μή
2690 4692 2894 4760 μισεῖτε
2950 4684 3254 4757 ἀλλήλους,
3292 4687 3429 4761 μηδὲ
3486 4686 3763 4759 κλέπτετε,

2129 4774 2267 4850 μηδὲ
2295 4782 2485 4840 κακαῖς
2514 4797 2618 4830 τισι
2650 4776 2899 4852 πράξεσιν
2932 4774 3077 4837 ὅλως
3110 4774 3457 4851 ἐπιχειρεῖτε.

2197 4871 2358 4925 LXV.
2389 4872 2561 4921 Ταυτα
2592 4866 2836 4927 εἰπόντος
2866 4865 3055 4934 αὐτοῦ,
3083 4866 3171 4920 καὶ
3224 4866 3331 4920 ἀπὸ
3380 4872 3487 4921 τῶν
3539 4870 3760 4944 Γραφῶν

2123 4956 2309 5012 πολλά
2358 4955 2795 5031 παραινέσαντος,
2842 4956 2895 5009 οἱ
2944 4954 3139 5016 πάντες
3187 4960 3531 5030 παρέμειναν,
3564 4956 3616 5009 οἱ
3669 4955 3762 5027 μὲν

2123 5052 2218 5102 τοῦ
2248 5048 2635 5121 θεραπευθῆναι
2668 5047 2849 5121 χάριν,
2884 5046 2935 5099 οἱ
2968 5042 3025 5099 δὲ
3048 5048 3149 5099 τοῦ
3176 5045 3457 5120 ἱστορῆσαι
3487 5043 3614 5105 τοὺς
3661 5044 3765 5113 της

2123 5135 2403 5213 θεραπείας
2437 5135 2809 5210 ἐπιτυχόντας.
2840 5135 2896 5187 Ὁ
2927 5132 2985 5188 δὲ
3034 5133 3239 5209 Πέτρος
3286 5134 3378 5195 τὰς
3419 5138 3605 5207 χεῖρας
3668 5132 3767 5186 αύ-

2123 5231 2238 5288 τοῖς
2299 5225 2502 5289 ἐπιθεὶς
2563 5223 2743 5297 μόνον,
2786 5224 2874 5278 καὶ
2932 5222 3384 5298 προσευξάμενος,
3430 5221 3528 5290 τήν
3588 5218 3765 5275 ἀπαλ-

1724 5424 1963 5480 VARI/E
2001 5424 2413 5482 LECTIONES.

446 5563 490 5599 9³
540 5562 615 5618 al.
661 5560 763 5614 ὅτι.

374 5638 482 5692 tes.
516 5635 645 5709 Go'r.
722 5634 765 5668 νδ
799 5634 997 5709 Matth.
1030 5652 1153 5709 vin,
1186 5638 1246 5690 11
1277 5655 1289 5703 ;
1325 5634 1456 5709 ιιυοῖ
1475 5655 1613 5709 xm,
1636 5639 1730 5709 _2_9.

861 5563 905 5597 9‘
956 5561 1054 5617 Καὶ
1108 5561 1381 5634 θαλάσσης
1432 5554 1532 5638 pro
1580 5562 1667 5619 καὶ
1717 5564 1894 5622 νότου.
1949 5567 2086 5622 Luc.
2136 5583 2259 5635 xm,
2292 5569 2382 5632 29,
2413 5582 2480 5619 ex

861 5636 997 5690 atth.
1030 5652 1153 5694 vm.
1186 5638 1246 5690 11
1277 5655 1289 5694 ;
1325 5638 1456 5693 Luc.
1488 5655 1613 5694 xm.
1643 5639 1730 5691 29.
1808 5640 1852 5674 ⁹⁶
1884 5639 2087 5694 Matth.
2120 5656 2213 5694 xx.
2248 5639 2332 5693 16.
2410 5638 2452 5671 9⁷

1943 5656 2087 5694 auo.
2120 5656 2213 5704 xx,
2248 5656 2332 5693 10.

2569 5562 2737 5618 salm.
2788 5578 2897 5627 cn,
2953 5564 3007 5630 3,
3054 5563 3154 5618 ubi
3202 5563 3432 5618 videndi
3484 5562 3778 5632 Interpre-

2410 5638 2452 5671 97
2486 5632 2767 5703 Clement,
2812 5635 3234 5707 bom._vm,_c.
3288 5636 3342 5704 8,
3384 5640 3491 5691 etc.
3543 5634 3688 5701 Rea,
3723 5632 3763 5689 l.

376 5724 450 5787 ιν,
485 5726 533 5766 c.
564 5707 620 5779 7,
653 5709 762 5764 etc.
838 5706 880 5743 ’⁸
910 5706 965 5763 al
994 5703 1217 5763 πολλῶν
1245 5708 1429 5763 παθῶν
1471 5707 1530 5765 ἐκ
1558 5703 1806 5767 πολλῶν.
1883 5711 1928 5747 9°
1958 5703 2243 5780 Clamant,
2276 5708 2433 5767 hom.
2466 5721 2585 5781 vm,
2611 5722 2737 5781 cap.
2769 5706 2860 5763 23.
2941 5705 3007 5744 ¹⁰⁰
3036 5703 3335 5765 al.'inser.
3366 5707 3581 5782 μιαρᾶς.
