4148 6342
210 365 336 437 517

970 348 1491 431 CLEMENTINA.
1529 401 1608 414 —
1640 345 1989 430 errrem:
2037 366 2136 428 DE
2182 353 2452 438 cEs'ns
2498 351 2561 429 si
2614 369 2868 431 perm.

3496 374 3615 433 518

213 507 396 581 λαγήν
426 505 630 576 ἑκάστῳ
674 506 771 557 τοῦ
813 501 1017 562 πάθους
1066 501 1369 576 παρέσχετο
1397 519 1409 531 ·
1469 499 1544 561 ὡς
1592 500 1716 561 τοὺς
1770 499 1860 572 μὲν

1996 501 2223 555 )rzebuit
2255 519 2266 556 :
2301 502 2442 557 adeo
2473 505 2538 556 ut
2568 501 2664 574 qui
2699 502 2894 558 subito
2925 503 3108 558 curati
3169 503 3419 572 fuerant,
3450 522 3615 563 sum-

215 597 565 671 παραχρῆμα
640 589 1056 668 θεραπευθέντας
1117 594 1130 626 ¹
1193 589 1594 662 ὑπερθαυμάσαι
1669 609 1728 642 τε
1773 588 1862 642 xui

217 682 376 754 δόξαν
409 683 542 758 ὑπὲρ
572 679 768 736 τούτου
812 684 1184 754 προσενεγκεῖν
1225 682 1303 749 τῷ
1350 671 1726 748 Θεῴ.Βεϐαίως
1775 674 1866 730 οὖν

216 773 600 832 πιστεύσαντες
628 771 740 844 ἅμα
785 773 900 830 τοῖς
945 768 1364 842 θεραπευθεῖσιν,
1408 764 1495 820 ἐπὶ
1518 765 1585 820 τὰ
1614 766 1813 820 ἑαυτῶν
1845 767 1865 800 ²

220 861 462 934 ἀπῄεσαν
513 865 676 916 τοῦτο
723 853 978 918 λαϐόντες
1026 853 1276 924 ἐντολὴν,
1327 854 1464 910 ὥστε
1509 854 1865 931 πρωῖαίτερον

219 949 502 1014 συνελθεῖν
512 994 525 1006 .

299 1041 479 1097 LXVI.
514 1043 592 1112 Τῇ
624 1035 715 1092 οὖν
765 1035 988 1110 ἐπιούσῃ
1019 1037 1046 1090 ὁ
1069 1034 1274 1107 Πέτρος
1321 1035 1434 1107 ἅμα
1479 1038 1596 1096 τοῖς
1624 1037 1868 1087 συνοῦσιν

220 1129 462 1202 ἑταίροις
511 1127 685 1198 ἐξιὼν,
732 1125 819 1180 xui
872 1124 959 1180 ἐπὶ
1015 1125 1106 1178 τὸν
1162 1123 1326 1177 τόπον
1378 1121 1542 1176 πάλιν
1585 1121 1777 1178 ἐλθών·
1813 1123 1869 1174 Ὁ

219 1217 375 1289 Θεός,
435 1215 588 1292 ἔλεγε
641 1216 778 1289 πρὸς
836 1213 1055 1281 αὐτοὺς,
1110 1214 1284 1267 πάντα
1341 1210 1593 1266 δύναται.
1646 1216 1872 1271 Ἐκεῖνος

221 1308 332 1382 γάρ
383 1305 526 1359 ἐστιν
575 1304 774 1380 ἀγαθὸς
819 1303 909 1357 καὶ
957 1299 1283 1364 δίκαιος,καὶ
1332 1305 1419 1354 νῦν
1469 1299 1556 1354 ἐπὶ
1604 1306 1733 1354 πᾶσι
1769 1321 1875 1372 μαε-

217 1396 538 1472 κροθυμῶν,
586 1390 678 1446 ’ίνα
725 1393 778 1445 oi
829 1389 1155 1466 βουλόμενοι
1188 1388 1268 1466 ἐφ’
1299 1391 1384 1450 οἷς
1432 1387 1658 1462 ἔπραξαν
1686 1393 1873 1448 κακοῖς

223 1481 715 1556 μεταμεληθέντες,
746 1480 835 1534 xui
877 1480 1012 1534 κατὰ
1043 1480 1106 1533 τὸ
1145 1478 1364 1554 ἀρέσκον
1393 1478 1538 1550 αὐτῷ
1564 1478 1873 1552 βιώσαντες,

221 1571 276 1626 ἐν
313 1569 496 1647 ἡμέρᾳ
523 1569 561 1644 ᾖ
589 1570 656 1624 τὰ
690 1571 862 1624 πάντα
899 1567 1132 1644 κρίνεται
1163 1565 1257 1639 [ἷίσ.
1288 1568 1593 1642 κρινεῖται],
1625 1571 1730 1620 τῶν
1765 1581 1879 1620 κατ’

220 1661 375 1730 ἀξίαν
431 1657 655 1720 ἕκαστος
714 1655 1014 1730 ἀπολαύσῃ.
1075 1657 1168 1710 Διὸ
1214 1660 1304 1709 νῦν
1355 1653 1579 1731 ἅρξασθε
1621 1656 1875 1728 γνώσεως

224 1749 461 1822 ἀγαθῆς,
521 1752 636 1818 Θεῷ
690 1746 1048 1818 πειθόμενοι,
1104 1743 1397 1820 ἀντιλέγειν
1455 1749 1575 1805 ταῖς
1628 1744 1877 1798 έαυτῶνδ

1974 605 2206 659 mepere
2237 591 2606 657 mirarentur,
2632 590 2930 663 simulque
2959 591 3206 664 gloriam
3240 593 3355 648 Deo
3388 611 3490 665 pro
3549 613 3617 650 ea

1974 695 2034 732 re
2065 679 2354 734 olferrent.
2388 679 2528 734 Cum
2560 695 2695 751 ergo
2738 679 2982 735 ﬁrmiter
3030 680 3441 749 credidissent,
3499 700 3618 738 una

1977 784 2108 822 cum
2145 767 2217 822 iis
2251 768 2348 838 qui
2394 769 2615 823 sancati
2677 769 2926 832 fuerant,
2954 770 3025 824 ad
3069 786 3176 824 sua
3203 769 3495 838 abierunt,
3555 772 3616 828 in

1980 856 2270 911 mandatis
2300 855 2671 928 accipientes,
2705 863 2768 911 ut
2794 858 3081 912 maturius
3109 859 3501 916 convenirent.

2057 1033 2239 1089 LXVI.
2271 1033 2548 1104 Sequenti
2580 1049 2714 1105 ergo
2744 1033 2836 1088 die
2867 1034 3068 1090 Petrus
3101 1052 3216 1090 una
3246 1053 3378 1092 cum
3405 1039 3618 1095 sodali-

1985 1124 2095 1178 bus
2127 1122 2223 1194 qui
2256 1139 2386 1176 cum
2417 1139 2482 1176 eo
2513 1133 2680 1176 erant
2703 1138 2998 1194 egressus,
3031 1141 3350 1197 rursusque
3373 1128 3441 1182 ad
3483 1145 3618 1184 cum

1985 1212 2174 1267 locum
2207 1211 2464 1275 veniens,
2498 1212 2644 1265 dixit
2673 1211 2742 1265 ad
2775 1228 2910 1266 eos:
2947 1213 3099 1268 Deus
3131 1217 3328 1269 omnia
3359 1222 3546 1287 potest
3573 1220 3616 1273 ³.

1987 1301 2040 1356 Is
2072 1301 2227 1356 enim
2260 1305 2349 1354 est
2377 1301 2567 1355 bonus
2595 1300 2907 1370 acjustus,
2965 1318 3237 1374 nuncque
3287 1305 3344 1360 in
3377 1311 3618 1362 cunctos

1985 1389 2244 1458 patiens;
2275 1393 2338 1443 ut
2367 1389 2466 1460 qui
2499 1388 2807 1444 voluerint.
2839 1391 3176 1460 poenitentia
3205 1393 3274 1446 de
3302 1393 3470 1448 malis
3495 1411 3526 1448 a
3558 1411 3619 1450 se

1987 1477 2317 1534 commissis
2347 1482 2491 1543 acta,
2517 1483 2572 1532 et
2592 1478 2709 1532 vita
2739 1479 3062 1534 secundum
3095 1481 3151 1534 id
3171 1482 3322 1552 quod
3351 1482 3400 1536 ei
3435 1482 3622 1554 placet

1985 1572 2301 1634 transacta,
2333 1566 2546 1638 singuli
2578 1566 2636 1621 in
2669 1568 2761 1622 die
2802 1585 2916 1639 quo
2949 1569 3219 1624 universa
3267 1571 3619 1640 judicaban-

1985 1661 2080 1711 tur
2110 1673 2210 1727 pro
2243 1655 2447 1710 merito
2480 1655 2817 1726 percipiant.
2851 1658 2873 1690 ⁴
2904 1659 3264 1729 Quapropter
3287 1676 3441 1715 nunc
3478 1659 3622 1716 inci-

1987 1746 2123 1817 pite,
2154 1745 2306 1800 bona
2335 1745 2685 1816 cognitione,
2718 1763 2751 1799 a
2788 1746 2896 1800 Deo
2926 1747 3211 1815 persuasi,
3243 1748 3450 1803 vestris
3490 1751 3624 1804 resi-

224 1838 453 1898 ἀτόποις
533 1835 845 1909 ἐπιθυμίαις
878 1879 893 1905 ,
946 1831 1036 1888 ⁹ίνα
1110 1831 1378 1904 δυνηθῆτε
1451 1831 1872 1896 ἀνακαλέσασθαι

1996 1840 2139 1890 atere
2160 1833 2434 1888 absurdis
2456 1834 2904 1904 cupiditatibus;
2936 1851 3051 1904 quo
3083 1836 3320 1907 possitis
3349 1837 3619 1908 primam,

224 1928 332 1995 τήν
379 1925 606 2000 πρώτην
665 1929 734 1998 τῇ
810 1922 1188 1999 ἀνθρωπότητι
1265 1927 1589 1995 νεμηθεῖσαν
1664 1923 1825 1997 χάριν
1860 1965 1872 1976 .

226 2014 388 2068 Οὕτω
416 2014 519 2090 γάρ
552 2014 676 2086 ὑμῖν
728 2012 951 2083 ἐξαυτῆς
1002 2009 1249 2066 ἀνατελεῖ
1294 2011 1361 2064 τά
1406 2010 1576 2083 ἀγαθά
1603 2029 1615 2041 ⁸
1661 2010 1749 2064 καὶ
1797 2015 1876 2081 τῷ

227 2101 498 2158 δεδωκότι
531 2105 552 2139 ⁸
601 2102 1018 2178 εὐχαριστήσετε
1047 2104 1066 2137 ⁷
1111 2099 1186 2162 εἰς
1246 2099 1327 2153 ἀεὶ
1384 2104 1490 2153 τῶν
1552 2098 1876 2175 ἀπορῥήτων

229 2190 604 2253 ἀπολαύοντες
667 2191 877 2266 ἀγαθῶν
908 2235 926 2263 ,
985 2186 1424 2262 ἀπολουσάμενοι
1494 2194 1562 2257 τῆ
1647 2186 1882 2262 μακαρίᾳ

228 2288 336 2350 τῆς
368 2277 596 2356 Τριάδος
640 2278 922 2349 ἐπικλήσει
966 2277 1251 2352 πρότερον,
1304 2273 1358 2331 εἷ’
1379 2298 1460 2338 τις
1503 2274 1690 2346 κηλὶς,
1723 2273 1880 2336 εἶ’τις

232 2369 438 2430 σπῖλος
474 2375 591 2430 ταῖς
646 2368 927 2444 ὑμετέραις
979 2364 1293 2434 ἐπιπολάζει
1327 2369 1553 2442 ψυχαῖς.
1584 2364 1736 2418 Οὕτω
1782 2364 1881 2440 γὰρ

234 2459 305 2513 οὐ
339 2459 503 2530 μόνον
546 2459 614 2512 τά
662 2457 1071 2532 ἐνδομυχοῦντα
1099 2457 1120 2492 ⁸
1148 2454 1426 2528 πνεύματα
1470 2455 1594 2527 ὑμῖν
1644 2451 1883 2508 ἀποδιῶ-

238 2548 325 2618 ξαι
360 2545 666 2616 δυνήσεσθε,
715 2545 860 2600 ἀλλὰ
905 2546 996 2600 καὶ
1043 2546 1111 2599 τὰ
1158 2543 1359 2618 ἑτέροις
1408 2542 1737 2618 ἐνοχλοῦντα
1769 2541 1882 2598 δαι-

244 2637 438 2710 μόνια,
496 2636 585 2689 σὺν
637 2639 754 2696 τοῖς
813 2633 1006 2696 ἄλλοις
1063 2633 1280 2688 πάθεσιν
1341 2632 1660 2689 ἀπελάσετε.
1714 2638 1887 2688 Ταῦτα

243 2725 437 2795 εἰπὼν,
468 2729 587 2785 τοῖς
637 2723 740 2777 ὑπό
788 2744 949 2777 τινων
995 2726 1176 2786 παθῶν
1213 2720 1576 2796 ὀχλουμένοις
1615 2720 1884 2776 ἐκέλευσεν

241 2814 396 2885 αὖτῷ
444 2812 741 2888 προσιέναι”
787 2811 876 2866 καὶ
922 2816 1113 2887 χεῖρας
1172 2809 1354 2870 αὐτοῖς
1413 2809 1633 2880 ἐπιθεὶς,
1681 2810 1769 2864 καὶ
1802 2810 1887 2882 ἐξ-

241 2905 414 2971 αυτῆς
472 2900 756 2972 ἰασάμενος
791 2944 804 2969 ,
858 2897 1158 2954 ἐνετείλατο
1211 2902 1253 2936 ¹⁰
1285 2898 1649 2975 ὀρθριαίτερον
1705 2898 1888 2953 συνελ-

238 2993 354 3045 θεῖν
366 3033 377 3044 .

315 3081 526 3137 LXVII.
576 3084 651 3149 Τῆ
702 3075 759 3133 δὲ
800 3077 954 3152 τρίτῃ
994 3076 1174 3153 ἡμέρᾳ
1222 3075 1344 3152 περὶ
1388 3071 1579 3154 ὄρθρον
1608 3077 1829 3138 ἀναστὰς
1859 3078 1886 3132 ὁ

238 3167 472 3241 Πέτρος,
503 3167 592 3222 xui
621 3167 1072 3242 προσευξάμενος,
1107 3165 1360 3235 έκαθέσθη
1397 3185 1411 3198 ’
1444 3166 1590 3238 ἡμᾶς
1642 3164 1699 3220 δὲ
1740 3187 1888 3242 περι-

234 3257 633 3329 καθεζομένους
667 3303 680 3327 ,
741 3257 829 3311 καὶ
907 3257 981 3317 εἱς
1040 3254 1198 3309 αὐτὸν
1265 3255 1598 3324 ἆτενίζοντης
1636 3301 1648 3325 ,
1709 3254 1885 3331 ὥσπερ
1918 3229 1960 3296 C

233 3346 469 3401 ἀκοῦσαί
517 3366 568 3399 τι
625 3344 1017 3421 βουλομένους,
1065 3344 1256 3416 συνεὶς,
1311 3343 1432 3421 ἔφη’
1484 3345 1602 3419 Πρὸ
1650 3346 1886 3416 πάντων,

232 3438 281 3489 ὦ
314 3433 497 3510 φίλοι,
529 3435 557 3488 ὁ
589 3435 714 3489 Θεὸν
743 3428 916 3488 σέϐειν
949 3433 1294 3509 αἱρούμενος,
1318 3430 1513 3488 εἰδέναι
1546 3432 1774 3510 ὀφείλει,
1806 3429 1886 3488 ὅτι

232 3525 288 3578 έν
350 3523 529 3598 τρισὶν
585 3523 933 3577 ὑποστάσεσιν
992 3523 1149 3583 οὗτος
1210 3525 1255 3558 ¹²
1303 3521 1643 3597 γνωρίζεται*
1693 3518 1890 3577 ἔστιδὲ

235 3611 385 3668 ἴδιον
448 3611 613 3666 αὐτοῦ
669 3611 759 3665 καὶ
817 3610 1078 3686 ἐξαίρετον
1113 3657 1127 3680 ,
1183 3610 1246 3664 τὸ
1301 3611 1514 3664 πάντων
1580 3611 1886 3684 κτισμάτων

237 3703 382 3757 εἶναι
419 3698 755 3776 δημιουργὸς
804 3703 868 3770 ¹⁸,
918 3699 1090 3754 πάντα
1138 3700 1426 3775 περιέχων,
1478 3700 1651 3754 πάντα
1689 3722 1748 3755 τε
1792 3722 1886 3755 πε-

234 3790 531 3868 ριορίζων,
561 3789 635 3851 ὡς
683 3789 814 3865 ὑπὲρ
861 3787 1036 3844 πάντα
1085 3786 1180 3852 ὢν,
1215 3788 1302 3842 καὶ
1344 3790 1516 3842 πάντα
1549 3786 1889 3866 δημιουργή-

234 3901 359 3942 σας.
394 3882 572 3933 Ταῦτα
597 3878 784 3949 εἰπὼν,
815 3878 903 3933 καὶ
934 3875 1117 3932 πολλά
1145 3877 1266 3952 περὶ
1297 3872 1598 3940 θεοσεϐείας
1651 3875 1885 3948 διδάξας,

234 3969 496 4025 ἐκέλευσε
513 3967 640 4028 τοὺς
671 3964 1060 4040 δαιμονῶντας,
1091 3966 1180 4020 καὶ
1209 3966 1390 4028 νόσοις
1437 3966 1543 4020 τισί
1583 3966 1885 4038 κατειλημ-

234 4058 440 4132 μένους
490 4057 637 4128 αὐτῷ
691 4054 1079 4134 προσφέρεσθαι
1115 4074 1128 4087 ο
1188 4057 1584 4130 προσενεχθεῖσι
1662 4052 1719 4109 δὲ
1789 4055 1886 4117 τάς

227 4153 432 4224 χεῖρας
483 4144 706 4216 ἐπιθεὶς,
754 4145 843 4199 xui
891 4145 1358 4217 προσευξάμενος,
1409 4142 1667 4198 ἀπέλυσεν
1716 4143 1887 4219 ὑγιαί-

227 4256 447 4296 νοντας.

310 4325 560 4382 LXVIII.
591 4327 666 4397 Τῇ
701 4320 758 4378 δὲ
787 4321 1012 4398 ἐπιούσῃ
1043 4323 1208 4378 πάλιν
1238 4324 1418 4398 ἡμέρᾳ
1448 4319 1746 4395 διαναστὰς,
1793 4324 1882 4379 καὶ

228 4412 698 4490 προσευξάμενος,
747 4411 858 4466 εἶτα
898 4413 988 4466 καὶ
1037 4411 1127 4466 σὺν
1185 4413 1318 4483 ἡμῖν
1367 4411 1663 4479 καθεσθεὶς,
1707 4411 1885 4488 λέγειν

230 4500 447 4577 ἤρξατο
479 4499 672 4562 οὕτως’
719 4499 818 4554 Τὸν
872 4497 1142 4572 μέλλοντα
1188 4499 1463 4574 προσιέναι
1507 4504 1585 4571 τῷ
1623 4505 1739 4572 θεῷ
1768 4504 1879 4578 χρὴ

1987 1940 2118 1994 qua
2138 1922 2394 1977 humano
2425 1921 2620 1993 generi
2655 1923 2874 1976 tributa
2905 1923 3032 1990 fuit,
3057 1924 3308 1994 gratiam
3333 1942 3618 1982 revocare

1986 2012 2263 2087 Sic‘enim
2304 2010 2466 2066 vobis
2496 2011 2772 2066 continuo
2810 2014 3072 2066 orientur
3105 2014 3254 2068 bona
3287 2032 3301 2082 ;
3330 2019 3387 2070 et
3415 2015 3466 2070 ei
3523 2018 3624 2088 qui

1988 2085 2148 2155 dedit
2176 2100 2363 2171 agetis
2394 2099 2610 2171 gratias
2644 2104 2940 2170 perpetuo,
2972 2100 3287 2157 ineffabilia
3318 2103 3468 2158 bona
3490 2085 3625 2177 pos-

1990 2189 2282 2254 sidentes;
2318 2188 2497 2242 abluti
2531 2188 2694 2259 prius
2733 2189 2789 2242 in
2822 2189 2991 2244 beata
3045 2189 3346 2246 Trinitatis
3395 2209 3625 2248 invoca-

1990 2278 2166 2342 tione,
2203 2277 2248 2331 si
2283 2276 2413 2348 quis
2444 2293 2660 2346 naevus,
2689 2277 2737 2332 si
2781 2295 2908 2349 quas
2941 2278 3169 2334 macula
3201 2280 3257 2334 in
3317 2281 3626 2339 animabus

1991 2367 2198 2421 vestris
2219 2370 2423 2420 exstet.
2460 2366 2543 2421 Ita
2584 2383 2857 2438 namque,
2914 2383 3026 2422 non
3085 2367 3274 2441 solum
3332 2370 3626 2428 latitantes

1993 2457 2054 2510 in
2084 2455 2246 2509 vobis
2277 2454 2519 2526 spiritus
2549 2455 2830 2527 expellere
2860 2457 3141 2526 poteritis,
3173 2458 3273 2513 sed
3304 2464 3360 2514 et
3415 2461 3628 2516 daemo-

1995 2544 2092 2598 nia
2123 2543 2266 2598 alios
2283 2543 2616 2598 infestantia
2639 2544 3158 2617 perpessionesque
3173 2546 3319 2602 alias
3339 2548 3627 2622 abigetis’.

1995 2633 2131 2696 Quae
2161 2637 2470 2704 postquam
2503 2631 2766 2699 dixisset,
2812 2650 2910 2689 eos
2941 2635 3039 2706 qui
3073 2635 3367 2708 aliquibus
3395 2640 3629 2710 aegritu-

1996 2722 2232 2776 dinibus
2261 2722 2616 2776 vexabantur
2643 2722 2714 2776 ad
2744 2739 2805 2778 se
2835 2724 3017 2793 jussit
3045 2725 3314 2781 accedere
3339 2743 3351 2780 :
3387 2726 3628 2799 imposi-

1996 2813 2188 2882 tisque
2221 2810 2489 2866 manibus
2539 2827 2716 2882 super
2770 2827 2890 2879 eos,
2948 2828 3081 2868 cum
3139 2812 3270 2870 illos
3324 2817 3629 2872 confestim

1997 2905 2283 2965 sanasset,
2317 2899 2587 2971 praecepit
2615 2905 2680 2955 ut
2711 2901 2914 2972 majori
2939 2917 3111 2958 mane
3131 2905 3522 2962 convenirent.

2068 3077 2280 3133 LXVII.
2313 3077 2505 3133 Tertio
2553 3082 2748 3134 autem
2800 3078 2893 3134 die
2949 3079 3154 3136 Petrus
3206 3081 3461 3139 diluculo
3492 3101 3627 3139 sur-

1999 3167 2164 3234 rexit,
2195 3167 2462 3238 factaque
2493 3183 2660 3238 prece
2689 3167 2869 3223 sedit:
2902 3173 2959 3224 et
2999 3169 3466 3227 animadvertens
3525 3190 3631 3229 nos

1998 3256 2749 3328 circumsedere,oculisque
2769 3256 3006 3316 intentis
3025 3274 3157 3313 eum
3179 3259 3631 3332 aspicere,quasi

1999 3344 2220 3416 aliquid
2272 3345 2472 3399 audire
2503 3346 2824 3416 cupientes,
2857 3346 3002 3400 dixit
3026 3347 3068 3382 ¹¹
3103 3364 3116 3402 :
3167 3349 3310 3403 Ante
3352 3349 3567 3415 omnia,
3599 3366 3632 3404 o

1999 3433 2192 3502 amici,
2226 3434 2274 3488 is
2303 3433 2402 3504 qui
2437 3434 2618 3489 Deum
2670 3433 2854 3488 colere
2900 3435 3042 3502 vult,
3075 3437 3222 3492 scire
3255 3437 3445 3507 debet,
3478 3440 3632 3510 quod
3663 3485 3665 3488 .

1999 3523 2094 3578 ille
2123 3523 2180 3577 in
2216 3522 2402 3578 tribus
2433 3521 2694 3592 personis
2725 3523 3125 3594 cognoscitur;
3184 3525 3482 3597 praprium
3527 3545 3636 3584 au-

1996 3617 2111 3667 tem
2146 3611 2303 3666 illius
2333 3628 2399 3666 ac
2432 3610 2786 3682 praecipuum
2810 3616 2917 3676 est,
2949 3612 3212 3668 omnium
3236 3619 3636 3672 creaturarum

1998 3717 2126 3756 esse
2156 3701 2443 3771 opificem,
2477 3699 2677 3754 omnia
2706 3700 3022 3767 continere,
3053 3702 3368 3774 omniaque
3433 3705 3638 3760 termi-

1997 3806 2155 3854 nare,
2191 3793 2254 3843 ut
2283 3788 2382 3860 qui
2411 3805 2586 3859 super
2610 3789 2809 3844 omnia
2836 3789 2934 3858 sit,
2982 3795 3306 3862 cunctaque
3363 3792 3633 3849 eii‘ecerit.

1998 3879 2097 3933 His
2128 3878 2322 3945 dictis,
2357 3876 2670 3948 multisque
2701 3877 2772 3932 de
2797 3878 3009 3948 pietate
3038 3895 3175 3952 erga
3229 3880 3410 3936 Deum
3461 3899 3634 3954 expo-

1995 3968 2126 4023 sitis
2150 3969 2215 4034 ¹⁴,
2231 3966 2412 4038 jussit
2428 3967 2875 4033 daemoninacos,
2902 3973 2958 4022 et
2979 3967 3194 4023 morbis
3216 3976 3530 4042 occupatos
3561 3973 3632 4026 ad

1996 4073 2058 4113 se
2088 4056 2336 4112 adduci:
2399 4056 2612 4128 quibus
2643 4056 2875 4124 oblatis,
2911 4073 3120 4112 manus
3174 4057 3505 4131 imponens,
3565 4077 3632 4116 ac

1993 4152 2284 4220 precatus,
2308 4145 2628 4201 incolumes
2656 4144 2899 4200 dimisit.

2065 4325 2299 4379 LXVIII.
2379 4323 2629 4379 Rursum
2700 4327 2891 4379 autem
2969 4325 3233 4395 sequenti
3289 4326 3382 4383 die
3428 4343 3628 4384 exsur-

1991 4430 2154 4486 gens,
2188 4419 2244 4467 et
2269 4416 2688 4483 comprecatus,
2749 4429 2880 4467 cum
2933 4413 3141 4469 deinde
3171 4415 3478 4471 nobiscum
3537 4433 3629 4472 se-

1993 4504 2192 4569 disset,
2217 4503 2374 4557 hunc
2396 4502 2452 4555 in
2478 4502 2713 4557 modum
2737 4501 2907 4572 coepit
2928 4501 3085 4573 loqui
3107 4520 3126 4556 :
3151 4504 3193 4538 ¹⁵
3221 4503 3325 4566 Qui
3350 4505 3420 4559 ad
3445 4510 3627 4561 Deum

228 4593 454 4667 νήφειν,
487 4590 602 4664 χρὴ
651 4594 964 4668 σωφρονεῖν,
1016 4587 1181 4663 ὀργῆς
1221 4594 1456 4664 κρατεῖν,
1506 4588 1772 4664 ἀλλότρια
1807 4593 1880 4664 μὴ

1996 4592 2261 4648 accedere
2309 4591 2620 4654 desiderat,
2651 4589 2881 4646 sobrius
2911 4607 3041 4646 esse
3072 4593 3262 4658 debet,
3292 4593 3462 4648 debet
3515 4594 3628 4650 sibi

227 4680 628 4757 νοσφίζεσθαι,
688 4675 908 4738 δικαίως
971 4677 1121 4752 βιοῦν
1157 4723 1170 4748 ,
1228 4676 1521 4747 ἐπιεικῶς,
1580 4677 1882 4750 εὐσταθῶς,

228 4768 454 4844 πράως
509 4764 756 4836 κολάζειν
813 4766 996 4821 ἑαυτὸν
1056 4768 1099 4802 ¹⁶
1152 4765 1202 4820 ἐν
1253 4772 1368 4828 ταῖς
1423 4764 1669 4836 ἐνδείαις,
1722 4768 1757 4836 ἢ
1809 4770 1884 4840 μὴ

229 4857 450 4933 ἔχοντα
481 4856 665 4930 ἑτέρου
709 4853 1044 4932 ἀφελόμενον
1090 4857 1429 4928 κορεσθῆναι·
1477 4857 1706 4930 καθαρὸν
1754 4857 1884 4911 εἶναι

221 4954 302 5017 τῆ
342 4941 558 5019 καρδίᾳ,
589 4943 677 4999 καὶ
707 4943 863 5020 ἁγνὸν
895 4941 974 5014 τῷ
1022 4944 1257 5014 σώματι,
1305 4944 1393 4998 καὶ
1446 4947 1519 5017 μὴ
1572 4947 1888 5017 ὁμοιοῦσθαι

219 5037 355 5096 τοῖς
401 5032 737 5109 Φαρισαίοις,
786 5030 921 5106 πρὸς
970 5029 1060 5094 οὖς
1110 5033 1138 5085 ὁ
1181 5032 1374 5108 Κύριος
1414 5034 1499 5087 xui
1549 5035 1676 5096 Θεὸς
1726 5036 1885 5107 ἡμῶν

218 5127 456 5195 Ἰησοῦς
482 5121 706 5198 Χριστὸς
755 5116 970 5198 ἔφησεν·
1029 5119 1159 5173 Οὐαὶ
1211 5120 1358 5192 ὑμῖν,
1407 5128 1745 5197 γραμματεῖς
1799 5123 1887 5178 καὶ

1993 4685 2337 4754 temperare,
2371 4681 2514 4735 iram
2548 4688 2758 4747 tenere,
2793 4679 2982 4735 aliena
3003 4681 3630 4753 nonsubripere;juste

1993 4771 2203 4835 vivere,
2238 4785 2370 4825 cum
2399 4769 2546 4824 bono
2592 4769 2744 4838 jure,
2790 4768 3125 4839 tranquille,
3160 4768 3402 4836 leniter;
3453 4787 3534 4836 se,
3569 4770 3628 4825 in

1994 4858 2318 4932 indigentia
2349 4857 2539 4929 potius
2588 4860 2880 4912 continere
2933 4874 2998 4912 ac
3055 4858 3387 4929 reprimere,
3449 4875 3630 4930 quam

1998 4966 2129 5005 cum
2164 4965 2276 5004 non
2310 4947 2540 5014 habeat,
2599 4944 2838 5001 alterius
2895 4946 3064 5000 bonis
3115 4945 3322 5002 ablatis
3377 4948 3627 5019 expleri;

1998 5039 2168 5094 corde
2196 5037 2450 5092 mundus
2474 5051 2621 5102 esse,
2641 5039 2698 5090 et
2721 5052 2903 5106 purus
2925 5051 3162 5106 corpore
3187 5036 3254 5100 n;
3281 5052 3382 5090 nec
3406 5037 3632 5091 assimi-

1997 5125 2104 5182 lari
2133 5123 2460 5191 Pbariszeis,
2493 5124 2562 5178 ad
2595 5139 2743 5194 quos
2802 5123 3085 5178 Dominus
3116 5128 3172 5178 et
3230 5129 3380 5178 Deus
3436 5130 3634 5180 noster

1598 5240 1832 5296 νΑΡιΙιιΕ
1871 5239 2282 5297 LECTIONES.

301 5333 322 5366 ¹
363 5326 460 5405 al._
503 5323 1067 5405 pl‘QpOD._“YEVéGOat
1125 5330 1460 5405 περιχαρεῖς,
1520 5326 1646 5405 τοὺς
1709 5325 2208 5405 δὲ-ἱστορήσαντας
2244 5369 2257 5382 .
2315 5328 2372 5405 9“
2393 5327 2466 5382 al.
2521 5324 2838 5405 ἐπανῄεσαν.
2976 5327 3258 5405 διετηξηιν
3335 5326 3492 5405 hom.
3553 5347 3630 5401 Ix,

301 5345 322 5366 ι
363 5345 442 5384 al.
503 5345 761 5401 prmpon.
823 5345 1067 5400 γενεσθαι
1125 5345 1190 5380 πε
1231 5345 1460 5402 ιχαρεις,
1520 5347 1646 5389 τους
1709 5345 1766 5383 οε
1826 5345 2208 5405 ιστορησαντας
2244 5369 2257 5382 .
2316 5345 2335 5362 ⁸
2393 5345 2466 5382 a1.
2529 5345 2838 5398 επανῃεσαν.
2899 5345 2918 5361 α
2976 5345 3258 5393 ωεπιεηι.,
3336 5345 3490 5384 nom.
3553 5347 3630 5401 ιχ,

211 5418 362 5474 cap.
399 5401 486 5454 19.
545 5402 564 5433 ⁸
597 5400 739 5468 Rea,
773 5397 876 5454 lib.
907 5415 984 5466 1v,
1017 5415 1142 5470 cap.
1195 5345 1282 5455 g2.
1350 5399 1370 5432 ⁸
1401 5399 1573 5455 Deest
1629 5401 1689 5455 in
1750 5401 1824 5457 al.
1883 5403 1905 5437 ⁸
1962 5401 2036 5457 al.
2067 5397 2455 5478 εὐχαριστεῖτε.
2521 5401 2540 5433 ⁷
2599 5397 3054 5524 Εὐεγαριστήσετε.
3087 5399 3160 5454 al.
3197 5397 3634 5524 εὐχλαριστήσητε

211 5475 366 5524 Car.
433 5473 454 5505 ⁸
509 5469 583 5524 al.
641 5465 1063 5524 gemmam.
1123 5470 1144 5504 θ
1175 5470 1454 5524 Clement..
1488 5472 1644 5524 hom.
1681 5490 1754 5524 ιτ.
1786 5489 1837 5524 c.
1865 5474 1954 5524 23.
1989 5478 2098 5524 etc.
2142 5475 2285 5524 Hea.
2336 5472 2374 5524 l.
2425 5489 2476 5524 v.
2528 5489 2576 5524 c.
2628 5472 2661 5524 3
2706 5515 2716 5524 .
2755 5472 2797 5506 ¹⁰
2843 5470 2917 5524 al.
2973 5487 3146 5524 mser.
3200 5490 3273 5523 πα
3322 5492 3388 5524 ιν.
3424 5475 3465 5508 ιι
3501 5473 3634 5524 Cle-

208 5465 366 5532 CoFr.
433 5473 466 5542 ⁸,
509 5469 583 5526 a1.
641 5465 1144 5542 ἐνδοι.ι.ιιιχ‹›ὖντα.ί9
1175 5470 1454 5540 Clement.,
1488 5472 1644 5527 hom.
1681 5490 1754 5532 ιε.
1786 5489 1837 5528 c.
1865 5474 2098 5542 23,,etc.
2128 5465 2285 5542 ’Ῐέέσμ
2336 5472 2374 5524 l.
2425 5489 2476 5540 v,
2528 5489 2576 5542 ο.
2628 5465 2797 5542 36Ῐψί⁰
2843 5465 2917 5524 εὶ.
2973 5472 3146 5542 inser.
3200 5465 3388 5526 πάλιν.
3424 5465 3634 5528 η’ϐἰθ-

205 5551 428 5611 meuL,
459 5541 617 5597 hom.
649 5559 705 5612 χ,
739 5539 788 5597 θ’.
826 5539 912 5595 {9.
942 5542 1086 5612 Rea,
1114 5539 1152 5595 1.
1184 5558 1236 5610 ν,
1274 5559 1323 5597 c.
1355 5544 1444 5598 22.
1501 5547 1543 5578 ¹²
1591 5545 1665 5599 al.
1702 5543 1729 5596 ὁ
1777 5544 1852 5604 εἷς
1886 5541 2004 5607 θεός
2059 5546 2103 5578 ιδ
2135 5543 2206 5595 al.
2243 5539 2598 5612 δημιουργόν.
2635 5545 2676 5576 ¹⁴
2709 5541 2992 5610 Clement.,
3022 5541 3179 5596 hom.
3212 5560 3266 5611 x,
3303 5561 3352 5598 c.
3384 5545 3472 5599 ‘26.
3506 5549 3629 5601 Rec.

205 5619 254 5676 1.
293 5633 362 5681 ν,
395 5610 566 5694 c._36.
628 5610 1166 5694 “Clemenglbom.
1198 5631 1274 5685 xu,
1322 5631 1370 5669 c.
1413 5615 1514 5674 15;
1547 5615 1664 5672 Rec.
1701 5617 1738 5672 Ι.
1771 5633 1824 5687 ν,
1856 5633 1905 5673 c.
1938 5616 2028 5672 32.
2063 5614 2104 5651 ³⁸
2136 5613 2208 5671 al.
2243 5610 2420 5670 inaer.
2451 5610 2692 5689 μᾶλλον.
2729 5615 2770 5649 ¹τ
2802 5614 2921 5670 Rec.
2956 5613 2994 5670 1.
3028 5629 3103 5685 γι,
3139 5629 3190 5670 c.
3225 5615 3314 5687 10,
3364 5621 3474 5674 etc.
3509 5615 3634 5694 Cie-3

207 5693 432 5758 ment,
464 5685 625 5745 hom.
655 5701 737 5753 χι,
767 5701 894 5762 cap.
925 5683 1016 5758 29,
1045 5688 1157 5747 ato.

1155 5799 1168 5822 f
