4148 6342
426 404 543 462 519

430 621 722 694 hypocrita:
750 639 770 682 ,ο
801 625 932 693 quia
960 623 1242 678 mundatis
1268 625 1459 678 calicis
1486 632 1535 679 ει
1567 624 1883 695 ρανορδιίἰιέ
1927 624 2069 695 quod

429 713 667 768 exterius
685 714 782 777 est,
813 714 961 766 intus
987 716 1169 767 autem
1188 729 1251 767 ea
1283 713 1445 783 plena
1472 717 1599 769 sunt
1629 713 1897 767 sordibus.
1921 713 2069 768 Pha-

430 815 594 857 rzsaee
616 800 992 866 casce,munda
1016 802 1173 871 prius
1195 802 1386 857 ralicz’s
1405 806 1457 857 et
1471 802 1781 873 paropsidis
1812 803 2065 871 interius,

423 893 484 945 ut
521 898 572 945 et
599 891 755 944 illius
800 892 1040 945 exterius
1092 890 1360 944 mundum
1388 890 1568 961 ﬁat“.
1601 890 1746 945 Vere
1777 889 1935 946 enim
1964 890 2063 957 qui

420 979 702 1034 interiora
732 978 1084 1049 purgaverit,
1111 979 1396 1033 exteriora
1427 995 1661 1050 quoque
1686 994 1935 1050 purgare
1969 995 2066 1049 po-

419 1072 567 1123 test:
604 1067 700 1138 qui
730 1083 862 1122 vero
894 1069 1177 1122 exteriora
1224 1072 1457 1139 purgat,
1500 1069 1570 1122 ad
1605 1067 1910 1122 hominum
1946 1067 2067 1121 lau-

423 1158 524 1211 des
556 1156 866 1228 aspiciens,
900 1155 956 1209 id
990 1155 1110 1228 agit
1141 1174 1155 1223 ;
1190 1156 1286 1211 sed
1315 1156 1469 1227 apud
1502 1155 1683 1211 Deum
1744 1156 2067 1211 mercedem

427 1262 543 1302 non
569 1245 765 1301 habet.

501 1334 692 1389 LXIX.
715 1333 874 1389 “His
896 1332 1088 1399 dictis,
1110 1337 1166 1388 et
1184 1332 1314 1389 aliis
1330 1333 1597 1405 pluribus
1611 1334 1680 1389 de
1702 1333 2068 1401 castimonia;

424 1439 557 1478 cum
577 1424 694 1492 iam
717 1428 848 1479 tres“
866 1439 1117 1490 menses,
1143 1423 1645 1493 quibusjejunare
1666 1439 1757 1477 me
1781 1439 2062 1495 pracepe-

431 1516 540 1578 rat,
569 1511 840 1583 completi
872 1515 1087 1579 essent,
1122 1512 1341 1566 ducens
1374 1528 1467 1567 me
1525 1512 1596 1566 ad
1660 1512 1844 1567 fontes
1890 1512 2071 1567 maris

420 1600 645 1655 vicinos
688 1600 925 1671 perenni
949 1616 1104 1672 aqua
1134 1600 1467 1672 baptizavit,
1502 1600 1561 1655 in
1592 1600 1829 1655 nomine
1860 1600 2068 1668 Patris,

432 1688 650 1755 etFilii,
683 1692 740 1743 et
767 1688 1017 1760 Spiritus
1042 1689 1265 1744 sancti:
1328 1705 1580 1761 cumque
1640 1706 1848 1761 panem
1908 1705 2068 1744 acce-

424 1777 628 1850 pisset,
688 1777 1095 1848 benedixisset,
1137 1795 1204 1833 ac
1253 1778 1565 1849 fregisset;
1623 1777 2075 1833 communicavit

428 1883 536 1921 nos
592 1867 955 1922 intemeratis
1014 1884 1079 1923 ac
1117 1866 1390 1922 vitalibus
1450 1867 1852 1923 sacramentis.
1884 1870 2071 1938 Atque

431 1957 511 2011 ita
545 1956 730 2011 feriati
762 1972 826 2011 ac
858 1956 971 2010 lzeti
1006 1956 1210 2011 fratres
1241 1955 1425 2011 nostri
1460 1972 1563 2027 pro
1590 1955 1733 2010 mihi
1755 1973 1788 2009 a
1812 1956 1922 2010 Deo
1944 1972 2073 2010 con-

442 2060 608 2101 cessa
677 2045 935 2100 secunda
991 2044 1312 2110 nativitate,
1358 2043 1604 2116 gloriam
1653 2049 1710 2099 et
1755 2045 2076 2116 gratiarum

442 2135 728 2190 actionem
765 2136 873 2189 Deo
904 2133 1246 2191 detulimus.
1300 2134 1365 2188 Et
1396 2133 1581 2188 multa
1609 2133 1783 2189 turba
1837 2148 2076 2205 congre-

440 2228 596 2295 gata;
646 2223 851 2278 Petrus
906 2221 1168 2293 depulsis
1223 2222 1467 2288 morbis,
1529 2221 1963 2292 afflictionibus,
2014 2238 2079 2277 ac

440 2312 825 2377 daemonibus,
861 2328 963 2367 nec
995 2328 1109 2366 non
1139 2310 1445 2382 baptizatis
1492 2310 1917 2382 compluribus,
1979 2310 2077 2365 ubi

439 2404 768 2457 Maroonem
798 2399 1088 2471 hospitem
1136 2416 1332 2464 suum,
1382 2399 1507 2469 jam
1561 2399 1835 2453 omnibus
1875 2416 2078 2454 nume-

440 2491 521 2545 ris
550 2487 907 2557 absolutum,
953 2488 1011 2542 in
1061 2488 1399 2559 episcopum
1458 2487 1878 2555 constituisset,
1940 2488 2079 2542 duo-

440 2578 627 2634 decim
659 2576 1024 2649 presbyteros
1056 2575 1441 2647 designasset,
1472 2577 1748 2632 diaconos
1807 2576 2073 2644 fecisset;

439 2666 760 2723 collocutus
808 2682 943 2721 cum
1000 2665 1271 2736 episcopo
1327 2665 1396 2720 de
1445 2665 1739 2719 communi
1801 2666 1951 2720 bono
2010 2682 2076 2720 ac

438 2755 707 2822 utilitate,
727 2756 912 2825 deque
942 2752 1333 2809 ecclesiastico
1356 2753 1558 2808 ordine
1580 2758 1752 2825 atque
1773 2759 2075 2819 concentu,

438 2846 562 2902 vale
618 2844 763 2900 dixit
807 2843 1184 2915 Tripolitanis
1240 2843 1563 2912 Phoenices,
1622 2849 1678 2898 et
1722 2845 1830 2898 iter
1874 2860 2077 2899 versus

441 2934 805 2991 Antiochiam
837 2932 1014 3004 Syria:
1046 2932 1347 3004 ingressus
1377 2936 1484 2987 est.

510 3111 667 3168 LXX.
687 3113 732 3147 ³³
754 3111 981 3185 Egressi
1004 3127 1136 3167 vero
1151 3109 1431 3182 Tripolim
1449 3109 1773 3177 Phoenicim,
1797 3115 1860 3165 ut
1880 3110 2075 3166 Antio-

440 3204 631 3260 chiam
661 3201 836 3274 Syriae
868 3201 1225 3269 veniremus;
1272 3217 1337 3256 eo
1386 3199 1479 3255 die
1532 3199 1811 3255 Orthosia:
1856 3201 2075 3255 mansi-

1252 400 1315 464 s.
1364 388 1805 464 CLEMENTlS
1855 406 1871 463 ι
1925 384 2111 464 noM.
2159 386 2386 463 PONT.
2433 388 2693 464 OPEBA
2738 386 3000 465 DUBlA.

426 534 601 589 Jesus
622 532 888 589 Christus
919 533 1061 588 dixit
1093 552 1104 588 :
1144 536 1225 589 Vae
1256 536 1422 599 vobis,
1454 534 1664 592 Scriba?
1695 540 1745 590 et
1791 536 2069 591 Pharisaei

2190 538 2473 609 Ιῐλαρισαῖοι
2528 532 2829 613 ,ὑποκριταί
2892 552 2903 563 ⁸

2966 532 3046 587 ὅτι
3123 534 3434 610 καθαρίζετε
3488 541 3584 589 τοῦ
3648 556 3823 606 ποτη-

2180 622 2298 696 ρίου
2357 620 2445 676 καί
2494 629 2593 691 τῆς
2650 618 2949 696 παροψίδος
3004 623 3066 677 τὸ
3124 621 3334 695 ἔξωθεν,
3380 618 3575 678 ἔσωθεν
3632 621 3690 678 δὲ
3734 625 3827 698 γέ-

2181 732 2267 782 μει
2350 710 2541 785 ῥύπου.
2624 716 2887 787 Φαρισαῖε
2963 710 3136 788 τυφλέ
3168 758 3182 783 ,
3240 714 3527 788 καθάρισον
3611 717 3832 789 πρῶτον

2174 803 2271 853 τοῦ
2328 799 2594 876 ποτηρίου
2658 800 2747 854 καὶ
2801 807 2900 869 τῆς
2954 799 3255 875 παροψίδος
3309 802 3373 855 τὸ
3439 798 3633 857 ἔσωθεν
3669 846 3684 871 ,
3739 801 3831 857 ἵνα

2177 888 2397 962 γένηται
2446 888 2536 941 καὶ
2585 889 2647 943 τὸ
2722 885 2822 959 ἔξω
2878 887 3043 944 αὐτοῦ
3098 889 3346 965 καθαρόν·
3408 888 3663 960 Ἀληθῶς
3718 893 3827 968 γάρ

2178 976 2205 1029 6
2244 976 2475 1052 καθάρας
2511 977 2573 1030 τὸ
2613 974 2738 1049 ἔσω,
2785 976 2875 1031 καὶ
2923 978 2986 1031 τὸ
3028 973 3128 1047 ἔξω
3175 984 3404 1055 καθᾶραι
3450 976 3666 1035 δύναται
3709 1000 3722 1011 ·
3796 980 3829 1034 ὀ

2180 1061 2236 1118 δὲ
2265 1066 2331 1118 τά
2357 1062 2457 1136 ἔξω
2485 1064 2778 1137 καθαίρων,
2808 1066 2942 1141 πρὸς
2990 1066 3288 1142 ἀνθρώπων
3331 1065 3545 1122 ἔπαινον
3581 1069 3826 1146 ἀφορῶν,

2176 1157 2336 1209 τοῦτο
2368 1159 2535 1223 ποιεῖ,
2566 1153 2710 1231 παρά
2741 1152 2797 1209 δέ
2825 1158 2904 1226 τῷ
2936 1159 3050 1227 Θεῷ
3085 1157 3270 1229 μισθὸν
3306 1156 3405 1211 οὐκ
3434 1154 3572 1232 ἔχει.

2251 1332 2435 1388 LXIX.
2466 1336 2638 1386 Ταῦτα
2686 1330 2851 1386 εἰπὼν
2896 1332 2984 1387 καὶ
3026 1330 3183 1408 ἓτερα
3230 1332 3453 1389 πλείονα
3502 1334 3626 1411 περῖ
3678 1336 3834 1411 ἀγνι-

2180 1425 2341 1492 σμοῦ,
2376 1424 2479 1474 τῶν
2510 1424 2673 1496 τριῶν
2704 1418 2814 1491 ἤδη
2852 1426 3039 1494 μηνῶν
3063 1420 3489 1498 πληρωθέντων,
3514 1425 3587 1478 ὧν
3605 1429 3835 1495 νηστεῦ-

2180 1507 2266 1561 σαί
2299 1529 2365 1581 με
2395 1507 2691 1572 ἐκέλευσεν,
2724 1509 2942 1584 ἀγαγών
2979 1530 3045 1582 με
3098 1510 3175 1572 εἷς
3220 1512 3315 1573 τάς
3364 1511 3414 1566 ἐν
3587 1511 3836 1587 θαλάσσῃ

2178 1594 2410 1667 πλησίον
2472 1594 2630 1659 οὔσας
2686 1599 2869 1673 πηγάς
2902 1646 2917 1671 ,
2969 1599 3045 1661 ὡς
3119 1599 3195 1662 εἰς
3252 1600 3470 1656 ἀένναον
3546 1596 3832 1657 ἐϐάπτισεν

2180 1684 2347 1762 ὕδωρ,
2381 1685 2456 1748 εἰς
2486 1687 2548 1741 τὸ
2579 1682 2754 1759 ὄνομα
2796 1691 2894 1742 τοῦ
2943 1689 3151 1763 Πατρὸς
3196 1688 3283 1743 καὶ
3315 1694 3410 1744 τοῦ
3456 1690 3582 1745 Υἱοῦ
3611 1690 3699 1745 καὶ
3730 1696 3837 1746 τοῦ

2182 1775 2336 1849 ἁγίου
2369 1774 2696 1847 Πνεύματος·
2749 1774 2836 1830 καί
2884 1771 3067 1830 λαϐὼν
3101 1775 3259 1849 ἄρτον
3302 1776 3608 1854 εὐλογήσας
3638 1782 3704 1851 ²⁰,
3736 1779 3835 1834 καὶ

2180 1863 2407 1934 κλάσας,
2444 1861 2738 1936 μετέδωκεν
2772 1867 2907 1937 ἡμῖν
2939 1871 3045 1920 τῶν
3073 1864 3357 1942 ἀχράντων
3399 1868 3489 1921 καὶ
3544 1872 3833 1937 ζωοποιῶν

2190 1948 2523 2028 μυστηρίων.
2568 1954 2672 2009 Καὶ
2722 1952 2894 2016 οὕτως
2943 1953 3309 2030 εὐωχηθέντες
3354 1955 3405 2010 οἰ
3434 1953 3661 2034 ἀδελφοὶ
3690 1960 3836 2031 ἡμῖν

2186 2041 2271 2096 ἐπὶ
2300 2046 2369 2115 τῇ
2401 2039 2729 2117 θεοδωρήτῳ
2783 2064 2887 2117 μου
2931 2043 3291 2119 ἀναγεννήσει,
3343 2042 3496 2118 δόξαν
3544 2045 3634 2101 καὶ
3664 2045 3837 2123 εὐχα-

2189 2130 2390 2206 ριστίαν
2444 2128 2863 2204 ἀποδεδώκαμεν
2910 2134 2955 2168 "
2998 2136 3078 2205 τῷ
3127 2137 3263 2205 Θεῷ.
3299 2131 3523 2189 Πολλοῦ
3568 2155 3625 2189 τε
3653 2131 3840 2211 ὄχλου

2188 2221 2683 2295 συναθροισθὲντος,
2761 2219 2974 2292 νόσους,
3047 2222 3215 2295 πάθη,
3296 2220 3553 2296 δαίμονας
3626 2223 3838 2279 ἀπελά-

2190 2330 2283 2371 σας
2340 2310 2367 2363 ὁ
2426 2307 2668 2384 Πέτρος,
2726 2308 2817 2363 καί
2879 2308 3137 2385 βαπτίσας
3192 2309 3469 2383 πολλοὺς,
3527 2313 3801 2388 Μαροώνη

2186 2398 2276 2452 τὸν
2327 2395 2718 2471 ἀποδεξάμενον
2778 2401 2826 2434 ²²
2880 2397 3061 2469 αὐτὸν,
3122 2396 3229 2470 ἤδη
3290 2398 3480 2455 λοιπὸν
3538 2400 3744 2456 τέλειον
3787 2404 3843 2438 2³

2188 2484 2314 2541 ὄντα
2354 2530 2367 2555 ,
2474 2485 2764 2540 ἐπίσκοπον
2843 2489 3181 2558 καταστήσας
3212 2533 3226 2561 ,
3310 2489 3399 2543 καὶ
3480 2484 3746 2565 πρεσϐυτέ
3809 2522 3837 2532 -

2188 2595 2315 2650 ρους
2367 2571 2575 2629 δώδεκα
2634 2575 2837 2648 ὁρίσας,
2912 2576 3000 2630 καὶ
3075 2573 3356 2639 διακόνους
3431 2575 3624 2649 δείξας,
3696 2579 3838 2654 ὑπὲρ

2184 2685 2242 2718 τε
2285 2668 2381 2717 τοῦ
2428 2668 2614 2718 κοινοῦ
2651 2665 2740 2717 καὶ
2800 2664 3185 2742 συμφέροντος,
3230 2666 3320 2720 καὶ
3376 2668 3499 2741 περὶ
3556 2674 3656 2737 τῆς
3696 2670 3845 2723 κατὰ

2184 2753 2283 2820 τὴν
2342 2751 2662 2823 Ἐκκλησίαν
2724 2752 2923 2822 τάξεώς
2998 2774 3057 2807 τε
3122 2753 3211 2807 καὶ
3292 2753 3553 2830 ἁρμονίας
3625 2754 3839 2811 συλλαο

2189 2841 2357 2911 λήσας
2418 2846 2496 2913 τῷ
2553 2840 2852 2913 ἐπισκόπῳ,
2879 2847 2996 2903 τοῖς
3045 2841 3095 2896 ἐν
3137 2841 3396 2918 Τριπόλει
3423 2846 3520 2912 τῆς
3569 2844 3841 2917 Φοινίκης

2188 2929 2611 3001 ἀποταξάμενος,
2661 2932 2759 2999 τὴν
2812 2930 2898 2985 ἐπὶ
2948 2930 3283 3006 ’Δντιόχειαν
3332 2939 3429 3003 τῆς
3480 2933 3675 3009 Συρίας
3706 2931 3837 2989 ὁδὸν

2187 3017 2495 3094 ἐπορεύετο.

2259 3109 2416 3164 LXX.
2448 3102 2728 3169 Ἐκϐάντες
2757 3110 2803 3145 ³⁸
2834 3104 2891 3162 δὲ
2918 3109 3017 3178 τὴν
3048 3106 3306 3184 Τρίπολιν
3335 3115 3437 3179 τῆς
3466 3110 3837 3183 Φοινίκης,ὡς

2188 3195 2273 3251 ἐπὶ
2301 3197 2635 3271 ’Λντιόχειαν
2666 3198 2765 3265 τῆς
2810 3197 3009 3271 Συρίας
3059 3194 3253 3269 ἐλθεῖν,
3304 3197 3471 3267 αὐτῆς
3516 3198 3722 3275 ἡμέρας
3773 3198 3836 3255 ἐν

440 3310 612 3349 mus:
647 3270 864 3363 et‘quia
894 3293 981 3345 est
1011 3305 1189 3361 prope
1221 3290 1420 3344 urbem
1450 3306 1480 3343 e
1528 3305 1643 3360 qua
1683 3288 1900 3361 egressi
1951 3288 2074 3343 fue-

2190 3284 2454 3357 Ὀρθωσίᾳ
2510 3270 2814 3358 ἐμείναμεν·
2873 3270 2963 3339 καὶ
3013 3283 3100 3339 διά
3153 3284 3216 3340 τὸ
3272 3284 3507 3358 πλησίον
3563 3270 3702 3342 εἶναι
3759 3291 3839 3358 ἧς

439 3399 663 3448 ramus,
714 3396 846 3437 cum
880 3396 1085 3435 omnes
1113 3380 1229 3434 fere
1262 3377 1691 3450 praedicationis
1741 3376 2079 3449 evangelicae

438 3487 765 3527 sermone'n
799 3470 960 3541 prius
992 3467 1577 3531 audivissent;unum
1602 3467 1756 3521 diem
1781 3466 1896 3521 illic
1930 3483 2081 3521 com-

438 3559 668 3627 morati,
717 3558 1076 3614 Antaradum
1132 3556 1405 3611 abiimus.
1463 3556 1606 3611 Cum
1664 3561 1857 3611 autem
1911 3554 2079 3610 multi

436 3651 634 3704 essent
663 3646 970 3702 nobiscum
1004 3646 1111 3699 iter
1140 3644 1437 3710 facientes,
1470 3648 1676 3699 Petrus
1725 3644 1982 3698 Nicetam
2024 3648 2081 3698 et

436 3736 705 3810 Aquilam
783 3734 1067 3791 allocutus
1125 3737 1233 3799 est,
1292 3733 1529 3788 dicens:
1601 3732 2075 3804 Quandoquidem

436 3842 653 3899 magna
679 3823 1089 3880 comitantium
1146 3822 1480 3890 multitudo,
1506 3838 1618 3876 non
1663 3838 1897 3892 parvam
1929 3820 2079 3875 invi-

439 3915 597 3971 diam
621 3913 787 3969 nobis
818 3928 917 3983 per
948 3911 1120 3967 urbes
1150 3910 1504 3966 intrantibus
1535 3910 1792 3975 attrahit;
1811 3926 2075 3965 necessa-

440 4004 523 4060 rio
553 4002 879 4058 curandum
909 4017 1038 4056 esse
1067 3999 1340 4070 iudicavi,
1376 4003 1440 4052 ut
1469 4014 1659 4069 neque
1700 3998 1811 4069 ipsi
1868 3999 2078 4054 contri-

434 4095 682 4158 stentur,
714 4091 854 4145 dum
898 4089 1282 4160 prohibentur
1338 4103 1466 4142 esse
1518 4086 1857 4153 nobiscum;
1891 4103 2081 4158 neque

436 4196 563 4247 nos,
597 4180 740 4235 dum
772 4194 981 4233 sumus
1022 4174 1391 4249 spectabiles,
1438 4174 1569 4229 aliis
1610 4174 1935 4230 efficiamur
1976 4192 2079 4229 au-

432 4272 620 4324 ctores
681 4266 931 4322 invidiae.
1005 4265 1285 4330 Quocirca
1340 4262 1468 4319 volo
1517 4268 1573 4317 te
1631 4262 1909 4328 Nicetam,
1964 4281 2081 4319 una

433 4372 568 4412 cum
598 4355 828 4427 Aquila,
866 4359 999 4411 ante
1030 4372 1122 4411 me
1153 4353 1265 4409 iter
1287 4352 1521 4423 habere,
1554 4368 1657 4424 per
1685 4352 1831 4407 duos
1854 4351 2077 4424 globos,

435 4444 709 4518 sparsim.

506 4532 687 4589 LXXI.
718 4534 867 4589 Istra
898 4536 1070 4587 Petro
1103 4531 1348 4600 dicente,
1395 4529 1823 4600 responderunt
1848 4529 2078 4585 Nicetas

2190 3371 2484 3446 ἐξήλθομεν
2517 3371 2754 3443 πόλεως,
2785 3372 2995 3428 πάντων
3046 3372 3238 3451 σχεδὸν
3288 3376 3713 3451 προακηκοότων
3760 3379 3839 3432 τὰ

2186 3467 2282 3516 τοῦ
2340 3460 2712 3538 κηρύγματος,
2768 3468 2892 3533 μιᾶς
2936 3463 3146 3538 ἡμέρας
3194 3464 3305 3518 ἐκεῖ
3354 3463 3643 3538 μείναντες,
3690 3465 3839 3537 ἀπή-

2191 3571 2354 3626 ραμεν
2389 3551 2461 3612 εἰς
2494 3547 2836 3626 Ἀντάραδον.
2870 3548 3104 3605 Πολλῶν
3138 3548 3194 3605 δὲ
3242 3556 3350 3606 τῶν
3384 3550 3835 3630 συνοδοιπορούν-

2187 3661 2293 3693 των
2325 3642 2460 3711 ἡμῖν
2492 3634 2683 3710 ὄντων,
2715 3639 2742 3692 ὁ
2776 3640 2977 3714 ῐΙὲτρος
3028 3641 3235 3715 Νικήτῃ
3283 3641 3374 3694 καὶ
3421 3641 3627 3715 Ἀκύλᾳ
3655 3663 3839 3720 προσ-

2189 3726 2389 3800 ωμίλει
2422 3725 2616 3802 λέγων·
2644 3723 2867 3795 Ἐπειδὴ
2901 3728 2928 3781 6
2960 3726 3133 3790 πολὺς
3166 3724 3340 3803 ὄχλος
3368 3733 3477 3784 τῶν
3509 3728 3837 3785 συνοδοιπο-

2189 3816 2425 3891 ρούντων
2456 3816 2516 3871 ού
2555 3815 2745 3892 μικρὸν
2796 3816 2990 3893 φθόνον
3044 3816 3267 3871 εἷ’σιοῦσι
3318 3819 3454 3873 κατά
3488 3818 3650 3874 πόλιν
3694 3823 3839 3893 ἡμῖν

2190 3904 2515 3975 ἐπισπᾶται,
2573 3904 2874 3980 ἀναγκαίως
2933 3902 3238 3979 ἐσκεψάμην
3300 3908 3618 3984 φροντίσαι,
3680 3909 3838 3972 ὅπως

2193 3997 2333 4067 μήτε
2361 3993 2509 4048 οὕτοι
2542 3992 2829 4063 λυπηθῶσι
2858 3993 3192 4057 κωλυθέντες
3223 4000 3451 4050 συνεῖναι
3500 3999 3657 4070 ἡμῖν,
3693 4000 3841 4072 μήτε

2188 4084 2350 4157 ἡμεῖς
2377 4077 2736 4159 περίϐλεπτοι
2766 4082 3072 4157 γενόμενοι,
3106 4083 3305 4161 φθόνου
3352 4090 3471 4147 τοῖς
3512 4083 3705 4148 ἄλλοις
3733 4108 3837 4141 κα-

2186 4177 2464 4244 ταστῶμεν
2496 4169 2680 4227 αἶίτιοι.
2718 4171 2920 4227 Τούτου
2968 4167 3123 4226 ἕνεκα
3175 4172 3448 4248 βούλομαί
3496 4195 3551 4229 σε
3596 4176 3685 4230 τὸν
3731 4182 3831 4230 Νι-

2186 4264 2359 4332 κήτην
2387 4261 2501 4333 ἅμα
2544 4258 2765 4334 Ἀκύλᾳ,
2818 4258 3135 4337 προοδεύειν
3191 4283 3295 4336 μου
3332 4263 3467 4317 κατά
3514 4266 3838 4338 συστήματα

2188 4347 2282 4404 δύο
2316 4346 2610 4426 σποράδην.

2258 4529 2447 4584 LXXI.
2474 4530 2649 4580 Ταῦτα
2676 4530 2773 4581 τοῦ
2805 4526 3012 4602 ΙΙέτρου
3055 4526 3323 4600 εἰπόντος,
3356 4527 3705 4605 ἀπεκρίναντο
3738 4535 3839 4583 Νι-

436 4626 493 4678 et
521 4621 769 4695 Aquila:
816 4621 942 4676 Non
989 4619 1152 4676 valde
1183 4636 1309 4688 nos,
1342 4618 1596 4688 domine,
1656 4618 1965 4673 contristat
2020 4618 2074 4673 id

2190 4618 2359 4687 κήτης
2390 4616 2479 4669 καὶ
2501 4615 2755 4677 ’Δκύλας·
2789 4614 2861 4668 Ού
2909 4615 3048 4670 πάνυ
3078 4618 3245 4689 ἡμᾶς,
3276 4618 3449 4693 κύριε,
3482 4616 3644 4673 λυπεῖ
3668 4622 3837 4675 τοῦτο

437 4727 629 4784 agere,
661 4712 938 4781 quoniam
969 4713 1087 4765 ate
1145 4709 1491 4779 imperatum
1546 4712 1654 4762 est.
1706 4706 1899 4763 Primo
1951 4708 2078 4778 qui-

436 4801 589 4865 dem,
624 4800 763 4872 quia
791 4799 889 4855 Dei
915 4798 1274 4871 providentia
1295 4796 1554 4851 delectus
1575 4813 1657 4862 es,
1679 4796 1779 4868 qui
1803 4797 2081 4852 merearis

437 4895 649 4945 cuncta
679 4887 950 4961 praeclare
979 4887 1231 4959 cogitare
1277 4890 1452 4957 atque
1498 4885 1839 4940 consulere:
1874 4885 2080 4942 deinde

434 4994 571 5034 vero
605 4978 761 5050 quod
784 4982 848 5031 ut
869 4975 1186 5049 plurimum
1204 4975 1378 5031 biduo
1394 4991 1497 5029 nos
1510 4974 1618 5028 hoc
1638 4975 1823 5029 facere
1846 4990 2079 5030 necesse

440 5066 537 5136 sit,
570 5071 690 5121 ate
728 5065 1034 5129 absentes;
1079 5064 1221 5119 illud
1270 5069 1464 5119 autem
1516 5061 1771 5134 spatium
1815 5064 2080 5133 quamvis

437 5154 681 5227 longum
712 5153 807 5222 sit,
841 5154 980 5209 dum
1011 5158 1066 5209 te
1097 5153 1402 5209 dominum
1436 5155 1701 5206 nostrum
1744 5167 1859 5205 non
1917 5151 2080 5207 vide-

440 5260 595 5311 mus,
624 5248 877 5298 attamen
909 5248 975 5297 ut
997 5243 1192 5313 jubes,
1225 5241 1363 5313 quia
1392 5239 1532 5295 utile
1560 5245 1670 5305 est,
1714 5256 1827 5294 non
1856 5244 2082 5297 contra-

439 5330 714 5386 dicimus.
747 5334 876 5385 Haec
902 5336 1213 5402 postquam
1244 5330 1536 5399 dixerunt,
1568 5328 1887 5399 antegressi
1920 5333 2076 5384 sunt.

2187 4707 2462 4777 πράττειν,
2495 4701 2583 4758 διά
2610 4704 2672 4758 τὸ
2706 4704 2807 4759 ὑπὸ
2851 4708 2946 4758 σοῦ
2969 4704 3394 4781 προστετάχθαι.
3445 4707 3671 4782 Πρῶτον
3709 4706 3835 4781 μὲν,

2188 4794 2269 4848 ὅτι
2301 4795 2473 4848 πάντα
2501 4790 2684 4854 καλῶς
2714 4798 2853 4848 νοεῖν
2900 4814 2955 4848 τε
3001 4793 3089 4847 καὶ
3138 4790 3527 4868 συμϐουλεύειν
3561 4794 3704 4865 ἄξιος
3731 4793 3833 4870 ὢν,

2191 4882 2293 4937 ὑπὸ
2320 4888 2419 4952 τῆς
2463 4887 2559 4938 τοῦ
2606 4886 2738 4937 Θεοῦ
2780 4880 3034 4957 προνοίας
3086 4880 3356 4958 ἐξελέγης·
3408 4879 3593 4938 ἔπειτα
3641 4881 3718 4955 δὲ,
3746 4884 3837 4940 δτ;

2188 4972 2264 5034 ὡς
2296 4969 2531 5026 ἐπιπολὺ
2562 4972 2781 5047 ἡμερῶν
2817 4968 2910 5025 δύο
2960 4970 3166 5045 ἀνάγκη
3208 4976 3365 5028 τοῦτο
3394 4974 3645 5041 πράττειν
3679 4975 3836 5047 ἡμᾶς

2188 5058 2741 5132 ἀπολιμπανομὲνους
2794 5079 2907 5113 σου·
2959 5060 3046 5114 καὶ
3100 5059 3252 5115 αὗται
3286 5058 3342 5115 δὲ
3365 5058 3573 5116 πολλαὶ
3603 5062 3738 5139 πρὸς
3766 5063 3835 5117 τὸ

2193 5152 2266 5222 μή
2323 5169 2379 5203 σε
2424 5150 2514 5203 τὸν
2560 5149 2744 5223 κύριον
2792 5150 2951 5220 ἡμῶν
3002 5150 3254 5225 καθορᾷν,
3304 5148 3451 5219 πλὴν
3483 5149 3557 5212 ὠς
3587 5149 3839 5214 κελεύεις

2190 5236 2277 5292 διὰ
2331 5238 2394 5291 τὸ
2451 5234 2718 5311 συμφέρον
2779 5236 2877 5290 οὐκ
2935 5236 3306 5314 ἀντιλέγομεν.
3352 5242 3522 5294 Ταῦτα
3565 5238 3834 5314 εἰπόντες,

2188 5332 2429 5401 προῆγον
2440 5368 2451 5380 .

1790 5460 2027 5518 VARUE
2063 5458 2468 5517 LECTIONES.

513 5578 792 5650 “_Matth.
850 5596 1009 5650 χχιιι,
1071 5583 1160 5635 25.
1224 5582 1268 5650 ¹Ῠ
1325 5575 1850 5650 ClementLhom.
1910 5593 1981 5645 x,
2044 5594 2110 5650 ρ.

2170 5576 2272 5631 35.
2334 5576 2455 5631 Rea.
2517 5572 2573 5657 Ι..
2632 5591 2694 5657 ος
2754 5575 2857 5657 15⁸.
2917 5576 2963 5610 ²⁰
3018 5576 3120 5657 al._
3170 5576 3564 5657 εύχαριστῄσας
3622 5580 3835 5657 "__al_.

443 5646 841 5707 ἀποδεδώκασι.
894 5651 938 5685 ²²
996 5646 1070 5707 al.
1134 5647 1545 5725 ὑποδεξάμενον.
1604 5646 1652 5683 ³⁸
1706 5649 1985 5720 Clamant,
2045 5647 2204 5705 hom.
2259 5663 2363 5717 χιι,
2420 5663 2470 5704 c.
2533 5646 2585 5713 1,
2639 5651 2748 5703 etc.
2804 5646 3054 5721 Recogn.,
3105 5649 3144 5707 l.
3193 5646 3389 5724 vii,'c.
3424 5646 3479 5723 1',
3509 5657 3621 5710 etc.
3652 5652 3700 5688 ³⁸
3753 5651 3835 5713 ιι.

443 5725 532 5787 οὖν
544 5764 557 5783 .
