4140 6344
7 168 237 239 μ’*

196 415 316 475 821

961 412 1495 478 CLEMENTINA.
1532 448 1604 459 —
1637 412 1982 475 EPITOME
2026 410 2126 474 DE
2172 414 2444 476 GESTIS
2492 417 2556 477 S.
2607 413 2862 478 PETRI.

3490 422 3609 483 522

272 546 486 602 LXXII.
562 544 936 620 Πορευθέντων
1000 544 1091 599 οὖν
1170 544 1368 614 αὐτῶν,
1429 544 1532 621 ἐγὼ
1613 543 1851 616 Κλήμης

2040 546 2251 602 LXXII.
2285 546 2385 603 His
2416 548 2595 619 igitur
2626 549 2922 619 profectis,
2947 565 3052 621 ego
3081 550 3345 607 Clemens
3375 553 3611 625 gavisus

190 630 448 709 ἴχαιρον,
481 632 564 688 ὅτι
622 632 714 687 σὺν
774 633 920 705 αύτῷ
976 655 1042 707 με
1090 632 1362 689 ἐκέλευσεν
1422 633 1574 687 εἶναι.
1628 630 1853 705 ’Δμέλει

193 722 287 777 καὶ
322 722 460 796 πρὸς
492 720 647 775 αὐτὸν
684 722 857 775 εἷπον·
896 722 1214 797 Εὖχαριστῶ
1239 721 1320 794 τῷ
1350 727 1487 794 Θεῷ,
1518 721 1600 776 ὅτι
1649 742 1715 794 με
1758 720 1857 775 οὐκ

196 809 580 879 ἰξαπέστειλας
636 810 710 871 ὡς
765 810 894 874 τοὺς
953 809 1196 887 ἑταίρους
1238 813 1303 881 ²⁵,
1336 809 1452 865 ἐπεὶ
1511 808 1852 881 ὀδυνώμενος

197 897 258 951 ἃν
324 896 779 976 διαπεφωνήκειν.
811 900 867 951 Ὀ
924 896 981 952 δὲ
1037 896 1167 975 ἔφη·
1198 898 1263 955 Τί
1314 896 1418 953 δαί·
1464 898 1509 952 εί
1558 898 1645 952 καὶ
1694 898 1855 972 χρεία

192 1007 278 1048 τις
334 985 481 1041 ἔσται
527 986 839 1064 πεμφθῆναί
887 988 943 1041 σέ
990 1008 1117 1054 που,
1150 988 1213 1041 σὺ
1262 986 1351 1042 διὰ
1378 987 1441 1042 τὸ
1472 988 1606 1062 πρὸς
1662 985 1850 1060 ὀλίγον

196 1074 676 1150 ἀπολιμπάνεσθαί
712 1096 817 1147 μου
848 1075 1255 1153 συμφερόντως,
1290 1073 1377 1130 διὰ
1405 1080 1564 1130 τοῦτο
1595 1076 1850 1148 τεΟνήξῃς

194 1164 329 1240 ούχὶ
362 1162 423 1219 δὲ
452 1164 873 1238 προσομιλήσας
903 1169 1128 1236 σεαυτῷ,
1175 1164 1351 1238 φέρειν
1383 1165 1450 1217 τὰ
1493 1161 1581 1218 διὰ
1625 1164 1725 1231 τὴν
1767 1163 1855 1217 ἀν-

192 1253 367 1328 άγκην
417 1274 505 1307 σοι
553 1252 1018 1328 προσταττόμενα,
1070 1251 1320 1325 εὐθύμως
1372 1252 1653 1321 ὑποίσειςς
1686 1254 1722 1321 ἢ
1756 1251 1854 1306 οὐκ

193 1340 375 1412 οἶδας,
409 1342 495 1397 ὅτι
550 1340 778 1396 σύνεισιν
836 1342 888 1396 οἳ
932 1340 1085 1419 φίλοι
1131 1346 1249 1403 ταῖς
1302 1343 1567 1415 μνήμαις,
1597 1339 1694 1395 κᾶν
1733 1345 1853 1403 τοῖς

192 1432 446 1504 σώμασιν
495 1430 709 1485 εκείνων
749 1429 1263 1503 ἀπολιμπάνωνται,
1304 1429 1378 1492 ὠς
1429 1427 1562 1484 ἔνιοι
1606 1430 1853 1493 συνόντες

184 1525 314 1582 τοῖς
345 1520 586 1593 σώμασι,
623 1519 831 1594 μακρὰν
864 1519 1195 1595 ἀφεστήκασι
1224 1523 1344 1580 ταῖς
1374 1522 1579 1593 ψυχαῖς
1605 1537 1619 1587 ;

260 1610 506 1666 LXXIII.
558 1608 724 1682 Κάγὼ
783 1607 1179 1682 ἀπεκρινάμην·
1233 1604 1411 1661 Ἀλλᾶ
1462 1609 1536 1679 μή
1591 1627 1657 1679 με
1701 1606 1854 1679 νομί-

187 1718 313 1770 σῃς,
343 1695 523 1771 κύριε,
557 1694 641 1751 ὅτι
678 1698 747 1750 τὰ
778 1694 957 1765 λύπης
1006 1694 1236 1770 πάσχειν
1289 1693 1525 1767 ἔμελλον
1586 1694 1849 1767 ἀνοήτως,

190 1785 343 1840 ἀλλὰ
374 1785 466 1839 καὶ
496 1784 634 1838 πάνυ
679 1782 851 1859 ὀρθῶς
896 1782 1083 1858 ἔχοντι
1132 1782 1403 1857 λογισμῷ.
1436 1783 1584 1837 Ἐπεὶ
1642 1782 1744 1859 γάρ
1795 1804 1853 1838 σε

188 1873 308 1928 ἀντὶ
367 1874 582 1927 πάντων
633 1867 1127 1976 εἰλόμην,νπατρὸς
1178 1872 1266 1926 καὶ
1322 1873 1552 1976 μητρὸς,
1602 1869 1927 1976 ἀδελφῶνΒ

190 1965 312 2033 ἅμα
356 1962 448 2016 καὶ
505 1966 796 2037 συγγενῶν,
859 1959 1028 2015 αἶ’τιόν
1092 1982 1184 2033 μοι
1242 1960 1533 2035 γενόμενον
1603 1957 1691 2015 διὰ
1757 1962 1848 2015 τὸν

187 2053 325 2107 Θεὸν
357 2057 460 2120 τῆς
489 2050 772 2119 σωζούσης
804 2048 1083 2119 ἀληθείας⁶
1119 2049 1260 2104 οὕτω
1290 2050 1378 2104 καὶ
1410 2052 1475 2117 ἧς
1507 2045 1741 2121 ἔμελλον
1792 2050 1852 2105 ἐκ

185 2142 409 2194 πάντων
460 2138 767 2193 ἀπολαύειν
820 2138 1185 2213 παραμυθίας,
1220 2134 1308 2191 διὰ
1356 2142 1451 2191 σοῦ
1502 2137 1670 2210 μόνου
1717 2158 1848 2211 καρ-

187 2232 427 2300 ποῦμαι.
462 2225 686 2282 Δέδοικα
715 2228 815 2303 γάρ
848 2225 994 2288 ὅλως
1045 2225 1439 2303 ἀπολειφθῆναί
1486 2247 1602 2295 σου,
1638 2230 1851 2299 μήποτε

189 2315 285 2371 διὰ
312 2317 416 2385 τὴν
450 2315 511 2371 ἰκ
531 2323 632 2384 τῆς
684 2314 907 2384 ἡλικίας
954 2315 1157 2387 ἀκμὴν,
1189 2314 1367 2384 ἥττων
1418 2314 1708 2387 ἐπιθυμίας
1756 2314 1850 2389 γέ-

185 2426 401 2478 νωμαι.
437 2404 534 2458 Καὶ
566 2402 657 2459 διὰ
684 2407 846 2459 τοῦτο
874 2402 1045 2465 οὕτως
1090 2402 1378 2464 ένστάσεως
1411 2402 1546 2478 ἔχω,
1580 2403 1654 2464 ὡς
1710 2403 1846 2458 ἀπο-

186 2493 388 2562 στῆναί
448 2514 545 2548 σου
603 2490 861 2548 ἀδύνατον
925 2480 1081 2563 εἶναι,
1110 2491 1157 2546 εἴ
1193 2493 1268 2565 μὴ
1318 2491 1453 2546 κατά
1497 2513 1617 2547 τινα
1672 2490 1845 2567 χόλον

186 2586 329 2639 Θεοῦ
376 2585 541 2636 τοῦτο
583 2581 826 2656 γένηται.
863 2580 961 2635 Καὶ
1005 2580 1106 2656 γὰρ
1162 2579 1442 2653 μέμνημαί
1491 2601 1586 2635 σου
1628 2581 1681 2635 έν
1716 2583 1848 2638 Και-

191 2669 388 2744 σαρείᾳ
421 2668 692 2731 εῗπόντοςο
721 2666 792 2723 Ei’
821 2667 904 2730 τίς
955 2689 1047 2741 μοι
1101 2667 1354 2743 βούλεται
1406 2666 1738 2738 συνοδεῦσαι,
1772 2668 1851 2723 εύ-

191 2753 375 2819 σεῦῶς
428 2758 521 2812 καὶ
567 2754 915 2812 συνοδευέτω.
948 2751 1196 2817 Εύσεϐῶς
1241 2753 1299 2810 δὲ
1346 2754 1498 2833 ἔφης,
1528 2757 1591 2811 τὸ
1643 2754 1851 2829 μηδένα

192 2854 442 2915 Λυπῆσαι
475 2847 612 2901 κατά
642 2846 793 2914 Θεὸν,
824 2847 963 2915 οἷον,
996 2842 1337 2899 ἀπολιπόντα
1374 2850 1571 2921 γονεῖς,
1602 2851 1848 2921 γυναῖκα,

188 2936 329 3011 πρὸς
393 2933 474 3001 δὶ,
508 2934 595 2989 καὶ
638 2935 850 3008 ἑτέρους
907 2936 1056 2995 τῖνὰς
1114 2938 1221 2987 τῶν
1268 2928 1500 2988 εὐσεϐεῖν
1552 2932 1848 3006 ἑλομένων,

190 3028 351 3088 Ὅθεν
404 3024 515 3097 ἐγὼ
563 3024 699 3077 κατὰ
745 3024 917 3077 πάντα
975 3020 1281 3091 ἐπιτήδειός
1312 3021 1425 3094 εἶμί
1471 3043 1553 3076 σοι
1608 3020 1849 3077 συνοδοι-

192 3114 397 3187 πόρος,
429 3113 475 3183 ᾧ
505 3112 595 3165 καὶ
625 3113 691 3166 τά
726 3111 950 3186 μέγιστα
980 3110 1197 3186 χαρίζῃ,
1224 3110 1269 3164 εἷ
1299 3113 1343 3148 ²⁶
1370 3111 1466 3172 τὰς
1494 3116 1600 3164 τῶν
1636 3108 1848 3166 δούλων

194 3201 495 3277 ὗτηρεσίας
525 3199 832 3274 ἐπιτρέποις
864 3204 1065 3255 ποιεῖν.

1965 651 2119 704 sum,
2164 652 2296 690 eum
2348 652 2546 691 secum
2594 653 2723 693 esse
2771 638 3045 694 voluisse.
3096 640 3298 711 Itaque
3351 642 3422 695 ad
3474 658 3609 697 eum

1965 722 2081 777 dixi
2117 740 2128 778 :
2164 723 2391 779 Gratias
2422 741 2527 796 ago
2558 730 2691 789 Deo,
2742 728 2895 797 quod
2930 744 3023 783 me
3055 744 3169 783 non
3223 729 3510 797 emiseris,
3546 734 3610 785 ut

1964 811 2194 866 sodales
2222 831 2233 879 ;
2270 830 2405 867 nam
2438 831 2552 885 prae
2585 814 2780 869 dolore
2810 821 3048 871 enectus
3082 817 3345 873 fuissem.
3382 817 3483 874 Ille
3512 836 3607 875 ve-

1965 917 2027 954 ro
2062 917 2073 955 :
2105 900 2251 964 Quid
2282 902 2719 973 autem,inquit,
2739 903 2787 957 si
2819 920 2944 974 quae
2972 905 3338 961 necessitatis
3361 907 3607 976 jusserit

1964 992 2030 1043 ut
2060 988 2257 1060 aliquo
2285 990 2536 1045 mittaris
2561 996 2644 1058 ;tu
2679 991 2817 1062 quia
2838 992 3177 1063 aliquandiu
3208 1011 3241 1048 a
3271 1011 3362 1049 me
3384 995 3606 1052 utiliter

1962 1076 2076 1132 eris
2099 1082 2426 1148 separatus,
2450 1078 2579 1133 ideo
2612 1079 2873 1134 morieris
2894 1080 2921 1134 ‘I
2942 1081 3143 1137 Nonne
3173 1082 3389 1153 potius,
3406 1088 3601 1140 tecum

1962 1164 2504 1235 reputans,ferenda
2533 1180 2661 1221 esse
2692 1182 2815 1237 quae
2834 1173 3071 1240 propter
3091 1169 3492 1227 necessitatem
3506 1171 3601 1243 ju-

1962 1252 2138 1323 beris,
2170 1271 2337 1325 aequo
2387 1255 2583 1310 animo
2614 1255 2809 1312 feres?
2838 1261 2954 1311 Aut
3001 1257 3190 1313 nescis
3220 1259 3439 1315 amicos
3484 1276 3603 1316 una

1961 1358 2090 1397 esse
2120 1342 2536 1409 recordatione,
2571 1342 2703 1398 licet
2731 1343 3074 1414 cosporibus
3105 1346 3257 1401 inter
3281 1363 3343 1403 se
3369 1347 3600 1419 disjun-

1961 1434 2191 1501 gantur;
2208 1430 2359 1485 sicut
2384 1430 2650 1486 nonnulli
2680 1432 3022 1504 corporibus
3045 1436 3602 1507 praesentes,animis

1961 1518 2161 1589 procul
2193 1522 2333 1573 sunt
2361 1519 2553 1575 dissiti
2573 1520 2601 1574 ?

2036 1606 2343 1662 LXXIII.Et
2373 1623 2478 1679 ego
2510 1608 2782 1680 respondi
2816 1625 2829 1664 :
2866 1613 3080 1666 Verum
3114 1627 3185 1667 ne
3217 1613 3288 1668 de
3318 1628 3411 1668 me
3442 1614 3599 1669 arbi-

1960 1695 2154 1763 treris,
2207 1696 2463 1761 domine,
2497 1696 2650 1767 quod
2683 1696 2863 1753 istum
2921 1714 3227 1755 mazrorem
3258 1699 3605 1773 insipienter

1960 1782 2072 1837 sim
2088 1783 2765 1855 perpessurus,quinimo
2779 1786 3099 1841 admodum
3116 1792 3266 1844 recte
3279 1805 3341 1844 se
3353 1788 3603 1847 habente

1961 1871 2203 1927 ratione.
2256 1872 2539 1937 Quoniam
2594 1873 2748 1928 enim
2804 1878 2859 1929 te
2908 1891 3011 1946 pro
3059 1876 3333 1931 omnibus
3382 1877 3598 1949 accepi,

1961 1975 2063 2030 pro
2093 1962 2273 2030 patre,
2326 1963 2532 2026 matre,
2575 1959 2876 2026 fratribus,
2927 1966 2983 2016 et
3012 1962 3315 2033 cognatis;
3349 1963 3448 2036 qui
3499 1981 3603 2036 per

1962 2049 2141 2102 Deum
2175 2052 2374 2103 auctor
2404 2048 2549 2102 mihi
2580 2048 2835 2115 fuisti,ut
2863 2050 3195 2121 agnoverim
3226 2052 3597 2107 servatricem

1958 2137 2257 2191 veritatem
2292 2152 2304 2190 :
2341 2136 2425 2191 sic
2454 2141 2511 2191 et
2538 2136 2953 2207 consolatione,
2989 2155 3164 2210 quam
3200 2140 3270 2194 ab
3320 2140 3595 2196 omnibus

1958 2229 2380 2280 consecuturus
2428 2225 2693 2289 fuissem,
2725 2242 2825 2296 per
2853 2231 2908 2281 te
2956 2244 3137 2282 unum
3172 2228 3351 2283 fruor.
3382 2228 3596 2284 Vereor

1957 2314 2173 2385 quippe
2202 2313 2439 2368 omnino
2472 2330 2505 2368 a
2532 2318 2588 2369 te
2618 2314 2915 2382 abesse,ne
2945 2331 3045 2387 per
3074 2315 3260 2371 aetatis
3291 2317 3593 2388 fervorem,

1957 2419 1991 2458 a
2020 2402 2336 2473 cupiditate
2365 2402 2655 2457 vincar.Et
2674 2402 2802 2458 ideo
2826 2403 2903 2459 ita
2925 2403 2984 2458 in
3017 2405 3279 2460 animum
3304 2405 3599 2474 induxi,ut

1957 2507 1991 2545 a
2022 2495 2075 2546 te
2105 2507 2220 2545 non
2251 2490 2472 2562 possim
2498 2491 2943 2560 discedere,nisi
2975 2491 3084 2547 hoc
3114 2492 3311 2549 divina
3340 2494 3596 2564 quadam

1956 2579 2043 2634 ira
2072 2579 2317 2634 eveniat.
2350 2578 2574 2633 Etenim
2608 2578 2849 2633 memini
2882 2583 2934 2634 te
2964 2579 3236 2636 Caesareae
3266 2581 3458 2637 dicere
3490 2597 3504 2637 :
3536 2582 3596 2636 Si

1958 2667 2091 2739 quis
2118 2666 2240 2721 vult
2290 2682 2517 2722 mecum
2551 2667 2659 2722 iter
2709 2668 2912 2733 facere,
2948 2668 3040 2740 pie
3070 2685 3301 2741 quoque
3345 2686 3464 2725 una
3491 2669 3602 2725 iter

1960 2757 2170 2811 habeat
2200 2773 2212 2810 :
2248 2756 2340 2827 pie
2370 2762 2563 2811 autem
2595 2754 2830 2811 dicebas
2860 2773 3007 2824 esse,
3041 2758 3335 2813 neminem
3365 2758 3602 2813 tristitia

1960 2846 2285 2900 secundum
2317 2844 2500 2899 Deum
2524 2845 2958 2913 afficere,veluti
2987 2845 3369 2917 relinquendo
3401 2864 3605 2919 paren-

1960 2939 2068 2998 tes,
2104 2949 2363 3003 uxorem,
2398 2950 2501 2988 nec
2534 2951 2646 2989 non
2678 2933 2823 2989 alios
2864 2934 3018 3005 piam
3048 2936 3228 2990 vitam
3261 2940 3603 2991 consectan-

1960 3023 2237 3078 tes.Unde
2268 3038 2372 3093 ego
2393 3039 2631 3093 prorsus
2661 3023 2908 3077 tibisum
2939 3027 3112 3095 aptus
3133 3024 3358 3079 itineris
3382 3040 3599 3090 comes,

1961 3128 1995 3166 a
2025 3128 2138 3183 quo
2169 3115 2224 3165 et
2247 3111 2751 3167 maximaminibis
2781 3112 3104 3184 gratiam,si
3141 3112 3464 3168 ministeria
3484 3129 3602 3169 ser-

1960 3216 2165 3256 vorum
2199 3199 2357 3254 obire
2388 3199 2745 3271 permiseris.

268 3267 513 3347 I:XXIV.
554 3267 657 3343 Kal
700 3290 729 3343 ὁ
780 3290 983 3363 Ηέτρος
1033 3286 1282 3358 ἀκούσας,
1337 3287 1469 3359 μετά
1511 3287 1657 3349 τινός
1715 3309 1847 3365 φησι

2035 3288 2257 3344 LXXIV.
2292 3267 2408 3342 Hoc
2439 3289 2658 3356 audito,
2691 3290 2915 3357 Petrus,
2940 3305 3072 3343 cum
3104 3288 3217 3344 leni
3251 3289 3372 3345 risu
3403 3288 3547 3344 dixit
3579 3305 3593 3345 :

196 3376 586 3451 μειδιάματοςο
617 3376 677 3429 Τί
728 3376 819 3431 οὗν
866 3374 989 3447 οἶέι,
1036 3374 1263 3448 Κλήμη,
1321 3376 1397 3447 μή
1431 3376 1519 3430 ὑπ’
1548 3375 1714 3445 αὐτῆς
1761 3377 1851 3431 ἀν-

197 3469 379 3542 άγκης
442 3463 520 3526 εἴς
577 3462 791 3519 δούλων
840 3485 898 3519 σε
950 3470 1178 3538 ταγῆναι
1224 3464 1391 3518 τόπον
1419 3483 1432 3533 ;
1464 3463 1579 3519 ἐπεὶ
1627 3463 1710 3527 τίς
1758 3465 1853 3527 τὰς

194 3552 375 3615 καλάς
430 3573 527 3626 μοι
585 3552 672 3607 καὶ
728 3550 943 3614 πολλὰς
992 3548 1235 3613 σινδόνας
1271 3553 1539 3624 μετὰτῶν
1572 3551 1851 3625 ἑπομένων

195 3639 513 3698 δακτυλίων
561 3641 650 3695 καὶ
698 3645 808 3695 τῶν
859 3637 1227 3713 ὑποδημάτων
1277 3640 1498 3717 φυλάξει
1539 3643 1621 3711 a7;
1652 3639 1749 3703 Τίς
1799 3639 1856 3695 δὲ

191 3732 285 3786 καὶ
316 3730 391 3786 τά
420 3727 558 3799 ἡδέα
604 3729 694 3784 καὶ
741 3726 1023 3798 πολυτελῆ
1069 3724 1177 3802 ὄψα
1220 3731 1644 3804 προετοιμάσει;
1680 3730 1713 3785 ἅ
1739 3750 1858 3784 τινα

195 3816 439 3873 ποικίλα
489 3813 618 3871 ὄντα
664 3815 891 3873 πολλῶν
922 3815 1208 3872 δεῖταικαὶ
1256 3821 1519 3891 τεχνικῶν
1584 3817 1856 3894 μαγείρων

196 3909 289 3963 καὶ
340 3906 522 3961 πάντα
569 3906 763 3975 ἐκεῖνα,
798 3904 895 3960 ὅσα
941 3904 1017 3967 ὠς
1062 3904 1239 3980 θηρίῳ
1285 3904 1507 3981 μεγάλῳ
1543 3910 1612 3979 τῇ
1673 3906 1857 3971 ἐπιθυ-

205 3996 305 4068 μίᾳ
364 3994 866 4070 προευτρεπίζεται.
904 3991 1055 4061 Πλὴν
1082 3995 1119 4062 ἡ
1150 3993 1372 4063 τοιαύτη
1434 4014 1491 4048 σε
1548 3994 1859 4071 προαίρεσις

203 4080 566 4150 ὑπεισῆλθεν,
624 4079 755 4143 ἴσως
817 4082 892 4153 μὴ
952 4081 1214 4150 συνιέντα,
1273 4082 1361 4136 καὶ
1435 4082 1526 4136 τὸν
1584 4082 1711 4156 έμὸν
1763 4083 1859 4158 ἀγ-

203 4176 441 4226 νοοῦντα
506 4170 643 4245 βίον,
677 4170 758 4224 ὅτι
820 4166 967 4245 ἄρτῳ
1026 4169 1179 4241 μόνῳ
1230 4169 1319 4223 καὶ
1379 4166 1564 4232 έλαίας
1611 4176 1860 4246 χρῶμαι,

202 4260 296 4313 καὶ
350 4258 597 4320 σπανίως
643 4260 688 4295 ²¹
736 4258 1015 4333 λαχάνοις·
1064 4258 1154 4312 καὶ
1204 4257 1288 4312 ὅτι
1346 4258 1561 4331 ἱμάτιόν
1624 4281 1718 4332 μοι
1772 4260 1861 4314 καὶ

202 4342 501 4421 τριϐώνιον
544 4342 598 4401 ἓν
649 4346 759 4401 ἐστι
802 4350 963 4401 τοῦτο
994 4348 1042 4383 ’θ
1073 4344 1224 4412 αὐτὸ,
1256 4346 1285 4400 ὃ
1315 4341 1741 4421 περιϐέϐλημαι,
1773 4347 1862 4402 καὶ

207 4436 397 4510 ἐτέρου
435 4433 625 4509 χρείαν
675 4434 773 4488 οὐκ
820 4430 957 4509 ἔχω,
990 4431 1120 4488 οὐδὲ
1167 4432 1355 4489 ἄλλων
1404 4439 1587 4493 τινῶν.
1624 4436 1705 4489 Ἐν
1761 4437 1861 4511 γὰρ

203 4524 427 4585 τούτοις
476 4522 566 4577 καὶ
612 4521 1020 4599 περισσεύομαι.
1053 4524 1114 4580 Ὁ
1162 4520 1287 4584 νοῦς
1335 4524 1438 4598 γάρ
1492 4544 1596 4595 μου
1644 4523 1711 4578 τὰ
1755 4524 1865 4579 ἐκεῖ

1960 3378 2108 3442 Quid
2139 3392 2275 3448 ergo
2307 3380 2497 3447 putas,
2528 3376 2974 3449 Clemens,quod
3007 3394 3120 3432 non
3150 3382 3207 3432 te
3238 3378 3362 3445 ipsa
3392 3393 3596 3433 neces-

1962 3467 2107 3522 sitas
2133 3465 2191 3519 in
2223 3481 2519 3520 servorum
2553 3465 2816 3520 ordinem
2844 3465 3064 3538 rediget
3082 3467 3259 3521 ?Nam
3290 3466 3424 3537 quis
3456 3465 3599 3522 mihi

1962 3554 2255 3626 elegantes
2287 3569 2352 3607 ac
2366 3553 2581 3609 multas
2611 3553 2887 3609 sindones
2900 3569 3002 3609 seu
3027 3553 3600 3622 vesteslinteas,cum

1964 3642 2253 3714 adjunctis
2280 3641 2517 3697 annulis
2548 3646 2605 3698 et
2633 3642 2841 3698 calceis
2871 3644 3203 3699 custodiet?
3224 3643 3363 3707 Quis
3393 3660 3526 3699 vero
3549 3647 3607 3699 et

1966 3730 2168 3788 suavia
2195 3729 2598 3802 exquisitaque
2627 3730 2871 3787 obsonia
2900 3732 3293 3803 praeparabit?
3323 3748 3451 3803 quis
3470 3746 3605 3787 cum

1965 3820 2124 3876 varia
2155 3818 2292 3885 sint,
2327 3816 2543 3873 multos
2575 3835 2640 3873 ac
2670 3818 2910 3874 solertes
2940 3835 3159 3890 coquos
3189 3819 3522 3891 postulant:
3551 3823 3610 3874 et

1968 3907 2168 3965 omnia
2196 3906 2448 3978 illa,quaa
2478 3910 2757 3978 tanquam
2791 3907 3035 3963 immani
3068 3907 3605 3979 bestize,cupiditati

1970 3999 2351 4068 apparentur.
2414 3995 2526 4050 Sed
2560 3995 2753 4050 forsan
2803 3996 2926 4051 haec
2973 4001 3031 4051 te
3071 3995 3252 4051 subiit
3299 3995 3610 4065 sententia,

1970 4085 2123 4156 quod
2157 4100 2272 4139 non
2320 4082 2697 4151 intellexeris,
2730 4084 3001 4155 quodque
3050 4084 3281 4154 ignores
3310 4083 3439 4138 vitas
3469 4100 3610 4138 mea;

1970 4175 2257 4228 rationem
2282 4190 2295 4240 ;
2326 4172 2423 4242 qui
2454 4172 2575 4227 solo
2604 4188 2752 4243 pane
2781 4177 2837 4227 et
2864 4172 3033 4228 olivis
3064 4176 3469 4244 utor,raroque
3499 4172 3613 4228 ole-

1973 4262 2174 4328 ribus;
2208 4262 2422 4332 quique
2470 4277 2654 4315 unum
2688 4260 2871 4315 habeo
2903 4259 3335 4327 vestimentum,
3370 4278 3437 4315 ac
3486 4259 3609 4332 pal-

1972 4348 2255 4417 lium,hoc
2288 4348 2481 4420 ipsum
2514 4364 2628 4418 quo
2660 4349 2910 4404 amictus
2934 4354 3152 4414 sum,et
3182 4348 3295 4403 alio
3318 4365 3465 4419 opus
3496 4365 3610 4403 non

1973 4438 2179 4506 habeo,
2214 4453 2401 4507 neque
2449 4436 2569 4491 ulla
2600 4452 2679 4493 re.
2730 4441 2876 4492 Nam
2909 4437 2968 4492 in
3019 4436 3110 4492 his
3158 4437 3333 4492 etiam
3384 4437 3615 4492 abunde

1974 4526 2118 4581 mihi
2150 4529 2385 4581 est.Mea
2402 4525 2617 4597 quippe
2643 4542 2810 4581 mens
2841 4541 3083 4580 cernens
3106 4524 3224 4580 illic
3246 4525 3443 4580 omnia
3464 4525 3617 4579 bona

208 4616 389 4667 πάντα
418 4613 561 4686 ὁρῶν
595 4611 787 4665 αἰώνια
828 4609 1022 4685 ἀγαθὰ,
1050 4614 1159 4664 τῶν
1212 4610 1434 4664 ἐνταῦθα
1483 4608 1697 4674 οὐδενὸς
1748 4611 1855 4666 έπι-

1974 4620 2209 4681 aaterna,
2242 4612 2466 4669 nullius
2497 4630 2699 4668 eorum
2728 4630 2857 4685 quae
2889 4613 2983 4667 hic
3013 4617 3150 4668 sunt
3179 4630 3379 4669 curam
3428 4611 3616 4668 susci-

213 4700 521 4776 στρέφεται.
577 4700 766 4771 Ὅμως
826 4702 921 4751 σοῦ
983 4700 1075 4771 μὲν
1134 4699 1233 4767 τήν
1290 4697 1494 4774 ἀγαθὴν
1552 4700 1866 4776 προαίρεσιν

213 4787 586 4864 ἀποδέχομαι,
614 4787 704 4840 καὶ
736 4787 1026 4860 θαυμάζων
1060 4785 1283 4855 ἐπαινῶ,
1315 4790 1433 4849 πῶς
1477 4786 1612 4862 ἀνὴρ
1664 4788 1721 4843 ἐκ
1769 4810 1867 4844 πο-

211 4874 463 4931 λυτελῶν
496 4876 628 4939 ἐθῶν
673 4875 957 4949 ὑπάρχων,
994 4872 1196 4950 ῥᾳδίως
1242 4880 1359 4937 τοῖς
1408 4876 1716 4951 ἀναγκαίοις
1773 4878 1863 4932 τὸν

210 4969 440 5020 σεαυτοό
522 4960 839 5033 ὑπήλλαξας
917 4962 1055 5039 βίον.
1110 4967 1298 5036 Ἡμεῖς
1370 4964 1470 5040 γὰρ
1523 4963 1580 5019 έκ
1634 4964 1864 5035 παίδων,

210 5054 325 5127 ἰγὼ
353 5073 415 5107 τε
443 5052 533 5106 καὶ
563 5048 813 5123 Ἀνδρέας
843 5052 871 5105 ὁ
904 5052 1186 5124 σύναιμος,
1220 5051 1282 5106 ού
1338 5052 1499 5124 μόνον
1537 5053 1587 5106 ἐν
1642 5053 1869 5132 ὀρφανίᾳ

207 5146 524 5216 τραφέντες,
560 5138 705 5195 ἀλλὰ
759 5140 849 5194 καὶ
913 5140 1016 5194 ὑπὸ
1074 5139 1258 5201 πενίας
1319 5140 1395 5201 εἷς
1454 5140 1699 5216 ἐργασίαν
1760 5141 1865 5197 ge..-

213 5234 429 5294 σθὲντες
479 5231 543 5293 ⁸ο,
605 5228 856 5303 εὐμαρῶς
910 5227 1143 5305 φέρομεν
1196 5232 1287 5281 νῦν
1335 5229 1429 5289 τὰς
1482 5230 1689 5305 μακράς
1738 5230 1866 5284 ταύ-

210 5340 304 5381 τας
368 5315 710 5382 ὁδοιπορίας.
741 5318 899 5380 ’Ὀθεν
959 5316 1005 5371 εἰ
1062 5316 1278 5371 ἐπείθου
1331 5338 1447 5389 μοι,
1481 5315 1606 5389 ἐμοὶ
1652 5318 1710 5373 ἂν
1746 5340 1869 5395 συγ-

211 5407 565 5482 κεχωρήκεις
592 5406 659 5459 τὰ
690 5402 901 5461 δούλων
934 5403 1290 5481 ἀποπληροῦν
1324 5425 1429 5461 σοι.

1974 4702 2276 4775 piLTuum
2307 4707 2505 4757 tamen
2536 4703 2833 4774 egregium
2865 4702 3203 4757 institutum
3230 4698 3621 4773 approbo;mi-

1976 4807 2187 4862 rorque
2218 4806 2284 4845 ac
2314 4789 2511 4858 laudo,
2546 4806 2661 4860 quo
2710 4790 2883 4845 modo
2914 4790 3001 4843 vir
3033 4790 3090 4844 in
3123 4790 3243 4843 vita
3272 4793 3620 4860 sumptuosa

1974 4881 2277 4946 educatus,
2313 4878 2480 4933 facile
2510 4878 2737 4933 vivendi
2790 4878 3073 4933 rationem
3109 4876 3530 4943 immutaveris,
3562 4879 3619 4931 et

1977 4969 2048 5024 ad
2082 4967 2207 5023 sola
2237 4966 2564 5022 necessaria
2594 4966 3074 5021 traduxeris.Nos
3106 4966 3323 5037 quippe
3355 4982 3388 5019 a
3417 4980 3617 5036 puero,

1975 5072 2081 5128 ego
2112 5060 2169 5111 et
2196 5055 2457 5110 Andreas
2489 5054 2685 5120 frater,
2718 5071 2834 5108 non
2862 5052 3051 5108 solum
3083 5054 3140 5107 in
3173 5052 3449 5125 pupillari
3481 5068 3618 5106 con-

1980 5144 2198 5199 ditione
2228 5142 2684 5207 educati,verum
2703 5143 2878 5197 etiam
2911 5139 3414 5213 propterinOpiam
3448 5141 3518 5194 ad
3543 5139 3622 5195 la-

1984 5233 2183 5287 borem
2216 5230 2820 5302 assuefacti,expedite
2851 5246 3005 5284 nunc
3024 5230 3129 5284 has
3160 5228 3621 5301 longasferimus

1985 5319 2501 5393 peregrinationes.
2534 5319 2743 5383 Quare,
2776 5317 2825 5373 si
2852 5318 3117 5373 crederes
3148 5318 3623 5385 mihi,servorum

1980 5408 2172 5464 officia
2201 5424 2293 5463 me
2322 5406 2429 5463 tibi
2460 5406 2798 5478 impendere
2828 5406 3196 5462 concederes.

1573 5529 1817 5587 VARIE
1880 5531 2287 5588 LECTIONES.

290 5640 338 5716 ³ξ
366 5639 713 5716 Clementiae
738 5641 795 5695 et
826 5636 1257 5710 Recognitiones,
1290 5634 1504 5715 ἑτέρους
1533 5637 1664 5695 COT.
1697 5639 1742 5676 ²⁶
1772 5637 1849 5695 al.
1884 5632 1938 5692 sl’
1964 5657 2078 5713 μοι.
2110 5638 2156 5674 ³⁷
2184 5636 2259 5695 al.
2293 5631 2626 5716 διαφυλάξει.
2662 5637 2706 5673 ³⁸
2739 5636 2814 5694 al.
2861 5633 3131 5701 σπανίοις.
3179 5636 3227 5674 ²⁹
3260 5635 3335 5693 al.
3383 5634 3445 5692 τό
3476 5638 3520 5674 ³⁰
3551 5635 3627 5695 al.

220 5710 602 5779 ἆνεθισθὲντες.

505 5837 777 5903 Ρλτιιοι.
808 5835 919 5901 Gn.
963 5834 1043 5901 II.

3268 5834 3343 5900 ιἹ
