4140 6344
548 331 667 391 523

1376 327 1441 387 S.
1487 319 1927 387 CLEMENTIS
1973 321 1997 380 1
2042 317 2231 379 R031.
2277 315 2505 377 PONT.
2553 315 2812 377 OPERA
2855 317 3120 380 DUBIA.

3830 322 3951 388 524

621 462 835 517 LXXV.
870 463 931 517 Id
981 477 1086 534 ego
1118 461 1385 526 audiens,
1437 454 1759 515 contremui
1810 458 1866 510 et
1913 451 2189 522 collacry-

2376 448 2585 534 LXXV.
2612 448 2762 521 Ἐγὼ
2806 445 2862 502 δὲ
2918 448 3173 523 ἀκούσας,
3206 448 3509 523 σύντρομος
3558 450 3823 529 ἐγενόμην
3864 458 3958 512 καὶ

550 551 747 606 mavi:
790 549 932 621 quia
979 550 1157 606 talem
1204 549 1509 604 habuisset
1560 545 1878 601 orationem
1925 542 2033 606 vir,
2081 556 2196 611 quo

554 639 749 694 cuncti
780 638 954 710 hujus
977 638 1161 693 astatis
1183 637 1448 693 homines
1472 634 1691 691 ratione
1718 630 1974 688 scientiae
1998 646 2063 684 ac
2086 628 2198 699 pie-

554 727 693 783 tatis
724 731 865 782 sunt
912 727 1236 782 inferiores.
1286 728 1359 781 At
1388 724 1507 793 ille,
1558 738 1801 778 cernens
1836 735 1927 774 me
1973 717 2198 786 illacry-

558 820 837 884 mantem,
857 832 1095 872 causam
1128 815 1388 887 rogabat.
1425 814 1537 885 Ego
1569 815 1763 867 autem
1797 808 1867 863 ad
1897 806 2062 861 illum
2091 805 2199 860 :Et

559 904 841 975 quidnam
874 904 1468 976 peccavi,inquam,ut
1490 901 1645 955 hunc
1676 912 2005 954 sermonem
2037 893 2199 949 audi-

559 1009 681 1048 rem
702 992 729 1047 ?
759 992 1086 1064 Statimque
1116 993 1353 1048 Petrus:
1386 990 1441 1044 Si
1474 988 1624 1044 male
1651 987 1878 1042 locutus
1909 997 2196 1045 sum,cum

557 1080 832 1153 proposui
865 1081 1078 1136 servire
1104 1080 1207 1136 tibi
1236 1099 1249 1148 ;
1283 1084 1346 1134 tu
1379 1078 1534 1150 prior
1572 1072 2008 1147 deliquisti,qui
2041 1069 2198 1142 prior

559 1168 618 1223 in
651 1168 845 1224 animo
879 1168 1138 1225 habuisti
1176 1168 1285 1223 hoc
1316 1165 1581 1239 agere.Et
1609 1180 1713 1236 ego
1746 1158 2037 1234 respondi:
2069 1158 2195 1213 Non

556 1262 644 1312 est
673 1256 885 1313 similis
915 1257 1082 1313 ratio:
1104 1256 1394 1328 siquidem
1415 1270 1507 1309 me
1531 1251 1697 1307 valde
1718 1252 1883 1306 decet
1903 1248 1960 1304 id
1987 1249 2195 1314 facere;

551 1349 608 1400 te
637 1361 769 1400 vero
801 1344 1264 1415 nullatenus,qui
1298 1359 1360 1399 es
1394 1343 1488 1397 Dei
1513 1338 1938 1413 praeco,cuique
1968 1336 2197 1391 animas

555 1432 858 1488 hominum
894 1447 1128 1504 pascere
1155 1431 1535 1488 commissum
1567 1432 1675 1484 est.
1704 1428 1850 1482 Tum
1883 1425 2086 1480 Petrus
2109 1422 2199 1477 di-

556 1521 641 1575 xit
673 1538 685 1576 :
725 1520 1002 1576 Dominus
1033 1519 1357 1590 noster,qui
1392 1519 1461 1574 ad
1500 1516 1750 1573 salutem
1782 1513 1961 1570 totius
1993 1509 2199 1567 mundi

557 1608 736 1676 venit,
769 1608 985 1680 quique
1035 1625 1189 1664 unus
1220 1623 1400 1678 supra
1428 1608 1669 1661 cunctos
1700 1619 1897 1658 veram
1927 1605 1984 1657 et
2014 1599 2199 1655 solam

560 1696 926 1751 nobilitatem
974 1697 1215 1768 obtinet,
1267 1695 1479 1751 servire
1530 1710 1596 1749 ac
1646 1692 1975 1747 ministrare
2025 1686 2200 1744 susti-

562 1784 691 1838 nuit
719 1786 782 1852 ³⁴;
800 1788 862 1839 ut
890 1785 1120 1840 doceret
1150 1801 1387 1851 nos,nec
1414 1783 1751 1838 indecorum
1781 1784 2053 1851 putemus
2076 1792 2197 1832 ser-

560 1871 695 1926 vilia
729 1872 1050 1927 ministeria
1072 1871 1352 1943 proximis
1382 1867 1945 1940 exhibere,quamvis
1976 1864 2200 1920 nobiles

559 1960 769 2025 simus,
803 1961 1068 2032 quamvis
1117 1960 1437 2031 plurimum
1468 1975 1567 2014 eos
1613 1955 2048 2013 antecellamus.
2083 1953 2199 2025 Ego

558 2048 775 2119 excepi:
809 2049 868 2103 Si
901 2048 1228 2103 existimem
1260 2048 1413 2118 quod
1446 2052 1501 2102 te
1531 2046 1789 2101 oratione
1819 2043 1933 2098 sim
1966 2057 2201 2111 supera-

555 2141 747 2202 turus,
779 2153 982 2192 amens
1032 2136 1141 2192 sim
1174 2136 1346 2208 plane
1385 2152 1452 2191 ac
1500 2134 1716 2190 stultus
1750 2151 1762 2191 :
1796 2136 2197 2188 verumtamen

556 2225 776 2296 gratias
802 2225 1008 2280 divinae
1032 2224 1411 2281 Providentiaa
1435 2223 1640 2292 habeo,
1664 2227 1719 2277 te
1737 2221 1861 2276 loco
1893 2223 2198 2291 parentum

556 2312 704 2368 mihi
736 2314 1017 2368 donatum
1052 2314 1254 2368 fuisse.

631 2401 861 2456 LXXVI.
894 2402 1040 2456 Tum
1072 2402 1277 2457 Petrus
1313 2418 1326 2456 :
1358 2400 1598 2466 Verene,
1633 2397 2058 2470 inquit,nullus
2089 2396 2197 2451 tibi

558 2495 829 2561 superest
857 2506 924 2545 ex
949 2504 1158 2561 genere
1178 2489 1278 2544 ?Et
1306 2505 1411 2561 ego
1446 2488 1771 2559 respondit:
1789 2487 1939 2541 Sunt
1960 2486 2199 2558 quidem

560 2577 759 2649 plures
782 2594 846 2633 ac
869 2578 1065 2649 magni
1088 2577 1293 2649 viri,ad
1316 2580 1595 2633 Caesarem
1628 2591 1837 2648 genere
1866 2574 2197 2630 attinentes.

560 2665 706 2721 Nam
740 2666 887 2738 patri
919 2668 1140 2731 meo,ut
1170 2668 1299 2737 pote
1330 2681 1447 2719 una
1476 2664 1933 2730 educato,Caasar
1964 2679 2199 2718 uxorem

559 2758 861 2825 cognatam
886 2753 1103 2824 junxit:
1118 2770 1185 2808 ex
1216 2769 1330 2824 qua
1361 2759 1478 2807 tres
1509 2751 1675 2807 liberi
1707 2751 1816 2806 orti
1847 2751 2197 2817 sumus;duo

560 2842 796 2912 quidem
826 2846 961 2896 ante
992 2858 1121 2909 me;
1148 2842 1246 2913 qui
1277 2846 1334 2895 et
1358 2840 1576 2913 gemini
1608 2856 1741 2894 cum
1773 2840 2196 2907 essent,admo-

555 2930 694 2984 dum
727 2930 875 2985 inter
904 2947 965 2986 se
992 2928 1214 2985 similes
1245 2928 1587 2995 erant,sicut
1618 2927 1758 2982 mihi
1793 2928 2069 2982 narrabat
2100 2945 2198 2999 pa-

552 3020 787 3090 terzego
818 3018 1032 3090 quippe
1063 3034 1253 3089 neque
1282 3016 1630 3087 illos,neque
1660 3015 1995 3088 genitricem
2028 3016 2195 3073 valde

550 3107 807 3175 novi,sed
844 3108 1012 3178 quasi
1044 3123 1146 3179 per
1174 3105 1469 3162 somnium
1502 3105 1812 3160 obscuram
1843 3121 2043 3159 eorum
2079 3106 2191 3161 for-

2307 533 2613 611 ὶπίδακρυς,
2648 537 2761 590 οἷον
2793 534 2960 611 λόγον
3004 537 3146 592 εἶπεν
3206 539 3361 615 ἀνὴρ,
3404 540 3465 593 οὗ
3513 543 3706 604 πάντες
3752 544 3805 597 οἱ
3854 552 3958 614 τῆς

2304 628 2395 677 νῦν
2447 628 2627 699 γενεᾶς
2680 620 2981 699 ἄνθρωποι,
3010 630 3089 698 τῷ
3130 628 3171 661 ³¹
3220 630 3319 695 τῆς
3367 628 3616 703 γνώσεως
3666 630 3755 685 καὶ
3805 631 3958 688 εύσε-

2307 706 2453 772 ϐείας
2510 710 2664 785 λόγῳ
2695 711 2991 783 ³²,,ἥττους
3049 712 3203 769 εἶ’σίν.
3236 719 3289 767 '0
3334 711 3390 768 δὲ
3450 712 3579 770 ἰδών
3644 739 3711 790 με
3759 717 3959 774 σύνδα-

2304 820 2457 875 κρυν,
2488 798 2805 854 ἐπυνθάνετο
2853 801 2953 869 τὴν
3004 800 3200 858 αἰτίαν.
3234 802 3393 878 Κάγὼ
3440 805 3575 879 πρὸς
3628 805 3812 861 αὐτόν·
3858 808 3959 863 Καὶ

2302 888 2356 942 τί
2384 892 2629 943 τοιοῦτον
2661 887 2931 963 ἥμαρτον,
2961 889 3126 967 φημὶ,
3156 888 3247 944 ’ίνα
3295 890 3382 945 καὶ
3429 897 3675 948 τοιοῦτον
3727 895 3961 951 ἀκοῦσαί

2309 998 2376 1050 με
2404 979 2449 1013 ³³
2478 975 2675 1053 λόγον;
2708 976 2813 1033 Καὶ
2863 978 2891 1032 6
2936 978 3136 1053 Πέτρος
3195 979 3371 1044 εὐθύς·
3406 981 3469 1036 Εἰ
3526 987 3705 1045 κακῶς
3762 981 3961 1060 εἷ’ρηκα

2306 1062 2593 1119 δουλεῦσαί
2650 1087 2732 1120 σοι
2806 1065 3193 1141 προελόμενος,
3254 1068 3316 1122 σὺ
3392 1075 3610 1146 πρῶτος
3682 1072 3957 1148 ἥμαρτες,

2309 1158 2521 1228 πρῶτος
2550 1156 2850 1241 τοῦτοκαὶ
2897 1163 3124 1226 ποιῆσαι
3174 1160 3562 1233 προθυμηθείς.
3597 1160 3761 1236 Κάγὼ
3795 1161 3956 1241 ἔφην·

2306 1241 2423 1318 Οὐχ
2471 1242 2678 1315 ὁμοίως
2726 1240 2864 1318 ἔχει.
2899 1243 3054 1317 Ἐμοὶ
3106 1245 3199 1318 μὶν
3244 1246 3347 1320 γὰρ
3398 1246 3486 1302 καὶ
3529 1246 3649 1303 λίαν
3684 1240 3957 1327 προσήκει

2306 1333 2464 1385 τοῦτο
2496 1335 2693 1386 ποιεῖν·
2728 1332 2813 1386 σοὶ
2845 1328 2903 1385 δὲ
2943 1329 3221 1406 οὐδαμῶς,
3255 1334 3346 1389 ἅτε
3395 1340 3528 1390 Θεοῦ
3570 1340 3771 1413 κήρυκι
3815 1335 3961 1411 ὄντι,

2307 1418 2397 1473 καὶ
2428 1420 2608 1495 ψυχὰς
2659 1420 2957 1494 ἀνθρώπων
3007 1420 3317 1495 ποιμαίνειν
3368 1427 3792 1501 πεπιστευμένῳ.
3855 1428 3959 1483 Καὶ

2309 1509 2337 1562 6
2370 1509 2593 1584 Πέτρος,
2623 1509 2684 1565 Ὀ
2733 1508 2932 1585 Κύριος
2978 1512 3158 1583 ἡμῶν,
3192 1511 3354 1582 εἶπεν,
3396 1511 3482 1567 ἐπὶ
3531 1515 3777 1591 σωτηρίᾳ
3821 1538 3963 1573 παν-

2306 1596 2400 1658 τὸς
2430 1601 2527 1651 τοῦ
2554 1596 2763 1670 κόσμου
2795 1596 3104 1668 ἐληλυθὼς,
3142 1599 3309 1672 μόνος
3340 1622 3398 1656 τε
3439 1601 3572 1678 ὑπὲρ
3610 1606 3811 1668 πάντας
3858 1609 3962 1677 τήν

2310 1685 2489 1755 ἀληθῆ
2547 1685 2637 1739 καὶ
2695 1685 2865 1758 μόνην
2930 1686 3195 1762 εὐγένειαν
3256 1685 3423 1765 ἔχων,
3470 1687 3747 1746 δουλεύειν
3827 1694 3959 1763 ἠνέ-

2312 1794 2495 1849 σχετο,
2523 1773 2596 1827 ⁹ίν’
2625 1776 2772 1846 ἡμᾶς
2817 1774 2995 1848 πείσῃ,
3033 1776 3108 1847 μὴ
3164 1773 3233 1831 δι’
3265 1777 3531 1854 αἰσχύνης
3569 1783 3861 1853 ποιεῖσθαι,
3893 1784 3959 1838 τὸ

2310 1860 2567 1924 δουλικάς
2598 1864 2915 1940 προσφέρειν
2944 1869 3058 1925 τοῖς
3089 1863 3325 1934 πλησίον
3369 1867 3687 1943 ὑπηρεσίας,
3718 1870 3815 1925 κᾶν
3867 1870 3956 1925 εύ-

2308 1953 2477 2027 γενιῖς
2527 1953 2692 2023 ὦμεν,
2727 1950 2821 2006 κᾶν
2871 1952 3124 2008 πλεῖστον
3176 1952 3349 2009 αὐτῶν
3396 1953 3758 2033 διαφέρωμεν.
3792 1961 3955 2037 Κάγὼ

2307 2038 2461 2118 ἔφην·
2494 2040 2559 2094 Εἰ
2607 2038 2762 2114 λόγῳ
2800 2061 2858 2093 σε
2894 2042 3133 2111 νικήσειν
3182 2041 3391 2115 οἴομαι,
3424 2045 3607 2120 ἄφρων
3659 2046 3773 2120 εἷμί
3817 2050 3958 2103 κατὰ

2303 2129 2366 2184 τὸ
2397 2128 2618 2206 φανερὸν
2649 2128 2738 2183 καὶ
2771 2128 3019 2199 ἀνόητος·
3052 2129 3198 2199 πλὴν
3234 2129 3376 2186 ἀλλὰ
3405 2131 3565 2207 χάριν
3598 2131 3719 2190 οἶδα
3756 2140 3825 2210 τῇ
3854 2141 3955 2191 τοῦ

2307 2222 2439 2273 Θεοῦ
2492 2217 2739 2293 προνοίᾳ,
2771 2216 2854 2272 ὅτι
2910 2238 3010 2294 περ
3068 2218 3144 2281 είς
3202 2221 3407 2294 γονέων
3465 2227 3658 2299 μοῖραν
3719 2221 3865 2301 ἔχειν
3896 2246 3958 2280 σε

2305 2306 2670 2379 κατηξίωμαι.

2379 2397 2619 2451 LXXVI.
2653 2395 2757 2450 Καὶ
2789 2395 2816 2448 ὁ
2848 2395 3074 2471 Πέτρος.
3105 2393 3292 2459 Οὐδεὶς
3328 2394 3385 2452 δέ
3414 2418 3498 2453 σοι
3550 2397 3793 2471 ἀληθῶς,
3826 2398 3954 2479 ἔφη,

2288 2484 2441 2563 ⁴,πρὸς
2489 2483 2673 2559 γένους
2722 2482 2991 2559 ὑπάρχεις
3026 2485 3184 2560 Κᾶγὼ
3238 2486 3633 2561 ἀπεκρινάμην·
3668 2488 3783 2544 Eia?
3838 2492 3953 2564 μὴν

2305 2572 2509 2628 πολλοὶ
2566 2572 2654 2626 καὶ
2714 2571 2941 2648 μεγάλοι
3028 2569 3238 2649 ἄνδρες,
3297 2575 3522 2651 Καίσαρι
3582 2579 3954 2651 προσήκοντες

2306 2661 2439 2715 κατὰ
2492 2660 2665 2735 γένος.
2698 2662 2848 2715 Ὅθεν
2877 2660 2957 2731 τῷ
3009 2658 3127 2733 ἐμῷ
3184 2663 3347 2738 πατρὶ
3374 2663 3447 2724 ὠς
3476 2663 3564 2718 καὶ
3596 2664 3877 2744 συντρόφῳ
3910 2669 3957 2704 ³⁸

2306 2755 2512 2825 Καῖσαρ
2572 2753 2798 2824 γυναῖκα
2855 2756 3083 2824 συγγενῆ
3146 2751 3542 2825 συνηρμόσατο·
3576 2752 3663 2831 ἀφ’
3694 2757 3757 2823 ἧς
3806 2760 3954 2831 τρεῖς

2306 2837 2595 2913 ἐγενόμεθα
2653 2837 2781 2891 υἱοί·
2846 2834 2939 2892 δύο
3003 2839 3095 2910 μὲν
3146 2840 3251 2914 πρὸ
3300 2838 3455 2911 ἐμοῦ,
3490 2841 3542 2895 οἳ
3589 2842 3677 2897 καὶ
3728 2840 3952 2917 δίδυμοι

2304 2922 2472 2995 ὄντες,
2502 2924 2708 3000 κομιδῇ
2758 2924 2941 2999 ὅμοιοι
2992 2924 3267 2997 ἀλλήλοις
3317 2927 3633 3003 ἐτύγχανον,
3667 2930 3741 2993 ὡς
3786 2932 3813 2985 6
3844 2954 3950 2987 πα-

2300 3017 2404 3090 τὴρ
2437 3012 2675 3090 ἐξηγεῖτό
2713 3035 2826 3087 μοι.
2860 3015 3002 3088 Ἐγὼ
3034 3014 3132 3089 γὰρ
3167 3013 3289 3069 οὕτε
3317 3015 3533 3084 αὐτοὺς,
3566 3015 3688 3073 οὕτε
3732 3020 3830 3088 τήν
3860 3041 3949 3076 τε·

2301 3101 2495 3158 κοῦσαν
2569 3101 2704 3157 πάνυ
2780 3102 3089 3174 ἐπίσταμαι·
3150 3101 3279 3157 ἀλλ’
3357 3103 3537 3180 ὥσπερ
3598 3104 3667 3161 δι’
3724 3106 3947 3182 ὀνείρων

552 3212 705 3250 mam
743 3195 885 3251 mihi
936 3199 1306 3267 repraasento.
1341 3193 1524 3266 Igitur
1577 3196 1764 3248 mater
1794 3194 2030 3263 quidem
2062 3210 2192 3249 mea

2306 3190 2544 3267 ἀμυδρὸν
2593 3191 2765 3245 αὐτῶν
2815 3190 2905 3245 καὶ
2951 3171 3013 3245 τὰ
3064 3188 3207 3253 εἶδος
3254 3171 3523 3271 ἀναφέρω.
3574 3196 3637 3252 Ἡ
3699 3197 3793 3268 μὶν
3837 3171 3947 3253 ὀῦν

552 3284 860 3339 Matthidia
890 3284 1214 3351 dicebatur,
1246 3288 1410 3355 pater
1438 3286 1633 3337 autem
1667 3282 1953 3349 Faustus;
1987 3283 2193 3338 fratres

555 3387 710 3440 vero,
746 3371 890 3427 alter
919 3372 1254 3439 Faustinus,
1286 3370 1431 3426 alter
1461 3370 1873 3425 Faustinianus
1905 3371 2194 3425 vocaban-

553 3463 669 3513 tur.
702 3461 847 3515 Cum
876 3459 1057 3531 igitur
1086 3463 1217 3531 post
1253 3476 1351 3514 eos
1382 3458 1587 3514 tertius
1617 3474 1721 3530 ego
1758 3463 1929 3513 natus
1978 3474 2190 3525 essem,

561 3549 1265 3619 mater,quemadmodum
1296 3554 1461 3619 pater
1490 3546 2093 3613 referebat,somnium
2117 3548 2195 3601 vi-

556 3636 823 3708 dit,quod
848 3636 961 3691 nisi
990 3635 1294 3691 confestim
1313 3635 1635 3706 assumptis
1667 3635 1895 3689 duobus
1910 3634 2047 3690 ﬁliis
2069 3636 2193 3693 suis

560 3726 833 3797 geminis,
883 3725 1067 3780 Roma
1110 3723 1456 3779 decennium
1500 3724 1747 3791 abesset,
1780 3722 1909 3794 ipsa
1938 3740 2069 3779 cum
2120 3724 2193 3780 iis

559 3820 743 3871 morte
773 3814 1028 3887 pessima
1058 3816 1212 3869 esset
1239 3811 1565 3867 interitura.

625 3991 890 4047 LXXVII.
924 3996 1096 4047 Pater
1122 3990 1427 4062 igitur,qui
1461 3988 1773 4043 liberorum
1807 4006 2008 4045 amans
2047 3996 2188 4065 erat,

551 4096 686 4134 cum
718 4080 898 4135 servis
928 4084 983 4135 et
1014 4078 1346 4145 ancillis,ac
1377 4078 1510 4132 dato
1542 4076 1867 4131 sufﬁciente
1898 4079 2188 4150 viatico,in

553 4184 757 4223 navem
792 4166 1389 4239 impositos,Athenas
1416 4166 1591 4220 etiam
1623 4165 1974 4221 erudiendos
2008 4168 2184 4226 misit:

551 4271 645 4311 me
675 4272 805 4310 vero
852 4255 1040 4310 solum
1069 4257 1138 4310 ad
1190 4255 1645 4310 consolationem
1677 4269 1872 4308 secum
1928 4256 2183 4314 retinuit.

548 4346 737 4416 Atque
766 4360 892 4398 eam
927 4344 998 4397 ob
1030 4360 1151 4398 rem
1199 4344 1463 4415 ingentes
1490 4342 1707 4413 gratias
1739 4357 1866 4413 ago,
1900 4344 2052 4414 quod
2093 4361 2186 4401 me

551 4448 783 4504 quoque
814 4433 1108 4487 somnium
1134 4449 1247 4487 non
1274 4430 1516 4503 jusserit
1538 4447 1655 4485 una
1674 4446 1807 4484 cum
1832 4434 2185 4498 matre,urbe

549 4521 733 4577 Roma
762 4521 1260 4591 excedere.ltaque
1280 4536 1346 4575 eo
1378 4535 1528 4574 anno
1560 4522 2041 4591 transacto,pater
2062 4522 2186 4579 suis
2215 4540 2262 4605 D

544 4609 799 4664 Athenas
826 4608 985 4663 misit
1007 4606 1520 4680 pecuniam,simul
1552 4622 1896 4677 cognoscere
1928 4610 2185 4679 gestiens

543 4714 657 4768 quo
690 4698 861 4752 modo
890 4698 1070 4751 vitam
1107 4700 1357 4768 agerent.
1384 4694 1489 4759 Qui
1524 4699 1717 4749 autem
1751 4695 2033 4763 abierant,
2067 4715 2181 4754 non

543 4785 1059 4841 redierunt.Tertio
1092 4800 1297 4839 rursus
1326 4800 1476 4839 anno
1508 4786 1672 4853 pater
1687 4783 1893 4837 anxius
1911 4784 2057 4841 alios
2080 4788 2180 4842 ab-

540 4872 753 4945 legavit
780 4872 1050 4928 similiter
1079 4888 1210 4927 cum
1243 4872 1416 4926 rebus
1447 4871 1518 4925 ad
1546 4870 1760 4925 victum
1794 4875 2175 4932 necessariis:

539 4961 640 5032 qui
673 4966 1045 5032 quartoanno
1078 4962 1321 5016 redeunt
1346 4960 1697 5015 acnuntiant
1726 4976 1785 5013 se
1802 4977 1902 5015 nec
1934 4968 2176 5020 matrem

541 5066 753 5116 meam,
787 5066 889 5105 nec
942 5050 1150 5105 fratres
1197 5065 1443 5119 usquam
1497 5047 1730 5117 vidisse,
1767 5065 1952 5119 neque
1999 5051 2176 5109 ullius

538 5154 739 5193 eorum
769 5138 869 5210 qui
901 5155 1034 5194 cum
1056 5137 1129 5195 iis
1158 5137 1551 5193 discesserant
1575 5134 1660 5190 vel
1682 5137 1988 5208 vestigium
2015 5155 2173 5211 repe-

534 5227 580 5281 ri
589 5243 702 5283 sse.

600 5315 889 5372 LXXVIII.
926 5316 1056 5373 Haec
1091 5332 1227 5389 ergo
1260 5313 1504 5370 audiens
1535 5316 1717 5384 pater,
1751 5318 1808 5369 et
1837 5330 1955 5386 prae
1986 5318 2169 5374 multo

2309 3282 2492 3355 μήτηρ
2545 3300 2650 3353 μου
2688 3276 2953 3342 Ματθιδία
3003 3278 3238 3354 ἐλέγετο·
3276 3281 3304 3335 6
3353 3278 3410 3336 δὲ
3439 3283 3641 3356 πατὴρ,
3676 3289 3947 3349 Φαῦστος·

2304 3371 2355 3424 οἱ
2413 3367 2660 3446 ἀδελφοὶ,
2720 3369 2748 3422 6
2810 3368 2903 3441 μὲν
2980 3373 3302 3441 Φαυστῖνος,
3358 3370 3386 3423 6
3444 3367 3502 3425 δὲ
3559 3376 3948 3439 Φαυστινιανὸς

2303 3455 2571 3514 ἐκαλεῖτο.
2631 3458 2800 3529 Ἐμοῦ
2859 3456 2948 3510 οὗν
3001 3456 3188 3532 τρίτου
3246 3455 3681 3532 ἐπιγεννηθέντος
3740 3461 3948 3538 αὐτοῖς,

2300 3550 2335 3617 ἡ
2400 3548 2582 3621 μήτηρ
2641 3540 2845 3618 ὄνειρον
2902 3543 3151 3620 ἑωράκει,
3201 3545 3274 3606 ὡς
3334 3546 3361 3599 6
3420 3550 3600 3624 πατὴρ
3654 3549 3941 3627 ὑφηγεῖτο,

2302 3637 2384 3691 ὅτι
2444 3634 2528 3690 ἐὰν
2594 3635 2669 3707 μὴ
2722 3632 2847 3695 τοὺς
2918 3631 3179 3707 διδύμους
3254 3635 3421 3705 αὐτῆς
3498 3637 3649 3699 υἱοὺς
3716 3637 3940 3713 ἐξαυτῆς

2300 3719 2710 3801 παραλαϐοῦσα,
2782 3729 2881 3792 τῆς
2947 3721 3231 3796 Ῥωμαίων
3315 3721 3650 3801 ἀποδημήσῃ
3722 3727 3939 3794 πόλεως

2301 3814 2387 3869 ἐπὶ
2446 3809 2536 3884 ἔτη
2592 3809 2738 3881 δέκα,
2786 3809 3127 3888 πανολεθρίῳ
3182 3811 3273 3866 σὺν
3334 3812 3516 3875 αὐτοῖς
3591 3814 3938 3875 ἀποθανεῖται

2298 3905 2530 3975 θανάτῳ.

2372 3991 2631 4049 LXXVII.
2662 3994 2717 4042 Ὀ
2759 3988 2852 4061 μὲν
2902 3988 2992 4043 οὑν
3041 3990 3222 4065 πατὴρ
3261 3989 3579 4068 φιλότεκνος
3614 3990 3712 4061 ὣν,
3744 3993 3835 4048 σύν
3881 4015 3940 4049 τε

2300 4079 2517 4140 δούλοις
2548 4078 2637 4132 καὶ
2668 4074 2892 4138 δούλαις
2926 4074 3209 4153 ἐφοδιάσας
3240 4079 3459 4148 ἱκανῶς,
3491 4078 3580 4134 καὶ
3638 4080 3716 4142 εἷς
3746 4079 3943 4137 πλοῖον

2298 4168 2597 4240 ἐνθέμενος.
2660 4165 2737 4227 εἷς
2794 4165 2888 4226 τὰς
2946 4167 3176 4235 Ἀθήνας
3232 4168 3343 4240 ἅμα
3406 4166 3940 4243 παιδευθησομένους

2299 4258 2611 4331 ἐξέπεμψεν·
2646 4254 2743 4327 ἐμὲ
2800 4251 2856 4308 δὲ
2919 4254 3082 4325 μόνον
3143 4254 3217 4317 εἰς
3267 4257 3611 4331 παραμυθίαν
3662 4255 3787 4334 ἔσχε
3812 4260 3941 4335 παρ’

2296 4346 2489 4415 ἐαυτῷ.
2526 4343 2625 4400 Καὶ
2684 4341 2769 4396 ἐπὶ
2816 4340 2996 4414 τούτῳ
3049 4341 3355 4417 εὐχαριστῶ
3385 4342 3589 4417 πολλὰ,
3622 4344 3706 4399 ὅτι
3734 4346 3875 4419 κάμὲ
3904 4348 3933 4401 6

2294 4428 2499 4509 ὄνειρος
2562 4432 2637 4503 μὴ
2694 4427 2999 4484 κεκελεύκει
3028 4430 3141 4503 ἅμα
3188 4434 3257 4505 τῇ
3311 4431 3479 4509 μητρὶ
3524 4434 3624 4503 τὴν
3651 4434 3934 4507 Ῥωμαίων

2294 4517 2513 4589 ἐκϐῆναι
2556 4514 2739 4574 πόλιν.
2790 4516 2894 4572 Τοῦ
2942 4517 3183 4573 ἐνιαυτοῦ
3251 4520 3430 4574 τοίνυν
3509 4519 3711 4576 ἐκείνου
3785 4543 3937 4597 περι-

2294 4606 2566 4677 ελθόντος,
2599 4607 2626 4659 6
2657 4606 2836 4680 πατὴρ
2869 4603 3104 4679 ἔπεμψεν
3140 4606 3213 4668 εἷς
3243 4609 3472 4678 Ἀθήνας
3506 4612 3771 4684 χρήματα
3814 4618 3934 4674 τοῖς

2292 4697 2503 4767 ἑαυτοῦ,
2542 4696 2723 4767 μαθεῖν
2780 4694 2894 4766 ἅμα
2950 4692 3286 4768 γλιχόμενος
3342 4700 3459 4758 πῶς
3493 4694 3595 4772 ἄρα
3626 4695 3925 4774 διάγουσιν.

2290 4786 2352 4840 Ol
2412 4783 2468 4839 δέ
2525 4782 2866 4853 ἀπελθόντες,
2901 4781 2999 4836 οὐκ
3054 4782 3383 4851 ἐπανῆλθον.
3422 4784 3597 4858 Τρίτῳ
3656 4783 3712 4840 δὲ
3766 4786 3931 4843 πάλιν

2287 4874 2512 4944 ἐνιαυτῷ
2557 4873 2585 4926 6
2634 4872 2813 4945 πατὴρ
2869 4869 3117 4943 ἀθυμῶν,
3156 4872 3371 4941 ἐτέρους
3428 4868 3662 4947 ἔπεμψεν
3721 4875 3932 4948 ὁμοίως

2286 4962 2376 5017 σὺν
2436 4959 2694 5038 ἐφοδίοις·
2728 4956 2950 5021 οἷ’τινες
3012 4961 3250 5033 τετάρτῳ
3310 4960 3536 5033 ἐνιαυτῷ
3574 4963 3708 5032 ἧκον
3758 4963 3931 5041 ἀπαγ-
4040 5000 4045 5019 ι

2283 5050 2596 5127 γέλλοντες,
2631 5050 2771 5121 μήτε
2805 5068 2908 5120 μου
2945 5050 3045 5117 τήν
3098 5053 3376 5119 τεκοῦσαν,
3404 5050 3439 5118 ἢ
3472 5049 3599 5112 τοὺς
3656 5047 3928 5129 ἀδελφοὺς

2282 5138 2429 5200 ὅλως
2461 5137 2753 5213 ἑωρακέναι
2785 5139 2853 5203 ³⁸,
2887 5134 3027 5210 μηδὲ
3057 5135 3233 5192 ἄλλου
3260 5138 3403 5199 τινὸς
3448 5142 3556 5193 τῶν
3605 5136 3697 5194 σὺν
3740 5138 3927 5204 αὐτοῖς

2280 5224 2706 5295 ἀπεληλυθότων
2740 5224 2836 5279 κᾶν
2867 5222 3023 5299 ἴχνος
3055 5226 3361 5301 εὑρηκέναι.

2352 5317 2636 5371 LXXVIII.
2677 5314 2733 5366 Ὀ
2792 5313 2886 5386 μὶν
2946 5313 3036 5368 οὗν
3094 5315 3295 5391 πατὴρ,
3329 5319 3496 5371 ταῦτα
3551 5314 3802 5387 ἀκούσας,
3829 5318 3923 5373 καὶ

1871 5438 2118 5495 VARUE
2156 5439 2566 5497 LECTIONES.

594 5542 741 5626 ἣξει.
763 5546 982 5626 τῷν.“⁸ξ
1002 5544 1077 5601 al.
1106 5538 1310 5626 λόγων.
1341 5544 1387 5579 ³³
1418 5542 1493 5601 al.
1518 5540 1831 5619 ἀκούσαιμι.
1864 5546 1910 5581 ³⁶
1930 5546 2133 5606 Matth.
2166 5566 2259 5624 xx,
2288 5549 2377 5608 28.
2412 5547 2457 5585 ³⁸
2487 5545 2563 5605 al.
2596 5545 2773 5605 inser.
2805 5541 2991 5605 αὑτοῦ.
3023 5548 3068 5586 ³⁸
3092 5546 3169 5606 al.
3204 5547 3384 5608 inser.
3417 5566 3556 5625 μητε
3596 5546 3703 5626 μὴν
3731 5546 3919 5621 αὑταῖς

524 5612 774 5690 Ἀθήναις
804 5612 1277 5697 ἐπιδεδημηκέναι.

4024 5606 4029 5705 l

4014 5820 4023 5843 Li

4010 5880 4021 6103 l

3994 6104 4013 6283 l

4034 5262 4039 5277 Ι

4034 5366 4037 5377 l
