4140 6344
210 375 328 436 523

976 375 1507 437 CLEMENTINA.
1546 411 1618 420 ——
1651 374 1998 439 El‘l'l‘OME
2045 379 2145 437 DE
2189 377 2461 441 GES'I‘IS
2509 383 2574 442 S.
2625 380 2880 443 PETRI.

3510 380 3628 443 526

215 505 311 559 ὑπὸ
350 502 570 573 πολλῆς
604 502 782 575 λύπης
813 500 1086 578 ἔκθαμϐος
1110 505 1419 581 γενόμενος,
1451 506 1539 560 καὶ
1573 504 1671 560 οὒκ
1702 504 1860 567 εἷ’δὼς

1981 508 2176 565 dolore
2206 510 2664 582 obstupefactus,
2688 512 3069 584 nesciensque
3090 530 3206 585 quo
3246 529 3446 569 eorum
3475 531 3629 585 quaa-

215 598 315 647 ποῦ
349 595 600 668 ὁρμήσας
631 594 767 648 κατᾶ
816 597 1039 664 ζήτησιν
1096 594 1308 649 ἐκείνων
1359 595 1585 666 ἐξέλθοι,
1619 595 1716 667 έμὶ
1763 616 1865 649 πα-

218 677 489 755 ραλαϐὼν,
554 681 641 736 καὶ
716 682 793 745 εἰς
867 682 1068 758 πόρτον
1122 685 1165 719 3"
1221 678 1481 754 καταϐὰς,
1542 683 1870 755 πυκνότερον

217 770 551 841 ἐπυνθάνετο,
578 776 685 826 πού
712 792 794 833 τις
839 769 945 826 ἴδοι
996 772 1033 841 ἢ
1080 770 1354 827 ἀκούσειεν
1406 771 1552 833 ἐντὸς
1595 772 1865 847 τεσσάρων

218 860 467 914 ἐνιαυτῶν
500 860 811 929 ἀπαντῆσαν
843 858 1121 935 ναυάγιον.
1156 861 1257 916 Καὶ
1290 858 1461 922 ἄλλος
1490 858 1715 935 ἀλλαχῆ
1755 858 1870 916 ἔλε-

218 970 321 1023 γεν.
356 950 419 1007 Ὀ
471 946 529 1004 δὲ
586 948 751 1004 πάλιν
812 949 1244 1022 ἀπεπυνθάνετο,
1280 950 1326 1005 εἰ
1385 950 1650 1025 ἑωράκασι
1710 954 1870 1023 σῶμα

222 1038 472 1113 γυναικᾶς
507 1040 640 1111 μετᾶ
674 1039 887 1117 βρεφῶν
927 1033 1351 1113 ἐκϐεϐρασμένον
1394 1038 1463 1113 τῇ
1633 1037 1865 1093 Πολλῶν

218 1124 299 1181 οὖν
329 1126 519 1182 πολλὰ
550 1126 820 1203 λεγόντων
854 1126 1147 1203 ἑωρακέναι
1178 1128 1449 1200 πτώματα
1493 1128 1629 1182 κατά
1678 1125 1867 1205 διαφό-

218 1234 336 1290 ρους
376 1215 626 1291 καιροὺς,
681 1217 708 1271 ὁ
756 1219 935 1292 πατὴρ
986 1216 1195 1271 ἀκούων
1249 1216 1507 1286 ἐστέναξε.
1562 1214 1715 1285 Πλην
1765 1217 1868 1271 ὑπὸ

211 1310 312 1360 τῶν
350 1303 689 1380 σπλάγχνων
740 1305 1086 1379 νενικημένος
1118 1308 1183 1375 ³⁸,
1216 1304 1475 1381 ἀλόγιστα
1523 1303 1865 1375 ἐπυνθάνετο,

214 1398 466 1449 τοσοῦτον
519 1393 793 1464 θαλάσσης
844 1396 1005 1469 βυθὸν
1052 1394 1395 1470 πειρώμενος
1443 1395 1680 1469 ἒρευνᾷνο
1712 1393 1868 1467 ὅμως

218 1483 554 1558 συγγνωστὸς
599 1486 688 1554 ἦν,
731 1483 815 1538 ὅτι
867 1482 956 1538 διὰ
1003 1485 1102 1552 τὴν
1150 1484 1286 1559 πρὸς
1325 1482 1454 1545 τοὺς
1504 1486 1869 1555 ζητουμένους

216 1573 474 1647 στοργήν,
505 1571 717 1626 ἐλπίσιν
752 1570 1106 1628 ἐϐουκολεῖτο
1136 1577 1331 1634 κεναῖς.
1369 1572 1464 1626 Καὶ
1498 1569 1564 1642 δή
1599 1593 1732 1627 ποτε
1765 1573 1867 1627 ὑπὸ

216 1666 558 1737 φροντισταῖς
587 1661 909 1716 καταλιπών
947 1682 1012 1734 με
1053 1660 1143 1715 καὶ
1194 1660 1529 1735 ἐπιτρόποις,
1565 1658 1865 1715 δωδέκατον

215 1748 315 1819 ἤδη
360 1749 630 1824 γεγονότα
680 1746 821 1821 ἔτος,
857 1749 1017 1812 αὐτὸς
1067 1746 1310 1823 δακρύων
1364 1749 1438 1811 εἷς
1485 1750 1685 1826 πόρτον
1735 1770 1868 1804 κατ-

215 1838 365 1906 ῆλθε’
400 1838 491 1893 καὶ
551 1838 627 1901 εἷς
679 1838 875 1894 πλοῖον
910 1834 1099 1911 ἐμϐὰς,
1146 1838 1219 1900 εἷς
1276 1838 1595 1909 ἐπιζήτησιν
1651 1837 1866 1893 ἐκείνων

214 1924 518 1994 ἐξέπλευσεο
552 1928 639 1980 καὶ
690 1925 743 1996 ἐξ
789 1925 998 1981 ἐκείνου
1052 1925 1216 2002 μέχρι
1265 1926 1355 1980 καὶ
1402 1931 1492 1980 νῦν
1546 1922 1669 1981 οὕτε
1697 1930 1871 2002 γράμ-

221 2036 355 2085 ματα
404 2016 535 2090 παρ’
584 2014 752 2070 αύτοῦ
797 2014 1081 2090 ἐδεξάμην,
1132 2012 1257 2070 οὔτε
1302 2018 1348 2052 ³9
1396 2015 1447 2070 ἐν
1499 2020 1656 2084 ζῶσιν
1709 2016 1866 2071 αὐτὸν

213 2103 344 2157 εἶναι
383 2105 424 2173 ἢ
471 2104 790 2174 τεθνηκόσιν
847 2103 996 2167 ὅλως
1055 2104 1367 2177 ἐπίσταμαι,
1427 2105 1595 2173 Ῥοπὴ
1657 2102 1714 2159 δέ
1773 2126 1866 2177 μοι

213 2191 415 2246 πλείων
464 2193 602 2266 πρὸς
650 2197 813 2247 τοῦτο
861 2200 959 2263 ἧς
1009 2190 1271 2260 διανοίας,
1303 2191 1385 2248 ὅτι
1422 2192 1643 2264 τέθνηκέ
1671 2215 1796 2266 που,
1827 2195 1863 2264 ἢ

212 2280 307 2334 ὑπὸ
366 2278 553 2350 λύπης
615 2280 796 2350 ἥττων
853 2280 1171 2356 γενόμενος,
1204 2283 1239 2350 ἢ
1271 2280 1507 2357 ναυαγίῳ
1537 2283 1863 2353 περιπεσών

209 2367 401 2424 τούτου
436 2366 492 2423 δὲ
517 2369 806 2445 τεκμηρίῳ
836 2373 1083 2445 χρῶμαι,
1115 2369 1197 2425 ὅτι
1230 2368 1282 2441 ἐξ
1323 2368 1531 2425 ἐκείνου
1578 2368 1688 2441 ἤδη
1742 2370 1861 2426 λοι-

210 2458 303 2512 πὸν
336 2458 583 2513 εἰκοστὸν
612 2457 730 2519 ἔτος
761 2457 922 2527 ἐσνὶν,
956 2458 1046 2536 ἀφ’
1086 2459 1149 2514 οὗ
1197 2455 1347 2535 ἴχνος
1396 2456 1548 2514 οὐδὲν
1598 2458 1863 2531 ἀληθείας

210 2545 326 2619 ἐμοὶ
356 2548 489 2621 περὶ
522 2545 686 2601 αὐτοῦ
717 2545 1002 2615 ἤκουσται.

275 2636 511 2693 LXXIX.
544 2639 721 2690 Ταῦτα
774 2635 987 2689 ἀκούων
1038 2635 1065 2689 6
1108 2636 1332 2712 Πέτρος,
1368 2636 1471 2690 ὑπὸ
1524 2636 1858 2709 συμπαθείας

210 2722 435 2799 ἐδάκρυε
488 2725 579 2778 καὶ
637 2723 830 2785 εὐθέως
874 2729 992 2785 τοῖς
1035 2728 1251 2779 συνοῦσι
1298 2724 1542 2800 γνησίοις
1586 2725 1751 2779 εἶπενο
1792 2724 1866 2780 Ei’

207 2833 282 2874 τις
350 2813 623 2867 πέπονθεν
687 2808 913 2881 εὐσεϐὴς
980 2814 1116 2887 ἀνὴρ
1181 2815 1269 2867 οἷα
1317 2814 1345 2869 ὁ
1390 2814 1586 2868 τούτου
1651 2816 1853 2889 πατὴρ,

206 2902 401 2964 εὐθέως
452 2902 512 2956 ἂν
560 2907 638 2972 τῷ
672 2909 773 2971 τῆς
806 2897 1106 2965 θεοσεϐείας
1135 2900 1310 2976 λόγῳ,
1342 2907 1422 2975 τῷ
1462 2907 1687 2978 πονηρῷ
1734 2902 1853 2957 ἐπέ-

203 3012 367 3069 γραφε
430 2992 529 3059 τήν
587 2991 781 3048 αἰτίαν.
815 2991 968 3045 Οὕτω
1014 2991 1104 3045 καὶ
1134 2996 1249 3053 τοῖς
1277 2990 1650 3066 ταλαιπωροις
1684 2988 1851 3046 ἔθνεσι

201 3076 486 3150 συμϐαίνει
536 3082 788 3155 πάαχειν,
820 3081 907 3133 καὶ
961 3081 1261 3154 ἀγνοοῦμεν
1311 3080 1363 3134 οἳ
1415 3075 1703 3143 θεοσεϐεῖς.
1747 3085 1849 3133 Τα-

203 3168 522 3244 λαιπώρους
556 3166 612 3223 δὲ
642 3169 835 3229 αὐτοὺς
861 3168 1100 3243 εὐλόγως
1133 3165 1343 3243 εἷ’ρηκα,
1377 3167 1457 3222 ὅτι
1490 3169 1578 3222 καὶ
1628 3168 1849 3223 ἐνταῦθα

1980 599 2230 653 rendum
2261 615 2436 655 causa
2486 600 2770 666 tenderet,
2820 607 3125 673 assumpto
3159 617 3268 672 me,
3308 618 3375 657 ac
3406 602 3462 656 in
3491 619 3625 674 por-

1977 689 2104 741 tum
2164 688 2543 759 descendens,
2604 690 2965 760 frequentius
3036 690 3463 759 sciscitabatur,
3520 689 3622 746 ubi

1980 774 2271 847 quispiam
2302 777 2545 833 vidisset
2562 777 2651 833 vel
2676 778 2962 835 audiisset
2982 778 3136 834 intra
3166 784 3417 850 quatuor
3438 795 3624 836 annos

1978 864 2354 936 naufragium
2378 865 2714 938 contigisse.
2749 869 2935 938 Atque
2958 866 3104 922 varii
3125 867 3285 923 vario
3307 867 3367 922 in
3387 867 3510 922 loco
3534 884 3628 923 ac-

1978 952 2191 1008 cidisse
2218 953 2566 1009 referebant.
2602 954 2705 1010 Ille
2735 959 2927 1010 autem
2952 955 3164 1011 iterum
3195 957 3455 1029 rogabat,
3483 974 3621 1013 num

1975 1041 2264 1098 vidissent
2294 1059 2509 1115 corpus
2544 1042 2811 1099 mulieris
2840 1060 2973 1099 cum
3009 1045 3205 1116 pueris
3236 1046 3294 1099 in
3345 1049 3561 1101 terram
3591 1063 3626 1101 a

1977 1130 2125 1185 mari
2150 1132 2421 1202 ejectum.
2442 1135 2704 1204 Cumque
2728 1132 2897 1188 multi
2921 1149 2983 1188 se
3004 1132 3190 1189 multa
3210 1134 3456 1190 diversis
3475 1138 3625 1190 tem-

1977 1219 2218 1291 poribus
2250 1221 2532 1276 cadavera
2561 1225 2856 1293 spectasse
2879 1220 3161 1291 dicerent,
3185 1227 3349 1295 pater
3378 1222 3624 1279 audiens

1976 1307 2415 1380 ingemiscebat.
2439 1310 2653 1365 Verum
2678 1309 2929 1365 naturali
2955 1311 3161 1366 aﬂ'ectu
3185 1311 3465 1377 devictus,
3486 1328 3625 1383 pra:-

1975 1398 2067 1453 ter
2098 1397 2379 1453 rationem
2413 1399 2883 1470 percontabatur,
2906 1399 3012 1470 qui
3039 1404 3272 1455 tantum
3295 1399 3475 1455 maris
3495 1416 3623 1471 pro-

1978 1485 2226 1540 fundum
2257 1487 2504 1542 scrutari
2558 1491 2904 1543 conaretur:
2963 1491 3159 1543 tamen
3206 1487 3375 1543 venia
3404 1487 3619 1560 dignus

1977 1577 2122 1644 erat,
2154 1575 2304 1645 quod
2341 1575 2620 1632 cbaritate
2648 1592 2850 1632 eorum
2882 1592 3030 1647 quos
3056 1576 3368 1646 quaerebat,
3400 1577 3625 1648 spebus

1978 1661 2306 1719 laetabatur
2336 1664 2629 1720 inanibus.
2662 1665 2924 1736 Denique
2971 1680 3065 1719 me
3095 1665 3207 1720 sub
3240 1665 3538 1738 magistris
3567 1668 3625 1720 et

1978 1753 2454 1824 procuratoribus
2472 1753 2832 1825 relinquens,
2848 1755 2972 1824 jam
2991 1754 3298 1809 duodecim
3321 1770 3505 1810 annos
3528 1770 3626 1810 na-

1977 1845 2126 1907 tum,
2186 1841 2311 1913 ipse
2369 1841 2428 1897 in
2486 1846 2719 1913 portum
2775 1842 2921 1898 ﬂens
2977 1841 3315 1909 descendit;
3377 1841 3627 1913 navique

1980 1944 2317 1998 conscensa,
2352 1932 2423 1986 ad
2468 1930 2705 1985 illorum
2757 1930 3200 2003 inquisitionem
3260 1929 3622 2002 enavigavit:

1979 2022 2150 2089 atque
2182 2034 2251 2074 ex
2279 2035 2345 2074 eo
2364 2023 2625 2090 tempore
2650 2036 2838 2091 usque
2864 2019 3055 2074 adhuc
3079 2035 3183 2074 nec
3201 2018 3428 2074 litteras
3462 2019 3533 2074 ab
3556 2035 3623 2074 eo

1977 2108 2192 2179 accepi,
2225 2124 2331 2163 nec
2360 2108 2511 2163 inter
2529 2108 2711 2173 vivos,
2735 2125 2809 2164 an
2837 2109 2988 2162 inter
3007 2112 3269 2163 mortuos
3285 2106 3361 2162 sit
3380 2123 3621 2178 prorsus

1976 2194 2145 2251 novi:
2181 2212 2247 2251 eo
2278 2198 2472 2251 tamen
2533 2195 2665 2268 plus
2723 2212 2888 2251 mens
2947 2196 3267 2267 propendet
3312 2199 3375 2251 ut
3421 2195 3620 2251 existi-

1975 2298 2109 2338 men
2139 2300 2273 2339 eum
2305 2284 2545 2349 obiisse,
2576 2282 2663 2339 vel
2694 2283 2935 2339 tristitia
2964 2289 3325 2355 superatum,
3358 2282 3450 2338 vel
3472 2300 3617 2338 nau-

1974 2371 2157 2444 fragio
2188 2372 2549 2428 involutum:
2586 2389 2704 2444 qua
2733 2372 2792 2428 in
2826 2389 2885 2428 re
2915 2372 3022 2428 hoc
3080 2377 3211 2428 utor
3249 2377 3617 2445 argumento,

1972 2461 2126 2531 quod
2142 2461 2269 2532 jam
2293 2461 2365 2516 ab
2387 2476 2453 2516 eo
2477 2466 2737 2532 tempore
2752 2460 3278 2533 vigesimusannus
3300 2459 3396 2529 sit,
3416 2476 3485 2516 ex
3502 2477 3618 2532 quo

1969 2548 2195 2603 nullum
2230 2548 2488 2605 veritatis
2517 2549 2825 2620 vestigium
2857 2549 2927 2605 de
2958 2565 3024 2605 eo
3053 2548 3269 2620 accepi.

2040 2637 2321 2693 LXXXIX.
2341 2638 2485 2693 Cum
2498 2637 2617 2693 haec
2631 2637 2893 2693 audisset
2911 2637 3135 2705 Petrus,
3155 2637 3617 2694 commiseratio-

1968 2725 2061 2781 nis
2088 2727 2294 2782 aﬂ‘ectu
2326 2725 2613 2799 lacrymas
2637 2726 2810 2793 fudit,
2839 2726 3159 2797 statimque
3179 2727 3252 2781 ad
3275 2725 3612 2795 familiares,

1965 2816 2062 2886 qui
2094 2817 2353 2883 aderant,
2388 2816 2573 2870 dixit:
2608 2815 2665 2870 Si
2720 2814 2853 2885 quis
2887 2815 2994 2886 piae
3052 2813 3321 2887 religioni
3377 2815 3610 2872 deditus

1962 2904 2069 2971 vir,
2101 2920 2169 2959 ea
2200 2903 2552 2976 pertulisset,
2583 2919 2710 2971 qua:
2730 2903 2909 2974 hujus
2940 2908 3102 2974 pater
3128 2928 3142 2970 ;
3164 2903 3439 2959 continuo
3469 2903 3605 2960 reli-

1962 2992 2119 3062 gioni
2151 2998 2208 3047 et
2236 2993 2485 3047 diabobo
2507 2992 2872 3062 ascripsisset
2895 3008 3153 3047 causam.
3187 2992 3270 3047 Ita
3291 2992 3465 3047 etiam
3498 2993 3603 3047 mi-

1959 3081 2107 3136 seris
2138 3081 2453 3153 gentilibus
2486 3080 2601 3151 pati
2647 3080 2966 3149 contingit;
3009 3085 3065 3135 et
3102 3080 3464 3151 ignoramus,
3497 3080 3598 3151 qui

1961 3170 2039 3241 pii
2069 3187 2207 3243 erga
2237 3175 2416 3225 Deum
2474 3186 2703 3223 sumus.
2755 3169 2832 3223 Eo
2865 3174 3055 3224 autem
3114 3169 3360 3224 miseros
3391 3169 3597 3224 merito

203 3257 545 3323 πλανῶνται,
583 3258 671 3312 καὶ
718 3264 821 3326 τῆς
870 3256 1065 3311 ἐκεῖθεν
1118 3255 1341 3318 ἐλπίδος
1391 3256 1844 3332 ἀποτυγχάνουσιο

1974 3242 2245 3330 appellavi
2271 3283 2285 3326 ;
2317 3258 2455 3330 quia
2483 3261 2539 3313 et
2567 3257 2659 3312 hic
2706 3255 2765 3310 in
2814 3272 3006 3311 errore
3050 3260 3376 3328 versantur,
3410 3261 3465 3312 et
3493 3272 3598 3329 spe

196 3351 309 3407 τοῖς
367 3346 475 3421 γὰρ
527 3344 578 3399 ἐν
630 3340 905 3416 θεοσεϐείᾳ
932 3345 997 3399 τὰ
1027 3342 1249 3420 λυπηρὰ
1296 3346 1621 3421 πάσχουσιν,
1653 3343 1851 3407 ἔκτισις

200 3434 329 3489 αύτὰ
359 3434 573 3510 γίνεται
602 3439 707 3488 τῶν
738 3433 1216 3510 παραπτωμάτων.

268 3614 491 3670 LXXX.
527 3610 709 3674 Οὕτως
757 3610 1002 3674 εἰπόντος
1050 3615 1146 3666 τοῦ
1198 3611 1425 3684 Πέτρου,
1478 3611 1554 3673 εἷς
1606 3631 1689 3672 τις
1742 3614 1850 3666 τῶν

202 3698 254 3754 ἐν
308 3703 458 3774 ἡμῖν
509 3698 796 3772 τολμήσας
845 3699 963 3755 ἀντὶ
1009 3699 1223 3755 πάντων
1276 3700 1635 3776 παρεκάλεσεν
1669 3699 1852 3771 αὐτὸν,

200 3786 391 3861 αὔριον
457 3787 827 3863 ὀρθριαίτερον
887 3788 963 3851 είς
1022 3786 1256 3864 ’Ἄραδον
1317 3791 1362 3825 ¹⁸⁰
1417 3790 1516 3857 τὴν
1577 3790 1855 3844 κατέναντι

199 3884 365 3945 νῆσον
402 3875 720 3944 ἐκπλεῦσαι,
749 3880 1036 3953 τριάκοντα
1064 3878 1198 3950 οἶμα
1227 3874 1352 3932 οὐδὲ
1400 3874 1563 3939 ὅλους
1610 3876 1856 3940 σταδίους

198 3966 544 4043 ἀπέχουσαν,
591 3965 678 4020 ἐπὶ
716 3965 929 4041 ἱστορίᾳ
972 3970 1078 4020 τῶν
1140 3965 1308 4020 ἐκεῖσε
1374 3965 1691 4038 ἀμπελίνων
1759 3963 1855 4021 δύο

202 4056 421 4111 στύλων
458 4055 683 4131 μέγιστα
720 4054 874 4130 πάχη
934 4054 1229 4130 φερόντων.
1278 4056 1340 4112 Ὁ
1396 4058 1522 4131 γοῦν
1577 4056 1855 4125 πειθήνιος

198 4145 412 4220 Πέτρος
471 4143 773 4216 ἐπένευσεν,
825 4143 997 4205 οὕτως
1056 4142 1244 4199 εἰπών.
1294 4144 1455 4197 Ἐπάν
1514 4148 1611 4197 τοῦ
1658 4142 1856 4198 πλοίου

202 4227 421 4302 ἐκϐῇ-ξε,
458 4232 540 4305 μὴ
590 4232 705 4299 ἅμα
756 4232 951 4294 πάντες
1001 4230 1316 4307 εἰσέρχησθε
1349 4231 1425 4293 εἲς
1472 4232 1570 4300 τὴν
1632 4230 1857 4307 θεωρίαν

201 4321 269 4373 ὧν
323 4320 677 4391 ἐποθυμεῖτε·
712 4319 774 4374 ού
819 4319 920 4395 γάρ
973 4317 1248 4395 βούλομαι
1302 4319 1439 4391 ὑμᾶς
1476 4319 1570 4379 τὰς
1614 4322 1720 4372 τῶν
1762 4338 1860 4372 πο-

204 4407 372 4464 λιτῶν
436 4404 594 4481 ὄψεις
651 4409 788 4483 πρὸς
864 4406 1087 4469 ἑαυτοὺς
1143 4406 1500 4484 ἐπιστρέφειν.
1560 4406 1656 4459 Καὶ
1715 4405 1858 4461 οὕτω

200 4496 561 4562 πλεύσαντες,
621 4502 746 4568 μιᾶς
790 4495 936 4571 ὥρας
992 4497 1350 4570 κατήχθημεν
1404 4495 1479 4557 εἰς
1526 4496 1624 4563 τήν
1676 4501 1855 4563 νῆσον.

1963 3347 2159 3403 futura
2179 3347 2470 3403 excidunt.
2494 3346 2732 3410 Quando
2754 3345 2911 3400 enim
2933 3345 3037 3400 viri
3064 3344 3318 3417 religiosi
3340 3345 3602 3401 afficiun-

1959 3439 2058 3492 tur
2087 3435 2495 3504 incommodis,
2527 3450 2596 3491 ea
2622 3432 2740 3489 illis
2770 3434 2843 3489 ad
2876 3432 3221 3489 delictorum
3253 3433 3604 3506 persolutio-

1962 3540 2097 3581 nem
2128 3524 2364 3579 cedunt.

2036 3611 2241 3667 LXXX.
2272 3615 2440 3667 Hunc
2470 3610 2531 3665 in
2580 3609 2821 3665 modum
2867 3608 3059 3665 locuto
3108 3609 3295 3680 Petro,
3354 3626 3508 3665 unus
3538 3624 3607 3666 ex

1965 3701 2203 3770 nostris,
2236 3699 2482 3756 audacia
2501 3702 2759 3771 sumpta,
2783 3715 2886 3770 pro
2908 3698 3183 3754 omnibus
3205 3699 3429 3771 rogavit
3447 3715 3603 3763 eum,

1965 3794 2033 3845 ut
2062 3788 2342 3861 postridie
2364 3786 2620 3842 diluculo
2642 3786 2701 3841 in
2724 3786 2983 3842 Aradum
2999 3787 3330 3860 oppositam
3354 3786 3604 3842 insulam

1966 3879 2117 3951 (qua:
2147 3876 2414 3948 triginta,
2463 3874 2690 3947 opinor,
2722 3892 2826 3931 nec
2868 3876 3028 3943 totis,
3091 3876 3298 3932 stadiis
3328 3875 3604 3946 distabat)

1964 3966 2394 4038 navigaremus,
2419 3965 2490 4020 ad
2520 3963 2803 4019 videndas
2823 3963 2900 4019 ibi
2918 3964 3065 4019 duas
3086 3962 3603 4028 columnasviteas,

1967 4054 2286 4111 maximam
2319 4052 2529 4109 molem
2553 4052 2938 4108 continentes.
2962 4052 3166 4108 Petrus
3196 4051 3460 4124 ergo,qui
3481 4054 3605 4107 erat

1969 4143 2314 4215 morigerus,
2346 4142 2571 4208 annuit,
2603 4140 2685 4196 ita
2703 4141 2904 4196 dicens
2932 4158 2945 4197 :
2977 4141 3119 4196 Cum
3142 4157 3210 4196 ex
3234 4140 3367 4196 navi
3384 4138 3605 4213 egressi

1966 4232 2215 4299 fueritis,
2248 4247 2319 4286 ne
2350 4248 2468 4285 una
2496 4246 2699 4285 omnes
2730 4229 3057 4300 procedatis
3088 4230 3158 4285 ad
3190 4230 3607 4301 spectationem

1965 4337 2169 4376 eorum
2198 4337 2324 4391 quae
2354 4318 2605 4390 cupitis:
2670 4334 2860 4389 neque
2920 4317 3076 4373 enim
3115 4318 3243 4373 volo
3300 4322 3365 4373 ut
3392 4318 3607 4373 civium

1967 4409 2166 4465 oculos
2197 4408 2255 4463 in
2286 4425 2388 4463 vos
2445 4405 2817 4463 convertatis.
2868 4410 3057 4477 Atque
3114 4406 3200 4461 sic
3245 4405 3606 4478 navigantes,

1967 4499 2111 4554 hora
2142 4513 2259 4552 una
2287 4496 2346 4550 in
2367 4494 2624 4550 insulam
2648 4493 2821 4549 delati
2854 4510 3082 4549 sumus.
3106 4495 3173 4548 Et
3192 4494 3609 4550 descendentes

202 4580 498 4647 Ἔκϐάντες
559 4582 618 4639 δὲ
664 4588 761 4638 τοῦ
810 4586 1043 4661 σκάφους
1091 4583 1361 4657 εἷσῄειμεν
1410 4579 1534 4637 ἔνθα
1582 4584 1632 4637 οἳ
1679 4582 1855 4655 ἀμπέ-

1974 4604 2035 4642 ex
2064 4585 2301 4657 scapha,
2336 4600 2401 4639 eo
2433 4582 2726 4655 progressi
2757 4599 2966 4638 sumus
2997 4582 3095 4637 ubi
3127 4581 3414 4638 columns:
3442 4581 3611 4636 vitea:

201 4680 342 4728 λινοι
398 4671 597 4728 στῦλοι
645 4674 804 4742 ἦσαν’
838 4674 989 4746 ὁμῶς
1037 4672 1125 4727 καὶ
1178 4673 1312 4744 μετά
1356 4677 1463 4726 τῶν
1498 4671 1727 4741 στύλων,
1757 4669 1854 4726 ἅλ-

202 4761 293 4823 λος
331 4764 435 4834 μὲν
466 4761 612 4816 ἄλλο
637 4783 687 4815 τι
718 4766 824 4817 τῶν
858 4759 1076 4816 Φειδίου
1108 4757 1281 4837 ἔργων
1317 4760 1553 4836 ἐθεώρει.

272 4852 521 4908 LXXXI.
557 4852 762 4924 Πέτρος
793 4848 849 4905 δὲ
900 4850 1061 4923 μόνος
1112 4849 1211 4904 ούκ
1265 4850 1551 4924 ἀναγκαῖον
1609 4851 1858 4924 ἡγήσατο

196 4940 281 4993 ἐπὶ
329 4942 437 5008 τὴν
498 4940 734 5015 ἱστορίαν
785 4945 894 4995 τῶν
942 4938 1052 4995 ἐκεῖ
1097 4937 1356 5013 γενέσθαι·
1390 4937 1601 5013 γυναικὶ
1650 4935 1707 4991 δέ
1752 4959 1860 4992 τινι

196 5026 297 5098 ἔξω
357 5029 475 5105 πρὸ
523 5034 630 5083 τῶν
683 5033 855 5104 θυρῶν
896 5028 1244 5101 καθεζομένῃ,
1302 5026 1391 5081 καὶ
1439 5033 1648 5103 τροφῆς
1695 5028 1857 5101 χάριν

200 5116 540 5191 μεταιτσιύσῃ
587 5121 654 5187 δί,
704 5118 963 5193 προσχὼν
1007 5115 1130 5195 ἔφη’
1182 5117 1363 5185 Γύναι,
1406 5116 1458 5170 τί
1505 5136 1588 5169 σοι
1628 5119 1732 5169 τῶν
1784 5116 1861 5170 οἱ-

190 5208 359 5261 κείων
413 5205 663 5262 ἐλλείπει
719 5206 925 5279 μελῶν,
960 5206 1042 5262 ὅτι
1083 5206 1351 5275 τοσαύτην
1401 5199 1554 5279 ὕϐριν
1606 5203 1857 5275 ἀνεδέξω,

192 5293 346 5371 λέγω
380 5293 456 5364 δὴ
488 5296 551 5350 τὸ
578 5301 910 5371 προσαιτεῖν,
942 5295 1031 5351 καὶ
1068 5295 1143 5369 μή
1189 5291 1402 5367 μᾶλλον
1445 5298 1565 5355 ταῖς
1618 5292 1721 5347 ὑπὸ
1761 5296 1859 5348 τοῦ

1966 4679 2133 4731 erant
2157 4692 2170 4730 :
2205 4671 2500 4743 simulque
2528 4688 2661 4726 cum
2684 4669 2997 4737 columnis,
3021 4671 3172 4725 alius
3193 4670 3428 4742 quidem
3451 4669 3611 4725 aliud

1968 4762 2284 4835 quodpiam
2311 4777 2380 4816 ex
2414 4759 2625 4815 Phidias
2656 4759 2932 4830 operibus
2962 4759 3281 4831 spectabat.

2039 4849 2264 4906 LXXXI.
2299 4847 2461 4903 Unus
2493 4850 2690 4901 autem
2720 4846 2925 4901 Petrus
2977 4861 3212 4901 necesse
3245 4861 3357 4900 non
3390 4846 3614 4916 putavit

1966 4957 2093 5010 quae
2115 4938 2193 4992 ibi
2216 4941 2381 4992 erant
2399 4936 2677 4990 invisere:
2703 4935 2803 4989 sed
2823 4934 3293 4990 animadvertens
3306 4933 3612 4989 mulierem

1968 5028 2283 5099 quamdam
2339 5029 2502 5079 extra
2534 5040 2636 5095 pro
2693 5022 2918 5083 foribus
2949 5023 3272 5089 sedentem,
3322 5025 3379 5077 et
3426 5022 3613 5078 victus

1966 5116 2152 5190 gratia
2175 5114 2604 5170 mendicantem
2630 5130 2643 5168 :
2674 5110 2897 5179 Mulier,
2918 5110 3129 5183 inquit,
3149 5127 3401 5181 quonam
3434 5126 3614 5166 mem-

1967 5207 2205 5260 brorum
2236 5208 2470 5258 tuorum
2503 5217 2689 5267 cares,
2735 5202 2890 5273 quod
2943 5204 3164 5256 tantam
3195 5198 3612 5255 contumeliam

1968 5292 2305 5365 suscepisti,
2355 5289 2747 5358 meudicandi,
2791 5290 3055 5361 inquam,
3088 5304 3157 5345 ac
3205 5303 3323 5343 non
3354 5286 3549 5359 potius
3579 5303 3615 5345 ι

1574 5469 1813 5529 νΑΒΙίΕ
1852 5467 2262 5526 LECTIONES.

265 5617 313 5653 ³⁷
348 5612 707 5688 Εἱςπόρτον.
741 5616 1071 5688 Romanum
1104 5630 1335 5688 nempe,
1366 5615 1435 5671 ad
1469 5613 1622 5673 ostia
1651 5610 1902 5671 Tiberis.
1934 5610 2078 5670 Vide
2108 5610 2178 5669 ad
2210 5626 2369 5667 num.
2401 5624 2524 5669 vui.
2555 5610 2723 5664 Casa.
2756 5606 2801 5643 ³⁸
2828 5605 2903 5664 al.
2927 5601 3300 5681 κεκινημένος.
3322 5604 3369 5643 ⁸³
3397 5603 3473 5667 al.
3505 5603 3619 5670 οὔτ’

197 5684 300 5755 ὣς.
331 5690 383 5727 ⁸ο
415 5686 497 5748 al.
529 5684 879 5763 ’Δντάραδον.
912 5690 955 5727 ⁴¹
987 5684 1297 5766 ἐπαιτούσῄ.
