4148 6342
542 373 661 431 527

1369 371 1434 431 S.
1483 368 1929 431 CLEMENTIS
1975 369 1998 428 l
2047 369 2236 430 llOM.
2280 367 2510 429 PONT.
2558 368 2817 432 UPERA
2862 370 3125 431 DUBIA.

3834 368 3954 430 528

548 504 661 558 Deo
692 502 795 557 tibi
826 501 1118 558 concessis
1152 503 1423 557 manibus
1447 501 1739 568 laborans,
1774 500 2184 572 quotidianum

2312 502 2432 551 Θεοῦ
2482 517 2565 553 σοι
2616 496 3025 575 δεδωρημέναις
3073 500 3257 575 χερσὶν
3306 497 3669 576 ἐργαζομένη,
3710 501 3804 561 τὰς
3851 499 3956 579 ἔφη

548 592 745 647 cibum
791 592 1148 664 comparas?
1197 591 1299 645 Illa
1330 608 1459 647 vero
1519 591 1875 663 profundum
1926 606 1991 645 ac
2022 589 2191 645 vehe-

552 685 807 735 mentem
837 680 1119 752 gemitum
1151 680 1412 746 trahens,
1447 680 1782 751 respondit:
1816 678 2039 733 utinam
2072 676 2199 748 qui-

554 768 683 823 dem
716 768 1073 823 mihiessent
1093 785 1322 837 manus,
1344 785 1469 840 qua:
1500 772 1653 823 certe
1675 771 1912 838 possent
1928 766 2151 838 operari
2181 783 2194 821 :

556 872 713 911 nunc
744 861 935 912 autem
969 856 1113 911 mibi
1135 856 1319 913 solam
1346 873 1629 913 manuum
1663 857 1911 927 figuram
1943 860 2193 921 servant,

558 946 816 1017 ipsaque
866 950 1143 1001 emortuos
1202 950 1359 1001 sunt.
1410 950 1489 1002 Ac
1520 945 1723 999 Petrus
1780 943 2194 1015 interrogavit:

559 1037 693 1101 Quae
723 1052 857 1092 vero
890 1052 1069 1090 causa
1098 1035 1226 1102 fuit,
1289 1039 1351 1089 ut
1379 1038 1499 1091 tam
1544 1050 1716 1106 grave
1773 1033 1993 1088 malum
2022 1031 2199 1087 susti-

560 1139 728 1180 neres
749 1122 777 1177 ‘I
804 1125 877 1179 At
895 1123 993 1179 illa
1024 1124 1092 1180 ad
1116 1140 1251 1180 eum
1277 1140 1289 1177 :
1324 1124 1518 1179 Animi
1540 1120 2201 1192 imbecillitas,nibilque

561 1212 740 1268 aliud.
774 1212 835 1269 Si
866 1212 1021 1268 enim
1076 1212 1206 1268 forti
1239 1212 1435 1268 animo
1492 1212 1734 1267 fuissem
1784 1211 2042 1282 praedita,
2077 1212 2201 1265 erat

560 1301 967 1374 praecipitium,
1000 1306 1099 1357 aut
1133 1300 1410 1373 pelagus;
1442 1316 1620 1372 quare
1651 1317 1743 1356 me
1773 1299 2060 1370 dijiciens,
2095 1314 2195 1369 po-

558 1394 745 1445 teram
777 1388 947 1445 malis
977 1389 1235 1444 dolorem
1276 1389 1654 1444 offerentibus
1676 1389 1852 1444 finem
1875 1388 2194 1459 imponere.

632 1478 891 1533 LXXXII.
928 1479 1076 1533 Tum
1111 1478 1315 1533 Petrus
1337 1478 1466 1532 inﬁt
1489 1494 1501 1532 :
1527 1477 1673 1543 Quid
1695 1476 1901 1553 enim?
1934 1480 2201 1547 putasne,

562 1566 795 1631 mulier,
828 1583 1030 1622 omnes
1061 1566 1153 1621 sui
1204 1566 1620 1633 interfectores,
1677 1563 1962 1637 supplicio
1992 1563 2202 1619 libera-

561 1659 687 1709 tum
719 1655 837 1709 iri?
868 1672 940 1711 an
975 1672 1087 1710 non
1114 1654 1309 1726 potius
1341 1655 1570 1710 animas
1600 1671 1800 1709 eorum
1834 1654 1934 1725 qui
1967 1653 2047 1708 ita
2079 1669 2203 1707 mo-

564 1744 815 1810 riuntur,
850 1744 1052 1814 majori
1087 1743 1372 1815 supplicio
1398 1744 1455 1797 in
1488 1742 1690 1797 inferis
1722 1749 1956 1814 propter
1977 1742 2068 1796 sui
2101 1741 2201 1796 bo-

2304 585 2500 661 μέρους
2558 589 2754 663 πορίζῃ
2800 589 3055 667 τροφάς;
3107 590 3170 644 Ἠ
3222 587 3279 643 δὲ
3332 588 3519 665 βύθιόν
3571 609 3622 642 τι
3672 591 3964 663 στενάξασα

2300 675 2389 729 καὶ
2439 678 2756 751 περιπαθὲς,
2802 677 3147 755 ἀπεκρίνατο·
3202 677 3311 741 εἷ’θε
3355 678 3455 754 γὰρ
3506 679 3643 747 ἦσάν
3698 700 3791 753 μοι
3835 685 3960 755 χεῖ-

2306 786 2391 840 ρες
2452 766 2740 842 ὑπουργεῖν
2799 765 2947 829 ὅλως
3006 765 3319 841 δυνάμεναι⁸
3354 766 3443 821 νῦν
3508 766 3566 822 δέ
3621 789 3716 839 μοι
3769 771 3968 844 σχῆμα

2309 854 2470 926 μόνον
2512 860 2714 931 χειρῶν
2766 856 3138 925 ἀποσώζουσι,
3171 856 3354 933 νεκραῖ
3405 857 3495 911 καὶ
3552 857 3707 911 αὗται
3758 856 3969 932 τυγχά-

2304 965 2511 1002 νουσαι.
2546 944 2647 999 Καὶ
2694 945 2722 997 6
2773 944 2997 1021 Πέτρος,
3028 944 3121 1006 Τίς
3162 941 3219 999 δὲ
3264 948 3298 1015 ὴ
3350 945 3517 1015 αἰτία,
3569 943 3757 1021 ἤρετο,
3800 944 3969 1000 τοῦτό

2306 1053 2363 1085 σε
2408 1034 2471 1087 τὸ
2518 1030 2909 1107 χαλεπώτατον
2960 1034 3317 1103 πεπονθέναι;
3353 1035 3415 1088 Ἡ
3474 1031 3533 1088 δὶ
3590 1035 3729 1107 πρὸς
3777 1034 3967 1089 αὐτόν·

2310 1126 2510 1196 Ψυχῆς
2559 1121 2825 1191 ἀσθένεια,
2870 1122 2960 1177 καὶ
3012 1121 3181 1178 πλέον
3233 1120 3409 1179 οὐδέν.
3444 1123 3507 1177 EI
3566 1123 3667 1199 γάρ
3720 1120 3969 1197 ἀνδρεῖον

2314 1209 2463 1284 εἶχον
2514 1209 2788 1287 φρόνημα,
2821 1212 2888 1280 ἦν
2943 1212 3208 1285 κρημνὸς,
3237 1212 3271 1280 ἢ
3326 1212 3517 1286 βυθὸς,
3550 1211 3670 1275 ὅθεν
3719 1210 3967 1285 ἐμαυτὴν

2316 1298 2551 1371 ῥίψασα,
2608 1304 2713 1354 τῶν
2793 1297 3105 1355 ὀδυνώντων
3170 1321 3235 1373 με
3301 1300 3602 1365 παύσασθαι
3674 1298 3969 1374 ἠδυνάμην

2314 1409 2490 1442 κακων
2502 1431 2514 1445 ο

2383 1478 2641 1534 LXXXII.
2678 1478 2775 1531 Καὶ
2806 1478 2833 1530 6
2866 1478 3069 1552 Πέτρος
3123 1477 3246 1555 ἔφη·
3289 1478 3358 1535 Τί
3418 1475 3552 1547 οὖν;
3608 1475 3733 1549 οἷέι,
3784 1478 3971 1554 γύναι,

2311 1563 2392 1619 ὅτι
2436 1566 2629 1627 πάντες
2680 1566 2731 1620 οἱ
2785 1567 3122 1640 ἀναιρουντες
3173 1566 3394 1627 ἑαυτοὺς
3446 1564 3723 1629 κολάσεως
3781 1564 3975 1621 ἀπαλ-

2312 1652 2623 1721 λάσσονται,
2654 1655 2688 1723 ἢ
2724 1658 2769 1691 ⁸³
2801 1655 2877 1727 μὴ
2908 1658 2974 1727 τῇ
3007 1654 3217 1729 χείρονι
3250 1654 3471 1711 κολάσει
3505 1654 3557 1709 έν
3594 1650 3722 1725 ᾅδου
3767 1656 3820 1709 αἱ
3847 1660 3971 1711 τῶν

2312 1742 2483 1804 οὕτως
2515 1738 2855 1811 θνησκόντων
2889 1744 3061 1817 ψυχαὶ
3108 1750 3211 1812 τῆς
3259 1742 3612 1805 αύτοκτονίας
3664 1744 3827 1819 χάριν
3870 1765 3976 1799 κο-

566 1831 865 1885 micidium
890 1832 1227 1888 afficiendus
1246 1832 1273 1886 ‘I
1292 1834 1363 1887 At
1393 1832 1527 1887 illa:
1554 1831 1805 1897 Utinam,
1828 1831 2039 1902 inquit,
2075 1848 2198 1902 per-

2314 1829 2596 1899 λάζονται;
2648 1833 2710 1887 Ἡ
2759 1830 2835 1897 δέ,
2882 1829 3005 1885 Εἴθε
3072 1830 3428 1903 ἐπεπείσμην,
3478 1830 3602 1910 ἔφη,
3658 1832 3739 1886 ὅτι
3791 1827 3979 1895 ὅντως

2318 1914 2989 1930 ..η
3259 1925 3317 1930 ___
3922 1922 3946 1930 -.

565 1936 801 1975 suasum
834 1920 977 1975 mihi
1009 1924 1183 1987 esset,
1218 1937 1414 1975 revera
1452 1921 1512 1976 in
1563 1920 1761 1975 inferis
1792 1920 2019 1975 animas
2047 1920 2198 1974 vivas

2314 1917 2363 1972 έν
2399 1914 2528 1987 ᾅδου
2559 1922 2603 1954 ⁸³
2653 1921 2825 1994 ψυχαὶ
2876 1919 3209 1994 εὑρίσκονται
3258 1925 3442 1988 ζῶσαν
3492 1920 3580 1974 καὶ
3632 1920 3863 1994 ἠγάπων
3920 1922 3982 1975 ἂν

563 2008 838 2081 reperiri;
873 2008 1074 2080 utique
1104 2008 1273 2063 nihili
1300 2014 1576 2081 reputans
1607 2025 1823 2079 poenas,
1853 2009 1997 2063 mori
2030 2007 2203 2079 elige-

564 2113 707 2168 rem,
740 2113 855 2169 quo
884 2098 969 2152 vel
1002 2096 1209 2169 exiguo
1254 2101 1513 2169 tempore
1556 2097 1815 2151 intuerer
1861 2095 2001 2150 mihi
2033 2112 2205 2166 exop-

561 2186 905 2243 tatissimos.
932 2187 1014 2244 Ad
1047 2187 1167 2241 haec
1220 2187 1423 2241 Petrus
1450 2202 1464 2241 :
1505 2187 1571 2242 Et
1618 2186 1899 2258 quidnam
1930 2188 2019 2241 est
2048 2184 2203 2255 quod

560 2285 617 2330 te
646 2275 984 2331 excruciat?
1016 2274 1174 2332 Scire
1202 2274 1358 2331 enim
1388 2274 1553 2331 valde
1582 2291 1743 2330 aveo.
1775 2281 1855 2329 Ac
1880 2291 1971 2330 me
2001 2273 2051 2329 si
2081 2290 2204 2329 cer-

558 2364 764 2421 tiorem
798 2364 1022 2431 feceris,
1054 2363 1160 2419 tibi
1190 2364 1361 2419 firma
1391 2365 1614 2419 tradam
1645 2364 2014 2428 documenta,
2047 2362 2202 2433 quod

561 2453 770 2508 animas
796 2453 855 2507 in
886 2453 1089 2508 inferis
1118 2453 1349 2521 vivant;
1383 2457 1441 2507 et
1470 2470 1573 2525 pro
1606 2452 1923 2525 praecipitio
1955 2451 2039 2507 vel
2074 2468 2203 2523 pro-

560 2542 763 2611 fundo,
794 2542 901 2597 tibi
932 2543 1082 2598 dabo
1116 2542 1505 2612 medicamen,
1534 2558 1636 2614 per
1684 2542 1838 2613 quod
1869 2558 1903 2597 a
1931 2541 2046 2596 vita
2077 2540 2206 2596 sine

561 2628 757 2685 dolore
788 2631 1056 2686 decedas.

634 2718 917 2775 LXXXIII.
957 2720 1023 2773 Et
1052 2718 1280 2789 mulier,
1314 2736 1441 2791 qua:
1474 2735 1803 2775 sermonem
1840 2735 1953 2774 non
1987 2716 2203 2773 intelli-

561 2812 739 2879 geret,
774 2822 1024 2879 eumque
1080 2808 1363 2863 duntaxat
1417 2812 1589 2879 prout
1630 2808 1871 2880 optabat
1901 2807 2202 2878 arriperet,

560 2896 642 2951 ita
661 2896 947 2951 disserere
967 2896 1172 2967 ccepit:
1204 2896 1398 2953 Genus
1421 2896 1655 2967 quidem
1677 2900 1733 2952 et
1754 2896 2000 2968 patriam
2025 2895 2074 2951 si
2098 2894 2200 2949 tibi

560 3000 929 3056 exponerem,
954 3001 1067 3040 non
1090 2984 1364 3040 arbitrior
1382 3001 1473 3040 me
1496 3002 1752 3056 unquam
1772 3001 1941 3056 posse
1962 3001 2201 3055 persua-

559 3074 694 3128 dere
722 3090 734 3128 :
768 3074 869 3129 sed
901 3078 957 3129 et
986 3072 1125 3145 quid
1159 3074 1229 3128 ad
1262 3081 1314 3129 te
1345 3073 1553 3129 attinet
1576 3074 1631 3128 id
1665 3089 2013 3145 cognoscere
2034 3072 2061 3127 ?
2086 3072 2201 3128 nisi

556 3165 789 3218 tantum
819 3178 1078 3229 causam,
1111 3164 1183 3218 ob
1219 3179 1397 3233 quam
1430 3161 1625 3218 dolore
1655 3163 1879 3233 affecta,
1909 3162 2200 3217 morsibus

2312 2010 2437 2083 παρ’
2470 2005 2621 2062 οὐδὲν
2652 2011 2697 2043 “
2727 2006 2923 2079 θεμένη
2974 2010 3073 2077 τὴν
3124 2008 3420 2083 τιμωρίαν,
3470 2009 3776 2081 ἀποθανεῖν,
3830 2009 3983 2065 ὥστε

2310 2096 2436 2157 τοὺς
2468 2096 2590 2168 ἐμοὶ
2620 2098 3021 2172 περιποθήτους
3082 2098 3363 2160 θεάσασθαι
3414 2097 3508 2151 κᾶν
3558 2097 3756 2173 κραχύ.
3808 2098 3915 2152 Καὶ
3952 2101 3981 2155 6

2313 2185 2514 2259 Πέτρος
2563 2186 2695 2260 πρὸς
2745 2190 2929 2239 ταῦτα’
2957 2186 3060 2242 Καὶ
3107 2186 3159 2239 τί
3212 2183 3313 2260 ἄρα
3361 2185 3471 2240 ἐστὶ
3520 2186 3583 2240 τὸ
3627 2185 3835 2242 λυποῦν
3873 2206 3977 2257 σε;

2313 2276 2462 2347 Διψῶ
2520 2276 2623 2349 γάρ
2654 2277 2697 2310 ⁸⁵
2731 2278 2939 2346 μαθεῖν.
2976 2274 3077 2329 Καὶ
3129 2271 3183 2327 εἷ’
3225 2295 3292 2347 με
3334 2271 3586 2345 διδάξεις,
3617 2274 3824 2337 πίστεις
3888 2298 3982 2331 σοι

2312 2362 2523 2435 παρέξω
2585 2358 2822 2437 βεϐαίας,
2857 2362 2939 2417 ὅτι
3002 2362 3053 2417 έν
3110 2360 3241 2433 ᾇδου
3303 2368 3460 2432 ζῶσιν
3520 2365 3573 2418 αἱ
3631 2364 3831 2439 ψυχαὶ,
3881 2367 3981 2420 καὶ

2313 2452 2423 2506 ἀντὶ
2480 2456 2731 2527 κρημνοῦ
2761 2452 2796 2520 ἢ
2836 2452 3024 2524 βυθοῦ,
3061 2450 3229 2524 ὀρέξω
3286 2474 3369 2506 σοι
3426 2454 3735 2531 φάρμακον,
3780 2451 3853 2508 δι’
3910 2455 3976 2509 οῦ

2309 2544 2406 2595 τοῦ
2440 2544 2533 2613 ζῇν
2567 2536 2851 2601 ἀνωδύνως
2883 2538 3272 2615 ἀπαλλαγήσῃ.

2382 2718 2661 2774 LXXXIII.
2696 2717 2796 2774 Καὶ
2828 2719 2861 2786 ἡ
2896 2717 3032 2792 γυνή
3073 2717 3137 2771 τὸ
3188 2716 3349 2792 ῥηθὲν
3406 2716 3466 2772 ού
3517 2722 3749 2790 συνεῖσα,
3783 2716 3980 2789 ἡδέως

2311 2804 2368 2861 δὲ
2402 2806 2564 2879 μόνον
2622 2807 2902 2879 άρπάσασα
2930 2806 2991 2861 τὸ
3041 2804 3256 2880 λεγθέν,
3286 2804 3465 2881 λέγειν
3509 2804 3712 2882 ἤρξατο
3765 2808 3975 2872 οὕτως·

2312 2897 2467 2950 Γένος
2529 2896 2622 2967 μὶν
2681 2895 2769 2949 καὶ
2830 2892 3061 2970 πατρίδα
3119 2917 3201 2949 σοι
3254 2892 3640 2970 διηγήσασθαι,
3675 2895 3775 2950 οὐκ
3806 2897 3977 2970 οἶμαί

2307 3005 2439 3039 ποτε
2470 2983 2671 3038 πείσειν
2704 2984 2939 3057 ἐμαυτὴν
2992 2980 3307 3054 δυνηθῆναιο
3343 2982 3488 3052 πλὴν
3540 2982 3687 3039 ἀλλά
3735 2985 3826 3040 καὶ
3882 2988 3974 3042 σοὶ

2306 3072 2358 3127 τί
2391 3070 2628 3148 διαφέρει
2658 3076 2818 3127 τοῦτο
2856 3072 3068 3144 μαθεῖν,
3092 3072 3126 3141 ἢ
3162 3067 3319 3144 μόνον
3352 3073 3449 3141 τὴν
3483 3071 3656 3127 αἶτίαν
3687 3076 3754 3142 ἦς
3784 3074 3972 3131 ἕνεκεν

2312 3159 2649 3233 ὀδυνωμένη,
2710 3159 2946 3236 δήγμασι
3026 3161 3122 3222 τὰς
3209 3160 3341 3233 έμάς
3418 3160 3689 3238 ένέκρωσα
3742 3168 3969 3239 χεῖρας.

560 3268 769 3307 manus
801 3268 959 3308 meas
992 3254 1253 3308 mortuas
1276 3251 1520 3307 reddidi.
1543 3253 1814 3306 Attamen
1838 3248 2196 3321 mea,lquoad

2312 3231 2592 3321 Ὅμως-τὰ
2637 3231 2752 3304 κατ’
2784 3231 3021 3321 έμαυτην
3067 3248 3140 3310 ὡς
3183 3231 3403 3304 δυνατὸν
3457 3231 3681 3305 ἀκοῦσαί
3837 3231 3971 3323 διη-

557 3341 760 3395 audire
791 3344 975 3413 potes,
1003 3342 1269 3396 referam.
1294 3341 1410 3413 Ego
1438 3340 1821 3395 nobilissimis
1842 3344 1967 3395 orta
1992 3355 2195 3410 paren-

555 3430 737 3494 tibus,
772 3430 1023 3500 potentis
1054 3430 1361 3500 cujusdam
1410 3428 1677 3500 imperio,
1727 3428 1900 3499 nupsi
1945 3428 2066 3483 viro
2099 3427 2201 3498 qui

556 3521 681 3572 erat
701 3516 861 3571 illius
882 3516 1246 3588 propinquus
1269 3533 1281 3572 :
1308 3522 1366 3572 et
1386 3518 1532 3571 duos
1554 3516 1817 3589 geminos
1835 3516 2048 3571 liberos
2070 3532 2201 3571 sus-

560 3604 1057 3675 tuli,tertiumque
1080 3604 1503 3676 insuperedidi.
1521 3609 1694 3660 Porro
1717 3622 1849 3660 cum
1874 3605 2065 3659 mariti
2088 3603 2201 3659 mei

560 3695 740 3749 frater
765 3694 1011 3748 formam
1041 3709 1230 3748 meam
1257 3694 1560 3765 deperiret,
1585 3698 1641 3748 et
1668 3709 1864 3748 amore
1886 3709 2013 3748 meo
2041 3709 2202 3748 sum-

562 3798 793 3855 mepere
823 3787 1029 3853 captus
1059 3786 1233 3849 esset,
1269 3785 1441 3853 atque
1464 3781 1676 3837 misera
1698 3797 1801 3853 ego
1832 3786 1989 3837 caste
2017 3781 2204 3837 vivere

562 3871 880 3928 admodum
915 3886 1206 3941 cuperem,
1240 3874 1295 3925 et
1324 3886 1507 3940 neque
1549 3869 1754 3925 vellem
1787 3870 2028 3925 amatori
2063 3887 2202 3926 con-

562 3960 797 4031 sentire,
824 3975 1014 4030 neque
1043 3958 1218 4013 etiam
1251 3957 1370 4012 viro
1404 3974 1531 4012 meo
1552 3972 1809 4013 amorem
1842 3958 2037 4013 fratris
2068 3975 2205 4030 erga

561 4066 655 4105 ma
668 4064 979 4121 exponere;
1001 4063 1252 4118 cumque
1266 4063 1493 4101 mecum
1516 4052 1968 4117 reputassem,ut
1982 4064 2084 4103 nec
2098 4048 2203 4102 viri

556 4138 792 4193 thorum
818 4136 1171 4192 contumelia
1192 4136 1613 4204 afﬁcerem,nec
1631 4137 1867 4190 fratrem
1894 4136 2054 4191 fratri
2074 4138 2200 4193 red-

560 4226 755 4280 derem
785 4225 1113 4295 inimicum,
1145 4228 1201 4279 et
1232 4239 1453 4295 magnae
1485 4223 1716 4278 familiae
1749 4225 1996 4294 probum
2025 4224 2197 4281 infer-

558 4329 679 4368 rem
708 4338 722 4381 ;
755 4311 955 4379 statui,
988 4312 1060 4367 ab
1092 4312 1235 4367 urbe
1264 4328 1397 4366 cum
1430 4312 1681 4383 geminis
1722 4302 1868 4367 meis
1898 4313 2095 4384 pueris
2125 4314 2196 4369 ad

557 4402 852 4473 quoddam
882 4405 1117 4472 tempus
1148 4401 1371 4470 abesse,
1401 4401 1581 4455 donec
1610 4401 1881 4473 impurus
1932 4419 2096 4457 amor
2127 4402 2195 4456 il-

556 4491 672 4547 lius
703 4491 804 4562 qui
836 4489 978 4544 mihi
1013 4491 1084 4545 ad
1108 4490 1360 4544 dedecus
1392 4490 1819 4557 assentabatur,
1841 4491 2015 4546 finem
2047 4491 2196 4547 acci-

2305 3341 2565 3414 γῆσομαι.
2600 3339 2744 3412 Ἐγὼ
2779 3337 2915 3392 πάνυ
2964 3336 3015 3408 ἐξ
3066 3337 3294 3412 εὐγενῶν
3342 3339 3495 3411 οὖσα,
3530 3337 3759 3395 δυνατοῦ
3806 3343 3967 3405 τινὸς

2307 3430 2610 3502 προπαγῇ,
2644 3424 2792 3501 ἀνδρὶ
2841 3426 2975 3501 πρὸς
3020 3427 3209 3501 γένους
3257 3426 3402 3499 αύτῷ
3450 3430 3779 3505 τυγχάνοντι
3839 3429 3971 3505 ἐγε-

2307 3514 2483 3587 νόμην
2533 3516 2664 3590 γυνή
2716 3515 2804 3569 καὶ
2850 3511 3110 3588 διδύμους
3160 3514 3309 3576 υἱοὺς
3361 3514 3590 3591 ἔχουσα,
3640 3517 3729 3571 καὶ
3776 3520 3973 3591 τρίτον

2310 3601 2396 3657 ἐπὶ
2425 3602 2642 3665 τούτοις
2669 3603 2783 3657 υἱὸν
2817 3601 2999 3677 ἔσχον.
3024 3604 3079 3656 Ὀ
3114 3599 3171 3657 δὲ
3201 3608 3299 3657 τοῦ
3330 3602 3465 3676 ἐμοῦ
3499 3601 3692 3679 ἀνδρὸς
3724 3602 3975 3685 ἀδελφὸς

2310 3689 2583 3762 ἐπιμανείς
2620 3710 2723 3762 μου
2752 3693 2820 3763 τῇ
2852 3685 2995 3763 ὄψει,
3024 3690 3113 3743 καὶ
3141 3694 3222 3761 τῷ
3252 3688 3369 3762 ἐμῷ
3421 3687 3581 3765 ἔρωτι
3642 3693 3758 3745 κατ’
3792 3691 3969 3770 ἄκρας

2313 3778 2497 3848 ἁλοὺς,
2554 3778 2641 3833 καί
2695 3800 2777 3833 τοι
2829 3783 3128 3855 σωφρονεῖν
3190 3777 3395 3855 σφόδρα
3448 3782 3545 3847 τῆς
3600 3778 3972 3858 ταλαιπώρου

2313 3867 2603 3945 φιλούσης,
2646 3868 2734 3921 καὶ
2796 3869 2933 3939 μήτε
2988 3866 3266 3922 συνθέσθαι
3312 3872 3390 3939 τῷ
3439 3866 3633 3943 ἐραστῇ
3692 3869 3974 3945 βουλομι-

2310 3980 2431 4027 νης,
2470 3960 2607 4029 μήτε
2633 3954 2689 4010 δὲ
2716 3961 2794 4028 τῷ
2841 3955 2957 4028 ἐμῷ
3003 3953 3157 4030 ἀνδρί
3201 3954 3365 4010 πάλιν
3408 3956 3686 4011 ἀναθέσθαι
3734 3959 3827 4013 τὸν
3888 3960 3975 4017 ἐπ’

2310 4045 2433 4118 ἐμοὶ
2480 4050 2575 4099 τοῦ
2624 4043 2860 4121 ἀδελφοῦ
2907 4042 3099 4120 ἔρωτα,
3140 4045 3344 4119 πρέπον
3389 4046 3521 4100 εἶναι
3572 4045 3969 4123 λογισαμένης,

2311 4136 2385 4197 ὡς
2419 4134 2475 4189 ἂν
2510 4136 2647 4207 μήτε
2674 4135 2771 4201 τήν
2799 4138 2895 4188 τοῦ
2944 4131 3136 4209 ἀνδρὸς
3190 4134 3377 4204 κοίτην
3434 4130 3662 4209 ὑϐρίσω,
3697 4139 3838 4207 μήτε
3888 4144 3971 4212 τῷ

2309 4220 2527 4299 ἀδελφῷ
2580 4222 2669 4276 τὸν
2726 4219 2959 4298 ἀδελφὸν
3018 4220 3415 4295 έκπολεμώσω,
3474 4224 3564 4277 καὶ
3620 4229 3699 4296 τῷ
3753 4224 3969 4282 ἐκείνου

2307 4311 2447 4387 γένει
2508 4308 2733 4385 μεγάλῳ
2782 4304 2894 4364 ὄντι
2955 4307 3260 4383 ὀνειδισμὸν
3314 4309 3592 4387 ἐπαγάγω,
3639 4314 3739 4381 τήν
3795 4314 3966 4370 πόλιν

2306 4400 2643 4476 ἐλογισάμην
2680 4399 2813 4473 μετά
2842 4402 2948 4453 τῶν
2983 4398 3125 4471 ἐμῶν
3158 4396 3401 4473 διδύμων
3435 4398 3639 4456 παίδων
3686 4400 3773 4455 ἐπὶ
3821 4404 3971 4478 χρό-

2303 4512 2393 4545 νον
2437 4490 2557 4545 τινά
2608 4487 2947 4559 καταλιπεῖν,
2979 4484 3082 4550 ἓως
3135 4488 3223 4542 καὶ
3257 4489 3284 4542 6
3320 4489 3514 4565 μιαρὸς
3567 4486 3705 4565 ἔρως
3756 4492 3967 4547 παύσε-

556 4584 753 4651 peret:
788 4582 846 4634 at
875 4577 1124 4633 alterum
1157 4576 1366 4642 ﬁlium,
1398 4582 1463 4633 ut
1494 4580 1647 4650 apud
1694 4583 1917 4650 patrem
1952 4585 2009 4635 in
2042 4579 2193 4636 sola-

2312 4601 2388 4635 ται
2421 4583 2464 4616 ⁸⁸
2488 4584 2584 4633 τοῦ
2640 4579 2775 4651 πρὸς
2821 4572 2973 4651 ὕϐριν
3041 4598 3107 4650 με
3167 4576 3595 4640 κολακεύσαντος
3627 4582 3692 4615 ‘7'
3725 4581 3816 4634 τὸν
3859 4584 3961 4653 μέν

555 4668 701 4724 tium
737 4671 1017 4734 maneret,
1052 4666 1496 4738 relinquendum
1531 4668 1753 4723 censui.

625 4846 903 4904 LXXXIV.
935 4846 1149 4902 Verum
1182 4862 1295 4917 quo
1327 4844 1449 4899 hac
1481 4844 1561 4899 ita
1589 4845 1813 4912 fierent,
1840 4846 1898 4901 in
1930 4846 2192 4904 animum

551 4936 775 5003 induxi,
806 4935 1103 4991 somnium
1134 4934 1372 5005 ﬁngere,
1403 4934 1571 5005 quasi
1595 4933 1808 5004 aliquis
1840 4935 1983 4990 mihi
2018 4942 2191 4992 noctu

550 5025 869 5081 astitisset:
904 5041 969 5079 ac
994 5024 1236 5079 dixisset
1262 5041 1274 5078 :
1296 5023 1608 5078 Confestim
1645 5040 1759 5077 una
1780 5040 1910 5077 cum
1942 5025 2193 5095 geminis

548 5113 669 5168 tuis
718 5112 933 5183 pueris,
984 5129 1017 5167 ο
1050 5111 1278 5181 mulier,
1335 5111 1519 5166 Roma
1558 5111 1791 5166 discede
1848 5113 1919 5166 ad
1956 5112 2189 5183 aliquod

546 5206 795 5272 tempus,
830 5202 1014 5255 donec
1065 5200 1171 5256 tibi
1220 5216 1424 5255 rursus
1481 5198 1807 5255 indicavero
1856 5206 1918 5255 ut
1950 5203 2187 5272 redeas;

547 5287 763 5358 alioqui
796 5304 927 5343 cum
960 5288 1080 5343 viro
1112 5288 1453 5359 cunctisque
1483 5288 1602 5342 tuis
1650 5287 1849 5344 liberis
1880 5290 2191 5362 derepente

544 5375 764 5448 peribis
795 5374 967 5431 male.
1000 5375 1186 5431 Simul
1210 5379 1404 5432 autem
1435 5391 1501 5431 ac
1524 5376 1819 5432 somnium
1842 5380 2187 5438 ementitum

2302 4691 2386 4724 τοι
2418 4665 2597 4742 ἕτερον
2635 4668 2749 4722 υἱὸν
2798 4665 2943 4742 παρά
2990 4670 3068 4738 τῷ
3114 4666 3277 4741 πατρὶ
3334 4672 3510 4739 μεῖναι
3569 4667 3645 4729 είς
3694 4689 3960 4743 παραμυ-

2306 4758 2419 4812 θίαν
2455 4756 2616 4833 ἔγνων
2648 4755 2985 4811 καταλιπεῖν.

2378 4849 2661 4904 LXXXIV.
2696 4844 2849 4913 Πλὴν
2876 4842 2969 4898 τίνα
3007 4846 3174 4897 ταῦτα
3222 4842 3365 4897 οὕτω
3412 4845 3658 4918 γένηται,
3691 4842 3965 4916 ἐπενόησα

2301 4936 2389 4991 καὶ
2422 4932 2626 5012 ὄνειρον
2656 4933 2982 5001 πλάσασθαι,
3017 4932 3091 4993 ὡς
3140 4928 3205 5001 δή
3255 4953 3403 4993 τινος
3448 4932 3660 5006 νύκτωρ
3706 4931 3962 4988 ἐπιστάν-

2300 5047 2393 5087 τος
2448 5047 2539 5097 μοι
2583 5022 2671 5078 καί
2736 5022 3001 5083 εἰπόντος·
3054 5020 3309 5090 Ἐξαυτῆς
3365 5021 3477 5093 ἅμα
3528 5026 3642 5083 τοῖς
3697 5018 3964 5094 διδύμοις

2301 5137 2395 5170 σου
2453 5115 2681 5183 τέκνοις,
2716 5113 2760 5164 ὧ
2817 5110 2993 5184 γύναι,
3042 5108 3127 5163 ἐπὶ
3186 5108 3383 5185 χρόνον
3441 5110 3562 5163 τινὰ
3615 5110 3812 5185 μέχρις
3865 5112 3963 5167 ὅτε

2305 5203 2529 5277 μηνύσω
2562 5222 2643 5255 σοι
2674 5199 2836 5254 πάλιν
2889 5197 3223 5266 ἐπανελθεῖν,
3257 5192 3450 5266 ἔκϐηθι
3495 5199 3594 5267 τὴν
3641 5198 3959 5271 Ῥωμαίων·

2300 5292 2414 5346 ἐπεὶ
2468 5292 2578 5362 ἅμα
2629 5286 2779 5363 ἀνδρὶ
2823 5292 2916 5341 καῖ
2959 5287 3088 5341 πᾶσί
3149 5307 3244 5341 σου
3299 5292 3416 5349 τοῖς
3462 5288 3694 5358 τέκνοις,
3740 5286 3799 5342 ἐκ
3854 5293 3963 5345 τοῦ

2300 5376 2569 5458 αἰφνιδίου
2600 5383 2780 5440 κακῶς
2810 5375 3171 5446 τελευτήσεις.
3208 5380 3359 5449 ’Ἅμα
3386 5372 3443 5431 δὲ
3469 5380 3547 5447 τῷ
3592 5376 3683 5432 τὸν
3738 5370 3958 5455 ὄνειρόν

1894 5557 2127 5619 νΑιιιλΕ
2164 5560 2572 5622 LECTIONES.

610 5677 656 5759 θ’
689 5676 763 5743 al.
795 5677 956 5737 deest
983 5678 1043 5763 iu
1069 5678 1145 5767 gl.
1177 5680 1222 5715 “
1363 5675 1483 5755 ᾄδῃ.
1516 5678 1560 5716 “
1590 5675 1824 5745 οὐδενός.
1856 5683 1901 5719 ⁴¹
1930 5683 2005 5741 al.
2036 5685 2155 5747 τοῦ.
2188 5689 2232 5729 ⁸⁸
2258 5686 2335 5746 al.
2367 5682 2661 5758 παύσηται.
2692 5683 2735 5723 ⁴⁷
2768 5683 2843 5744 al.
2874 5680 3289 5757 κολακεύοντος.
