4140 6344
239 464 365 522 529

1015 462 1548 527 CLEMENTINA.
1583 494 1658 507 —-
1687 462 2036 524 EPITOME
2082 464 2181 523 DE
2228 464 2495 525 GESTIS
2543 464 2608 526 S.
2654 461 2913 524 PETRI.

3540 459 3661 524 530

238 615 306 667 με
358 592 654 668 ψεύσασθαι
704 595 747 630 ⁸⁸
796 594 934 669 πρὸς
980 596 1068 649 τὸν
1121 592 1323 669 ἄνδρα,
1382 595 1539 655 αὐτὸς
1595 589 1884 669 περίφοϐος

2012 613 2132 649 Viro
2167 614 2419 663 narravx,
2455 600 2657 651 timore
2692 612 2902 665 magno
2934 596 3280 660 commotus,
3305 609 3398 648 me
3429 605 3484 650 et
3511 600 3658 651 duos

233 682 551 759 γενόμενος,
584 682 711 745 τούς
760 704 821 737 τε
874 680 967 737 δύο
1016 683 1189 755 υἱοὺς,
1240 682 1470 745 δούλους
1503 704 1562 738 τε
1600 684 1689 736 καὶ
1722 680 1901 737 παιδί-

236 793 394 840 σκας,
446 771 536 826 καὶ
587 773 855 847 χρήματα
907 774 1081 847 συχνὰ
1129 772 1180 827 ἐν
1234 771 1417 844 πλοίῳ
1471 771 1773 845 ἐνθέμενος,
1822 771 1899 834 εἷς

253 863 481 930 Αθήνας
532 860 851 934 ἐξέπεμψεν,
903 860 1278 934 ἐντειλάμενος
1325 860 1450 922 τοὺς
1501 860 1651 923 υἱοὺς
1707 860 1896 914 ἐκπαι-

236 946 422 1004 δεῦσαί
476 970 561 1023 με,
610 951 824 1026 Μέχρις
876 951 958 1017 ἃν,
991 950 1146 1027 φησὶ,
1196 956 1275 1021 τῷ
1319 950 1721 1026 χρηματίσαντι
1774 947 1898 1023 δόξῃ

236 1038 516 1093 ἐπανιέναι
571 1059 627 1092 σε
660 1082 673 1095 .
730 1039 828 1093 Καὶ
889 1037 955 1107 δὴ
1005 1038 1097 1093 σὺν
1148 1039 1261 1111 ἅμα
1314 1040 1522 1100 τέκνοις
1576 1041 1609 1107 ἡ
1666 1038 1899 1093 τάλαινα

233 1127 524 1199 πλέουσα,
579 1126 680 1180 ὑπὸ
730 1126 937 1196 ἀνέμων
986 1127 1198 1197 ἀταξίας
1255 1126 1330 1190 εἴς
1377 1126 1601 1188 τούτους
1664 1125 1897 1203 ἀπορρι-

230 1222 393 1293 φεῖσα
438 1215 569 1277 τοὺς
618 1214 823 1279 τόπους
858 1262 872 1285 ,
924 1217 1118 1279 νυκτὸς
1173 1223 1274 1286 τῆς
1330 1217 1462 1287 νηὸς
1520 1213 1893 1285 διαλυθείσης,

226 1303 471 1381 ναυαγίῳ
516 1306 923 1378 περιεπέσομεν.
974 1306 1197 1360 Πάντων
1246 1302 1305 1359 δὲ
1356 1304 1645 1376 θανόντων,
1679 1307 1713 1373 ἡ
1765 1304 1893 1359 ἀτυ-

227 1396 344 1469 χὴς
376 1394 486 1470 ἐγὼ
532 1393 670 1465 μόνη
725 1393 829 1449 ὑπὸ
877 1392 1119 1473 σφοδροῦ
1162 1393 1402 1467 κύματος
1447 1393 1769 1469 ῥιπισθεῖσα,
1805 1392 1894 1447 ἐπὶ

226 1482 432 1557 πέτρας
492 1480 749 1559 ἐρρίφην·
808 1481 887 1559 ἐφ’
943 1482 1012 1551 ἧς
1069 1483 1383 1545 καθεσθεῖσα
1441 1479 1621 1536 ἐλπίδι
1673 1485 1770 1536 τοῦ
1826 1481 1894 1534 τὰ

224 1572 392 1627 τέκνα
444 1592 511 1643 με
542 1575 717 1640 ζῶντα
766 1570 971 1643 εὑρεῖν,
1024 1570 1099 1632 εἷς
1147 1570 1239 1624 τὸν
1298 1571 1459 1645 βυθὸν
1508 1569 1745 1643 ἐμαυτὴν
1795 1568 1894 1624 οὐκ

225 1657 429 1737 ἔρριψα
457 1658 603 1728 τότε,
635 1659 725 1714 ὅτε
749 1659 837 1714 καὶ
866 1660 965 1728 τήν
1010 1660 1195 1733 ψυχὴν
1231 1658 1384 1734 εἶχον
1428 1664 1547 1721 τοῖς
1576 1665 1677 1729 τῆς
1708 1656 1891 1727 λύπης

224 1748 466 1821 κύμασιν
516 1746 627 1820 ἤδη
682 1746 1119 1822 μεμεθυσμένην,
1167 1747 1258 1801 καὶ
1307 1746 1502 1823 πρᾶξαι
1541 1750 1702 1801 τοῦτο
1735 1746 1889 1801 εὐπε-

223 1842 339 1900 τῶς
370 1835 687 1910 ἠδυνάμην,

294 1947 554 2002 LXXXV.
581 1942 734 2013 Πλὴν
761 1940 948 2011 ἐπειδὴ
976 1937 1171 2030 ὄρθρος
1195 1940 1650 2017 ἐγένετο,μεγάλα
1675 1942 1880 2017 βοῶσα,
1916 1965 1962 2030 Β

219 2032 314 2088 καὶ
366 2033 536 2109 γοερᾶ
580 2031 866 2086 κωκύουσα
924 2026 1368 2108 περιεϐλεπόμην
1403 2074 1416 2100 ,
1484 2034 1719 2100 ζητοῦσα
1773 2034 1882 2084 τῶν

220 2122 369 2195 ἐμῶν
403 2120 769 2197 ταλαιπώρων
816 2121 1026 2197 βρεφῶν
1078 2120 1145 2174 τὰ
1192 2118 1355 2196 νεκρὰ
1404 2120 1651 2192 σώματα.
1687 2117 1882 2190 Ἐλεή-

220 2232 409 2271 σαντες
472 2210 563 2264 οὖν
629 2231 694 2282 με
743 2210 796 2263 οἱ
857 2209 1189 2285 ἐπιχώριοι,
1246 2208 1337 2262 καὶ
1394 2209 1607 2283 γυμνὴν
1656 2206 1881 2281 ἴδόντες,

224 2297 500 2356 ἐνέδυσαν.
552 2298 685 2353 Εἶτα
736 2298 826 2352 καὶ
881 2298 974 2352 τὸν
1042 2297 1203 2374 βυθὸν
1258 2295 1602 2371 ἀνηρεύνων,
1659 2297 1726 2351 τὰ
1780 2296 1885 2370 ἐμὰ

222 2389 390 2443 τέκνα
439 2392 747 2457 ζητοῦντες.
801 2387 946 2440 Ἐπεὶ
999 2384 1057 2441 δὲ
1106 2388 1181 2459 μὴ
1232 2385 1498 2461 εὕρισκον,
1540 2386 1881 2461 παραμυθίας

221 2479 394 2554 χάριν
443 2478 586 2539 τινὲς
634 2481 742 2530 τῶν
794 2473 1087 2553 φιλοξένων
1137 2479 1401 2551 γυναικῶν
1466 2474 1880 2548 προσελθοῦσαι,

226 2564 525 2642 διηγοῦντο
557 2565 750 2635 ἑκάστη
783 2564 851 2619 τὰ
880 2566 1073 2633 ἑαυτῆς
1118 2563 1277 2633 κακὰ,
1304 2561 1392 2618 θίνα
1420 2566 1489 2637 τῇ
1527 2568 1634 2618 τῶν
1676 2562 1881 2635 ὁμοίων

220 2660 505 2733 συμφορᾷ,
554 2654 898 2730 παραμυθίας
952 2654 1114 2726 μέρος
1167 2652 1218 2707 ἐν
1271 2658 1387 2714 τοῖς
1438 2651 1594 2725 ἐμοῖς
1644 2652 1882 2729 εὕροιμι.

220 2745 251 2799 ὃ
277 2742 345 2814 δή
387 2765 455 2817 με
480 2744 569 2798 καὶ
606 2741 817 2816 μᾶλλον
853 2740 1064 2814 ἐλύπει,
1094 2742 1184 2797 καὶ
1213 2742 1312 2809 τὴν
1345 2743 1527 2816 ψυχὴν
1572 2740 1658 2795 ἐπὶ
1690 2739 1880 2796 πλεῖον

221 2835 529 2906 κατήσθιε,
578 2836 846 2907 γυναικῶν
898 2831 987 2886 καὶ
1046 2829 1232 2886 ἄλλων
1293 2829 1589 2885 ἀκούουσαν
1650 2850 1881 2907 συμφο-

218 2922 340 2998 ράς.
378 2920 477 2975 Καὶ
523 2918 589 2990 δὴ
641 2919 729 2975 καὶ
781 2919 857 2982 εἷς
903 2919 1072 2991 ξενίαν
1123 2916 1351 2975 πολλῶν
1404 2941 1469 2991 με
1508 2920 1656 2994 ἄγειν
1701 2918 1879 2989 ἀξιου-

219 3015 355 3077 σῶν,
394 3009 492 3082 μία
520 3031 606 3071 τις
632 3013 738 3063 τῶν
774 3008 997 3071 ἐνταῦθα
1030 3006 1285 3083 πενιχρὰ,
1315 3006 1501 3062 πολλὰ
1551 3008 1876 3083 βιασαμένη,

217 3098 295 3160 εἷς
344 3100 412 3153 τὸ
458 3098 656 3167 ἑαυτῆς
699 3096 873 3152 ἐλθεῖν
927 3096 1171 3151 ἀνέπεισε
1219 3096 1556 3171 καταγώγιον
1586 3138 1600 3160 ,
1646 3095 1877 3171 Θάρσει,

224 3187 485 3261 λέγουσα·
518 3186 608 3240 καὶ
657 3186 760 3261 γὰρ
788 3186 816 3240 6
851 3184 980 3257 ἐμὸς
1020 3184 1181 3256 ἀνὴρ,
1228 3182 1423 3253 ναύτης
1476 3181 1533 3238 δὲ
1582 3181 1738 3245 οὗτος
1786 3184 1877 3255 ἦν,

220 3278 362 3330 κατὰ
411 3273 681 3339 θάλασσαν
726 3275 953 3343 τέθνηκε
1010 3272 1146 3328 πάνυ
1205 3274 1469 3348 νεώτερος
1524 3268 1619 3325 ὤν·
1679 3272 1768 3326 καὶ
1826 3271 1877 3342 ἐξ

220 3330 437 3420 ἐκείνού
464 3362 692 3419 πολλῶν
744 3384 809 3437 με
852 3330 1141 3436 ἅίξιούντων
1194 3362 1270 3424 είς
1318 3330 1493 3438 γέμον
1543 3359 1740 3432 ἐλθεῖν,
1773 3330 1878 3437 ἐγω
1909 3330 1951 3397 C

220 3452 485 3528 χηρεύειν
520 3451 777 3525 εἲλόμην,
806 3453 899 3506 τὸν
945 3451 1074 3524 ἐμὸν
1123 3448 1290 3527 ἄνδρα
1337 3452 1595 3506 ποθοῦσα·
1629 3446 1772 3505 ἔσται
1824 3447 1882 3503 δὲ

217 3542 381 3596 κοινὰ
426 3542 587 3613 ἡμῖν,
634 3540 667 3593 ἃ
698 3537 784 3594 διὰ
828 3543 1030 3615 χειρῶν
1083 3539 1383 3617 ἀμφότεραι
1433 3538 1672 3615 πορίζειν
1725 3535 1878 3593 δυνά-

226 3640 387 3701 μεθα.
424 3626 524 3682 Καὶ
553 3630 719 3681 ταῦτα
753 3627 846 3700 μὲν
877 3626 1078 3697 ἐκείνη.

290 3912 576 3969 LXXXVI.
602 3911 741 3986 Ἐγὼ
761 3907 840 3982 δὲ,
868 3908 957 3964 ’ἕνα
990 3912 1065 3983 μή
1091 3931 1174 3964 σοι
1213 3907 1439 3983 μηκύνω
1459 3908 1585 3971 τοὺς
1609 3910 1739 3985 ὑπὲρ
1756 3909 1880 3964 τού-

214 4023 317 4056 του
355 3998 873 4075 λόγους,συνῴκησα
896 3996 1165 4072 ταύτῃδιᾶ
1183 4000 1281 4068 τὴν
1304 3996 1721 4076 φιλανδρίαν,οὐ
1735 3997 1878 4054 πολὺ

215 4091 279 4144 τὸ
325 4088 381 4144 ἐν
427 4088 598 4161 μέσῳ,
639 4088 728 4142 καὶ
762 4094 862 4156 τῆς
897 4085 1253 4163 ταλαιπώρου
1308 4088 1401 4161 μὲν
1430 4089 1485 4142 αἱ
1528 4093 1711 4163 χεῖρες
1744 4088 1878 4162 ἐμοῦ

219 4180 329 4233 ὑπὸ
379 4182 487 4231 τῶν
541 4175 833 4252 δηγμάτων
886 4176 1238 4249 παρείθησαν,
1289 4177 1379 4231 καὶ
1430 4179 1465 4246 ὴ
1508 4174 1872 4251 ὑποδεξαμένη

226 4288 296 4340 με
330 4266 471 4336 αὕτη
502 4268 633 4342 γυνὴ
668 4266 770 4320 ὑπὸ
816 4264 1020 4329 πάθους
1049 4266 1193 4328 τινὸς
1227 4264 1332 4336 ὅλη
1384 4262 1714 4337 συνδεθεῖσα,
1756 4286 1877 4342 σχε-

220 4354 314 4410 δὸν
377 4354 632 4425 ἀκίνητος
690 4354 777 4409 ἐπὶ
834 4361 935 4425 τῆς
995 4354 1166 4416 οἰκίας
1215 4354 1484 4431 ἔρριπται.
1523 4354 1671 4409 Ἐπεὶ
1726 4353 1816 4409 οὖν
1849 4357 1877 4409 6

220 4450 334 4500 τῶν
364 4442 537 4499 πάλαι
566 4447 831 4520 γυναικῶν
883 4441 1038 4505 ἔλεος
1088 4441 1197 4514 ἤδη
1244 4445 1616 4520 παρήκμασεν,
1669 4443 1777 4519 ἐγὼ
1822 4443 1879 4499 δὲ

219 4533 312 4588 καὶ
366 4535 400 4603 ὴ
454 4533 569 4587 κατ’
618 4532 789 4602 οἶκον,
840 4532 1139 4609 ἀμφότεραι
1190 4537 1496 4609 συμφοραῖς
1551 4532 1741 4603 ἐπίσης
1790 4554 1877 4588 κε-

218 4623 507 4699 χρήμεθα,
546 4620 839 4694 καθέζομαι
882 4626 991 4692 νῦν,
1052 4621 1125 4682 ὡς
1175 4623 1328 4698 ὁρᾷς,
1381 4620 1603 4685 ἐνταῦθα
1647 4641 1875 4697 προσαι-

2012 684 2181 750 ﬁlios,
2206 701 2511 755 servosque
2527 689 2583 740 et
2601 684 2863 750 ancillas,
2887 689 3056 755 atque
3079 684 3322 739 multam
3348 686 3655 756 pecuniam

2010 772 2067 826 in
2120 790 2319 828 navem
2368 773 2695 843 imponens,
2742 773 2999 829 Athenas
3045 774 3226 842 misit,
3259 774 3550 845 iussitque
3594 779 3655 829 ut

2009 865 2278 916 natorum
2310 863 2620 917 eruditioni
2672 878 2954 917 vacarem.
2986 863 3207 927 Quoad,
3236 862 3449 933 inquit,
3478 864 3653 919 visio-

2008 950 2101 1005 nis
2132 951 2353 1005 auctori
2388 951 2668 1021 placuerit
2714 950 2903 1005 redire
2934 954 3010 1005 te.
3047 955 3246 1021 Itaque
3278 967 3383 1023 ego
3416 952 3652 1020 misera,

2008 1056 2126 1094 una
2155 1056 2285 1093 cum
2308 1038 2508 1094 liberis
2541 1040 2767 1110 navigo,
2792 1044 2848 1093 et
2876 1043 3177 1094 ventorum
3204 1040 3256 1093 vi
3288 1040 3563 1111 projicior
3592 1042 3649 1095 in

2006 1127 2125 1182 haec
2156 1127 2302 1194 loca,
2336 1128 2585 1198 navique
2622 1132 2796 1183 noctu
2845 1126 3153 1194 dissoluta,
3185 1127 3245 1181 in
3277 1128 3648 1200 naufragium

2005 1217 2341 1271 incidimus.
2376 1216 2619 1271 Mortuis
2640 1219 2836 1271 autem
2884 1215 3177 1285 omnibus,
3212 1233 3329 1270 una
3367 1232 3472 1287 ego
3503 1216 3649 1272 infe-

2004 1304 2104 1371 lix,
2138 1305 2366 1376 magnis
2385 1306 2606 1376 jactata
2627 1305 2922 1373 ﬂuctibus,
2944 1304 3005 1359 in
3037 1321 3241 1364 saxum
3272 1305 3453 1375 ejecta
3476 1322 3604 1360 sum
3630 1321 3643 1359 :

2002 1394 2061 1448 in
2117 1411 2230 1465 quo
2280 1394 2509 1459 sedens,
2544 1394 2681 1464 quia
2726 1409 2817 1449 me
2868 1397 3034 1449 natos
3082 1392 3238 1449 vivos
3286 1397 3647 1465 reperturam

2003 1484 2329 1553 sperabam,
2362 1483 2422 1537 in
2456 1480 2697 1555 pelagus
2730 1499 2824 1538 me
2871 1499 2986 1537 non
3028 1482 3208 1553 dejeci
3242 1486 3392 1547 tum,
3425 1498 3558 1537 cum
3591 1487 3648 1538 et

2004 1571 2266 1626 animum
2311 1572 2599 1627 habebam
2631 1571 2867 1639 fdoloris
2920 1571 3194 1627 ﬂuctibus
3235 1571 3363 1641 jam
3392 1571 3643 1639 ebrium,

2002 1663 2058 1715 et
2088 1659 2195 1715 hoc
2226 1660 2410 1715 facere
2443 1660 2607 1716 facile
2637 1665 2921 1732 poteram.

2074 1946 2320 2002 LXXXV.
2354 1946 2567 2003 Verum
2618 1947 2717 2002 ubi
2767 1946 2975 2019 illuxit,
3011 1948 3333 2019 plurimum
3384 1948 3646 2005 clamans

1990 2038 2048 2091 et
2075 2034 2482 2090 miserabiliter
2511 2035 2758 2105 ejulans,
2784 2036 3350 2108 circumspiciebam,
3378 2055 3646 2110 quaerens

1994 2123 2316 2179 infelicium
2352 2123 2669 2179 liberorum
2703 2141 2966 2180 meorum
3001 2126 3300 2180 cadavera.
3336 2125 3520 2197 Igitur
3542 2126 3647 2181 mi-

1994 2213 2307 2270 sericordia
2340 2213 2497 2267 ducti
2531 2213 2783 2285 regionis
2814 2213 2969 2269 illius
3002 2214 3289 2283 homines,
3324 2220 3380 2269 et
3423 2216 3641 2270 nudam

1992 2302 2211 2369 intuiti,
2274 2301 2610 2356 induerunt.
2661 2303 2739 2356 Ac
2787 2302 2995 2357 deinde
3054 2302 3233 2357 maris
3282 2303 3639 2373 profundum

1994 2391 2233 2446 scrutati
2266 2395 2424 2457 sunt,
2458 2396 2781 2461 quaerentes
2830 2396 2998 2445 natos
3047 2408 3228 2446 meos.
3257 2392 3324 2445 Et
3355 2392 3494 2463 quia
3522 2411 3637 2450 non

1990 2479 2379 2547 inveniebant,
2413 2479 2704 2534 nonnullas
2758 2478 3073 2551 hospitales
3125 2479 3401 2536 mulieres
3430 2497 3641 2537 conso-

1991 2568 2151 2623 landi
2186 2568 2296 2624 mei
2340 2568 2526 2640 gratia
2556 2572 2945 2634 accesserunt,
2980 2572 3037 2622 et
3068 2584 3176 2623 sua
3208 2568 3455 2640 singula:
3486 2570 3643 2626 mala

1993 2658 2363 2727 enarrabant,
2396 2661 2460 2711 ut
2487 2656 2769 2711 similium
2814 2656 3147 2712 calamitate
3179 2661 3401 2729 partem
3433 2675 3639 2715 conso-

1992 2744 2229 2801 lationis
2260 2746 2319 2799 in
2351 2745 2497 2800 meis
2546 2745 2991 2800 adversitatibus
3016 2746 3404 2814 Inanciscerer
3435 2763 3447 2800 :
3483 2748 3638 2819 quod

1992 2838 2144 2891 certe
2175 2852 2267 2891 me
2290 2835 2478 2905 magis
2510 2835 2837 2906 torquebat,
2858 2836 3236 2905 animumque
3258 2834 3389 2907 plus
3418 2835 3638 2892 lacera-

1991 2924 2109 2994 bat,
2143 2925 2283 2979 dum
2316 2922 2563 2979 aliarum
2595 2922 2908 2978 mulierum
2955 2923 3319 2980 calamitates
3351 2926 3634 2982 audirem.

1989 3014 2272 3069 Caeterum
2306 3029 2438 3067 cum
2490 3011 2687 3067 multae
2734 3028 2827 3067 me
2858 3012 3109 3083 hospitio
3157 3014 3410 3085 recipere
3455 3029 3637 3086 cupe-

1989 3107 2137 3170 rent,
2171 3102 2435 3173 quaedam
2467 3102 2594 3172 ejus
2625 3099 2737 3156 loci
2767 3100 3142 3172 paupercula,
3176 3101 3364 3155 multa
3390 3101 3442 3155 vi
3475 3101 3638 3157 adbi-

1989 3191 2110 3246 bita
2143 3189 2436 3262 persuasit
2465 3194 2526 3244 ut
2574 3191 2645 3244 ad
2677 3205 2849 3243 suum
2892 3188 3251 3243 domicilium
3286 3205 3584 3261 pergerem
3621 3207 3636 3248 :

1990 3278 2246 3349 Confide,
2279 3278 2500 3343 dicens,
2534 3278 2750 3332 etenim
2798 3277 2886 3332 vir
2930 3294 3094 3331 meus
3125 3282 3247 3332 erat
3277 3276 3403 3348 ipse
3436 3282 3634 3349 nauta,

1990 3367 2050 3422 in
2083 3366 2229 3422 mari
2261 3366 2578 3421 admodum
2602 3364 2837 3436 juvenis
2885 3364 3049 3433 obiit,
3085 3368 3259 3436 atque
3288 3365 3362 3420 ab
3392 3381 3458 3420 eo
3490 3369 3636 3420 tem-

1990 3473 2147 3529 pore,
2181 3455 2315 3510 licet
2347 3453 2518 3509 multi
2553 3453 2814 3525 rogarint
2844 3468 2934 3507 me
2967 3456 3031 3507 ut
3060 3452 3296 3524 nuptias
3328 3452 3637 3509 contrahe-

1990 3562 2135 3614 rem,
2162 3560 2266 3616 ego
2301 3543 2403 3597 viri
2436 3542 2547 3598 mei
2581 3541 2891 3608 desiderio,
2920 3557 3090 3612 agere
3118 3541 3176 3596 in
3209 3542 3489 3597 viduitate
3522 3558 3619 3599 ma

1991 3633 2073 3688 lui
2107 3650 2121 3687 :
2157 3636 2328 3688 erunt
2358 3636 2552 3687 autem
2583 3630 2737 3685 inter
2766 3647 2874 3685 nos
2904 3630 3257 3700 communia,
3278 3646 3641 3702 quaecunque

1991 3722 2265 3778 manibus
2297 3722 2480 3778 ambae
2513 3720 2837 3791 poterimus
2884 3735 3244 3791 comparare.
3292 3721 3482 3791 Atque
3510 3719 3640 3792 ipsa

1990 3812 2297 3867 hactenus.

2062 3917 2343 3973 LXXXVI.
2378 3917 2494 3989 Ego
2524 3931 2657 3971 vero
2692 3933 2704 3971 :
2743 3915 2823 3970 Ne
2854 3914 2957 3969 tibi
2990 3930 3319 3970 sermonem
3350 3915 3421 3969 de
3450 3913 3543 3969 his
3574 3914 3633 3970 in

1989 4006 2228 4078 longum
2260 4005 2619 4077 protraham,
2654 4021 2788 4059 cum
2821 4021 2889 4059 ea
2922 4003 3195 4069 habitavi,
3229 4007 3463 4075 propter
3479 4019 3636 4058 amo-

1988 4113 2109 4151 rem
2172 4112 2283 4164 quo
2335 4095 2614 4149 maritum
2666 4093 3146 4164 prosequebatur.
3198 4092 3315 4148 Nec
3380 4091 3629 4147 multum

1987 4190 2221 4256 tempus
2249 4182 2665 4239 intermedium
2699 4182 2826 4251 fuit,
2862 4182 3094 4253 quando
3125 4185 3181 4236 et
3226 4197 3367 4236 meze
3400 4197 3631 4248 manus,

1987 4273 2233 4329 infelicis
2284 4271 2569 4340 mulieris,
2604 4270 2900 4326 morsibus
2948 4269 3259 4324 debilitatae.
3290 4274 3449 4337 sunt,
3484 4275 3539 4325 et
3568 4285 3636 4324 ea

1989 4362 2201 4418 mulier
2232 4378 2358 4434 qua:
2383 4376 2474 4415 me
2505 4363 2860 4430 susceperat,
2886 4359 3087 4414 morbo
3119 4359 3371 4431 quodam
3405 4362 3526 4414 tota
3547 4375 3635 4413 oc—

1988 4456 2216 4524 cupata,
2252 4451 2368 4505 fere
2411 4448 2731 4504 immobilis
2762 4447 2918 4503 domi
2942 4447 3148 4519 jacuit.
3182 4447 3464 4511 Quoniam
3498 4462 3633 4518 ergo

1988 4540 2388 4597 misericordia
2428 4537 2765 4605 mulierum,
2798 4554 2921 4608 quae
2970 4537 3107 4592 olim
3156 4536 3630 4592 commiseresce‘

1986 4630 2294 4700 bant,jam
2325 4628 2580 4699 vigorem
2614 4626 2831 4692 amisit,
2858 4642 2922 4681 ac
2946 4641 3073 4697 ego,
3095 4629 3153 4681 et
3187 4624 3284 4679 illa
3315 4625 3513 4680 clausa
3534 4624 3633 4680 do-

216 4715 408 4779 τοῦσα,
443 4708 533 4764 καὶ
580 4710 651 4764 ὧν
704 4711 763 4764 ἂν
815 4709 1125 4784 εὖπορήσω,
1156 4708 1314 4764 κοινὰ
1354 4711 1656 4781 ποιουμένη
1690 4710 1778 4764 καὶ
1806 4713 1875 4784 τῇ

1997 4719 2088 4786 mi,
2110 4718 2297 4773 ambae
2314 4716 2566 4772 miseriis
2597 4732 2665 4771 ex
2697 4731 2861 4786 aequo
2883 4715 3141 4782 utimur;
3174 4730 3352 4780 nunc,
3376 4719 3441 4768 ut
3468 4713 3630 4770 vides

218 4798 681 4873 συνταλαιπώρῳ.
716 4798 818 4856 Καὶ
847 4798 913 4853 τὰ
958 4799 1051 4871 μὲν
1103 4796 1207 4870 ἐμὰ
1236 4801 1431 4852 τοῦτον
1482 4795 1599 4873 ἔχει
1627 4799 1718 4853 τὸν
1746 4798 1875 4874 τρό-

217 4910 347 4945 πον.
382 4886 587 4942 Λοιπὸν
631 4890 676 4924 ‘9
704 4887 769 4941 σὺ
822 4889 897 4961 μή
946 4886 1199 4962 κωλύσῃς
1241 4888 1340 4955 τὴν
1388 4886 1680 4963 ὑπόσχεσιν
1728 4890 1876 4955 πλη-

216 4980 395 5051 ρῶσαι
438 4979 537 5031 τοῦ
584 4974 766 5031 δοῦναι
814 4976 877 5031 τὸ
937 4975 1256 5052 φάρμακον,
1311 4976 1460 5037 ὅπως
1506 4977 1595 5030 καὶ
1642 4980 1711 5050 τῇ
1762 4998 1875 5031 συν-

217 5065 357 5137 οίκῳ
420 5070 594 5128 θανεῖν
652 5064 1021 5138 ἐπιθυμούσῃ,
1071 5068 1168 5118 τοῦ
1226 5061 1476 5126 δοθέντος
1532 5068 1870 5139 κοινωνήσω,

218 5154 356 5224 αὐτή
387 5174 449 5208 τε
482 5158 851 5230 μετασχοῦσα,
880 5155 981 5223 τῆς
1034 5158 1179 5223 ζωῆς
1227 5151 1429 5223 ταύτης
1478 5154 1667 5209 θᾶττον
1697 5153 1873 5210 ἀπαλ-

221 5240 403 5318 λαγῶ.

284 5437 604 5495 LXXXVII.
637 5440 814 5491 Ταῦτα
837 5443 936 5506 τῆς
984 5436 1243 5512 γυναικὸς
1294 5435 1578 5512 εἰπούσης,
1611 5440 1639 5493 6
1670 5440 1874 5514 Πέτρος

1985 4807 2081 4863 hic
2109 4807 2279 4862 sedeo
2310 4806 2520 4876 stipem
2556 4810 2776 4876 petens,
2811 4808 2868 4858 et
2896 4820 3023 4875 quae
3055 4802 3198 4857 mihi
3250 4803 3628 4874 suppeditan-

1982 4901 2098 4967 tur,
2132 4895 2467 4951 communia
2515 4893 2660 4948 facio
2710 4909 2843 4948 cum
2889 4891 2987 4946 illa
3017 4890 3234 4963 pariter
3283 4890 3515 4946 misera.
3547 4892 3626 4947 Ac

1984 5001 2124 5041 meae
2154 4983 2392 5055 quidem
2424 4997 2515 5037 res
2538 4982 2647 5036 hoc
2678 4981 2848 5037 modo
2880 4995 2942 5035 se
2973 4979 3207 5035 habent.
3233 4978 3529 5050 Superest,
3564 4982 3629 5035 ut

1985 5082 2040 5130 te
2072 5089 2187 5128 non
2220 5070 2484 5125 inhibeas
2510 5070 2567 5123 in
2601 5067 2946 5141 complendo
2995 5084 3060 5123 eo
3091 5068 3247 5138 quod
3282 5067 3625 5138 promisisti,

1984 5163 2259 5217 daturum
2283 5164 2339 5214 te
2369 5158 2751 5230 pharmacum
2778 5181 2793 5223 ;
2826 5172 2941 5228 quo
2963 5160 3163 5211 etcum
3198 5155 3625 5224 contubernali,

1986 5253 2232 5305 mortem
2283 5250 2540 5319 optante,
2592 5246 2742 5316 quod
2794 5244 3021 5299 dederis
3074 5243 3525 5312 communicem,
3575 5248 3632 5301 et

1985 5355 2089 5411 ego
2119 5352 2380 5404 sumens,
2413 5335 2521 5391 hac
2551 5335 2669 5390 vita
2699 5333 2876 5389 citius
2908 5332 3139 5389 liberer.

2055 5441 2358 5500 LXXXVII.
2398 5442 2524 5497 Haec
2570 5438 2799 5495 dicente
2850 5436 3116 5504 muliere,
3148 5441 3358 5495 Petrus
3410 5438 3630 5511 cogita-

1575 5645 1821 5706 VARI/E
1880 5647 2270 5707 LECTIONES

291 5786 334 5823 ⁸⁸
369 5785 445 5845 a1.
480 5780 881 5859 διαψεύσασθαι.
913 5785 958 5822 ⁴⁹
983 5785 1057 5844 al.
1089 5784 1266 5843 inser.
1301 5782 1411 5842 οῦν.
