  <div class='ocr_page' id='page_1' title='image "/cluster/home/n/w/nwhite01/storage/ocr_20150623/2/hvd.32044073501421/277.png"; bbox 0 0 4148 6342; ppageno 0'>
   <div class='ocr_carea' id='block_1_1' title="bbox 469 454 3883 523">
    <p class='ocr_par' dir='ltr' id='par_1_1' title="bbox 469 454 3883 523">
     <span class='ocr_line' id='line_1_1' title="bbox 469 454 3883 523; baseline -0.003 0"><span class='ocrx_word' id='word_1_1' title='bbox 469 458 584 523; x_wconf 74' lang='grc'><strong>531</strong></span> <span class='ocrx_word' id='word_1_2' title='bbox 1291 461 1356 522; x_wconf 93' lang='lat' dir='ltr'><strong>S.</strong></span> <span class='ocrx_word' id='word_1_3' title='bbox 1404 459 1845 523; x_wconf 85' lang='lat' dir='ltr'><strong>CLEMENTIS</strong></span> <span class='ocrx_word' id='word_1_4' title='bbox 1888 461 1913 521; x_wconf 94' lang='grc' dir='ltr'>Ι</span> <span class='ocrx_word' id='word_1_5' title='bbox 1959 458 2150 521; x_wconf 83' lang='lat' dir='ltr'><strong>ROM.</strong></span> <span class='ocrx_word' id='word_1_6' title='bbox 2192 456 2429 519; x_wconf 87' lang='lat' dir='ltr'><strong>PONT.</strong></span> <span class='ocrx_word' id='word_1_7' title='bbox 2475 455 2736 519; x_wconf 83' lang='lat' dir='ltr'><strong>OPERA</strong></span> <span class='ocrx_word' id='word_1_8' title='bbox 2780 455 3049 520; x_wconf 87' lang='lat' dir='ltr'><strong>DUBIA.</strong></span> <span class='ocrx_word' id='word_1_9' title='bbox 3761 454 3883 514; x_wconf 78' lang='grc'><strong>532</strong></span> 
     </span>
    </p>
   </div>
   <div class='ocr_carea' id='block_1_2' title="bbox 469 580 2107 666">
    <p class='ocr_par' dir='ltr' id='par_1_2' title="bbox 469 593 2107 666">
     <span class='ocr_line' id='line_1_2' title="bbox 469 593 2107 666; baseline -0.002 -17"><span class='ocrx_word' id='word_1_10' title='bbox 469 594 733 650; x_wconf 85' lang='lat' dir='ltr'><strong>tionibus</strong></span> <span class='ocrx_word' id='word_1_11' title='bbox 759 597 913 649; x_wconf 88' lang='lat' dir='ltr'><strong>stare</strong></span> <span class='ocrx_word' id='word_1_12' title='bbox 961 610 1286 665; x_wconf 85' lang='lat' dir='ltr'><strong>suspensus</strong></span> <span class='ocrx_word' id='word_1_13' title='bbox 1332 593 1652 649; x_wconf 79' lang='lat' dir='ltr'><strong>videbatur.</strong></span> <span class='ocrx_word' id='word_1_14' title='bbox 1691 593 1803 666; x_wconf 87' lang='lat' dir='ltr'><strong>Ego</strong></span> <span class='ocrx_word' id='word_1_15' title='bbox 1848 609 1981 648; x_wconf 89' lang='lat' dir='ltr'><strong>vero</strong></span> <span class='ocrx_word' id='word_1_16' title='bbox 2012 608 2107 647; x_wconf 87' lang='lat' dir='ltr'><strong>su-</strong></span> 
     </span>
    </p>
   </div>
   <div class='ocr_carea' id='block_1_3' title="bbox 2243 580 3881 666">
    <p class='ocr_par' dir='ltr' id='par_1_3' title="bbox 2243 580 3881 662">
     <span class='ocr_line' id='line_1_3' title="bbox 2243 580 3881 662; baseline -0.001 -21"><span class='ocrx_word' id='word_1_17' title='bbox 2243 585 2620 662; x_wconf 68' lang='grc' dir='ltr'>Βπὸλογισμῶν</span> <span class='ocrx_word' id='word_1_18' title='bbox 2637 587 2885 651; x_wconf 81' lang='grc' dir='ltr'>’ίστασοαι</span> <span class='ocrx_word' id='word_1_19' title='bbox 2913 587 3182 660; x_wconf 82' lang='grc' dir='ltr'>μετέωρος</span> <span class='ocrx_word' id='word_1_20' title='bbox 3207 582 3549 660; x_wconf 79' lang='grc' dir='ltr'>ἐδόκει.Ἐγὼ</span> <span class='ocrx_word' id='word_1_21' title='bbox 3580 580 3638 639; x_wconf 71' lang='grc' dir='ltr'><strong>δὲ</strong></span> <span class='ocrx_word' id='word_1_22' title='bbox 3659 583 3881 646; x_wconf 69' lang='grc' dir='ltr'>ἐπιστὰς</span> 
     </span>
    </p>
   </div>
   <div class='ocr_carea' id='block_1_4' title="bbox 471 672 2109 756">
    <p class='ocr_par' dir='ltr' id='par_1_4' title="bbox 471 681 2109 756">
     <span class='ocr_line' id='line_1_4' title="bbox 471 681 2109 756; baseline -0.002 -18"><span class='ocrx_word' id='word_1_23' title='bbox 471 683 835 756; x_wconf 84' lang='lat' dir='ltr'><strong>perveniens,</strong></span> <span class='ocrx_word' id='word_1_24' title='bbox 867 686 924 737; x_wconf 92' lang='lat' dir='ltr'><strong>et</strong></span> <span class='ocrx_word' id='word_1_25' title='bbox 953 681 1300 753; x_wconf 90' lang='lat' dir='ltr'><strong>magistrum</strong></span> <span class='ocrx_word' id='word_1_26' title='bbox 1333 698 1467 737; x_wconf 91' lang='lat' dir='ltr'><strong>cum</strong></span> <span class='ocrx_word' id='word_1_27' title='bbox 1510 681 1754 737; x_wconf 83' lang='lat' dir='ltr'><strong>muliere</strong></span> <span class='ocrx_word' id='word_1_28' title='bbox 1783 681 2109 752; x_wconf 88' lang='lat' dir='ltr'><strong>colloquen-</strong></span> 
     </span>
    </p>
   </div>
   <div class='ocr_carea' id='block_1_5' title="bbox 2242 672 3880 756">
    <p class='ocr_par' dir='ltr' id='par_1_5' title="bbox 2242 672 3880 751">
     <span class='ocr_line' id='line_1_5' title="bbox 2242 672 3880 751; baseline -0.001 -21"><span class='ocrx_word' id='word_1_29' title='bbox 2242 676 2309 730; x_wconf 83' lang='grc' dir='ltr'><strong>ιαὶ</strong></span> <span class='ocrx_word' id='word_1_30' title='bbox 2340 676 2431 731; x_wconf 81' lang='grc' dir='ltr'>τὸν</span> <span class='ocrx_word' id='word_1_31' title='bbox 2464 674 2785 732; x_wconf 83' lang='grc' dir='ltr'>διδάσκαλον</span> <span class='ocrx_word' id='word_1_32' title='bbox 2829 680 2898 749; x_wconf 74' lang='grc' dir='ltr'>τῇ</span> <span class='ocrx_word' id='word_1_33' title='bbox 2946 676 3161 751; x_wconf 86' lang='grc' dir='ltr'>γυναικί</span> <span class='ocrx_word' id='word_1_34' title='bbox 3190 672 3690 749; x_wconf 68' lang='grc' dir='ltr'><strong>κοινολογούμενον</strong></span> <span class='ocrx_word' id='word_1_35' title='bbox 3731 673 3880 728; x_wconf 67' lang='grc' dir='ltr'>οὕτω</span> 
     </span>
    </p>
   </div>
   <div class='ocr_carea' id='block_1_6' title="bbox 470 759 2108 840">
    <p class='ocr_par' dir='ltr' id='par_1_6' title="bbox 470 769 2108 840">
     <span class='ocr_line' id='line_1_6' title="bbox 470 769 2108 840; baseline -0.002 -14"><span class='ocrx_word' id='word_1_36' title='bbox 470 774 588 826; x_wconf 88' lang='lat' dir='ltr'><strong>tem</strong></span> <span class='ocrx_word' id='word_1_37' title='bbox 637 770 719 825; x_wconf 89' lang='lat' dir='ltr'><strong>ita</strong></span> <span class='ocrx_word' id='word_1_38' title='bbox 765 774 972 826; x_wconf 87' lang='lat' dir='ltr'><strong>nactus</strong></span> <span class='ocrx_word' id='word_1_39' title='bbox 1019 787 1032 826; x_wconf 92' lang='lat'>:</span> <span class='ocrx_word' id='word_1_40' title='bbox 1083 770 1460 836; x_wconf 89' lang='lat' dir='ltr'><strong>Jamdudum,</strong></span> <span class='ocrx_word' id='word_1_41' title='bbox 1516 769 1778 840; x_wconf 88' lang='lat' dir='ltr'><strong>inquam,</strong></span> <span class='ocrx_word' id='word_1_42' title='bbox 1837 770 2108 825; x_wconf 90' lang='lat' dir='ltr'><strong>oberrans</strong></span> 
     </span>
    </p>
   </div>
   <div class='ocr_carea' id='block_1_7' title="bbox 2244 759 3882 840">
    <p class='ocr_par' dir='ltr' id='par_1_7' title="bbox 2244 759 3882 839">
     <span class='ocr_line' id='line_1_7' title="bbox 2244 759 3882 839; baseline -0.002 -21"><span class='ocrx_word' id='word_1_43' title='bbox 2244 759 2565 836; x_wconf 77' lang='grc' dir='ltr'>ιαταλαϐών,</span> <span class='ocrx_word' id='word_1_44' title='bbox 2597 766 2690 819; x_wconf 87' lang='grc' dir='ltr'>Ἐκ</span> <span class='ocrx_word' id='word_1_45' title='bbox 2718 761 2934 819; x_wconf 89' lang='grc' dir='ltr'>πολλοῦ</span> <span class='ocrx_word' id='word_1_46' title='bbox 2962 785 3019 818; x_wconf 90' lang='grc' dir='ltr'><strong>σε</strong></span> <span class='ocrx_word' id='word_1_47' title='bbox 3058 761 3514 839; x_wconf 78' lang='grc' dir='ltr'><strong>περιερχόμενος,</strong></span> <span class='ocrx_word' id='word_1_48' title='bbox 3565 761 3725 837; x_wconf 80' lang='grc' dir='ltr'>ἔφην,</span> <span class='ocrx_word' id='word_1_49' title='bbox 3749 761 3882 831; x_wconf 75' lang='grc' dir='ltr'>ἐζή-</span> 
     </span>
    </p>
   </div>
   <div class='ocr_carea' id='block_1_8' title="bbox 470 848 2108 932">
    <p class='ocr_par' dir='ltr' id='par_1_8' title="bbox 470 857 2108 932">
     <span class='ocr_line' id='line_1_8' title="bbox 470 857 2108 932; baseline -0.002 -18"><span class='ocrx_word' id='word_1_50' title='bbox 470 861 803 932; x_wconf 65' lang='lat' dir='ltr'><strong>quaarebam</strong></span> <span class='ocrx_word' id='word_1_51' title='bbox 825 864 879 913; x_wconf 90' lang='lat' dir='ltr'><strong>te</strong></span> <span class='ocrx_word' id='word_1_52' title='bbox 905 876 918 927; x_wconf 90' lang='lat'><strong>;</strong></span> <span class='ocrx_word' id='word_1_53' title='bbox 952 863 1008 914; x_wconf 90' lang='lat' dir='ltr'><strong>et</strong></span> <span class='ocrx_word' id='word_1_54' title='bbox 1030 875 1185 913; x_wconf 90' lang='lat' dir='ltr'><strong>nunc</strong></span> <span class='ocrx_word' id='word_1_55' title='bbox 1212 858 1351 929; x_wconf 90' lang='lat' dir='ltr'><strong>quid</strong></span> <span class='ocrx_word' id='word_1_56' title='bbox 1384 857 1715 913; x_wconf 87' lang='lat' dir='ltr'><strong>faciendum</strong></span> <span class='ocrx_word' id='word_1_57' title='bbox 1746 859 1880 913; x_wconf 83' lang='lat' dir='ltr'><strong>est?</strong></span> <span class='ocrx_word' id='word_1_58' title='bbox 1910 862 2108 912; x_wconf 79' lang='lat' dir='ltr'><strong>Petrus</strong></span> 
     </span>
    </p>
   </div>
   <div class='ocr_carea' id='block_1_9' title="bbox 2245 848 3883 932">
    <p class='ocr_par' dir='ltr' id='par_1_9' title="bbox 2245 848 3883 928">
     <span class='ocr_line' id='line_1_9' title="bbox 2245 848 3883 928; baseline -0.001 -22"><span class='ocrx_word' id='word_1_59' title='bbox 2245 869 2370 907; x_wconf 72' lang='lat' dir='ltr'><strong>rouv&#39;</strong></span> <span class='ocrx_word' id='word_1_60' title='bbox 2417 853 2506 907; x_wconf 87' lang='grc' dir='ltr'><strong>καὶ</strong></span> <span class='ocrx_word' id='word_1_61' title='bbox 2555 853 2621 907; x_wconf 80' lang='grc' dir='ltr'>τὰ</span> <span class='ocrx_word' id='word_1_62' title='bbox 2666 857 2777 922; x_wconf 88' lang='grc' dir='ltr'>νῦν,</span> <span class='ocrx_word' id='word_1_63' title='bbox 2824 853 2876 907; x_wconf 79' lang='grc' dir='ltr'><strong>τί</strong></span> <span class='ocrx_word' id='word_1_64' title='bbox 2906 851 3163 922; x_wconf 91' lang='grc' dir='ltr'>ποιητέον</span> <span class='ocrx_word' id='word_1_65' title='bbox 3200 871 3214 920; x_wconf 85' lang='grc'><strong>;</strong></span> <span class='ocrx_word' id='word_1_66' title='bbox 3253 853 3311 909; x_wconf 70' lang='grc' dir='ltr'><strong>Ὀ</strong></span> <span class='ocrx_word' id='word_1_67' title='bbox 3346 848 3403 905; x_wconf 73' lang='grc' dir='ltr'><strong>δὲ</strong></span> <span class='ocrx_word' id='word_1_68' title='bbox 3435 851 3635 927; x_wconf 95' lang='grc' dir='ltr'>Πέτρος</span> <span class='ocrx_word' id='word_1_69' title='bbox 3678 852 3883 928; x_wconf 75' lang='grc' dir='ltr'>προσέ-</span> 
     </span>
    </p>
   </div>
   <div class='ocr_carea' id='block_1_10' title="bbox 470 938 2108 1019">
    <p class='ocr_par' dir='ltr' id='par_1_10' title="bbox 470 945 2108 1019">
     <span class='ocr_line' id='line_1_10' title="bbox 470 945 2108 1019; baseline -0.003 -15"><span class='ocrx_word' id='word_1_70' title='bbox 470 952 666 1004; x_wconf 89' lang='lat' dir='ltr'><strong>autem</strong></span> <span class='ocrx_word' id='word_1_71' title='bbox 715 947 1043 1019; x_wconf 85' lang='lat' dir='ltr'><strong>imperavit,</strong></span> <span class='ocrx_word' id='word_1_72' title='bbox 1092 952 1155 1002; x_wconf 89' lang='lat' dir='ltr'><strong>ut</strong></span> <span class='ocrx_word' id='word_1_73' title='bbox 1201 947 1610 1019; x_wconf 66' lang='lat' dir='ltr'><strong>praacederem,</strong></span> <span class='ocrx_word' id='word_1_74' title='bbox 1643 963 1710 1002; x_wconf 89' lang='lat' dir='ltr'><strong>ac</strong></span> <span class='ocrx_word' id='word_1_75' title='bbox 1758 946 1816 1001; x_wconf 90' lang='lat' dir='ltr'><strong>in</strong></span> <span class='ocrx_word' id='word_1_76' title='bbox 1862 945 1991 1000; x_wconf 90' lang='lat' dir='ltr'><strong>navi</strong></span> <span class='ocrx_word' id='word_1_77' title='bbox 2020 963 2108 1000; x_wconf 83' lang='lat' dir='ltr'><strong>ex-</strong></span> 
     </span>
    </p>
   </div>
   <div class='ocr_carea' id='block_1_11' title="bbox 2246 938 3884 1019">
    <p class='ocr_par' dir='ltr' id='par_1_11' title="bbox 2246 938 3884 1018">
     <span class='ocr_line' id='line_1_11' title="bbox 2246 938 3884 1018; baseline -0.002 -22"><span class='ocrx_word' id='word_1_78' title='bbox 2246 941 2344 1012; x_wconf 81' lang='grc' dir='ltr'>ταξέ</span> <span class='ocrx_word' id='word_1_79' title='bbox 2403 963 2498 1014; x_wconf 89' lang='grc' dir='ltr'><strong>μοι</strong></span> <span class='ocrx_word' id='word_1_80' title='bbox 2544 941 2911 1018; x_wconf 87' lang='grc' dir='ltr'>προαγαγόντι</span> <span class='ocrx_word' id='word_1_81' title='bbox 2965 942 3142 1014; x_wconf 87' lang='grc' dir='ltr'>μένειν</span> <span class='ocrx_word' id='word_1_82' title='bbox 3199 940 3287 995; x_wconf 83' lang='grc' dir='ltr'>ἐπὶ</span> <span class='ocrx_word' id='word_1_83' title='bbox 3334 945 3431 995; x_wconf 91' lang='grc' dir='ltr'><strong>τοῦ</strong></span> <span class='ocrx_word' id='word_1_84' title='bbox 3488 938 3711 997; x_wconf 78' lang='grc' dir='ltr'>πλοίου.</span> <span class='ocrx_word' id='word_1_85' title='bbox 3779 941 3884 994; x_wconf 79' lang='grc' dir='ltr'><strong>Καὶ</strong></span> 
     </span>
    </p>
   </div>
   <div class='ocr_carea' id='block_1_12' title="bbox 468 1027 2106 1109">
    <p class='ocr_par' dir='ltr' id='par_1_12' title="bbox 468 1034 2106 1109">
     <span class='ocr_line' id='line_1_12' title="bbox 468 1034 2106 1109; baseline -0.003 -15"><span class='ocrx_word' id='word_1_86' title='bbox 468 1042 813 1109; x_wconf 80' lang='lat' dir='ltr'><strong>spectarem.</strong></span> <span class='ocrx_word' id='word_1_87' title='bbox 847 1038 915 1092; x_wconf 79' lang='lat' dir='ltr'><strong>Et</strong></span> <span class='ocrx_word' id='word_1_88' title='bbox 943 1036 1083 1108; x_wconf 85' lang='lat' dir='ltr'><strong>quia</strong></span> <span class='ocrx_word' id='word_1_89' title='bbox 1113 1052 1228 1090; x_wconf 89' lang='lat' dir='ltr'><strong>non</strong></span> <span class='ocrx_word' id='word_1_90' title='bbox 1277 1034 1489 1091; x_wconf 84' lang='lat' dir='ltr'><strong>licebat</strong></span> <span class='ocrx_word' id='word_1_91' title='bbox 1517 1035 1912 1091; x_wconf 83' lang='lat' dir='ltr'><strong>contradicere</strong></span> <span class='ocrx_word' id='word_1_92' title='bbox 1938 1035 1989 1090; x_wconf 90' lang='lat' dir='ltr'><strong>ei</strong></span> <span class='ocrx_word' id='word_1_93' title='bbox 2020 1036 2106 1106; x_wconf 84' lang='lat' dir='ltr'><strong>qui</strong></span> 
     </span>
    </p>
   </div>
   <div class='ocr_carea' id='block_1_13' title="bbox 2242 1027 3880 1109">
    <p class='ocr_par' dir='ltr' id='par_1_13' title="bbox 2242 1027 3880 1103">
     <span class='ocr_line' id='line_1_13' title="bbox 2242 1027 3880 1103; baseline -0.002 -18"><span class='ocrx_word' id='word_1_94' title='bbox 2242 1028 2411 1099; x_wconf 60' lang='grc' dir='ltr'>ὶπειδή</span> <span class='ocrx_word' id='word_1_95' title='bbox 2463 1031 2727 1085; x_wconf 82' lang='grc' dir='ltr'>ἀντειπεῖν</span> <span class='ocrx_word' id='word_1_96' title='bbox 2770 1030 2868 1085; x_wconf 75' lang='grc' dir='ltr'>οὐκ</span> <span class='ocrx_word' id='word_1_97' title='bbox 2914 1031 2981 1101; x_wconf 75' lang='grc' dir='ltr'><strong>ἦν</strong></span> <span class='ocrx_word' id='word_1_98' title='bbox 3025 1028 3168 1085; x_wconf 75' lang='grc' dir='ltr'>οὕτω</span> <span class='ocrx_word' id='word_1_99' title='bbox 3218 1027 3550 1098; x_wconf 69' lang='grc' dir='ltr'>κελεύσαντι,</span> <span class='ocrx_word' id='word_1_100' title='bbox 3593 1030 3657 1084; x_wconf 82' lang='grc' dir='ltr'>τὸ</span> <span class='ocrx_word' id='word_1_101' title='bbox 3704 1049 3880 1103; x_wconf 88' lang='grc' dir='ltr'>προσ-</span> 
     </span>
    </p>
   </div>
   <div class='ocr_carea' id='block_1_14' title="bbox 469 1116 2107 1198">
    <p class='ocr_par' dir='ltr' id='par_1_14' title="bbox 469 1124 2107 1198">
     <span class='ocr_line' id='line_1_14' title="bbox 469 1124 2107 1198; baseline 0 -18"><span class='ocrx_word' id='word_1_102' title='bbox 469 1126 551 1181; x_wconf 88' lang='lat' dir='ltr'><strong>ita</strong></span> <span class='ocrx_word' id='word_1_103' title='bbox 583 1129 950 1198; x_wconf 80' lang='lat' dir='ltr'><strong>praeceperat,</strong></span> <span class='ocrx_word' id='word_1_104' title='bbox 973 1125 1125 1195; x_wconf 90' lang='lat' dir='ltr'><strong>quod</strong></span> <span class='ocrx_word' id='word_1_105' title='bbox 1160 1124 1347 1179; x_wconf 87' lang='lat' dir='ltr'><strong>fuerat</strong></span> <span class='ocrx_word' id='word_1_106' title='bbox 1366 1124 1602 1195; x_wconf 87' lang='lat' dir='ltr'><strong>jussum</strong></span> <span class='ocrx_word' id='word_1_107' title='bbox 1634 1124 1762 1178; x_wconf 85' lang='lat' dir='ltr'><strong>feci.</strong></span> <span class='ocrx_word' id='word_1_108' title='bbox 1794 1125 1866 1178; x_wconf 83' lang='lat' dir='ltr'><strong>At</strong></span> <span class='ocrx_word' id='word_1_109' title='bbox 1890 1124 2107 1195; x_wconf 77' lang='lat' dir='ltr'><strong>Petrus,</strong></span> 
     </span>
    </p>
   </div>
   <div class='ocr_carea' id='block_1_15' title="bbox 2248 1116 3886 1198">
    <p class='ocr_par' dir='ltr' id='par_1_15' title="bbox 2248 1116 3886 1194">
     <span class='ocr_line' id='line_1_15' title="bbox 2248 1116 3886 1194; baseline -0.001 -21"><span class='ocrx_word' id='word_1_110' title='bbox 2248 1120 2420 1194; x_wconf 72' lang='grc' dir='ltr'>ἀχθὲν</span> <span class='ocrx_word' id='word_1_111' title='bbox 2468 1118 2715 1175; x_wconf 84' lang='grc' dir='ltr'>έποίουν.</span> <span class='ocrx_word' id='word_1_112' title='bbox 2765 1120 2827 1176; x_wconf 78' lang='lat'><strong>&#39;0</strong></span> <span class='ocrx_word' id='word_1_113' title='bbox 2886 1116 2943 1174; x_wconf 74' lang='grc' dir='ltr'><strong>δὲ</strong></span> <span class='ocrx_word' id='word_1_114' title='bbox 2993 1118 3197 1193; x_wconf 83' lang='grc' dir='ltr'>Πέτρος</span> <span class='ocrx_word' id='word_1_115' title='bbox 3252 1122 3419 1193; x_wconf 79' lang='grc' dir='ltr'>μικρᾷ</span> <span class='ocrx_word' id='word_1_116' title='bbox 3473 1138 3576 1172; x_wconf 91' lang='grc' dir='ltr'>τινι</span> <span class='ocrx_word' id='word_1_117' title='bbox 3628 1118 3835 1191; x_wconf 79' lang='grc' dir='ltr'>ὑποψίᾳ</span> <span class='ocrx_word' id='word_1_118' title='bbox 3870 1160 3886 1184; x_wconf 86' lang='grc'><strong>,</strong></span> 
     </span>
    </p>
   </div>
   <div class='ocr_carea' id='block_1_16' title="bbox 470 1205 2108 1286">
    <p class='ocr_par' dir='ltr' id='par_1_16' title="bbox 470 1213 2108 1286">
     <span class='ocr_line' id='line_1_16' title="bbox 470 1213 2108 1286; baseline -0.002 -16"><span class='ocrx_word' id='word_1_119' title='bbox 470 1219 537 1270; x_wconf 91' lang='lat' dir='ltr'><strong>ut</strong></span> <span class='ocrx_word' id='word_1_120' title='bbox 583 1215 708 1286; x_wconf 89' lang='lat' dir='ltr'><strong>ipse</strong></span> <span class='ocrx_word' id='word_1_121' title='bbox 755 1213 903 1269; x_wconf 90' lang='lat' dir='ltr'><strong>mihi</strong></span> <span class='ocrx_word' id='word_1_122' title='bbox 951 1217 1159 1268; x_wconf 90' lang='lat' dir='ltr'><strong>cuncta</strong></span> <span class='ocrx_word' id='word_1_123' title='bbox 1209 1216 1410 1285; x_wconf 87' lang='lat' dir='ltr'><strong>postea</strong></span> <span class='ocrx_word' id='word_1_124' title='bbox 1456 1214 1743 1284; x_wconf 84' lang='lat' dir='ltr'><strong>exposuit,</strong></span> <span class='ocrx_word' id='word_1_125' title='bbox 1785 1213 2108 1284; x_wconf 77' lang='lat' dir='ltr'><strong>suspicione</strong></span> 
     </span>
    </p>
   </div>
   <div class='ocr_carea' id='block_1_17' title="bbox 2243 1205 3881 1286">
    <p class='ocr_par' dir='ltr' id='par_1_17' title="bbox 2243 1205 3881 1283">
     <span class='ocr_line' id='line_1_17' title="bbox 2243 1205 3881 1283; baseline -0.002 -20"><span class='ocrx_word' id='word_1_126' title='bbox 2243 1208 2300 1270; x_wconf 67' lang='grc' dir='ltr'>ὃς</span> <span class='ocrx_word' id='word_1_127' title='bbox 2334 1208 2493 1271; x_wconf 82' lang='grc' dir='ltr'>αύτός</span> <span class='ocrx_word' id='word_1_128' title='bbox 2530 1230 2622 1281; x_wconf 83' lang='grc' dir='ltr'><strong>μοι</strong></span> <span class='ocrx_word' id='word_1_129' title='bbox 2670 1206 2839 1263; x_wconf 71' lang='grc' dir='ltr'>πάντα</span> <span class='ocrx_word' id='word_1_130' title='bbox 2886 1206 3105 1281; x_wconf 77' lang='grc' dir='ltr'>ὕστερον</span> <span class='ocrx_word' id='word_1_131' title='bbox 3156 1205 3464 1283; x_wconf 85' lang='grc' dir='ltr'>διεγήσατο,</span> <span class='ocrx_word' id='word_1_132' title='bbox 3516 1205 3881 1280; x_wconf 81' lang='grc' dir='ltr'><strong>παλλόμενος</strong></span> 
     </span>
    </p>
   </div>
   <div class='ocr_carea' id='block_1_18' title="bbox 472 1294 2110 1375">
    <p class='ocr_par' dir='ltr' id='par_1_18' title="bbox 472 1300 2110 1375">
     <span class='ocr_line' id='line_1_18' title="bbox 472 1300 2110 1375; baseline -0.002 -16"><span class='ocrx_word' id='word_1_133' title='bbox 472 1303 680 1375; x_wconf 84' lang='lat' dir='ltr'><strong>exigua</strong></span> <span class='ocrx_word' id='word_1_134' title='bbox 710 1303 769 1357; x_wconf 90' lang='lat' dir='ltr'><strong>in</strong></span> <span class='ocrx_word' id='word_1_135' title='bbox 792 1306 1022 1374; x_wconf 78' lang='lat' dir='ltr'><strong>pectore</strong></span> <span class='ocrx_word' id='word_1_136' title='bbox 1050 1301 1338 1372; x_wconf 87' lang='lat' dir='ltr'><strong>pulsatus,</strong></span> <span class='ocrx_word' id='word_1_137' title='bbox 1362 1300 1758 1374; x_wconf 84' lang='lat' dir='ltr'><strong>interrogabat</strong></span> <span class='ocrx_word' id='word_1_138' title='bbox 1787 1301 2110 1370; x_wconf 79' lang='lat' dir='ltr'><strong>mulierem,</strong></span> 
     </span>
    </p>
   </div>
   <div class='ocr_carea' id='block_1_19' title="bbox 2251 1294 3889 1375">
    <p class='ocr_par' dir='ltr' id='par_1_19' title="bbox 2251 1294 3889 1373">
     <span class='ocr_line' id='line_1_19' title="bbox 2251 1294 3889 1373; baseline 0 -23"><span class='ocrx_word' id='word_1_139' title='bbox 2251 1298 2323 1365; x_wconf 43' lang='grc' dir='ltr'>κῆν</span> <span class='ocrx_word' id='word_1_140' title='bbox 2373 1295 2630 1373; x_wconf 80' lang='grc' dir='ltr'>καρδίαν,</span> <span class='ocrx_word' id='word_1_141' title='bbox 2682 1297 2998 1353; x_wconf 76' lang='grc' dir='ltr'>ἐπυνθάνετο</span> <span class='ocrx_word' id='word_1_142' title='bbox 3045 1299 3145 1367; x_wconf 73' lang='grc' dir='ltr'><strong>τῆς</strong></span> <span class='ocrx_word' id='word_1_143' title='bbox 3189 1297 3444 1371; x_wconf 83' lang='grc' dir='ltr'>γυναικὸς</span> <span class='ocrx_word' id='word_1_144' title='bbox 3491 1295 3692 1370; x_wconf 86' lang='grc' dir='ltr'>λέγων·</span> <span class='ocrx_word' id='word_1_145' title='bbox 3742 1294 3889 1350; x_wconf 80' lang='grc' dir='ltr'><strong>Εἱπὲ</strong></span> 
     </span>
    </p>
   </div>
   <div class='ocr_carea' id='block_1_20' title="bbox 471 1381 2109 1462">
    <p class='ocr_par' dir='ltr' id='par_1_20' title="bbox 471 1390 2109 1461">
     <span class='ocr_line' id='line_1_20' title="bbox 471 1390 2109 1461; baseline -0.001 -14"><span class='ocrx_word' id='word_1_146' title='bbox 471 1392 671 1447; x_wconf 88' lang='lat' dir='ltr'><strong>dicens</strong></span> <span class='ocrx_word' id='word_1_147' title='bbox 699 1409 712 1443; x_wconf 89' lang='lat'><strong>:</strong></span> <span class='ocrx_word' id='word_1_148' title='bbox 748 1391 915 1446; x_wconf 82' lang='lat' dir='ltr'><strong>Refer</strong></span> <span class='ocrx_word' id='word_1_149' title='bbox 944 1390 1112 1455; x_wconf 88' lang='lat' dir='ltr'><strong>mihi,</strong></span> <span class='ocrx_word' id='word_1_150' title='bbox 1146 1390 1382 1457; x_wconf 85' lang='lat' dir='ltr'><strong>femina,</strong></span> <span class='ocrx_word' id='word_1_151' title='bbox 1409 1406 1595 1461; x_wconf 87' lang='lat' dir='ltr'><strong>genus</strong></span> <span class='ocrx_word' id='word_1_152' title='bbox 1617 1394 1675 1445; x_wconf 92' lang='lat' dir='ltr'><strong>et</strong></span> <span class='ocrx_word' id='word_1_153' title='bbox 1702 1390 2013 1458; x_wconf 86' lang='lat' dir='ltr'><strong>civitatem,</strong></span> <span class='ocrx_word' id='word_1_154' title='bbox 2036 1395 2109 1446; x_wconf 86' lang='lat' dir='ltr'><strong>at-</strong></span> 
     </span>
    </p>
   </div>
   <div class='ocr_carea' id='block_1_21' title="bbox 2262 1381 3900 1462">
    <p class='ocr_par' dir='ltr' id='par_1_21' title="bbox 2262 1381 3900 1462">
     <span class='ocr_line' id='line_1_21' title="bbox 2262 1381 3900 1462; baseline -0.001 -22"><span class='ocrx_word' id='word_1_155' title='bbox 2262 1407 2346 1455; x_wconf 75' lang='lat' dir='ltr'><strong>LOl,</strong></span> <span class='ocrx_word' id='word_1_156' title='bbox 2378 1386 2557 1461; x_wconf 89' lang='grc' dir='ltr'>γύναι,</span> <span class='ocrx_word' id='word_1_157' title='bbox 2597 1387 2658 1441; x_wconf 90' lang='grc' dir='ltr'>τὸ</span> <span class='ocrx_word' id='word_1_158' title='bbox 2686 1386 2841 1462; x_wconf 88' lang='grc' dir='ltr'>γένος</span> <span class='ocrx_word' id='word_1_159' title='bbox 2878 1386 2969 1441; x_wconf 89' lang='grc' dir='ltr'>καὶ</span> <span class='ocrx_word' id='word_1_160' title='bbox 3006 1388 3106 1455; x_wconf 77' lang='grc' dir='ltr'>τὴν</span> <span class='ocrx_word' id='word_1_161' title='bbox 3154 1381 3343 1453; x_wconf 84' lang='grc' dir='ltr'>πόλιν,</span> <span class='ocrx_word' id='word_1_162' title='bbox 3393 1384 3485 1440; x_wconf 86' lang='grc' dir='ltr'><strong>καὶ</strong></span> <span class='ocrx_word' id='word_1_163' title='bbox 3567 1389 3674 1439; x_wconf 74' lang='grc' dir='ltr'><strong>τῶν</strong></span> <span class='ocrx_word' id='word_1_164' title='bbox 3718 1383 3900 1439; x_wconf 82' lang='grc' dir='ltr'>τέκνω</span> 
     </span>
    </p>
   </div>
   <div class='ocr_carea' id='block_1_22' title="bbox 471 1472 2109 1552">
    <p class='ocr_par' dir='ltr' id='par_1_22' title="bbox 471 1478 2109 1552">
     <span class='ocr_line' id='line_1_22' title="bbox 471 1478 2109 1552; baseline -0.001 -17"><span class='ocrx_word' id='word_1_165' title='bbox 471 1496 582 1552; x_wconf 87' lang='lat' dir='ltr'><strong>que</strong></span> <span class='ocrx_word' id='word_1_166' title='bbox 611 1480 787 1535; x_wconf 90' lang='lat' dir='ltr'><strong>etiam</strong></span> <span class='ocrx_word' id='word_1_167' title='bbox 836 1478 1153 1533; x_wconf 91' lang='lat' dir='ltr'><strong>liberorum</strong></span> <span class='ocrx_word' id='word_1_168' title='bbox 1202 1479 1462 1544; x_wconf 89' lang='lat' dir='ltr'><strong>nomina,</strong></span> <span class='ocrx_word' id='word_1_169' title='bbox 1495 1478 1812 1550; x_wconf 86' lang='lat' dir='ltr'><strong>statimque</strong></span> <span class='ocrx_word' id='word_1_170' title='bbox 1860 1478 2109 1533; x_wconf 88' lang='lat' dir='ltr'><strong>medica-</strong></span> 
     </span>
    </p>
   </div>
   <div class='ocr_carea' id='block_1_23' title="bbox 2250 1472 3888 1552">
    <p class='ocr_par' dir='ltr' id='par_1_23' title="bbox 2250 1472 3888 1551">
     <span class='ocr_line' id='line_1_23' title="bbox 2250 1472 3888 1551; baseline -0.001 -23"><span class='ocrx_word' id='word_1_171' title='bbox 2250 1476 2294 1544; x_wconf 73' lang='grc' dir='ltr'><strong>ἰὴ</strong></span> <span class='ocrx_word' id='word_1_172' title='bbox 2326 1476 2394 1530; x_wconf 76' lang='grc' dir='ltr'><strong>τὰ</strong></span> <span class='ocrx_word' id='word_1_173' title='bbox 2427 1474 2687 1548; x_wconf 86' lang='grc' dir='ltr'>ὀνόματα,</span> <span class='ocrx_word' id='word_1_174' title='bbox 2737 1475 2827 1530; x_wconf 88' lang='grc' dir='ltr'><strong>καὶ</strong></span> <span class='ocrx_word' id='word_1_175' title='bbox 2876 1482 3221 1551; x_wconf 85' lang='grc' dir='ltr'>παραχρῆμα</span> <span class='ocrx_word' id='word_1_176' title='bbox 3264 1472 3466 1546; x_wconf 83' lang='grc' dir='ltr'>δίδωμί</span> <span class='ocrx_word' id='word_1_177' title='bbox 3513 1494 3597 1527; x_wconf 91' lang='grc' dir='ltr'><strong>σοι</strong></span> <span class='ocrx_word' id='word_1_178' title='bbox 3646 1476 3690 1510; x_wconf 72' lang='lat'><strong>‘9</strong></span> <span class='ocrx_word' id='word_1_179' title='bbox 3742 1475 3888 1550; x_wconf 77' lang='grc' dir='ltr'>φάρ-</span> 
     </span>
    </p>
   </div>
   <div class='ocr_carea' id='block_1_24' title="bbox 473 1560 2111 1641">
    <p class='ocr_par' dir='ltr' id='par_1_24' title="bbox 473 1566 2111 1640">
     <span class='ocr_line' id='line_1_24' title="bbox 473 1566 2111 1640; baseline -0.001 -16"><span class='ocrx_word' id='word_1_180' title='bbox 473 1572 739 1624; x_wconf 87' lang='lat' dir='ltr'><strong>mentum</strong></span> <span class='ocrx_word' id='word_1_181' title='bbox 771 1568 874 1623; x_wconf 86' lang='lat' dir='ltr'><strong>tibi</strong></span> <span class='ocrx_word' id='word_1_182' title='bbox 927 1568 1177 1622; x_wconf 85' lang='lat' dir='ltr'><strong>tradam.</strong></span> <span class='ocrx_word' id='word_1_183' title='bbox 1208 1566 1313 1622; x_wconf 89' lang='lat' dir='ltr'><strong>llla</strong></span> <span class='ocrx_word' id='word_1_184' title='bbox 1340 1583 1496 1633; x_wconf 89' lang='lat' dir='ltr'><strong>vero,</strong></span> <span class='ocrx_word' id='word_1_185' title='bbox 1528 1584 1652 1637; x_wconf 72' lang='lat' dir='ltr'><strong>quae</strong></span> <span class='ocrx_word' id='word_1_186' title='bbox 1700 1572 2022 1640; x_wconf 84' lang='lat' dir='ltr'><strong>cogeretur,</strong></span> <span class='ocrx_word' id='word_1_187' title='bbox 2055 1584 2111 1623; x_wconf 86' lang='lat' dir='ltr'><strong>ac</strong></span> 
     </span>
    </p>
   </div>
   <div class='ocr_carea' id='block_1_25' title="bbox 2247 1560 3885 1641">
    <p class='ocr_par' dir='ltr' id='par_1_25' title="bbox 2247 1560 3885 1641">
     <span class='ocr_line' id='line_1_25' title="bbox 2247 1560 3885 1641; baseline -0.002 -22"><span class='ocrx_word' id='word_1_188' title='bbox 2247 1584 2417 1620; x_wconf 76' lang='grc' dir='ltr'>ιακον.</span> <span class='ocrx_word' id='word_1_189' title='bbox 2450 1566 2509 1619; x_wconf 87' lang='grc' dir='ltr'>Ἡ</span> <span class='ocrx_word' id='word_1_190' title='bbox 2543 1562 2600 1620; x_wconf 66' lang='grc' dir='ltr'><strong>δὲ</strong></span> <span class='ocrx_word' id='word_1_191' title='bbox 2647 1565 2943 1641; x_wconf 70' lang='grc' dir='ltr'>βιαζομένῃ</span> <span class='ocrx_word' id='word_1_192' title='bbox 2997 1564 3117 1637; x_wconf 72' lang='grc' dir='ltr'>μὲν,</span> <span class='ocrx_word' id='word_1_193' title='bbox 3158 1563 3250 1618; x_wconf 84' lang='grc' dir='ltr'><strong>καὶ</strong></span> <span class='ocrx_word' id='word_1_194' title='bbox 3297 1563 3463 1618; x_wconf 74' lang='grc' dir='ltr'>εἰπεῖν</span> <span class='ocrx_word' id='word_1_195' title='bbox 3516 1562 3615 1618; x_wconf 80' lang='grc' dir='ltr'>οὐκ</span> <span class='ocrx_word' id='word_1_196' title='bbox 3651 1560 3885 1627; x_wconf 82' lang='grc' dir='ltr'>ἐθέλου-</span> 
     </span>
    </p>
   </div>
   <div class='ocr_carea' id='block_1_26' title="bbox 472 1647 2110 1731">
    <p class='ocr_par' dir='ltr' id='par_1_26' title="bbox 472 1655 2110 1728">
     <span class='ocr_line' id='line_1_26' title="bbox 472 1655 2110 1728; baseline -0.001 -16"><span class='ocrx_word' id='word_1_197' title='bbox 472 1656 654 1712; x_wconf 90' lang='lat' dir='ltr'><strong>nollet</strong></span> <span class='ocrx_word' id='word_1_198' title='bbox 671 1657 905 1727; x_wconf 84' lang='lat' dir='ltr'><strong>quidem</strong></span> <span class='ocrx_word' id='word_1_199' title='bbox 926 1656 1135 1723; x_wconf 89' lang='lat' dir='ltr'><strong>dicere,</strong></span> <span class='ocrx_word' id='word_1_200' title='bbox 1159 1660 1218 1712; x_wconf 91' lang='lat' dir='ltr'><strong>et</strong></span> <span class='ocrx_word' id='word_1_201' title='bbox 1239 1662 1432 1711; x_wconf 84' lang='lat' dir='ltr'><strong>tamen</strong></span> <span class='ocrx_word' id='word_1_202' title='bbox 1457 1655 1839 1728; x_wconf 88' lang='lat' dir='ltr'><strong>pharmacum</strong></span> <span class='ocrx_word' id='word_1_203' title='bbox 1862 1656 2110 1727; x_wconf 77' lang='lat' dir='ltr'><strong>accipere</strong></span> 
     </span>
    </p>
   </div>
   <div class='ocr_carea' id='block_1_27' title="bbox 2251 1647 3889 1731">
    <p class='ocr_par' dir='ltr' id='par_1_27' title="bbox 2251 1647 3889 1731">
     <span class='ocr_line' id='line_1_27' title="bbox 2251 1647 3889 1731; baseline -0.001 -24"><span class='ocrx_word' id='word_1_204' title='bbox 2251 1674 2313 1725; x_wconf 74' lang='lat' dir='ltr'><strong>ra,</strong></span> <span class='ocrx_word' id='word_1_205' title='bbox 2341 1654 2404 1708; x_wconf 85' lang='lat'><strong>:6</strong></span> <span class='ocrx_word' id='word_1_206' title='bbox 2427 1651 2707 1731; x_wconf 65' lang='grc' dir='ltr'>φάρμακον</span> <span class='ocrx_word' id='word_1_207' title='bbox 2760 1652 2817 1707; x_wconf 76' lang='grc' dir='ltr'><strong>δὲ</strong></span> <span class='ocrx_word' id='word_1_208' title='bbox 2865 1652 3017 1725; x_wconf 77' lang='grc' dir='ltr'>ὅμως</span> <span class='ocrx_word' id='word_1_209' title='bbox 3062 1652 3317 1730; x_wconf 75' lang='grc' dir='ltr'>έιριεμένη</span> <span class='ocrx_word' id='word_1_210' title='bbox 3347 1647 3561 1723; x_wconf 77' lang='grc' dir='ltr'>λαϐεῖν,</span> <span class='ocrx_word' id='word_1_211' title='bbox 3593 1651 3889 1730; x_wconf 70' lang='grc' dir='ltr'>ἐσοφίσατο</span> 
     </span>
    </p>
   </div>
   <div class='ocr_carea' id='block_1_28' title="bbox 476 1739 2114 1817">
    <p class='ocr_par' dir='ltr' id='par_1_28' title="bbox 476 1743 2114 1817">
     <span class='ocr_line' id='line_1_28' title="bbox 476 1743 2114 1817; baseline -0.001 -16"><span class='ocrx_word' id='word_1_212' title='bbox 476 1749 732 1817; x_wconf 88' lang='lat' dir='ltr'><strong>cuperet,</strong></span> <span class='ocrx_word' id='word_1_213' title='bbox 763 1744 820 1799; x_wconf 91' lang='lat' dir='ltr'><strong>id</strong></span> <span class='ocrx_word' id='word_1_214' title='bbox 853 1748 1184 1801; x_wconf 85' lang='lat' dir='ltr'><strong>commenta</strong></span> <span class='ocrx_word' id='word_1_215' title='bbox 1213 1749 1319 1810; x_wconf 88' lang='lat' dir='ltr'><strong>est,</strong></span> <span class='ocrx_word' id='word_1_216' title='bbox 1354 1749 1420 1800; x_wconf 89' lang='lat' dir='ltr'><strong>ut</strong></span> <span class='ocrx_word' id='word_1_217' title='bbox 1448 1761 1550 1816; x_wconf 92' lang='lat' dir='ltr'><strong>pro</strong></span> <span class='ocrx_word' id='word_1_218' title='bbox 1582 1744 1713 1800; x_wconf 90' lang='lat' dir='ltr'><strong>aliis</strong></span> <span class='ocrx_word' id='word_1_219' title='bbox 1742 1745 1960 1800; x_wconf 86' lang='lat' dir='ltr'><strong>diceret</strong></span> <span class='ocrx_word' id='word_1_220' title='bbox 1984 1743 2114 1816; x_wconf 85' lang='lat' dir='ltr'><strong>alia,</strong></span> 
     </span>
    </p>
   </div>
   <div class='ocr_carea' id='block_1_29' title="bbox 2254 1739 3892 1817">
    <p class='ocr_par' dir='ltr' id='par_1_29' title="bbox 2254 1739 3892 1817">
     <span class='ocr_line' id='line_1_29' title="bbox 2254 1739 3892 1817; baseline -0.001 -21"><span class='ocrx_word' id='word_1_221' title='bbox 2254 1742 2345 1796; x_wconf 79' lang='grc' dir='ltr'>ιντὶ</span> <span class='ocrx_word' id='word_1_222' title='bbox 2375 1739 2561 1796; x_wconf 72' lang='grc' dir='ltr'>ἄλλων</span> <span class='ocrx_word' id='word_1_223' title='bbox 2608 1741 2774 1796; x_wconf 76' lang='grc' dir='ltr'>εἰπεῖν</span> <span class='ocrx_word' id='word_1_224' title='bbox 2820 1739 3000 1817; x_wconf 67' lang='grc' dir='ltr'>ἕτερα,</span> <span class='ocrx_word' id='word_1_225' title='bbox 3044 1740 3132 1796; x_wconf 84' lang='grc' dir='ltr'><strong>καὶ</strong></span> <span class='ocrx_word' id='word_1_226' title='bbox 3184 1742 3336 1813; x_wconf 79' lang='grc' dir='ltr'>ὁμῶς</span> <span class='ocrx_word' id='word_1_227' title='bbox 3387 1739 3556 1808; x_wconf 80' lang='grc' dir='ltr'>αὐτὴν</span> <span class='ocrx_word' id='word_1_228' title='bbox 3605 1740 3698 1813; x_wconf 71' lang='grc' dir='ltr'>μὲν</span> <span class='ocrx_word' id='word_1_229' title='bbox 3732 1742 3892 1816; x_wconf 78' lang='grc' dir='ltr'>Ἐφε-</span> 
     </span>
    </p>
   </div>
   <div class='ocr_carea' id='block_1_30' title="bbox 475 1825 2113 1908">
    <p class='ocr_par' dir='ltr' id='par_1_30' title="bbox 475 1832 2113 1905">
     <span class='ocr_line' id='line_1_30' title="bbox 475 1832 2113 1905; baseline -0.002 -15"><span class='ocrx_word' id='word_1_230' title='bbox 475 1833 772 1904; x_wconf 87' lang='lat' dir='ltr'><strong>simulque</strong></span> <span class='ocrx_word' id='word_1_231' title='bbox 803 1849 865 1889; x_wconf 87' lang='lat' dir='ltr'><strong>se</strong></span> <span class='ocrx_word' id='word_1_232' title='bbox 894 1832 1204 1904; x_wconf 86' lang='lat' dir='ltr'><strong>Ephesiam</strong></span> <span class='ocrx_word' id='word_1_233' title='bbox 1234 1849 1361 1889; x_wconf 89' lang='lat' dir='ltr'><strong>esse</strong></span> <span class='ocrx_word' id='word_1_234' title='bbox 1384 1834 1799 1905; x_wconf 86' lang='lat' dir='ltr'><strong>pronuntiavit,</strong></span> <span class='ocrx_word' id='word_1_235' title='bbox 1823 1833 2013 1888; x_wconf 92' lang='lat' dir='ltr'><strong>virum</strong></span> <span class='ocrx_word' id='word_1_236' title='bbox 2033 1833 2113 1887; x_wconf 91' lang='lat' dir='ltr'><strong>Si-</strong></span> 
     </span>
    </p>
   </div>
   <div class='ocr_carea' id='block_1_31' title="bbox 2255 1825 3893 1908">
    <p class='ocr_par' dir='ltr' id='par_1_31' title="bbox 2255 1825 3893 1908">
     <span class='ocr_line' id='line_1_31' title="bbox 2255 1825 3893 1908; baseline -0.001 -24"><span class='ocrx_word' id='word_1_237' title='bbox 2255 1830 2344 1885; x_wconf 75' lang='grc' dir='ltr'>-ίαν</span> <span class='ocrx_word' id='word_1_238' title='bbox 2376 1830 2508 1885; x_wconf 80' lang='grc' dir='ltr'>εἶναι</span> <span class='ocrx_word' id='word_1_239' title='bbox 2551 1828 2737 1908; x_wconf 75' lang='grc' dir='ltr'>ἔφησε,</span> <span class='ocrx_word' id='word_1_240' title='bbox 2784 1831 2877 1885; x_wconf 85' lang='grc' dir='ltr'>τὸν</span> <span class='ocrx_word' id='word_1_241' title='bbox 2926 1828 3092 1905; x_wconf 80' lang='grc' dir='ltr'>ἄνδρα</span> <span class='ocrx_word' id='word_1_242' title='bbox 3140 1827 3197 1885; x_wconf 72' lang='grc' dir='ltr'><strong>δὲ</strong></span> <span class='ocrx_word' id='word_1_243' title='bbox 3247 1827 3498 1901; x_wconf 87' lang='grc' dir='ltr'>Σικελὸν,</span> <span class='ocrx_word' id='word_1_244' title='bbox 3550 1827 3789 1890; x_wconf 85' lang='grc' dir='ltr'>ὁσαύτως</span> <span class='ocrx_word' id='word_1_245' title='bbox 3825 1825 3893 1883; x_wconf 74' lang='grc' dir='ltr'>δὲ</span> 
     </span>
    </p>
   </div>
   <div class='ocr_carea' id='block_1_32' title="bbox 477 1915 2115 2025">
    <p class='ocr_par' dir='ltr' id='par_1_32' title="bbox 477 1918 2115 1992">
     <span class='ocr_line' id='line_1_32' title="bbox 477 1918 2115 1992; baseline 0.001 -16"><span class='ocrx_word' id='word_1_246' title='bbox 477 1919 714 1986; x_wconf 87' lang='lat' dir='ltr'><strong>culum;</strong></span> <span class='ocrx_word' id='word_1_247' title='bbox 750 1918 1020 1974; x_wconf 81' lang='lat' dir='ltr'><strong>similiter</strong></span> <span class='ocrx_word' id='word_1_248' title='bbox 1049 1936 1277 1991; x_wconf 92' lang='lat' dir='ltr'><strong>quoque</strong></span> <span class='ocrx_word' id='word_1_249' title='bbox 1307 1921 1487 1975; x_wconf 91' lang='lat' dir='ltr'><strong>trium</strong></span> <span class='ocrx_word' id='word_1_250' title='bbox 1537 1937 1849 1992; x_wconf 89' lang='lat' dir='ltr'><strong>puerorum</strong></span> <span class='ocrx_word' id='word_1_251' title='bbox 1882 1922 2115 1977; x_wconf 88' lang='lat' dir='ltr'><strong>nomina</strong></span> 
     </span>
    </p>
   </div>
   <div class='ocr_carea' id='block_1_33' title="bbox 2251 1915 3889 2025">
    <p class='ocr_par' dir='ltr' id='par_1_33' title="bbox 2251 1915 3889 2025">
     <span class='ocr_line' id='line_1_33' title="bbox 2251 1915 3889 1995; baseline -0.001 -22"><span class='ocrx_word' id='word_1_252' title='bbox 2251 1917 2316 1973; x_wconf 83' lang='grc' dir='ltr'>ιαί</span> <span class='ocrx_word' id='word_1_253' title='bbox 2361 1923 2467 1973; x_wconf 85' lang='grc' dir='ltr'>τῶν</span> <span class='ocrx_word' id='word_1_254' title='bbox 2516 1924 2680 1995; x_wconf 84' lang='grc' dir='ltr'>τριῶν</span> <span class='ocrx_word' id='word_1_255' title='bbox 2732 1916 2940 1974; x_wconf 83' lang='grc' dir='ltr'>παίδων</span> <span class='ocrx_word' id='word_1_256' title='bbox 2987 1916 3190 1992; x_wconf 69' lang='grc' dir='ltr'>ἤμειψε</span> <span class='ocrx_word' id='word_1_257' title='bbox 3247 1919 3315 1972; x_wconf 71' lang='grc' dir='ltr'><strong>τὰ</strong></span> <span class='ocrx_word' id='word_1_258' title='bbox 3374 1916 3639 1988; x_wconf 82' lang='grc' dir='ltr'>ὀνόματα.</span> <span class='ocrx_word' id='word_1_259' title='bbox 3698 1915 3798 1971; x_wconf 83' lang='grc' dir='ltr'>Καὶ</span> <span class='ocrx_word' id='word_1_260' title='bbox 3857 1918 3889 1972; x_wconf 86' lang='lat'><strong>6</strong></span> 
     </span>
     <span class='ocr_line' id='line_1_34' title="bbox 2251 2004 3819 2025; baseline -0.001 0"><span class='ocrx_word' id='word_1_261' title='bbox 2251 2008 2294 2025; x_wconf 74' lang='grc' dir='ltr'><strong>-Ι</strong></span> <span class='ocrx_word' id='word_1_262' title='bbox 2494 2008 2515 2025; x_wconf 69' lang='grc' dir='ltr'>ῒ</span> <span class='ocrx_word' id='word_1_263' title='bbox 2560 2010 2584 2025; x_wconf 84' lang='lat' dir='ltr'><strong>n</strong></span> <span class='ocrx_word' id='word_1_264' title='bbox 2622 2007 2634 2025; x_wconf 58' lang='grc' dir='ltr'>ἱ</span> <span class='ocrx_word' id='word_1_265' title='bbox 2739 2008 2752 2025; x_wconf 73' lang='grc'><strong>9</strong></span> <span class='ocrx_word' id='word_1_266' title='bbox 2807 2009 2821 2025; x_wconf 87' lang='lat'><strong><em>\</em></strong></span> <span class='ocrx_word' id='word_1_267' title='bbox 2904 2006 2949 2025; x_wconf 53' lang='grc' dir='ltr'><strong>’Χ</strong></span> <span class='ocrx_word' id='word_1_268' title='bbox 3008 2010 3033 2025; x_wconf 80' lang='grc' dir='ltr'><strong>Λ</strong></span> <span class='ocrx_word' id='word_1_269' title='bbox 3078 2006 3091 2025; x_wconf 84' lang='grc' dir='ltr'><em>Ι</em></span> <span class='ocrx_word' id='word_1_270' title='bbox 3241 2004 3308 2025; x_wconf 69' lang='grc' dir='ltr'>ΛΠ</span> <span class='ocrx_word' id='word_1_271' title='bbox 3524 2006 3537 2024; x_wconf 82' lang='grc' dir='ltr'><em>Ι</em></span> <span class='ocrx_word' id='word_1_272' title='bbox 3805 2005 3819 2022; x_wconf 58' lang='grc' dir='ltr'><strong>ε</strong></span> 
     </span>
    </p>
   </div>
   <div class='ocr_carea' id='block_1_34' title="bbox 479 2004 2117 2084">
    <p class='ocr_par' dir='ltr' id='par_1_34' title="bbox 479 2008 2117 2074">
     <span class='ocr_line' id='line_1_35' title="bbox 479 2008 2117 2074; baseline 0.001 -10"><span class='ocrx_word' id='word_1_273' title='bbox 479 2008 879 2064; x_wconf 88' lang='lat' dir='ltr'><strong>commutavit.</strong></span> <span class='ocrx_word' id='word_1_274' title='bbox 927 2009 1076 2063; x_wconf 89' lang='lat' dir='ltr'><strong>Tum</strong></span> <span class='ocrx_word' id='word_1_275' title='bbox 1130 2009 1349 2074; x_wconf 86' lang='lat' dir='ltr'><strong>Petrus,</strong></span> <span class='ocrx_word' id='word_1_276' title='bbox 1382 2009 1697 2066; x_wconf 88' lang='lat' dir='ltr'><strong>arbitratus</strong></span> <span class='ocrx_word' id='word_1_277' title='bbox 1743 2026 1871 2065; x_wconf 89' lang='lat' dir='ltr'><strong>eam</strong></span> <span class='ocrx_word' id='word_1_278' title='bbox 1918 2027 2117 2066; x_wconf 87' lang='lat' dir='ltr'><strong>verum</strong></span> 
     </span>
    </p>
   </div>
   <div class='ocr_carea' id='block_1_35' title="bbox 2248 2004 3886 2084">
    <p class='ocr_par' dir='ltr' id='par_1_35' title="bbox 2248 2004 3886 2084">
     <span class='ocr_line' id='line_1_36' title="bbox 2248 2004 3886 2084; baseline -0.002 -22"><span class='ocrx_word' id='word_1_279' title='bbox 2248 2008 2432 2081; x_wconf 77' lang='grc' dir='ltr'>ἶέτρος</span> <span class='ocrx_word' id='word_1_280' title='bbox 2464 2007 2667 2077; x_wconf 77' lang='grc' dir='ltr'>οἶηθείς</span> <span class='ocrx_word' id='word_1_281' title='bbox 2695 2008 2861 2077; x_wconf 78' lang='grc' dir='ltr'>αὐτὴν</span> <span class='ocrx_word' id='word_1_282' title='bbox 2894 2006 3197 2079; x_wconf 77' lang='grc' dir='ltr'>ἀληθεύειν,</span> <span class='ocrx_word' id='word_1_283' title='bbox 3239 2004 3425 2081; x_wconf 71' lang='grc' dir='ltr'>Οἶ’μοι,</span> <span class='ocrx_word' id='word_1_284' title='bbox 3473 2006 3653 2080; x_wconf 86' lang='grc' dir='ltr'>γύναι,</span> <span class='ocrx_word' id='word_1_285' title='bbox 3688 2005 3886 2084; x_wconf 78' lang='grc' dir='ltr'>φησὶν,</span> 
     </span>
    </p>
   </div>
   <div class='ocr_carea' id='block_1_36' title="bbox 478 2093 2116 2172">
    <p class='ocr_par' dir='ltr' id='par_1_36' title="bbox 478 2095 2116 2168">
     <span class='ocr_line' id='line_1_37' title="bbox 478 2095 2116 2168; baseline 0.002 -16"><span class='ocrx_word' id='word_1_286' title='bbox 478 2096 669 2152; x_wconf 89' lang='lat' dir='ltr'><strong>dicere</strong></span> <span class='ocrx_word' id='word_1_287' title='bbox 703 2113 716 2153; x_wconf 91' lang='lat'>:</span> <span class='ocrx_word' id='word_1_288' title='bbox 746 2097 890 2165; x_wconf 89' lang='lat' dir='ltr'><strong>Heu,</strong></span> <span class='ocrx_word' id='word_1_289' title='bbox 925 2095 1155 2162; x_wconf 89' lang='lat' dir='ltr'><strong>mulier,</strong></span> <span class='ocrx_word' id='word_1_290' title='bbox 1188 2098 1402 2168; x_wconf 88' lang='lat' dir='ltr'><strong>inquit,</strong></span> <span class='ocrx_word' id='word_1_291' title='bbox 1433 2098 1838 2154; x_wconf 82' lang='lat' dir='ltr'><strong>existimabam</strong></span> <span class='ocrx_word' id='word_1_292' title='bbox 1872 2116 1964 2155; x_wconf 92' lang='lat' dir='ltr'><strong>me</strong></span> <span class='ocrx_word' id='word_1_293' title='bbox 1996 2117 2116 2155; x_wconf 88' lang='lat' dir='ltr'><strong>ma-</strong></span> 
     </span>
    </p>
   </div>
   <div class='ocr_carea' id='block_1_37' title="bbox 2244 2093 3882 2172">
    <p class='ocr_par' dir='ltr' id='par_1_37' title="bbox 2244 2093 3882 2172">
     <span class='ocr_line' id='line_1_38' title="bbox 2244 2093 3882 2172; baseline 0.002 -24"><span class='ocrx_word' id='word_1_294' title='bbox 2244 2095 2477 2169; x_wconf 67' lang='grc' dir='ltr'>ὲνόμιζον</span> <span class='ocrx_word' id='word_1_295' title='bbox 2504 2094 2744 2172; x_wconf 77' lang='grc' dir='ltr'>μεγάλην</span> <span class='ocrx_word' id='word_1_296' title='bbox 2775 2097 2897 2150; x_wconf 76' lang='grc' dir='ltr'>τινὰ</span> <span class='ocrx_word' id='word_1_297' title='bbox 2920 2096 3093 2171; x_wconf 75' lang='grc' dir='ltr'>χαρὰν</span> <span class='ocrx_word' id='word_1_298' title='bbox 3112 2099 3180 2169; x_wconf 79' lang='grc' dir='ltr'>τῇ</span> <span class='ocrx_word' id='word_1_299' title='bbox 3212 2098 3452 2170; x_wconf 85' lang='grc' dir='ltr'>σήμερον</span> <span class='ocrx_word' id='word_1_300' title='bbox 3488 2093 3635 2169; x_wconf 80' lang='grc' dir='ltr'>ἄγειν</span> <span class='ocrx_word' id='word_1_301' title='bbox 3672 2095 3882 2170; x_wconf 76' lang='grc' dir='ltr'>ἡμέρᾳ,</span> 
     </span>
    </p>
   </div>
   <div class='ocr_carea' id='block_1_38' title="bbox 476 2180 2114 2260">
    <p class='ocr_par' dir='ltr' id='par_1_38' title="bbox 476 2185 2114 2260">
     <span class='ocr_line' id='line_1_39' title="bbox 476 2185 2114 2260; baseline 0.001 -18"><span class='ocrx_word' id='word_1_302' title='bbox 476 2203 649 2260; x_wconf 87' lang='lat' dir='ltr'><strong>gnam</strong></span> <span class='ocrx_word' id='word_1_303' title='bbox 676 2185 935 2242; x_wconf 67' lang='lat' dir='ltr'><strong>laetitiam</strong></span> <span class='ocrx_word' id='word_1_304' title='bbox 954 2185 1229 2242; x_wconf 88' lang='lat' dir='ltr'><strong>hodierno</strong></span> <span class='ocrx_word' id='word_1_305' title='bbox 1251 2186 1345 2241; x_wconf 91' lang='lat' dir='ltr'><strong>die</strong></span> <span class='ocrx_word' id='word_1_306' title='bbox 1365 2185 2042 2259; x_wconf 90' lang='lat' dir='ltr'><strong>allaturum,suspicatus</strong></span> <span class='ocrx_word' id='word_1_307' title='bbox 2063 2194 2114 2244; x_wconf 91' lang='lat' dir='ltr'><strong>te</strong></span> 
     </span>
    </p>
   </div>
   <div class='ocr_carea' id='block_1_39' title="bbox 2242 2180 3880 2260">
    <p class='ocr_par' dir='ltr' id='par_1_39' title="bbox 2242 2180 3880 2259">
     <span class='ocr_line' id='line_1_40' title="bbox 2242 2180 3880 2259; baseline -0.001 -21"><span class='ocrx_word' id='word_1_308' title='bbox 2242 2180 2519 2239; x_wconf 62' lang='grc' dir='ltr'>ὅπολαϐών</span> <span class='ocrx_word' id='word_1_309' title='bbox 2580 2184 2638 2239; x_wconf 84' lang='grc' dir='ltr'><strong>σέ</strong></span> <span class='ocrx_word' id='word_1_310' title='bbox 2682 2206 2803 2240; x_wconf 87' lang='grc' dir='ltr'>τινα</span> <span class='ocrx_word' id='word_1_311' title='bbox 2849 2185 3020 2256; x_wconf 80' lang='grc' dir='ltr'>εἶναι,</span> <span class='ocrx_word' id='word_1_312' title='bbox 3070 2186 3138 2253; x_wconf 83' lang='grc' dir='ltr'><strong>ἧς</strong></span> <span class='ocrx_word' id='word_1_313' title='bbox 3183 2185 3251 2238; x_wconf 80' lang='grc' dir='ltr'><strong>τὰ</strong></span> <span class='ocrx_word' id='word_1_314' title='bbox 3300 2185 3591 2259; x_wconf 80' lang='grc' dir='ltr'>πράγματα</span> <span class='ocrx_word' id='word_1_315' title='bbox 3639 2182 3880 2246; x_wconf 84' lang='grc' dir='ltr'>ἀκούσας</span> 
     </span>
    </p>
   </div>
   <div class='ocr_carea' id='block_1_40' title="bbox 477 2268 2115 2349">
    <p class='ocr_par' dir='ltr' id='par_1_40' title="bbox 477 2275 2115 2349">
     <span class='ocr_line' id='line_1_41' title="bbox 477 2275 2115 2349; baseline 0 -18"><span class='ocrx_word' id='word_1_316' title='bbox 477 2276 795 2349; x_wconf 88' lang='lat' dir='ltr'><strong>quamdam</strong></span> <span class='ocrx_word' id='word_1_317' title='bbox 834 2291 985 2343; x_wconf 88' lang='lat' dir='ltr'><strong>esse,</strong></span> <span class='ocrx_word' id='word_1_318' title='bbox 1038 2276 1211 2345; x_wconf 88' lang='lat' dir='ltr'><strong>cujus</strong></span> <span class='ocrx_word' id='word_1_319' title='bbox 1259 2292 1350 2331; x_wconf 89' lang='lat' dir='ltr'><strong>res</strong></span> <span class='ocrx_word' id='word_1_320' title='bbox 1402 2275 1616 2344; x_wconf 89' lang='lat' dir='ltr'><strong>audivi,</strong></span> <span class='ocrx_word' id='word_1_321' title='bbox 1648 2280 1706 2331; x_wconf 93' lang='lat' dir='ltr'><strong>et</strong></span> <span class='ocrx_word' id='word_1_322' title='bbox 1758 2277 1933 2348; x_wconf 88' lang='lat' dir='ltr'><strong>probe</strong></span> <span class='ocrx_word' id='word_1_323' title='bbox 1963 2277 2115 2333; x_wconf 90' lang='lat' dir='ltr'><strong>novi.</strong></span> 
     </span>
    </p>
   </div>
   <div class='ocr_carea' id='block_1_41' title="bbox 2252 2268 3890 2349">
    <p class='ocr_par' dir='ltr' id='par_1_41' title="bbox 2252 2268 3890 2348">
     <span class='ocr_line' id='line_1_42' title="bbox 2252 2268 3890 2348; baseline 0 -21"><span class='ocrx_word' id='word_1_324' title='bbox 2252 2268 2465 2348; x_wconf 70' lang='grc' dir='ltr'>ικριϐῶς</span> <span class='ocrx_word' id='word_1_325' title='bbox 2514 2272 2825 2347; x_wconf 82' lang='grc' dir='ltr'>ἐπίσταμαι.</span> <span class='ocrx_word' id='word_1_326' title='bbox 2876 2274 2938 2330; x_wconf 80' lang='grc' dir='ltr'>Ἥ</span> <span class='ocrx_word' id='word_1_327' title='bbox 2970 2270 3027 2327; x_wconf 73' lang='grc' dir='ltr'><strong>δὲ</strong></span> <span class='ocrx_word' id='word_1_328' title='bbox 3076 2272 3332 2348; x_wconf 78' lang='grc' dir='ltr'>ἐξώρκισε</span> <span class='ocrx_word' id='word_1_329' title='bbox 3380 2270 3638 2346; x_wconf 87' lang='grc' dir='ltr'>λέγουσα·</span> <span class='ocrx_word' id='word_1_330' title='bbox 3677 2270 3890 2345; x_wconf 86' lang='grc' dir='ltr'>Δέομαί</span> 
     </span>
    </p>
   </div>
   <div class='ocr_carea' id='block_1_42' title="bbox 472 2358 2110 2437">
    <p class='ocr_par' dir='ltr' id='par_1_42' title="bbox 472 2363 2110 2435">
     <span class='ocr_line' id='line_1_43' title="bbox 472 2363 2110 2435; baseline 0 -15"><span class='ocrx_word' id='word_1_331' title='bbox 472 2368 545 2422; x_wconf 85' lang='lat' dir='ltr'><strong>At</strong></span> <span class='ocrx_word' id='word_1_332' title='bbox 572 2363 673 2420; x_wconf 90' lang='lat' dir='ltr'><strong>illa</strong></span> <span class='ocrx_word' id='word_1_333' title='bbox 718 2364 1008 2435; x_wconf 89' lang='lat' dir='ltr'><strong>adjuravit</strong></span> <span class='ocrx_word' id='word_1_334' title='bbox 1052 2379 1208 2434; x_wconf 89' lang='lat' dir='ltr'><strong>eum,</strong></span> <span class='ocrx_word' id='word_1_335' title='bbox 1241 2364 1441 2420; x_wconf 90' lang='lat' dir='ltr'><strong>dicens</strong></span> <span class='ocrx_word' id='word_1_336' title='bbox 1472 2381 1486 2420; x_wconf 88' lang='lat'><strong>:</strong></span> <span class='ocrx_word' id='word_1_337' title='bbox 1520 2364 1630 2420; x_wconf 92' lang='lat' dir='ltr'><strong>Oro</strong></span> <span class='ocrx_word' id='word_1_338' title='bbox 1661 2369 1736 2432; x_wconf 90' lang='lat' dir='ltr'><strong>te,</strong></span> <span class='ocrx_word' id='word_1_339' title='bbox 1770 2367 1919 2421; x_wconf 88' lang='lat' dir='ltr'><strong>refer</strong></span> <span class='ocrx_word' id='word_1_340' title='bbox 1948 2366 2110 2434; x_wconf 88' lang='lat' dir='ltr'><strong>mihi,</strong></span> 
     </span>
    </p>
   </div>
   <div class='ocr_carea' id='block_1_43' title="bbox 2244 2358 3882 2437">
    <p class='ocr_par' dir='ltr' id='par_1_43' title="bbox 2244 2358 3882 2437">
     <span class='ocr_line' id='line_1_44' title="bbox 2244 2358 3882 2437; baseline 0.001 -23"><span class='ocrx_word' id='word_1_341' title='bbox 2244 2382 2341 2431; x_wconf 69' lang='grc' dir='ltr'>που,</span> <span class='ocrx_word' id='word_1_342' title='bbox 2369 2362 2486 2416; x_wconf 79' lang='grc' dir='ltr'>εἰπέ</span> <span class='ocrx_word' id='word_1_343' title='bbox 2535 2383 2650 2435; x_wconf 90' lang='grc' dir='ltr'>μοι,</span> <span class='ocrx_word' id='word_1_344' title='bbox 2695 2361 2786 2417; x_wconf 62' lang='grc' dir='ltr'>*ίνα</span> <span class='ocrx_word' id='word_1_345' title='bbox 2835 2359 2962 2418; x_wconf 80' lang='grc' dir='ltr'>εἰδῶ</span> <span class='ocrx_word' id='word_1_346' title='bbox 3010 2358 3197 2417; x_wconf 82' lang='grc' dir='ltr'>εἶέστι</span> <span class='ocrx_word' id='word_1_347' title='bbox 3245 2383 3328 2424; x_wconf 90' lang='grc' dir='ltr'><strong>τις</strong></span> <span class='ocrx_word' id='word_1_348' title='bbox 3361 2360 3410 2417; x_wconf 76' lang='grc' dir='ltr'>ἐν</span> <span class='ocrx_word' id='word_1_349' title='bbox 3456 2358 3698 2437; x_wconf 77' lang='grc' dir='ltr'>γυναιξῖν</span> <span class='ocrx_word' id='word_1_350' title='bbox 3729 2358 3882 2433; x_wconf 79' lang='grc' dir='ltr'>ἄλλη</span> 
     </span>
    </p>
   </div>
   <div class='ocr_carea' id='block_1_44' title="bbox 474 2449 2112 2528">
    <p class='ocr_par' dir='ltr' id='par_1_44' title="bbox 474 2452 2112 2528">
     <span class='ocr_line' id='line_1_45' title="bbox 474 2452 2112 2528; baseline 0.002 -20"><span class='ocrx_word' id='word_1_351' title='bbox 474 2470 590 2527; x_wconf 90' lang='lat' dir='ltr'><strong>quo</strong></span> <span class='ocrx_word' id='word_1_352' title='bbox 619 2452 823 2523; x_wconf 90' lang='lat' dir='ltr'><strong>sciam,</strong></span> <span class='ocrx_word' id='word_1_353' title='bbox 856 2456 1054 2508; x_wconf 92' lang='lat' dir='ltr'><strong>utrum</strong></span> <span class='ocrx_word' id='word_1_354' title='bbox 1085 2453 1236 2508; x_wconf 88' lang='lat' dir='ltr'><strong>inter</strong></span> <span class='ocrx_word' id='word_1_355' title='bbox 1265 2453 1539 2510; x_wconf 87' lang='lat' dir='ltr'><strong>mulieres</strong></span> <span class='ocrx_word' id='word_1_356' title='bbox 1570 2454 1647 2509; x_wconf 90' lang='lat' dir='ltr'><strong>sit</strong></span> <span class='ocrx_word' id='word_1_357' title='bbox 1685 2453 1800 2511; x_wconf 89' lang='lat' dir='ltr'><strong>alia</strong></span> <span class='ocrx_word' id='word_1_358' title='bbox 1828 2455 2112 2528; x_wconf 68' lang='lat' dir='ltr'><strong>quapiam</strong></span> 
     </span>
    </p>
   </div>
   <div class='ocr_carea' id='block_1_45' title="bbox 1084 2449 2722 2528">
    <p class='ocr_par' dir='ltr' id='par_1_45' title="bbox 1085 2449 2722 2528">
     <span class='ocr_line' id='line_1_46' title="bbox 1085 2449 2722 2528; baseline 0.004 -21"><span class='ocrx_word' id='word_1_359' title='bbox 1085 2453 1236 2508; x_wconf 88' lang='lat' dir='ltr'><strong>inter</strong></span> <span class='ocrx_word' id='word_1_360' title='bbox 1265 2453 1539 2510; x_wconf 87' lang='lat' dir='ltr'><strong>mulieres</strong></span> <span class='ocrx_word' id='word_1_361' title='bbox 1570 2454 1647 2509; x_wconf 90' lang='lat' dir='ltr'><strong>sit</strong></span> <span class='ocrx_word' id='word_1_362' title='bbox 1685 2453 1800 2511; x_wconf 89' lang='lat' dir='ltr'><strong>alia</strong></span> <span class='ocrx_word' id='word_1_363' title='bbox 1828 2455 2116 2528; x_wconf 68' lang='lat' dir='ltr'><strong>quapiam</strong></span> <span class='ocrx_word' id='word_1_364' title='bbox 2224 2449 2529 2525; x_wconf 76' lang='grc' dir='ltr'>ἀθλιωτέρα</span> <span class='ocrx_word' id='word_1_365' title='bbox 2568 2451 2722 2526; x_wconf 75' lang='grc' dir='ltr'>ἐμοῦ·</span> 
     </span>
    </p>
   </div>
   <div class='ocr_carea' id='block_1_46' title="bbox 472 2540 901 2599">
    <p class='ocr_par' dir='ltr' id='par_1_46' title="bbox 472 2540 901 2599">
     <span class='ocr_line' id='line_1_47' title="bbox 472 2540 901 2599; baseline -0.002 0"><span class='ocrx_word' id='word_1_366' title='bbox 472 2559 567 2599; x_wconf 90' lang='lat' dir='ltr'><strong>me</strong></span> <span class='ocrx_word' id='word_1_367' title='bbox 596 2540 901 2598; x_wconf 90' lang='lat' dir='ltr'><strong>infelicior.</strong></span> 
     </span>
    </p>
   </div>
   <div class='ocr_carea' id='block_1_47' title="bbox 542 2623 2180 2705">
    <p class='ocr_par' dir='ltr' id='par_1_47' title="bbox 542 2630 2114 2702">
     <span class='ocr_line' id='line_1_48' title="bbox 542 2630 2114 2702; baseline 0.001 -16"><span class='ocrx_word' id='word_1_368' title='bbox 542 2630 870 2686; x_wconf 82' lang='lat' dir='ltr'><strong>LXXXVIII.</strong></span> <span class='ocrx_word' id='word_1_369' title='bbox 904 2630 970 2685; x_wconf 88' lang='lat' dir='ltr'><strong>Et</strong></span> <span class='ocrx_word' id='word_1_370' title='bbox 996 2632 1222 2699; x_wconf 86' lang='lat' dir='ltr'><strong>Petrus,</strong></span> <span class='ocrx_word' id='word_1_371' title='bbox 1276 2630 1504 2686; x_wconf 90' lang='lat' dir='ltr'><strong>mentiri</strong></span> <span class='ocrx_word' id='word_1_372' title='bbox 1561 2631 1851 2702; x_wconf 89' lang='lat' dir='ltr'><strong>nesciens,</strong></span> <span class='ocrx_word' id='word_1_373' title='bbox 1883 2636 1940 2687; x_wconf 89' lang='lat' dir='ltr'><strong>et</strong></span> <span class='ocrx_word' id='word_1_374' title='bbox 1971 2631 2114 2688; x_wconf 89' lang='lat' dir='ltr'><strong>alio-</strong></span> 
     </span>
    </p>
   </div>
   <div class='ocr_carea' id='block_1_48' title="bbox 2246 2623 3884 2705">
    <p class='ocr_par' dir='ltr' id='par_1_48' title="bbox 2297 2623 3884 2705">
     <span class='ocr_line' id='line_1_49' title="bbox 2297 2623 3884 2705; baseline -0.002 -21"><span class='ocrx_word' id='word_1_375' title='bbox 2297 2627 2627 2685; x_wconf 80' lang='lat' dir='ltr'><strong>LXXXVIII.</strong></span> <span class='ocrx_word' id='word_1_376' title='bbox 2662 2628 2759 2683; x_wconf 81' lang='grc' dir='ltr'>Καὶ</span> <span class='ocrx_word' id='word_1_377' title='bbox 2792 2629 2818 2683; x_wconf 98' lang='lat'><strong>6</strong></span> <span class='ocrx_word' id='word_1_378' title='bbox 2851 2627 3052 2705; x_wconf 86' lang='grc' dir='ltr'>Πέτρος</span> <span class='ocrx_word' id='word_1_379' title='bbox 3101 2624 3388 2702; x_wconf 77' lang='grc' dir='ltr'>ψεύδεσθαι</span> <span class='ocrx_word' id='word_1_380' title='bbox 3435 2626 3534 2681; x_wconf 82' lang='grc' dir='ltr'><strong>οὐκ</strong></span> <span class='ocrx_word' id='word_1_381' title='bbox 3565 2623 3755 2699; x_wconf 78' lang='grc' dir='ltr'>εῗδὼς,</span> <span class='ocrx_word' id='word_1_382' title='bbox 3786 2647 3884 2681; x_wconf 89' lang='grc' dir='ltr'><strong>και</strong></span> 
     </span>
    </p>
   </div>
   <div class='ocr_carea' id='block_1_49' title="bbox 471 2714 2109 2794">
    <p class='ocr_par' dir='ltr' id='par_1_49' title="bbox 471 2717 2109 2791">
     <span class='ocr_line' id='line_1_50' title="bbox 471 2717 2109 2791; baseline 0.001 -16"><span class='ocrx_word' id='word_1_383' title='bbox 471 2719 574 2791; x_wconf 89' lang='lat' dir='ltr'><strong>qui</strong></span> <span class='ocrx_word' id='word_1_384' title='bbox 604 2719 1002 2775; x_wconf 87' lang='lat' dir='ltr'><strong>misericordia</strong></span> <span class='ocrx_word' id='word_1_385' title='bbox 1030 2735 1166 2791; x_wconf 86' lang='lat' dir='ltr'><strong>erga</strong></span> <span class='ocrx_word' id='word_1_386' title='bbox 1198 2717 1358 2774; x_wconf 92' lang='lat' dir='ltr'><strong>illam</strong></span> <span class='ocrx_word' id='word_1_387' title='bbox 1391 2720 1700 2787; x_wconf 91' lang='lat' dir='ltr'><strong>adductus,</strong></span> <span class='ocrx_word' id='word_1_388' title='bbox 1729 2721 1883 2791; x_wconf 92' lang='lat' dir='ltr'><strong>quod</strong></span> <span class='ocrx_word' id='word_1_389' title='bbox 1913 2737 2109 2777; x_wconf 89' lang='lat' dir='ltr'><strong>verum</strong></span> 
     </span>
    </p>
   </div>
   <div class='ocr_carea' id='block_1_50' title="bbox 2245 2714 3883 2794">
    <p class='ocr_par' dir='ltr' id='par_1_50' title="bbox 2245 2714 3883 2794">
     <span class='ocr_line' id='line_1_51' title="bbox 2245 2714 3883 2794; baseline -0.001 -23"><span class='ocrx_word' id='word_1_390' title='bbox 2245 2715 2409 2780; x_wconf 88' lang='grc' dir='ltr'>ἱλλως</span> <span class='ocrx_word' id='word_1_391' title='bbox 2441 2717 2546 2772; x_wconf 83' lang='grc' dir='ltr'><strong>ὐπὸ</strong></span> <span class='ocrx_word' id='word_1_392' title='bbox 2567 2716 2751 2780; x_wconf 79' lang='grc' dir='ltr'>ἐλέους</span> <span class='ocrx_word' id='word_1_393' title='bbox 2772 2722 2868 2773; x_wconf 89' lang='grc' dir='ltr'><strong>τοῦ</strong></span> <span class='ocrx_word' id='word_1_394' title='bbox 2898 2718 3032 2794; x_wconf 84' lang='grc' dir='ltr'>πρὸς</span> <span class='ocrx_word' id='word_1_395' title='bbox 3053 2717 3219 2786; x_wconf 80' lang='grc' dir='ltr'>αὐτὴν</span> <span class='ocrx_word' id='word_1_396' title='bbox 3245 2715 3374 2772; x_wconf 78' lang='grc' dir='ltr'>ὲλκό</span> <span class='ocrx_word' id='word_1_397' title='bbox 3384 2736 3560 2789; x_wconf 82' lang='grc' dir='ltr'>μενος,</span> <span class='ocrx_word' id='word_1_398' title='bbox 3579 2714 3643 2771; x_wconf 88' lang='lat'><strong>:6</strong></span> <span class='ocrx_word' id='word_1_399' title='bbox 3674 2715 3782 2786; x_wconf 82' lang='grc' dir='ltr'>ἀλη</span> <span class='ocrx_word' id='word_1_400' title='bbox 3793 2716 3883 2779; x_wconf 74' lang='grc' dir='ltr'>θὲς</span> 
     </span>
    </p>
   </div>
   <div class='ocr_carea' id='block_1_51' title="bbox 471 2802 2109 2880">
    <p class='ocr_par' dir='ltr' id='par_1_51' title="bbox 471 2806 2109 2879">
     <span class='ocr_line' id='line_1_52' title="bbox 471 2806 2109 2879; baseline 0.001 -16"><span class='ocrx_word' id='word_1_401' title='bbox 471 2812 597 2864; x_wconf 89' lang='lat' dir='ltr'><strong>erat</strong></span> <span class='ocrx_word' id='word_1_402' title='bbox 625 2807 799 2879; x_wconf 67' lang='lat' dir='ltr'><strong>coapit</strong></span> <span class='ocrx_word' id='word_1_403' title='bbox 828 2807 1055 2862; x_wconf 90' lang='lat' dir='ltr'><strong>dicere:</strong></span> <span class='ocrx_word' id='word_1_404' title='bbox 1082 2807 1182 2862; x_wconf 90' lang='lat' dir='ltr'><strong>Est</strong></span> <span class='ocrx_word' id='word_1_405' title='bbox 1212 2806 1355 2861; x_wconf 88' lang='lat' dir='ltr'><strong>mihi</strong></span> <span class='ocrx_word' id='word_1_406' title='bbox 1378 2806 1617 2878; x_wconf 89' lang='lat' dir='ltr'><strong>quidam</strong></span> <span class='ocrx_word' id='word_1_407' title='bbox 1640 2808 1898 2879; x_wconf 83' lang='lat' dir='ltr'><strong>juvenis,</strong></span> <span class='ocrx_word' id='word_1_408' title='bbox 1922 2826 1954 2864; x_wconf 97' lang='lat' dir='ltr'><strong>o</strong></span> <span class='ocrx_word' id='word_1_409' title='bbox 1987 2826 2109 2865; x_wconf 92' lang='lat' dir='ltr'><strong>mu-</strong></span> 
     </span>
    </p>
   </div>
   <div class='ocr_carea' id='block_1_52' title="bbox 2244 2802 3882 2880">
    <p class='ocr_par' dir='ltr' id='par_1_52' title="bbox 2244 2802 3882 2880">
     <span class='ocr_line' id='line_1_53' title="bbox 2244 2802 3882 2880; baseline -0.002 -20"><span class='ocrx_word' id='word_1_410' title='bbox 2244 2803 2397 2880; x_wconf 59' lang='lat' dir='ltr'><strong>téysw</strong></span> <span class='ocrx_word' id='word_1_411' title='bbox 2430 2802 2649 2878; x_wconf 76' lang='grc' dir='ltr'>ἤρξατο’</span> <span class='ocrx_word' id='word_1_412' title='bbox 2686 2804 2842 2877; x_wconf 87' lang='grc' dir='ltr'>Ἐμοί</span> <span class='ocrx_word' id='word_1_413' title='bbox 2874 2826 2957 2867; x_wconf 90' lang='grc' dir='ltr'><strong>τις</strong></span> <span class='ocrx_word' id='word_1_414' title='bbox 2990 2804 3100 2860; x_wconf 82' lang='grc' dir='ltr'>ἐστὶ</span> <span class='ocrx_word' id='word_1_415' title='bbox 3131 2802 3361 2876; x_wconf 80' lang='grc' dir='ltr'>νεανίας,</span> <span class='ocrx_word' id='word_1_416' title='bbox 3394 2805 3468 2858; x_wconf 84' lang='grc' dir='ltr'>ὧν</span> <span class='ocrx_word' id='word_1_417' title='bbox 3499 2803 3679 2878; x_wconf 86' lang='grc' dir='ltr'>γύναι,</span> <span class='ocrx_word' id='word_1_418' title='bbox 3702 2808 3813 2858; x_wconf 79' lang='grc' dir='ltr'>τῶν</span> <span class='ocrx_word' id='word_1_419' title='bbox 3835 2806 3882 2841; x_wconf 78' lang='grc' dir='ltr'><strong>⁵ο</strong></span> 
     </span>
    </p>
   </div>
   <div class='ocr_carea' id='block_1_53' title="bbox 470 2887 2108 2970">
    <p class='ocr_par' dir='ltr' id='par_1_53' title="bbox 470 2894 2108 2968">
     <span class='ocr_line' id='line_1_54' title="bbox 470 2894 2108 2968; baseline 0.001 -17"><span class='ocrx_word' id='word_1_420' title='bbox 470 2895 600 2963; x_wconf 90' lang='lat' dir='ltr'><strong>lier,</strong></span> <span class='ocrx_word' id='word_1_421' title='bbox 624 2912 963 2951; x_wconf 89' lang='lat' dir='ltr'><strong>sermonum</strong></span> <span class='ocrx_word' id='word_1_422' title='bbox 982 2895 1051 2950; x_wconf 90' lang='lat' dir='ltr'><strong>ad</strong></span> <span class='ocrx_word' id='word_1_423' title='bbox 1073 2895 1296 2950; x_wconf 89' lang='lat' dir='ltr'><strong>cultum</strong></span> <span class='ocrx_word' id='word_1_424' title='bbox 1313 2894 1412 2950; x_wconf 90' lang='lat' dir='ltr'><strong>Dei</strong></span> <span class='ocrx_word' id='word_1_425' title='bbox 1430 2897 1818 2965; x_wconf 87' lang='lat' dir='ltr'><strong>spectantium</strong></span> <span class='ocrx_word' id='word_1_426' title='bbox 1842 2897 2108 2968; x_wconf 84' lang='lat' dir='ltr'><strong>cupidus,</strong></span> 
     </span>
    </p>
   </div>
   <div class='ocr_carea' id='block_1_54' title="bbox 2244 2887 3882 2970">
    <p class='ocr_par' dir='ltr' id='par_1_54' title="bbox 2244 2887 3882 2970">
     <span class='ocr_line' id='line_1_55' title="bbox 2244 2887 3882 2970; baseline 0.001 -25"><span class='ocrx_word' id='word_1_427' title='bbox 2244 2900 2319 2962; x_wconf 60' lang='grc' dir='ltr'><strong>γῆς</strong></span> <span class='ocrx_word' id='word_1_428' title='bbox 2353 2887 2653 2956; x_wconf 78' lang='grc' dir='ltr'>θεοσεϐείας</span> <span class='ocrx_word' id='word_1_429' title='bbox 2687 2893 3011 2970; x_wconf 84' lang='grc' dir='ltr'>ὀρεγόμενος</span> <span class='ocrx_word' id='word_1_430' title='bbox 3041 2892 3224 2969; x_wconf 87' lang='grc' dir='ltr'>λόγων</span> <span class='ocrx_word' id='word_1_431' title='bbox 3269 2896 3337 2963; x_wconf 69' lang='grc' dir='ltr'><strong>δι,</strong></span> <span class='ocrx_word' id='word_1_432' title='bbox 3381 2892 3666 2966; x_wconf 81' lang='grc' dir='ltr'>Ῥωμαίων</span> <span class='ocrx_word' id='word_1_433' title='bbox 3700 2889 3882 2967; x_wconf 81' lang='grc' dir='ltr'>ὑπάρ-</span> 
     </span>
    </p>
   </div>
   <div class='ocr_carea' id='block_1_55' title="bbox 471 2976 2109 3058">
    <p class='ocr_par' dir='ltr' id='par_1_55' title="bbox 471 2984 2109 3057">
     <span class='ocr_line' id='line_1_56' title="bbox 471 2984 2109 3057; baseline -0.001 -15"><span class='ocrx_word' id='word_1_434' title='bbox 471 2990 529 3042; x_wconf 88' lang='lat' dir='ltr'><strong>et</strong></span> <span class='ocrx_word' id='word_1_435' title='bbox 580 2985 720 3041; x_wconf 91' lang='lat' dir='ltr'><strong>civis</strong></span> <span class='ocrx_word' id='word_1_436' title='bbox 769 2985 1088 3052; x_wconf 80' lang='lat' dir='ltr'><strong>Romanus,</strong></span> <span class='ocrx_word' id='word_1_437' title='bbox 1129 2984 1227 3055; x_wconf 91' lang='lat' dir='ltr'><strong>qui</strong></span> <span class='ocrx_word' id='word_1_438' title='bbox 1268 2984 1409 3038; x_wconf 90' lang='lat' dir='ltr'><strong>mihi</strong></span> <span class='ocrx_word' id='word_1_439' title='bbox 1453 2984 1706 3039; x_wconf 88' lang='lat' dir='ltr'><strong>narravit</strong></span> <span class='ocrx_word' id='word_1_440' title='bbox 1752 3001 1867 3056; x_wconf 91' lang='lat' dir='ltr'><strong>quo</strong></span> <span class='ocrx_word' id='word_1_441' title='bbox 1918 2987 2109 3057; x_wconf 90' lang='lat' dir='ltr'><strong>modo,</strong></span> 
     </span>
    </p>
   </div>
   <div class='ocr_carea' id='block_1_56' title="bbox 2239 2976 3877 3058">
    <p class='ocr_par' dir='ltr' id='par_1_56' title="bbox 2239 2976 3877 3058">
     <span class='ocr_line' id='line_1_57' title="bbox 2239 2976 3877 3058; baseline -0.001 -22"><span class='ocrx_word' id='word_1_442' title='bbox 2239 3001 2339 3056; x_wconf 71' lang='grc' dir='ltr'><strong>(ων</strong></span> <span class='ocrx_word' id='word_1_443' title='bbox 2371 2980 2780 3052; x_wconf 79' lang='grc' dir='ltr'>πολίτης,ὅσ·τις</span> <span class='ocrx_word' id='word_1_444' title='bbox 2807 3003 2900 3055; x_wconf 88' lang='grc' dir='ltr'><strong>μοι</strong></span> <span class='ocrx_word' id='word_1_445' title='bbox 2925 2980 3336 3058; x_wconf 79' lang='grc' dir='ltr'>διηγεῖται,πῶς</span> <span class='ocrx_word' id='word_1_446' title='bbox 3360 2984 3405 3018; x_wconf 81' lang='grc'><strong>⁶²</strong></span> <span class='ocrx_word' id='word_1_447' title='bbox 3424 2979 3629 3053; x_wconf 89' lang='grc' dir='ltr'>πατέρα</span> <span class='ocrx_word' id='word_1_448' title='bbox 3646 3000 3705 3035; x_wconf 85' lang='grc' dir='ltr'><strong>τε</strong></span> <span class='ocrx_word' id='word_1_449' title='bbox 3726 2976 3877 3055; x_wconf 73' lang='grc' dir='ltr'>ἔχων</span> 
     </span>
    </p>
   </div>
   <div class='ocr_carea' id='block_1_57' title="bbox 473 3067 2111 3148">
    <p class='ocr_par' dir='ltr' id='par_1_57' title="bbox 473 3072 2111 3146">
     <span class='ocr_line' id='line_1_58' title="bbox 473 3072 2111 3146; baseline 0 -16"><span class='ocrx_word' id='word_1_450' title='bbox 473 3091 606 3131; x_wconf 90' lang='lat' dir='ltr'><strong>cum</strong></span> <span class='ocrx_word' id='word_1_451' title='bbox 639 3074 877 3129; x_wconf 89' lang='lat' dir='ltr'><strong>haberet</strong></span> <span class='ocrx_word' id='word_1_452' title='bbox 907 3077 1154 3145; x_wconf 90' lang='lat' dir='ltr'><strong>patrem,</strong></span> <span class='ocrx_word' id='word_1_453' title='bbox 1185 3088 1251 3128; x_wconf 92' lang='lat' dir='ltr'><strong>ac</strong></span> <span class='ocrx_word' id='word_1_454' title='bbox 1282 3072 1429 3129; x_wconf 92' lang='lat' dir='ltr'><strong>duos</strong></span> <span class='ocrx_word' id='word_1_455' title='bbox 1458 3073 1666 3129; x_wconf 86' lang='lat' dir='ltr'><strong>fratres</strong></span> <span class='ocrx_word' id='word_1_456' title='bbox 1694 3073 1980 3146; x_wconf 86' lang='lat' dir='ltr'><strong>geminos,</strong></span> <span class='ocrx_word' id='word_1_457' title='bbox 2012 3092 2111 3130; x_wconf 90' lang='lat' dir='ltr'><strong>ne-</strong></span> 
     </span>
    </p>
   </div>
   <div class='ocr_carea' id='block_1_58' title="bbox 2244 3067 3882 3148">
    <p class='ocr_par' dir='ltr' id='par_1_58' title="bbox 2244 3067 3882 3148">
     <span class='ocr_line' id='line_1_59' title="bbox 2244 3067 3882 3148; baseline -0.002 -23"><span class='ocrx_word' id='word_1_458' title='bbox 2244 3070 2309 3125; x_wconf 78' lang='grc' dir='ltr'><strong>ιαὶ</strong></span> <span class='ocrx_word' id='word_1_459' title='bbox 2356 3067 2626 3148; x_wconf 83' lang='grc' dir='ltr'>ἀδελφοὺς</span> <span class='ocrx_word' id='word_1_460' title='bbox 2675 3068 2769 3125; x_wconf 83' lang='grc' dir='ltr'><strong>δύο</strong></span> <span class='ocrx_word' id='word_1_461' title='bbox 2803 3068 3091 3144; x_wconf 79' lang='grc' dir='ltr'>διδύμους,</span> <span class='ocrx_word' id='word_1_462' title='bbox 3126 3068 3319 3125; x_wconf 82' lang='grc' dir='ltr'>οὐδένα</span> <span class='ocrx_word' id='word_1_463' title='bbox 3345 3069 3554 3124; x_wconf 88' lang='grc' dir='ltr'>τούτων</span> <span class='ocrx_word' id='word_1_464' title='bbox 3590 3069 3709 3144; x_wconf 77' lang='grc' dir='ltr'>ὁρᾷ.</span> <span class='ocrx_word' id='word_1_465' title='bbox 3742 3071 3882 3123; x_wconf 75' lang='grc' dir='ltr'>’Ἠτε</span> 
     </span>
    </p>
   </div>
   <div class='ocr_carea' id='block_1_59' title="bbox 470 3154 2108 3237">
    <p class='ocr_par' dir='ltr' id='par_1_59' title="bbox 470 3161 2108 3235">
     <span class='ocr_line' id='line_1_60' title="bbox 470 3161 2108 3235; baseline 0 -17"><span class='ocrx_word' id='word_1_466' title='bbox 470 3163 691 3218; x_wconf 89' lang='lat' dir='ltr'><strong>minem</strong></span> <span class='ocrx_word' id='word_1_467' title='bbox 708 3179 909 3217; x_wconf 90' lang='lat' dir='ltr'><strong>eorum</strong></span> <span class='ocrx_word' id='word_1_468' title='bbox 934 3162 1172 3217; x_wconf 89' lang='lat' dir='ltr'><strong>videret.</strong></span> <span class='ocrx_word' id='word_1_469' title='bbox 1200 3161 1347 3217; x_wconf 89' lang='lat' dir='ltr'><strong>Nam</strong></span> <span class='ocrx_word' id='word_1_470' title='bbox 1371 3164 2108 3235; x_wconf 84' lang='lat' dir='ltr'><strong>mater,quemadmodum,</strong></span> 
     </span>
    </p>
   </div>
   <div class='ocr_carea' id='block_1_60' title="bbox 2239 3154 3877 3237">
    <p class='ocr_par' dir='ltr' id='par_1_60' title="bbox 2239 3154 3877 3237">
     <span class='ocr_line' id='line_1_61' title="bbox 2239 3154 3877 3237; baseline -0.001 -25"><span class='ocrx_word' id='word_1_471' title='bbox 2239 3160 2320 3235; x_wconf 70' lang='grc' dir='ltr'>(ἀρ</span> <span class='ocrx_word' id='word_1_472' title='bbox 2357 3161 2562 3234; x_wconf 81' lang='grc' dir='ltr'>μήτηρ,</span> <span class='ocrx_word' id='word_1_473' title='bbox 2597 3159 2671 3221; x_wconf 85' lang='grc' dir='ltr'>ὡς</span> <span class='ocrx_word' id='word_1_474' title='bbox 2702 3160 2728 3213; x_wconf 90' lang='lat'><strong>6</strong></span> <span class='ocrx_word' id='word_1_475' title='bbox 2759 3161 2963 3235; x_wconf 81' lang='grc' dir='ltr'>πατὴρ,</span> <span class='ocrx_word' id='word_1_476' title='bbox 3013 3160 3171 3237; x_wconf 74' lang='grc' dir='ltr'>φησὶ,</span> <span class='ocrx_word' id='word_1_477' title='bbox 3220 3156 3465 3234; x_wconf 84' lang='grc' dir='ltr'>διηγεῖτό</span> <span class='ocrx_word' id='word_1_478' title='bbox 3516 3179 3633 3231; x_wconf 79' lang='grc' dir='ltr'>μοι,</span> <span class='ocrx_word' id='word_1_479' title='bbox 3662 3154 3877 3233; x_wconf 77' lang='grc' dir='ltr'>ὄνειρον</span> 
     </span>
    </p>
   </div>
   <div class='ocr_carea' id='block_1_61' title="bbox 468 3244 2106 3323">
    <p class='ocr_par' dir='ltr' id='par_1_61' title="bbox 468 3250 2106 3323">
     <span class='ocr_line' id='line_1_62' title="bbox 468 3250 2106 3323; baseline 0.001 -18"><span class='ocrx_word' id='word_1_480' title='bbox 468 3251 681 3322; x_wconf 88' lang='lat' dir='ltr'><strong>inquit,</strong></span> <span class='ocrx_word' id='word_1_481' title='bbox 716 3250 860 3305; x_wconf 87' lang='lat' dir='ltr'><strong>mihi</strong></span> <span class='ocrx_word' id='word_1_482' title='bbox 888 3251 1385 3305; x_wconf 87' lang='lat' dir='ltr'><strong>commemorabat</strong></span> <span class='ocrx_word' id='word_1_483' title='bbox 1415 3255 1595 3323; x_wconf 90' lang='lat' dir='ltr'><strong>pater,</strong></span> <span class='ocrx_word' id='word_1_484' title='bbox 1623 3251 1766 3306; x_wconf 89' lang='lat' dir='ltr'><strong>visio</strong></span> <span class='ocrx_word' id='word_1_485' title='bbox 1799 3252 2106 3320; x_wconf 80' lang='lat' dir='ltr'><strong>insomnio,</strong></span> 
     </span>
    </p>
   </div>
   <div class='ocr_carea' id='block_1_62' title="bbox 2241 3244 3879 3323">
    <p class='ocr_par' dir='ltr' id='par_1_62' title="bbox 2247 3244 3879 3323">
     <span class='ocr_line' id='line_1_63' title="bbox 2247 3244 3879 3323; baseline -0.001 -21"><span class='ocrx_word' id='word_1_486' title='bbox 2247 3246 2433 3319; x_wconf 85' lang='grc' dir='ltr'>δοῦσα,</span> <span class='ocrx_word' id='word_1_487' title='bbox 2465 3254 2566 3316; x_wconf 77' lang='grc' dir='ltr'><strong>τῆς</strong></span> <span class='ocrx_word' id='word_1_488' title='bbox 2598 3248 2884 3320; x_wconf 77' lang='grc' dir='ltr'>Ῥωμαίων</span> <span class='ocrx_word' id='word_1_489' title='bbox 2925 3246 3142 3309; x_wconf 82' lang='grc' dir='ltr'>πόλεως</span> <span class='ocrx_word' id='word_1_490' title='bbox 3191 3246 3279 3302; x_wconf 79' lang='grc' dir='ltr'>ἐπὶ</span> <span class='ocrx_word' id='word_1_491' title='bbox 3328 3248 3528 3323; x_wconf 88' lang='grc' dir='ltr'>χρόνον</span> <span class='ocrx_word' id='word_1_492' title='bbox 3577 3247 3699 3300; x_wconf 78' lang='grc' dir='ltr'>τινὰ</span> <span class='ocrx_word' id='word_1_493' title='bbox 3730 3244 3879 3320; x_wconf 72' lang='grc' dir='ltr'>έξῂει</span> 
     </span>
    </p>
   </div>
   <div class='ocr_carea' id='block_1_63' title="bbox 468 3324 2106 3413">
    <p class='ocr_par' dir='ltr' id='par_1_63' title="bbox 468 3339 2106 3413">
     <span class='ocr_line' id='line_1_64' title="bbox 468 3339 2106 3413; baseline 0 -18"><span class='ocrx_word' id='word_1_494' title='bbox 468 3356 539 3396; x_wconf 82' lang='lat' dir='ltr'><strong>ex</strong></span> <span class='ocrx_word' id='word_1_495' title='bbox 568 3340 710 3394; x_wconf 90' lang='lat' dir='ltr'><strong>urbe</strong></span> <span class='ocrx_word' id='word_1_496' title='bbox 741 3341 923 3395; x_wconf 84' lang='lat' dir='ltr'><strong>Roma</strong></span> <span class='ocrx_word' id='word_1_497' title='bbox 942 3340 1012 3394; x_wconf 92' lang='lat' dir='ltr'><strong>ad</strong></span> <span class='ocrx_word' id='word_1_498' title='bbox 1046 3339 1343 3410; x_wconf 87' lang='lat' dir='ltr'><strong>quoddam</strong></span> <span class='ocrx_word' id='word_1_499' title='bbox 1366 3343 1600 3411; x_wconf 86' lang='lat' dir='ltr'><strong>tempus</strong></span> <span class='ocrx_word' id='word_1_500' title='bbox 1625 3357 1740 3396; x_wconf 91' lang='lat' dir='ltr'><strong>una</strong></span> <span class='ocrx_word' id='word_1_501' title='bbox 1772 3358 1906 3395; x_wconf 92' lang='lat' dir='ltr'><strong>cum</strong></span> <span class='ocrx_word' id='word_1_502' title='bbox 1937 3342 2106 3413; x_wconf 89' lang='lat' dir='ltr'><strong>gemi-</strong></span> 
     </span>
    </p>
   </div>
   <div class='ocr_carea' id='block_1_64' title="bbox 2240 3324 3878 3413">
    <p class='ocr_par' dir='ltr' id='par_1_64' title="bbox 2240 3331 3878 3409">
     <span class='ocr_line' id='line_1_65' title="bbox 2240 3331 3878 3409; baseline -0.002 -17"><span class='ocrx_word' id='word_1_503' title='bbox 2240 3337 2365 3407; x_wconf 64' lang='grc' dir='ltr'>μετὰ</span> <span class='ocrx_word' id='word_1_504' title='bbox 2392 3341 2498 3391; x_wconf 80' lang='grc' dir='ltr'><strong>τῶν</strong></span> <span class='ocrx_word' id='word_1_505' title='bbox 2530 3334 2771 3409; x_wconf 73' lang='grc' dir='ltr'>διδύμων</span> <span class='ocrx_word' id='word_1_506' title='bbox 2824 3336 2990 3407; x_wconf 78' lang='grc' dir='ltr'>αὐτῆς</span> <span class='ocrx_word' id='word_1_507' title='bbox 3033 3331 3256 3403; x_wconf 83' lang='grc' dir='ltr'>τέκνων,</span> <span class='ocrx_word' id='word_1_508' title='bbox 3280 3333 3374 3391; x_wconf 67' lang='grc' dir='ltr'>’ίνα</span> <span class='ocrx_word' id='word_1_509' title='bbox 3408 3336 3482 3409; x_wconf 75' lang='grc' dir='ltr'>μὴ</span> <span class='ocrx_word' id='word_1_510' title='bbox 3515 3339 3665 3407; x_wconf 83' lang='grc' dir='ltr'>κακῷ</span> <span class='ocrx_word' id='word_1_511' title='bbox 3686 3334 3878 3390; x_wconf 88' lang='grc' dir='ltr'>τελευ-</span> 
     </span>
    </p>
   </div>
   <div class='ocr_carea' id='block_1_65' title="bbox 468 3420 2106 3500">
    <p class='ocr_par' dir='ltr' id='par_1_65' title="bbox 468 3427 2106 3496">
     <span class='ocr_line' id='line_1_66' title="bbox 468 3427 2106 3496; baseline -0.001 -12"><span class='ocrx_word' id='word_1_512' title='bbox 468 3429 561 3484; x_wconf 87' lang='lat' dir='ltr'><strong>nis</strong></span> <span class='ocrx_word' id='word_1_513' title='bbox 593 3428 717 3483; x_wconf 92' lang='lat' dir='ltr'><strong>suis</strong></span> <span class='ocrx_word' id='word_1_514' title='bbox 747 3427 899 3483; x_wconf 90' lang='lat' dir='ltr'><strong>natis</strong></span> <span class='ocrx_word' id='word_1_515' title='bbox 947 3428 1139 3496; x_wconf 85' lang='lat' dir='ltr'><strong>exivit,</strong></span> <span class='ocrx_word' id='word_1_516' title='bbox 1172 3444 1246 3483; x_wconf 92' lang='lat' dir='ltr'><strong>ne</strong></span> <span class='ocrx_word' id='word_1_517' title='bbox 1294 3427 1507 3483; x_wconf 88' lang='lat' dir='ltr'><strong>misera</strong></span> <span class='ocrx_word' id='word_1_518' title='bbox 1549 3432 1731 3484; x_wconf 90' lang='lat' dir='ltr'><strong>morte</strong></span> <span class='ocrx_word' id='word_1_519' title='bbox 1781 3430 2106 3484; x_wconf 90' lang='lat' dir='ltr'><strong>decederet:</strong></span> 
     </span>
    </p>
   </div>
   <div class='ocr_carea' id='block_1_66' title="bbox 2246 3420 3884 3500">
    <p class='ocr_par' dir='ltr' id='par_1_66' title="bbox 2246 3420 3884 3500">
     <span class='ocr_line' id='line_1_67' title="bbox 2246 3420 3884 3500; baseline -0.001 -20"><span class='ocrx_word' id='word_1_520' title='bbox 2246 3428 2368 3500; x_wconf 62' lang='grc' dir='ltr'>ζήσῃ</span> <span class='ocrx_word' id='word_1_521' title='bbox 2420 3427 2647 3498; x_wconf 81' lang='grc' dir='ltr'>θανάτῳ,</span> <span class='ocrx_word' id='word_1_522' title='bbox 2689 3425 2777 3480; x_wconf 84' lang='grc' dir='ltr'><strong>καὶ</strong></span> <span class='ocrx_word' id='word_1_523' title='bbox 2835 3424 2926 3480; x_wconf 79' lang='grc' dir='ltr'>σὺν</span> <span class='ocrx_word' id='word_1_524' title='bbox 2985 3424 3167 3487; x_wconf 79' lang='grc' dir='ltr'>αὐτοῖς</span> <span class='ocrx_word' id='word_1_525' title='bbox 3216 3420 3415 3480; x_wconf 77' lang='grc' dir='ltr'>ἐκϐᾶσα</span> <span class='ocrx_word' id='word_1_526' title='bbox 3460 3429 3547 3478; x_wconf 88' lang='grc' dir='ltr'><strong>νῦν</strong></span> <span class='ocrx_word' id='word_1_527' title='bbox 3583 3423 3691 3499; x_wconf 79' lang='grc' dir='ltr'><strong>οὐχ</strong></span> <span class='ocrx_word' id='word_1_528' title='bbox 3738 3424 3884 3500; x_wconf 85' lang='grc' dir='ltr'>εὑρί-</span> 
     </span>
    </p>
   </div>
   <div class='ocr_carea' id='block_1_67' title="bbox 468 3511 2106 3589">
    <p class='ocr_par' dir='ltr' id='par_1_67' title="bbox 468 3515 2106 3589">
     <span class='ocr_line' id='line_1_68' title="bbox 468 3515 2106 3589; baseline 0.001 -18"><span class='ocrx_word' id='word_1_529' title='bbox 468 3520 643 3585; x_wconf 89' lang='lat' dir='ltr'><strong>atque</strong></span> <span class='ocrx_word' id='word_1_530' title='bbox 675 3532 809 3571; x_wconf 88' lang='lat' dir='ltr'><strong>cum</strong></span> <span class='ocrx_word' id='word_1_531' title='bbox 840 3515 956 3570; x_wconf 91' lang='lat' dir='ltr'><strong>illis</strong></span> <span class='ocrx_word' id='word_1_532' title='bbox 986 3532 1244 3587; x_wconf 84' lang='lat' dir='ltr'><strong>egressa,</strong></span> <span class='ocrx_word' id='word_1_533' title='bbox 1280 3528 1435 3572; x_wconf 86' lang='lat' dir='ltr'><strong>nunc</strong></span> <span class='ocrx_word' id='word_1_534' title='bbox 1478 3533 1592 3571; x_wconf 88' lang='lat' dir='ltr'><strong>non</strong></span> <span class='ocrx_word' id='word_1_535' title='bbox 1624 3516 1915 3573; x_wconf 90' lang='lat' dir='ltr'><strong>invenitur</strong></span> <span class='ocrx_word' id='word_1_536' title='bbox 1948 3535 1960 3573; x_wconf 93' lang='lat'><strong>:</strong></span> <span class='ocrx_word' id='word_1_537' title='bbox 1994 3519 2106 3589; x_wconf 67' lang='lat' dir='ltr'><strong>ejus</strong></span> 
     </span>
    </p>
   </div>
   <div class='ocr_carea' id='block_1_68' title="bbox 2243 3511 3881 3589">
    <p class='ocr_par' dir='ltr' id='par_1_68' title="bbox 2243 3511 3881 3589">
     <span class='ocr_line' id='line_1_69' title="bbox 2243 3511 3881 3589; baseline -0.001 -20"><span class='ocrx_word' id='word_1_538' title='bbox 2243 3533 2429 3570; x_wconf 72' lang='grc' dir='ltr'>τκεται*</span> <span class='ocrx_word' id='word_1_539' title='bbox 2464 3515 2492 3569; x_wconf 88' lang='grc' dir='ltr'>ὁ</span> <span class='ocrx_word' id='word_1_540' title='bbox 2524 3512 2583 3569; x_wconf 72' lang='lat'><strong>66</strong></span> <span class='ocrx_word' id='word_1_541' title='bbox 2626 3515 2829 3584; x_wconf 87' lang='grc' dir='ltr'>ταύτης</span> <span class='ocrx_word' id='word_1_542' title='bbox 2882 3515 2975 3587; x_wconf 78' lang='grc' dir='ltr'>μὶν</span> <span class='ocrx_word' id='word_1_543' title='bbox 3026 3514 3185 3589; x_wconf 80' lang='grc' dir='ltr'>ἀνὴρ,</span> <span class='ocrx_word' id='word_1_544' title='bbox 3236 3512 3399 3568; x_wconf 81' lang='grc' dir='ltr'>αὐτοῦ</span> <span class='ocrx_word' id='word_1_545' title='bbox 3450 3511 3508 3568; x_wconf 79' lang='grc' dir='ltr'><strong>δὲ</strong></span> <span class='ocrx_word' id='word_1_546' title='bbox 3536 3514 3740 3589; x_wconf 80' lang='grc' dir='ltr'>πατὴρ,</span> <span class='ocrx_word' id='word_1_547' title='bbox 3786 3514 3881 3568; x_wconf 77' lang='grc' dir='ltr'><strong>καὶ</strong></span> 
     </span>
    </p>
   </div>
   <div class='ocr_carea' id='block_1_69' title="bbox 470 3598 2108 3678">
    <p class='ocr_par' dir='ltr' id='par_1_69' title="bbox 470 3603 2108 3678">
     <span class='ocr_line' id='line_1_70' title="bbox 470 3603 2108 3678; baseline 0.002 -19"><span class='ocrx_word' id='word_1_548' title='bbox 470 3608 664 3660; x_wconf 86' lang='lat' dir='ltr'><strong>autem</strong></span> <span class='ocrx_word' id='word_1_549' title='bbox 698 3603 805 3671; x_wconf 88' lang='lat' dir='ltr'><strong>vir,</strong></span> <span class='ocrx_word' id='word_1_550' title='bbox 840 3607 1007 3675; x_wconf 81' lang='lat' dir='ltr'><strong>pater</strong></span> <span class='ocrx_word' id='word_1_551' title='bbox 1034 3620 1168 3660; x_wconf 88' lang='lat' dir='ltr'><strong>vero</strong></span> <span class='ocrx_word' id='word_1_552' title='bbox 1200 3621 1389 3674; x_wconf 92' lang='lat' dir='ltr'><strong>meus,</strong></span> <span class='ocrx_word' id='word_1_553' title='bbox 1417 3605 1468 3660; x_wconf 91' lang='lat' dir='ltr'><strong>is</strong></span> <span class='ocrx_word' id='word_1_554' title='bbox 1502 3622 1735 3678; x_wconf 90' lang='lat' dir='ltr'><strong>quoque</strong></span> <span class='ocrx_word' id='word_1_555' title='bbox 1766 3608 1835 3661; x_wconf 86' lang='lat' dir='ltr'><strong>ad</strong></span> <span class='ocrx_word' id='word_1_556' title='bbox 1866 3624 2108 3678; x_wconf 68' lang='lat' dir='ltr'><strong>qureren‘</strong></span> 
     </span>
    </p>
   </div>
   <div class='ocr_carea' id='block_1_70' title="bbox 2241 3598 3879 3678">
    <p class='ocr_par' dir='ltr' id='par_1_70' title="bbox 2241 3598 3879 3674">
     <span class='ocr_line' id='line_1_71' title="bbox 2241 3598 3879 3674; baseline 0 -16"><span class='ocrx_word' id='word_1_557' title='bbox 2241 3603 2388 3665; x_wconf 68' lang='grc' dir='ltr'>αὐτὸς</span> <span class='ocrx_word' id='word_1_558' title='bbox 2418 3602 2492 3665; x_wconf 65' lang='grc' dir='ltr'>εἷς</span> <span class='ocrx_word' id='word_1_559' title='bbox 2542 3602 2857 3674; x_wconf 76' lang='grc' dir='ltr'>ἐπιζήτησιν</span> <span class='ocrx_word' id='word_1_560' title='bbox 2908 3602 3074 3672; x_wconf 79' lang='grc' dir='ltr'>αὐτῆς</span> <span class='ocrx_word' id='word_1_561' title='bbox 3112 3598 3290 3673; x_wconf 75' lang='grc' dir='ltr'>ἐκϐὰς,</span> <span class='ocrx_word' id='word_1_562' title='bbox 3335 3599 3461 3657; x_wconf 75' lang='grc' dir='ltr'><strong>οὐδὲ</strong></span> <span class='ocrx_word' id='word_1_563' title='bbox 3507 3600 3666 3665; x_wconf 79' lang='grc' dir='ltr'>οὗτος</span> <span class='ocrx_word' id='word_1_564' title='bbox 3705 3605 3750 3641; x_wconf 76' lang='grc'><strong>⁵³</strong></span> <span class='ocrx_word' id='word_1_565' title='bbox 3789 3602 3879 3658; x_wconf 77' lang='grc' dir='ltr'><strong>εὖ·</strong></span> 
     </span>
    </p>
   </div>
   <div class='ocr_carea' id='block_1_71' title="bbox 469 3691 2489 3769">
    <p class='ocr_par' dir='ltr' id='par_1_71' title="bbox 469 3691 2489 3769">
     <span class='ocr_line' id='line_1_72' title="bbox 469 3691 2489 3769; baseline -0 -22"><span class='ocrx_word' id='word_1_566' title='bbox 469 3692 603 3748; x_wconf 92' lang='lat' dir='ltr'><strong>dam</strong></span> <span class='ocrx_word' id='word_1_567' title='bbox 636 3708 763 3747; x_wconf 94' lang='lat' dir='ltr'><strong>eam</strong></span> <span class='ocrx_word' id='word_1_568' title='bbox 797 3691 1117 3762; x_wconf 86' lang='lat' dir='ltr'><strong>digressus,</strong></span> <span class='ocrx_word' id='word_1_569' title='bbox 1152 3708 1257 3747; x_wconf 92' lang='lat' dir='ltr'><strong>nec</strong></span> <span class='ocrx_word' id='word_1_570' title='bbox 1286 3693 1410 3764; x_wconf 91' lang='lat' dir='ltr'><strong>ipse</strong></span> <span class='ocrx_word' id='word_1_571' title='bbox 1439 3693 1687 3749; x_wconf 88' lang='lat' dir='ltr'><strong>inveniri</strong></span> <span class='ocrx_word' id='word_1_572' title='bbox 1717 3699 1926 3767; x_wconf 87' lang='lat' dir='ltr'><strong>potest.</strong></span> <span class='ocrx_word' id='word_1_573' title='bbox 2232 3692 2489 3769; x_wconf 79' lang='grc' dir='ltr'>ρίσκεται.</span> 
     </span>
    </p>
   </div>
   <div class='ocr_carea' id='block_1_72' title="bbox 544 3778 2182 3856">
    <p class='ocr_par' dir='ltr' id='par_1_72' title="bbox 544 3779 2122 3854">
     <span class='ocr_line' id='line_1_73' title="bbox 544 3779 2122 3854; baseline 0.001 -19"><span class='ocrx_word' id='word_1_574' title='bbox 544 3779 828 3836; x_wconf 81' lang='lat' dir='ltr'><strong>LXXXIX.</strong></span> <span class='ocrx_word' id='word_1_575' title='bbox 864 3784 949 3834; x_wconf 88' lang='lat' dir='ltr'><strong>Ita</strong></span> <span class='ocrx_word' id='word_1_576' title='bbox 989 3796 1123 3834; x_wconf 92' lang='lat' dir='ltr'><strong>cum</strong></span> <span class='ocrx_word' id='word_1_577' title='bbox 1177 3780 1382 3835; x_wconf 91' lang='lat' dir='ltr'><strong>Petrus</strong></span> <span class='ocrx_word' id='word_1_578' title='bbox 1434 3781 1696 3849; x_wconf 82' lang='lat' dir='ltr'><strong>dixisset,</strong></span> <span class='ocrx_word' id='word_1_579' title='bbox 1731 3782 1962 3849; x_wconf 89' lang='lat' dir='ltr'><strong>mulier,</strong></span> <span class='ocrx_word' id='word_1_580' title='bbox 1996 3799 2122 3854; x_wconf 68' lang='lat' dir='ltr'><strong>quae</strong></span> 
     </span>
    </p>
   </div>
   <div class='ocr_carea' id='block_1_73' title="bbox 2243 3778 3881 3856">
    <p class='ocr_par' dir='ltr' id='par_1_73' title="bbox 2304 3778 3881 3856">
     <span class='ocr_line' id='line_1_74' title="bbox 2304 3778 3881 3856; baseline -0.003 -18"><span class='ocrx_word' id='word_1_581' title='bbox 2304 3782 2583 3838; x_wconf 79' lang='lat' dir='ltr'><strong>LXXXIX.</strong></span> <span class='ocrx_word' id='word_1_582' title='bbox 2631 3784 2805 3835; x_wconf 90' lang='grc' dir='ltr'>Ταῦτα</span> <span class='ocrx_word' id='word_1_583' title='bbox 2848 3784 2945 3835; x_wconf 90' lang='grc' dir='ltr'><strong>τοῦ</strong></span> <span class='ocrx_word' id='word_1_584' title='bbox 2996 3779 3199 3856; x_wconf 82' lang='grc' dir='ltr'>Πέτρου</span> <span class='ocrx_word' id='word_1_585' title='bbox 3241 3778 3510 3849; x_wconf 72' lang='grc' dir='ltr'>εἰπόντος,</span> <span class='ocrx_word' id='word_1_586' title='bbox 3543 3778 3881 3849; x_wconf 82' lang='grc' dir='ltr'>έπιστήσασα</span> 
     </span>
    </p>
   </div>
   <div class='ocr_carea' id='block_1_74' title="bbox 470 3866 2108 3944">
    <p class='ocr_par' dir='ltr' id='par_1_74' title="bbox 470 3866 2099 3940">
     <span class='ocr_line' id='line_1_75' title="bbox 470 3866 2099 3940; baseline 0.002 -16"><span class='ocrx_word' id='word_1_587' title='bbox 470 3870 542 3924; x_wconf 91' lang='lat' dir='ltr'><strong>ad</strong></span> <span class='ocrx_word' id='word_1_588' title='bbox 574 3885 642 3925; x_wconf 91' lang='lat' dir='ltr'><strong>ea</strong></span> <span class='ocrx_word' id='word_1_589' title='bbox 667 3869 932 3923; x_wconf 90' lang='lat' dir='ltr'><strong>animum</strong></span> <span class='ocrx_word' id='word_1_590' title='bbox 964 3866 1343 3940; x_wconf 86' lang='lat' dir='ltr'><strong>applicuerat,</strong></span> <span class='ocrx_word' id='word_1_591' title='bbox 1376 3874 1614 3940; x_wconf 90' lang='lat' dir='ltr'><strong>stupore</strong></span> <span class='ocrx_word' id='word_1_592' title='bbox 1652 3870 1982 3927; x_wconf 81' lang='lat' dir='ltr'><strong>exanimata</strong></span> <span class='ocrx_word' id='word_1_593' title='bbox 2010 3876 2099 3929; x_wconf 87' lang='lat' dir='ltr'><strong>est</strong></span> 
     </span>
    </p>
   </div>
   <div class='ocr_carea' id='block_1_75' title="bbox 2239 3866 3877 3944">
    <p class='ocr_par' dir='ltr' id='par_1_75' title="bbox 2239 3867 3877 3944">
     <span class='ocr_line' id='line_1_76' title="bbox 2239 3867 3877 3944; baseline -0.002 -19"><span class='ocrx_word' id='word_1_594' title='bbox 2239 3871 2318 3925; x_wconf 83' lang='lat' dir='ltr'>:6v</span> <span class='ocrx_word' id='word_1_595' title='bbox 2350 3874 2471 3924; x_wconf 90' lang='grc' dir='ltr'>νοῦν</span> <span class='ocrx_word' id='word_1_596' title='bbox 2504 3869 2688 3932; x_wconf 84' lang='grc' dir='ltr'>αὐτοῖς</span> <span class='ocrx_word' id='word_1_597' title='bbox 2718 3872 2782 3939; x_wconf 72' lang='grc'><strong>⁵⁸,</strong></span> <span class='ocrx_word' id='word_1_598' title='bbox 2809 3870 2910 3924; x_wconf 82' lang='grc' dir='ltr'>ὑπὸ</span> <span class='ocrx_word' id='word_1_599' title='bbox 2932 3867 3245 3940; x_wconf 73' lang='grc' dir='ltr'>ἐκπλήξεως</span> <span class='ocrx_word' id='word_1_600' title='bbox 3277 3868 3537 3943; x_wconf 77' lang='grc' dir='ltr'>ἀπέψυξεν</span> <span class='ocrx_word' id='word_1_601' title='bbox 3567 3871 3601 3939; x_wconf 80' lang='grc' dir='ltr'>ἡ</span> <span class='ocrx_word' id='word_1_602' title='bbox 3634 3870 3794 3944; x_wconf 79' lang='grc' dir='ltr'>γυνή.</span> <span class='ocrx_word' id='word_1_603' title='bbox 3817 3870 3877 3922; x_wconf 86' lang='grc' dir='ltr'><strong>Ὃ</strong></span> 
     </span>
    </p>
   </div>
   <div class='ocr_carea' id='block_1_76' title="bbox 471 3956 2109 4037">
    <p class='ocr_par' dir='ltr' id='par_1_76' title="bbox 471 3956 2109 4037">
     <span class='ocr_line' id='line_1_77' title="bbox 471 3956 2109 4037; baseline 0.004 -24"><span class='ocrx_word' id='word_1_604' title='bbox 471 3958 675 4014; x_wconf 89' lang='lat' dir='ltr'><strong>Petrus</strong></span> <span class='ocrx_word' id='word_1_605' title='bbox 705 3962 920 4024; x_wconf 90' lang='lat' dir='ltr'><strong>autem,</strong></span> <span class='ocrx_word' id='word_1_606' title='bbox 956 3961 1021 4012; x_wconf 90' lang='lat' dir='ltr'><strong>ut</strong></span> <span class='ocrx_word' id='word_1_607' title='bbox 1066 3956 1563 4029; x_wconf 88' lang='lat' dir='ltr'><strong>expergisceretur</strong></span> <span class='ocrx_word' id='word_1_608' title='bbox 1592 3958 1779 4029; x_wconf 90' lang='lat' dir='ltr'><strong>ipsam</strong></span> <span class='ocrx_word' id='word_1_609' title='bbox 1827 3959 2109 4037; x_wconf 77' lang='lat' dir='ltr'><strong>hortatusI</strong></span> 
     </span>
    </p>
   </div>
   <div class='ocr_carea' id='block_1_77' title="bbox 2241 3956 3879 4037">
    <p class='ocr_par' dir='ltr' id='par_1_77' title="bbox 2241 3956 3879 4036">
     <span class='ocr_line' id='line_1_78' title="bbox 2241 3956 3879 4036; baseline -0.001 -22"><span class='ocrx_word' id='word_1_610' title='bbox 2241 3956 2290 4014; x_wconf 70' lang='grc' dir='ltr'><strong>δὲ</strong></span> <span class='ocrx_word' id='word_1_611' title='bbox 2338 3959 2543 4035; x_wconf 84' lang='grc' dir='ltr'>Πέτρος</span> <span class='ocrx_word' id='word_1_612' title='bbox 2590 3960 2776 4036; x_wconf 78' lang='grc' dir='ltr'>νήφειν</span> <span class='ocrx_word' id='word_1_613' title='bbox 2826 3958 2990 4027; x_wconf 77' lang='grc' dir='ltr'>αὐτὴν</span> <span class='ocrx_word' id='word_1_614' title='bbox 3043 3957 3599 4034; x_wconf 79' lang='grc' dir='ltr'>παρακελευσάμενος,</span> <span class='ocrx_word' id='word_1_615' title='bbox 3642 3956 3703 4012; x_wconf 89' lang='grc' dir='ltr'>Τί</span> <span class='ocrx_word' id='word_1_616' title='bbox 3740 3959 3879 4013; x_wconf 88' lang='grc' dir='ltr'>ποτέ</span> 
     </span>
    </p>
   </div>
   <div class='ocr_carea' id='block_1_78' title="bbox 471 4044 2109 4123">
    <p class='ocr_par' dir='ltr' id='par_1_78' title="bbox 471 4046 2109 4120">
     <span class='ocr_line' id='line_1_79' title="bbox 471 4046 2109 4120; baseline 0.004 -20"><span class='ocrx_word' id='word_1_617' title='bbox 471 4046 751 4117; x_wconf 88' lang='lat' dir='ltr'><strong>quidnam</strong></span> <span class='ocrx_word' id='word_1_618' title='bbox 785 4050 939 4101; x_wconf 87' lang='lat' dir='ltr'><strong>esset</strong></span> <span class='ocrx_word' id='word_1_619' title='bbox 968 4046 1121 4118; x_wconf 88' lang='lat' dir='ltr'><strong>quod</strong></span> <span class='ocrx_word' id='word_1_620' title='bbox 1151 4050 1444 4118; x_wconf 81' lang='lat' dir='ltr'><strong>pateretur</strong></span> <span class='ocrx_word' id='word_1_621' title='bbox 1470 4046 1865 4120; x_wconf 88' lang='lat' dir='ltr'><strong>interrogavit.</strong></span> <span class='ocrx_word' id='word_1_622' title='bbox 1897 4052 1968 4104; x_wconf 85' lang='lat' dir='ltr'><strong>At</strong></span> <span class='ocrx_word' id='word_1_623' title='bbox 1996 4050 2109 4120; x_wconf 70' lang='lat' dir='ltr'><strong>illa,</strong></span> 
     </span>
    </p>
   </div>
   <div class='ocr_carea' id='block_1_79' title="bbox 2237 4044 3875 4123">
    <p class='ocr_par' dir='ltr' id='par_1_79' title="bbox 2237 4044 3875 4123">
     <span class='ocr_line' id='line_1_80' title="bbox 2237 4044 3875 4123; baseline -0.002 -21"><span class='ocrx_word' id='word_1_624' title='bbox 2237 4046 2370 4102; x_wconf 74' lang='grc' dir='ltr'>ἔστιν</span> <span class='ocrx_word' id='word_1_625' title='bbox 2403 4047 2431 4101; x_wconf 80' lang='grc' dir='ltr'><strong>’ὀ</strong></span> <span class='ocrx_word' id='word_1_626' title='bbox 2462 4046 2712 4123; x_wconf 77' lang='grc' dir='ltr'>πάσχεις,</span> <span class='ocrx_word' id='word_1_627' title='bbox 2742 4044 3137 4103; x_wconf 85' lang='grc' dir='ltr'>διεπυνθάνετο.</span> <span class='ocrx_word' id='word_1_628' title='bbox 3170 4049 3230 4103; x_wconf 85' lang='grc' dir='ltr'><strong><em>Ἡ</em></strong></span> <span class='ocrx_word' id='word_1_629' title='bbox 3278 4044 3355 4115; x_wconf 78' lang='grc' dir='ltr'><strong>δὲ,</strong></span> <span class='ocrx_word' id='word_1_630' title='bbox 3390 4046 3570 4121; x_wconf 82' lang='grc' dir='ltr'>ὥσπερ</span> <span class='ocrx_word' id='word_1_631' title='bbox 3616 4045 3676 4101; x_wconf 78' lang='grc' dir='ltr'>ἐκ</span> <span class='ocrx_word' id='word_1_632' title='bbox 3706 4046 3875 4118; x_wconf 84' lang='grc' dir='ltr'>μέθης</span> 
     </span>
    </p>
   </div>
   <div class='ocr_carea' id='block_1_80' title="bbox 470 4132 2108 4212">
    <p class='ocr_par' dir='ltr' id='par_1_80' title="bbox 470 4132 2108 4206">
     <span class='ocr_line' id='line_1_81' title="bbox 470 4132 2108 4206; baseline 0.004 -19"><span class='ocrx_word' id='word_1_633' title='bbox 470 4133 637 4204; x_wconf 89' lang='lat' dir='ltr'><strong>quasi</strong></span> <span class='ocrx_word' id='word_1_634' title='bbox 672 4150 740 4188; x_wconf 83' lang='lat' dir='ltr'><strong>ex</strong></span> <span class='ocrx_word' id='word_1_635' title='bbox 770 4132 1048 4188; x_wconf 86' lang='lat' dir='ltr'><strong>ebrietate</strong></span> <span class='ocrx_word' id='word_1_636' title='bbox 1078 4151 1140 4188; x_wconf 92' lang='lat' dir='ltr'><strong>se</strong></span> <span class='ocrx_word' id='word_1_637' title='bbox 1192 4132 1555 4206; x_wconf 88' lang='lat' dir='ltr'><strong>recolligens,</strong></span> <span class='ocrx_word' id='word_1_638' title='bbox 1593 4152 1725 4190; x_wconf 88' lang='lat' dir='ltr'><strong>cum</strong></span> <span class='ocrx_word' id='word_1_639' title='bbox 1776 4153 1840 4192; x_wconf 89' lang='lat' dir='ltr'><strong>os</strong></span> <span class='ocrx_word' id='word_1_640' title='bbox 1889 4137 2108 4193; x_wconf 90' lang='lat' dir='ltr'><strong>fricuis-</strong></span> 
     </span>
    </p>
   </div>
   <div class='ocr_carea' id='block_1_81' title="bbox 2238 4132 3876 4212">
    <p class='ocr_par' dir='ltr' id='par_1_81' title="bbox 2238 4134 3876 4212">
     <span class='ocr_line' id='line_1_82' title="bbox 2238 4134 3876 4212; baseline -0.001 -22"><span class='ocrx_word' id='word_1_641' title='bbox 2238 4136 2611 4212; x_wconf 70' lang='grc' dir='ltr'>ἆνενεγκοῦσα,</span> <span class='ocrx_word' id='word_1_642' title='bbox 2664 4135 2753 4189; x_wconf 80' lang='grc' dir='ltr'><strong>καὶ</strong></span> <span class='ocrx_word' id='word_1_643' title='bbox 2807 4136 2871 4191; x_wconf 88' lang='grc' dir='ltr'>τὸ</span> <span class='ocrx_word' id='word_1_644' title='bbox 2929 4135 3221 4211; x_wconf 89' lang='grc' dir='ltr'>πρόσωπον</span> <span class='ocrx_word' id='word_1_645' title='bbox 3278 4135 3511 4211; x_wconf 73' lang='grc' dir='ltr'>τρίψασα</span> <span class='ocrx_word' id='word_1_646' title='bbox 3547 4155 3559 4168; x_wconf 80' lang='grc'><strong><em>⁸</em></strong></span> <span class='ocrx_word' id='word_1_647' title='bbox 3613 4134 3713 4192; x_wconf 82' lang='grc' dir='ltr'>Καὶ</span> <span class='ocrx_word' id='word_1_648' title='bbox 3766 4140 3876 4189; x_wconf 89' lang='grc' dir='ltr'><strong>ποῦ</strong></span> 
     </span>
    </p>
   </div>
   <div class='ocr_carea' id='block_1_82' title="bbox 468 4220 2106 4303">
    <p class='ocr_par' dir='ltr' id='par_1_82' title="bbox 468 4220 2106 4295">
     <span class='ocr_line' id='line_1_83' title="bbox 468 4220 2106 4295; baseline 0.004 -19"><span class='ocrx_word' id='word_1_649' title='bbox 468 4226 598 4277; x_wconf 89' lang='lat' dir='ltr'><strong>set:</strong></span> <span class='ocrx_word' id='word_1_650' title='bbox 632 4222 702 4275; x_wconf 82' lang='lat' dir='ltr'><strong>Et</strong></span> <span class='ocrx_word' id='word_1_651' title='bbox 749 4221 847 4275; x_wconf 90' lang='lat' dir='ltr'><strong>ubi</strong></span> <span class='ocrx_word' id='word_1_652' title='bbox 896 4225 1004 4291; x_wconf 89' lang='lat' dir='ltr'><strong>est,</strong></span> <span class='ocrx_word' id='word_1_653' title='bbox 1038 4220 1244 4291; x_wconf 86' lang='lat' dir='ltr'><strong>inquit,</strong></span> <span class='ocrx_word' id='word_1_654' title='bbox 1291 4222 1388 4277; x_wconf 92' lang='lat' dir='ltr'><strong>ubi</strong></span> <span class='ocrx_word' id='word_1_655' title='bbox 1441 4228 1799 4279; x_wconf 90' lang='lat' dir='ltr'><strong>memoratus</strong></span> <span class='ocrx_word' id='word_1_656' title='bbox 1840 4226 2106 4295; x_wconf 63' lang='lat' dir='ltr'><strong>juvenis?</strong></span> 
     </span>
    </p>
   </div>
   <div class='ocr_carea' id='block_1_83' title="bbox 2238 4220 3876 4303">
    <p class='ocr_par' dir='ltr' id='par_1_83' title="bbox 2238 4221 3876 4303">
     <span class='ocr_line' id='line_1_84' title="bbox 2238 4221 3876 4303; baseline 0.001 -24"><span class='ocrx_word' id='word_1_657' title='bbox 2238 4224 2390 4295; x_wconf 73' lang='grc' dir='ltr'>ἔστιν,</span> <span class='ocrx_word' id='word_1_658' title='bbox 2426 4221 2549 4303; x_wconf 75' lang='grc' dir='ltr'>ἔφη,</span> <span class='ocrx_word' id='word_1_659' title='bbox 2582 4229 2687 4279; x_wconf 88' lang='grc' dir='ltr'><strong>ποῦ</strong></span> <span class='ocrx_word' id='word_1_660' title='bbox 2718 4227 2761 4261; x_wconf 77' lang='grc'><strong>⁵⁸</strong></span> <span class='ocrx_word' id='word_1_661' title='bbox 2792 4225 2820 4279; x_wconf 93' lang='lat'><strong>6</strong></span> <span class='ocrx_word' id='word_1_662' title='bbox 2853 4222 3260 4300; x_wconf 85' lang='grc' dir='ltr'>θρυλλούμενος</span> <span class='ocrx_word' id='word_1_663' title='bbox 3301 4223 3512 4285; x_wconf 76' lang='grc' dir='ltr'>νεανίας</span> <span class='ocrx_word' id='word_1_664' title='bbox 3546 4243 3559 4293; x_wconf 86' lang='grc'><strong>;</strong></span> <span class='ocrx_word' id='word_1_665' title='bbox 3594 4223 3782 4285; x_wconf 87' lang='grc' dir='ltr'>Συνεὶς</span> <span class='ocrx_word' id='word_1_666' title='bbox 3815 4222 3876 4280; x_wconf 74' lang='grc' dir='ltr'><strong>δὲ</strong></span> 
     </span>
    </p>
   </div>
   <div class='ocr_carea' id='block_1_84' title="bbox 469 4308 2107 4390">
    <p class='ocr_par' dir='ltr' id='par_1_84' title="bbox 469 4308 2107 4385">
     <span class='ocr_line' id='line_1_85' title="bbox 469 4308 2107 4385; baseline 0.002 -19"><span class='ocrx_word' id='word_1_667' title='bbox 469 4308 807 4380; x_wconf 81' lang='lat' dir='ltr'><strong>Intelligens</strong></span> <span class='ocrx_word' id='word_1_668' title='bbox 838 4315 1033 4364; x_wconf 85' lang='lat' dir='ltr'><strong>autem</strong></span> <span class='ocrx_word' id='word_1_669' title='bbox 1068 4327 1187 4365; x_wconf 91' lang='lat' dir='ltr'><strong>rem</strong></span> <span class='ocrx_word' id='word_1_670' title='bbox 1222 4311 1424 4365; x_wconf 86' lang='lat' dir='ltr'><strong>Petrus</strong></span> <span class='ocrx_word' id='word_1_671' title='bbox 1460 4329 1472 4367; x_wconf 92' lang='lat'>:</span> <span class='ocrx_word' id='word_1_672' title='bbox 1506 4312 1589 4366; x_wconf 92' lang='lat' dir='ltr'><strong>Tu</strong></span> <span class='ocrx_word' id='word_1_673' title='bbox 1624 4312 1766 4367; x_wconf 91' lang='lat' dir='ltr'><strong>mibi</strong></span> <span class='ocrx_word' id='word_1_674' title='bbox 1807 4313 1899 4369; x_wconf 92' lang='lat' dir='ltr'><strong>dic</strong></span> <span class='ocrx_word' id='word_1_675' title='bbox 1930 4314 2107 4385; x_wconf 83' lang='lat' dir='ltr'><strong>prius,</strong></span> 
     </span>
    </p>
   </div>
   <div class='ocr_carea' id='block_1_85' title="bbox 2240 4308 3878 4390">
    <p class='ocr_par' dir='ltr' id='par_1_85' title="bbox 2240 4310 3878 4390">
     <span class='ocr_line' id='line_1_86' title="bbox 2240 4310 3878 4390; baseline -0.001 -22"><span class='ocrx_word' id='word_1_676' title='bbox 2240 4312 2487 4389; x_wconf 78' lang='grc' dir='ltr'>5Πέτρος</span> <span class='ocrx_word' id='word_1_677' title='bbox 2517 4314 2579 4367; x_wconf 86' lang='grc' dir='ltr'>τὸ</span> <span class='ocrx_word' id='word_1_678' title='bbox 2628 4310 2828 4387; x_wconf 79' lang='grc' dir='ltr'>δρᾶμα,</span> <span class='ocrx_word' id='word_1_679' title='bbox 2880 4312 3013 4367; x_wconf 76' lang='grc' dir='ltr'>Εἰπέ</span> <span class='ocrx_word' id='word_1_680' title='bbox 3063 4334 3155 4386; x_wconf 86' lang='grc' dir='ltr'><strong>μοι</strong></span> <span class='ocrx_word' id='word_1_681' title='bbox 3208 4313 3270 4367; x_wconf 87' lang='grc' dir='ltr'>σὺ</span> <span class='ocrx_word' id='word_1_682' title='bbox 3312 4317 3548 4387; x_wconf 76' lang='grc' dir='ltr'>πρῶτον,</span> <span class='ocrx_word' id='word_1_683' title='bbox 3602 4311 3725 4390; x_wconf 77' lang='grc' dir='ltr'>ἔφη’</span> <span class='ocrx_word' id='word_1_684' title='bbox 3777 4310 3878 4367; x_wconf 80' lang='grc' dir='ltr'><strong>ἄλ-</strong></span> 
     </span>
    </p>
   </div>
   <div class='ocr_carea' id='block_1_86' title="bbox 468 4397 2106 4477">
    <p class='ocr_par' dir='ltr' id='par_1_86' title="bbox 468 4397 2106 4472">
     <span class='ocr_line' id='line_1_87' title="bbox 468 4397 2106 4472; baseline 0.003 -19"><span class='ocrx_word' id='word_1_685' title='bbox 468 4398 706 4469; x_wconf 87' lang='lat' dir='ltr'><strong>inquit:</strong></span> <span class='ocrx_word' id='word_1_686' title='bbox 741 4397 908 4453; x_wconf 88' lang='lat' dir='ltr'><strong>aliter</strong></span> <span class='ocrx_word' id='word_1_687' title='bbox 946 4399 1102 4453; x_wconf 89' lang='lat' dir='ltr'><strong>enim</strong></span> <span class='ocrx_word' id='word_1_688' title='bbox 1149 4416 1283 4453; x_wconf 91' lang='lat' dir='ltr'><strong>eum</strong></span> <span class='ocrx_word' id='word_1_689' title='bbox 1334 4399 1526 4455; x_wconf 89' lang='lat' dir='ltr'><strong>videre</strong></span> <span class='ocrx_word' id='word_1_690' title='bbox 1574 4418 1689 4455; x_wconf 89' lang='lat' dir='ltr'><strong>non</strong></span> <span class='ocrx_word' id='word_1_691' title='bbox 1743 4403 1977 4472; x_wconf 88' lang='lat' dir='ltr'><strong>poteris.</strong></span> <span class='ocrx_word' id='word_1_692' title='bbox 2014 4403 2106 4458; x_wconf 83' lang='lat' dir='ltr'><strong>Illa</strong></span> 
     </span>
    </p>
   </div>
   <div class='ocr_carea' id='block_1_87' title="bbox 2232 4397 3870 4477">
    <p class='ocr_par' dir='ltr' id='par_1_87' title="bbox 2232 4398 3870 4477">
     <span class='ocr_line' id='line_1_88' title="bbox 2232 4398 3870 4477; baseline 0 -22"><span class='ocrx_word' id='word_1_693' title='bbox 2232 4400 2337 4464; x_wconf 84' lang='grc' dir='ltr'>λως</span> <span class='ocrx_word' id='word_1_694' title='bbox 2367 4403 2469 4477; x_wconf 81' lang='grc' dir='ltr'><strong>γὰρ</strong></span> <span class='ocrx_word' id='word_1_695' title='bbox 2521 4399 2649 4455; x_wconf 76' lang='grc' dir='ltr'>ἰδεῖν</span> <span class='ocrx_word' id='word_1_696' title='bbox 2697 4406 2886 4456; x_wconf 89' lang='grc' dir='ltr'>τοῦτον</span> <span class='ocrx_word' id='word_1_697' title='bbox 2937 4401 2997 4456; x_wconf 81' lang='grc' dir='ltr'><strong>οὐ</strong></span> <span class='ocrx_word' id='word_1_698' title='bbox 3049 4399 3289 4456; x_wconf 85' lang='grc' dir='ltr'>δύνασαι·</span> <span class='ocrx_word' id='word_1_699' title='bbox 3330 4408 3389 4457; x_wconf 83' lang='grc' dir='ltr'><strong><em>Ἠ</em></strong></span> <span class='ocrx_word' id='word_1_700' title='bbox 3439 4398 3496 4457; x_wconf 74' lang='grc' dir='ltr'><strong>δὲ</strong></span> <span class='ocrx_word' id='word_1_701' title='bbox 3546 4398 3870 4475; x_wconf 84' lang='grc' dir='ltr'>σπεύδουσα,</span> 
     </span>
    </p>
   </div>
   <div class='ocr_carea' id='block_1_88' title="bbox 467 4486 2105 4567">
    <p class='ocr_par' dir='ltr' id='par_1_88' title="bbox 467 4486 2105 4563">
     <span class='ocr_line' id='line_1_89' title="bbox 467 4486 2105 4563; baseline 0.002 -20"><span class='ocrx_word' id='word_1_702' title='bbox 467 4504 600 4543; x_wconf 86' lang='lat' dir='ltr'><strong>vero</strong></span> <span class='ocrx_word' id='word_1_703' title='bbox 638 4486 937 4551; x_wconf 81' lang='lat' dir='ltr'><strong>festinans,</strong></span> <span class='ocrx_word' id='word_1_704' title='bbox 971 4487 1051 4541; x_wconf 88' lang='lat' dir='ltr'><strong>ait</strong></span> <span class='ocrx_word' id='word_1_705' title='bbox 1083 4502 1096 4543; x_wconf 92' lang='lat'><strong>:</strong></span> <span class='ocrx_word' id='word_1_706' title='bbox 1148 4492 1262 4557; x_wconf 84' lang='lat' dir='ltr'><strong>Ego</strong></span> <span class='ocrx_word' id='word_1_707' title='bbox 1311 4504 1441 4542; x_wconf 92' lang='lat' dir='ltr'><strong>sum</strong></span> <span class='ocrx_word' id='word_1_708' title='bbox 1492 4488 1875 4545; x_wconf 88' lang='lat' dir='ltr'><strong>adolescentis</strong></span> <span class='ocrx_word' id='word_1_709' title='bbox 1908 4496 2105 4563; x_wconf 79' lang='lat' dir='ltr'><strong>mater,</strong></span> 
     </span>
    </p>
   </div>
   <div class='ocr_carea' id='block_1_89' title="bbox 2235 4486 3873 4567">
    <p class='ocr_par' dir='ltr' id='par_1_89' title="bbox 2235 4488 3873 4567">
     <span class='ocr_line' id='line_1_90' title="bbox 2235 4488 3873 4567; baseline 0 -23"><span class='ocrx_word' id='word_1_710' title='bbox 2235 4491 2388 4565; x_wconf 83' lang='grc' dir='ltr'>Ἐγὼ,</span> <span class='ocrx_word' id='word_1_711' title='bbox 2422 4489 2606 4567; x_wconf 82' lang='grc' dir='ltr'>φησὶν,</span> <span class='ocrx_word' id='word_1_712' title='bbox 2638 4492 2672 4559; x_wconf 78' lang='grc' dir='ltr'>ἡ</span> <span class='ocrx_word' id='word_1_713' title='bbox 2701 4493 2798 4543; x_wconf 90' lang='grc' dir='ltr'><strong>τοῦ</strong></span> <span class='ocrx_word' id='word_1_714' title='bbox 2845 4488 3126 4545; x_wconf 79' lang='grc' dir='ltr'>νεανίσκου</span> <span class='ocrx_word' id='word_1_715' title='bbox 3179 4492 3364 4566; x_wconf 88' lang='grc' dir='ltr'>μήτηρ</span> <span class='ocrx_word' id='word_1_716' title='bbox 3416 4489 3549 4562; x_wconf 78' lang='grc' dir='ltr'>εἰμὶ.</span> <span class='ocrx_word' id='word_1_717' title='bbox 3582 4490 3671 4544; x_wconf 79' lang='grc' dir='ltr'><strong>καὶ</strong></span> <span class='ocrx_word' id='word_1_718' title='bbox 3718 4488 3873 4560; x_wconf 80' lang='grc' dir='ltr'>Κλή-</span> 
     </span>
    </p>
   </div>
   <div class='ocr_carea' id='block_1_90' title="bbox 470 4572 2108 4654">
    <p class='ocr_par' dir='ltr' id='par_1_90' title="bbox 470 4574 2108 4642">
     <span class='ocr_line' id='line_1_91' title="bbox 470 4574 2108 4642; baseline 0.003 -11"><span class='ocrx_word' id='word_1_719' title='bbox 470 4580 527 4631; x_wconf 89' lang='lat' dir='ltr'><strong>et</strong></span> <span class='ocrx_word' id='word_1_720' title='bbox 558 4592 768 4631; x_wconf 89' lang='lat' dir='ltr'><strong>nomen</strong></span> <span class='ocrx_word' id='word_1_721' title='bbox 803 4574 885 4628; x_wconf 92' lang='lat' dir='ltr'><strong>illi</strong></span> <span class='ocrx_word' id='word_1_722' title='bbox 918 4579 1007 4631; x_wconf 90' lang='lat' dir='ltr'><strong>est</strong></span> <span class='ocrx_word' id='word_1_723' title='bbox 1043 4575 1329 4631; x_wconf 88' lang='lat' dir='ltr'><strong>Clemens.</strong></span> <span class='ocrx_word' id='word_1_724' title='bbox 1360 4578 1481 4642; x_wconf 89' lang='lat' dir='ltr'><strong>Quo</strong></span> <span class='ocrx_word' id='word_1_725' title='bbox 1528 4581 1733 4633; x_wconf 86' lang='lat' dir='ltr'><strong>Petrus</strong></span> <span class='ocrx_word' id='word_1_726' title='bbox 1782 4579 1979 4635; x_wconf 89' lang='lat' dir='ltr'><strong>audito</strong></span> <span class='ocrx_word' id='word_1_727' title='bbox 2012 4597 2024 4635; x_wconf 91' lang='lat'>:</span> <span class='ocrx_word' id='word_1_728' title='bbox 2064 4582 2108 4636; x_wconf 89' lang='lat' dir='ltr'><strong>Is</strong></span> 
     </span>
    </p>
   </div>
   <div class='ocr_carea' id='block_1_91' title="bbox 2231 4572 3869 4654">
    <p class='ocr_par' dir='ltr' id='par_1_91' title="bbox 2231 4572 3869 4654">
     <span class='ocr_line' id='line_1_92' title="bbox 2231 4572 3869 4654; baseline -0.001 -22"><span class='ocrx_word' id='word_1_729' title='bbox 2231 4599 2334 4651; x_wconf 89' lang='grc' dir='ltr'><strong>μης</strong></span> <span class='ocrx_word' id='word_1_730' title='bbox 2372 4578 2517 4649; x_wconf 86' lang='grc' dir='ltr'><strong>αὐτῷ</strong></span> <span class='ocrx_word' id='word_1_731' title='bbox 2548 4572 2743 4650; x_wconf 71' lang='grc' dir='ltr'>ὄνομα.</span> <span class='ocrx_word' id='word_1_732' title='bbox 2778 4579 2875 4632; x_wconf 82' lang='grc' dir='ltr'><strong>Καὶ</strong></span> <span class='ocrx_word' id='word_1_733' title='bbox 2899 4580 2926 4632; x_wconf 87' lang='lat'><strong>6</strong></span> <span class='ocrx_word' id='word_1_734' title='bbox 2949 4576 3153 4654; x_wconf 82' lang='grc' dir='ltr'>Πέτρος</span> <span class='ocrx_word' id='word_1_735' title='bbox 3183 4577 3616 4651; x_wconf 80' lang='grc' dir='ltr'>ἀκούσας,Αότός</span> <span class='ocrx_word' id='word_1_736' title='bbox 3640 4578 3780 4633; x_wconf 70' lang='grc' dir='ltr'>ἔστιν</span> <span class='ocrx_word' id='word_1_737' title='bbox 3802 4581 3869 4651; x_wconf 75' lang='grc'><strong>⁵⁸,</strong></span> 
     </span>
    </p>
   </div>
   <div class='ocr_carea' id='block_1_92' title="bbox 471 4663 2109 4751">
    <p class='ocr_par' dir='ltr' id='par_1_92' title="bbox 471 4663 2109 4739">
     <span class='ocr_line' id='line_1_93' title="bbox 471 4663 2109 4739; baseline 0.003 -20"><span class='ocrx_word' id='word_1_738' title='bbox 471 4663 597 4736; x_wconf 89' lang='lat' dir='ltr'><strong>ipse</strong></span> <span class='ocrx_word' id='word_1_739' title='bbox 625 4668 735 4734; x_wconf 91' lang='lat' dir='ltr'><strong>est,</strong></span> <span class='ocrx_word' id='word_1_740' title='bbox 764 4663 972 4735; x_wconf 88' lang='lat' dir='ltr'><strong>inquit,</strong></span> <span class='ocrx_word' id='word_1_741' title='bbox 997 4663 1046 4718; x_wconf 92' lang='lat' dir='ltr'><strong>is</strong></span> <span class='ocrx_word' id='word_1_742' title='bbox 1068 4664 1189 4736; x_wconf 91' lang='lat' dir='ltr'><strong>ipse</strong></span> <span class='ocrx_word' id='word_1_743' title='bbox 1208 4669 1332 4731; x_wconf 87' lang='lat' dir='ltr'><strong>est;</strong></span> <span class='ocrx_word' id='word_1_744' title='bbox 1365 4670 1533 4736; x_wconf 90' lang='lat' dir='ltr'><strong>atque</strong></span> <span class='ocrx_word' id='word_1_745' title='bbox 1563 4665 1614 4721; x_wconf 92' lang='lat' dir='ltr'><strong>is</strong></span> <span class='ocrx_word' id='word_1_746' title='bbox 1647 4671 1789 4733; x_wconf 89' lang='lat' dir='ltr'><strong>erat,</strong></span> <span class='ocrx_word' id='word_1_747' title='bbox 1814 4667 1913 4738; x_wconf 90' lang='lat' dir='ltr'><strong>qui</strong></span> <span class='ocrx_word' id='word_1_748' title='bbox 1942 4669 2109 4739; x_wconf 91' lang='lat' dir='ltr'><strong>paulo</strong></span> 
     </span>
    </p>
   </div>
   <div class='ocr_carea' id='block_1_93' title="bbox 2235 4663 3873 4751">
    <p class='ocr_par' dir='ltr' id='par_1_93' title="bbox 2235 4664 3873 4743">
     <span class='ocr_line' id='line_1_94' title="bbox 2235 4664 3873 4743; baseline 0.001 -22"><span class='ocrx_word' id='word_1_749' title='bbox 2235 4667 2388 4736; x_wconf 75' lang='grc' dir='ltr'>εἶπεν,</span> <span class='ocrx_word' id='word_1_750' title='bbox 2419 4666 2579 4729; x_wconf 79' lang='grc' dir='ltr'>αὐτός</span> <span class='ocrx_word' id='word_1_751' title='bbox 2629 4665 2758 4721; x_wconf 86' lang='grc' dir='ltr'>ἐστι·</span> <span class='ocrx_word' id='word_1_752' title='bbox 2791 4665 2880 4721; x_wconf 83' lang='grc' dir='ltr'><strong>καὶ</strong></span> <span class='ocrx_word' id='word_1_753' title='bbox 2930 4667 3091 4728; x_wconf 79' lang='grc' dir='ltr'>οὗτος</span> <span class='ocrx_word' id='word_1_754' title='bbox 3134 4667 3201 4736; x_wconf 74' lang='grc' dir='ltr'>ἦν</span> <span class='ocrx_word' id='word_1_755' title='bbox 3230 4668 3258 4721; x_wconf 89' lang='lat'><strong>6</strong></span> <span class='ocrx_word' id='word_1_756' title='bbox 3304 4667 3411 4742; x_wconf 89' lang='grc' dir='ltr'>πρὸ</span> <span class='ocrx_word' id='word_1_757' title='bbox 3461 4664 3658 4743; x_wconf 80' lang='grc' dir='ltr'>μικροῦ</span> <span class='ocrx_word' id='word_1_758' title='bbox 3701 4687 3873 4741; x_wconf 89' lang='grc' dir='ltr'>προσ-</span> 
     </span>
    </p>
   </div>
   <div class='ocr_carea' id='block_1_94' title="bbox 472 4751 2110 4830">
    <p class='ocr_par' dir='ltr' id='par_1_94' title="bbox 472 4751 2110 4827">
     <span class='ocr_line' id='line_1_95' title="bbox 472 4751 2110 4827; baseline 0.004 -20"><span class='ocrx_word' id='word_1_759' title='bbox 472 4756 606 4807; x_wconf 88' lang='lat' dir='ltr'><strong>ante</strong></span> <span class='ocrx_word' id='word_1_760' title='bbox 638 4752 898 4819; x_wconf 91' lang='lat' dir='ltr'><strong>accessit,</strong></span> <span class='ocrx_word' id='word_1_761' title='bbox 932 4757 988 4807; x_wconf 91' lang='lat' dir='ltr'><strong>et</strong></span> <span class='ocrx_word' id='word_1_762' title='bbox 1036 4769 1265 4807; x_wconf 90' lang='lat' dir='ltr'><strong>mecum</strong></span> <span class='ocrx_word' id='word_1_763' title='bbox 1314 4751 1543 4808; x_wconf 90' lang='lat' dir='ltr'><strong>locutus</strong></span> <span class='ocrx_word' id='word_1_764' title='bbox 1590 4758 1697 4822; x_wconf 92' lang='lat' dir='ltr'><strong>est,</strong></span> <span class='ocrx_word' id='word_1_765' title='bbox 1731 4772 2022 4827; x_wconf 88' lang='lat' dir='ltr'><strong>quemque</strong></span> <span class='ocrx_word' id='word_1_766' title='bbox 2055 4758 2110 4813; x_wconf 89' lang='lat' dir='ltr'><strong>in</strong></span> 
     </span>
    </p>
   </div>
   <div class='ocr_carea' id='block_1_95' title="bbox 2232 4751 3870 4830">
    <p class='ocr_par' dir='ltr' id='par_1_95' title="bbox 2232 4752 3870 4830">
     <span class='ocr_line' id='line_1_96' title="bbox 2232 4752 3870 4830; baseline -0.001 -19"><span class='ocrx_word' id='word_1_767' title='bbox 2232 4754 2392 4811; x_wconf 77' lang='grc' dir='ltr'>ελθὼν</span> <span class='ocrx_word' id='word_1_768' title='bbox 2421 4755 2509 4812; x_wconf 83' lang='grc' dir='ltr'><strong>καὶ</strong></span> <span class='ocrx_word' id='word_1_769' title='bbox 2536 4753 2782 4827; x_wconf 89' lang='grc' dir='ltr'>λαλήσας</span> <span class='ocrx_word' id='word_1_770' title='bbox 2819 4776 2934 4828; x_wconf 88' lang='grc' dir='ltr'>μοι,</span> <span class='ocrx_word' id='word_1_771' title='bbox 2962 4755 3019 4810; x_wconf 80' lang='grc' dir='ltr'><strong>’ὀν</strong></span> <span class='ocrx_word' id='word_1_772' title='bbox 3051 4756 3139 4809; x_wconf 86' lang='grc' dir='ltr'><strong>καὶ</strong></span> <span class='ocrx_word' id='word_1_773' title='bbox 3172 4754 3450 4829; x_wconf 81' lang='grc' dir='ltr'>ἀναμένειν</span> <span class='ocrx_word' id='word_1_774' title='bbox 3483 4754 3534 4809; x_wconf 85' lang='grc' dir='ltr'><strong>έν</strong></span> <span class='ocrx_word' id='word_1_775' title='bbox 3564 4759 3643 4827; x_wconf 80' lang='grc' dir='ltr'>τῷ</span> <span class='ocrx_word' id='word_1_776' title='bbox 3680 4752 3870 4830; x_wconf 88' lang='grc' dir='ltr'>πλοίῳ</span> 
     </span>
    </p>
   </div>
   <div class='ocr_carea' id='block_1_96' title="bbox 473 4840 2111 4921">
    <p class='ocr_par' dir='ltr' id='par_1_96' title="bbox 473 4840 2111 4917">
     <span class='ocr_line' id='line_1_97' title="bbox 473 4840 2111 4917; baseline 0.005 -23"><span class='ocrx_word' id='word_1_777' title='bbox 473 4840 603 4896; x_wconf 88' lang='lat' dir='ltr'><strong>navi</strong></span> <span class='ocrx_word' id='word_1_778' title='bbox 634 4841 1160 4913; x_wconf 82' lang='lat' dir='ltr'><strong>exspectarejussi.</strong></span> <span class='ocrx_word' id='word_1_779' title='bbox 1183 4844 1330 4896; x_wconf 90' lang='lat' dir='ltr'><strong>Tum</strong></span> <span class='ocrx_word' id='word_1_780' title='bbox 1362 4841 1462 4896; x_wconf 91' lang='lat' dir='ltr'><strong>illa</strong></span> <span class='ocrx_word' id='word_1_781' title='bbox 1493 4843 1563 4898; x_wconf 92' lang='lat' dir='ltr'><strong>ad</strong></span> <span class='ocrx_word' id='word_1_782' title='bbox 1586 4842 1736 4898; x_wconf 89' lang='lat' dir='ltr'><strong>Petri</strong></span> <span class='ocrx_word' id='word_1_783' title='bbox 1759 4861 1949 4917; x_wconf 88' lang='lat' dir='ltr'><strong>genua</strong></span> <span class='ocrx_word' id='word_1_784' title='bbox 1979 4863 2111 4917; x_wconf 84' lang='lat' dir='ltr'><strong>pro-</strong></span> 
     </span>
    </p>
   </div>
   <div class='ocr_carea' id='block_1_97' title="bbox 2230 4840 3868 4921">
    <p class='ocr_par' dir='ltr' id='par_1_97' title="bbox 2230 4841 3868 4921">
     <span class='ocr_line' id='line_1_98' title="bbox 2230 4841 3868 4921; baseline -0.001 -22"><span class='ocrx_word' id='word_1_785' title='bbox 2230 4841 2518 4918; x_wconf 77' lang='grc' dir='ltr'>προσέταξα</span> <span class='ocrx_word' id='word_1_786' title='bbox 2551 4887 2564 4901; x_wconf 93' lang='grc'><strong>.</strong></span> <span class='ocrx_word' id='word_1_787' title='bbox 2626 4846 2687 4900; x_wconf 87' lang='grc' dir='ltr'><strong><em>Ἦ</em></strong></span> <span class='ocrx_word' id='word_1_788' title='bbox 2736 4841 2794 4898; x_wconf 73' lang='grc' dir='ltr'><strong>δὲ</strong></span> <span class='ocrx_word' id='word_1_789' title='bbox 2843 4848 3221 4921; x_wconf 77' lang='grc' dir='ltr'>προσπεσοῦσα</span> <span class='ocrx_word' id='word_1_790' title='bbox 3270 4848 3349 4916; x_wconf 83' lang='grc' dir='ltr'>τῷ</span> <span class='ocrx_word' id='word_1_791' title='bbox 3409 4842 3599 4918; x_wconf 82' lang='grc' dir='ltr'>Πέτρῳ</span> <span class='ocrx_word' id='word_1_792' title='bbox 3635 4889 3650 4914; x_wconf 91' lang='grc'><strong>,</strong></span> <span class='ocrx_word' id='word_1_793' title='bbox 3704 4843 3868 4914; x_wconf 79' lang='grc' dir='ltr'>ἠξίου</span> 
     </span>
    </p>
   </div>
   <div class='ocr_carea' id='block_1_98' title="bbox 469 4929 2107 5009">
    <p class='ocr_par' dir='ltr' id='par_1_98' title="bbox 469 4929 2105 5004">
     <span class='ocr_line' id='line_1_99' title="bbox 469 4929 2105 5004; baseline 0.005 -21"><span class='ocrx_word' id='word_1_794' title='bbox 469 4929 691 4995; x_wconf 89' lang='lat' dir='ltr'><strong>cidens,</strong></span> <span class='ocrx_word' id='word_1_795' title='bbox 723 4929 965 5001; x_wconf 89' lang='lat' dir='ltr'><strong>rogabat</strong></span> <span class='ocrx_word' id='word_1_796' title='bbox 994 4933 1059 4984; x_wconf 92' lang='lat' dir='ltr'><strong>ut</strong></span> <span class='ocrx_word' id='word_1_797' title='bbox 1078 4929 1150 4984; x_wconf 92' lang='lat' dir='ltr'><strong>ad</strong></span> <span class='ocrx_word' id='word_1_798' title='bbox 1181 4947 1385 4985; x_wconf 90' lang='lat' dir='ltr'><strong>navem</strong></span> <span class='ocrx_word' id='word_1_799' title='bbox 1414 4935 1763 5004; x_wconf 85' lang='lat' dir='ltr'><strong>properaret.</strong></span> <span class='ocrx_word' id='word_1_800' title='bbox 1786 4938 1851 4987; x_wconf 85' lang='lat' dir='ltr'><strong>Et</strong></span> <span class='ocrx_word' id='word_1_801' title='bbox 1866 4937 2105 4991; x_wconf 91' lang='lat' dir='ltr'><strong>Petrus:</strong></span> 
     </span>
    </p>
   </div>
   <div class='ocr_carea' id='block_1_99' title="bbox 2231 4929 3869 5009">
    <p class='ocr_par' dir='ltr' id='par_1_99' title="bbox 2231 4930 3869 5009">
     <span class='ocr_line' id='line_1_100' title="bbox 2231 4930 3869 5009; baseline -0.001 -21"><span class='ocrx_word' id='word_1_802' title='bbox 2231 4931 2461 4989; x_wconf 70' lang='grc' dir='ltr'>τπεύδειν</span> <span class='ocrx_word' id='word_1_803' title='bbox 2495 4932 2582 4988; x_wconf 80' lang='grc' dir='ltr'><strong>ἐπὶ</strong></span> <span class='ocrx_word' id='word_1_804' title='bbox 2611 4934 2673 4988; x_wconf 88' lang='grc' dir='ltr'><strong>τὸ</strong></span> <span class='ocrx_word' id='word_1_805' title='bbox 2720 4931 2939 4990; x_wconf 80' lang='grc' dir='ltr'>πλοῖον.</span> <span class='ocrx_word' id='word_1_806' title='bbox 2974 4932 3071 4988; x_wconf 85' lang='grc' dir='ltr'>Καὶ</span> <span class='ocrx_word' id='word_1_807' title='bbox 3103 4933 3130 4987; x_wconf 91' lang='lat'><strong>6</strong></span> <span class='ocrx_word' id='word_1_808' title='bbox 3161 4931 3385 5009; x_wconf 86' lang='grc' dir='ltr'>Πέτρος,</span> <span class='ocrx_word' id='word_1_809' title='bbox 3418 4930 3489 4987; x_wconf 71' lang='lat' dir='ltr'><strong>Ei’</strong></span> <span class='ocrx_word' id='word_1_810' title='bbox 3535 4953 3627 5005; x_wconf 92' lang='grc' dir='ltr'><strong>μοι</strong></span> <span class='ocrx_word' id='word_1_811' title='bbox 3656 4937 3869 5008; x_wconf 84' lang='grc' dir='ltr'>τηρεῖς,</span> 
     </span>
    </p>
   </div>
   <div class='ocr_carea' id='block_1_100' title="bbox 468 5017 2106 5100">
    <p class='ocr_par' dir='ltr' id='par_1_100' title="bbox 468 5017 2104 5095">
     <span class='ocr_line' id='line_1_101' title="bbox 468 5017 2104 5095; baseline 0.004 -24"><span class='ocrx_word' id='word_1_812' title='bbox 468 5017 525 5072; x_wconf 90' lang='lat' dir='ltr'><strong>Si</strong></span> <span class='ocrx_word' id='word_1_813' title='bbox 562 5018 727 5086; x_wconf 87' lang='lat' dir='ltr'><strong>mihi,</strong></span> <span class='ocrx_word' id='word_1_814' title='bbox 778 5018 986 5089; x_wconf 87' lang='lat' dir='ltr'><strong>inquit,</strong></span> <span class='ocrx_word' id='word_1_815' title='bbox 1018 5035 1213 5074; x_wconf 91' lang='lat' dir='ltr'><strong>servas</strong></span> <span class='ocrx_word' id='word_1_816' title='bbox 1261 5024 1451 5091; x_wconf 89' lang='lat' dir='ltr'><strong>pacta,</strong></span> <span class='ocrx_word' id='word_1_817' title='bbox 1482 5020 1592 5075; x_wconf 87' lang='lat' dir='ltr'><strong>hoc</strong></span> <span class='ocrx_word' id='word_1_818' title='bbox 1641 5038 1868 5093; x_wconf 89' lang='lat' dir='ltr'><strong>quoque</strong></span> <span class='ocrx_word' id='word_1_819' title='bbox 1916 5039 2104 5095; x_wconf 87' lang='lat' dir='ltr'><strong>agam.</strong></span> 
     </span>
    </p>
   </div>
   <div class='ocr_carea' id='block_1_101' title="bbox 2232 5017 3870 5100">
    <p class='ocr_par' dir='ltr' id='par_1_101' title="bbox 2232 5018 3870 5100">
     <span class='ocr_line' id='line_1_102' title="bbox 2232 5018 3870 5100; baseline 0 -23"><span class='ocrx_word' id='word_1_820' title='bbox 2232 5022 2341 5100; x_wconf 71' lang='grc' dir='ltr'>ἔφη,</span> <span class='ocrx_word' id='word_1_821' title='bbox 2372 5024 2465 5085; x_wconf 75' lang='grc' dir='ltr'><strong>τὰς</strong></span> <span class='ocrx_word' id='word_1_822' title='bbox 2513 5024 2796 5093; x_wconf 82' lang='grc' dir='ltr'>συνθήκας,</span> <span class='ocrx_word' id='word_1_823' title='bbox 2845 5021 2934 5077; x_wconf 83' lang='grc' dir='ltr'><strong>καὶ</strong></span> <span class='ocrx_word' id='word_1_824' title='bbox 2976 5025 3140 5076; x_wconf 90' lang='grc' dir='ltr'>τοῦτο</span> <span class='ocrx_word' id='word_1_825' title='bbox 3189 5023 3427 5092; x_wconf 87' lang='grc' dir='ltr'>ποιήσω.</span> <span class='ocrx_word' id='word_1_826' title='bbox 3462 5022 3525 5075; x_wconf 88' lang='grc' dir='ltr'>Ἣ</span> <span class='ocrx_word' id='word_1_827' title='bbox 3575 5018 3652 5094; x_wconf 80' lang='grc' dir='ltr'><strong>δὲ,</strong></span> <span class='ocrx_word' id='word_1_828' title='bbox 3685 5022 3870 5077; x_wconf 82' lang='grc' dir='ltr'>Πάντα</span> 
     </span>
    </p>
   </div>
   <div class='ocr_carea' id='block_1_102' title="bbox 463 5105 2101 5191">
    <p class='ocr_par' dir='ltr' id='par_1_102' title="bbox 463 5105 2101 5177">
     <span class='ocr_line' id='line_1_103' title="bbox 463 5105 2101 5177; baseline 0.004 -16"><span class='ocrx_word' id='word_1_829' title='bbox 463 5105 570 5161; x_wconf 89' lang='lat' dir='ltr'><strong>Illa</strong></span> <span class='ocrx_word' id='word_1_830' title='bbox 595 5112 789 5161; x_wconf 88' lang='lat' dir='ltr'><strong>autem</strong></span> <span class='ocrx_word' id='word_1_831' title='bbox 821 5107 1154 5177; x_wconf 90' lang='lat' dir='ltr'><strong>respondit:</strong></span> <span class='ocrx_word' id='word_1_832' title='bbox 1187 5107 1396 5162; x_wconf 87' lang='lat' dir='ltr'><strong>Omnia</strong></span> <span class='ocrx_word' id='word_1_833' title='bbox 1427 5108 1635 5163; x_wconf 89' lang='lat' dir='ltr'><strong>faciam</strong></span> <span class='ocrx_word' id='word_1_834' title='bbox 1663 5135 1677 5176; x_wconf 74' lang='grc' dir='ltr'><strong>ς</strong></span> <span class='ocrx_word' id='word_1_835' title='bbox 1708 5114 1937 5165; x_wconf 89' lang='lat' dir='ltr'><strong>tantum</strong></span> <span class='ocrx_word' id='word_1_836' title='bbox 1964 5112 2101 5167; x_wconf 90' lang='lat' dir='ltr'><strong>mihi</strong></span> 
     </span>
    </p>
   </div>
   <div class='ocr_carea' id='block_1_103' title="bbox 2231 5105 3869 5191">
    <p class='ocr_par' dir='ltr' id='par_1_103' title="bbox 2231 5110 3869 5191">
     <span class='ocr_line' id='line_1_104' title="bbox 2231 5110 3869 5191; baseline 0 -25"><span class='ocrx_word' id='word_1_837' title='bbox 2231 5111 2715 5191; x_wconf 72' lang='grc' dir='ltr'>τοιῶ,φησὶ,μόνον</span> <span class='ocrx_word' id='word_1_838' title='bbox 2752 5131 2845 5183; x_wconf 86' lang='grc' dir='ltr'><strong>μοι</strong></span> <span class='ocrx_word' id='word_1_839' title='bbox 2865 5112 2928 5166; x_wconf 85' lang='grc' dir='ltr'>τὸ</span> <span class='ocrx_word' id='word_1_840' title='bbox 2955 5111 3139 5166; x_wconf 87' lang='grc' dir='ltr'>τέκνον</span> <span class='ocrx_word' id='word_1_841' title='bbox 3171 5112 3234 5165; x_wconf 83' lang='grc' dir='ltr'>τὸ</span> <span class='ocrx_word' id='word_1_842' title='bbox 3268 5111 3554 5186; x_wconf 69' lang='grc' dir='ltr'>μονογενὲς</span> <span class='ocrx_word' id='word_1_843' title='bbox 3572 5110 3869 5186; x_wconf 84' lang='grc' dir='ltr'>γνώρισον,</span> 
     </span>
    </p>
   </div>
   <div class='ocr_carea' id='block_1_104' title="bbox 460 5193 2098 5276">
    <p class='ocr_par' dir='ltr' id='par_1_104' title="bbox 460 5193 2098 5269">
     <span class='ocr_line' id='line_1_105' title="bbox 460 5193 2098 5269; baseline 0.005 -21"><span class='ocrx_word' id='word_1_844' title='bbox 460 5193 646 5248; x_wconf 79' lang='lat' dir='ltr'><strong>filium</strong></span> <span class='ocrx_word' id='word_1_845' title='bbox 679 5195 1048 5267; x_wconf 86' lang='lat' dir='ltr'><strong>unigenitum</strong></span> <span class='ocrx_word' id='word_1_846' title='bbox 1073 5197 1313 5251; x_wconf 89' lang='lat' dir='ltr'><strong>ostende</strong></span> <span class='ocrx_word' id='word_1_847' title='bbox 1348 5214 1361 5252; x_wconf 91' lang='lat'><strong>:</strong></span> <span class='ocrx_word' id='word_1_848' title='bbox 1399 5213 1499 5268; x_wconf 89' lang='lat' dir='ltr'><strong>per</strong></span> <span class='ocrx_word' id='word_1_849' title='bbox 1520 5213 1655 5253; x_wconf 93' lang='lat' dir='ltr'><strong>eum</strong></span> <span class='ocrx_word' id='word_1_850' title='bbox 1678 5200 1893 5269; x_wconf 89' lang='lat' dir='ltr'><strong>quippe</strong></span> <span class='ocrx_word' id='word_1_851' title='bbox 1915 5199 2098 5257; x_wconf 85' lang='lat' dir='ltr'><strong>videre</strong></span> 
     </span>
    </p>
   </div>
   <div class='ocr_carea' id='block_1_105' title="bbox 2228 5193 3866 5276">
    <p class='ocr_par' dir='ltr' id='par_1_105' title="bbox 2228 5196 3866 5276">
     <span class='ocr_line' id='line_1_106' title="bbox 2228 5196 3866 5276; baseline -0.001 -21"><span class='ocrx_word' id='word_1_852' title='bbox 2228 5198 2355 5271; x_wconf 71' lang='grc' dir='ltr'><strong>Ξόξω</strong></span> <span class='ocrx_word' id='word_1_853' title='bbox 2384 5202 2483 5276; x_wconf 78' lang='grc' dir='ltr'><strong>γὰρ</strong></span> <span class='ocrx_word' id='word_1_854' title='bbox 2516 5197 2582 5253; x_wconf 81' lang='grc' dir='ltr'><strong>δι’</strong></span> <span class='ocrx_word' id='word_1_855' title='bbox 2612 5199 2776 5253; x_wconf 79' lang='grc' dir='ltr'>αὐτοῦ</span> <span class='ocrx_word' id='word_1_856' title='bbox 2804 5199 2895 5252; x_wconf 88' lang='grc' dir='ltr'><strong>καὶ</strong></span> <span class='ocrx_word' id='word_1_857' title='bbox 2924 5198 2991 5253; x_wconf 81' lang='grc' dir='ltr'><strong>τὰ</strong></span> <span class='ocrx_word' id='word_1_858' title='bbox 3034 5196 3128 5253; x_wconf 83' lang='grc' dir='ltr'>δύο</span> <span class='ocrx_word' id='word_1_859' title='bbox 3182 5220 3285 5273; x_wconf 90' lang='grc' dir='ltr'><strong>μου</strong></span> <span class='ocrx_word' id='word_1_860' title='bbox 3313 5201 3380 5253; x_wconf 77' lang='grc' dir='ltr'>τὰ</span> <span class='ocrx_word' id='word_1_861' title='bbox 3409 5198 3628 5254; x_wconf 84' lang='grc' dir='ltr'>ἐνταῦθα</span> <span class='ocrx_word' id='word_1_862' title='bbox 3670 5210 3866 5270; x_wconf 79' lang='grc' dir='ltr'>τεθνη-</span> 
     </span>
    </p>
   </div>
   <div class='ocr_carea' id='block_1_106' title="bbox 455 5283 2093 5364">
    <p class='ocr_par' dir='ltr' id='par_1_106' title="bbox 455 5283 2093 5356">
     <span class='ocr_line' id='line_1_107' title="bbox 455 5283 2093 5356; baseline 0.005 -19"><span class='ocrx_word' id='word_1_863' title='bbox 455 5283 602 5337; x_wconf 88' lang='lat' dir='ltr'><strong>mihi</strong></span> <span class='ocrx_word' id='word_1_864' title='bbox 634 5283 870 5340; x_wconf 89' lang='lat' dir='ltr'><strong>videbor</strong></span> <span class='ocrx_word' id='word_1_865' title='bbox 890 5285 1115 5340; x_wconf 90' lang='lat' dir='ltr'><strong>etduos</strong></span> <span class='ocrx_word' id='word_1_866' title='bbox 1152 5300 1311 5340; x_wconf 91' lang='lat' dir='ltr'><strong>meos</strong></span> <span class='ocrx_word' id='word_1_867' title='bbox 1333 5286 1432 5356; x_wconf 91' lang='lat' dir='ltr'><strong>qui</strong></span> <span class='ocrx_word' id='word_1_868' title='bbox 1464 5285 1557 5341; x_wconf 90' lang='lat' dir='ltr'><strong>hic</strong></span> <span class='ocrx_word' id='word_1_869' title='bbox 1589 5287 1807 5343; x_wconf 90' lang='lat' dir='ltr'><strong>mortui</strong></span> <span class='ocrx_word' id='word_1_870' title='bbox 1837 5293 1978 5343; x_wconf 90' lang='lat' dir='ltr'><strong>sunt</strong></span> <span class='ocrx_word' id='word_1_871' title='bbox 2009 5306 2093 5346; x_wconf 87' lang='lat' dir='ltr'><strong>na-</strong></span> 
     </span>
    </p>
   </div>
   <div class='ocr_carea' id='block_1_107' title="bbox 2226 5283 3864 5364">
    <p class='ocr_par' dir='ltr' id='par_1_107' title="bbox 2226 5284 3864 5364">
     <span class='ocr_line' id='line_1_108' title="bbox 2226 5284 3864 5364; baseline 0 -21"><span class='ocrx_word' id='word_1_872' title='bbox 2226 5289 2346 5343; x_wconf 74' lang='grc' dir='ltr'>ιότα</span> <span class='ocrx_word' id='word_1_873' title='bbox 2380 5289 2540 5343; x_wconf 86' lang='grc' dir='ltr'>τέκνα</span> <span class='ocrx_word' id='word_1_874' title='bbox 2589 5287 2739 5360; x_wconf 82' lang='grc' dir='ltr'>ὁρᾷν.</span> <span class='ocrx_word' id='word_1_875' title='bbox 2795 5286 2895 5340; x_wconf 81' lang='grc' dir='ltr'><strong>Καὶ</strong></span> <span class='ocrx_word' id='word_1_876' title='bbox 2946 5286 2974 5340; x_wconf 89' lang='lat'><strong>6</strong></span> <span class='ocrx_word' id='word_1_877' title='bbox 3020 5286 3267 5364; x_wconf 89' lang='grc' dir='ltr'>Πέτρος.</span> <span class='ocrx_word' id='word_1_878' title='bbox 3320 5284 3479 5341; x_wconf 83' lang='grc' dir='ltr'>Ἀλλ’</span> <span class='ocrx_word' id='word_1_879' title='bbox 3525 5284 3649 5341; x_wconf 76' lang='grc' dir='ltr'>ὅταν</span> <span class='ocrx_word' id='word_1_880' title='bbox 3702 5285 3864 5343; x_wconf 77' lang='grc' dir='ltr'>αὐτὸν</span> 
     </span>
    </p>
   </div>
   <div class='ocr_carea' id='block_1_108' title="bbox 451 5371 2089 5451">
    <p class='ocr_par' dir='ltr' id='par_1_108' title="bbox 451 5371 2089 5447">
     <span class='ocr_line' id='line_1_109' title="bbox 451 5371 2089 5447; baseline 0.006 -24"><span class='ocrx_word' id='word_1_881' title='bbox 451 5371 563 5425; x_wconf 90' lang='lat' dir='ltr'><strong>tos.</strong></span> <span class='ocrx_word' id='word_1_882' title='bbox 596 5372 677 5426; x_wconf 89' lang='lat' dir='ltr'><strong>Ac</strong></span> <span class='ocrx_word' id='word_1_883' title='bbox 704 5374 911 5427; x_wconf 89' lang='lat' dir='ltr'><strong>Petrus</strong></span> <span class='ocrx_word' id='word_1_884' title='bbox 947 5389 960 5428; x_wconf 88' lang='lat'><strong>:</strong></span> <span class='ocrx_word' id='word_1_885' title='bbox 991 5372 1102 5427; x_wconf 89' lang='lat' dir='ltr'><strong>Sed</strong></span> <span class='ocrx_word' id='word_1_886' title='bbox 1135 5387 1269 5427; x_wconf 89' lang='lat' dir='ltr'><strong>cum</strong></span> <span class='ocrx_word' id='word_1_887' title='bbox 1297 5372 1522 5429; x_wconf 89' lang='lat' dir='ltr'><strong>videbis</strong></span> <span class='ocrx_word' id='word_1_888' title='bbox 1566 5390 1721 5447; x_wconf 88' lang='lat' dir='ltr'><strong>eum,</strong></span> <span class='ocrx_word' id='word_1_889' title='bbox 1754 5375 1948 5447; x_wconf 90' lang='lat' dir='ltr'><strong>quieta</strong></span> <span class='ocrx_word' id='word_1_890' title='bbox 1979 5393 2089 5434; x_wconf 88' lang='lat' dir='ltr'><strong>ma-</strong></span> 
     </span>
    </p>
   </div>
   <div class='ocr_carea' id='block_1_109' title="bbox 1998 5371 3636 5451">
    <p class='ocr_par' dir='ltr' id='par_1_109' title="bbox 1998 5372 3636 5451">
     <span class='ocr_line' id='line_1_110' title="bbox 1998 5372 3636 5451; baseline 0.002 -19"><span class='ocrx_word' id='word_1_891' title='bbox 1998 5393 2103 5434; x_wconf 86' lang='lat' dir='ltr'><strong>na-</strong></span> <span class='ocrx_word' id='word_1_892' title='bbox 2214 5374 2354 5450; x_wconf 64' lang='grc' dir='ltr'>ἴδῃς,</span> <span class='ocrx_word' id='word_1_893' title='bbox 2382 5374 2690 5451; x_wconf 81' lang='grc' dir='ltr'>ήσύχασον,</span> <span class='ocrx_word' id='word_1_894' title='bbox 2724 5372 2921 5451; x_wconf 84' lang='grc' dir='ltr'>μέχρις</span> <span class='ocrx_word' id='word_1_895' title='bbox 2945 5373 3003 5429; x_wconf 75' lang='grc' dir='ltr'>ἂν</span> <span class='ocrx_word' id='word_1_896' title='bbox 3035 5381 3138 5445; x_wconf 86' lang='grc' dir='ltr'><strong>τῆς</strong></span> <span class='ocrx_word' id='word_1_897' title='bbox 3167 5377 3337 5449; x_wconf 87' lang='grc' dir='ltr'>νήσου</span> <span class='ocrx_word' id='word_1_898' title='bbox 3368 5372 3636 5449; x_wconf 73' lang='grc' dir='ltr'>έκϐὦμεν.</span> 
     </span>
    </p>
   </div>
   <div class='ocr_carea' id='block_1_110' title="bbox 454 5458 1674 5532">
    <p class='ocr_par' dir='ltr' id='par_1_110' title="bbox 454 5458 1674 5532">
     <span class='ocr_line' id='line_1_111' title="bbox 454 5458 1674 5532; baseline 0.005 -19"><span class='ocrx_word' id='word_1_899' title='bbox 454 5472 547 5528; x_wconf 91' lang='lat' dir='ltr'><strong>ne,</strong></span> <span class='ocrx_word' id='word_1_900' title='bbox 582 5458 765 5514; x_wconf 89' lang='lat' dir='ltr'><strong>donec</strong></span> <span class='ocrx_word' id='word_1_901' title='bbox 795 5474 864 5514; x_wconf 86' lang='lat' dir='ltr'><strong>ex</strong></span> <span class='ocrx_word' id='word_1_902' title='bbox 893 5459 1088 5515; x_wconf 88' lang='lat' dir='ltr'><strong>insula</strong></span> <span class='ocrx_word' id='word_1_903' title='bbox 1117 5461 1335 5532; x_wconf 87' lang='lat' dir='ltr'><strong>egressi</strong></span> <span class='ocrx_word' id='word_1_904' title='bbox 1368 5461 1674 5519; x_wconf 83' lang='lat' dir='ltr'><strong>fuerimus.</strong></span> 
     </span>
    </p>
   </div>
   <div class='ocr_carea' id='block_1_111' title="bbox 1805 5615 2567 5707">
    <p class='ocr_par' dir='ltr' id='par_1_111' title="bbox 1805 5615 2567 5707">
     <span class='ocr_line' id='line_1_112' title="bbox 1805 5615 2567 5707; baseline 0.001 -35"><span class='ocrx_word' id='word_1_905' title='bbox 1805 5617 2047 5674; x_wconf 69' lang='lat' dir='ltr'><strong>VARI/E</strong></span> <span class='ocrx_word' id='word_1_906' title='bbox 2103 5615 2509 5676; x_wconf 87' lang='lat' dir='ltr'><strong>LECTIONES.</strong></span> <span class='ocrx_word' id='word_1_907' title='bbox 2562 5706 2567 5707; x_wconf 11' lang='grc' dir='ltr'>ί</span> 
     </span>
    </p>
   </div>
   <div class='ocr_carea' id='block_1_112' title="bbox 529 5747 2167 5828">
    <p class='ocr_par' dir='ltr' id='par_1_112' title="bbox 529 5747 2167 5827">
     <span class='ocr_line' id='line_1_113' title="bbox 529 5747 2167 5827; baseline 0.005 -22"><span class='ocrx_word' id='word_1_908' title='bbox 529 5751 575 5785; x_wconf 77' lang='grc' dir='ltr'><strong>⁵ο</strong></span> <span class='ocrx_word' id='word_1_909' title='bbox 602 5748 677 5808; x_wconf 90' lang='lat' dir='ltr'><strong>al.</strong></span> <span class='ocrx_word' id='word_1_910' title='bbox 725 5747 838 5807; x_wconf 81' lang='grc' dir='ltr'>τόν.</span> <span class='ocrx_word' id='word_1_911' title='bbox 885 5751 928 5789; x_wconf 79' lang='grc'><strong>⁵¹</strong></span> <span class='ocrx_word' id='word_1_912' title='bbox 981 5751 1055 5810; x_wconf 94' lang='lat' dir='ltr'><strong>al.</strong></span> <span class='ocrx_word' id='word_1_913' title='bbox 1103 5749 1291 5827; x_wconf 88' lang='grc' dir='ltr'>λόγον.</span> <span class='ocrx_word' id='word_1_914' title='bbox 1344 5755 1390 5790; x_wconf 80' lang='grc'>⁸³</span> <span class='ocrx_word' id='word_1_915' title='bbox 1448 5754 1521 5811; x_wconf 84' lang='lat' dir='ltr'><strong>al.</strong></span> <span class='ocrx_word' id='word_1_916' title='bbox 1574 5755 1669 5816; x_wconf 82' lang='grc' dir='ltr'><strong>ὡς.</strong></span> <span class='ocrx_word' id='word_1_917' title='bbox 1718 5756 1763 5791; x_wconf 75' lang='grc'>⁵³</span> <span class='ocrx_word' id='word_1_918' title='bbox 1793 5752 1986 5818; x_wconf 73' lang='grc' dir='ltr'>οὕτως.</span> <span class='ocrx_word' id='word_1_919' title='bbox 2038 5759 2083 5795; x_wconf 74' lang='grc'>⁸⁸</span> <span class='ocrx_word' id='word_1_920' title='bbox 2128 5756 2167 5815; x_wconf 66' lang='grc' dir='ltr'>αἶ</span> 
     </span>
    </p>
   </div>
   <div class='ocr_carea' id='block_1_113' title="bbox 2220 5747 3858 5828">
    <p class='ocr_par' dir='ltr' id='par_1_113' title="bbox 2253 5754 3858 5828">
     <span class='ocr_line' id='line_1_114' title="bbox 2253 5754 3858 5828; baseline 0.004 -17"><span class='ocrx_word' id='word_1_921' title='bbox 2253 5758 2448 5828; x_wconf 72' lang='grc' dir='ltr'>ἑαυτῆς</span> <span class='ocrx_word' id='word_1_922' title='bbox 2496 5762 2554 5815; x_wconf 92' lang='lat' dir='ltr'><strong>et</strong></span> <span class='ocrx_word' id='word_1_923' title='bbox 2600 5754 2787 5826; x_wconf 78' lang='grc' dir='ltr'>αὐτῆς.</span> <span class='ocrx_word' id='word_1_924' title='bbox 2839 5758 2883 5795; x_wconf 81' lang='grc'>⁸⁸</span> <span class='ocrx_word' id='word_1_925' title='bbox 2931 5757 3006 5816; x_wconf 75' lang='lat'><strong>8,1.</strong></span> <span class='ocrx_word' id='word_1_926' title='bbox 3055 5761 3162 5814; x_wconf 85' lang='grc' dir='ltr'><strong>ποῦ</strong></span> <span class='ocrx_word' id='word_1_927' title='bbox 3210 5757 3368 5817; x_wconf 75' lang='grc' dir='ltr'>ἐστίν.</span> <span class='ocrx_word' id='word_1_928' title='bbox 3400 5761 3444 5798; x_wconf 78' lang='grc'>⁸⁸</span> <span class='ocrx_word' id='word_1_929' title='bbox 3474 5761 3640 5819; x_wconf 86' lang='lat' dir='ltr'><strong>deest</strong></span> <span class='ocrx_word' id='word_1_930' title='bbox 3681 5757 3746 5818; x_wconf 87' lang='lat' dir='ltr'><strong>in</strong></span> <span class='ocrx_word' id='word_1_931' title='bbox 3777 5758 3858 5819; x_wconf 81' lang='lat' dir='ltr'><strong>al.</strong></span> 
     </span>
    </p>
   </div>
  </div>
