4148 6342
290 468 417 530 533

1047 466 1579 531 CLEMENTINA.
1615 500 1687 513 —
1721 464 2069 528 EPITOME
2118 468 2217 529 DE
2262 472 2536 536 GESTIS
2582 475 2646 537 S.
2693 470 2951 538 PETRI.

3579 473 3695 535 534

361 602 471 657 XC.
510 594 824 671 Λαϐόμενος
884 599 974 653 οὖν
1032 605 1132 667 τῆς
1191 599 1376 674 χειρὸς
1435 598 1600 666 αὐτῆς
1649 599 1676 651 6
1720 598 1939 672 Πέτρος,

2131 601 2239 657 XC.
2280 605 2505 659 Teneris
2541 623 2674 678 ergo
2709 606 2867 661 illius
2914 624 3153 663 manum
3187 608 3410 674 Petrus,
3445 623 3571 662 eam
3623 607 3693 662 ad

288 690 419 765 ἦγεν
454 687 539 742 ἐπὶ
569 689 631 742 τὸ
660 687 878 744 πλοῖον.
914 688 1055 762 Ἐγὼ
1086 684 1143 741 δὲ
1188 685 1313 741 ἰδὼν
1366 691 1815 763 χειραγωγοῦντα
1844 708 1939 760 γυ-

288 783 467 845 ναῖκα,
531 775 780 851 ἐγέλασα.
842 776 938 831 Καὶ
1004 775 1346 851 προσελθὼν,
1398 775 1475 837 εἷς
1528 777 1695 847 τιμὴν
1754 775 1938 842 αὐτοῦ,

290 867 405 922 ἀντ’
436 866 599 921 αὐτοῦ
658 870 1019 942 χειραγωγεῖν
1076 865 1242 933 αὐτὴν
1297 865 1632 940 ἐπειρώμην.
1683 864 1779 917 Καὶ
1829 864 1941 936 ἅμα

288 960 371 1027 τῷ
401 954 633 1028 ἅψασθαί
670 976 736 1027 με
764 961 864 1023 τῆς
898 954 1082 1029 χειρὸς
1134 954 1324 1023 αὐτῆς,
1359 952 1663 1022 ὀλολύξασα
1711 953 1783 1013 ὡς
1834 954 1940 1025 μη-

287 1065 394 1118 τηρ
454 1043 613 1118 μέγα,
664 1044 755 1097 καὶ
811 1041 1225 1115 περιπλακεῖσα,
1285 1040 1491 1119 σφόδρα
1546 1039 1821 1117 κατεφίλει
1876 1061 1943 1112 με

288 1132 382 1189 τᾶν
418 1133 585 1202 αὐτῆς
614 1132 759 1191 υἱόν.
802 1133 946 1204 Ἐγὼ
978 1129 1035 1185 δὲ
1063 1132 1125 1186 τὸ
1150 1137 1380 1206 πρᾶγμα
1416 1130 1545 1205 ὅπερ
1593 1133 1658 1198 ἦν
1713 1130 1940 1203 ἀγνοῶν,

290 1223 366 1285 ὡς
424 1220 755 1296 μαινομένην
826 1219 1180 1292 ἀπεσειόμην.
1234 1217 1566 1293 Αίδούμενος
1616 1215 1674 1273 δὲ
1716 1218 1804 1272 καὶ
1848 1218 1939 1272 τὸν

293 1314 517 1387 Πέτρον,
550 1310 769 1387 πικρίάς
803 1308 1186 1383 ἐπληρούμην.

360 1420 499 1476 XCI.
531 1419 587 1471 Ὀ
619 1414 675 1472 δὲ
734 1417 955 1492 Πέτρος,
986 1421 1108 1487 Ἔα,
1141 1412 1325 1492 φησὶν,
1358 1413 1404 1467 ὦ
1460 1411 1684 1486 Κλήμη.
1733 1411 1793 1466 Τί
1841 1411 1941 1487 γὰρ

286 1507 379 1562 καὶ
411 1512 611 1579 ποιεῖς,
645 1503 786 1561 οὕτω
814 1507 915 1576 τήν
945 1525 1003 1559 σε
1040 1508 1293 1559 τεκοῦσαν
1346 1502 1771 1574 ἀποσειόμενος;
1804 1501 1942 1577 Ἐγὼ

288 1594 349 1651 δὲ
406 1600 567 1651 τοῦτο
627 1595 877 1665 ἀκούσας,
910 1592 1237 1670 περίδακρυς
1284 1593 1591 1668 γενόμενος,
1640 1591 1729 1646 καὶ
1778 1612 1940 1645 κατα-

286 1686 531 1759 πεσούσῃ
732 1682 962 1757 τεκούσῃ
1034 1684 1373 1758 προσπεσὼν,
1433 1678 1782 1759 κατεφίλουν.
1844 1679 1940 1733 Καὶ

286 1776 395 1850 γὰρ
431 1776 545 1846 ἅμα
570 1778 649 1844 τῷ
681 1772 909 1847 ῥηθῆναί
947 1794 1039 1845 μοι
1076 1775 1261 1838 τοῦτο,
1294 1767 1549 1846 ἀμυδρῶς
1597 1790 1714 1830 πως
1754 1768 1817 1822 τὸ
1866 1768 1938 1822 εἶ-

288 1861 385 1925 δος
421 1860 823 1935 ἀνεκαλούμην.
859 1858 1070 1916 Πολλοὶ
1117 1860 1211 1933 μὲν
1263 1859 1353 1913 οὖν
1407 1852 1574 1933 ὄχλοι
1623 1858 1942 1933 συνέτρεχον

2051 691 2347 761 navigium
2378 694 2564 749 duxit.
2600 696 2779 759 Quem
2813 713 2916 767 ego
2961 697 3164 752 videns
3196 712 3375 752 manu
3409 696 3694 751 deducere

2052 778 2378 847 mulierem,
2406 782 2504 836 risi
2542 801 2554 838 :
2588 788 2644 839 et
2675 785 2973 852 accedens,
2999 785 3057 839 in
3092 786 3370 840 honorem
3403 783 3693 856 illius,pro

2050 867 2173 938 ipso
2208 885 2383 924 manu
2417 872 2626 927 ducere
2655 890 2782 928 eam
2814 873 2985 929 volui.
3024 878 3089 927 Et
3115 873 3289 928 simul
3326 879 3498 944 atque
3528 872 3694 946 tetigi

2052 972 2293 1011 manum
2338 959 2546 1030 ipsius,
2600 978 2810 1031 magno
2869 966 3148 1034 tanquam
3201 968 3389 1017 mater
3441 963 3693 1018 clamore

2052 1045 2225 1115 edito,
2285 1063 2492 1115 meque
2548 1049 2867 1120 complexa,
2923 1050 3294 1105 vehementer
3355 1067 3447 1105 me
3505 1050 3691 1106 filium

2052 1149 2229 1188 suum
2253 1136 2589 1193 deosculata
2617 1139 2846 1209 est.Ego
2878 1140 3377 1211 autem,ignorans
3409 1140 3691 1211 quidnam

2054 1222 2134 1276 rei
2166 1228 2621 1295 esset,tanquam
2653 1226 3043 1282 insanientem
3079 1227 3425 1300 repellebam
3452 1229 3692 1295 ;simul-

2055 1326 2167 1382 que
2218 1314 2498 1369 reveritus
2550 1315 2801 1384 Petrum,
2838 1315 3047 1387 plenus
3077 1332 3233 1371 eram
3279 1316 3689 1373 amaritudine.

2124 1417 2263 1472 XCI.
2292 1422 2436 1473 Tum
2474 1421 2673 1475 Petrus
2707 1438 2718 1474 :
2756 1420 2912 1487 Sine,
2937 1419 3151 1492 inquit,
3181 1438 3212 1475 ο
3245 1420 3691 1485 Clemens.Quid

2055 1505 2207 1560 enim
2258 1509 2402 1579 agis,
2438 1508 2519 1563 ita
2580 1508 2867 1581 repellens
2900 1526 3026 1564 eam
3077 1526 3202 1580 qua:
3232 1512 3287 1564 te
3335 1509 3604 1581 peperit?
3635 1511 3695 1565 Id

2053 1610 2187 1649 cum
2221 1611 2323 1668 ego
2372 1596 2691 1665 audissem,
2725 1598 2976 1653 multum
3028 1598 3377 1671 lacrymans,
3420 1602 3475 1653 et
3521 1597 3696 1653 matri

2054 1700 2181 1754 qua:
2214 1701 2275 1739 se
2305 1685 2591 1756 dejecerat
2622 1686 2910 1751 accidens,
2944 1686 3268 1742 osculabar.
3316 1686 3461 1741 Nam
3495 1687 3694 1742 statim

2054 1789 2118 1827 ac
2147 1772 2202 1827 id
2235 1773 2379 1827 mihi
2412 1774 2631 1828 dictum
2667 1774 3164 1843 fuit,subobscure
3182 1775 3429 1829 formam
3463 1775 3697 1846 genitri-

2052 1862 2137 1916 cis
2185 1862 2526 1917 recolebam.
2571 1863 2783 1934 Magna
2830 1879 2965 1934 ergo
3020 1863 3326 1918 hominum
3379 1862 3693 1920 multitudo

291 1953 581 2026 ἱστορῆσαι
628 1950 691 2005 τδ
733 1952 931 2023 θαῦμα,
960 1950 1049 2003 καὶ
1092 1955 1251 2002 πᾶσιν
1297 1947 1480 2009 αὐτοῖς
1531 1944 1620 2001 διὰ
1675 1946 1941 2019 στόματος

2056 1953 2342 2007 concurrit
2368 1952 2437 2006 ad
2462 1952 2778 2006 videndum
2811 1952 3388 2023 miraculumgiisque
3418 1954 3694 2010 omnibus

285 2041 383 2110 ἦν,
419 2038 567 2100 ὅπως
613 2038 745 2113 ἀνὴρ
796 2037 966 2099 οὕτως
1016 2036 1322 2113 ἀξιόλογος,
1365 2037 1463 2104 την
1524 2040 1805 2112 προσαῖτιν
1852 2058 1941 2110 γυ-

284 2134 471 2198 ναῖκα,
508 2127 715 2203 μητέρα
769 2128 960 2182 ἑαυτοῦ
1011 2126 1384 2203 ἀνεγνώρισεν.
1421 2123 1790 2197 Βουλομένοις
1850 2124 1940 2178 οὖν

286 2222 432 2293 ἡμῖν
490 2216 581 2271 σὺν
623 2218 693 2289 τῇ
738 2217 899 2291 μητρὶ
946 2222 1045 2284 τῆς
1093 2217 1262 2285 νήσου
1319 2209 1603 2283 ἐκϐαίνειν,
1636 2215 1670 2282 ἡ
1735 2215 1940 2288 μήτηρ,

289 2310 359 2362 Ὠ
408 2306 591 2361 τέκνον
647 2326 750 2379 μου
798 2305 1068 2373 ποθεινὸν,
1122 2303 1287 2374 εἶπεν,
1335 2299 1562 2377 εὔλογόν
1604 2302 1713 2356 ἐστι
1762 2303 1945 2355 συντά-

289 2397 482 2468 ξασθαι
538 2394 628 2448 καὶ
682 2394 750 2468 τῇ
803 2391 1170 2467 ὑποδεξαμένῃ
1199 2395 1242 2429 ⁸⁷
1270 2392 1502 2468 γυναικὶ,
1537 2390 1658 2460 ἥτις
1711 2389 1947 2466 πενιχρά

290 2485 450 2553 οὖσα,
474 2484 564 2537 καὶ
596 2481 699 2552 ὅλη
728 2481 1053 2557 παρειμένη,
1086 2480 1174 2536 ἐπὶ
1203 2488 1302 2549 τῆς
1335 2479 1509 2541 οἰκίας
1540 2478 1807 2556 ἔρριπται.
1843 2479 1945 2535 Καὶ

289 2574 320 2627 6
354 2570 560 2647 Πέτρος
612 2570 842 2631 ἀκούσας
891 2569 1179 2643 ἐθαύμασε,
1208 2570 1299 2624 καὶ
1329 2572 1371 2605 ⁵⁸
1418 2571 1611 2631 πάντες
1663 2570 1715 2623 οἱ
1762 2589 1945 2644 περιε-

290 2660 555 2731 στηκότες
594 2663 638 2696 ⁵9
685 2655 849 2735 ὄχλοι
892 2660 955 2713 τὸ
1001 2666 1101 2728 τῆς
1150 2658 1402 2735 γυναικὸς
1455 2657 1705 2735 φρόνημα
1734 2660 1795 2713 ⁵ο.
1849 2656 1945 2711 Καὶ

291 2750 497 2811 εὒθέως
552 2747 798 2804 ἐκέλευσέ
843 2768 951 2802 τισι
1010 2749 1357 2824 πορευθῆναι,
1414 2746 1504 2800 καὶ
1554 2748 1652 2815 τὴν
1719 2751 1948 2820 γυναῖκα

294 2838 387 2894 ἐπὶ
447 2837 643 2908 κλίνης
693 2836 936 2911 κομίσαι,
970 2839 1036 2906 ἧς
1096 2835 1411 2912 ἐναχθείσης
1456 2838 1526 2904 ⁶¹,
1574 2836 1791 2904 τεθῆναι
1853 2836 1945 2907 μὲν

293 2927 573 2983 ἐπιτάττει
629 2928 728 2995 τὴν
786 2925 1005 2995 κλίνην·
1054 2924 1214 2986 αὐτὸς
1270 2922 1327 2978 δὲ
1384 2922 1487 2978 ὑπὸ
1556 2928 1677 2985 ταῖς
1732 2924 1945 2978 πάντων

291 3018 507 3089 ἀκοαῖς,
550 3014 614 3070 Ei
668 3014 926 3085 ἀληθείας
972 3016 1139 3086 κῆρυξ
1189 3013 1317 3087 ἐγὼ,
1368 3009 1494 3091 ἔφη,
1548 3012 1822 3087 ἐγερθήτω
1874 3012 1950 3083 ἐξ-

293 3109 466 3175 αυτῆς
523 3105 704 3179 ὑγιὴς,
737 3104 814 3165 εἷς
871 3104 970 3173 τήν
1022 3107 1131 3157 τῶν
1188 3102 1547 3175 παρεστώτων
1604 3101 1803 3173 πίστιν,
1857 3100 1949 3155 ’ίνα

292 3199 497 3272 γνῶσιν
551 3192 632 3248 ὅτι
685 3194 759 3255 εἷς
810 3189 920 3247 ἔστι
971 3193 1099 3253 Θεὸς
1148 3191 1175 3245 6
1217 3191 1308 3245 τὸν
1351 3191 1554 3264 κόσμον
1606 3193 1861 3261 ποιήσας.
1893 3197 1948 3245 Ὁ

296 3284 399 3357 μὶν
451 3283 543 3337 οὗν
600 3286 767 3337 ταῦτα
820 3282 951 3336 εἶπε·
986 3280 1075 3335 καὶ
1108 3282 1142 3349 ἠ
1170 3281 1303 3356 γυνή
1339 3279 1492 3343 εὐθὺς
1523 3282 1567 3316 ⁶²
1598 3280 1785 3356 ὁγιτής
1818 3281 1947 3334 ἀνα-

290 3376 463 3425 στᾶσα
503 3375 607 3438 τῆς
650 3366 864 3439 κλίνης,
913 3372 992 3440 τῷ
1036 3367 1226 3444 Πέτρῳ
1295 3367 1638 3442 προσέπεσεν·
1691 3368 1804 3422 εἶτα

286 3460 396 3528 τήν
454 3459 659 3528 συνήθη
714 3459 803 3512 καὶ
856 3456 1024 3533 φίλην
1083 3456 1514 3535 καταφιλήσασα,
1549 3455 1864 3512 ἐπυνθάνετο
1894 3456 1948 3513 τί

288 3570 377 3620 ειη
412 3551 597 3603 τοῦτο.
633 3549 694 3601 'II
725 3544 782 3601 δὲ
812 3545 944 3601 ὅλον
977 3545 1113 3620 αὐτῇ
1139 3546 1202 3600 τὸ
1259 3552 1489 3622 πρᾶγμα
1544 3550 1641 3600 τοῦ
1700 3546 1943 3621 ἀναγνω-

286 3640 497 3714 ρισμοῦ
529 3632 850 3711 διηγήσατο,
886 3634 979 3689 καὶ
1025 3635 1076 3690 οἱ
1135 3634 1458 3696 ἀκούσαντες
1513 3633 1941 3711 κατεπλάγησαν.

284 3725 435 3784 Τότε
481 3726 517 3794 ἠ
573 3726 759 3799 μήτηρ
816 3725 916 3793 τὴν
973 3721 1255 3797 ξενοδόχον
1315 3723 1549 3777 ἱαθεῖσαν
1624 3721 1944 3798 παραδόξως

287 3812 507 3886 ἰδοῦσα,
564 3811 862 3889 παρεκάλει
916 3812 1006 3866 καὶ
1068 3810 1201 3880 αὕτη
1273 3811 1554 3887 θεραπείας
1623 3818 1832 3887 τυχεῖν.
1890 3819 1943 3868 '0

288 3903 499 3979 Πέτρος
552 3899 611 3957 δὲ
664 3903 764 3971 τήν
825 3905 987 3977 χεῖρα
1039 3900 1259 3973 ἐπιθεὶς,
1293 3899 1381 3954 καὶ
1440 3898 1606 3970 αὐτὴν
1659 3899 1942 3976 ἐθεράπευ-

286 4014 406 4051 σεν.

364 4100 529 4156 XCII.
562 4097 673 4152 Εἴθ’
716 4096 888 4158 οὕτως
936 4096 1059 4172 περὶ
1127 4089 1396 4156 εὐσεϐείας
1464 4092 1794 4169 διαλεχθείς,
1854 4095 1941 4151 ὲπί

281 4187 372 4261 τῷ
395 4185 544 4243 τέλει
577 4184 633 4241 δὲ
661 4187 751 4241 καὶ
807 4184 1079 4260 προσθείς
1110 4190 1195 4239 Ὠς
1228 4181 1280 4238 εἷ’
1325 4204 1406 4245 τις
1467 4182 1720 4259 βούλεται
1776 4189 1941 4240 ταῦτα

289 4278 487 4351 μαθεῖν
536 4270 799 4350 ἀκριϐῶς,
849 4275 925 4336 είς
976 4273 1315 4347 Ἀντιόχειαν
1394 4272 1743 4351 ἀφικόμενος,
1804 4274 1940 4329 ὅπου

282 4365 519 4427 πλείους
552 4363 761 4439 ἡμέρας
805 4362 983 4438 ἔκρινα
1029 4362 1356 4434 παραμένειν
1387 4363 1451 4431 ⁸³,
1485 4360 1595 4415 ἐκεῖ
1641 4366 1805 4416 ταῦτα
1851 4363 1940 4417 καὶ

286 4453 626 4529 μανθανέτω.
680 4450 747 4505 Εἴ
809 4452 912 4526 γάρ
990 4449 1254 4525 ἐμπορίας
1323 4446 1495 4504 ἕνεκεν
1553 4450 1589 4519 ἢ
1641 4451 1939 4525 στρατείας,

283 4541 470 4604 οἰκίας
500 4543 546 4577 ⁸⁸
574 4539 997 4612 καταλιμπάνειν
1033 4536 1234 4607 ονδατε,
1267 4537 1355 4592 καὶ
1391 4537 1467 4600 εἷς
1512 4538 1750 4613 μακροὺς
1784 4541 1937 4595 ἀπεῖ-

280 4652 376 4686 ναι
435 4628 635 4690 πόνους
665 4631 733 4695 ⁶⁶,
780 4626 999 4689 αίωνίας
1059 4625 1115 4681 δὲ
1171 4627 1332 4702 χάριν
1377 4629 1542 4698 ζωῆς,
1593 4624 1716 4681 οὐδέ
1772 4634 1936 4704 τριῶν

1858 3329 1946 3423 ξξιὶ
1980 3329 2023 3397 C

2051 2041 2108 2095 in
2143 2058 2240 2096 ore
2267 2045 2530 2111 erat,quo
2565 2041 2734 2094 modo
2766 2042 2908 2095 adeo
2941 2040 3340 2095 memorabilis
3372 2041 3458 2095 vir
3491 2041 3695 2098 mulie-

2053 2146 2174 2184 rem
2209 2129 2534 2184 mendicam
2567 2146 2737 2184 suam
2772 2134 3012 2184 matrem
3050 2129 3497 2201 recognovisset.
3525 2130 3698 2185 Porro

2052 2219 2418 2288 cupientibus
2452 2219 2619 2273 nobis
2648 2234 2716 2273 ex
2746 2217 2939 2273 insula
2969 2234 3102 2273 cum
3137 2223 3321 2273 matre
3351 2218 3527 2289 exire,
3560 2217 3702 2273 dixit

2055 2314 2283 2363 mater:
2321 2308 2423 2363 Fili
2476 2308 2551 2362 mi
2604 2307 2989 2380 Optatissime,
3035 2323 3266 2377 acquum
3315 2311 3425 2373 est,
3459 2311 3524 2361 ut
3544 2304 3703 2361 vale-

2055 2396 2247 2451 dicam
2282 2395 2510 2450 mulieri
2544 2413 2665 2467 quis
2702 2412 2793 2450 me
2826 2394 3365 2466 suscepit,quaeque
3398 2410 3617 2466 pauper
3647 2398 3705 2451 et

2055 2490 2178 2540 tota
2229 2485 2562 2557 paralytica,
2595 2484 2749 2539 domi
2782 2485 2954 2555 jacet.
2991 2484 3153 2549 Quod
3198 2483 3445 2553 audiens
3476 2483 3701 2553 Petrus,

2057 2591 2189 2629 cum
2211 2574 2430 2645 ingenti
2461 2590 2591 2645 qua:
2620 2575 2820 2629 aderat
2852 2572 3584 2643 multitudine,admiratus
3617 2575 3706 2627 est

2057 2661 2321 2717 mulieris
2340 2663 2731 2734 prudentiam;
2749 2662 2946 2717 statim
2963 2677 3075 2732 que
3095 2660 3395 2717 nonnullis
3410 2659 3701 2732 praecepit,

2058 2754 2122 2805 ut
2151 2751 2320 2818 irent,
2350 2755 2408 2806 et
2437 2751 2742 2805 mulierem
2775 2750 2832 2805 in
2886 2750 3096 2804 lectulo
3134 2754 3446 2819 portarent.
3481 2748 3604 2813 Qua
3632 2747 3703 2802 il-

2056 2839 2193 2906 lata,
2240 2839 2419 2910 jussit
2447 2840 2683 2911 quidem
2725 2838 2857 2911 poni
2912 2839 3165 2907 lectum;
3200 2839 3325 2909 ipse
3377 2854 3508 2893 vero
3559 2855 3701 2893 cun-

2058 2929 2164 2985 ctis
2198 2929 2574 2984 audientibus
2608 2947 2622 2985 :
2654 2930 2733 2996 Si,
2766 2928 2976 3000 inquit,
3018 2928 3279 2983 veritatis
3310 2944 3442 2982 sum
3491 2944 3699 2998 praeco,

2058 3023 2261 3090 surgat
2292 3018 2571 3073 continuo
2604 3034 2766 3087 sana,
2802 3018 2873 3071 ad
2908 3017 3081 3071 fidem
3114 3033 3317 3072 eorum
3347 3018 3447 3088 qui
3482 3020 3698 3085 astant,

2057 3112 2121 3162 ut
2153 3112 2504 3179 cognoscant
2552 3124 2732 3162 unum
2764 3123 2893 3162 esse
2924 3111 3104 3161 Deum
3150 3106 3417 3176 opificem
3471 3104 3697 3160 mundi.

2057 3200 2247 3268 Atque
2279 3197 2397 3251 haec
2427 3197 2663 3267 quidem
2695 3195 2794 3249 ille
2842 3194 3008 3262 dixit,
3037 3194 3458 3265 confestimque
3491 3192 3701 3247 mulier

2060 3301 2127 3340 ex
2156 3285 2301 3340 lecto
2336 3285 2584 3340 surrexit
2616 3301 2777 3353 sana,
2810 3287 2865 3338 et
2897 3284 3145 3355 procidit
3192 3283 3263 3337 ad
3297 3283 3470 3354 pedes
3525 3282 3695 3352 Petri,

2060 3391 2125 3430 ac
2158 3378 2355 3446 postea
2387 3373 2734 3428 familiarem
2768 3379 2824 3428 et
2854 3371 3103 3427 amicam
3136 3369 3699 3439 deosculata,scisci-

2058 3463 2294 3519 tabatur
2315 3462 2594 3532 quidnam
2625 3461 2734 3516 hoc
2765 3459 3054 3516 esset.Illa
3071 3476 3202 3515 vero
3234 3465 3422 3514 totum
3455 3460 3504 3515 ei
3533 3476 3701 3531 uego-

2057 3552 2204 3607 tium
2239 3550 2650 3622 recognitionis
2686 3549 3001 3620 exposuit;
3036 3554 3092 3604 et
3122 3549 3311 3604 cuncti
3345 3549 3447 3619 qui
3493 3549 3699 3605 audie-

2054 3646 2193 3697 runt
2222 3638 2610 3711 obstupefacti
2644 3644 2801 3694 sunt.
2834 3640 2995 3693 Tunc
3026 3642 3230 3707 mater,
3266 3637 3553 3710 hospitem
3587 3638 3696 3693 mi-

2054 3730 2314 3785 rabiliter
2344 3734 2611 3784 sanatam
2645 3726 3291 3799 cernens,rogavit,ipsa
3320 3744 3550 3799 quoque
3581 3744 3697 3782 me-

2053 3819 2243 3875 delam
2274 3819 2793 3891 acciperet.Petrus
2824 3819 3041 3886 autem,
3066 3832 3245 3871 manu
3276 3815 3569 3889 imposita,
3600 3815 3693 3888 ip-

2051 3924 2178 3965 sam
2209 3909 2383 3965 etiam
2411 3907 2656 3964 curavit.

2122 4104 2289 4160 XCII.
2341 4104 2411 4158 Et
2458 4106 2660 4174 postea
2708 4103 2778 4157 de
2818 4102 3030 4173 pietate
3076 4100 3372 4167 disseruit,
3423 4104 3600 4173 atque
3631 4104 3690 4156 in

2050 4194 2165 4249 ﬁne
2195 4192 2419 4249 addidit
2453 4209 2465 4247 :
2502 4192 2561 4248 Si
2594 4192 2726 4263 quis
2755 4191 2877 4246 haec
2906 4190 3030 4245 vult
3059 4190 3365 4262 diligenter
3391 4206 3695 4263 cognosce-

2051 4300 2132 4350 re,
2162 4281 2529 4337 Antiochiam
2561 4280 2771 4349 veniat,
2806 4279 2905 4334 ubi
2936 4278 3266 4351 complures
3296 4280 3421 4335 dies
3459 4296 3694 4335 manere

2051 4369 2251 4437 statui,
2284 4374 2341 4424 et
2371 4369 2447 4423 ibi
2474 4369 2661 4424 discat
2688 4384 2778 4422 ea.
2800 4368 2859 4423 Si
2890 4368 3045 4423 enim
3078 4367 3491 4438 negotiationis
3517 4384 3695 4423 causa

2050 4458 2137 4514 vel
2169 4457 2411 4525 militiae,
2447 4455 2775 4528 relinquere
2805 4458 3011 4511 domos
3043 4455 3264 4524 soletis,
3298 4460 3354 4511 et
3383 4456 3453 4511 ad
3486 4455 3693 4527 longos

2049 4546 2278 4603 labores
2310 4545 2618 4617 proﬁcisci,
2652 4562 2723 4599 an
2758 4563 2871 4601 non
2922 4548 3147 4599 internae
3190 4545 3316 4599 vitae
3360 4544 3569 4616 gratia,
3602 4544 3687 4599 vel

2050 4635 2229 4689 trium
2265 4634 2490 4689 dierum
2515 4633 2621 4688 iter
2636 4634 2872 4705 aggredi
2905 4633 2962 4687 in
2987 4633 3251 4688 animum
3279 4630 3689 4687 inducetis?lta

282 4722 515 4796 ἡμερῶν
550 4715 674 4773 ὁδὸν
710 4712 954 4791 οἷ’χεσθαι
984 4694 1400 4791 προθυμήσεσθε
1428 4694 1505 4785 ⁸⁸,
1529 4694 1723 4779 Ὀὕτως
1746 4694 1932 4792 εἰπὼν,

2056 4724 2296 4791 locutus,
2346 4722 2598 4779 sermoni
2646 4722 2821 4777 ﬁnem
2873 4721 3174 4793 imposuit.
3228 4720 3440 4776 Deinde
3490 4725 3685 4776 autem

280 4813 399 4864 τῶν
432 4806 616 4883 λόγων
644 4805 960 4862 κατέπαυσε.
994 4806 1139 4860 Μετὰ
1169 4802 1227 4859 δὲ
1274 4808 1442 4859 ταῦτα
1489 4805 1598 4879 ἐγὼ
1657 4809 1723 4879 τῇ
1785 4807 1937 4882 ὑγια-

283 4896 475 4970 σθείσῃ
504 4893 719 4972 γυναικί
750 4893 837 4949 ἐπὶ
863 4894 1061 4956 παντὸς
1092 4897 1189 4948 τοῦ
1234 4888 1411 4968 ὄχλου
1454 4892 1644 4969 χιλίας
1685 4892 1935 4971 δραχμὰς

287 4987 372 5048 εἷς
424 4983 630 5063 τροφὰς
680 4981 1088 5061 δωρησάμενος,
1134 4982 1248 5037 εἶτα
1294 4983 1384 5037 καὶ
1432 4982 1801 5059 παραθέμενος
1851 4985 1941 5041 αὐ-

285 5074 390 5143 τὴν
414 5074 600 5149 ἀγαθῷ
629 5073 731 5127 τινὶ
764 5069 917 5148 ἀνδρί
956 5072 1157 5147 πρώτῳ
1198 5077 1297 5140 τῆς
1344 5070 1561 5133 πόλεως
1620 5066 1754 5144 ὄντι,
1788 5074 1939 5149 φύσει

290 5164 431 5237 μετά
462 5167 638 5239 χαρᾶς
666 5166 829 5217 τοῦτο
869 5164 911 5197 ⁸⁷
942 5162 1195 5237 πράττειν
1223 5159 1613 5236 προῃρημένῳο
1648 5158 1723 5217 ἔτι
1766 5160 1822 5218 δὲ
1849 5165 1938 5218 καὶ

286 5250 493 5313 ἄλλαις
552 5250 786 5313 πολλαῖς
845 5249 1072 5327 ἀργύρια
1129 5245 1405 5321 διανείμας
1468 5253 1586 5311 ταῖς
1667 5272 1798 5305 ποτε
1843 5254 1941 5321 τήν

292 5341 507 5416 μητέρα
540 5339 1119 5417 παραμυθησαμέναις·
1157 5335 1549 5413 εὐχαριστήσας
1605 5343 1683 5410 τῷ
1738 5340 1939 5417 Κυρίῳ,

2046 4830 2172 4886 ego,
2225 4816 2534 4884 postquam
2568 4810 2794 4866 mulieri
2844 4827 2973 4881 quas
3004 4815 3207 4865 curata
3250 4810 3458 4874 fuerat,
3489 4825 3684 4865 coram

2048 4902 2208 4958 omni
2240 4899 2633 4971 populo,mille
2663 4898 2974 4955 drachmas
3003 4899 3073 4954 ad
3106 4898 3319 4953 victum
3351 4896 3686 4964 dedi;insu-

2052 5007 2267 5062 perque
2318 4990 2468 5045 bono
2500 4989 2731 5045 cuidam
2782 4988 2925 5056 viro,
2955 4987 3204 5043 civitatis
3254 4986 3551 5058 primario,
3584 4985 3688 5058 qui

2050 5083 2256 5151 sponte
2305 5077 2363 5132 id
2396 5094 2527 5132 cum
2559 5076 2770 5149 gaudio
2802 5076 2989 5132 facere
3034 5075 3356 5147 proposuit,
3389 5090 3691 5130 commen-

2052 5166 2180 5222 davi
2210 5182 2341 5222 eam
2374 5183 2386 5221 :
2422 5169 2479 5221 et
2508 5169 2781 5237 praeterea
2809 5164 2940 5220 aliis
2971 5163 3146 5219 etiam
3180 5163 3535 5234 multis,quaa
3567 5180 3691 5220 ma-

2050 5255 2125 5309 tri
2156 5255 2451 5326 quondam
2486 5253 2759 5308 solatium
2802 5252 3189 5324 praebuerant,
3223 5251 3529 5323 pecuniam
3569 5252 3695 5309 dis-

2051 5344 2230 5399 tribui
2266 5360 2278 5398 :
2315 5341 2518 5415 gratiis
2557 5341 2673 5398 Deo
2704 5342 2867 5410 actis,
2899 5341 3287 5409 Antaradum,
3322 5356 3456 5397 cum
3487 5346 3692 5408 matre,

1642 5518 1883 5575 VARI/E
1922 5521 2335 5579 LECTIONES.

364 5642 873 5720 "_al.in_ser._p.s_:
916 5642 971 5720 ‘°_
1025 5641 1099 5697 al.
1168 5637 1314 5720 ἀλλὰ
1379 5637 1487 5720 καί,
1556 5642 1601 5720 °_°
1666 5643 1739 5698 al.
1808 5664 2180 5720 περιεστωτες.
2243 5647 2290 5720 ξθ
2358 5645 2431 5701 al.
2495 5644 2699 5720 317196»)
2771 5641 3046 5720 φρόνημα.
3113 5644 3155 5679 ⁶¹
3224 5642 3297 5720 al.
3366 5641 3695 5720 ἐνεχθείσης.

289 5716 340 5752 ⁸³
390 5715 570 5790 deest
595 5714 655 5790 in
705 5712 798 5790 81.7.
829 5714 875 5748 ⁸³
921 5713 997 5769 al.
1048 5712 1353 5785 περιμένειν
1383 5754 1395 5767 .
1445 5714 1490 5749 ⁸⁸
1538 5712 1612 5768 al.
1664 5712 1945 5790 πατρίδας.
1987 5718 2032 5754 ⁸⁵
2071 5718 2144 5775 al.
2192 5715 2417 5779 τόπους.
2486 5712 2643 5772 ⁸⁸’81.
2694 5712 3186 5790 προθυμηθήσεσθε
3229 5719 3285 5771 et
3329 5712 3696 5789 προθυμηθή-

292 5786 495 5844 σισθαι.
525 5785 570 5823 ⁵⁷
601 5785 674 5844 al.
706 5780 907 5857 τούτῳ.
