4148 6342
466 420 586 483 535

1294 416 1358 478 S.
1407 418 1849 481 CLEMENTIS
1892 419 1918 479 I
1963 417 2155 479 BOM.
2200 418 2427 479 PONT.
2474 418 2737 479 OPERA
2780 418 3045 481 DUBIA.

3768 419 3887 479 536

465 554 657 618 Petro,
682 550 1021 621 caaterisque
1050 547 1351 605 sodalibus
1382 549 1667 623 enavigati
1693 568 1707 619 ;
1731 554 1905 623 atque
1929 550 2009 606 ita
2040 549 2109 604 ad

2234 546 2515 601 θιέπΛευσα
2564 548 2640 609 είς
2693 545 3015 623 Ἀντάραδον
3065 548 3177 621 ἅμα
3204 550 3275 619 τῇ
3327 547 3495 623 μητρὶ
3548 547 3640 603 καὶ
3694 549 3889 625 Πέτρῳ

469 641 797 713 hospitium
826 638 1244 711 processimus.

541 818 728 876 XCIII.
759 817 801 853 ⁸⁸
832 816 976 871 Cum
1008 818 1203 871 autem
1238 832 1353 871 una
1382 830 1648 871 essemus
1678 819 1733 871 et
1762 815 2113 887 sumpsisse-

475 926 609 965 mus
656 907 872 976 cibum,
906 907 1263 975 restaretque
1306 904 1497 959 adhuc
1541 904 1759 975 aliquid
1810 904 2113 975 temporis,

475 1013 579 1069 ego
611 995 728 1051 dixi
757 992 1350 1049 Petrozﬂumanitatis
1380 993 1787 1062 opus,domine
1819 992 1897 1046 mi
1931 993 2112 1059 Petre,

473 1085 729 1141 exercuit
759 1087 945 1137 mater
974 1096 1123 1147 mea,
1157 1097 1282 1151 quae
1330 1080 1578 1152 hospitae
1611 1080 1875 1136 mulieris
1926 1098 2112 1136 recor-

474 1175 613 1230 data
661 1171 852 1227 fuerit.
888 1169 1210 1241 Respondit
1260 1169 1463 1225 Petrus
1498 1187 1511 1225 :
1548 1170 1726 1237 Itane,
1761 1186 1792 1225 o
1824 1169 2109 1236 Clemens,

472 1278 603 1319 vere
622 1257 1341 1328 existimas,humanitatis
1370 1273 1518 1330 cpus
1550 1258 1766 1313 factum
1790 1258 2116 1330 agenitrice

467 1357 591 1418 tua,
625 1350 857 1421 quando
903 1348 955 1402 ei
988 1363 1113 1418 quas
1143 1346 1333 1417 ipsam
1372 1363 1440 1402 ex
1494 1347 1798 1419 naufragio
1826 1351 2118 1420 receperat

475 1440 696 1514 gratias
742 1436 940 1492 retulit
983 1461 998 1503 ;
1048 1451 1121 1489 an
1174 1438 1237 1489 ut
1294 1435 1465 1491 matri
1516 1435 1958 1506 gratiﬁcareris,
2006 1436 2117 1492 hoc

476 1527 723 1584 dixisti?
752 1526 808 1580 Si
855 1524 1010 1580 enim
1041 1540 1156 1578 non
1206 1527 1268 1578 ut
1298 1540 1419 1579 rem
1464 1527 1690 1595 gratam
1741 1525 1985 1590 faceres,
2016 1526 2115 1580 sed

475 1621 543 1671 ut
569 1611 1201 1683 veritatemloquereris
1224 1612 1431 1667 effatus
1460 1612 1763 1679 es,videris
1788 1612 1932 1667 mihi
1956 1613 2117 1684 igno-

477 1721 605 1760 rare
636 1718 900 1774 quaenam
948 1700 1027 1755 sit
1058 1700 1399 1767 magnitudo
1436 1700 1839 1771 humanitatis,
1874 1718 2001 1773 quas
2032 1707 2121 1758 est

479 1809 644 1849 amor
671 1791 728 1846 in
763 1789 1099 1862 quemlibet,
1131 1793 1423 1860 quatenus
1452 1788 1768 1859 hominem,
1801 1794 1858 1845 et
1897 1791 2121 1861 absque

483 1882 603 1937 ullo
635 1879 885 1935 naturali
916 1879 1144 1933 affectu.
1179 1878 1287 1933 Sed
1320 1895 1424 1983 nec
1454 1878 1668 1949 hospes
1698 1896 1823 1951 quze
1874 1884 2118 1935 matrem
2152 1918 2199 1983 Β

480 1976 644 2027 tuam
679 1987 747 2026 ex
777 1968 1079 2040 naufragio
1110 1967 1662 2039 suscepit,humana
1691 1985 1725 2023 a
1753 1984 1845 2023 me
1876 1969 2119 2023 dicetur.

486 2058 883 2117 Misericordia
910 2057 1063 2112 enim
1096 2072 1450 2127 compressa,
1475 2056 1729 2127 impulsa
1758 2062 1846 2113 est
1876 2058 1947 2113 ad
1979 2057 2124 2113 bene

482 2149 815 2207 faciendum
840 2144 1071 2201 mulieri
1091 2144 1396 2215 naufragiu
1409 2160 1460 2198 m
1477 2151 1858 2215 passae,natos
1878 2145 2120 2217 lugenti,

484 2236 822 2312 peregrinae,
848 2232 1734 2305 nudze,destitute,multumque
1763 2234 2124 2291 calamitates

487 2343 626 2385 suas
655 2323 1023 2381 lamentanti.
1061 2324 1119 2376 in
1150 2322 1329 2376 tantis
1358 2337 1495 2393 ergo
1527 2323 1978 2379 adversitatibus
2005 2340 2126 2379 ver-

485 2419 736 2482 santem,
770 2414 903 2484 quis
930 2410 1152 2477 videns,
1189 2427 1324 2476 non,
1354 2410 1530 2465 etiam
1560 2427 1627 2464 ex
1658 2410 2125 2482 impiis,misera-

484 2509 581 2561 tus
612 2501 863 2558 fuisset?
892 2501 1078 2565 Quare
1119 2514 1488 2569 nequaquam
1522 2498 1906 2556 humanitatis
1955 2518 2123 2573 opus,

495 2608 602 2648 nec
633 2589 844 2647 mulier
891 2588 1122 2659 hospita
1150 2604 1287 2659 erga
1334 2603 1462 2641 eam
1512 2588 1808 2660 peregisse
1858 2589 2123 2658 videtur;

492 2682 594 2738 sed
625 2681 693 2736 ad
724 2677 1069 2735 beneﬁcium
1102 2681 1258 2731 mota
1288 2675 1467 2731 fuisse
1491 2675 1888 2731 misericordia
1917 2694 1984 2732 ex
2004 2677 2127 2749 plu-

491 2769 657 2825 rimis
705 2766 963 2824 anversis
994 2770 1135 2821 orta.
1170 2764 1395 2819 Etenim
1442 2779 1651 2834 parens
1682 2769 1802 2831 tua,
1837 2765 2125 2822 facultati-

488 2858 600 2913 bus
646 2856 973 2921 ahundans,
1002 2858 1057 2908 et
1102 2852 1394 2923 hospitam
1428 2856 1819 2921 remunerata,
1852 2870 1967 2908 non
2016 2854 2125 2909 hu-

487 2945 808 3014 manitatis,
838 2958 1039 2999 verum
1073 2941 1288 2996 amoris
1322 2956 1469 3011 opus
1501 2940 1900 2997 effecit.Multa
1929 2948 2123 2999 autem

484 3033 789 3090 intercedit
819 3031 1408 3087 diﬁ‘erentiaamorem
1428 3028 1578 3083 inter
1596 3034 1651 3084 et
1668 3030 2122 3089 humanitatem:

482 3124 620 3196 quia
650 3138 814 3179 amor
843 3120 1078 3193 quidem
1109 3137 1177 3174 ex
1206 3117 1673 3173 remuneratione
1700 3124 1790 3174 est
1819 3138 1831 3187 ;
1859 3120 2125 3176 humani-

480 3218 571 3269 tas
603 3211 973 3281 veroabsque
1002 3208 1122 3265 ulla
1154 3206 1403 3263 naturali
1424 3208 2120 3279 propensionchominem

480 3318 734 3367 omnem,
768 3304 1057 3372 quatenus
1106 3297 1280 3352 homo
1326 3301 1432 3364 est,
1466 3295 1672 3368 diligit,
1708 3315 1772 3353 ac
1824 3299 2120 3355 beneﬁciis
2154 3282 2195 3349 C

481 3390 679 3446 afﬁcit.
713 3389 911 3459 Itaque
944 3388 991 3443 si
1024 3405 1092 3444 ea
1118 3386 1331 3458 hospes
1362 3402 1488 3457 quae
1530 3386 1770 3442 miserta
1802 3394 1909 3455 est,
1943 3389 2120 3444 etiam

481 3479 680 3536 hostes
713 3477 864 3533 male
894 3478 963 3533 de
993 3493 1061 3532 ea
1091 3476 1329 3531 meritos
1362 3474 1658 3540 miserata,
1694 3476 1971 3531 beneﬁcio
2003 3478 2122 3531 afﬁ-

482 3572 655 3633 ceret,
688 3567 1135 3632 bumanaesset;
1159 3565 1250 3620 sin
1282 3580 1349 3618 ve
1380 3568 1614 3635 propter
1643 3564 1782 3635 quid
1816 3565 2003 3620 amica
2035 3570 2124 3622 est

482 3654 569 3711 vel
601 3655 837 3710 inimica
863 3654 1017 3722 ;hasc
1048 3651 1513 3722 amica,alicujus
1545 3652 1627 3706 rei
1660 3669 1787 3724 qua;
1818 3670 1995 3709 causa
2025 3654 2120 3723 sit,

482 3744 669 3801 amica
699 3748 787 3800 est
815 3742 901 3798 vel
932 3742 1190 3809 inimica,
1224 3758 1339 3796 non
1370 3746 1565 3796 autem
1595 3740 1872 3797 hominis.

550 3833 741 3891 XCIV.
773 3834 843 3888 Et
884 3848 988 3903 ego
1020 3829 1295 3903 respondi
1330 3847 1342 3885 :
1378 3829 1503 3884 Non
1554 3846 1691 3902 ergo
1740 3831 1844 3885 tibi
1897 3830 2126 3887 videtur

477 3939 605 3979 esse
636 3922 914 3987 humana,
961 3918 1169 3975 saltem
1219 3919 1453 3989 hospes,
1489 3934 1613 3988 quae
1644 3919 1702 3973 in
1754 3920 2122 3990 peregrinam

478 4029 655 4085 quam
688 4027 800 4066 non
836 4012 1089 4079 noverat,
1122 4006 1471 4063 beneﬁcium
1503 4006 1800 4062 contulit?
1829 4008 1979 4063 Tum
2022 4009 2121 4064 Pe-

475 4105 603 4155 trus
639 4116 651 4153 :
687 4100 827 4154 Eam
877 4096 1113 4168 quidem
1156 4095 1593 4150 misericordem
1647 4095 1939 4167 appellare
1971 4096 2124 4166 novi,

478 4187 799 4244 humanam
831 4190 1024 4241 autem
1058 4201 1170 4240 non
1204 4184 1386 4239 audeo
1418 4183 2124 4256 dicere,quandoquidem

482 4292 588 4333 nec
628 4279 873 4330 matrem
925 4279 1218 4329 amantem
1270 4271 1585 4327 liberorum
1622 4289 1633 4326 :
1672 4274 1887 4345 quippe
1937 4290 2063 4345 qua:
2097 4291 2129 4328 a

484 4368 688 4436 partus
732 4362 1031 4418 doloribus
1058 4366 1114 4417 et
1166 4362 1238 4416 ab
1266 4360 1607 4416 educatione
1639 4362 1711 4416 ad
1764 4362 2125 4433 diligendum

485 4452 791 4524 compulsa
819 4450 1427 4515 sit.Quemadmodum
1460 4450 1613 4505 enim
1647 4451 2130 4521 quicupidinein-

488 4543 847 4607 ﬂammatur,
879 4557 912 4595 a
942 4539 1364 4595 consuetudine
1394 4538 1717 4606 mulcetur;
1752 4543 1809 4594 et
1836 4539 1936 4611 qui
1968 4556 2128 4595 amo-

2219 636 2456 698 καὶτοῖς
2488 634 2705 699 λοιποῖς
2746 636 3003 711 ἑταίροις⁹
3036 636 3125 691 καὶ
3171 635 3353 699 οὕτως
3404 636 3481 699 εἷς
3532 636 3710 707 ξενίαν
3770 637 3887 713 ὠρ-

2225 745 2300 797 μη
2310 745 2473 797 σαμεν
2486 768 2497 781 .

2293 813 2480 870 XCIII.
2515 812 2825 885 Γενομένων
2860 809 2917 866 δὲ
2964 813 3124 884 ἡμῶν
3178 810 3267 866 ἐπὶ
3314 812 3375 866 τὸ
3425 810 3581 880 αὐτὸ,
3612 812 3707 867 καὶ
3754 835 3889 889 τρο-

2223 906 2328 978 φῆς
2382 896 2817 973 μεταλαϐόντων,
2867 901 3184 973 τεινομένης
3236 897 3315 955 ἔτι
3361 903 3460 969 τῆς
3513 901 3684 977 ὥρας,
3747 899 3884 980 ἔφην

2224 988 2332 1063 ἐγὼ
2363 993 2442 1060 τῷ
2472 989 2681 1064 Πέτρῳ·
2724 988 3147 1064 Φιλανθρωπίας
3198 985 3379 1065 ἔργον,
3410 990 3565 1066 κύριέ
3621 1012 3728 1063 μου
3783 991 3888 1046 Πέ-

2221 1097 2331 1152 τρε,
2366 1079 2401 1147 ἡ
2437 1077 2542 1151 ἐμὴ
2576 1077 2843 1149 πεποίηκε
2899 1082 3107 1154 μήτηρ,
3139 1085 3237 1148 τῆς
3289 1076 3585 1155 ξενοδόχου
3638 1080 3897 1153 ὑπομνη-

2224 1170 2407 1228 σθεῖσα
2485 1166 2761 1241 γυναικός.
2823 1165 2921 1220 Καὶ
2981 1167 3008 1221 6
3069 1166 3275 1243 Πέτρος
3340 1167 3685 1243 ἀπεκρίνατο·
3748 1169 3893 1244 Ἀρά

2223 1275 2304 1329 γε,
2345 1255 2389 1308 ὤ
2440 1253 2667 1327 Κλήμη,
2720 1254 2941 1326 ἀληθῶς
2987 1254 3273 1328 νενόμικας
3325 1256 3741 1333 φιλανθρωπίας
3794 1254 3886 1332 ἔβ⁶

2221 1364 2315 1419 γον
2363 1343 2722 1414 πεποιηκέναι
2764 1347 2864 1415 τήν
2908 1365 2966 1399 σε
3011 1349 3294 1418 τεκοῦσαν,
3323 1347 3440 1400 καθ’
3470 1347 3499 1401 ὃ
3539 1348 3586 1383 ⁸9
3620 1347 3724 1416 τήν
3781 1346 3888 1401 ὑπὸ

2223 1431 2478 1507 ναυαγίου
2536 1432 2701 1501 αὐτὴν
2763 1430 3165 1506 ὑποδεξαμένην
3226 1433 3524 1507 ἠμείψατο·
3565 1435 3601 1504 ἢ
3655 1433 3733 1497 ὠς
3786 1456 3893 1509 μη-

2223 1520 2310 1596 τρὶ
2345 1520 2711 1596 χαριζόμενος
2740 1525 2902 1576 τοῦτο
2941 1518 3200 1597 εἷ’ρηκας;
3234 1522 3296 1576 EI
3352 1519 3409 1577 δὲ
3461 1524 3539 1595 μὴ
3588 1523 3895 1598 χαριζόμε-

2225 1628 2342 1677 νος,
2374 1606 2500 1663 ἀλλ’
2540 1609 2614 1671 ὡς
2665 1608 2947 1679 ἀληθεύων
3000 1608 3156 1687 ἔφης,
3190 1605 3373 1672 ἔοικάς
3425 1631 3520 1683 μοι
3572 1612 3789 1684 ἀγνοεῖν
3840 1611 3894 1667 τί

2226 1698 2358 1753 ποτέ
2412 1696 2522 1753 ἐστι
2573 1697 2984 1776 φιλανθρωπίας
3046 1697 3364 1775 μέγεθος,ἤ
3421 1721 3504 1761 τις
3564 1699 3707 1756 ἐστὶν
3765 1702 3893 1756 ἄνευ

2225 1790 2322 1840 τοῦ
2372 1791 2608 1863 φυσικῶς
2658 1786 2932 1849 πείθοντος
2974 1789 3008 1857 ἡ
3053 1787 3187 1861 πρὸς
3238 1789 3353 1841 οἷον
3387 1785 3619 1858 δήποτε
3650 1792 3887 1865 στοργὴ,

2228 1875 2342 1928 καθ’
2373 1874 2402 1929 ’ὁ
2434 1875 2716 1951 ἅνθρωπός
2756 1874 2919 1932 ἐστιν.
2956 1874 3114 1930 Ἀλλ’
3154 1873 3283 1930 οὐδὲ
3312 1878 3347 1945 ἡ
3383 1874 3676 1953 ξενοδόχος
3706 1880 3744 1947 ἡ
3779 1878 3887 1933 ὑπὸ

2229 1962 2485 2037 ναυαγίου
2548 1966 2648 2032 τὴν
2699 1967 2744 2002 ’¹⁰
2799 1969 3054 2019 τεκοῦσαν
3127 1962 3525 2038 ὑποδεξαμένη,
3578 1964 3898 2044 φιλάνθρω-

2231 2073 2332 2113 πος
2377 2052 2433 2106 ἃν
2468 2056 2509 2090 ⁷¹
2545 2054 2670 2129 ππορ²
2702 2052 2825 2127 ἐμοὶ
2869 2056 2913 2089 ’⁷³
2945 2053 3184 2127 λέγοιτο.
3217 2054 3344 2108 Ὑπὸ
3396 2055 3497 2130 γὰρ
3549 2053 3737 2118 ἐλέοδς
3789 2077 3890 2112 κο-

2234 2139 2488 2196 λασθεῖσα
2542 2140 2822 2197 ἐπέπειστο
2880 2144 2924 2177 ⁷³
2979 2144 3222 2216 γενέσθαι
3281 2142 3534 2217 γυναικὸς
3590 2142 3892 2220 εὐεργέτις,

2233 2230 2475 2305 ναυαγίῳ
2524 2230 2940 2306 περιπεσούσης,
2987 2232 3149 2285 τέκνα
3192 2230 3512 2301 πενθούσης,
3563 2230 3743 2304 ξένης,
3791 2255 3891 2309 γυ-

2238 2325 2395 2391 μνῆς,
2449 2320 2865 2393 μεμονωμένης,
2889 2320 2977 2374 καὶ
3021 2317 3228 2397 σφόδρα
3275 2319 3361 2374 ἐπὶ
3409 2326 3529 2383 ταῖς
3578 2327 3894 2399 συμφοραῖς

2234 2406 2671 2485 ὀλοφυρομένης.
2724 2409 2807 2462 Ἐν
2864 2407 3147 2470 τοσαύταις
3206 2406 3296 2463 οὖν
3351 2408 3516 2477 αὐτὴν
3576 2414 3896 2487 συμφοραῖς

2235 2494 2392 2551 οὖσαν
2423 2497 2505 2559 τίς
2539 2496 2638 2551 οὐκ
2684 2497 2741 2551 ἂν
2796 2494 2921 2552 ἰδὼν
2974 2495 3219 2568 ἐλεήσειε
3255 2500 3297 2534 ⁸⁷
3327 2496 3415 2552 καὶ
3464 2502 3571 2554 τῶν
3626 2494 3838 2555 ἀσεϐῶν
3872 2519 3889 2570 ;

2234 2588 2393 2640 ’Ὠστε
2450 2582 2603 2640 οὔπω
2661 2585 3069 2665 φιλανθρωπίας
3127 2583 3279 2662 ἔργον
3341 2583 3467 2641 οὐδὲ
3505 2588 3541 2657 ἡ
3594 2586 3892 2664 ξενοδόχος

2235 2675 2368 2749 γυνή
2400 2681 2733 2746 πεποιηκυῖα
2779 2675 2915 2749 πρὸς
2964 2674 3128 2744 αὐτὴν
3181 2674 3445 2754 φαίνεται,
3479 2673 3608 2731 ἀλλ’
3640 2676 3745 2732 ὑπὸ
3790 2682 3890 2732 τοῦ

2235 2762 2321 2817 ἐπὶ
2374 2762 2587 2840 μυρίαις
2638 2769 2942 2842 συμφοραῖς
2991 2763 3147 2819 ἐλέου
3194 2765 3329 2840 πρὸς
3380 2764 3687 2839 εὐεργεσίαν
3735 2786 3884 2821 κεκι-

2234 2852 2467 2925 νημένη.
2504 2852 2601 2906 Καὶ
2642 2854 2743 2928 γὰρ
2769 2852 2804 2922 ἥ
2851 2874 2907 2907 σε
2953 2856 3180 2907 τεκοῦσα
3232 2853 3352 2928 βίου
3402 2853 3752 2928 εὖπορήσασα
3794 2854 3889 2910 καὶ

2232 2942 2329 3009 τὴν
2381 2938 2666 3016 ξενοδόχον
2716 2942 3084 3015 ἀμειψαμένη,
3134 2941 3199 2996 ού
3254 2940 3686 3019 φιλανθρωπίας,
3736 2942 3890 2999 ἀλλὰ

2234 3029 2417 3107 φιλίας
2450 3029 2695 3100 ἐποίησεν
2725 3028 2903 3105 ἔργον.
2939 3028 3135 3099 Πολλή
3171 3028 3227 3084 δὶ
3267 3027 3499 3108 διαφορᾶ
3554 3029 3749 3103 μεταξὺ
3800 3053 3893 3110 φι-

2234 3116 2357 3181 λίας
2387 3118 2558 3173 τεκαὶ
2592 3116 3021 3195 φιλανθρωπίας·
3057 3119 3138 3172 ὅτι
3190 3122 3224 3188 ἡ
3274 3119 3368 3191 μὲν
3419 3117 3577 3196 φιλία
3627 3120 3676 3192 ἐξ
3721 3119 3890 3193 ἀμοι-

2234 3203 2336 3277 ϐῆς
2387 3208 2607 3283 γίνεται,
2660 3209 2693 3277 ἡ
2756 3206 3134 3285 φιλανθρωπία
3191 3206 3248 3262 δὲ
3307 3204 3428 3261 ἄνευ
3487 3211 3582 3262 τοῦ
3643 3210 3891 3285 φυσικῶς

2232 3296 2533 3368 πείθοντος,
2589 3297 2762 3351 πάντα
2820 3297 3122 3371 ἄνθρωπον,
3192 3295 3324 3359 καθὸ
3397 3296 3679 3372 ἅνθρωπός
3752 3296 3887 3368 ἐστι,

2231 3385 2465 3463 φιλοῦσα
2522 3384 2803 3460 εὐεργετεῖ·
2840 3383 2889 3438 εἷ’
2920 3385 3014 3457 μὶν
3049 3382 3140 3438 οὖν
3185 3387 3219 3454 ἡ
3265 3384 3533 3455 ἐλεήσασα
3592 3384 3891 3462 ξενοδόχος

2230 3473 2390 3545 αὕτη,
2445 3472 2534 3527 καὶ
2592 3471 2954 3543 ἀδικήσαντας
3014 3472 3243 3549 ἐχθροὺς
3304 3471 3529 3528 ἒλεοῦσα
3594 3474 3889 3550 εὐεργετεῖ,

2232 3559 2617 3640 φιλάνθρωπος
2668 3559 2725 3615 ἂν
2774 3557 2879 3631 εἷή-
2934 3559 2978 3614 ei
3024 3560 3083 3615 δὲ
3131 3558 3270 3616 διότι
3298 3563 3343 3598 ⁷⁵
3373 3560 3506 3638 φίλη
3559 3562 3595 3632 ἣ
3648 3562 3819 3638 ἐχθρὰ
3851 3566 3885 3634 ἡ

2232 3648 2368 3729 φίλη
2399 3649 2621 3720 τοιαύτη
2655 3652 2721 3716 ⁷⁸,
2744 3653 2843 3703 τοῦ
2874 3668 3020 3711 τινος
3045 3648 3221 3704 αῗτίου
3270 3646 3404 3727 φίλη
3449 3649 3587 3705 ἐστὶν
3621 3651 3657 3721 ἢ
3691 3650 3890 3729 ἐχθρὰ,

2233 3739 2295 3794 οὐ
2320 3743 2417 3795 τοῦ
2449 3739 2759 3815 ἀνθρώπου.

2304 3829 2483 3886 XCIV.
2518 3828 2681 3903 Κάγὼ
2737 3825 3133 3901 ἀπεκρινάμην·
3167 3826 3239 3882 Οὐ
3303 3824 3454 3883 δοκεῖ
3509 3849 3594 3883 σοι
3647 3828 3739 3884 οὗν
3801 3851 3893 3908 φι-

2234 3915 2554 3992 λάνθρωπος
2590 3916 2719 3971 εἶναι
2752 3916 2845 3971 κᾶν
2879 3918 2913 3985 ἡ
2953 3914 3263 3991 ξενοδόχος,
3297 3918 3450 3987 ξένην
3498 3918 3560 3986 ἣν
3605 3917 3704 3973 ούκ
3759 3918 3891 3988 ἠπί-

2234 4026 2393 4060 στατο
2447 4004 2878 4081 εὐεργετήσασα;
2934 4004 3030 4059 Καὶ
3062 4007 3089 4060 6
3140 4006 3364 4081 Πέτρος·
3415 4005 3729 4079 Ἐλεήμονα
3792 4008 3889 4080 μὲν

2234 4094 2400 4163 αὐτὴν
2434 4093 2601 4148 εἰπεῖν
2661 4092 2973 4167 ἐπίσταμαι,
3008 4094 3395 4170 φιλάνθρωπον
3456 4092 3514 4149 δὲ
3571 4094 3633 4150 οὐ
3687 4093 3891 4168 τολμῶ

2236 4182 2433 4259 λέγειν,
2485 4184 2575 4237 ἅτε
2623 4180 2688 4251 δὴ
2745 4180 2883 4255 μηδὲ
2943 4183 3041 4251 τὴν
3090 4186 3345 4238 τεκοῦσαν
3396 4182 3731 4261 φιλότεκνον·
3783 4185 3889 4239 ὑπὸ

2237 4270 2442 4326 ὠδίνων
2474 4273 2576 4349 γὰρ
2606 4270 2693 4326 καὶ
2725 4271 3031 4349 ἀνατροφῆς
3083 4272 3325 4347 στέργειν
3368 4274 3669 4327 πέπεισται·
3706 4272 3890 4350 ὥσπερ

2237 4362 2338 4436 γὰρ
2386 4362 2413 4415 6
2460 4360 2592 4435 ἐρῶν
2643 4361 2745 4417 ὑπὸ
2793 4367 2894 4429 τῆς
2956 4359 3232 4429 συνηθείας
3292 4359 3664 4434 κολακεύεται,
3719 4363 3807 4417 καὶ
3863 4363 3892 4418 6

2238 4447 2398 4527 φίλος
2432 4448 2535 4503 ὑπὸ
2581 4454 2681 4517 τῆς
2727 4442 2989 4519 ἀμοιϐῆς·
3024 4446 3166 4501 οὕτω
3225 4448 3312 4502 καὶ
3344 4448 3371 4501 6
3404 4447 3592 4515 ἐλεῶν,
3627 4448 3731 4504 ὑπὸ
3787 4455 3891 4518 τῆς

2238 4542 2539 4614 συμφορᾶς.
2578 4536 2727 4607 Πλὴν
2774 4534 2927 4611 ἐγγὺς
2967 4536 2994 4588 6
3046 4533 3301 4607 ἐλεήμων
3360 4538 3440 4607 τῷ
3494 4534 3888 4613 φιλανθρώπῳ·

488 4648 549 4688 re
581 4629 969 4703 prosequitur,
1004 4646 1037 4683 a
1064 4626 1538 4683 remuneratione
1573 4644 1585 4681 :
1621 4627 1701 4683 ita
1730 4632 1783 4683 et
1824 4628 1923 4699 qui
1956 4628 2125 4685 mise-

2240 4625 2324 4681 δτι
2374 4628 2496 4681 ἄνευ
2540 4629 2635 4681 τοῦ
2683 4647 2735 4681 τι
2786 4626 3015 4701 θηρᾶσαι
3055 4624 3145 4679 καὶ
3201 4618 3411 4697 λαϐεῖν,
3446 4623 3740 4702 εὐεργετεῖν
3774 4626 3891 4681 πείε-

488 4726 667 4790 retur,
700 4736 735 4773 a
779 4716 1129 4773 calamitate.
1172 4718 1442 4772 Attamen
1494 4716 1825 4773 misericors
1871 4717 2129 4775 humano

486 4808 713 4865 vicinus
742 4810 831 4862 est
862 4823 875 4861 :
909 4805 1188 4877 quoniam
1223 4805 1448 4878 absque
1477 4805 1595 4860 ullo
1627 4809 1852 4876 quazstu
1884 4822 1949 4861 ac
1999 4824 2128 4862 mu-

486 4912 644 4964 nere,
677 4897 747 4952 ad
780 4895 1174 4967 praestandum
1210 4894 1556 4951 beneﬁcium
1600 4896 1819 4963 fertur;
1853 4896 1950 4950 sed
1986 4913 2129 4951 non-

485 4988 626 5043 dum
672 4985 971 5041 humanus
1019 4987 1128 5039 est.
1159 4983 1224 5038 Et
1273 5000 1377 5055 ego
1429 4983 1547 5039 dixi
1583 5001 1594 5038 :
1628 4982 1710 5038 0b
1759 5001 1907 5055 quas
1953 4983 2132 5055 igitur

483 5074 741 5132 actiones
772 5073 1069 5127 humanus
1101 5072 1237 5142 quis
1268 5088 1397 5128 esse
1426 5072 1662 5144 potest?
1687 5071 2005 5142 Respondit
2033 5072 2131 5126 Pe-

481 5168 608 5219 trus
641 5179 653 5217 :
687 5161 834 5226 Quia
874 5162 1039 5216 video
1071 5165 1126 5216 te
1168 5161 1448 5233 cupidum
1501 5160 1796 5229 audiendi,
1830 5161 2127 5231 quodnam

481 5252 559 5308 sit
588 5249 969 5306 humanitatis
1021 5250 1302 5317 ofﬁcium,
1338 5267 1451 5304 non
1503 5249 1721 5320 pigebit
1751 5249 1962 5303 dicere.
2006 5249 2128 5304 Hu-

483 5355 694 5395 manus
728 5338 825 5393 ille
855 5343 962 5406 est,
998 5337 1099 5409 qui
1127 5338 1304 5394 etiam
1335 5354 1472 5409 erga
1507 5336 1777 5393 inimicos
1807 5336 2032 5408 placide
2064 5354 2129 5393 ac

2239 4717 2403 4770 θεται·
2455 4710 2607 4769 οὔπω
2665 4711 2722 4769 δὲ
2775 4714 2865 4768 καὶ
2923 4710 3331 4790 φιλάνθρωπος.
3384 4713 3546 4788 Κάγὼ
3603 4713 3891 4789 ἀπεκρινά-

2244 4822 2370 4877 μην·
2406 4803 2526 4858 Ἐπὶ
2557 4802 2742 4866 ποίαις
2783 4803 2875 4858 οὗν
2934 4802 3159 4879 πράξεσι
3205 4800 3590 4880 φιλάνθρωπός
3628 4824 3713 4865 τις
3755 4803 3889 4858 εἶναι

2241 4890 2498 4963 δύναται;
2546 4892 2641 4947 Καὶ
2698 4892 2726 4945 6
2786 4890 2988 4968 Πέτρος
3054 4890 3390 4966 ἁπεκρίνατο·
3455 4892 3602 4946 Ἑπεί
3660 4893 3774 4966 ὁρῶ
3832 4914 3890 4949 σε

2237 4980 2571 5059 γλιχόμενον
2604 4982 2846 5050 ἀκοῦσαι,
2879 4980 2929 5034 τί
2959 4981 3093 5035 ποτέ
3125 4979 3233 5034 ἐστι
3265 4977 3672 5057 φιλανθρωπίας
3705 4977 3889 5055 ἔργον,

2240 5071 2340 5125 οὐκ
2395 5070 2611 5141 ὀκνήσω
2663 5068 2854 5123 εἰπεῖν’
2906 5066 3290 5145 φιλάνθρωπος
3342 5066 3542 5130 ἐκεῖνός
3601 5068 3741 5123 ἐστιν
3798 5069 3891 5125 καὶ

2239 5158 2464 5234 ἐχθροῖς
2518 5156 2741 5232 ἡμέρως
2820 5156 2910 5210 καὶ
2997 5156 3350 5231 εύεργετικῶς
3423 5156 3886 5235 προσφερόμενος.

2237 5250 2357 5302 Ὅτι
2389 5245 2445 5302 δὶ
2476 5245 2647 5307 οὕτως
2681 5243 2823 5319 ἔχει,
2860 5248 3042 5320 σαφῶς
3094 5243 3273 5301 ἄκουε.
3319 5248 3425 5316 Τὴν
3474 5245 3887 5326 φιλανθρωπίαν

2240 5336 2299 5392 ἐκ
2330 5333 2424 5391 δύο
2461 5356 2552 5409 μοι
2583 5333 2693 5389 νόει
2724 5332 3029 5409 συγκεῖσθαι
3078 5338 3277 5410 μερῶν·
3312 5336 3387 5391 ὧν
3444 5335 3507 5391 τὸ
3564 5336 3658 5408 μὶν
3719 5335 3891 5406 αὐτῆς

1839 5477 2081 5534 VARIE
2120 5479 2422 5536 LECTION
2430 5479 2534 5534 ES.

557 5585 601 5621 ⁸⁸
632 5583 915 5654 Clamant,
973 5584 1136 5639 hom.
1194 5602 1294 5649 xu,
1354 5600 1403 5639 c.
1451 5587 1659 5640 256tc.
1691 5586 1737 5620 ⁶⁹
1765 5584 1839 5640 al.
1900 5584 2054 5653 καθό,
2115 5586 2191 5642 al.
2237 5587 2353 5640 καθ’
2399 5583 2481 5639 δτι
2529 5582 2637 5641 ἐπί.
2689 5582 2783 5654 ΑΙἶ
2829 5578 3016 5645 καθότι
3064 5582 3163 5651 τήν
3211 5581 3337 5639 ἀπό.
3387 5586 3432 5621 ⁷⁰
3463 5585 3536 5642 al.
3588 5585 3763 5641 inser.
3799 5606 3885 5647 σε.

488 5658 532 5693 τί
564 5657 726 5729 deest
770 5655 829 5729 in
878 5650 950 5729 al.
1003 5656 1048 5691 ⁷³
1096 5656 1228 5729 Παρ⁹
1276 5654 1420 5729 ἐμοί.
1462 5656 1623 5712 Unus
1666 5656 1982 5729 liberatae
2020 5650 2175 5728 ἐμοῦ,
2198 5659 2316 5729 _qui
2362 5658 2535 5713 etiam
2598 5650 3027 5729 κατᾳκλασθεῖσα
3073 5655 3322 5729 exhibet,
3360 5657 3472 5729 _ubi
3533 5656 3879 5729 κοΛασοεῖσα,

491 5735 617 5788 Οοτ.
668 5728 713 5762 ⁷⁸
752 5724 827 5783 al.
876 5723 1147 5783 πέπειστο.
1182 5721 1233 5763 ’π
1284 5721 1506 5796 ἠλέησε.
1549 5730 1591 5764 ⁷⁵
1631 5727 1703 5784 al.
1774 5723 1842 5781 δι’
1896 5721 2001 5795 ὅτι,
2052 5721 2134 5787 ἀι.
2166 5721 2353 5785 ’δι’άτι.
2412 5730 2455 5766 ⁷⁸
2511 5730 2604 5787 al.
2643 5725 2734 5782 καὶ
2775 5721 2862 5780 διά
2916 5744 2971 5780 τι
3010 5722 3181 5801 ἐχθρὰ
3219 5728 3254 5798 ἢ
3308 5721 3447 5805 φίλη
3486 5772 3502 5799 ,
3540 5730 3575 5798 ἡ
3631 5728 3881 5800 τοιαύτη.
