  <div class='ocr_page' id='page_1' title='image "/cluster/home/n/w/nwhite01/storage/ocr_20150623/2/hvd.32044073501421/280.png"; bbox 0 0 4118 6340; ppageno 0'>
   <div class='ocr_carea' id='block_1_1' title="bbox 218 445 339 503">
    <p class='ocr_par' dir='ltr' id='par_1_1' title="bbox 218 445 339 503">
     <span class='ocr_line' id='line_1_1' title="bbox 218 445 339 503; baseline 0 0"><span class='ocrx_word' id='word_1_1' title='bbox 218 445 339 503; x_wconf 71' lang='grc'>537</span> 
     </span>
    </p>
   </div>
   <div class='ocr_carea' id='block_1_2' title="bbox 978 442 2891 507">
    <p class='ocr_par' dir='ltr' id='par_1_2' title="bbox 978 442 2891 507">
     <span class='ocr_line' id='line_1_2' title="bbox 978 442 2891 507; baseline -0.002 0"><span class='ocrx_word' id='word_1_2' title='bbox 978 446 1513 507; x_wconf 84' lang='lat' dir='ltr'>CLEMENTINA.</span> <span class='ocrx_word' id='word_1_3' title='bbox 1546 477 1622 488; x_wconf 97' lang='lat'><strong>—</strong></span> <span class='ocrx_word' id='word_1_4' title='bbox 1656 442 2006 504; x_wconf 83' lang='lat' dir='ltr'>EPITOME</span> <span class='ocrx_word' id='word_1_5' title='bbox 2050 444 2151 503; x_wconf 84' lang='lat' dir='ltr'>DE</span> <span class='ocrx_word' id='word_1_6' title='bbox 2198 444 2469 505; x_wconf 84' lang='lat' dir='ltr'>GESTIS</span> <span class='ocrx_word' id='word_1_7' title='bbox 2517 446 2583 505; x_wconf 94' lang='lat' dir='ltr'>S.</span> <span class='ocrx_word' id='word_1_8' title='bbox 2630 443 2891 506; x_wconf 81' lang='lat' dir='ltr'>PETRI.</span> 
     </span>
    </p>
   </div>
   <div class='ocr_carea' id='block_1_3' title="bbox 3523 442 3645 502">
    <p class='ocr_par' dir='ltr' id='par_1_3' title="bbox 3523 442 3645 502">
     <span class='ocr_line' id='line_1_3' title="bbox 3523 442 3645 502; baseline -0.008 0"><span class='ocrx_word' id='word_1_9' title='bbox 3523 442 3645 502; x_wconf 79' lang='lat'>538</span> 
     </span>
    </p>
   </div>
   <div class='ocr_carea' id='block_1_4' title="bbox 224 570 1883 650">
    <p class='ocr_par' dir='ltr' id='par_1_4' title="bbox 224 570 1881 650">
     <span class='ocr_line' id='line_1_4' title="bbox 224 570 1881 650; baseline -0.002 -22"><span class='ocrx_word' id='word_1_10' title='bbox 224 572 603 646; x_wconf 70' lang='grc' dir='ltr'>ἆλεημοσύνη,</span> <span class='ocrx_word' id='word_1_11' title='bbox 633 577 696 629; x_wconf 83' lang='grc' dir='ltr'>τὸ</span> <span class='ocrx_word' id='word_1_12' title='bbox 728 572 785 629; x_wconf 73' lang='grc' dir='ltr'>δὲ</span> <span class='ocrx_word' id='word_1_13' title='bbox 815 573 995 650; x_wconf 77' lang='grc' dir='ltr'>ἀγάπη</span> <span class='ocrx_word' id='word_1_14' title='bbox 1049 573 1186 629; x_wconf 77' lang='grc' dir='ltr'>ἐστὶν</span> <span class='ocrx_word' id='word_1_15' title='bbox 1241 577 1275 644; x_wconf 80' lang='grc' dir='ltr'>ἡ</span> <span class='ocrx_word' id='word_1_16' title='bbox 1309 576 1443 647; x_wconf 89' lang='grc' dir='ltr'>πρὸς</span> <span class='ocrx_word' id='word_1_17' title='bbox 1488 574 1579 628; x_wconf 86' lang='grc' dir='ltr'>τὸν</span> <span class='ocrx_word' id='word_1_18' title='bbox 1624 570 1881 642; x_wconf 79' lang='grc' dir='ltr'>πλησίον·</span> 
     </span>
    </p>
   </div>
   <div class='ocr_carea' id='block_1_5' title="bbox 1999 570 3641 650">
    <p class='ocr_par' dir='ltr' id='par_1_5' title="bbox 2004 573 3641 649">
     <span class='ocr_line' id='line_1_5' title="bbox 2004 573 3641 649; baseline 0.001 -22"><span class='ocrx_word' id='word_1_19' title='bbox 2004 573 2275 629; x_wconf 82' lang='lat' dir='ltr'>muniﬁce</span> <span class='ocrx_word' id='word_1_20' title='bbox 2307 592 2368 630; x_wconf 92' lang='lat' dir='ltr'>se</span> <span class='ocrx_word' id='word_1_21' title='bbox 2398 575 2564 649; x_wconf 88' lang='lat' dir='ltr'>gerit.</span> <span class='ocrx_word' id='word_1_22' title='bbox 2599 576 2760 641; x_wconf 90' lang='lat' dir='ltr'>Quod</span> <span class='ocrx_word' id='word_1_23' title='bbox 2806 580 3001 631; x_wconf 88' lang='lat' dir='ltr'>autem</span> <span class='ocrx_word' id='word_1_24' title='bbox 3035 574 3117 630; x_wconf 90' lang='lat' dir='ltr'>ita</span> <span class='ocrx_word' id='word_1_25' title='bbox 3164 574 3394 640; x_wconf 85' lang='lat' dir='ltr'>habeat,</span> <span class='ocrx_word' id='word_1_26' title='bbox 3451 574 3641 629; x_wconf 87' lang='lat' dir='ltr'>mani-</span> 
     </span>
    </p>
   </div>
   <div class='ocr_carea' id='block_1_6' title="bbox 223 660 1881 739">
    <p class='ocr_par' dir='ltr' id='par_1_6' title="bbox 223 660 1881 739">
     <span class='ocr_line' id='line_1_6' title="bbox 223 660 1881 739; baseline -0.002 -22"><span class='ocrx_word' id='word_1_27' title='bbox 223 664 468 734; x_wconf 75' lang='grc' dir='ltr'>πλησίον</span> <span class='ocrx_word' id='word_1_28' title='bbox 502 661 560 718; x_wconf 73' lang='grc' dir='ltr'>δὲ</span> <span class='ocrx_word' id='word_1_29' title='bbox 593 664 865 739; x_wconf 81' lang='grc' dir='ltr'>ἀνθρώπῳ</span> <span class='ocrx_word' id='word_1_30' title='bbox 916 663 1079 733; x_wconf 82' lang='grc' dir='ltr'>ἐστὶν,</span> <span class='ocrx_word' id='word_1_31' title='bbox 1113 664 1141 717; x_wconf 90' lang='lat'>6</span> <span class='ocrx_word' id='word_1_32' title='bbox 1166 669 1270 725; x_wconf 80' lang='grc' dir='ltr'>πᾶς</span> <span class='ocrx_word' id='word_1_33' title='bbox 1318 664 1622 738; x_wconf 81' lang='grc' dir='ltr'>ἄνθρωπος,</span> <span class='ocrx_word' id='word_1_34' title='bbox 1655 662 1761 737; x_wconf 81' lang='grc' dir='ltr'>οὐχ</span> <span class='ocrx_word' id='word_1_35' title='bbox 1800 660 1881 715; x_wconf 77' lang='grc' dir='ltr'>ὅτι</span> 
     </span>
    </p>
   </div>
   <div class='ocr_carea' id='block_1_7' title="bbox 229 749 1883 828">
    <p class='ocr_par' dir='ltr' id='par_1_7' title="bbox 229 749 1883 828">
     <span class='ocr_line' id='line_1_7' title="bbox 229 749 1883 828; baseline -0.002 -21"><span class='ocrx_word' id='word_1_36' title='bbox 229 754 307 814; x_wconf 76' lang='grc' dir='ltr'>εἷς</span> <span class='ocrx_word' id='word_1_37' title='bbox 364 751 691 826; x_wconf 70' lang='grc' dir='ltr'>ἅνθρωπος·</span> <span class='ocrx_word' id='word_1_38' title='bbox 746 754 1024 828; x_wconf 82' lang='grc' dir='ltr'>ἄνθρωπος</span> <span class='ocrx_word' id='word_1_39' title='bbox 1076 752 1178 828; x_wconf 80' lang='grc' dir='ltr'>γάρ</span> <span class='ocrx_word' id='word_1_40' title='bbox 1229 752 1339 806; x_wconf 75' lang='grc' dir='ltr'>ἐστι</span> <span class='ocrx_word' id='word_1_41' title='bbox 1386 752 1474 806; x_wconf 87' lang='grc' dir='ltr'>καὶ</span> <span class='ocrx_word' id='word_1_42' title='bbox 1526 752 1689 813; x_wconf 82' lang='grc' dir='ltr'>κακὸς</span> <span class='ocrx_word' id='word_1_43' title='bbox 1732 749 1821 804; x_wconf 88' lang='grc' dir='ltr'>καὶ</span> <span class='ocrx_word' id='word_1_44' title='bbox 1855 750 1883 803; x_wconf 91' lang='lat'>6</span> 
     </span>
    </p>
   </div>
   <div class='ocr_carea' id='block_1_8' title="bbox 230 839 1885 919">
    <p class='ocr_par' dir='ltr' id='par_1_8' title="bbox 230 839 1885 919">
     <span class='ocr_line' id='line_1_8' title="bbox 230 839 1885 919; baseline -0.002 -24"><span class='ocrx_word' id='word_1_45' title='bbox 230 842 454 917; x_wconf 79' lang='grc' dir='ltr'>ἀγαθὸς,</span> <span class='ocrx_word' id='word_1_46' title='bbox 486 842 575 895; x_wconf 75' lang='grc' dir='ltr'>καὶ</span> <span class='ocrx_word' id='word_1_47' title='bbox 613 840 809 917; x_wconf 78' lang='grc' dir='ltr'>ἐχθρὸς</span> <span class='ocrx_word' id='word_1_48' title='bbox 847 841 935 896; x_wconf 83' lang='grc' dir='ltr'>καὶ</span> <span class='ocrx_word' id='word_1_49' title='bbox 967 839 1149 919; x_wconf 78' lang='grc' dir='ltr'>φίλος.</span> <span class='ocrx_word' id='word_1_50' title='bbox 1184 842 1299 917; x_wconf 84' lang='grc' dir='ltr'>Χρή</span> <span class='ocrx_word' id='word_1_51' title='bbox 1335 840 1424 895; x_wconf 78' lang='grc' dir='ltr'>οὖν</span> <span class='ocrx_word' id='word_1_52' title='bbox 1455 840 1547 895; x_wconf 70' lang='grc' dir='ltr'>τὸν</span> <span class='ocrx_word' id='word_1_53' title='bbox 1580 839 1885 917; x_wconf 80' lang='grc' dir='ltr'>φιλανθρω-</span> 
     </span>
    </p>
   </div>
   <div class='ocr_carea' id='block_1_9' title="bbox 227 929 1884 1005">
    <p class='ocr_par' dir='ltr' id='par_1_9' title="bbox 227 929 1884 1005">
     <span class='ocr_line' id='line_1_9' title="bbox 227 929 1884 1005; baseline -0.002 -20"><span class='ocrx_word' id='word_1_54' title='bbox 227 931 355 985; x_wconf 83' lang='grc' dir='ltr'>πίαν</span> <span class='ocrx_word' id='word_1_55' title='bbox 406 931 697 1002; x_wconf 75' lang='grc' dir='ltr'>ἀσκοῦντα,</span> <span class='ocrx_word' id='word_1_56' title='bbox 750 931 996 1003; x_wconf 76' lang='grc' dir='ltr'>μιμητὴν</span> <span class='ocrx_word' id='word_1_57' title='bbox 1043 930 1175 984; x_wconf 79' lang='grc' dir='ltr'>εἶναι</span> <span class='ocrx_word' id='word_1_58' title='bbox 1226 935 1378 999; x_wconf 88' lang='grc' dir='ltr'>Θεοῦ,</span> <span class='ocrx_word' id='word_1_59' title='bbox 1432 929 1812 1005; x_wconf 77' lang='grc' dir='ltr'>εὐεργετοῦντα</span> <span class='ocrx_word' id='word_1_60' title='bbox 1840 930 1884 965; x_wconf 71' lang='grc'>’⁸⁷</span> 
     </span>
    </p>
   </div>
   <div class='ocr_carea' id='block_1_10' title="bbox 230 1016 1883 1089">
    <p class='ocr_par' dir='ltr' id='par_1_10' title="bbox 230 1016 1883 1089">
     <span class='ocr_line' id='line_1_10' title="bbox 230 1016 1883 1089; baseline -0.002 -15"><span class='ocrx_word' id='word_1_61' title='bbox 230 1018 286 1074; x_wconf 71' lang='grc' dir='ltr'>δὲ</span> <span class='ocrx_word' id='word_1_62' title='bbox 315 1017 567 1081; x_wconf 76' lang='grc' dir='ltr'>δικαίους</span> <span class='ocrx_word' id='word_1_63' title='bbox 616 1040 674 1073; x_wconf 90' lang='grc' dir='ltr'>τε</span> <span class='ocrx_word' id='word_1_64' title='bbox 721 1020 810 1073; x_wconf 80' lang='grc' dir='ltr'>καὶ</span> <span class='ocrx_word' id='word_1_65' title='bbox 856 1016 1094 1089; x_wconf 82' lang='grc' dir='ltr'>ἀδίκους,</span> <span class='ocrx_word' id='word_1_66' title='bbox 1146 1018 1220 1079; x_wconf 84' lang='grc' dir='ltr'>ὡς</span> <span class='ocrx_word' id='word_1_67' title='bbox 1266 1018 1422 1080; x_wconf 90' lang='grc' dir='ltr'>αὐτὸς</span> <span class='ocrx_word' id='word_1_68' title='bbox 1473 1019 1501 1072; x_wconf 89' lang='lat'>6</span> <span class='ocrx_word' id='word_1_69' title='bbox 1534 1018 1659 1079; x_wconf 84' lang='grc' dir='ltr'>Θεὸς</span> <span class='ocrx_word' id='word_1_70' title='bbox 1708 1017 1759 1071; x_wconf 79' lang='grc' dir='ltr'>ἐν</span> <span class='ocrx_word' id='word_1_71' title='bbox 1804 1017 1883 1088; x_wconf 83' lang='grc' dir='ltr'>τῷ</span> 
     </span>
    </p>
   </div>
   <div class='ocr_carea' id='block_1_11' title="bbox 224 1105 1883 1180">
    <p class='ocr_par' dir='ltr' id='par_1_11' title="bbox 224 1105 1883 1180">
     <span class='ocr_line' id='line_1_11' title="bbox 224 1105 1883 1180; baseline -0.001 -19"><span class='ocrx_word' id='word_1_72' title='bbox 224 1114 314 1161; x_wconf 75' lang='grc' dir='ltr'>νῦν</span> <span class='ocrx_word' id='word_1_73' title='bbox 344 1108 547 1180; x_wconf 81' lang='grc' dir='ltr'>κόσμῳ</span> <span class='ocrx_word' id='word_1_74' title='bbox 584 1107 678 1161; x_wconf 89' lang='grc' dir='ltr'>τόν</span> <span class='ocrx_word' id='word_1_75' title='bbox 707 1129 763 1162; x_wconf 92' lang='grc' dir='ltr'>τε</span> <span class='ocrx_word' id='word_1_76' title='bbox 792 1105 952 1176; x_wconf 76' lang='grc' dir='ltr'>ἥλιον</span> <span class='ocrx_word' id='word_1_77' title='bbox 1001 1106 1089 1161; x_wconf 88' lang='grc' dir='ltr'>καὶ</span> <span class='ocrx_word' id='word_1_78' title='bbox 1141 1106 1267 1167; x_wconf 77' lang='grc' dir='ltr'>τοὺς</span> <span class='ocrx_word' id='word_1_79' title='bbox 1316 1105 1499 1168; x_wconf 73' lang='grc' dir='ltr'>ὐετοὺς</span> <span class='ocrx_word' id='word_1_80' title='bbox 1553 1106 1716 1160; x_wconf 88' lang='grc' dir='ltr'>αὐτοῦ</span> <span class='ocrx_word' id='word_1_81' title='bbox 1753 1112 1883 1160; x_wconf 80' lang='grc' dir='ltr'>πᾶσι</span> 
     </span>
    </p>
   </div>
   <div class='ocr_carea' id='block_1_12' title="bbox 222 1194 1881 1272">
    <p class='ocr_par' dir='ltr' id='par_1_12' title="bbox 222 1194 1881 1272">
     <span class='ocr_line' id='line_1_12' title="bbox 222 1194 1881 1272; baseline -0.001 -22"><span class='ocrx_word' id='word_1_82' title='bbox 222 1197 492 1272; x_wconf 67' lang='grc' dir='ltr'>παρέχων</span> <span class='ocrx_word' id='word_1_83' title='bbox 542 1200 608 1253; x_wconf 71' lang='grc'>⁷⁸.</span> <span class='ocrx_word' id='word_1_84' title='bbox 662 1196 725 1251; x_wconf 75' lang='grc' dir='ltr'>Εἴ</span> <span class='ocrx_word' id='word_1_85' title='bbox 772 1194 830 1250; x_wconf 68' lang='grc' dir='ltr'>δὲ</span> <span class='ocrx_word' id='word_1_86' title='bbox 878 1194 1052 1257; x_wconf 72' lang='grc' dir='ltr'>θέλεις</span> <span class='ocrx_word' id='word_1_87' title='bbox 1106 1195 1332 1271; x_wconf 78' lang='grc' dir='ltr'>ἀγαθοὺς</span> <span class='ocrx_word' id='word_1_88' title='bbox 1390 1196 1483 1269; x_wconf 71' lang='grc' dir='ltr'>μὲν</span> <span class='ocrx_word' id='word_1_89' title='bbox 1540 1194 1835 1271; x_wconf 76' lang='grc' dir='ltr'>εὐεργετεῖν</span> <span class='ocrx_word' id='word_1_90' title='bbox 1867 1238 1881 1264; x_wconf 92' lang='grc'>,</span> 
     </span>
    </p>
   </div>
   <div class='ocr_carea' id='block_1_13' title="bbox 223 1281 1883 1360">
    <p class='ocr_par' dir='ltr' id='par_1_13' title="bbox 223 1281 1883 1360">
     <span class='ocr_line' id='line_1_13' title="bbox 223 1281 1883 1360; baseline -0.001 -21"><span class='ocrx_word' id='word_1_91' title='bbox 223 1286 431 1346; x_wconf 77' lang='grc' dir='ltr'>κακοὺς</span> <span class='ocrx_word' id='word_1_92' title='bbox 486 1283 545 1339; x_wconf 68' lang='grc' dir='ltr'>δὲ</span> <span class='ocrx_word' id='word_1_93' title='bbox 595 1284 881 1354; x_wconf 75' lang='grc' dir='ltr'>κολάζειν,</span> <span class='ocrx_word' id='word_1_94' title='bbox 926 1288 1113 1358; x_wconf 80' lang='grc' dir='ltr'>κριτοῦ</span> <span class='ocrx_word' id='word_1_95' title='bbox 1162 1281 1318 1360; x_wconf 82' lang='grc' dir='ltr'>ἔργον</span> <span class='ocrx_word' id='word_1_96' title='bbox 1370 1282 1622 1360; x_wconf 84' lang='grc' dir='ltr'>πράττειν</span> <span class='ocrx_word' id='word_1_97' title='bbox 1674 1282 1883 1358; x_wconf 77' lang='grc' dir='ltr'>ἐπιχει-</span> 
     </span>
    </p>
   </div>
   <div class='ocr_carea' id='block_1_14' title="bbox 222 1394 367 1445">
    <p class='ocr_par' dir='ltr' id='par_1_14' title="bbox 222 1394 367 1445">
     <span class='ocr_line' id='line_1_14' title="bbox 222 1394 367 1445; baseline 0.021 -19"><span class='ocrx_word' id='word_1_98' title='bbox 222 1394 367 1445; x_wconf 76' lang='grc' dir='ltr'>ρεις.</span> 
     </span>
    </p>
   </div>
   <div class='ocr_carea' id='block_1_15' title="bbox 297 1636 1884 1717">
    <p class='ocr_par' dir='ltr' id='par_1_15' title="bbox 297 1636 1884 1717">
     <span class='ocr_line' id='line_1_15' title="bbox 297 1636 1884 1717; baseline 0 -24"><span class='ocrx_word' id='word_1_99' title='bbox 297 1639 467 1695; x_wconf 76' lang='lat' dir='ltr'>XCV.</span> <span class='ocrx_word' id='word_1_100' title='bbox 503 1638 660 1713; x_wconf 81' lang='grc' dir='ltr'>Κάγὼ</span> <span class='ocrx_word' id='word_1_101' title='bbox 711 1636 865 1717; x_wconf 78' lang='grc' dir='ltr'>ἔφην·</span> <span class='ocrx_word' id='word_1_102' title='bbox 900 1640 1038 1711; x_wconf 76' lang='grc' dir='ltr'>Ἀρά</span> <span class='ocrx_word' id='word_1_103' title='bbox 1064 1659 1123 1714; x_wconf 91' lang='grc' dir='ltr'>γε</span> <span class='ocrx_word' id='word_1_104' title='bbox 1151 1639 1239 1692; x_wconf 79' lang='grc' dir='ltr'>καὶ</span> <span class='ocrx_word' id='word_1_105' title='bbox 1272 1639 1299 1693; x_wconf 88' lang='lat'>6</span> <span class='ocrx_word' id='word_1_106' title='bbox 1331 1639 1459 1700; x_wconf 89' lang='grc' dir='ltr'>Θεὸς</span> <span class='ocrx_word' id='word_1_107' title='bbox 1493 1637 1622 1693; x_wconf 88' lang='grc' dir='ltr'>πότε</span> <span class='ocrx_word' id='word_1_108' title='bbox 1652 1640 1719 1675; x_wconf 68' lang='grc'>⁷⁸*</span> <span class='ocrx_word' id='word_1_109' title='bbox 1751 1636 1884 1711; x_wconf 82' lang='grc' dir='ltr'>μὲλ-</span> 
     </span>
    </p>
   </div>
   <div class='ocr_carea' id='block_1_16' title="bbox 227 1724 1885 1804">
    <p class='ocr_par' dir='ltr' id='par_1_16' title="bbox 227 1724 1885 1804">
     <span class='ocr_line' id='line_1_16' title="bbox 227 1724 1885 1804; baseline -0.001 -21"><span class='ocrx_word' id='word_1_110' title='bbox 227 1726 346 1783; x_wconf 88' lang='grc' dir='ltr'>λων</span> <span class='ocrx_word' id='word_1_111' title='bbox 400 1727 651 1802; x_wconf 84' lang='grc' dir='ltr'>κρίνειν,</span> <span class='ocrx_word' id='word_1_112' title='bbox 699 1726 775 1789; x_wconf 87' lang='grc' dir='ltr'>ὠς</span> <span class='ocrx_word' id='word_1_113' title='bbox 835 1724 1101 1789; x_wconf 76' lang='grc' dir='ltr'>διδάσκεις</span> <span class='ocrx_word' id='word_1_114' title='bbox 1154 1729 1325 1800; x_wconf 79' lang='grc' dir='ltr'>ἡμᾶς,</span> <span class='ocrx_word' id='word_1_115' title='bbox 1385 1727 1447 1781; x_wconf 88' lang='grc' dir='ltr'>οὐ</span> <span class='ocrx_word' id='word_1_116' title='bbox 1505 1724 1885 1804; x_wconf 80' lang='grc' dir='ltr'>φιλάνθρωπός</span> 
     </span>
    </p>
   </div>
   <div class='ocr_carea' id='block_1_17' title="bbox 224 1814 1883 1892">
    <p class='ocr_par' dir='ltr' id='par_1_17' title="bbox 224 1814 1883 1892">
     <span class='ocr_line' id='line_1_17' title="bbox 224 1814 1883 1892; baseline -0.001 -21"><span class='ocrx_word' id='word_1_117' title='bbox 224 1816 342 1871; x_wconf 76' lang='grc' dir='ltr'>ἐστι</span> <span class='ocrx_word' id='word_1_118' title='bbox 372 1818 495 1888; x_wconf 86' lang='grc'>(10)</span> <span class='ocrx_word' id='word_1_119' title='bbox 528 1836 542 1885; x_wconf 89' lang='grc'><strong>;</strong></span> <span class='ocrx_word' id='word_1_120' title='bbox 575 1815 673 1870; x_wconf 83' lang='grc' dir='ltr'>Καὶ</span> <span class='ocrx_word' id='word_1_121' title='bbox 706 1817 733 1870; x_wconf 97' lang='lat'>6</span> <span class='ocrx_word' id='word_1_122' title='bbox 784 1816 1005 1890; x_wconf 59' lang='grc' dir='ltr'>Πέτρος</span> <span class='ocrx_word' id='word_1_123' title='bbox 1052 1816 1368 1871; x_wconf 88' lang='grc' dir='ltr'>Τούναντίον</span> <span class='ocrx_word' id='word_1_124' title='bbox 1421 1815 1615 1892; x_wconf 74' lang='grc' dir='ltr'>Λέγεις.</span> <span class='ocrx_word' id='word_1_125' title='bbox 1664 1814 1883 1885; x_wconf 78' lang='grc' dir='ltr'>Ἐπειδὴ</span> 
     </span>
    </p>
   </div>
   <div class='ocr_carea' id='block_1_18' title="bbox 220 1904 1887 1983">
    <p class='ocr_par' dir='ltr' id='par_1_18' title="bbox 220 1904 1887 1983">
     <span class='ocr_line' id='line_1_18' title="bbox 220 1904 1887 1983; baseline -0.001 -25"><span class='ocrx_word' id='word_1_126' title='bbox 220 1906 327 1980; x_wconf 73' lang='grc' dir='ltr'>γᾶρ</span> <span class='ocrx_word' id='word_1_127' title='bbox 353 1904 553 1976; x_wconf 83' lang='grc' dir='ltr'>κρίνει,</span> <span class='ocrx_word' id='word_1_128' title='bbox 599 1904 983 1982; x_wconf 65' lang='grc' dir='ltr'>φιλάνθρωπός</span> <span class='ocrx_word' id='word_1_129' title='bbox 1036 1905 1165 1961; x_wconf 83' lang='grc' dir='ltr'>ἐστι’</span> <span class='ocrx_word' id='word_1_130' title='bbox 1213 1904 1388 1983; x_wconf 79' lang='grc' dir='ltr'>φιλῶν</span> <span class='ocrx_word' id='word_1_131' title='bbox 1438 1907 1538 1981; x_wconf 70' lang='grc' dir='ltr'>γὰρ</span> <span class='ocrx_word' id='word_1_132' title='bbox 1587 1905 1676 1959; x_wconf 84' lang='grc' dir='ltr'>καὶ</span> <span class='ocrx_word' id='word_1_133' title='bbox 1722 1904 1887 1959; x_wconf 77' lang='grc' dir='ltr'>ἐλεῶν</span> 
     </span>
    </p>
   </div>
   <div class='ocr_carea' id='block_1_19' title="bbox 217 1990 1877 2068">
    <p class='ocr_par' dir='ltr' id='par_1_19' title="bbox 217 1990 1877 2068">
     <span class='ocr_line' id='line_1_19' title="bbox 217 1990 1877 2068; baseline 0.001 -20"><span class='ocrx_word' id='word_1_134' title='bbox 217 1993 351 2054; x_wconf 70' lang='grc' dir='ltr'>τοὺς</span> <span class='ocrx_word' id='word_1_135' title='bbox 410 1990 786 2066; x_wconf 72' lang='grc' dir='ltr'>ἠδικημένους</span> <span class='ocrx_word' id='word_1_136' title='bbox 820 2040 834 2065; x_wconf 90' lang='grc'>,</span> <span class='ocrx_word' id='word_1_137' title='bbox 889 2000 1209 2068; x_wconf 86' lang='grc' dir='ltr'>τιμωρεῖται</span> <span class='ocrx_word' id='word_1_138' title='bbox 1282 1992 1409 2056; x_wconf 79' lang='grc' dir='ltr'>τοὺς</span> <span class='ocrx_word' id='word_1_139' title='bbox 1481 1991 1877 2063; x_wconf 70' lang='grc' dir='ltr'>ἀδικήσαντας.</span> 
     </span>
    </p>
   </div>
   <div class='ocr_carea' id='block_1_20' title="bbox 218 2080 1879 2159">
    <p class='ocr_par' dir='ltr' id='par_1_20' title="bbox 218 2080 1879 2159">
     <span class='ocr_line' id='line_1_20' title="bbox 218 2080 1879 2159; baseline -0.002 -20"><span class='ocrx_word' id='word_1_140' title='bbox 218 2084 395 2157; x_wconf 83' lang='grc' dir='ltr'>Κάγὼ</span> <span class='ocrx_word' id='word_1_141' title='bbox 428 2080 584 2159; x_wconf 70' lang='grc' dir='ltr'>ἔφην·</span> <span class='ocrx_word' id='word_1_142' title='bbox 620 2083 849 2152; x_wconf 80' lang='grc' dir='ltr'>Οὐκοῦν,</span> <span class='ocrx_word' id='word_1_143' title='bbox 886 2082 929 2137; x_wconf 78' lang='grc' dir='ltr'>εἰ</span> <span class='ocrx_word' id='word_1_144' title='bbox 977 2082 1125 2157; x_wconf 84' lang='grc' dir='ltr'>κάγὼ</span> <span class='ocrx_word' id='word_1_145' title='bbox 1175 2082 1403 2158; x_wconf 78' lang='grc' dir='ltr'>ἀγαθοὺς</span> <span class='ocrx_word' id='word_1_146' title='bbox 1456 2083 1549 2154; x_wconf 80' lang='grc' dir='ltr'>μὶν</span> <span class='ocrx_word' id='word_1_147' title='bbox 1593 2083 1879 2157; x_wconf 80' lang='grc' dir='ltr'>εὐεργετῶ,</span> 
     </span>
    </p>
   </div>
   <div class='ocr_carea' id='block_1_21' title="bbox 219 2166 1879 2245">
    <p class='ocr_par' dir='ltr' id='par_1_21' title="bbox 219 2166 1879 2245">
     <span class='ocr_line' id='line_1_21' title="bbox 219 2166 1879 2245; baseline 0 -22"><span class='ocrx_word' id='word_1_148' title='bbox 219 2169 353 2230; x_wconf 73' lang='grc' dir='ltr'>τοὺς</span> <span class='ocrx_word' id='word_1_149' title='bbox 408 2166 469 2223; x_wconf 76' lang='grc' dir='ltr'>δὲ</span> <span class='ocrx_word' id='word_1_150' title='bbox 518 2166 836 2231; x_wconf 68' lang='grc' dir='ltr'>ἀδικοῦντας</span> <span class='ocrx_word' id='word_1_151' title='bbox 879 2171 996 2223; x_wconf 86' lang='grc' dir='ltr'>καθ’</span> <span class='ocrx_word' id='word_1_152' title='bbox 1040 2170 1069 2223; x_wconf 79' lang='grc' dir='ltr'>’ὀ</span> <span class='ocrx_word' id='word_1_153' title='bbox 1120 2170 1434 2245; x_wconf 76' lang='grc' dir='ltr'>ἀνθρώπους</span> <span class='ocrx_word' id='word_1_154' title='bbox 1483 2167 1751 2238; x_wconf 73' lang='grc' dir='ltr'>ἠδίκησαν</span> <span class='ocrx_word' id='word_1_155' title='bbox 1803 2191 1879 2224; x_wconf 87' lang='grc' dir='ltr'>τι-</span> 
     </span>
    </p>
   </div>
   <div class='ocr_carea' id='block_1_22' title="bbox 226 2256 1883 2334">
    <p class='ocr_par' dir='ltr' id='par_1_22' title="bbox 226 2256 1883 2334">
     <span class='ocr_line' id='line_1_22' title="bbox 226 2256 1883 2334; baseline 0.001 -22"><span class='ocrx_word' id='word_1_156' title='bbox 226 2261 553 2331; x_wconf 82' lang='grc' dir='ltr'>μωροῦμαι,</span> <span class='ocrx_word' id='word_1_157' title='bbox 604 2256 988 2334; x_wconf 77' lang='grc' dir='ltr'>φιλάνθρωπός</span> <span class='ocrx_word' id='word_1_158' title='bbox 1033 2258 1167 2331; x_wconf 84' lang='grc' dir='ltr'>εἰμι.</span> <span class='ocrx_word' id='word_1_159' title='bbox 1202 2260 1359 2313; x_wconf 82' lang='grc' dir='ltr'>Καὶὸ</span> <span class='ocrx_word' id='word_1_160' title='bbox 1408 2261 1611 2333; x_wconf 66' lang='grc' dir='ltr'>Πέτρος</span> <span class='ocrx_word' id='word_1_161' title='bbox 1656 2258 1883 2334; x_wconf 86' lang='grc' dir='ltr'>ἀπεκρί-</span> 
     </span>
    </p>
   </div>
   <div class='ocr_carea' id='block_1_23' title="bbox 223 2345 1882 2425">
    <p class='ocr_par' dir='ltr' id='par_1_23' title="bbox 223 2345 1882 2425">
     <span class='ocr_line' id='line_1_23' title="bbox 223 2345 1882 2425; baseline 0.001 -25"><span class='ocrx_word' id='word_1_162' title='bbox 223 2366 377 2400; x_wconf 82' lang='grc' dir='ltr'>νατο·</span> <span class='ocrx_word' id='word_1_163' title='bbox 414 2345 481 2399; x_wconf 71' lang='grc' dir='ltr'>Εἴ</span> <span class='ocrx_word' id='word_1_164' title='bbox 515 2346 650 2419; x_wconf 86' lang='grc' dir='ltr'>μετά</span> <span class='ocrx_word' id='word_1_165' title='bbox 674 2351 773 2401; x_wconf 89' lang='grc' dir='ltr'>τοῦ</span> <span class='ocrx_word' id='word_1_166' title='bbox 819 2346 1126 2423; x_wconf 87' lang='grc' dir='ltr'>πρόγνωσιν</span> <span class='ocrx_word' id='word_1_167' title='bbox 1176 2345 1345 2423; x_wconf 72' lang='grc' dir='ltr'>ἔχειν,</span> <span class='ocrx_word' id='word_1_168' title='bbox 1391 2347 1568 2425; x_wconf 73' lang='grc' dir='ltr'>ἐφεῖτό</span> <span class='ocrx_word' id='word_1_169' title='bbox 1614 2369 1696 2403; x_wconf 90' lang='grc' dir='ltr'>σοι</span> <span class='ocrx_word' id='word_1_170' title='bbox 1728 2348 1817 2403; x_wconf 83' lang='grc' dir='ltr'>καὶ</span> <span class='ocrx_word' id='word_1_171' title='bbox 1848 2352 1882 2418; x_wconf 84' lang='grc' dir='ltr'>ἡ</span> 
     </span>
    </p>
   </div>
   <div class='ocr_carea' id='block_1_24' title="bbox 228 2434 1884 2511">
    <p class='ocr_par' dir='ltr' id='par_1_24' title="bbox 228 2434 1884 2511">
     <span class='ocr_line' id='line_1_24' title="bbox 228 2434 1884 2511; baseline 0.001 -21"><span class='ocrx_word' id='word_1_172' title='bbox 228 2440 327 2490; x_wconf 77' lang='grc' dir='ltr'>τοῦ</span> <span class='ocrx_word' id='word_1_173' title='bbox 367 2434 573 2509; x_wconf 87' lang='grc' dir='ltr'>κρίνειν</span> <span class='ocrx_word' id='word_1_174' title='bbox 625 2434 855 2504; x_wconf 72' lang='grc' dir='ltr'>ἐξουσία,</span> <span class='ocrx_word' id='word_1_175' title='bbox 893 2435 1065 2509; x_wconf 82' lang='grc' dir='ltr'>ὀρθῶς</span> <span class='ocrx_word' id='word_1_176' title='bbox 1096 2435 1155 2490; x_wconf 75' lang='grc' dir='ltr'>ἂν</span> <span class='ocrx_word' id='word_1_177' title='bbox 1200 2441 1359 2491; x_wconf 89' lang='grc' dir='ltr'>τοῦτο</span> <span class='ocrx_word' id='word_1_178' title='bbox 1409 2436 1627 2500; x_wconf 72' lang='grc' dir='ltr'>ἐποίειςο</span> <span class='ocrx_word' id='word_1_179' title='bbox 1666 2435 1754 2492; x_wconf 74' lang='grc' dir='ltr'>διὰ</span> <span class='ocrx_word' id='word_1_180' title='bbox 1790 2438 1884 2511; x_wconf 75' lang='grc' dir='ltr'>μὲν</span> 
     </span>
    </p>
   </div>
   <div class='ocr_carea' id='block_1_25' title="bbox 224 2521 1889 2601">
    <p class='ocr_par' dir='ltr' id='par_1_25' title="bbox 224 2521 1889 2601">
     <span class='ocr_line' id='line_1_25' title="bbox 224 2521 1889 2601; baseline 0.001 -22"><span class='ocrx_word' id='word_1_181' title='bbox 224 2529 325 2579; x_wconf 76' lang='grc' dir='ltr'>τοῦ</span> <span class='ocrx_word' id='word_1_182' title='bbox 360 2521 650 2601; x_wconf 71' lang='grc' dir='ltr'>εἰληφέναι</span> <span class='ocrx_word' id='word_1_183' title='bbox 686 2525 787 2593; x_wconf 76' lang='grc' dir='ltr'>τὴν</span> <span class='ocrx_word' id='word_1_184' title='bbox 832 2523 1091 2595; x_wconf 74' lang='grc' dir='ltr'>ἐξουσίαν,</span> <span class='ocrx_word' id='word_1_185' title='bbox 1141 2523 1508 2595; x_wconf 77' lang='grc' dir='ltr'>γαταδικάζων</span> <span class='ocrx_word' id='word_1_186' title='bbox 1555 2526 1645 2587; x_wconf 74' lang='grc' dir='ltr'>οὓς</span> <span class='ocrx_word' id='word_1_187' title='bbox 1694 2528 1721 2581; x_wconf 89' lang='lat'>6</span> <span class='ocrx_word' id='word_1_188' title='bbox 1761 2527 1889 2589; x_wconf 86' lang='grc' dir='ltr'>Θεὸς</span> 
     </span>
    </p>
   </div>
   <div class='ocr_carea' id='block_1_26' title="bbox 232 2611 1888 2689">
    <p class='ocr_par' dir='ltr' id='par_1_26' title="bbox 232 2611 1888 2689">
     <span class='ocr_line' id='line_1_26' title="bbox 232 2611 1888 2689; baseline 0.001 -21"><span class='ocrx_word' id='word_1_189' title='bbox 232 2611 675 2687; x_wconf 73' lang='grc' dir='ltr'>ὶδημιούργησε’</span> <span class='ocrx_word' id='word_1_190' title='bbox 724 2611 815 2667; x_wconf 82' lang='grc' dir='ltr'>διά</span> <span class='ocrx_word' id='word_1_191' title='bbox 856 2611 912 2669; x_wconf 77' lang='grc' dir='ltr'>δὲ</span> <span class='ocrx_word' id='word_1_192' title='bbox 956 2615 1056 2683; x_wconf 74' lang='grc' dir='ltr'>τὴν</span> <span class='ocrx_word' id='word_1_193' title='bbox 1101 2614 1410 2689; x_wconf 88' lang='grc' dir='ltr'>πρόγνωσιν</span> <span class='ocrx_word' id='word_1_194' title='bbox 1440 2616 1551 2688; x_wconf 74' lang='lat' dir='ltr'>(Il)</span> <span class='ocrx_word' id='word_1_195' title='bbox 1583 2614 1888 2677; x_wconf 83' lang='grc' dir='ltr'>ἀπταίστως</span> 
     </span>
    </p>
   </div>
   <div class='ocr_carea' id='block_1_27' title="bbox 230 2699 1890 2777">
    <p class='ocr_par' dir='ltr' id='par_1_27' title="bbox 230 2699 1890 2777">
     <span class='ocr_line' id='line_1_27' title="bbox 230 2699 1890 2777; baseline 0.001 -21"><span class='ocrx_word' id='word_1_196' title='bbox 230 2700 283 2756; x_wconf 75' lang='grc' dir='ltr'>ἐν</span> <span class='ocrx_word' id='word_1_197' title='bbox 318 2700 405 2774; x_wconf 84' lang='grc' dir='ltr'>τῷ</span> <span class='ocrx_word' id='word_1_198' title='bbox 434 2700 660 2777; x_wconf 88' lang='grc' dir='ltr'>κρίνειν,</span> <span class='ocrx_word' id='word_1_199' title='bbox 713 2701 806 2763; x_wconf 75' lang='grc' dir='ltr'>οὓς</span> <span class='ocrx_word' id='word_1_200' title='bbox 860 2703 953 2774; x_wconf 75' lang='grc' dir='ltr'>μὲν</span> <span class='ocrx_word' id='word_1_201' title='bbox 1004 2702 1081 2764; x_wconf 86' lang='grc' dir='ltr'>ὡς</span> <span class='ocrx_word' id='word_1_202' title='bbox 1125 2699 1367 2764; x_wconf 76' lang='grc' dir='ltr'>δικαίους</span> <span class='ocrx_word' id='word_1_203' title='bbox 1417 2700 1662 2773; x_wconf 85' lang='grc' dir='ltr'>δικαιῶν,</span> <span class='ocrx_word' id='word_1_204' title='bbox 1711 2701 1803 2764; x_wconf 76' lang='grc' dir='ltr'>οὓς</span> <span class='ocrx_word' id='word_1_205' title='bbox 1834 2700 1890 2757; x_wconf 71' lang='grc' dir='ltr'>δὲ</span> 
     </span>
    </p>
   </div>
   <div class='ocr_carea' id='block_1_28' title="bbox 228 2787 1887 2869">
    <p class='ocr_par' dir='ltr' id='par_1_28' title="bbox 228 2787 1887 2869">
     <span class='ocr_line' id='line_1_28' title="bbox 228 2787 1887 2869; baseline 0.001 -25"><span class='ocrx_word' id='word_1_206' title='bbox 228 2790 304 2852; x_wconf 85' lang='grc' dir='ltr'>ὡς</span> <span class='ocrx_word' id='word_1_207' title='bbox 352 2787 579 2851; x_wconf 79' lang='grc' dir='ltr'>ἀδίκους</span> <span class='ocrx_word' id='word_1_208' title='bbox 627 2788 1036 2860; x_wconf 83' lang='grc' dir='ltr'>καταδικάζων.</span> <span class='ocrx_word' id='word_1_209' title='bbox 1087 2792 1246 2867; x_wconf 85' lang='grc' dir='ltr'>Κάγὼ</span> <span class='ocrx_word' id='word_1_210' title='bbox 1294 2790 1464 2868; x_wconf 79' lang='grc' dir='ltr'>ἔφην.</span> <span class='ocrx_word' id='word_1_211' title='bbox 1512 2796 1713 2868; x_wconf 83' lang='grc' dir='ltr'>Ὀρθῶς</span> <span class='ocrx_word' id='word_1_212' title='bbox 1755 2789 1887 2869; x_wconf 73' lang='grc' dir='ltr'>ἔφης</span> 
     </span>
    </p>
   </div>
   <div class='ocr_carea' id='block_1_29' title="bbox 225 2876 1891 2956">
    <p class='ocr_par' dir='ltr' id='par_1_29' title="bbox 225 2876 1891 2956">
     <span class='ocr_line' id='line_1_29' title="bbox 225 2876 1891 2956; baseline 0 -22"><span class='ocrx_word' id='word_1_213' title='bbox 225 2880 314 2934; x_wconf 75' lang='grc' dir='ltr'>καὶ</span> <span class='ocrx_word' id='word_1_214' title='bbox 347 2877 596 2949; x_wconf 83' lang='grc' dir='ltr'>ἀληθῶς·</span> <span class='ocrx_word' id='word_1_215' title='bbox 634 2876 891 2933; x_wconf 71' lang='grc' dir='ltr'>ἀδύνατον</span> <span class='ocrx_word' id='word_1_216' title='bbox 923 2879 1023 2955; x_wconf 74' lang='grc' dir='ltr'>γὰρ</span> <span class='ocrx_word' id='word_1_217' title='bbox 1070 2901 1187 2934; x_wconf 91' lang='grc' dir='ltr'>τινα</span> <span class='ocrx_word' id='word_1_218' title='bbox 1215 2880 1514 2956; x_wconf 88' lang='grc' dir='ltr'>πρόγνωσιν</span> <span class='ocrx_word' id='word_1_219' title='bbox 1568 2879 1667 2934; x_wconf 89' lang='grc' dir='ltr'>οὐκ</span> <span class='ocrx_word' id='word_1_220' title='bbox 1694 2876 1891 2955; x_wconf 81' lang='grc' dir='ltr'>ἔχοντα</span> 
     </span>
    </p>
   </div>
   <div class='ocr_carea' id='block_1_30' title="bbox 222 2966 1885 3045">
    <p class='ocr_par' dir='ltr' id='par_1_30' title="bbox 222 2966 1885 3045">
     <span class='ocr_line' id='line_1_30' title="bbox 222 2966 1885 3045; baseline 0.002 -25"><span class='ocrx_word' id='word_1_221' title='bbox 222 2967 423 3037; x_wconf 80' lang='grc' dir='ltr'>κρίνειν</span> <span class='ocrx_word' id='word_1_222' title='bbox 486 2966 696 3043; x_wconf 85' lang='grc' dir='ltr'>ὀρθῶς.</span> <span class='ocrx_word' id='word_1_223' title='bbox 757 2967 957 3022; x_wconf 85' lang='grc' dir='ltr'>Ἐνίοτε</span> <span class='ocrx_word' id='word_1_224' title='bbox 1005 2970 1106 3043; x_wconf 74' lang='grc' dir='ltr'>γὰρ</span> <span class='ocrx_word' id='word_1_225' title='bbox 1166 2968 1442 3045; x_wconf 78' lang='grc' dir='ltr'>φαίνονταί</span> <span class='ocrx_word' id='word_1_226' title='bbox 1484 2990 1627 3031; x_wconf 92' lang='grc' dir='ltr'>τινες</span> <span class='ocrx_word' id='word_1_227' title='bbox 1677 2970 1885 3044; x_wconf 74' lang='grc' dir='ltr'>ἀγαθοὶ,</span> 
     </span>
    </p>
   </div>
   <div class='ocr_carea' id='block_1_31' title="bbox 1996 662 3635 736">
    <p class='ocr_par' dir='ltr' id='par_1_31' title="bbox 1996 662 3635 736">
     <span class='ocr_line' id='line_1_31' title="bbox 1996 662 3635 736; baseline 0.001 -19"><span class='ocrx_word' id='word_1_228' title='bbox 1996 662 2142 718; x_wconf 88' lang='lat' dir='ltr'>festo</span> <span class='ocrx_word' id='word_1_229' title='bbox 2173 664 2329 718; x_wconf 92' lang='lat' dir='ltr'>audi.</span> <span class='ocrx_word' id='word_1_230' title='bbox 2365 664 2504 718; x_wconf 88' lang='lat' dir='ltr'>Mihi</span> <span class='ocrx_word' id='word_1_231' title='bbox 2557 665 2767 736; x_wconf 89' lang='lat' dir='ltr'>cogita,</span> <span class='ocrx_word' id='word_1_232' title='bbox 2820 663 3245 718; x_wconf 77' lang='lat' dir='ltr'>humanitatem</span> <span class='ocrx_word' id='word_1_233' title='bbox 3286 678 3351 717; x_wconf 84' lang='lat' dir='ltr'>ex</span> <span class='ocrx_word' id='word_1_234' title='bbox 3406 663 3635 718; x_wconf 87' lang='lat' dir='ltr'>duabus</span> 
     </span>
    </p>
   </div>
   <div class='ocr_carea' id='block_1_32' title="bbox 1994 751 3637 823">
    <p class='ocr_par' dir='ltr' id='par_1_32' title="bbox 1994 751 3637 823">
     <span class='ocr_line' id='line_1_32' title="bbox 1994 751 3637 823; baseline 0.001 -18"><span class='ocrx_word' id='word_1_235' title='bbox 1994 752 2258 823; x_wconf 89' lang='lat' dir='ltr'>partibus</span> <span class='ocrx_word' id='word_1_236' title='bbox 2280 757 2543 807; x_wconf 81' lang='lat' dir='ltr'>constare</span> <span class='ocrx_word' id='word_1_237' title='bbox 2578 778 2591 819; x_wconf 87' lang='lat'><strong>;</strong></span> <span class='ocrx_word' id='word_1_238' title='bbox 2618 770 2867 823; x_wconf 88' lang='lat' dir='ltr'>quarum</span> <span class='ocrx_word' id='word_1_239' title='bbox 2900 769 3017 807; x_wconf 90' lang='lat' dir='ltr'>una</span> <span class='ocrx_word' id='word_1_240' title='bbox 3046 751 3637 822; x_wconf 84' lang='lat' dir='ltr'>quidem,misericor-</span> 
     </span>
    </p>
   </div>
   <div class='ocr_carea' id='block_1_33' title="bbox 1996 840 3631 912">
    <p class='ocr_par' dir='ltr' id='par_1_33' title="bbox 1996 840 3631 912">
     <span class='ocr_line' id='line_1_33' title="bbox 1996 840 3631 912; baseline 0.001 -19"><span class='ocrx_word' id='word_1_241' title='bbox 1996 841 2091 895; x_wconf 88' lang='lat' dir='ltr'>dia</span> <span class='ocrx_word' id='word_1_242' title='bbox 2119 840 2237 905; x_wconf 87' lang='lat' dir='ltr'>sit;</span> <span class='ocrx_word' id='word_1_243' title='bbox 2265 841 2444 897; x_wconf 86' lang='lat' dir='ltr'>altera</span> <span class='ocrx_word' id='word_1_244' title='bbox 2470 858 2621 905; x_wconf 90' lang='lat' dir='ltr'>vero,</span> <span class='ocrx_word' id='word_1_245' title='bbox 2656 841 2888 896; x_wconf 85' lang='lat' dir='ltr'>dilectio</span> <span class='ocrx_word' id='word_1_246' title='bbox 2916 842 2972 896; x_wconf 91' lang='lat' dir='ltr'>in</span> <span class='ocrx_word' id='word_1_247' title='bbox 3027 841 3355 912; x_wconf 84' lang='lat' dir='ltr'>proximum</span> <span class='ocrx_word' id='word_1_248' title='bbox 3390 858 3402 895; x_wconf 86' lang='lat'><strong>:</strong></span> <span class='ocrx_word' id='word_1_249' title='bbox 3440 841 3631 911; x_wconf 78' lang='lat' dir='ltr'>proxi-</span> 
     </span>
    </p>
   </div>
   <div class='ocr_carea' id='block_1_34' title="bbox 1997 930 3630 1001">
    <p class='ocr_par' dir='ltr' id='par_1_34' title="bbox 1997 930 3630 1001">
     <span class='ocr_line' id='line_1_34' title="bbox 1997 930 3630 1001; baseline 0.001 -19"><span class='ocrx_word' id='word_1_250' title='bbox 1997 945 2131 984; x_wconf 92' lang='lat' dir='ltr'>mus</span> <span class='ocrx_word' id='word_1_251' title='bbox 2162 940 2355 985; x_wconf 86' lang='lat' dir='ltr'>autem</span> <span class='ocrx_word' id='word_1_252' title='bbox 2408 931 2631 985; x_wconf 82' lang='lat' dir='ltr'>homini</span> <span class='ocrx_word' id='word_1_253' title='bbox 2690 934 2798 997; x_wconf 91' lang='lat' dir='ltr'>est,</span> <span class='ocrx_word' id='word_1_254' title='bbox 2858 930 3105 1001; x_wconf 88' lang='lat' dir='ltr'>quilibet</span> <span class='ocrx_word' id='word_1_255' title='bbox 3164 930 3361 993; x_wconf 90' lang='lat' dir='ltr'>homo,</span> <span class='ocrx_word' id='word_1_256' title='bbox 3414 931 3630 984; x_wconf 86' lang='lat' dir='ltr'>nedum</span> 
     </span>
    </p>
   </div>
   <div class='ocr_carea' id='block_1_35' title="bbox 1997 1016 3629 1085">
    <p class='ocr_par' dir='ltr' id='par_1_35' title="bbox 1997 1016 3629 1085">
     <span class='ocr_line' id='line_1_35' title="bbox 1997 1016 3629 1085; baseline 0.002 -16"><span class='ocrx_word' id='word_1_257' title='bbox 1997 1032 2151 1070; x_wconf 90' lang='lat' dir='ltr'>unus</span> <span class='ocrx_word' id='word_1_258' title='bbox 2183 1016 2395 1085; x_wconf 88' lang='lat' dir='ltr'>homo;</span> <span class='ocrx_word' id='word_1_259' title='bbox 2430 1017 2602 1072; x_wconf 90' lang='lat' dir='ltr'>homo</span> <span class='ocrx_word' id='word_1_260' title='bbox 2634 1018 2788 1072; x_wconf 90' lang='lat' dir='ltr'>enim</span> <span class='ocrx_word' id='word_1_261' title='bbox 2820 1023 2928 1081; x_wconf 89' lang='lat' dir='ltr'>est,</span> <span class='ocrx_word' id='word_1_262' title='bbox 2961 1018 3135 1072; x_wconf 86' lang='lat' dir='ltr'>etiam</span> <span class='ocrx_word' id='word_1_263' title='bbox 3180 1016 3387 1085; x_wconf 76' lang='lat' dir='ltr'>malus,</span> <span class='ocrx_word' id='word_1_264' title='bbox 3440 1021 3497 1072; x_wconf 93' lang='lat' dir='ltr'>et</span> <span class='ocrx_word' id='word_1_265' title='bbox 3528 1017 3629 1072; x_wconf 90' lang='lat' dir='ltr'>bo-</span> 
     </span>
    </p>
   </div>
   <div class='ocr_carea' id='block_1_36' title="bbox 1996 1104 3631 1177">
    <p class='ocr_par' dir='ltr' id='par_1_36' title="bbox 1996 1104 3631 1177">
     <span class='ocr_line' id='line_1_36' title="bbox 1996 1104 3631 1177; baseline 0.001 -19"><span class='ocrx_word' id='word_1_266' title='bbox 1996 1121 2127 1171; x_wconf 91' lang='lat' dir='ltr'>nus,</span> <span class='ocrx_word' id='word_1_267' title='bbox 2162 1104 2348 1160; x_wconf 91' lang='lat' dir='ltr'>hostis</span> <span class='ocrx_word' id='word_1_268' title='bbox 2380 1106 2593 1177; x_wconf 89' lang='lat' dir='ltr'>pariter</span> <span class='ocrx_word' id='word_1_269' title='bbox 2622 1123 2687 1161; x_wconf 85' lang='lat' dir='ltr'>ac</span> <span class='ocrx_word' id='word_1_270' title='bbox 2734 1108 2976 1161; x_wconf 92' lang='lat' dir='ltr'>amicus.</span> <span class='ocrx_word' id='word_1_271' title='bbox 3028 1105 3265 1177; x_wconf 91' lang='lat' dir='ltr'>Oportet</span> <span class='ocrx_word' id='word_1_272' title='bbox 3314 1122 3449 1177; x_wconf 89' lang='lat' dir='ltr'>ergo</span> <span class='ocrx_word' id='word_1_273' title='bbox 3497 1122 3631 1160; x_wconf 89' lang='lat' dir='ltr'>eum</span> 
     </span>
    </p>
   </div>
   <div class='ocr_carea' id='block_1_37' title="bbox 1996 1193 3634 1263">
    <p class='ocr_par' dir='ltr' id='par_1_37' title="bbox 1996 1193 3634 1263">
     <span class='ocr_line' id='line_1_37' title="bbox 1996 1193 3634 1263; baseline 0.002 -17"><span class='ocrx_word' id='word_1_274' title='bbox 1996 1194 2095 1263; x_wconf 86' lang='lat' dir='ltr'>qui</span> <span class='ocrx_word' id='word_1_275' title='bbox 2129 1193 2553 1249; x_wconf 79' lang='lat' dir='ltr'>humanitatem</span> <span class='ocrx_word' id='word_1_276' title='bbox 2578 1195 2735 1263; x_wconf 85' lang='lat' dir='ltr'>colit,</span> <span class='ocrx_word' id='word_1_277' title='bbox 2771 1196 3123 1251; x_wconf 83' lang='lat' dir='ltr'>imitatorem</span> <span class='ocrx_word' id='word_1_278' title='bbox 3156 1195 3255 1249; x_wconf 89' lang='lat' dir='ltr'>Dei</span> <span class='ocrx_word' id='word_1_279' title='bbox 3290 1210 3436 1263; x_wconf 91' lang='lat' dir='ltr'>esse,</span> <span class='ocrx_word' id='word_1_280' title='bbox 3474 1199 3530 1249; x_wconf 89' lang='lat' dir='ltr'>et</span> <span class='ocrx_word' id='word_1_281' title='bbox 3562 1195 3634 1250; x_wconf 87' lang='lat' dir='ltr'>de</span> 
     </span>
    </p>
   </div>
   <div class='ocr_carea' id='block_1_38' title="bbox 1987 1282 3639 1355">
    <p class='ocr_par' dir='ltr' id='par_1_38' title="bbox 1987 1282 3639 1355">
     <span class='ocr_line' id='line_1_38' title="bbox 1987 1282 3639 1355; baseline 0.001 -20"><span class='ocrx_word' id='word_1_282' title='bbox 1987 1282 2172 1353; x_wconf 87' lang='lat' dir='ltr'>justis</span> <span class='ocrx_word' id='word_1_283' title='bbox 2204 1287 2376 1355; x_wconf 90' lang='lat' dir='ltr'>atque</span> <span class='ocrx_word' id='word_1_284' title='bbox 2409 1283 2648 1354; x_wconf 64' lang='lat' dir='ltr'>injustis</span> <span class='ocrx_word' id='word_1_285' title='bbox 2679 1284 2825 1339; x_wconf 87' lang='lat' dir='ltr'>bene</span> <span class='ocrx_word' id='word_1_286' title='bbox 2857 1283 3064 1339; x_wconf 87' lang='lat' dir='ltr'>mereri</span> <span class='ocrx_word' id='word_1_287' title='bbox 3099 1301 3110 1350; x_wconf 91' lang='lat'>;</span> <span class='ocrx_word' id='word_1_288' title='bbox 3145 1283 3299 1338; x_wconf 86' lang='lat' dir='ltr'>sicut</span> <span class='ocrx_word' id='word_1_289' title='bbox 3340 1283 3461 1354; x_wconf 86' lang='lat' dir='ltr'>ipse</span> <span class='ocrx_word' id='word_1_290' title='bbox 3490 1288 3639 1338; x_wconf 86' lang='lat' dir='ltr'>Deus</span> 
     </span>
    </p>
   </div>
   <div class='ocr_carea' id='block_1_39' title="bbox 1996 1370 3641 1442">
    <p class='ocr_par' dir='ltr' id='par_1_39' title="bbox 1996 1370 3641 1442">
     <span class='ocr_line' id='line_1_39' title="bbox 1996 1370 3641 1442; baseline 0.002 -19"><span class='ocrx_word' id='word_1_291' title='bbox 1996 1370 2055 1423; x_wconf 92' lang='lat' dir='ltr'>in</span> <span class='ocrx_word' id='word_1_292' title='bbox 2089 1370 2196 1425; x_wconf 87' lang='lat' dir='ltr'>hoc</span> <span class='ocrx_word' id='word_1_293' title='bbox 2229 1372 2448 1426; x_wconf 91' lang='lat' dir='ltr'>mundo</span> <span class='ocrx_word' id='word_1_294' title='bbox 2482 1371 2664 1427; x_wconf 84' lang='lat' dir='ltr'>solem</span> <span class='ocrx_word' id='word_1_295' title='bbox 2699 1372 3033 1441; x_wconf 86' lang='lat' dir='ltr'>imbresque</span> <span class='ocrx_word' id='word_1_296' title='bbox 3064 1388 3201 1427; x_wconf 89' lang='lat' dir='ltr'>suos</span> <span class='ocrx_word' id='word_1_297' title='bbox 3232 1370 3458 1426; x_wconf 85' lang='lat' dir='ltr'>cunctis</span> <span class='ocrx_word' id='word_1_298' title='bbox 3490 1388 3641 1442; x_wconf 63' lang='lat' dir='ltr'>pras-</span> 
     </span>
    </p>
   </div>
   <div class='ocr_carea' id='block_1_40' title="bbox 1996 1459 3639 1531">
    <p class='ocr_par' dir='ltr' id='par_1_40' title="bbox 1996 1459 3639 1531">
     <span class='ocr_line' id='line_1_40' title="bbox 1996 1459 3639 1531; baseline 0.001 -18"><span class='ocrx_word' id='word_1_299' title='bbox 1996 1459 2094 1514; x_wconf 90' lang='lat' dir='ltr'>bet</span> <span class='ocrx_word' id='word_1_300' title='bbox 2120 1460 2182 1513; x_wconf 74' lang='lat'>7°.</span> <span class='ocrx_word' id='word_1_301' title='bbox 2219 1460 2381 1523; x_wconf 91' lang='lat' dir='ltr'>Quod</span> <span class='ocrx_word' id='word_1_302' title='bbox 2414 1460 2462 1515; x_wconf 89' lang='lat' dir='ltr'>si</span> <span class='ocrx_word' id='word_1_303' title='bbox 2498 1462 2580 1516; x_wconf 90' lang='lat' dir='ltr'>vis</span> <span class='ocrx_word' id='word_1_304' title='bbox 2610 1461 2781 1517; x_wconf 86' lang='lat' dir='ltr'>bonis</span> <span class='ocrx_word' id='word_1_305' title='bbox 2829 1461 3065 1531; x_wconf 90' lang='lat' dir='ltr'>quidem</span> <span class='ocrx_word' id='word_1_306' title='bbox 3108 1460 3468 1530; x_wconf 80' lang='lat' dir='ltr'>benefacere,</span> <span class='ocrx_word' id='word_1_307' title='bbox 3520 1476 3639 1515; x_wconf 88' lang='lat' dir='ltr'>ma-</span> 
     </span>
    </p>
   </div>
   <div class='ocr_carea' id='block_1_41' title="bbox 1996 1545 3523 1620">
    <p class='ocr_par' dir='ltr' id='par_1_41' title="bbox 1996 1545 3523 1620">
     <span class='ocr_line' id='line_1_41' title="bbox 1996 1545 3523 1620; baseline -0.001 -18"><span class='ocrx_word' id='word_1_308' title='bbox 1996 1545 2085 1603; x_wconf 90' lang='lat' dir='ltr'>los</span> <span class='ocrx_word' id='word_1_309' title='bbox 2115 1565 2247 1604; x_wconf 91' lang='lat' dir='ltr'>vero</span> <span class='ocrx_word' id='word_1_310' title='bbox 2279 1549 2507 1619; x_wconf 88' lang='lat' dir='ltr'>punire,</span> <span class='ocrx_word' id='word_1_311' title='bbox 2532 1551 2753 1620; x_wconf 89' lang='lat' dir='ltr'>judicis</span> <span class='ocrx_word' id='word_1_312' title='bbox 2781 1567 2998 1605; x_wconf 86' lang='lat' dir='ltr'>munus</span> <span class='ocrx_word' id='word_1_313' title='bbox 3027 1548 3271 1620; x_wconf 87' lang='lat' dir='ltr'>implere</span> <span class='ocrx_word' id='word_1_314' title='bbox 3300 1548 3523 1604; x_wconf 90' lang='lat' dir='ltr'>niteris.</span> 
     </span>
    </p>
   </div>
   <div class='ocr_carea' id='block_1_42' title="bbox 2069 1636 3634 1711">
    <p class='ocr_par' dir='ltr' id='par_1_42' title="bbox 2069 1636 3634 1711">
     <span class='ocr_line' id='line_1_42' title="bbox 2069 1636 3634 1711; baseline 0 -20"><span class='ocrx_word' id='word_1_315' title='bbox 2069 1636 2227 1692; x_wconf 89' lang='lat' dir='ltr'>XCV.</span> <span class='ocrx_word' id='word_1_316' title='bbox 2258 1638 2325 1693; x_wconf 87' lang='lat' dir='ltr'>Et</span> <span class='ocrx_word' id='word_1_317' title='bbox 2353 1655 2458 1710; x_wconf 91' lang='lat' dir='ltr'>ego</span> <span class='ocrx_word' id='word_1_318' title='bbox 2490 1639 2605 1693; x_wconf 80' lang='lat' dir='ltr'>dixi</span> <span class='ocrx_word' id='word_1_319' title='bbox 2641 1658 2653 1695; x_wconf 90' lang='lat'>:</span> <span class='ocrx_word' id='word_1_320' title='bbox 2690 1640 2869 1711; x_wconf 88' lang='lat' dir='ltr'>Igitur</span> <span class='ocrx_word' id='word_1_321' title='bbox 2898 1643 2953 1694; x_wconf 88' lang='lat' dir='ltr'>et</span> <span class='ocrx_word' id='word_1_322' title='bbox 2988 1639 3156 1705; x_wconf 85' lang='lat' dir='ltr'>Deus,</span> <span class='ocrx_word' id='word_1_323' title='bbox 3189 1638 3289 1710; x_wconf 92' lang='lat' dir='ltr'>qui</span> <span class='ocrx_word' id='word_1_324' title='bbox 3321 1640 3447 1692; x_wconf 90' lang='lat' dir='ltr'>tum</span> <span class='ocrx_word' id='word_1_325' title='bbox 3472 1636 3634 1707; x_wconf 87' lang='lat' dir='ltr'>judi-</span> 
     </span>
    </p>
   </div>
   <div class='ocr_carea' id='block_1_43' title="bbox 1997 1727 3635 1794">
    <p class='ocr_par' dir='ltr' id='par_1_43' title="bbox 1997 1727 3635 1794">
     <span class='ocr_line' id='line_1_43' title="bbox 1997 1727 3635 1794; baseline 0 -14"><span class='ocrx_word' id='word_1_326' title='bbox 1997 1731 2236 1781; x_wconf 92' lang='lat' dir='ltr'>caturus</span> <span class='ocrx_word' id='word_1_327' title='bbox 2267 1733 2373 1793; x_wconf 87' lang='lat' dir='ltr'>est,</span> <span class='ocrx_word' id='word_1_328' title='bbox 2408 1733 2471 1782; x_wconf 93' lang='lat' dir='ltr'>ut</span> <span class='ocrx_word' id='word_1_329' title='bbox 2504 1746 2607 1783; x_wconf 90' lang='lat' dir='ltr'>nos</span> <span class='ocrx_word' id='word_1_330' title='bbox 2638 1729 2831 1794; x_wconf 87' lang='lat' dir='ltr'>doces,</span> <span class='ocrx_word' id='word_1_331' title='bbox 2863 1744 2976 1783; x_wconf 92' lang='lat' dir='ltr'>non</span> <span class='ocrx_word' id='word_1_332' title='bbox 3026 1732 3115 1783; x_wconf 91' lang='lat' dir='ltr'>est</span> <span class='ocrx_word' id='word_1_333' title='bbox 3166 1727 3461 1782; x_wconf 88' lang='lat' dir='ltr'>humanus</span> <span class='ocrx_word' id='word_1_334' title='bbox 3491 1727 3518 1780; x_wconf 72' lang='lat'>‘1</span> <span class='ocrx_word' id='word_1_335' title='bbox 3554 1731 3635 1780; x_wconf 83' lang='lat' dir='ltr'>Ac</span> 
     </span>
    </p>
   </div>
   <div class='ocr_carea' id='block_1_44' title="bbox 1996 1814 3640 1889">
    <p class='ocr_par' dir='ltr' id='par_1_44' title="bbox 1996 1814 3640 1889">
     <span class='ocr_line' id='line_1_44' title="bbox 1996 1814 3640 1889; baseline -0.001 -19"><span class='ocrx_word' id='word_1_336' title='bbox 1996 1815 2201 1870; x_wconf 84' lang='lat' dir='ltr'>Petrus</span> <span class='ocrx_word' id='word_1_337' title='bbox 2236 1834 2248 1871; x_wconf 90' lang='lat'><strong>:</strong></span> <span class='ocrx_word' id='word_1_338' title='bbox 2283 1817 2609 1887; x_wconf 85' lang='lat' dir='ltr'>Pugnantia</span> <span class='ocrx_word' id='word_1_339' title='bbox 2637 1817 2913 1889; x_wconf 90' lang='lat' dir='ltr'>loqueris.</span> <span class='ocrx_word' id='word_1_340' title='bbox 2947 1817 3092 1872; x_wconf 89' lang='lat' dir='ltr'>Nam</span> <span class='ocrx_word' id='word_1_341' title='bbox 3126 1814 3640 1888; x_wconf 89' lang='lat' dir='ltr'>quiajudicat,bu-</span> 
     </span>
    </p>
   </div>
   <div class='ocr_carea' id='block_1_45' title="bbox 2000 1904 3639 1977">
    <p class='ocr_par' dir='ltr' id='par_1_45' title="bbox 2000 1904 3639 1977">
     <span class='ocr_line' id='line_1_45' title="bbox 2000 1904 3639 1977; baseline 0 -19"><span class='ocrx_word' id='word_1_342' title='bbox 2000 1921 2209 1959; x_wconf 91' lang='lat' dir='ltr'>manus</span> <span class='ocrx_word' id='word_1_343' title='bbox 2240 1910 2370 1960; x_wconf 87' lang='lat' dir='ltr'>est:</span> <span class='ocrx_word' id='word_1_344' title='bbox 2405 1906 2655 1977; x_wconf 87' lang='lat' dir='ltr'>diligens</span> <span class='ocrx_word' id='word_1_345' title='bbox 2686 1907 2839 1960; x_wconf 91' lang='lat' dir='ltr'>enim</span> <span class='ocrx_word' id='word_1_346' title='bbox 2874 1922 2939 1960; x_wconf 91' lang='lat' dir='ltr'>ac</span> <span class='ocrx_word' id='word_1_347' title='bbox 2972 1906 3284 1961; x_wconf 87' lang='lat' dir='ltr'>miseratus</span> <span class='ocrx_word' id='word_1_348' title='bbox 3318 1904 3536 1975; x_wconf 89' lang='lat' dir='ltr'>injuria</span> <span class='ocrx_word' id='word_1_349' title='bbox 3553 1904 3639 1959; x_wconf 87' lang='lat' dir='ltr'>af-</span> 
     </span>
    </p>
   </div>
   <div class='ocr_carea' id='block_1_46' title="bbox 1995 1993 3631 2066">
    <p class='ocr_par' dir='ltr' id='par_1_46' title="bbox 1995 1993 3631 2066">
     <span class='ocr_line' id='line_1_46' title="bbox 1995 1993 3631 2066; baseline 0 -19"><span class='ocrx_word' id='word_1_350' title='bbox 1995 1994 2196 2061; x_wconf 81' lang='lat' dir='ltr'>fectos,</span> <span class='ocrx_word' id='word_1_351' title='bbox 2230 1993 2501 2064; x_wconf 82' lang='lat' dir='ltr'>injuriam</span> <span class='ocrx_word' id='word_1_352' title='bbox 2533 1995 2845 2050; x_wconf 81' lang='lat' dir='ltr'>inferentes</span> <span class='ocrx_word' id='word_1_353' title='bbox 2872 1994 3091 2065; x_wconf 88' lang='lat' dir='ltr'>plectit.</span> <span class='ocrx_word' id='word_1_354' title='bbox 3126 1995 3194 2049; x_wconf 87' lang='lat' dir='ltr'>Et</span> <span class='ocrx_word' id='word_1_355' title='bbox 3251 2010 3377 2066; x_wconf 86' lang='lat' dir='ltr'>ego,</span> <span class='ocrx_word' id='word_1_356' title='bbox 3414 1994 3631 2064; x_wconf 87' lang='lat' dir='ltr'>Itaque,</span> 
     </span>
    </p>
   </div>
   <div class='ocr_carea' id='block_1_47' title="bbox 1991 2082 3636 2155">
    <p class='ocr_par' dir='ltr' id='par_1_47' title="bbox 1991 2082 3636 2155">
     <span class='ocr_line' id='line_1_47' title="bbox 1991 2082 3636 2155; baseline 0.001 -19"><span class='ocrx_word' id='word_1_357' title='bbox 1991 2082 2252 2153; x_wconf 89' lang='lat' dir='ltr'>inquam,</span> <span class='ocrx_word' id='word_1_358' title='bbox 2285 2085 2332 2139; x_wconf 89' lang='lat' dir='ltr'>si</span> <span class='ocrx_word' id='word_1_359' title='bbox 2363 2084 2487 2155; x_wconf 91' lang='lat' dir='ltr'>ipse</span> <span class='ocrx_word' id='word_1_360' title='bbox 2518 2084 2687 2139; x_wconf 91' lang='lat' dir='ltr'>bonis</span> <span class='ocrx_word' id='word_1_361' title='bbox 2718 2084 3035 2153; x_wconf 88' lang='lat' dir='ltr'>benefacio,</span> <span class='ocrx_word' id='word_1_362' title='bbox 3069 2088 3123 2139; x_wconf 93' lang='lat' dir='ltr'>et</span> <span class='ocrx_word' id='word_1_363' title='bbox 3148 2083 3465 2153; x_wconf 87' lang='lat' dir='ltr'>injuriosos</span> <span class='ocrx_word' id='word_1_364' title='bbox 3499 2082 3636 2153; x_wconf 87' lang='lat' dir='ltr'>quia</span> 
     </span>
    </p>
   </div>
   <div class='ocr_carea' id='block_1_48' title="bbox 1989 2161 3630 2245">
    <p class='ocr_par' dir='ltr' id='par_1_48' title="bbox 1989 2161 3630 2245">
     <span class='ocr_line' id='line_1_48' title="bbox 1989 2161 3630 2245; baseline 0 -18"><span class='ocrx_word' id='word_1_365' title='bbox 1989 2161 2193 2245; x_wconf 74' lang='lat' dir='ltr'>injurii</span> <span class='ocrx_word' id='word_1_366' title='bbox 2249 2190 2386 2245; x_wconf 89' lang='lat' dir='ltr'>erga</span> <span class='ocrx_word' id='word_1_367' title='bbox 2442 2173 2709 2228; x_wconf 88' lang='lat' dir='ltr'>homines</span> <span class='ocrx_word' id='word_1_368' title='bbox 2765 2174 2998 2228; x_wconf 85' lang='lat' dir='ltr'>fuerunt</span> <span class='ocrx_word' id='word_1_369' title='bbox 3057 2173 3297 2244; x_wconf 89' lang='lat' dir='ltr'>castigo,</span> <span class='ocrx_word' id='word_1_370' title='bbox 3333 2172 3630 2227; x_wconf 86' lang='lat' dir='ltr'>humanus</span> 
     </span>
    </p>
   </div>
   <div class='ocr_carea' id='block_1_49' title="bbox 1994 2261 3630 2334">
    <p class='ocr_par' dir='ltr' id='par_1_49' title="bbox 1994 2261 3630 2334">
     <span class='ocr_line' id='line_1_49' title="bbox 1994 2261 3630 2334; baseline -0.003 -15"><span class='ocrx_word' id='word_1_371' title='bbox 1994 2280 2147 2319; x_wconf 89' lang='lat' dir='ltr'>sum.</span> <span class='ocrx_word' id='word_1_372' title='bbox 2182 2264 2250 2317; x_wconf 90' lang='lat' dir='ltr'>Et</span> <span class='ocrx_word' id='word_1_373' title='bbox 2283 2267 2486 2317; x_wconf 86' lang='lat' dir='ltr'>Petrus</span> <span class='ocrx_word' id='word_1_374' title='bbox 2517 2263 2817 2334; x_wconf 89' lang='lat' dir='ltr'>respondit</span> <span class='ocrx_word' id='word_1_375' title='bbox 2851 2280 2862 2317; x_wconf 93' lang='lat'>:</span> <span class='ocrx_word' id='word_1_376' title='bbox 2898 2263 2955 2317; x_wconf 88' lang='lat' dir='ltr'>Si</span> <span class='ocrx_word' id='word_1_377' title='bbox 2992 2278 3107 2316; x_wconf 89' lang='lat' dir='ltr'>una</span> <span class='ocrx_word' id='word_1_378' title='bbox 3150 2278 3283 2316; x_wconf 92' lang='lat' dir='ltr'>cum</span> <span class='ocrx_word' id='word_1_379' title='bbox 3319 2261 3630 2332; x_wconf 71' lang='lat' dir='ltr'>praenotio-</span> 
     </span>
    </p>
   </div>
   <div class='ocr_carea' id='block_1_50' title="bbox 1996 2349 3633 2422">
    <p class='ocr_par' dir='ltr' id='par_1_50' title="bbox 1996 2349 3633 2422">
     <span class='ocr_line' id='line_1_50' title="bbox 1996 2349 3633 2422; baseline -0.002 -14"><span class='ocrx_word' id='word_1_380' title='bbox 1996 2368 2068 2408; x_wconf 90' lang='lat' dir='ltr'>ne</span> <span class='ocrx_word' id='word_1_381' title='bbox 2098 2353 2512 2407; x_wconf 90' lang='lat' dir='ltr'>concederetur</span> <span class='ocrx_word' id='word_1_382' title='bbox 2540 2352 2643 2406; x_wconf 90' lang='lat' dir='ltr'>tibi</span> <span class='ocrx_word' id='word_1_383' title='bbox 2677 2356 2733 2405; x_wconf 91' lang='lat' dir='ltr'>et</span> <span class='ocrx_word' id='word_1_384' title='bbox 2756 2351 3059 2421; x_wconf 88' lang='lat' dir='ltr'>judicandi</span> <span class='ocrx_word' id='word_1_385' title='bbox 3086 2355 3363 2422; x_wconf 87' lang='lat' dir='ltr'>potestas,</span> <span class='ocrx_word' id='word_1_386' title='bbox 3392 2355 3544 2405; x_wconf 88' lang='lat' dir='ltr'>recte</span> <span class='ocrx_word' id='word_1_387' title='bbox 3576 2349 3633 2404; x_wconf 89' lang='lat' dir='ltr'>id</span> 
     </span>
    </p>
   </div>
   <div class='ocr_carea' id='block_1_51' title="bbox 1996 2441 3632 2512">
    <p class='ocr_par' dir='ltr' id='par_1_51' title="bbox 1996 2441 3632 2512">
     <span class='ocr_line' id='line_1_51' title="bbox 1996 2441 3632 2512; baseline -0.002 -16"><span class='ocrx_word' id='word_1_388' title='bbox 1996 2442 2390 2512; x_wconf 80' lang='lat' dir='ltr'>facereszper</span> <span class='ocrx_word' id='word_1_389' title='bbox 2439 2444 2734 2511; x_wconf 87' lang='lat' dir='ltr'>acceptam</span> <span class='ocrx_word' id='word_1_390' title='bbox 2786 2441 3023 2511; x_wconf 90' lang='lat' dir='ltr'>quidem</span> <span class='ocrx_word' id='word_1_391' title='bbox 3073 2443 3440 2511; x_wconf 86' lang='lat' dir='ltr'>potestatem,</span> <span class='ocrx_word' id='word_1_392' title='bbox 3494 2454 3632 2493; x_wconf 89' lang='lat' dir='ltr'>con-</span> 
     </span>
    </p>
   </div>
   <div class='ocr_carea' id='block_1_52' title="bbox 1999 2526 3637 2599">
    <p class='ocr_par' dir='ltr' id='par_1_52' title="bbox 1999 2526 3637 2599">
     <span class='ocr_line' id='line_1_52' title="bbox 1999 2526 3637 2599; baseline -0.003 -14"><span class='ocrx_word' id='word_1_393' title='bbox 1999 2530 2283 2585; x_wconf 90' lang='lat' dir='ltr'>demnans</span> <span class='ocrx_word' id='word_1_394' title='bbox 2314 2546 2410 2585; x_wconf 92' lang='lat' dir='ltr'>eos</span> <span class='ocrx_word' id='word_1_395' title='bbox 2442 2546 2589 2599; x_wconf 80' lang='lat' dir='ltr'>quos</span> <span class='ocrx_word' id='word_1_396' title='bbox 2619 2528 2769 2584; x_wconf 88' lang='lat' dir='ltr'>Deus</span> <span class='ocrx_word' id='word_1_397' title='bbox 2800 2528 3015 2584; x_wconf 90' lang='lat' dir='ltr'>creavit</span> <span class='ocrx_word' id='word_1_398' title='bbox 3044 2546 3057 2596; x_wconf 91' lang='lat'><strong>;</strong></span> <span class='ocrx_word' id='word_1_399' title='bbox 3091 2545 3191 2599; x_wconf 89' lang='lat' dir='ltr'>per</span> <span class='ocrx_word' id='word_1_400' title='bbox 3222 2526 3637 2599; x_wconf 63' lang='lat' dir='ltr'>praenotionem</span> 
     </span>
    </p>
   </div>
   <div class='ocr_carea' id='block_1_53' title="bbox 1997 2616 3638 2690">
    <p class='ocr_par' dir='ltr' id='par_1_53' title="bbox 1997 2616 3638 2690">
     <span class='ocr_line' id='line_1_53' title="bbox 1997 2616 3638 2690; baseline -0.003 -16"><span class='ocrx_word' id='word_1_401' title='bbox 1997 2636 2129 2675; x_wconf 91' lang='lat' dir='ltr'>vero</span> <span class='ocrx_word' id='word_1_402' title='bbox 2160 2618 2452 2690; x_wconf 90' lang='lat' dir='ltr'>inculpate</span> <span class='ocrx_word' id='word_1_403' title='bbox 2485 2618 2543 2673; x_wconf 89' lang='lat' dir='ltr'>in</span> <span class='ocrx_word' id='word_1_404' title='bbox 2585 2617 2931 2689; x_wconf 90' lang='lat' dir='ltr'>judicando,</span> <span class='ocrx_word' id='word_1_405' title='bbox 2965 2622 3091 2673; x_wconf 91' lang='lat' dir='ltr'>tum</span> <span class='ocrx_word' id='word_1_406' title='bbox 3154 2616 3300 2672; x_wconf 89' lang='lat' dir='ltr'>alios</span> <span class='ocrx_word' id='word_1_407' title='bbox 3357 2620 3638 2686; x_wconf 91' lang='lat' dir='ltr'>tanquam</span> 
     </span>
    </p>
   </div>
   <div class='ocr_carea' id='block_1_54' title="bbox 1989 2706 3639 2780">
    <p class='ocr_par' dir='ltr' id='par_1_54' title="bbox 1989 2706 3639 2780">
     <span class='ocr_line' id='line_1_54' title="bbox 1989 2706 3639 2780; baseline -0.002 -17"><span class='ocrx_word' id='word_1_408' title='bbox 1989 2709 2187 2780; x_wconf 89' lang='lat' dir='ltr'>justos</span> <span class='ocrx_word' id='word_1_409' title='bbox 2220 2707 2676 2777; x_wconf 85' lang='lat' dir='ltr'>absolvens,tum</span> <span class='ocrx_word' id='word_1_410' title='bbox 2709 2706 2852 2762; x_wconf 89' lang='lat' dir='ltr'>alios</span> <span class='ocrx_word' id='word_1_411' title='bbox 2877 2712 3159 2779; x_wconf 89' lang='lat' dir='ltr'>tanquam</span> <span class='ocrx_word' id='word_1_412' title='bbox 3193 2707 3445 2776; x_wconf 76' lang='lat' dir='ltr'>injustas</span> <span class='ocrx_word' id='word_1_413' title='bbox 3478 2706 3639 2760; x_wconf 86' lang='lat' dir='ltr'>dam-</span> 
     </span>
    </p>
   </div>
   <div class='ocr_carea' id='block_1_55' title="bbox 1997 2794 3638 2869">
    <p class='ocr_par' dir='ltr' id='par_1_55' title="bbox 1997 2794 3638 2869">
     <span class='ocr_line' id='line_1_55' title="bbox 1997 2794 3638 2869; baseline -0.003 -17"><span class='ocrx_word' id='word_1_414' title='bbox 1997 2814 2166 2852; x_wconf 89' lang='lat' dir='ltr'>nans.</span> <span class='ocrx_word' id='word_1_415' title='bbox 2200 2801 2265 2852; x_wconf 87' lang='lat' dir='ltr'>Et</span> <span class='ocrx_word' id='word_1_416' title='bbox 2296 2814 2400 2869; x_wconf 88' lang='lat' dir='ltr'>ego</span> <span class='ocrx_word' id='word_1_417' title='bbox 2432 2796 2547 2852; x_wconf 82' lang='lat' dir='ltr'>dixi</span> <span class='ocrx_word' id='word_1_418' title='bbox 2583 2813 2595 2851; x_wconf 91' lang='lat'>:</span> <span class='ocrx_word' id='word_1_419' title='bbox 2632 2798 2803 2852; x_wconf 84' lang='lat' dir='ltr'>Recte</span> <span class='ocrx_word' id='word_1_420' title='bbox 2834 2795 3061 2851; x_wconf 88' lang='lat' dir='ltr'>locutus</span> <span class='ocrx_word' id='word_1_421' title='bbox 3105 2812 3167 2851; x_wconf 91' lang='lat' dir='ltr'>es</span> <span class='ocrx_word' id='word_1_422' title='bbox 3215 2812 3280 2851; x_wconf 86' lang='lat' dir='ltr'>ac</span> <span class='ocrx_word' id='word_1_423' title='bbox 3311 2809 3439 2849; x_wconf 83' lang='lat' dir='ltr'>vere</span> <span class='ocrx_word' id='word_1_424' title='bbox 3471 2811 3483 2850; x_wconf 90' lang='lat'><strong>:</strong></span> <span class='ocrx_word' id='word_1_425' title='bbox 3512 2794 3638 2848; x_wconf 83' lang='lat' dir='ltr'>fieri</span> 
     </span>
    </p>
   </div>
   <div class='ocr_carea' id='block_1_56' title="bbox 1999 2884 3637 2957">
    <p class='ocr_par' dir='ltr' id='par_1_56' title="bbox 1999 2884 3637 2957">
     <span class='ocr_line' id='line_1_56' title="bbox 1999 2884 3637 2957; baseline -0.002 -16"><span class='ocrx_word' id='word_1_426' title='bbox 1999 2886 2154 2941; x_wconf 88' lang='lat' dir='ltr'>enim</span> <span class='ocrx_word' id='word_1_427' title='bbox 2192 2886 2410 2957; x_wconf 90' lang='lat' dir='ltr'>nequit,</span> <span class='ocrx_word' id='word_1_428' title='bbox 2443 2890 2507 2939; x_wconf 90' lang='lat' dir='ltr'>ut</span> <span class='ocrx_word' id='word_1_429' title='bbox 2538 2885 2637 2957; x_wconf 92' lang='lat' dir='ltr'>qui</span> <span class='ocrx_word' id='word_1_430' title='bbox 2670 2885 3021 2957; x_wconf 75' lang='lat' dir='ltr'>przenotione</span> <span class='ocrx_word' id='word_1_431' title='bbox 3050 2884 3465 2954; x_wconf 89' lang='lat' dir='ltr'>caret,judicet</span> <span class='ocrx_word' id='word_1_432' title='bbox 3487 2889 3637 2938; x_wconf 90' lang='lat' dir='ltr'>recte</span> 
     </span>
    </p>
   </div>
   <div class='ocr_carea' id='block_1_57' title="bbox 1998 2972 3637 3045">
    <p class='ocr_par' dir='ltr' id='par_1_57' title="bbox 1998 2972 3637 3045">
     <span class='ocr_line' id='line_1_57' title="bbox 1998 2972 3637 3045; baseline -0.002 -16"><span class='ocrx_word' id='word_1_433' title='bbox 1998 2974 2297 3030; x_wconf 89' lang='lat' dir='ltr'>Interdum</span> <span class='ocrx_word' id='word_1_434' title='bbox 2329 2975 2545 3045; x_wconf 89' lang='lat' dir='ltr'>quippe</span> <span class='ocrx_word' id='word_1_435' title='bbox 2575 2973 2839 3029; x_wconf 90' lang='lat' dir='ltr'>nonnulli</span> <span class='ocrx_word' id='word_1_436' title='bbox 2860 2974 3131 3029; x_wconf 89' lang='lat' dir='ltr'>videntur</span> <span class='ocrx_word' id='word_1_437' title='bbox 3147 2974 3409 3043; x_wconf 85' lang='lat' dir='ltr'>boni,qui</span> <span class='ocrx_word' id='word_1_438' title='bbox 3435 2972 3637 3027; x_wconf 89' lang='lat' dir='ltr'>illicita</span> 
     </span>
    </p>
   </div>
   <div class='ocr_carea' id='block_1_58' title="bbox 222 3053 1883 3145">
    <p class='ocr_par' dir='ltr' id='par_1_58' title="bbox 222 3053 1883 3133">
     <span class='ocr_line' id='line_1_58' title="bbox 222 3053 1883 3133; baseline 0.002 -25"><span class='ocrx_word' id='word_1_439' title='bbox 222 3055 460 3127; x_wconf 73' lang='grc' dir='ltr'>ἀθέμιτα</span> <span class='ocrx_word' id='word_1_440' title='bbox 540 3056 717 3133; x_wconf 70' lang='grc' dir='ltr'>κρύφα</span> <span class='ocrx_word' id='word_1_441' title='bbox 791 3053 1247 3132; x_wconf 85' lang='grc' dir='ltr'>διαπραττόμενοι</span> <span class='ocrx_word' id='word_1_442' title='bbox 1282 3075 1293 3089; x_wconf 81' lang='grc'><em>’</em></span> <span class='ocrx_word' id='word_1_443' title='bbox 1351 3055 1477 3111; x_wconf 80' lang='grc' dir='ltr'>ἔνιοι</span> <span class='ocrx_word' id='word_1_444' title='bbox 1534 3054 1592 3111; x_wconf 73' lang='grc' dir='ltr'>δὲ</span> <span class='ocrx_word' id='word_1_445' title='bbox 1648 3057 1883 3132; x_wconf 54' lang='grc' dir='ltr'>ἀγαθοὶ,</span> 
     </span>
    </p>
   </div>
   <div class='ocr_carea' id='block_1_59' title="bbox 1999 3053 3638 3145">
    <p class='ocr_par' dir='ltr' id='par_1_59' title="bbox 2001 3061 3638 3135">
     <span class='ocr_line' id='line_1_59' title="bbox 2001 3061 3638 3135; baseline -0.003 -16"><span class='ocrx_word' id='word_1_446' title='bbox 2001 3064 2147 3119; x_wconf 89' lang='lat' dir='ltr'>clam</span> <span class='ocrx_word' id='word_1_447' title='bbox 2183 3068 2516 3135; x_wconf 81' lang='lat' dir='ltr'>perpetrant</span> <span class='ocrx_word' id='word_1_448' title='bbox 2549 3079 2560 3117; x_wconf 90' lang='lat'>:</span> <span class='ocrx_word' id='word_1_449' title='bbox 2596 3062 2857 3117; x_wconf 91' lang='lat' dir='ltr'>nonnulli</span> <span class='ocrx_word' id='word_1_450' title='bbox 2890 3079 3019 3116; x_wconf 90' lang='lat' dir='ltr'>vero</span> <span class='ocrx_word' id='word_1_451' title='bbox 3053 3062 3209 3125; x_wconf 93' lang='lat' dir='ltr'>boni,</span> <span class='ocrx_word' id='word_1_452' title='bbox 3244 3061 3505 3115; x_wconf 88' lang='lat' dir='ltr'>hostium</span> <span class='ocrx_word' id='word_1_453' title='bbox 3539 3077 3638 3115; x_wconf 83' lang='lat' dir='ltr'>ca-</span> 
     </span>
    </p>
   </div>
   <div class='ocr_carea' id='block_1_60' title="bbox 227 3140 1873 3220">
    <p class='ocr_par' dir='ltr' id='par_1_60' title="bbox 227 3140 1873 3220">
     <span class='ocr_line' id='line_1_60' title="bbox 227 3140 1873 3220; baseline 0.003 -21"><span class='ocrx_word' id='word_1_454' title='bbox 227 3146 330 3199; x_wconf 75' lang='grc' dir='ltr'>ὗπὸ</span> <span class='ocrx_word' id='word_1_455' title='bbox 366 3140 635 3213; x_wconf 72' lang='grc' dir='ltr'>διαϐολῆς</span> <span class='ocrx_word' id='word_1_456' title='bbox 690 3144 903 3220; x_wconf 74' lang='grc' dir='ltr'>ἐχθρῶν</span> <span class='ocrx_word' id='word_1_457' title='bbox 954 3147 1109 3201; x_wconf 89' lang='grc' dir='ltr'>κακοὶ</span> <span class='ocrx_word' id='word_1_458' title='bbox 1157 3142 1695 3219; x_wconf 75' lang='grc' dir='ltr'>ὑπολαμϐανόμενοι.</span> <span class='ocrx_word' id='word_1_459' title='bbox 1738 3146 1873 3204; x_wconf 86' lang='grc' dir='ltr'>Ἀλλ</span> 
     </span>
    </p>
   </div>
   <div class='ocr_carea' id='block_1_61' title="bbox 224 3234 1884 3313">
    <p class='ocr_par' dir='ltr' id='par_1_61' title="bbox 224 3234 1884 3313">
     <span class='ocr_line' id='line_1_61' title="bbox 224 3234 1884 3313; baseline 0.002 -24"><span class='ocrx_word' id='word_1_460' title='bbox 224 3235 273 3290; x_wconf 78' lang='grc' dir='ltr'>εἶ</span> <span class='ocrx_word' id='word_1_461' title='bbox 306 3235 525 3288; x_wconf 75' lang='grc' dir='ltr'>καὶτοῦ</span> <span class='ocrx_word' id='word_1_462' title='bbox 563 3235 860 3309; x_wconf 78' lang='grc' dir='ltr'>βασανίζειν</span> <span class='ocrx_word' id='word_1_463' title='bbox 894 3235 982 3289; x_wconf 77' lang='grc' dir='ltr'>καὶ</span> <span class='ocrx_word' id='word_1_464' title='bbox 1016 3235 1316 3311; x_wconf 80' lang='grc' dir='ltr'>ἀνακρίνειν</span> <span class='ocrx_word' id='word_1_465' title='bbox 1348 3234 1584 3308; x_wconf 78' lang='grc' dir='ltr'>ἐξουσίαν</span> <span class='ocrx_word' id='word_1_466' title='bbox 1625 3258 1707 3299; x_wconf 93' lang='grc' dir='ltr'>τις</span> <span class='ocrx_word' id='word_1_467' title='bbox 1741 3234 1884 3313; x_wconf 77' lang='grc' dir='ltr'>ἔχων</span> 
     </span>
    </p>
   </div>
   <div class='ocr_carea' id='block_1_62' title="bbox 2001 3150 3642 3221">
    <p class='ocr_par' dir='ltr' id='par_1_62' title="bbox 2001 3150 3642 3221">
     <span class='ocr_line' id='line_1_62' title="bbox 2001 3150 3642 3221; baseline -0.002 -13"><span class='ocrx_word' id='word_1_468' title='bbox 2001 3153 2226 3208; x_wconf 86' lang='lat' dir='ltr'>lumnia</span> <span class='ocrx_word' id='word_1_469' title='bbox 2259 3152 2395 3206; x_wconf 87' lang='lat' dir='ltr'>mali</span> <span class='ocrx_word' id='word_1_470' title='bbox 2427 3167 2555 3207; x_wconf 89' lang='lat' dir='ltr'>esse</span> <span class='ocrx_word' id='word_1_471' title='bbox 2587 3152 2922 3206; x_wconf 87' lang='lat' dir='ltr'>creduntur.</span> <span class='ocrx_word' id='word_1_472' title='bbox 2968 3151 3074 3206; x_wconf 88' lang='lat' dir='ltr'>Sed</span> <span class='ocrx_word' id='word_1_473' title='bbox 3110 3156 3167 3205; x_wconf 87' lang='lat' dir='ltr'>et</span> <span class='ocrx_word' id='word_1_474' title='bbox 3215 3150 3261 3205; x_wconf 90' lang='lat' dir='ltr'>si</span> <span class='ocrx_word' id='word_1_475' title='bbox 3310 3151 3441 3220; x_wconf 88' lang='lat' dir='ltr'>quis</span> <span class='ocrx_word' id='word_1_476' title='bbox 3474 3155 3642 3221; x_wconf 89' lang='lat' dir='ltr'>pote-</span> 
     </span>
    </p>
   </div>
   <div class='ocr_carea' id='block_1_63' title="bbox 2002 3238 3641 3312">
    <p class='ocr_par' dir='ltr' id='par_1_63' title="bbox 2002 3238 3641 3312">
     <span class='ocr_line' id='line_1_63' title="bbox 2002 3238 3641 3312; baseline -0.002 -16"><span class='ocrx_word' id='word_1_477' title='bbox 2002 3246 2149 3297; x_wconf 80' lang='lat' dir='ltr'>state</span> <span class='ocrx_word' id='word_1_478' title='bbox 2176 3242 2484 3312; x_wconf 88' lang='lat' dir='ltr'>torqucndi</span> <span class='ocrx_word' id='word_1_479' title='bbox 2543 3245 2599 3295; x_wconf 90' lang='lat' dir='ltr'>et</span> <span class='ocrx_word' id='word_1_480' title='bbox 2628 3240 3007 3311; x_wconf 67' lang='lat' dir='ltr'>quaestionem</span> <span class='ocrx_word' id='word_1_481' title='bbox 3067 3238 3316 3293; x_wconf 90' lang='lat' dir='ltr'>habendi</span> <span class='ocrx_word' id='word_1_482' title='bbox 3361 3238 3641 3310; x_wconf 69' lang='lat' dir='ltr'>prazditus</span> 
     </span>
    </p>
   </div>
   <div class='ocr_carea' id='block_1_64' title="bbox 227 3307 1883 3401">
    <p class='ocr_par' dir='ltr' id='par_1_64' title="bbox 227 3320 1881 3395">
     <span class='ocr_line' id='line_1_64' title="bbox 227 3320 1881 3395; baseline 0.002 -18"><span class='ocrx_word' id='word_1_483' title='bbox 227 3320 463 3392; x_wconf 71' lang='grc' dir='ltr'>δικάζει,</span> <span class='ocrx_word' id='word_1_484' title='bbox 499 3321 622 3378; x_wconf 73' lang='grc' dir='ltr'>οὐδὲ</span> <span class='ocrx_word' id='word_1_485' title='bbox 651 3323 824 3384; x_wconf 70' lang='grc' dir='ltr'>οὕτως</span> <span class='ocrx_word' id='word_1_486' title='bbox 853 3320 954 3393; x_wconf 73' lang='grc' dir='ltr'>ἕξει</span> <span class='ocrx_word' id='word_1_487' title='bbox 985 3326 1202 3386; x_wconf 81' lang='grc' dir='ltr'>πάντως</span> <span class='ocrx_word' id='word_1_488' title='bbox 1246 3326 1309 3379; x_wconf 88' lang='grc' dir='ltr'>τὸ</span> <span class='ocrx_word' id='word_1_489' title='bbox 1358 3321 1581 3386; x_wconf 77' lang='grc' dir='ltr'>δικαίως</span> <span class='ocrx_word' id='word_1_490' title='bbox 1626 3322 1881 3395; x_wconf 81' lang='grc' dir='ltr'>δικάζειν·</span> 
     </span>
    </p>
   </div>
   <div class='ocr_carea' id='block_1_65' title="bbox 1999 3307 3636 3401">
    <p class='ocr_par' dir='ltr' id='par_1_65' title="bbox 1999 3327 3636 3401">
     <span class='ocr_line' id='line_1_65' title="bbox 1999 3327 3636 3401; baseline -0.003 -17"><span class='ocrx_word' id='word_1_491' title='bbox 1999 3330 2231 3401; x_wconf 79' lang='lat' dir='ltr'>iudicet,</span> <span class='ocrx_word' id='word_1_492' title='bbox 2265 3346 2451 3399; x_wconf 89' lang='lat' dir='ltr'>neque</span> <span class='ocrx_word' id='word_1_493' title='bbox 2481 3328 2564 3384; x_wconf 89' lang='lat' dir='ltr'>sic</span> <span class='ocrx_word' id='word_1_494' title='bbox 2596 3328 2806 3399; x_wconf 92' lang='lat' dir='ltr'>poterit</span> <span class='ocrx_word' id='word_1_495' title='bbox 2836 3327 3073 3383; x_wconf 90' lang='lat' dir='ltr'>omnino</span> <span class='ocrx_word' id='word_1_496' title='bbox 3124 3330 3285 3397; x_wconf 89' lang='lat' dir='ltr'>juste</span> <span class='ocrx_word' id='word_1_497' title='bbox 3329 3327 3589 3396; x_wconf 81' lang='lat' dir='ltr'>iudicare</span> <span class='ocrx_word' id='word_1_498' title='bbox 3623 3343 3636 3379; x_wconf 90' lang='lat'><strong>:</strong></span> 
     </span>
    </p>
   </div>
   <div class='ocr_carea' id='block_1_66' title="bbox 228 3407 1885 3489">
    <p class='ocr_par' dir='ltr' id='par_1_66' title="bbox 228 3407 1885 3489">
     <span class='ocr_line' id='line_1_66' title="bbox 228 3407 1885 3489; baseline 0.002 -23"><span class='ocrx_word' id='word_1_499' title='bbox 228 3410 369 3466; x_wconf 81' lang='grc' dir='ltr'>ἔνιοι</span> <span class='ocrx_word' id='word_1_500' title='bbox 418 3412 759 3488; x_wconf 72' lang='grc' dir='ltr'>γὰρ-φονεῖς</span> <span class='ocrx_word' id='word_1_501' title='bbox 815 3407 987 3478; x_wconf 74' lang='grc' dir='ltr'>ὄντες,</span> <span class='ocrx_word' id='word_1_502' title='bbox 1043 3412 1155 3467; x_wconf 79' lang='grc' dir='ltr'>εἶτα</span> <span class='ocrx_word' id='word_1_503' title='bbox 1207 3413 1304 3473; x_wconf 72' lang='grc' dir='ltr'>τὰς</span> <span class='ocrx_word' id='word_1_504' title='bbox 1358 3413 1617 3481; x_wconf 78' lang='grc' dir='ltr'>βασάνους</span> <span class='ocrx_word' id='word_1_505' title='bbox 1668 3414 1885 3489; x_wconf 77' lang='grc' dir='ltr'>ὑπενεγ-</span> 
     </span>
    </p>
   </div>
   <div class='ocr_carea' id='block_1_67' title="bbox 225 3497 1882 3574">
    <p class='ocr_par' dir='ltr' id='par_1_67' title="bbox 225 3497 1882 3574">
     <span class='ocr_line' id='line_1_67' title="bbox 225 3497 1882 3574; baseline 0.002 -19"><span class='ocrx_word' id='word_1_506' title='bbox 225 3500 440 3571; x_wconf 82' lang='grc' dir='ltr'>κόντες,</span> <span class='ocrx_word' id='word_1_507' title='bbox 474 3499 765 3573; x_wconf 79' lang='grc' dir='ltr'>ἀφείθησαν</span> <span class='ocrx_word' id='word_1_508' title='bbox 812 3501 886 3563; x_wconf 85' lang='grc' dir='ltr'>ὡς</span> <span class='ocrx_word' id='word_1_509' title='bbox 936 3501 1125 3555; x_wconf 74' lang='grc' dir='ltr'>ἀθῶοιο</span> <span class='ocrx_word' id='word_1_510' title='bbox 1173 3497 1349 3574; x_wconf 72' lang='grc' dir='ltr'>ἕτεροι</span> <span class='ocrx_word' id='word_1_511' title='bbox 1400 3499 1456 3556; x_wconf 73' lang='grc' dir='ltr'>δὲ</span> <span class='ocrx_word' id='word_1_512' title='bbox 1505 3501 1667 3557; x_wconf 83' lang='grc' dir='ltr'>πάλιν</span> <span class='ocrx_word' id='word_1_513' title='bbox 1716 3503 1882 3558; x_wconf 87' lang='grc' dir='ltr'>ἀθῶοι</span> 
     </span>
    </p>
   </div>
   <div class='ocr_carea' id='block_1_68' title="bbox 226 3589 1884 3665">
    <p class='ocr_par' dir='ltr' id='par_1_68' title="bbox 226 3589 1884 3665">
     <span class='ocr_line' id='line_1_68' title="bbox 226 3589 1884 3665; baseline 0.002 -21"><span class='ocrx_word' id='word_1_514' title='bbox 226 3590 595 3664; x_wconf 78' lang='grc' dir='ltr'>τυγχάνοντες</span> <span class='ocrx_word' id='word_1_515' title='bbox 625 3634 640 3657; x_wconf 85' lang='grc'>,</span> <span class='ocrx_word' id='word_1_516' title='bbox 694 3590 789 3651; x_wconf 78' lang='grc' dir='ltr'>τὰς</span> <span class='ocrx_word' id='word_1_517' title='bbox 849 3589 1111 3663; x_wconf 84' lang='grc' dir='ltr'>βασάνους</span> <span class='ocrx_word' id='word_1_518' title='bbox 1161 3589 1269 3665; x_wconf 87' lang='grc' dir='ltr'>οὐχ</span> <span class='ocrx_word' id='word_1_519' title='bbox 1325 3590 1745 3663; x_wconf 84' lang='grc' dir='ltr'>ὑπομείναντες,</span> <span class='ocrx_word' id='word_1_520' title='bbox 1795 3592 1884 3647; x_wconf 88' lang='grc' dir='ltr'>καὶ</span> 
     </span>
    </p>
   </div>
   <div class='ocr_carea' id='block_1_69' title="bbox 229 3674 1887 3751">
    <p class='ocr_par' dir='ltr' id='par_1_69' title="bbox 229 3674 1887 3751">
     <span class='ocr_line' id='line_1_69' title="bbox 229 3674 1887 3751; baseline 0.002 -20"><span class='ocrx_word' id='word_1_521' title='bbox 229 3674 323 3731; x_wconf 69' lang='grc' dir='ltr'>διὰ</span> <span class='ocrx_word' id='word_1_522' title='bbox 370 3681 530 3732; x_wconf 82' lang='grc' dir='ltr'>τοῦτο</span> <span class='ocrx_word' id='word_1_523' title='bbox 577 3676 1037 3751; x_wconf 80' lang='grc' dir='ltr'>καταψευσάμενοι</span> <span class='ocrx_word' id='word_1_524' title='bbox 1088 3679 1313 3751; x_wconf 60' lang='grc' dir='ltr'>ἑαυτῶν,</span> <span class='ocrx_word' id='word_1_525' title='bbox 1365 3679 1439 3741; x_wconf 87' lang='grc' dir='ltr'>ὡς</span> <span class='ocrx_word' id='word_1_526' title='bbox 1488 3677 1651 3734; x_wconf 80' lang='grc' dir='ltr'>αἶ’τιοί</span> <span class='ocrx_word' id='word_1_527' title='bbox 1699 3678 1887 3735; x_wconf 79' lang='grc' dir='ltr'>ἐκολά-</span> 
     </span>
    </p>
   </div>
   <div class='ocr_carea' id='block_1_70' title="bbox 229 3767 455 3836">
    <p class='ocr_par' dir='ltr' id='par_1_70' title="bbox 229 3767 455 3836">
     <span class='ocr_line' id='line_1_70' title="bbox 229 3767 455 3836; baseline 0.013 -16"><span class='ocrx_word' id='word_1_528' title='bbox 229 3767 455 3836; x_wconf 87' lang='grc' dir='ltr'>σθησαν.</span> 
     </span>
    </p>
   </div>
   <div class='ocr_carea' id='block_1_71' title="bbox 302 3854 1885 3933">
    <p class='ocr_par' dir='ltr' id='par_1_71' title="bbox 302 3854 1885 3933">
     <span class='ocr_line' id='line_1_71' title="bbox 302 3854 1885 3933; baseline 0.001 -21"><span class='ocrx_word' id='word_1_529' title='bbox 302 3856 495 3912; x_wconf 80' lang='lat' dir='ltr'>XCVI.</span> <span class='ocrx_word' id='word_1_530' title='bbox 550 3854 649 3909; x_wconf 82' lang='grc' dir='ltr'>Καὶ</span> <span class='ocrx_word' id='word_1_531' title='bbox 699 3855 727 3909; x_wconf 88' lang='lat'>6</span> <span class='ocrx_word' id='word_1_532' title='bbox 786 3854 990 3930; x_wconf 75' lang='grc' dir='ltr'>Πέτρος</span> <span class='ocrx_word' id='word_1_533' title='bbox 1024 3899 1038 3925; x_wconf 89' lang='grc'>,</span> <span class='ocrx_word' id='word_1_534' title='bbox 1090 3857 1248 3931; x_wconf 86' lang='grc' dir='ltr'>Ἔχει</span> <span class='ocrx_word' id='word_1_535' title='bbox 1296 3856 1531 3933; x_wconf 88' lang='grc' dir='ltr'>μετρίως</span> <span class='ocrx_word' id='word_1_536' title='bbox 1582 3856 1885 3927; x_wconf 72' lang='grc' dir='ltr'>καὶταῦτα,</span> 
     </span>
    </p>
   </div>
   <div class='ocr_carea' id='block_1_72' title="bbox 232 3940 1884 4025">
    <p class='ocr_par' dir='ltr' id='par_1_72' title="bbox 232 3940 1884 4025">
     <span class='ocr_line' id='line_1_72' title="bbox 232 3940 1884 4025; baseline 0.003 -27"><span class='ocrx_word' id='word_1_537' title='bbox 232 3940 361 4020; x_wconf 69' lang='grc' dir='ltr'>ἔφη·</span> <span class='ocrx_word' id='word_1_538' title='bbox 392 3943 456 3998; x_wconf 85' lang='grc' dir='ltr'>τὸ</span> <span class='ocrx_word' id='word_1_539' title='bbox 486 3940 544 3998; x_wconf 70' lang='grc' dir='ltr'>δὲ</span> <span class='ocrx_word' id='word_1_540' title='bbox 594 3948 778 4016; x_wconf 83' lang='grc' dir='ltr'>μεῖζον</span> <span class='ocrx_word' id='word_1_541' title='bbox 832 3943 1078 4001; x_wconf 80' lang='grc' dir='ltr'>ἄκουσον.</span> <span class='ocrx_word' id='word_1_542' title='bbox 1127 3944 1315 3999; x_wconf 86' lang='grc' dir='ltr'>Ἐνίων</span> <span class='ocrx_word' id='word_1_543' title='bbox 1364 3947 1655 4023; x_wconf 84' lang='grc' dir='ltr'>ἀνθρώπων</span> <span class='ocrx_word' id='word_1_544' title='bbox 1710 3950 1884 4025; x_wconf 83' lang='grc' dir='ltr'>ἀμαρ-</span> 
     </span>
    </p>
   </div>
   <div class='ocr_carea' id='block_1_73' title="bbox 228 4032 1883 4107">
    <p class='ocr_par' dir='ltr' id='par_1_73' title="bbox 228 4032 1883 4107">
     <span class='ocr_line' id='line_1_73' title="bbox 228 4032 1883 4107; baseline 0.003 -21"><span class='ocrx_word' id='word_1_545' title='bbox 228 4032 502 4087; x_wconf 82' lang='grc' dir='ltr'>τανόντων</span> <span class='ocrx_word' id='word_1_546' title='bbox 560 4033 595 4101; x_wconf 77' lang='grc' dir='ltr'>ἢ</span> <span class='ocrx_word' id='word_1_547' title='bbox 656 4033 713 4087; x_wconf 84' lang='grc' dir='ltr'>εὗ</span> <span class='ocrx_word' id='word_1_548' title='bbox 788 4032 1134 4107; x_wconf 88' lang='grc' dir='ltr'>πραττόντων</span> <span class='ocrx_word' id='word_1_549' title='bbox 1170 4078 1185 4102; x_wconf 95' lang='grc'>,</span> <span class='ocrx_word' id='word_1_550' title='bbox 1246 4032 1279 4088; x_wconf 76' lang='grc' dir='ltr'><em>ἃ</em></span> <span class='ocrx_word' id='word_1_551' title='bbox 1342 4035 1436 4107; x_wconf 77' lang='grc' dir='ltr'>μὶν</span> <span class='ocrx_word' id='word_1_552' title='bbox 1503 4036 1576 4090; x_wconf 84' lang='grc' dir='ltr'>ὧν</span> <span class='ocrx_word' id='word_1_553' title='bbox 1636 4041 1883 4091; x_wconf 85' lang='grc' dir='ltr'>ποιοῦσιν</span> 
     </span>
    </p>
   </div>
   <div class='ocr_carea' id='block_1_74' title="bbox 228 4119 1886 4200">
    <p class='ocr_par' dir='ltr' id='par_1_74' title="bbox 228 4119 1886 4200">
     <span class='ocr_line' id='line_1_74' title="bbox 228 4119 1886 4200; baseline 0.003 -25"><span class='ocrx_word' id='word_1_554' title='bbox 228 4119 344 4176; x_wconf 72' lang='grc' dir='ltr'>ἴδιά</span> <span class='ocrx_word' id='word_1_555' title='bbox 401 4119 542 4175; x_wconf 82' lang='grc' dir='ltr'>ἐστιν</span> <span class='ocrx_word' id='word_1_556' title='bbox 601 4120 797 4189; x_wconf 87' lang='grc' dir='ltr'>αὐτῶν,</span> <span class='ocrx_word' id='word_1_557' title='bbox 856 4120 890 4175; x_wconf 80' lang='grc' dir='ltr'>ἃ</span> <span class='ocrx_word' id='word_1_558' title='bbox 950 4119 1007 4176; x_wconf 76' lang='grc' dir='ltr'>δὲ</span> <span class='ocrx_word' id='word_1_559' title='bbox 1065 4122 1151 4176; x_wconf 83' lang='grc' dir='ltr'>καὶ</span> <span class='ocrx_word' id='word_1_560' title='bbox 1203 4122 1501 4200; x_wconf 88' lang='grc' dir='ltr'>ἀλλότρια·</span> <span class='ocrx_word' id='word_1_561' title='bbox 1564 4122 1771 4180; x_wconf 86' lang='grc' dir='ltr'>δίκαιον</span> <span class='ocrx_word' id='word_1_562' title='bbox 1829 4123 1886 4180; x_wconf 77' lang='grc' dir='ltr'>δὲ</span> 
     </span>
    </p>
   </div>
   <div class='ocr_carea' id='block_1_75' title="bbox 224 4206 1882 4290">
    <p class='ocr_par' dir='ltr' id='par_1_75' title="bbox 224 4206 1882 4290">
     <span class='ocr_line' id='line_1_75' title="bbox 224 4206 1882 4290; baseline 0.03 -27"><span class='ocrx_word' id='word_1_563' title='bbox 224 4206 454 4265; x_wconf 73' lang='grc' dir='ltr'>’ἕκαστον</span> <span class='ocrx_word' id='word_1_564' title='bbox 503 4209 589 4264; x_wconf 80' lang='grc' dir='ltr'>ἐπὶ</span> <span class='ocrx_word' id='word_1_565' title='bbox 639 4215 755 4272; x_wconf 81' lang='grc' dir='ltr'>τοῖς</span> <span class='ocrx_word' id='word_1_566' title='bbox 811 4208 973 4272; x_wconf 74' lang='grc' dir='ltr'>ἷδίοις</span> <span class='ocrx_word' id='word_1_567' title='bbox 1021 4212 1377 4287; x_wconf 67' lang='grc' dir='ltr'>ἁμαρτήμασι</span> <span class='ocrx_word' id='word_1_568' title='bbox 1425 4216 1807 4290; x_wconf 59' lang='grc' dir='ltr'>τιμωρεῖσθαι’</span> <span class='ocrx_word' id='word_1_569' title='bbox 1846 4214 1882 4285; x_wconf 60' lang='grc' dir='ltr'><strong>ἢ</strong></span> 
     </span>
    </p>
   </div>
   <div class='ocr_carea' id='block_1_76' title="bbox 225 4295 1882 4372">
    <p class='ocr_par' dir='ltr' id='par_1_76' title="bbox 225 4295 1882 4372">
     <span class='ocr_line' id='line_1_76' title="bbox 225 4295 1882 4372; baseline 0.002 -18"><span class='ocrx_word' id='word_1_570' title='bbox 225 4299 315 4355; x_wconf 70' lang='grc' dir='ltr'>ἐπὶ</span> <span class='ocrx_word' id='word_1_571' title='bbox 372 4304 491 4360; x_wconf 84' lang='grc' dir='ltr'>τοῖς</span> <span class='ocrx_word' id='word_1_572' title='bbox 536 4299 953 4372; x_wconf 83' lang='grc' dir='ltr'>κατορθώμασιν</span> <span class='ocrx_word' id='word_1_573' title='bbox 1012 4295 1254 4372; x_wconf 78' lang='grc' dir='ltr'>ἀμοιϐῆς</span> <span class='ocrx_word' id='word_1_574' title='bbox 1317 4302 1630 4371; x_wconf 78' lang='grc' dir='ltr'>ἁξιοῦσθαι’</span> <span class='ocrx_word' id='word_1_575' title='bbox 1688 4301 1882 4357; x_wconf 81' lang='grc' dir='ltr'>ἀδύνα-</span> 
     </span>
    </p>
   </div>
   <div class='ocr_carea' id='block_1_77' title="bbox 221 4386 1883 4468">
    <p class='ocr_par' dir='ltr' id='par_1_77' title="bbox 221 4386 1883 4468">
     <span class='ocr_line' id='line_1_77' title="bbox 221 4386 1883 4468; baseline 0.001 -23"><span class='ocrx_word' id='word_1_576' title='bbox 221 4410 318 4445; x_wconf 86' lang='grc' dir='ltr'>τον</span> <span class='ocrx_word' id='word_1_577' title='bbox 352 4386 411 4443; x_wconf 82' lang='grc' dir='ltr'><strong>δέ</strong></span> <span class='ocrx_word' id='word_1_578' title='bbox 440 4408 547 4442; x_wconf 91' lang='grc' dir='ltr'>τινι</span> <span class='ocrx_word' id='word_1_579' title='bbox 576 4387 723 4456; x_wconf 76' lang='grc' dir='ltr'>πλὴν</span> <span class='ocrx_word' id='word_1_580' title='bbox 757 4391 1012 4464; x_wconf 75' lang='grc' dir='ltr'>προφήτῃ</span> <span class='ocrx_word' id='word_1_581' title='bbox 1046 4389 1199 4462; x_wconf 85' lang='grc' dir='ltr'>μόνῳ</span> <span class='ocrx_word' id='word_1_582' title='bbox 1224 4390 1533 4465; x_wconf 89' lang='grc' dir='ltr'>πρόγνωσιν</span> <span class='ocrx_word' id='word_1_583' title='bbox 1567 4395 1682 4465; x_wconf 85' lang='grc'>(12)</span> <span class='ocrx_word' id='word_1_584' title='bbox 1703 4387 1883 4468; x_wconf 81' lang='grc' dir='ltr'>ἔχοντι</span> 
     </span>
    </p>
   </div>
   <div class='ocr_carea' id='block_1_78' title="bbox 226 4474 1884 4556">
    <p class='ocr_par' dir='ltr' id='par_1_78' title="bbox 226 4474 1884 4556">
     <span class='ocr_line' id='line_1_78' title="bbox 226 4474 1884 4556; baseline 0.001 -23"><span class='ocrx_word' id='word_1_585' title='bbox 226 4477 334 4533; x_wconf 82' lang='grc' dir='ltr'>ὑπό</span> <span class='ocrx_word' id='word_1_586' title='bbox 377 4497 526 4538; x_wconf 88' lang='grc' dir='ltr'>τινος</span> <span class='ocrx_word' id='word_1_587' title='bbox 567 4476 829 4551; x_wconf 86' lang='grc' dir='ltr'>γενόμενα</span> <span class='ocrx_word' id='word_1_588' title='bbox 878 4474 1072 4533; x_wconf 73' lang='grc' dir='ltr'>εἰδέναι</span> <span class='ocrx_word' id='word_1_589' title='bbox 1121 4483 1326 4556; x_wconf 75' lang='grc' dir='ltr'>σαφῶς,</span> <span class='ocrx_word' id='word_1_590' title='bbox 1376 4485 1507 4534; x_wconf 90' lang='grc' dir='ltr'>ποῖα</span> <span class='ocrx_word' id='word_1_591' title='bbox 1566 4482 1631 4552; x_wconf 80' lang='grc' dir='ltr'>μὲ</span> <span class='ocrx_word' id='word_1_592' title='bbox 1721 4480 1884 4536; x_wconf 86' lang='grc' dir='ltr'>αὐτοῦ</span> 
     </span>
    </p>
   </div>
   <div class='ocr_carea' id='block_1_79' title="bbox 1996 3416 3635 3489">
    <p class='ocr_par' dir='ltr' id='par_1_79' title="bbox 1996 3416 3635 3489">
     <span class='ocr_line' id='line_1_79' title="bbox 1996 3416 3635 3489; baseline -0.004 -16"><span class='ocrx_word' id='word_1_593' title='bbox 1996 3418 2235 3489; x_wconf 90' lang='lat' dir='ltr'>quidam</span> <span class='ocrx_word' id='word_1_594' title='bbox 2268 3418 2445 3484; x_wconf 89' lang='lat' dir='ltr'>enim,</span> <span class='ocrx_word' id='word_1_595' title='bbox 2479 3433 2611 3471; x_wconf 93' lang='lat' dir='ltr'>cum</span> <span class='ocrx_word' id='word_1_596' title='bbox 2646 3416 2945 3471; x_wconf 70' lang='lat' dir='ltr'>homicidae</span> <span class='ocrx_word' id='word_1_597' title='bbox 2995 3419 3209 3481; x_wconf 89' lang='lat' dir='ltr'>essent,</span> <span class='ocrx_word' id='word_1_598' title='bbox 3245 3419 3445 3486; x_wconf 90' lang='lat' dir='ltr'>postea</span> <span class='ocrx_word' id='word_1_599' title='bbox 3474 3431 3635 3485; x_wconf 78' lang='lat' dir='ltr'>quae-</span> 
     </span>
    </p>
   </div>
   <div class='ocr_carea' id='block_1_80' title="bbox 1993 3503 3636 3571">
    <p class='ocr_par' dir='ltr' id='par_1_80' title="bbox 1993 3503 3636 3571">
     <span class='ocr_line' id='line_1_80' title="bbox 1993 3503 3636 3571; baseline -0.003 -8"><span class='ocrx_word' id='word_1_600' title='bbox 1993 3506 2202 3563; x_wconf 87' lang='lat' dir='ltr'>stionis</span> <span class='ocrx_word' id='word_1_601' title='bbox 2236 3510 2524 3561; x_wconf 89' lang='lat' dir='ltr'>tormenta</span> <span class='ocrx_word' id='word_1_602' title='bbox 2573 3504 2950 3571; x_wconf 84' lang='lat' dir='ltr'>sustinentes,</span> <span class='ocrx_word' id='word_1_603' title='bbox 2995 3504 3225 3559; x_wconf 90' lang='lat' dir='ltr'>dimissi</span> <span class='ocrx_word' id='word_1_604' title='bbox 3269 3508 3427 3571; x_wconf 90' lang='lat' dir='ltr'>sunt,</span> <span class='ocrx_word' id='word_1_605' title='bbox 3478 3503 3636 3559; x_wconf 89' lang='lat' dir='ltr'>velut</span> 
     </span>
    </p>
   </div>
   <div class='ocr_carea' id='block_1_81' title="bbox 1994 3592 3632 3664">
    <p class='ocr_par' dir='ltr' id='par_1_81' title="bbox 1994 3592 3632 3664">
     <span class='ocr_line' id='line_1_81' title="bbox 1994 3592 3632 3664; baseline -0.002 -14"><span class='ocrx_word' id='word_1_606' title='bbox 1994 3594 2211 3651; x_wconf 87' lang='lat' dir='ltr'>innoxii</span> <span class='ocrx_word' id='word_1_607' title='bbox 2247 3612 2260 3661; x_wconf 90' lang='lat'><strong>;</strong></span> <span class='ocrx_word' id='word_1_608' title='bbox 2294 3600 2345 3649; x_wconf 87' lang='lat' dir='ltr'>et</span> <span class='ocrx_word' id='word_1_609' title='bbox 2380 3593 2477 3649; x_wconf 88' lang='lat' dir='ltr'>alii</span> <span class='ocrx_word' id='word_1_610' title='bbox 2508 3610 2735 3660; x_wconf 90' lang='lat' dir='ltr'>rursus,</span> <span class='ocrx_word' id='word_1_611' title='bbox 2770 3594 2869 3664; x_wconf 92' lang='lat' dir='ltr'>qui</span> <span class='ocrx_word' id='word_1_612' title='bbox 2900 3592 3239 3648; x_wconf 88' lang='lat' dir='ltr'>innocentes</span> <span class='ocrx_word' id='word_1_613' title='bbox 3270 3598 3455 3662; x_wconf 89' lang='lat' dir='ltr'>erant,</span> <span class='ocrx_word' id='word_1_614' title='bbox 3499 3608 3632 3647; x_wconf 89' lang='lat' dir='ltr'>cum</span> 
     </span>
    </p>
   </div>
   <div class='ocr_carea' id='block_1_82' title="bbox 1994 3682 3636 3753">
    <p class='ocr_par' dir='ltr' id='par_1_82' title="bbox 1994 3682 3636 3753">
     <span class='ocr_line' id='line_1_82' title="bbox 1994 3682 3636 3753; baseline -0.003 -14"><span class='ocrx_word' id='word_1_615' title='bbox 1994 3688 2285 3739; x_wconf 89' lang='lat' dir='ltr'>tormenta</span> <span class='ocrx_word' id='word_1_616' title='bbox 2317 3684 2461 3738; x_wconf 85' lang='lat' dir='ltr'>ferre</span> <span class='ocrx_word' id='word_1_617' title='bbox 2494 3699 2608 3737; x_wconf 90' lang='lat' dir='ltr'>non</span> <span class='ocrx_word' id='word_1_618' title='bbox 2650 3683 2998 3753; x_wconf 89' lang='lat' dir='ltr'>potuissent,</span> <span class='ocrx_word' id='word_1_619' title='bbox 3054 3682 3299 3752; x_wconf 89' lang='lat' dir='ltr'>ideoque</span> <span class='ocrx_word' id='word_1_620' title='bbox 3343 3686 3544 3737; x_wconf 90' lang='lat' dir='ltr'>contra</span> <span class='ocrx_word' id='word_1_621' title='bbox 3575 3697 3636 3734; x_wconf 90' lang='lat' dir='ltr'>se</span> 
     </span>
    </p>
   </div>
   <div class='ocr_carea' id='block_1_83' title="bbox 1997 3769 3638 3843">
    <p class='ocr_par' dir='ltr' id='par_1_83' title="bbox 1997 3769 3638 3843">
     <span class='ocr_line' id='line_1_83' title="bbox 1997 3769 3638 3843; baseline -0.003 -14"><span class='ocrx_word' id='word_1_622' title='bbox 1997 3773 2223 3829; x_wconf 88' lang='lat' dir='ltr'>mentiti</span> <span class='ocrx_word' id='word_1_623' title='bbox 2260 3772 2820 3843; x_wconf 80' lang='lat' dir='ltr'>fuissent,tanquam</span> <span class='ocrx_word' id='word_1_624' title='bbox 2854 3772 2933 3825; x_wconf 91' lang='lat' dir='ltr'>rei</span> <span class='ocrx_word' id='word_1_625' title='bbox 2966 3770 3153 3826; x_wconf 79' lang='lat' dir='ltr'>affecti</span> <span class='ocrx_word' id='word_1_626' title='bbox 3185 3775 3323 3827; x_wconf 90' lang='lat' dir='ltr'>sunt</span> <span class='ocrx_word' id='word_1_627' title='bbox 3350 3769 3638 3842; x_wconf 88' lang='lat' dir='ltr'>supplicio</span> 
     </span>
    </p>
   </div>
   <div class='ocr_carea' id='block_1_84' title="bbox 2068 3857 3640 3931">
    <p class='ocr_par' dir='ltr' id='par_1_84' title="bbox 2068 3857 3640 3931">
     <span class='ocr_line' id='line_1_84' title="bbox 2068 3857 3640 3931; baseline -0.002 -15"><span class='ocrx_word' id='word_1_628' title='bbox 2068 3861 2254 3917; x_wconf 84' lang='lat' dir='ltr'>XCVI.</span> <span class='ocrx_word' id='word_1_629' title='bbox 2289 3861 2440 3915; x_wconf 88' lang='lat' dir='ltr'>Tum</span> <span class='ocrx_word' id='word_1_630' title='bbox 2472 3864 2678 3916; x_wconf 90' lang='lat' dir='ltr'>Petrus</span> <span class='ocrx_word' id='word_1_631' title='bbox 2713 3877 2725 3915; x_wconf 89' lang='lat'><strong>:</strong></span> <span class='ocrx_word' id='word_1_632' title='bbox 2757 3862 2943 3931; x_wconf 87' lang='lat' dir='ltr'>Atque</span> <span class='ocrx_word' id='word_1_633' title='bbox 2976 3860 3116 3929; x_wconf 75' lang='lat' dir='ltr'>hmo,</span> <span class='ocrx_word' id='word_1_634' title='bbox 3165 3858 3376 3930; x_wconf 89' lang='lat' dir='ltr'>inquit,</span> <span class='ocrx_word' id='word_1_635' title='bbox 3412 3857 3640 3913; x_wconf 88' lang='lat' dir='ltr'>modica</span> 
     </span>
    </p>
   </div>
   <div class='ocr_carea' id='block_1_85' title="bbox 1996 3946 3636 4021">
    <p class='ocr_par' dir='ltr' id='par_1_85' title="bbox 1996 3946 3636 4021">
     <span class='ocr_line' id='line_1_85' title="bbox 1996 3946 3636 4021; baseline -0.003 -15"><span class='ocrx_word' id='word_1_636' title='bbox 1996 3956 2173 4017; x_wconf 78' lang='lat' dir='ltr'>sunt;</span> <span class='ocrx_word' id='word_1_637' title='bbox 2206 3950 2342 4005; x_wconf 84' lang='lat' dir='ltr'>audi</span> <span class='ocrx_word' id='word_1_638' title='bbox 2373 3966 2503 4005; x_wconf 89' lang='lat' dir='ltr'>vero</span> <span class='ocrx_word' id='word_1_639' title='bbox 2555 3950 2746 4021; x_wconf 90' lang='lat' dir='ltr'>majus</span> <span class='ocrx_word' id='word_1_640' title='bbox 2795 3948 3118 4021; x_wconf 89' lang='lat' dir='ltr'>quidpiam.</span> <span class='ocrx_word' id='word_1_641' title='bbox 3171 3948 3410 4013; x_wconf 89' lang='lat' dir='ltr'>Quando</span> <span class='ocrx_word' id='word_1_642' title='bbox 3456 3946 3636 4018; x_wconf 90' lang='lat' dir='ltr'>aliqui</span> 
     </span>
    </p>
   </div>
   <div class='ocr_carea' id='block_1_86' title="bbox 1995 4037 3637 4110">
    <p class='ocr_par' dir='ltr' id='par_1_86' title="bbox 1995 4037 3637 4110">
     <span class='ocr_line' id='line_1_86' title="bbox 1995 4037 3637 4110; baseline -0.004 -15"><span class='ocrx_word' id='word_1_643' title='bbox 1995 4039 2263 4095; x_wconf 90' lang='lat' dir='ltr'>homines</span> <span class='ocrx_word' id='word_1_644' title='bbox 2332 4043 2593 4110; x_wconf 90' lang='lat' dir='ltr'>peccant,</span> <span class='ocrx_word' id='word_1_645' title='bbox 2637 4037 2727 4093; x_wconf 85' lang='lat' dir='ltr'>vel</span> <span class='ocrx_word' id='word_1_646' title='bbox 2784 4038 2930 4093; x_wconf 90' lang='lat' dir='ltr'>bene</span> <span class='ocrx_word' id='word_1_647' title='bbox 3000 4040 3182 4109; x_wconf 89' lang='lat' dir='ltr'>agunt</span> <span class='ocrx_word' id='word_1_648' title='bbox 3216 4054 3228 4103; x_wconf 91' lang='lat'><strong>;</strong></span> <span class='ocrx_word' id='word_1_649' title='bbox 3262 4052 3463 4091; x_wconf 89' lang='lat' dir='ltr'>eorum</span> <span class='ocrx_word' id='word_1_650' title='bbox 3509 4052 3637 4107; x_wconf 66' lang='lat' dir='ltr'>quae</span> 
     </span>
    </p>
   </div>
   <div class='ocr_carea' id='block_1_87' title="bbox 1996 4125 3635 4201">
    <p class='ocr_par' dir='ltr' id='par_1_87' title="bbox 1996 4125 3635 4201">
     <span class='ocr_line' id='line_1_87' title="bbox 1996 4125 3635 4201; baseline -0.003 -17"><span class='ocrx_word' id='word_1_651' title='bbox 1996 4133 2334 4201; x_wconf 87' lang='lat' dir='ltr'>operantur,</span> <span class='ocrx_word' id='word_1_652' title='bbox 2381 4126 2495 4181; x_wconf 85' lang='lat' dir='ltr'>alia</span> <span class='ocrx_word' id='word_1_653' title='bbox 2543 4128 2805 4198; x_wconf 90' lang='lat' dir='ltr'>ipsorum</span> <span class='ocrx_word' id='word_1_654' title='bbox 2860 4127 3091 4198; x_wconf 87' lang='lat' dir='ltr'>propria</span> <span class='ocrx_word' id='word_1_655' title='bbox 3125 4130 3281 4192; x_wconf 87' lang='lat' dir='ltr'>sunt,</span> <span class='ocrx_word' id='word_1_656' title='bbox 3316 4125 3430 4180; x_wconf 89' lang='lat' dir='ltr'>alia</span> <span class='ocrx_word' id='word_1_657' title='bbox 3459 4126 3635 4179; x_wconf 89' lang='lat' dir='ltr'>etiam</span> 
     </span>
    </p>
   </div>
   <div class='ocr_carea' id='block_1_88' title="bbox 1996 4212 3636 4287">
    <p class='ocr_par' dir='ltr' id='par_1_88' title="bbox 1996 4212 3636 4287">
     <span class='ocr_line' id='line_1_88' title="bbox 1996 4212 3636 4287; baseline -0.003 -14"><span class='ocrx_word' id='word_1_658' title='bbox 1996 4217 2186 4273; x_wconf 89' lang='lat' dir='ltr'>aliena</span> <span class='ocrx_word' id='word_1_659' title='bbox 2217 4234 2229 4272; x_wconf 90' lang='lat'>:</span> <span class='ocrx_word' id='word_1_660' title='bbox 2262 4233 2493 4287; x_wconf 68' lang='lat' dir='ltr'>aequum</span> <span class='ocrx_word' id='word_1_661' title='bbox 2517 4231 2649 4269; x_wconf 91' lang='lat' dir='ltr'>vero</span> <span class='ocrx_word' id='word_1_662' title='bbox 2671 4219 2759 4270; x_wconf 90' lang='lat' dir='ltr'>est</span> <span class='ocrx_word' id='word_1_663' title='bbox 2781 4229 3261 4285; x_wconf 89' lang='lat' dir='ltr'>unumquemque</span> <span class='ocrx_word' id='word_1_664' title='bbox 3287 4231 3388 4285; x_wconf 86' lang='lat' dir='ltr'>pro</span> <span class='ocrx_word' id='word_1_665' title='bbox 3410 4212 3636 4269; x_wconf 88' lang='lat' dir='ltr'>delictis</span> 
     </span>
    </p>
   </div>
   <div class='ocr_carea' id='block_1_89' title="bbox 1996 4302 3637 4378">
    <p class='ocr_par' dir='ltr' id='par_1_89' title="bbox 1996 4302 3637 4378">
     <span class='ocr_line' id='line_1_89' title="bbox 1996 4302 3637 4378; baseline -0.002 -18"><span class='ocrx_word' id='word_1_666' title='bbox 1996 4305 2247 4378; x_wconf 90' lang='lat' dir='ltr'>propriis</span> <span class='ocrx_word' id='word_1_667' title='bbox 2276 4306 2413 4359; x_wconf 89' lang='lat' dir='ltr'>dare</span> <span class='ocrx_word' id='word_1_668' title='bbox 2447 4321 2667 4374; x_wconf 76' lang='lat' dir='ltr'>pcnnas,</span> <span class='ocrx_word' id='word_1_669' title='bbox 2701 4309 2802 4357; x_wconf 88' lang='lat' dir='ltr'>aut</span> <span class='ocrx_word' id='word_1_670' title='bbox 2844 4320 2946 4374; x_wconf 92' lang='lat' dir='ltr'>pro</span> <span class='ocrx_word' id='word_1_671' title='bbox 2978 4306 3132 4357; x_wconf 89' lang='lat' dir='ltr'>recte</span> <span class='ocrx_word' id='word_1_672' title='bbox 3194 4302 3360 4358; x_wconf 89' lang='lat' dir='ltr'>factis</span> <span class='ocrx_word' id='word_1_673' title='bbox 3394 4302 3637 4374; x_wconf 74' lang='lat' dir='ltr'>prmmio</span> 
     </span>
    </p>
   </div>
   <div class='ocr_carea' id='block_1_90' title="bbox 1995 4390 3637 4463">
    <p class='ocr_par' dir='ltr' id='par_1_90' title="bbox 1995 4390 3637 4463">
     <span class='ocr_line' id='line_1_90' title="bbox 1995 4390 3637 4463; baseline -0.004 -12"><span class='ocrx_word' id='word_1_674' title='bbox 1995 4396 2218 4451; x_wconf 88' lang='lat' dir='ltr'>donari.</span> <span class='ocrx_word' id='word_1_675' title='bbox 2256 4393 2399 4448; x_wconf 87' lang='lat' dir='ltr'>Fieri</span> <span class='ocrx_word' id='word_1_676' title='bbox 2433 4398 2627 4447; x_wconf 88' lang='lat' dir='ltr'>autem</span> <span class='ocrx_word' id='word_1_677' title='bbox 2660 4410 2764 4447; x_wconf 86' lang='lat' dir='ltr'>con</span> <span class='ocrx_word' id='word_1_678' title='bbox 2800 4397 3007 4462; x_wconf 89' lang='lat' dir='ltr'>potest,</span> <span class='ocrx_word' id='word_1_679' title='bbox 3059 4396 3123 4445; x_wconf 92' lang='lat' dir='ltr'>ut</span> <span class='ocrx_word' id='word_1_680' title='bbox 3170 4392 3489 4463; x_wconf 86' lang='lat' dir='ltr'>quispiam,</span> <span class='ocrx_word' id='word_1_681' title='bbox 3522 4390 3637 4445; x_wconf 91' lang='lat' dir='ltr'>nisi</span> 
     </span>
    </p>
   </div>
   <div class='ocr_carea' id='block_1_91' title="bbox 1994 4478 3637 4554">
    <p class='ocr_par' dir='ltr' id='par_1_91' title="bbox 1994 4478 3637 4554">
     <span class='ocr_line' id='line_1_91' title="bbox 1994 4478 3637 4554; baseline -0.004 -15"><span class='ocrx_word' id='word_1_682' title='bbox 1994 4484 2152 4541; x_wconf 90' lang='lat' dir='ltr'>solus</span> <span class='ocrx_word' id='word_1_683' title='bbox 2186 4481 2486 4554; x_wconf 89' lang='lat' dir='ltr'>propheta,</span> <span class='ocrx_word' id='word_1_684' title='bbox 2520 4481 2620 4551; x_wconf 89' lang='lat' dir='ltr'>qui</span> <span class='ocrx_word' id='word_1_685' title='bbox 2655 4480 3065 4550; x_wconf 68' lang='lat' dir='ltr'>praenolionem</span> <span class='ocrx_word' id='word_1_686' title='bbox 3110 4480 3305 4548; x_wconf 87' lang='lat' dir='ltr'>habet,</span> <span class='ocrx_word' id='word_1_687' title='bbox 3337 4481 3407 4534; x_wconf 87' lang='lat' dir='ltr'>ab</span> <span class='ocrx_word' id='word_1_688' title='bbox 3440 4478 3637 4549; x_wconf 89' lang='lat' dir='ltr'>aliquo</span> 
     </span>
    </p>
   </div>
   <div class='ocr_carea' id='block_1_92' title="bbox 1581 4588 2305 4648">
    <p class='ocr_par' dir='ltr' id='par_1_92' title="bbox 1581 4588 2305 4648">
     <span class='ocr_line' id='line_1_92' title="bbox 1581 4588 2305 4648; baseline 0 -6"><span class='ocrx_word' id='word_1_689' title='bbox 1581 4589 1824 4645; x_wconf 70' lang='lat' dir='ltr'>VARI/13</span> <span class='ocrx_word' id='word_1_690' title='bbox 1891 4588 2305 4648; x_wconf 85' lang='lat' dir='ltr'>LECTIONES.</span> 
     </span>
    </p>
   </div>
   <div class='ocr_carea' id='block_1_93' title="bbox 296 4681 3628 4759">
    <p class='ocr_par' dir='ltr' id='par_1_93' title="bbox 296 4681 3628 4759">
     <span class='ocr_line' id='line_1_93' title="bbox 296 4681 3628 4759; baseline 0 -21"><span class='ocrx_word' id='word_1_691' title='bbox 296 4684 340 4718; x_wconf 77' lang='grc' dir='ltr'><strong><em>ττ</em></strong></span> <span class='ocrx_word' id='word_1_692' title='bbox 369 4683 538 4738; x_wconf 82' lang='lat' dir='ltr'>deest</span> <span class='ocrx_word' id='word_1_693' title='bbox 563 4681 622 4737; x_wconf 87' lang='lat' dir='ltr'>in</span> <span class='ocrx_word' id='word_1_694' title='bbox 654 4681 728 4738; x_wconf 89' lang='lat' dir='ltr'>al.</span> <span class='ocrx_word' id='word_1_695' title='bbox 760 4683 804 4718; x_wconf 81' lang='grc'>⁷⁸</span> <span class='ocrx_word' id='word_1_696' title='bbox 834 4682 907 4739; x_wconf 91' lang='lat' dir='ltr'>al.</span> <span class='ocrx_word' id='word_1_697' title='bbox 940 4684 1191 4758; x_wconf 74' lang='grc' dir='ltr'>παρέχει.</span> <span class='ocrx_word' id='word_1_698' title='bbox 1218 4687 1260 4721; x_wconf 81' lang='grc'>⁷⁸</span> <span class='ocrx_word' id='word_1_699' title='bbox 1292 4686 1405 4742; x_wconf 87' lang='lat' dir='ltr'>Sic.</span> <span class='ocrx_word' id='word_1_700' title='bbox 1435 4686 1494 4742; x_wconf 87' lang='lat' dir='ltr'>F.</span> <span class='ocrx_word' id='word_1_701' title='bbox 1528 4687 1640 4759; x_wconf 91' lang='lat' dir='ltr'>leg.</span> <span class='ocrx_word' id='word_1_702' title='bbox 1671 4706 1824 4755; x_wconf 87' lang='grc' dir='ltr'>ποτε,</span> <span class='ocrx_word' id='word_1_703' title='bbox 1859 4688 1983 4747; x_wconf 90' lang='lat' dir='ltr'>Lat.</span> <span class='ocrx_word' id='word_1_704' title='bbox 2025 4703 2158 4743; x_wconf 88' lang='lat' dir='ltr'>vero</span> <span class='ocrx_word' id='word_1_705' title='bbox 2189 4684 2492 4757; x_wconf 81' lang='lat' dir='ltr'>aliquando</span> <span class='ocrx_word' id='word_1_706' title='bbox 2523 4685 2645 4739; x_wconf 92' lang='lat' dir='ltr'>loco</span> <span class='ocrx_word' id='word_1_707' title='bbox 2677 4688 2791 4738; x_wconf 85' lang='lat' dir='ltr'>tum</span> <span class='ocrx_word' id='word_1_708' title='bbox 2820 4683 2922 4738; x_wconf 85' lang='lat' dir='ltr'>En.</span> <span class='ocrx_word' id='word_1_709' title='bbox 2949 4683 3117 4739; x_wconf 82' lang='lat' dir='ltr'>PATR.</span> <span class='ocrx_word' id='word_1_710' title='bbox 3153 4685 3197 4719; x_wconf 78' lang='lat'>7°</span> <span class='ocrx_word' id='word_1_711' title='bbox 3229 4682 3434 4739; x_wconf 87' lang='lat' dir='ltr'>Matth.</span> <span class='ocrx_word' id='word_1_712' title='bbox 3460 4699 3514 4750; x_wconf 83' lang='grc' dir='ltr'>ν,</span> <span class='ocrx_word' id='word_1_713' title='bbox 3540 4683 3628 4738; x_wconf 81' lang='grc'>45.</span> 
     </span>
    </p>
   </div>
   <div class='ocr_carea' id='block_1_94' title="bbox 1603 4804 2253 4863">
    <p class='ocr_par' dir='ltr' id='par_1_94' title="bbox 1603 4804 2253 4863">
     <span class='ocr_line' id='line_1_94' title="bbox 1603 4804 2253 4863; baseline 0.002 -5"><span class='ocrx_word' id='word_1_714' title='bbox 1603 4804 1985 4863; x_wconf 83' lang='lat' dir='ltr'>VARIORUM</span> <span class='ocrx_word' id='word_1_715' title='bbox 2023 4807 2253 4863; x_wconf 70' lang='lat' dir='ltr'>NOT/E.</span> 
     </span>
    </p>
   </div>
   <div class='ocr_carea' id='block_1_95' title="bbox 292 4895 1868 4974">
    <p class='ocr_par' dir='ltr' id='par_1_95' title="bbox 292 4895 1868 4974">
     <span class='ocr_line' id='line_1_95' title="bbox 292 4895 1868 4974; baseline 0.005 -23"><span class='ocrx_word' id='word_1_716' title='bbox 292 4896 511 4970; x_wconf 87' lang='grc' dir='ltr'>(10)οὐ</span> <span class='ocrx_word' id='word_1_717' title='bbox 543 4895 923 4974; x_wconf 71' lang='grc' dir='ltr'>φιλάνθρωπός</span> <span class='ocrx_word' id='word_1_718' title='bbox 981 4897 1111 4954; x_wconf 80' lang='grc' dir='ltr'>ἐστι.</span> <span class='ocrx_word' id='word_1_719' title='bbox 1173 4899 1381 4974; x_wconf 77' lang='lat' dir='ltr'>Melius</span> <span class='ocrx_word' id='word_1_720' title='bbox 1431 4902 1703 4958; x_wconf 75' lang='lat' dir='ltr'>vertisset</span> <span class='ocrx_word' id='word_1_721' title='bbox 1760 4920 1868 4959; x_wconf 87' lang='lat' dir='ltr'>no-</span> 
     </span>
    </p>
   </div>
   <div class='ocr_carea' id='block_1_96' title="bbox 221 4972 1875 5046">
    <p class='ocr_par' dir='ltr' id='par_1_96' title="bbox 221 4972 1875 5046">
     <span class='ocr_line' id='line_1_96' title="bbox 221 4972 1875 5046; baseline 0.002 -20"><span class='ocrx_word' id='word_1_722' title='bbox 221 4974 346 5046; x_wconf 75' lang='lat' dir='ltr'>ster</span> <span class='ocrx_word' id='word_1_723' title='bbox 370 4987 394 5046; x_wconf 68' lang='grc' dir='ltr'>Δε</span> <span class='ocrx_word' id='word_1_724' title='bbox 428 4972 715 5046; x_wconf 71' lang='grc' dir='ltr'>ἡοηιϊηωη</span> <span class='ocrx_word' id='word_1_725' title='bbox 744 4988 961 5046; x_wconf 56' lang='lat' dir='ltr'>amans,</span> <span class='ocrx_word' id='word_1_726' title='bbox 998 4988 1174 5046; x_wconf 79' lang='lat' dir='ltr'>quam</span> <span class='ocrx_word' id='word_1_727' title='bbox 1207 4972 1875 5046; x_wconf 52' lang='lat' dir='ltr'>humnnw,ambiguita-</span> 
     </span>
    </p>
   </div>
   <div class='ocr_carea' id='block_1_97' title="bbox 222 5042 1875 5113">
    <p class='ocr_par' dir='ltr' id='par_1_97' title="bbox 222 5042 1875 5113">
     <span class='ocr_line' id='line_1_97' title="bbox 222 5042 1875 5113; baseline 0.004 -18"><span class='ocrx_word' id='word_1_728' title='bbox 222 5042 297 5096; x_wconf 86' lang='lat' dir='ltr'>lis</span> <span class='ocrx_word' id='word_1_729' title='bbox 327 5042 581 5097; x_wconf 70' lang='lat' dir='ltr'>vitandae</span> <span class='ocrx_word' id='word_1_730' title='bbox 614 5059 809 5097; x_wconf 85' lang='lat' dir='ltr'>causa.</span> <span class='ocrx_word' id='word_1_731' title='bbox 846 5043 954 5097; x_wconf 90' lang='lat' dir='ltr'>Sed</span> <span class='ocrx_word' id='word_1_732' title='bbox 992 5042 1208 5113; x_wconf 87' lang='lat' dir='ltr'>ubique</span> <span class='ocrx_word' id='word_1_733' title='bbox 1237 5044 1410 5097; x_wconf 91' lang='lat' dir='ltr'>verba</span> <span class='ocrx_word' id='word_1_734' title='bbox 1442 5043 1639 5099; x_wconf 87' lang='lat' dir='ltr'>lectori</span> <span class='ocrx_word' id='word_1_735' title='bbox 1684 5042 1875 5101; x_wconf 71' lang='lat' dir='ltr'>adnu-</span> 
     </span>
    </p>
   </div>
   <div class='ocr_carea' id='block_1_98' title="bbox 220 5113 1869 5184">
    <p class='ocr_par' dir='ltr' id='par_1_98' title="bbox 220 5113 1869 5184">
     <span class='ocr_line' id='line_1_98' title="bbox 220 5113 1869 5184; baseline 0.003 -17"><span class='ocrx_word' id='word_1_736' title='bbox 220 5116 434 5181; x_wconf 79' lang='lat' dir='ltr'>morat,</span> <span class='ocrx_word' id='word_1_737' title='bbox 468 5130 583 5167; x_wconf 87' lang='lat' dir='ltr'>non</span> <span class='ocrx_word' id='word_1_738' title='bbox 616 5113 912 5184; x_wconf 89' lang='lat' dir='ltr'>appendit.</span> <span class='ocrx_word' id='word_1_739' title='bbox 948 5113 1049 5167; x_wconf 92' lang='lat' dir='ltr'>Vir</span> <span class='ocrx_word' id='word_1_740' title='bbox 1078 5115 1305 5175; x_wconf 87' lang='lat' dir='ltr'>doctus,</span> <span class='ocrx_word' id='word_1_741' title='bbox 1338 5114 1437 5183; x_wconf 90' lang='lat' dir='ltr'>qui</span> <span class='ocrx_word' id='word_1_742' title='bbox 1471 5133 1538 5171; x_wconf 84' lang='lat' dir='ltr'>ex</span> <span class='ocrx_word' id='word_1_743' title='bbox 1577 5132 1673 5171; x_wconf 87' lang='lat' dir='ltr'>ore</span> <span class='ocrx_word' id='word_1_744' title='bbox 1703 5119 1869 5172; x_wconf 84' lang='lat' dir='ltr'>Henr.</span> 
     </span>
    </p>
   </div>
   <div class='ocr_carea' id='block_1_99' title="bbox 228 5184 1873 5255">
    <p class='ocr_par' dir='ltr' id='par_1_99' title="bbox 228 5184 1873 5255">
     <span class='ocr_line' id='line_1_99' title="bbox 228 5184 1873 5255; baseline 0.001 -15"><span class='ocrx_word' id='word_1_745' title='bbox 228 5186 429 5241; x_wconf 65' lang='lat' dir='ltr'>Valesii</span> <span class='ocrx_word' id='word_1_746' title='bbox 447 5184 667 5255; x_wconf 85' lang='lat' dir='ltr'>excepit</span> <span class='ocrx_word' id='word_1_747' title='bbox 690 5184 1016 5239; x_wconf 83' lang='lat' dir='ltr'>versionem</span> <span class='ocrx_word' id='word_1_748' title='bbox 1045 5185 1465 5240; x_wconf 85' lang='lat' dir='ltr'>Historicorum</span> <span class='ocrx_word' id='word_1_749' title='bbox 1515 5188 1873 5244; x_wconf 86' lang='lat' dir='ltr'>ecclesiasti-</span> 
     </span>
    </p>
   </div>
   <div class='ocr_carea' id='block_1_100' title="bbox 220 5254 1873 5324">
    <p class='ocr_par' dir='ltr' id='par_1_100' title="bbox 220 5254 1873 5324">
     <span class='ocr_line' id='line_1_100' title="bbox 220 5254 1873 5324; baseline 0.002 -12"><span class='ocrx_word' id='word_1_750' title='bbox 220 5272 452 5324; x_wconf 89' lang='lat' dir='ltr'>corum,</span> <span class='ocrx_word' id='word_1_751' title='bbox 487 5254 976 5311; x_wconf 85' lang='lat' dir='ltr'>animadverterat</span> <span class='ocrx_word' id='word_1_752' title='bbox 1007 5257 1199 5311; x_wconf 90' lang='lat' dir='ltr'>virum</span> <span class='ocrx_word' id='word_1_753' title='bbox 1246 5274 1547 5313; x_wconf 89' lang='lat' dir='ltr'>summum</span> <span class='ocrx_word' id='word_1_754' title='bbox 1576 5260 1873 5315; x_wconf 91' lang='lat' dir='ltr'>interdum</span> 
     </span>
    </p>
   </div>
   <div class='ocr_carea' id='block_1_101' title="bbox 218 5325 1872 5400">
    <p class='ocr_par' dir='ltr' id='par_1_101' title="bbox 218 5325 1872 5400">
     <span class='ocr_line' id='line_1_101' title="bbox 218 5325 1872 5400; baseline 0.002 -17"><span class='ocrx_word' id='word_1_755' title='bbox 218 5325 476 5383; x_wconf 87' lang='lat' dir='ltr'>nimium</span> <span class='ocrx_word' id='word_1_756' title='bbox 510 5344 545 5382; x_wconf 92' lang='lat' dir='ltr'>a</span> <span class='ocrx_word' id='word_1_757' title='bbox 574 5327 765 5400; x_wconf 75' lang='lat' dir='ltr'>verbis</span> <span class='ocrx_word' id='word_1_758' title='bbox 796 5327 1129 5400; x_wconf 67' lang='lat' dir='ltr'>abscedere,</span> <span class='ocrx_word' id='word_1_759' title='bbox 1165 5328 1261 5383; x_wconf 91' lang='lat' dir='ltr'>sed</span> <span class='ocrx_word' id='word_1_760' title='bbox 1298 5327 1423 5400; x_wconf 89' lang='lat' dir='ltr'>ipse</span> <span class='ocrx_word' id='word_1_761' title='bbox 1470 5330 1646 5385; x_wconf 91' lang='lat' dir='ltr'>nimis</span> <span class='ocrx_word' id='word_1_762' title='bbox 1679 5331 1872 5386; x_wconf 70' lang='lat' dir='ltr'>adhae-</span> 
     </span>
    </p>
   </div>
   <div class='ocr_carea' id='block_1_102' title="bbox 218 5392 1874 5525">
    <p class='ocr_par' dir='ltr' id='par_1_102' title="bbox 218 5392 1874 5525">
     <span class='ocr_line' id='line_1_102' title="bbox 218 5392 1874 5525; baseline 0.001 -70"><span class='ocrx_word' id='word_1_763' title='bbox 218 5415 360 5455; x_wconf 86' lang='lat' dir='ltr'>rens</span> <span class='ocrx_word' id='word_1_764' title='bbox 390 5402 670 5469; x_wconf 89' lang='lat' dir='ltr'>perpetuo</span> <span class='ocrx_word' id='word_1_765' title='bbox 705 5392 1040 5525; x_wconf 63' lang='grc' dir='ltr'>βαὲϐαρίζει,</span> <span class='ocrx_word' id='word_1_766' title='bbox 1073 5392 1177 5454; x_wconf 88' lang='lat' dir='ltr'>nec</span> <span class='ocrx_word' id='word_1_767' title='bbox 1219 5392 1449 5481; x_wconf 72' lang='lat' dir='ltr'>semper</span> <span class='ocrx_word' id='word_1_768' title='bbox 1497 5401 1741 5457; x_wconf 87' lang='lat' dir='ltr'>feliciter</span> <span class='ocrx_word' id='word_1_769' title='bbox 1778 5419 1874 5474; x_wconf 85' lang='lat' dir='ltr'>po-</span> 
     </span>
     <span class='ocr_line' id='line_1_103' title="bbox 219 5472 1874 5525; baseline 0 0"><span class='ocrx_word' id='word_1_770' title='bbox 219 5475 499 5525; x_wconf 85' lang='lat' dir='ltr'>testatem</span> <span class='ocrx_word' id='word_1_771' title='bbox 530 5486 735 5524; x_wconf 90' lang='lat' dir='ltr'>vocum</span> <span class='ocrx_word' id='word_1_772' title='bbox 821 5487 1100 5525; x_wconf 68' lang='lat' dir='ltr'>raacarum</span> <span class='ocrx_word' id='word_1_773' title='bbox 1128 5476 1418 5525; x_wconf 81' lang='lat' dir='ltr'>exorimit.</span> <span class='ocrx_word' id='word_1_774' title='bbox 1455 5472 1573 5525; x_wconf 89' lang='lat' dir='ltr'>Hoc</span> <span class='ocrx_word' id='word_1_775' title='bbox 1599 5474 1786 5525; x_wconf 78' lang='lat' dir='ltr'>obiter</span> <span class='ocrx_word' id='word_1_776' title='bbox 1815 5479 1874 5525; x_wconf 88' lang='lat' dir='ltr'>et</span> 
     </span>
    </p>
   </div>
   <div class='ocr_carea' id='block_1_103' title="bbox 219 5471 1874 5542">
    <p class='ocr_par' dir='ltr' id='par_1_103' title="bbox 219 5471 1874 5542">
     <span class='ocr_line' id='line_1_104' title="bbox 219 5471 1874 5542; baseline 0.001 -15"><span class='ocrx_word' id='word_1_777' title='bbox 219 5475 499 5542; x_wconf 75' lang='lat' dir='ltr'>testatem</span> <span class='ocrx_word' id='word_1_778' title='bbox 530 5486 735 5542; x_wconf 83' lang='lat' dir='ltr'>vocum</span> <span class='ocrx_word' id='word_1_779' title='bbox 770 5471 1100 5525; x_wconf 64' lang='lat' dir='ltr'>Graecarum</span> <span class='ocrx_word' id='word_1_780' title='bbox 1128 5471 1418 5542; x_wconf 81' lang='lat' dir='ltr'>exprimit.</span> <span class='ocrx_word' id='word_1_781' title='bbox 1455 5472 1573 5528; x_wconf 88' lang='lat' dir='ltr'>Hoc</span> <span class='ocrx_word' id='word_1_782' title='bbox 1599 5471 1795 5528; x_wconf 70' lang='lat' dir='ltr'>obiter</span> <span class='ocrx_word' id='word_1_783' title='bbox 1815 5479 1874 5529; x_wconf 91' lang='lat' dir='ltr'>et</span> 
     </span>
    </p>
   </div>
   <div class='ocr_carea' id='block_1_104' title="bbox 221 5540 1869 5614">
    <p class='ocr_par' dir='ltr' id='par_1_104' title="bbox 221 5540 1869 5614">
     <span class='ocr_line' id='line_1_105' title="bbox 221 5540 1869 5614; baseline 0.002 -16"><span class='ocrx_word' id='word_1_784' title='bbox 221 5540 431 5605; x_wconf 85' lang='lat' dir='ltr'>semel,</span> <span class='ocrx_word' id='word_1_785' title='bbox 466 5540 622 5612; x_wconf 90' lang='lat' dir='ltr'>quod</span> <span class='ocrx_word' id='word_1_786' title='bbox 655 5542 976 5597; x_wconf 82' lang='lat' dir='ltr'>sexcenties</span> <span class='ocrx_word' id='word_1_787' title='bbox 1002 5542 1115 5597; x_wconf 89' lang='lat' dir='ltr'>dici</span> <span class='ocrx_word' id='word_1_788' title='bbox 1138 5540 1452 5614; x_wconf 81' lang='lat' dir='ltr'>potuit,hic</span> <span class='ocrx_word' id='word_1_789' title='bbox 1470 5545 1869 5601; x_wconf 88' lang='lat' dir='ltr'>adnotandum</span> 
     </span>
    </p>
   </div>
   <div class='ocr_carea' id='block_1_105' title="bbox 221 5613 650 5669">
    <p class='ocr_par' dir='ltr' id='par_1_105' title="bbox 221 5613 650 5669">
     <span class='ocr_line' id='line_1_106' title="bbox 221 5613 650 5669; baseline -0.009 0"><span class='ocrx_word' id='word_1_790' title='bbox 221 5613 449 5669; x_wconf 85' lang='lat' dir='ltr'>censui.</span> <span class='ocrx_word' id='word_1_791' title='bbox 483 5616 650 5667; x_wconf 65' lang='lat' dir='ltr'>Casa.</span> 
     </span>
    </p>
   </div>
   <div class='ocr_carea' id='block_1_106' title="bbox 293 5681 1874 5758">
    <p class='ocr_par' dir='ltr' id='par_1_106' title="bbox 293 5681 1874 5758">
     <span class='ocr_line' id='line_1_107' title="bbox 293 5681 1874 5758; baseline -0.004 -18"><span class='ocrx_word' id='word_1_792' title='bbox 293 5686 412 5753; x_wconf 86' lang='grc'>(11)</span> <span class='ocrx_word' id='word_1_793' title='bbox 444 5682 572 5758; x_wconf 56' lang='grc' dir='ltr'>ΤὴνΔ</span> <span class='ocrx_word' id='word_1_794' title='bbox 608 5681 937 5758; x_wconf 74' lang='grc' dir='ltr'>πρόγνωσιν.</span> <span class='ocrx_word' id='word_1_795' title='bbox 974 5682 1078 5738; x_wconf 87' lang='lat' dir='ltr'>Hic</span> <span class='ocrx_word' id='word_1_796' title='bbox 1134 5698 1241 5738; x_wconf 85' lang='lat' dir='ltr'>vox</span> <span class='ocrx_word' id='word_1_797' title='bbox 1278 5681 1582 5758; x_wconf 69' lang='grc' dir='ltr'>πρόγνωσις</span> <span class='ocrx_word' id='word_1_798' title='bbox 1619 5702 1735 5758; x_wconf 75' lang='lat' dir='ltr'>non</span> <span class='ocrx_word' id='word_1_799' title='bbox 1784 5690 1874 5743; x_wconf 76' lang='lat' dir='ltr'>est,</span> 
     </span>
    </p>
   </div>
   <div class='ocr_carea' id='block_1_107' title="bbox 221 5754 1871 5828">
    <p class='ocr_par' dir='ltr' id='par_1_107' title="bbox 221 5754 1871 5828">
     <span class='ocr_line' id='line_1_108' title="bbox 221 5754 1871 5828; baseline 0.002 -17"><span class='ocrx_word' id='word_1_800' title='bbox 221 5755 481 5828; x_wconf 81' lang='grc' dir='ltr'>ρτοηοιιό</span> <span class='ocrx_word' id='word_1_801' title='bbox 510 5773 524 5823; x_wconf 88' lang='lat'><strong>;</strong></span> <span class='ocrx_word' id='word_1_802' title='bbox 549 5754 741 5828; x_wconf 39' lang='lat' dir='ltr'>judex’</span> <span class='ocrx_word' id='word_1_803' title='bbox 758 5754 914 5811; x_wconf 88' lang='lat' dir='ltr'>enim</span> <span class='ocrx_word' id='word_1_804' title='bbox 945 5770 1239 5827; x_wconf 82' lang='lat' dir='ltr'>praenosse</span> <span class='ocrx_word' id='word_1_805' title='bbox 1272 5754 1483 5813; x_wconf 83' lang='lat' dir='ltr'>delicta</span> <span class='ocrx_word' id='word_1_806' title='bbox 1508 5756 1747 5815; x_wconf 84' lang='lat' dir='ltr'>minime</span> <span class='ocrx_word' id='word_1_807' title='bbox 1778 5774 1871 5816; x_wconf 85' lang='lat' dir='ltr'>ne-</span> 
     </span>
    </p>
   </div>
   <div class='ocr_carea' id='block_1_108' title="bbox 1977 4898 3626 4967">
    <p class='ocr_par' dir='ltr' id='par_1_108' title="bbox 1977 4898 3626 4967">
     <span class='ocr_line' id='line_1_109' title="bbox 1977 4898 3626 4967; baseline -0.004 -8"><span class='ocrx_word' id='word_1_808' title='bbox 1977 4921 2139 4960; x_wconf 89' lang='lat' dir='ltr'>cesse</span> <span class='ocrx_word' id='word_1_809' title='bbox 2171 4904 2364 4967; x_wconf 86' lang='lat' dir='ltr'>habet,</span> <span class='ocrx_word' id='word_1_810' title='bbox 2424 4903 2521 4957; x_wconf 87' lang='lat' dir='ltr'>sed</span> <span class='ocrx_word' id='word_1_811' title='bbox 2572 4906 2799 4956; x_wconf 88' lang='lat' dir='ltr'>tantum</span> <span class='ocrx_word' id='word_1_812' title='bbox 2852 4900 3001 4954; x_wconf 81' lang='lat' dir='ltr'>scire</span> <span class='ocrx_word' id='word_1_813' title='bbox 3063 4898 3401 4967; x_wconf 70' lang='lat' dir='ltr'>praeterita;</span> <span class='ocrx_word' id='word_1_814' title='bbox 3439 4914 3626 4967; x_wconf 89' lang='lat' dir='ltr'>neque</span> 
     </span>
    </p>
   </div>
   <div class='ocr_carea' id='block_1_109' title="bbox 1985 4969 3628 5046">
    <p class='ocr_par' dir='ltr' id='par_1_109' title="bbox 1985 4969 3628 5046">
     <span class='ocr_line' id='line_1_110' title="bbox 1985 4969 3628 5046; baseline -0.005 -16"><span class='ocrx_word' id='word_1_815' title='bbox 1985 4976 2141 5031; x_wconf 90' lang='lat' dir='ltr'>enim</span> <span class='ocrx_word' id='word_1_816' title='bbox 2177 4991 2377 5046; x_wconf 78' lang='lat' dir='ltr'>pcnnas</span> <span class='ocrx_word' id='word_1_817' title='bbox 2410 4972 2591 5046; x_wconf 80' lang='lat' dir='ltr'>sumit</span> <span class='ocrx_word' id='word_1_818' title='bbox 2620 4974 2689 5026; x_wconf 90' lang='lat' dir='ltr'>de</span> <span class='ocrx_word' id='word_1_819' title='bbox 2721 4972 2933 5027; x_wconf 87' lang='lat' dir='ltr'>futuris</span> <span class='ocrx_word' id='word_1_820' title='bbox 2966 4969 3221 5046; x_wconf 72' lang='lat' dir='ltr'>flagitiis,</span> <span class='ocrx_word' id='word_1_821' title='bbox 3256 4970 3453 5046; x_wconf 80' lang='lat' dir='ltr'>sedde</span> <span class='ocrx_word' id='word_1_822' title='bbox 3486 4985 3628 5039; x_wconf 61' lang='lat' dir='ltr'>pra;-</span> 
     </span>
    </p>
   </div>
   <div class='ocr_carea' id='block_1_110' title="bbox 1986 5042 3626 5116">
    <p class='ocr_par' dir='ltr' id='par_1_110' title="bbox 1986 5042 3626 5116">
     <span class='ocr_line' id='line_1_111' title="bbox 1986 5042 3626 5116; baseline -0.006 -14"><span class='ocrx_word' id='word_1_823' title='bbox 1986 5042 2193 5102; x_wconf 59' lang='lat' dir='ltr'>teritisI</span> <span class='ocrx_word' id='word_1_824' title='bbox 2253 5046 2430 5115; x_wconf 84' lang='lat' dir='ltr'>Igitur</span> <span class='ocrx_word' id='word_1_825' title='bbox 2469 5042 2722 5116; x_wconf 77' lang='grc' dir='ltr'>πρόγνιυσ</span> <span class='ocrx_word' id='word_1_826' title='bbox 2749 5062 2795 5112; x_wconf 84' lang='grc' dir='ltr'>ς,</span> <span class='ocrx_word' id='word_1_827' title='bbox 2849 5044 3001 5113; x_wconf 88' lang='lat' dir='ltr'>apud</span> <span class='ocrx_word' id='word_1_828' title='bbox 3057 5042 3207 5116; x_wconf 79' lang='lat' dir='ltr'>hunc</span> <span class='ocrx_word' id='word_1_829' title='bbox 3262 5042 3626 5116; x_wconf 80' lang='lat' dir='ltr'>scriptorem,</span> 
     </span>
    </p>
   </div>
   <div class='ocr_carea' id='block_1_111' title="bbox 1985 5110 3626 5196">
    <p class='ocr_par' dir='ltr' id='par_1_111' title="bbox 1985 5110 3626 5196">
     <span class='ocr_line' id='line_1_112' title="bbox 1985 5110 3626 5196; baseline -0.005 -23"><span class='ocrx_word' id='word_1_830' title='bbox 1985 5122 2074 5173; x_wconf 91' lang='lat' dir='ltr'>est</span> <span class='ocrx_word' id='word_1_831' title='bbox 2103 5118 2211 5196; x_wconf 82' lang='lat' dir='ltr'>hoc</span> <span class='ocrx_word' id='word_1_832' title='bbox 2259 5110 2384 5170; x_wconf 72' lang='lat' dir='ltr'>loco</span> <span class='ocrx_word' id='word_1_833' title='bbox 2411 5110 2520 5166; x_wconf 76' lang='grc' dir='ltr'>τῶν</span> <span class='ocrx_word' id='word_1_834' title='bbox 2554 5110 2813 5196; x_wconf 80' lang='grc' dir='ltr'>πρότερον</span> <span class='ocrx_word' id='word_1_835' title='bbox 2853 5110 3179 5196; x_wconf 40' lang='grc' dir='ltr'>,γεγονότων</span> <span class='ocrx_word' id='word_1_836' title='bbox 3232 5115 3479 5196; x_wconf 29' lang='grc' dir='ltr'>γνῶσιςῖ,</span> <span class='ocrx_word' id='word_1_837' title='bbox 3523 5127 3626 5192; x_wconf 75' lang='lat' dir='ltr'>seu</span> 
     </span>
    </p>
   </div>
   <div class='ocr_carea' id='block_1_112' title="bbox 1985 5182 3625 5260">
    <p class='ocr_par' dir='ltr' id='par_1_112' title="bbox 1985 5182 3625 5260">
     <span class='ocr_line' id='line_1_113' title="bbox 1985 5182 3625 5260; baseline -0.005 -17"><span class='ocrx_word' id='word_1_838' title='bbox 1985 5188 2237 5260; x_wconf 84' lang='lat' dir='ltr'>cognitio</span> <span class='ocrx_word' id='word_1_839' title='bbox 2269 5203 2465 5260; x_wconf 77' lang='lat' dir='ltr'>eorum</span> <span class='ocrx_word' id='word_1_840' title='bbox 2493 5202 2621 5256; x_wconf 69' lang='lat' dir='ltr'>quae</span> <span class='ocrx_word' id='word_1_841' title='bbox 2654 5182 2817 5256; x_wconf 64' lang='lat' dir='ltr'>prius</span> <span class='ocrx_word' id='word_1_842' title='bbox 2851 5182 2996 5239; x_wconf 80' lang='lat' dir='ltr'>facta</span> <span class='ocrx_word' id='word_1_843' title='bbox 3026 5189 3164 5238; x_wconf 90' lang='lat' dir='ltr'>sunt</span> <span class='ocrx_word' id='word_1_844' title='bbox 3194 5182 3391 5260; x_wconf 69' lang='lat' dir='ltr'>abiis,</span> <span class='ocrx_word' id='word_1_845' title='bbox 3426 5183 3494 5236; x_wconf 90' lang='lat' dir='ltr'>de</span> <span class='ocrx_word' id='word_1_846' title='bbox 3526 5182 3625 5253; x_wconf 89' lang='lat' dir='ltr'>qui</span> 
     </span>
    </p>
   </div>
   <div class='ocr_carea' id='block_1_113' title="bbox 1985 5254 3623 5325">
    <p class='ocr_par' dir='ltr' id='par_1_113' title="bbox 1985 5254 3623 5325">
     <span class='ocr_line' id='line_1_114' title="bbox 1985 5254 3623 5325; baseline -0.004 -10"><span class='ocrx_word' id='word_1_847' title='bbox 1985 5254 2094 5315; x_wconf 69' lang='lat' dir='ltr'>bus</span> <span class='ocrx_word' id='word_1_848' title='bbox 2126 5257 2415 5315; x_wconf 84' lang='lat' dir='ltr'>sententia</span> <span class='ocrx_word' id='word_1_849' title='bbox 2444 5254 2735 5312; x_wconf 65' lang='lat' dir='ltr'>fertur.2tn</span> <span class='ocrx_word' id='word_1_850' title='bbox 2764 5273 2892 5311; x_wconf 91' lang='lat' dir='ltr'>vero</span> <span class='ocrx_word' id='word_1_851' title='bbox 2928 5272 3171 5325; x_wconf 85' lang='lat' dir='ltr'>usquam</span> <span class='ocrx_word' id='word_1_852' title='bbox 3205 5254 3341 5309; x_wconf 88' lang='lat' dir='ltr'>alibi</span> <span class='ocrx_word' id='word_1_853' title='bbox 3375 5254 3495 5308; x_wconf 66' lang='lat' dir='ltr'>haec</span> <span class='ocrx_word' id='word_1_854' title='bbox 3517 5270 3623 5309; x_wconf 87' lang='lat' dir='ltr'>vox</span> 
     </span>
    </p>
   </div>
   <div class='ocr_carea' id='block_1_114' title="bbox 1983 5324 3542 5401">
    <p class='ocr_par' dir='ltr' id='par_1_114' title="bbox 1983 5324 3542 5401">
     <span class='ocr_line' id='line_1_115' title="bbox 1983 5324 3542 5401; baseline -0.005 -15"><span class='ocrx_word' id='word_1_855' title='bbox 1983 5331 2092 5386; x_wconf 92' lang='lat' dir='ltr'>hoc</span> <span class='ocrx_word' id='word_1_856' title='bbox 2125 5329 2454 5401; x_wconf 77' lang='lat' dir='ltr'>significatu</span> <span class='ocrx_word' id='word_1_857' title='bbox 2487 5333 2771 5401; x_wconf 80' lang='lat' dir='ltr'>occurrat,</span> <span class='ocrx_word' id='word_1_858' title='bbox 2809 5324 3110 5401; x_wconf 86' lang='lat' dir='ltr'>fateor_me</span> <span class='ocrx_word' id='word_1_859' title='bbox 3143 5326 3429 5401; x_wconf 84' lang='lat' dir='ltr'>ignorare.</span> <span class='ocrx_word' id='word_1_860' title='bbox 3460 5324 3542 5401; x_wconf 55' lang='grc' dir='ltr'>ξι).</span> 
     </span>
    </p>
   </div>
   <div class='ocr_carea' id='block_1_115' title="bbox 2054 5395 3622 5475">
    <p class='ocr_par' dir='ltr' id='par_1_115' title="bbox 2054 5395 3622 5475">
     <span class='ocr_line' id='line_1_116' title="bbox 2054 5395 3622 5475; baseline -0.004 -19"><span class='ocrx_word' id='word_1_861' title='bbox 2054 5395 2510 5475; x_wconf 35' lang='grc' dir='ltr'>(12)’Πρόγνω.σιν</span> <span class='ocrx_word' id='word_1_862' title='bbox 2547 5443 2559 5455; x_wconf 93' lang='grc'><strong><em>.</em></strong></span> <span class='ocrx_word' id='word_1_863' title='bbox 2590 5400 2692 5475; x_wconf 87' lang='lat' dir='ltr'>Hic</span> <span class='ocrx_word' id='word_1_864' title='bbox 2723 5415 2953 5470; x_wconf 89' lang='lat' dir='ltr'>quoque</span> <span class='ocrx_word' id='word_1_865' title='bbox 2999 5397 3105 5451; x_wconf 92' lang='lat' dir='ltr'>hac</span> <span class='ocrx_word' id='word_1_866' title='bbox 3130 5395 3286 5475; x_wconf 55' lang='lat' dir='ltr'>voce</span> <span class='ocrx_word' id='word_1_867' title='bbox 3325 5395 3622 5475; x_wconf 79' lang='lat' dir='ltr'>significa-</span> 
     </span>
    </p>
   </div>
   <div class='ocr_carea' id='block_1_116' title="bbox 1982 5469 3620 5546">
    <p class='ocr_par' dir='ltr' id='par_1_116' title="bbox 1982 5469 3620 5546">
     <span class='ocr_line' id='line_1_117' title="bbox 1982 5469 3620 5546; baseline -0.004 -18"><span class='ocrx_word' id='word_1_868' title='bbox 1982 5478 2079 5528; x_wconf 91' lang='lat' dir='ltr'>tur</span> <span class='ocrx_word' id='word_1_869' title='bbox 2104 5469 2211 5526; x_wconf 84' lang='grc' dir='ltr'>τῶν</span> <span class='ocrx_word' id='word_1_870' title='bbox 2245 5469 2548 5546; x_wconf 71' lang='grc' dir='ltr'>γενομένων</span> <span class='ocrx_word' id='word_1_871' title='bbox 2580 5469 2872 5543; x_wconf 58' lang='grc' dir='ltr'>γνῶσιςωι</span> <span class='ocrx_word' id='word_1_872' title='bbox 2902 5469 3205 5546; x_wconf 78' lang='lat' dir='ltr'>sequentia</span> <span class='ocrx_word' id='word_1_873' title='bbox 3233 5470 3407 5524; x_wconf 88' lang='lat' dir='ltr'>verba</span> <span class='ocrx_word' id='word_1_874' title='bbox 3427 5473 3620 5546; x_wconf 72' lang='lat' dir='ltr'>osten-</span> 
     </span>
    </p>
   </div>
   <div class='ocr_carea' id='block_1_117' title="bbox 1982 5538 3617 5615">
    <p class='ocr_par' dir='ltr' id='par_1_117' title="bbox 1982 5538 3617 5615">
     <span class='ocr_line' id='line_1_118' title="bbox 1982 5538 3617 5615; baseline -0.002 -16"><span class='ocrx_word' id='word_1_875' title='bbox 1982 5546 2131 5600; x_wconf 88' lang='lat' dir='ltr'>dunt</span> <span class='ocrx_word' id='word_1_876' title='bbox 2164 5563 2177 5611; x_wconf 91' lang='lat'><strong>;</strong></span> <span class='ocrx_word' id='word_1_877' title='bbox 2212 5538 2397 5615; x_wconf 80' lang='lat' dir='ltr'>neque</span> <span class='ocrx_word' id='word_1_878' title='bbox 2426 5538 2745 5615; x_wconf 54' lang='lat' dir='ltr'>enim&#39;cum</span> <span class='ocrx_word' id='word_1_879' title='bbox 2797 5538 3135 5615; x_wconf 69' lang='lat' dir='ltr'>praevisione</span> <span class='ocrx_word' id='word_1_880' title='bbox 3180 5544 3509 5615; x_wconf 81' lang='lat' dir='ltr'>futurorum</span> <span class='ocrx_word' id='word_1_881' title='bbox 3545 5538 3617 5615; x_wconf 87' lang='lat' dir='ltr'>_in</span> 
     </span>
    </p>
   </div>
   <div class='ocr_carea' id='block_1_118' title="bbox 1981 5610 3625 5688">
    <p class='ocr_par' dir='ltr' id='par_1_118' title="bbox 1981 5610 3625 5688">
     <span class='ocr_line' id='line_1_119' title="bbox 1981 5610 3625 5688; baseline -0.002 -17"><span class='ocrx_word' id='word_1_882' title='bbox 1981 5610 2626 5688; x_wconf 74' lang='lat' dir='ltr'>prophetisconjuncta</span> <span class='ocrx_word' id='word_1_883' title='bbox 2657 5612 2765 5667; x_wconf 93' lang='lat' dir='ltr'>fuit</span> <span class='ocrx_word' id='word_1_884' title='bbox 2780 5610 3031 5684; x_wconf 79' lang='lat' dir='ltr'>cognitio</span> <span class='ocrx_word' id='word_1_885' title='bbox 3055 5613 3476 5688; x_wconf 63' lang='lat' dir='ltr'>prasteritorum</span> <span class='ocrx_word' id='word_1_886' title='bbox 3502 5629 3515 5681; x_wconf 89' lang='lat'><strong>;</strong></span> <span class='ocrx_word' id='word_1_887' title='bbox 3542 5610 3625 5668; x_wconf 82' lang='lat' dir='ltr'>ita</span> 
     </span>
    </p>
   </div>
   <div class='ocr_carea' id='block_1_119' title="bbox 1982 5683 3245 5761">
    <p class='ocr_par' dir='ltr' id='par_1_119' title="bbox 1982 5683 3245 5761">
     <span class='ocr_line' id='line_1_120' title="bbox 1982 5683 3245 5761; baseline -0.004 -17"><span class='ocrx_word' id='word_1_888' title='bbox 1982 5683 2048 5744; x_wconf 74' lang='lat' dir='ltr'>ut</span> <span class='ocrx_word' id='word_1_889' title='bbox 2087 5683 2369 5761; x_wconf 77' lang='lat' dir='ltr'>posterior</span> <span class='ocrx_word' id='word_1_890' title='bbox 2398 5702 2428 5741; x_wconf 81' lang='grc' dir='ltr'>θ</span> <span class='ocrx_word' id='word_1_891' title='bbox 2457 5685 2646 5757; x_wconf 87' lang='lat' dir='ltr'>priore</span> <span class='ocrx_word' id='word_1_892' title='bbox 2680 5683 3041 5756; x_wconf 83' lang='lat' dir='ltr'>sequeretur.</span> <span class='ocrx_word' id='word_1_893' title='bbox 3061 5683 3245 5739; x_wconf 77' lang='lat' dir='ltr'>Cum.</span> 
     </span>
    </p>
   </div>
  </div>
