4118 6340
212 431 338 492 σει

980 434 1509 497 CLEMENTINA.
1540 467 1617 481 —
1644 432 1995 495 EPITOME
2038 433 2141 493 DE
2185 434 2457 495 GESTIS
2506 436 2571 495 S.
2618 429 2878 494 PETRI.

3507 421 3627 483 542

210 565 614 639 παρεμυθεῖτο.
647 567 1064 639 Κατηντήσαμεν
1099 565 1193 619 οὗν
1224 564 1299 627 εἷς
1337 565 1639 627 Βαλαναίας
1668 568 1709 602 ⁸⁷
1741 566 1876 638 (14),

1994 566 2281 622 trahebat.
2307 567 2688 622 Pervenimus
2721 581 2857 636 ergo
2886 562 3220 619 Balanaaas:
3255 562 3313 615 et
3368 548 3648 630 sequenti

212 652 310 706 καὶ
359 657 431 726 τῇ
475 653 702 728 ἐπιούσῃ
750 654 825 716 εἷς
875 653 1083 709 Πάλτον
1118 658 1160 692 ⁹⁸
1207 653 1475 727 ἤλθομεν,
1508 656 1749 709 κάκεῖθεν
1800 654 1877 715 εἷς

214 736 467 799 Γάϐαλα.
497 748 572 817 Τῇ
631 740 688 798 δὲ
744 744 899 819 ἑτέρᾳ
955 745 1362 815 κατηντήσαμεν
1411 743 1485 804 εἰς
1533 740 1874 801 Λαοδίκειαν,

216 830 323 885 Καὶ
389 828 509 885 ἰδοὺ
563 833 670 906 πρὸ
726 837 834 887 τῶν
886 834 1060 906 θυρῶν
1118 833 1358 902 Νικήτης
1414 852 1471 886 τε
1516 833 1607 886 καὶ
1641 830 1877 891 ’Δκύλας

212 918 480 987 ἀπήντων
536 922 696 992 ἡμῖν,
749 921 840 975 καὶ
897 920 1359 999 κἰταφιλήσαντες
1416 922 1553 995 ἦγον
1619 919 1705 975 ἐπὶ
1779 922 1878 988 τὴν

217 1007 401 1077 ξενίαν
425 1011 487 1064 9³.
511 1010 571 1066 Ὀ
604 1006 661 1063 δὲ
692 1008 892 1084 Πέτρος
923 1008 1095 1077 καλὴν
1129 1009 1218 1063 καὶ
1254 1008 1495 1083 μεγάλην
1528 1007 1687 1063 πόλιν
1723 1006 1875 1077 ἰδὼν,

216 1096 439 1165 Ἀξιον,
524 1094 649 1174 ἔφη,
711 1098 933 1161 ἐνταῦθα
1005 1100 1214 1173 ἡμέρας
1298 1100 1445 1170 ἡμᾶς
1529 1102 1877 1171 προσμεῖναι.

216 1187 458 1239 Δυνατὸν
513 1187 614 1261 γὰρ
674 1186 725 1240 ἐν
776 1191 854 1258 τῷ
900 1185 1125 1257 πλήθει,
1157 1186 1247 1241 καί
1302 1207 1452 1248 τινας
1509 1184 1751 1260 εὑρέσθαι
1779 1192 1880 1254 τῆς

211 1278 318 1328 τοῦ
352 1278 591 1350 Χριστοῦ
624 1272 842 1347 μερίδος
880 1275 1083 1345 ἀξίους.
1118 1277 1174 1327 Ὀ
1208 1276 1301 1347 μὲν
1353 1274 1443 1328 οὖν
1497 1276 1736 1343 Νικήτης
1790 1273 1880 1327 καὶ

215 1362 469 1424 ’Δκύλας
530 1362 888 1427 ἐπυνθάνοντό
950 1386 1080 1436 μου,
1111 1363 1193 1426 τίς
1245 1364 1304 1417 ἃν
1364 1360 1447 1433 εἴη
1480 1365 1514 1431 ἡ
1567 1364 1685 1436 ξένῃ
1744 1362 1876 1432 αὕτη

213 1453 389 1523 γυνή.
423 1453 588 1527 Κάγὼ
643 1449 794 1530 ἔφην’
824 1452 963 1525 Ἐμὴ
1028 1454 1237 1527 μήτηρ,
1277 1454 1337 1521 ἣν
1386 1450 1675 1527 ἐπιγνῶναί
1728 1471 1821 1524 μοι
1853 1452 1882 1506 6

210 1541 351 1602 Θεὸς
390 1538 481 1595 διὰ
510 1540 714 1616 Πέτρου
741 1546 838 1596 τοῦ
872 1540 1074 1616 Κυρίου
1120 1563 1224 1613 μου
1255 1538 1594 1616 ἐδωρήσατο.

289 1652 479 1703 XCIX.
535 1644 711 1702 Τυῦτά
770 1668 875 1719 μου
928 1647 1197 1714 εἰπόντος,
1249 1648 1277 1702 6
1336 1648 1537 1722 Πέτρος
1590 1646 1775 1708 αὐτοῖς
1830 1646 1881 1700 ἐν

212 1734 511 1812 κεφαλαίῳ
549 1735 717 1791 πάντα
775 1736 1009 1807 ἐξέθετο,
1061 1736 1161 1791 ὅσα
1214 1757 1273 1791 τε
1320 1738 1465 1811 παρᾶ
1513 1743 1613 1805 τῆς
1678 1736 1884 1811 μητρὸς

215 1824 501 1890 ἀκούσειε,
531 1826 621 1878 καὶ
682 1824 780 1879 ὅσα
834 1825 1097 1902 πρότερον
1156 1827 1283 1901 παρ’
1330 1824 1464 1897 ἐμοῦ
1522 1826 1707 1897 μάθοι,
1756 1824 1881 1899 περί

1988 654 2080 709 die
2124 655 2351 711 Paltum
2416 656 2633 711 ivimus
2689 660 2745 710 et
2804 654 2939 707 inde
2996 650 3215 708 Gabala
3268 650 3498 720 aliaque
3546 649 3638 704 die

1992 744 2330 799 Laodiceam
2364 746 2728 800 devenimus.
2761 744 2903 798 Cum
2936 758 3069 797 ecce
3117 745 3252 795 ante
3302 744 3498 810 portas
3547 754 3642 794 oc-

1987 839 2233 887 currunt
2263 834 2432 889 nobis
2465 834 2695 891 Nicetas
2755 838 2811 886 et
2840 829 3045 902 Aquila
3073 847 3086 897 ;
3139 835 3195 883 et
3220 827 3486 894 osculati,
3526 827 3638 882 du-

1988 925 2129 976 eunt
2159 922 2230 976 ad
2265 922 2603 991 hospitium.
2642 920 2844 975 Petrus
2876 923 3071 973 autem
3100 916 3402 988 pulchram
3435 920 3491 971 et
3513 932 3635 970 ma-

1988 1026 2164 1080 gnam
2196 1009 2488 1064 civitatem
2522 1009 2760 1064 videns:
2808 1008 3058 1077 .‘Equum
3108 1010 3214 1071 est,
3265 1004 3476 1075 inquit,
3529 1020 3635 1059 nos

1990 1098 2085 1153 hic
2116 1098 2339 1169 aliquot
2370 1099 2495 1154 dies
2526 1097 2915 1152 commorari:
2950 1096 3071 1150 fieri
3111 1094 3265 1149 enim
3312 1097 3519 1164 potest,
3572 1096 3637 1147 ut

1991 1186 2050 1241 in
2065 1193 2229 1242 tanta
2242 1205 2337 1241 mu
2350 1188 2617 1241 ltitudine
2632 1187 2867 1257 quidam
2886 1180 3469 1255 reperianturChristi
3485 1184 3637 1236 sorte

1993 1293 2057 1330 ac
2090 1277 2353 1346 partibus
2384 1276 2565 1347 digni.
2595 1275 2881 1329 Caeterum
2911 1273 3139 1327 Nicetas
3179 1277 3233 1326 et
3265 1271 3476 1342 Aquila
3506 1286 3640 1341 per-

1992 1366 2382 1419 contabantur
2408 1382 2520 1432 me,
2556 1379 2819 1434 quaenam
2850 1366 3004 1417 esset
3032 1360 3131 1415 illa
3163 1358 3375 1415 mulier
3420 1364 3636 1413 extera.

1992 1456 2061 1507 Et
2090 1469 2195 1523 ego
2226 1453 2342 1507 dixi
2369 1471 2381 1508 :
2410 1456 2589 1507 Mater
2622 1469 2751 1507 mea
2781 1455 2890 1515 est,
2919 1467 3094 1522 quam
3129 1454 3213 1503 ut.
3240 1463 3638 1520 agnoscerem,

1994 1546 2146 1598 Deus
2178 1543 2322 1597 mibi
2357 1560 2456 1614 per
2478 1542 2783 1598 dominum
2817 1556 3013 1595 meum
3046 1539 3277 1594 Petrum
3329 1534 3635 1592 concessit.

2065 1649 2241 1703 XCIX.
2278 1650 2407 1704 Haec
2464 1655 2777 1721 postquam
2833 1647 2990 1714 dixi;
3043 1646 3248 1701 Petrus
3278 1642 3393 1699 illis
3425 1646 3637 1697 cuncta

1995 1739 2339 1792 summatim
2372 1737 2639 1809 exposuit
2667 1756 2679 1806 ;
2706 1743 2829 1792 tum
2854 1753 2980 1808 quas
3003 1752 3071 1789 ex
3091 1738 3278 1789 matre
3299 1732 3638 1800 audivisset,

1994 1830 2121 1881 tum
2154 1844 2280 1897 quae
2313 1832 2484 1883 antea
2513 1843 2581 1881 ex
2611 1843 2703 1881 me
2732 1824 3153 1896 comperisset;
3214 1822 3514 1887 nimirum,
3568 1821 3639 1875 de

213 1934 277 1967 τε
308 1917 413 1967 τοῦ
447 1913 837 1986 πεπλασμένου
872 1911 1087 1989 ὀνείρου
1118 1914 1241 1989 περί
1272 1936 1329 1969 τε
1356 1917 1455 1983 τῆς
1483 1913 1534 1968 ἐν
1576 1918 1655 1985 τῷ
1703 1913 1878 1986 πλοίῳ

1996 1915 2222 1970 somnio
2246 1916 2514 1979 conﬁcto,
2538 1916 2607 1969 de
2638 1914 2939 1985 naufragio
2963 1930 3079 1967 una
3093 1928 3226 1966 cum
3248 1910 3448 1965 liberis
3466 1911 3637 1976 facto,

222 2002 372 2074 μετᾶ
407 2002 499 2057 καὶ
528 2006 637 2056 τῶν
667 2003 795 2057 υἱῶν
824 2003 1104 2076 ναυαγίας,
1133 2003 1223 2057 καὶ
1273 2002 1421 2063 ὅπως
1467 2002 1687 2077 ὕστερον
1723 2004 1750 2056 6
1781 2022 1885 2056 πα-

220 2092 337 2165 τὴρ
390 2090 467 2151 εἰς
512 2090 839 2159 ἀναζήτησῖν
879 2098 977 2160 τῆς
1023 2092 1274 2167 γυναικὸς
1321 2091 1410 2146 καὶ
1466 2096 1573 2146 τῶν
1639 2088 1882 2163 διδύμων

222 2179 405 2248 αὐτῆς
435 2177 643 2233 παίδων
676 2175 858 2249 ἐκϐάς,
892 2178 1021 2255 ἄχρι
1052 2187 1151 2249 τῆς
1194 2178 1350 2255 δεῦρο
1402 2178 1658 2253 διέμεινεν
1710 2180 1883 2255 ἄγνω-

224 2288 385 2333 στος,
435 2265 671 2340 κινδύνῳ
744 2269 913 2344 τυχὸν
982 2268 1071 2323 καὶ
1129 2268 1287 2331 αὐτὸς
1342 2267 1616 2341 θαλαττίῳ
1663 2288 1885 2344 περιπεο

224 2374 370 2409 σων.

298 2445 365 2501 C.
396 2442 614 2498 Τούτων
666 2444 809 2499 οὕτω
856 2443 1251 2520 κεφαλαιωδῶς
1295 2445 1567 2522 ῥηθέντων
1619 2446 1721 2500 ὑπὸ
1783 2447 1881 2500 τοῦ

222 2533 464 2608 Πέτρου,
495 2534 524 2587 6
571 2536 811 2604 Νικήτης
851 2534 941 2589 καί
990 2534 1222 2597 Ἀκύλας
1266 2534 1713 2611 καταπλαγέντες*
1741 2534 1883 2610 ’Δρά

217 2641 307 2695 γε,
346 2622 592 2676 Δέσποτα
638 2622 728 2677 καὶ
778 2623 940 2697 Κύριε
979 2628 1085 2678 τῶν
1139 2624 1405 2695 ἁπάντων,
1442 2624 1614 2693 εἶπον,
1656 2622 1879 2695 ἀληθὲς,

228 2704 508 2782 ξὸνειρός
563 2710 672 2765 ἐστι
720 2710 923 2781 "cauta;
957 2712 1055 2767 Καὶ
1102 2714 1130 2767 ὁ
1176 2717 1400 2788 Πέτρος,
1431 2713 1495 2767 Εἰ
1549 2714 1623 2786 μὴ
1669 2713 1879 2785 κοιμώ-

225 2809 392 2870 μεθα,
420 2793 548 2875 ἔφη,
575 2797 775 2869 ἀληθὲς
822 2800 1099 2876 τυγχάνει.
1134 2802 1200 2858 Οἱ
1249 2798 1305 2856 δὲ
1357 2800 1535 2877 βραχὺ
1590 2800 1877 2875 μείναντες,

220 2886 318 2940 καὶ
350 2886 534 2961 ὥσπερ
568 2886 655 2942 ἐπὶ
682 2888 928 2951 συννοίας
957 2889 1259 2965 γενόμενοι,
1286 2892 1475 2963 Ἡμεῖς
1524 2889 1681 2962 ἐσμεν
1734 2896 1879 2944 Φαυ-

221 2980 407 3036 στῖνος
456 2976 546 3030 καὶ
593 2978 996 3045 Φαυστινιανὸς,
1042 2977 1247 3055 ἔφασιν·
1298 2980 1387 3034 καὶ
1454 2979 1732 3054 ἀπαρχῆς,
1782 2983 1877 3033 σοῦ

222 3061 649 3139 διαλεγομένου,
680 3064 953 3137 ἀλλήλοις
987 3063 1373 3140 ἐμϐλέποντες,
1404 3067 1589 3123 πολλὰ
1618 3069 1741 3143 περὶ
1781 3067 1874 3122 αὗ-

218 3158 333 3207 τῶν
361 3155 895 3230 κατεστοχσζόμεθα,
933 3158 1007 3229 μή
1055 3155 1156 3231 ἄρα
1204 3157 1310 3233 οὐχ
1358 3160 1493 3230 ἡμῖν
1542 3154 1767 3233 διαφέρῃ
1812 3158 1879 3211 τὰ

221 3240 522 3317 λεγόμενα,
562 3241 913 3318 λογιζόμενοι
972 3244 1053 3301 ὅτι
1111 3244 1296 3301 πολλὰ
1342 3245 1622 3321 παρόμοια
1677 3246 1877 3321 γίνεται

221 3329 273 3386 ἐν
310 3330 393 3403 τῷ
430 3331 552 3407 βίῳ·
588 3330 673 3387 διὸ
702 3334 791 3387 καὶ
831 3333 1149 3408 ἐσιωπῶμεν
1200 3334 1535 3408 παλλόμενοι
1595 3336 1690 3397 τὰς
1745 3356 1875 3412 καρ-

219 3417 364 3477 δίας.
405 3421 547 3495 Πρὸς
595 3418 652 3475 δὲ
697 3424 759 3476 τὸ
804 3420 964 3484 τέλος
1011 3428 1102 3477 νῦν
1149 3428 1257 3477 τῶν
1307 3422 1617 3498 Λεγομὲνων
1652 3421 1878 3495 ἰδόντες,

217 3510 311 3564 καὶ
344 3509 567 3585 γνόντες
600 3506 862 3586 ἀκριϐῶς,
894 3511 975 3565 ὅτι
1007 3533 1108 3588 περ
1140 3514 1275 3585 ἡμῖν
1325 3510 1565 3588 διαφέρει
1611 3515 1678 3567 τὰ
1726 3512 1881 3586 εἷ’ρη-

222 3595 388 3671 μένα,
421 3598 544 3653 τότε
569 3600 790 3662 ἑαυτοὺς
821 3600 1354 3677 ἀνωμολογήσαμεν.
1390 3602 1487 3656 Καὶ
1516 3600 1676 3657 τοῦτο
1709 3602 1881 3658 εἶπόν-

218 3709 334 3759 τες,
374 3689 511 3760 μετὰ
538 3685 782 3764 δακρύων
817 3689 1142 3759 ἐπεισῆλθον
1184 3695 1255 3764 τῇ
1312 3690 1500 3764 μητρὶ,
1530 3692 1619 3746 καὶ
1667 3712 1878 3764 κοιμω-

223 3776 398 3848 μὲν-ην
442 3773 711 3849 εύρόντες⁶
742 3777 1160 3853 περιπλέκεσθαι
1210 3777 1317 3849 ἤδη
1372 3775 1687 3835 ἐϐούλοντο.
1718 3781 1775 3833 '0
1824 3778 1881 3835 δὲ

220 3865 435 3939 Πέτρος
487 3865 757 3921 ἐκώλυσεν
799 3867 1017 3937 αὐτοὺς,
1078 3868 1266 3923 εἰπών·
1302 3867 1520 3923 Ἐάσατέ
1581 3890 1667 3942 με,
1721 3868 1879 3931 αὐτὸς

222 3954 371 4027 ὑμᾶς
406 3958 474 4027 τῇ
511 3954 677 4031 μητρὶ
716 3958 1073 4032 προσαγάγω,
1109 3959 1309 4029 μήπως
1365 3958 1467 4012 ὑπὸ
1514 3964 1615 4027 τῆς
1662 3957 1880 4028 πολλῆς

222 4040 503 4121 αἷφνιδίου
543 4050 740 4120 χαρᾶς,
773 4046 863 4099 καὶ
914 4044 987 4107 εἷς
1037 4042 1279 4101 ἔκστασιν
1328 4044 1474 4101 ἔλθοι
1526 4051 1756 4124 φρενῶν,
1790 4048 1880 4103 ἅτε

222 4129 291 4201 δή
346 4132 439 4186 καὶ
489 4132 836 4206 κοιμωμένη,
868 4134 956 4188 καὶ
1004 4135 1066 4188 τὸ
1122 4138 1332 4208 πνεῦμα
1382 4133 1482 4189 ὑπὸ
1550 4139 1646 4189 τοῦ
1709 4135 1877 4190 ὕπνου

220 4220 337 4291 ἆπη
346 4218 533 4295 σχολη
544 4221 698 4293 μένον
731 4219 953 4297 ἔχουσα.

293 4314 391 4367 Cl.
419 4312 611 4381 ’Όμως
654 4310 768 4365 ἐπεὶ
798 4311 960 4386 κόρον
1010 4308 1139 4388 ἔσχε
1181 4316 1280 4366 τοῦ
1328 4311 1517 4379 ὕπνου,
1549 4310 1879 4389 διεγερθείσῃ

220 4403 291 4472 τῇ
330 4399 523 4473 μητρὶ,
556 4400 585 4452 ὁ
619 4399 819 4471 Πέτρος
856 4400 979 4474 περὶ
1029 4394 1332 4463 θεοσεϐείας
1380 4400 1516 4475 αὐτῇ
1571 4399 1879 4477 διαλεχθεὶς

222 4488 494 4562 πρότερον
542 4489 633 4542 καὶ
688 4488 875 4543 εἰπών·
923 4490 1208 4544 Γινώσκειν
1261 4510 1318 4544 σε
1368 4488 1533 4558 θέλω,
1566 4491 1744 4565 γύναι,
1775 4499 1875 4560 τῆς

224 4577 502 4650 ἡμετέρας
532 4577 762 4639 πίστεως
812 4580 912 4647 τὴν
959 4574 1257 4654 ἀκρίϐειαν.
1288 4581 1420 4633 Ἕνα
1467 4580 1567 4655 γὰρ
1619 4581 1744 4635 Θεὸν
1790 4582 1875 4635 σὲ-

1996 2008 2053 2058 et
2082 2004 2329 2075 quemarl
2344 2005 2578 2059 modum
2612 2008 2811 2075 postea
2843 2007 3004 2073 pater
3033 2002 3102 2056 ad
3138 1998 3639 2071 investigationem

1996 2092 2194 2148 uxoris
2224 2098 2398 2163 atque
2430 2092 2797 2164 geminorum
2831 2092 2959 2161 ejus
2991 2094 3265 2144 natorum
3323 2088 3641 2159 profectus,

1996 2197 2183 2252 usque
2213 2181 2404 2237 adhuc
2436 2181 2716 2235 manserit
2746 2180 3001 2253 ignotus,
3036 2176 3298 2233 fortassis
3327 2176 3452 2249 ipse
3500 2190 3642 2246 quo-

1996 2287 2109 2341 que
2140 2270 2199 2324 in
2233 2271 2413 2325 maris
2446 2270 2761 2325 discrimen
2793 2268 3091 2341 delapsus.

2067 2451 2127 2505 C.
2165 2449 2262 2506 His
2286 2449 2368 2505 ita
2396 2448 2758 2521 capitulatim
2792 2466 2825 2504 a
2858 2449 3021 2504 Petro
3070 2445 3287 2511 relatis,
3324 2444 3555 2501 Nicetes
3587 2448 3646 2501 et

1991 2538 2206 2610 Aquila
2230 2543 2466 2609 stupore
2500 2538 2760 2610 percussi
2790 2538 3096 2593 dixerunt:
3133 2535 3279 2590 Here
3310 2551 3375 2590 ac
3398 2533 3644 2589 Domine

1994 2627 2282 2695 omnium,
2311 2644 2588 2682 verumne
2618 2633 2705 2683 est
2728 2628 2878 2698 quod
2901 2629 3192 2694 narratur,
3218 2641 3291 2680 an
3306 2624 3645 2679 somnium?

1992 2715 2307 2781 EtPetrus,
2342 2716 2461 2770 Nisi
2492 2716 2839 2783 dormimus,
2862 2715 3073 2787 inquit,
3106 2730 3198 2769 res
3228 2713 3308 2767 ita
3338 2712 3531 2769 habet.
3566 2717 3644 2768 At

1992 2803 2076 2857 illi
2108 2803 2414 2876 paululum
2448 2805 2679 2872 morati,
2724 2821 2789 2859 ac
2844 2804 3003 2859 velut
3059 2802 3461 2874 cogitabundi:
3496 2801 3633 2867 Nos,

1989 2891 2349 2964 inquierunt,
2376 2911 2583 2950 sumus
2613 2894 2923 2949 Faustinus
2937 2892 3443 2949 etFaustinianus:
3462 2896 3638 2963 atque

1989 2981 2063 3036 ab
2085 2982 2249 3037 initio
2265 2987 2376 3038 tua:
2396 2983 2765 3049 narrationis,
2788 2983 2933 3037 alter
2950 2984 3197 3037 alterum
3231 2980 3631 3052 inspicientes,

1988 3070 2311 3142 plurimum
2342 3074 2495 3128 circa
2524 3072 3158 3128 nosconsiderabamus
3180 3088 3321 3125 num
3337 3087 3465 3141 quae
3488 3069 3635 3125 dice-

1989 3161 2204 3215 bantur
2216 3162 2285 3215 ad
2304 3180 2407 3216 nos
2420 3163 2780 3233 pertinerent
2802 3182 2815 3229 ;
2835 3164 3190 3232 reputantes,
3208 3158 3393 3213 multa
3416 3158 3633 3214 similia

1989 3247 2050 3304 in
2072 3250 2190 3305 vita
2220 3251 2589 3322 contingere:
2625 3250 2896 3321 quocirca
2924 3254 2980 3303 et
3010 3248 3304 3312 siluimus,
3344 3264 3477 3302 cum
3535 3264 3635 3302 cor

1990 3342 2257 3393 nostrum
2288 3338 2619 3412 palpitaret.
2654 3339 2818 3394 Nunc
2848 3356 2980 3393 vero
3012 3337 3071 3391 in
3092 3338 3202 3391 {ine
3225 3335 3534 3401 sermonis,
3556 3337 3634 3392 vi-

1989 3427 2192 3482 dentes
2215 3444 2279 3483 ac
2311 3430 2486 3499 probe
2517 3429 2787 3493 scientes,
2822 3444 2947 3497 quas
2981 3431 3087 3481 ate
3144 3426 3298 3481 dicta
3350 3430 3507 3494 sunt,
3561 3426 3631 3480 ad

1991 3532 2097 3571 nos
2127 3518 2434 3588 pertinere,
2467 3522 2605 3571 tunc
2638 3533 2742 3571 nos
2790 3514 3235 3571 declaravimus.
3286 3516 3471 3583 Atque
3528 3514 3632 3569 hoc

1989 3603 2165 3671 dicto,
2198 3622 2330 3661 cum
2361 3604 2636 3678 lacrymis
2666 3606 3054 3676 properabant
3083 3604 3154 3659 ad
3178 3607 3446 3673 matrem,
3476 3619 3635 3659 eam-

1990 3709 2103 3764 que
2115 3693 2499 3749 dormientem
2520 3693 2695 3759 nacti,
2716 3694 2983 3765 protinus
3014 3691 3315 3763 complecti
3342 3691 3629 3747 volebant.

1990 3782 2101 3837 Sed
2133 3786 2339 3837 Petrus
2370 3782 2686 3855 prohibuit,
2719 3782 2955 3837 dicens:
2990 3782 3173 3836 Sinite
3204 3797 3333 3846 me;
3368 3780 3491 3851 ipse
3532 3797 3631 3833 vos

1988 3872 2060 3926 ad
2088 3876 2329 3927 matrem
2354 3872 2642 3926 adducam
2669 3889 2683 3938 ;
2707 3888 2779 3926 ne
2800 3870 2946 3926 forte
2961 3869 3142 3925 multo
3165 3868 3374 3940 gaudio
3399 3875 3633 3938 repente

1988 3960 2351 4025 adveniente,
2384 3959 2443 4015 in
2468 3959 2649 4015 animi
2680 3964 2979 4031 stuporem
3010 3957 3227 4013 incidat
3253 3983 3265 4021 ς
3296 3961 3630 4027 utpotequaa

1987 4048 2163 4104 etiam
2196 4049 2467 4118 dormiat,
2502 4048 2893 4122 spiritumque
2917 4064 3122 4104 somno
3154 4046 3363 4102 habeat
3386 4062 3630 4118 occupa-

1986 4141 2135 4192 tum.

2058 4316 2143 4370 CI.
2176 4320 2455 4372 Caeterum
2506 4320 2816 4387 postquam
2856 4332 3131 4371 somnum
3182 4315 3252 4369 ad
3304 4315 3629 4370 satietatem

1987 4404 2157 4475 cepit,
2193 4421 2259 4459 ac
2280 4410 2609 4475 experrecta
2629 4409 2718 4459 est
2737 4409 2937 4469 mater,
2965 4408 3167 4458 Petrus
3189 4404 3256 4457 ad
3283 4403 3443 4458 illam
3469 4402 3632 4473 prius

1986 4508 2317 4548 sermonem
2348 4494 2555 4548 habuit
2583 4494 2652 4548 de
2683 4492 2843 4547 cultu
2880 4493 2995 4560 Dei,
3040 4510 3104 4545 ac
3162 4492 3335 4546 dixit:
3388 4491 3544 4545 Scire
3577 4495 3631 4545 te

1988 4580 2137 4648 volo,
2162 4581 2391 4644 mulier,
2408 4581 3152 4652 nostrzeﬁdeidisciplinam
3175 4580 3457 4635 ‘°°.Unum
3472 4578 3629 4633 enim

225 4660 404 4738 ευμεν
457 4664 550 4721 τὸν
609 4666 949 4737 πεποιηκότα
1004 4666 1225 4741 οὐρανόν
1276 4688 1335 4721 τε
1381 4666 1470 4721 καὶ
1518 4675 1647 4743 γῆν,
1678 4668 1767 4723 καὶ
1814 4670 1872 4724 ὃν

1994 4671 2165 4726 Deum
2198 4671 2465 4740 colimus,
2494 4671 2823 4726 effectorem
2855 4670 2982 4725 coeli
3013 4674 3071 4725 et
3120 4674 3306 4734 terrae,
3346 4674 3401 4722 et
3450 4667 3629 4737 hujus

226 4755 360 4827 ὁρᾷς
390 4754 614 4827 κόσμον·
648 4756 737 4809 καὶ
780 4754 980 4810 τούτου
1029 4754 1372 4832 φυλάσσομεν
1418 4757 1509 4811 τὸν
1560 4757 1748 4830 νόμον,
1780 4779 1876 4814 πε-

1994 4775 2160 4831 quem
2191 4760 2349 4815 vides
2385 4760 2588 4814 mundi
2616 4778 2628 4827 ;
2659 4760 2906 4830 ejusque
2934 4760 3119 4829 legem
3151 4773 3475 4826 servamus,
3500 4772 3627 4826 quae

227 4843 489 4919 ρίέχοντα
520 4844 571 4898 ἐν
612 4844 853 4919 πρώτοις
882 4843 1041 4899 αὐτὸν
1093 4840 1265 4900 σέϐειν
1321 4844 1504 4918 μόνον,
1538 4845 1625 4900 καὶ
1673 4847 1736 4901 τὸ
1785 4847 1877 4902 αὐ-

226 4936 327 4987 τοῦ
375 4931 610 5008 ἀγιάζειν
670 4930 863 5005 ὄνομα,
892 4938 1053 5005 τιμᾷν
1097 4954 1153 4988 τε
1194 4939 1380 5008 γονεῖς
1411 4933 1499 4988 καὶ
1557 4941 1873 5011 σωφρονεῖν,

231 5022 481 5095 βιοῦντας
508 5020 917 5091 ἀνεπιλήπτως,
949 5021 1037 5076 καὶ
1066 5023 1341 5094 τραπέζης
1372 5021 1585 5092 ὲθνικῆς
1618 5024 1693 5096 μή
1749 5044 1873 5095 μετ-

229 5108 401 5185 ἐχειν,
443 5107 531 5164 διὰ
572 5114 635 5164 τὸ
681 5110 995 5186 ἀκαθάρτως
1045 5111 1236 5172 αὐτοὺς
1281 5108 1678 5167 πολιτεύεσθαι.
1712 5116 1871 5167 Ὅταν

227 5195 283 5254 δὲ
316 5198 589 5272 πείσωμεν
621 5198 815 5261 αὐτοὺς
844 5200 909 5254 τὰ
964 5206 1063 5269 τῆς
1112 5197 1371 5271 ἀληθείας
1419 5206 1631 5278 φρονεῖν
1670 5221 1731 5256 τε
1783 5202 1873 5256 καὶ

1986 4848 2043 4904 in
2076 4848 2284 4919 primis
2323 4848 2598 4918 continet,
2632 4848 2823 4918 ipsum
2876 4847 3067 4902 solum
3119 4845 3428 4902 colendum
3476 4860 3625 4911 esse,

1984 4936 2469 4993 sanctiﬁcandum
2501 4952 2709 4991 nomen
2744 4937 2892 5007 ejus,
2925 4935 3296 4990 honorandos
3338 4938 3626 5005 parentes,

1982 5029 2375 5097 temperanter
2402 5026 2715 5080 vivendum
2751 5030 2806 5079 et
2834 5023 3159 5095 inculpate;
3203 5039 3309 5077 nec
3362 5038 3625 5076 mensam

1983 5130 2115 5170 cum
2148 5114 2463 5185 gentilibus
2485 5130 2853 5169 communem
2876 5113 3225 5180 habendam,
3256 5112 3409 5182 quod
3436 5111 3629 5181 impu-

1984 5220 2109 5259 ram
2144 5204 2318 5258 vitam
2353 5204 2586 5275 degant.
2619 5207 2759 5257 Cum
2794 5206 2987 5256 autem
3029 5200 3113 5254 eis
3161 5198 3627 5270 persuaserimus

1609 5343 1857 5402 VARle
1894 5344 2305 5403 LEGTIONES.

296 5440 341 5477 ’τ
366 5438 442 5496 al.
474 5436 765 5500 Βαλανὲας.
798 5439 839 5476 ⁸⁸
870 5439 945 5497 a1.
978 5436 1215 5497 Πάλταν.
1249 5442 1295 5477 θ’
1325 5440 1399 5498 al.
1433 5438 1624 5498 οἰκίαν.
1660 5444 1728 5480 ¹⁰⁹
1757 5443 1801 5500 Ι.
1834 5443 1972 5500 Rec.
2002 5442 2043 5500 1.
2076 5460 2132 5513 x,
2166 5459 2214 5499 c.
2249 5443 2339 5497 47.

1592 5585 1974 5643 VARIORUM
2014 5584 2248 5642 NOTIE.

230 5675 1023 5824 n$:.De
1061 5680 1179 5738 situ
1210 5680 1422 5739 horum
1453 5682 1628 5755 Syriae
1665 5682 1927 5740 locorum
1957 5683 2091 5742 vide
2137 5699 2264 5755 quas
2297 5680 2532 5754 collegit
2560 5680 2892 5754 Christoph.
2947 5680 3244 5738 Cellarius.
3281 5680 3464 5752 Geogr.
3497 5678 3625 5736 Ant.
