4148 6342
422 382 540 441 543

1250 384 1314 445 S.
1362 383 1802 445 CLEMENTIS
1847 384 1869 444 Ῐ
1916 384 2107 445 ROM.
2155 384 2385 445 PONT.
2431 384 2691 445 OPERA
2734 380 2995 445 DUBIA.

3708 381 3834 441 544

424 513 641 575 sentire
674 532 736 569 ac
763 516 945 572 facere
976 534 1042 572 ea
1105 535 1229 589 quae
1290 519 1358 572 ad
1421 518 1721 574 veritatem
1783 522 2064 590 spectant,

2181 520 2378 581 ποιεῖν,
2422 520 2515 569 τοῦ
2566 517 2715 591 ἱεροῦ
2768 514 3136 591 βαπτίσματος
3200 512 3520 583 ἀξιώσαντες
3569 510 3622 567 έν
3674 531 3837 585 τρισ-

424 621 590 659 sacro
622 605 911 676 baptismo
937 607 994 661 in
1030 611 1116 662 ter
1145 608 1312 663 beata
1342 608 1593 679 quadam
1622 606 1879 663 nominis
1909 606 2069 660 invo-

424 694 653 749 catione
683 695 766 748 eis
789 695 1019 759 donato,
1049 699 1174 751 tum
1202 697 1438 751 demum
1464 713 1580 751 una
1602 713 1735 751 cum
1756 696 1869 750 illis
1893 694 2067 749 etiam

423 782 731 837 vescimur.
767 784 998 855 Alioqui
1030 801 1133 839 nec
1167 785 1215 840 si
1248 790 1409 855 pater
1439 785 1535 852 sit,
1578 790 1677 839 aut
1708 789 1911 848 mater,
1968 788 2071 837 aut

426 887 588 939 uxor,
623 876 723 926 aut
756 872 965 942 proles,
1000 878 1100 928 aut
1129 874 1321 943 frater,
1358 878 1457 928 aut
1479 872 1667 943 quivis
1698 872 1847 926 alius
1897 875 2067 925 natu-

425 960 531 1015 rali
562 960 1004 1028 amorecharus,
1051 978 1183 1017 cum
1210 962 1337 1033 ipso
1360 962 1555 1017 cibum
1576 977 1806 1016 sumere
1838 959 2066 1013 licitum

424 1054 514 1104 est
543 1048 731 1104 nobis.
771 1050 881 1104 Hoc
914 1048 1126 1121 quippe
1156 1049 1477 1121 praesertim
1510 1050 1581 1105 ob
1617 1050 1789 1104 (idem
1814 1048 2064 1119 agimus.

422 1138 503 1193 Ne
536 1137 711 1209 igitur
733 1137 1146 1193 contumeliam
1173 1137 1493 1203 existimes,
1522 1138 1675 1209 quod
1701 1154 1854 1191 nunc
1873 1141 2067 1191 tecum

419 1224 577 1281 ﬁlius
608 1226 802 1281 cibum
836 1243 949 1281 non
983 1225 1194 1298 capiat,
1221 1242 1522 1297 usquequo
1545 1231 1607 1281 tu
1637 1226 1837 1281 eadem
1872 1223 2067 1279 nobis-

422 1331 554 1371 cum
584 1314 802 1370 sentias
829 1320 885 1371 et
907 1331 1063 1387 agas.

488 1403 598 1458 Cll.
635 1403 736 1458 His
767 1403 865 1457 illa
897 1403 1132 1471 auditis,
1167 1402 1285 1458 ait:
1320 1403 1467 1468 Quid
1499 1420 1635 1474 ergo
1666 1402 1909 1474 impedit
1954 1400 2066 1455 ho-

419 1491 511 1545 die
544 1508 636 1546 me
654 1491 934 1562 baptizari
956 1491 982 1546 ?
1002 1509 1131 1563 quas
1152 1496 1207 1547 et
1228 1496 1362 1547 ante
1384 1508 1561 1563 quam
1584 1492 1836 1547 viderem
1860 1496 1934 1559 te,
1968 1505 2067 1544 eos

422 1580 520 1651 qui
554 1580 831 1634 dicuntur
859 1596 986 1635 esse
1018 1580 1097 1634 dii
1115 1585 1378 1636 aversata
1406 1598 1561 1653 sum,
1595 1598 1696 1652 per
1717 1581 1866 1635 hanc
1890 1578 2065 1633 ratio-

419 1667 792 1737 cinationem,
817 1669 973 1739 quod
995 1686 1129 1724 cum
1154 1668 1339 1725 multa
1363 1670 1478 1726 fere
1500 1668 1758 1741 quotidie
1781 1667 1927 1739 ipsis
1954 1668 2064 1720 im-

420 1757 722 1829 molarem,
758 1757 901 1813 mihi
932 1758 989 1812 in
1019 1759 1277 1814 adversis
1309 1759 1481 1815 rebus
1513 1776 1627 1814 non
1652 1757 1963 1813 adfuerint.
1991 1760 2065 1810 De

415 1851 616 1917 stupro
649 1851 841 1901 autem
874 1846 1013 1917 quid
1046 1851 1270 1919 oportet
1299 1864 1391 1903 me
1422 1848 1611 1903 dicere
1634 1848 1660 1901 ?
1698 1844 2061 1918 quandoqui~

415 1935 548 1989 dem
581 1950 683 1989 nec
715 1934 951 1990 divitem
985 1935 1201 1991 delicias
1225 1952 1317 1990 me
1340 1937 1410 1991 ad
1430 1936 1537 1991 hoc
1558 1935 1937 2007 pellexerint;
1965 1950 2070 1988 nec

419 2024 733 2079 subsecuta
763 2029 1077 2096 paupertas
1108 2041 1173 2081 eo
1206 2025 1400 2080 venire
1435 2042 1526 2079 me
1559 2023 1907 2096 compulerit
1934 2047 1946 2088 ;
2008 2025 2073 2077 ut

425 2130 551 2184 quas
584 2113 927 2184 pudicitiam
977 2113 1125 2169 velat
1171 2115 1491 2169 maximum
1543 2114 1760 2168 bonum
1802 2127 2071 2183 capesse-

419 2217 542 2256 rem
570 2220 583 2269 ;
618 2203 784 2273 cujus
814 2202 1001 2275 gratia
1022 2209 1076 2258 et
1105 2203 1163 2257 in
1182 2208 1405 2258 tantam
1428 2203 1818 2258 calamitatem
1842 2200 2070 2258 deveni.

422 2289 532 2345 Sed
564 2296 754 2346 necte
785 2292 1052 2357 arbitror,
1102 2293 1337 2348 domine
1394 2293 1473 2347 mi
1532 2297 1716 2359 Petre,
1777 2292 2071 2362 ignorare,

420 2380 702 2449 majorem
733 2381 1110 2451 cupiditatem
1141 2398 1208 2436 ex
1258 2382 1386 2436 laeta
1420 2383 1650 2436 fortuna
1680 2379 1861 2435 oriri:
1915 2379 2069 2434 unde

418 2484 523 2539 ego
556 2484 685 2539 quae
716 2468 775 2523 in
806 2470 1084 2525 secundis
1117 2471 1289 2526 rebus
1320 2473 1642 2542 temperate
1670 2467 1804 2536 vixi,
1836 2468 1895 2523 in
1918 2466 2067 2523 afﬂi-

416 2557 604 2612 ctione
636 2574 729 2614 me
750 2557 1147 2630 voluptatibus
1179 2576 1293 2615 non
1318 2560 1485 2615 dedo.
1518 2563 1717 2630 Neque
1750 2574 1880 2613 vero
1912 2573 2067 2612 nunc

413 2649 679 2705 animum
712 2664 907 2703 rreum
939 2647 1239 2703 existimes
1268 2647 1616 2719 aegritudine
1641 2646 2065 2717 esseliberum,

414 2738 515 2810 qui
548 2736 914 2807 aliquantum
946 2736 1359 2792 consolationis
1410 2741 1616 2793 nactus
1673 2740 1762 2792 est
1794 2753 1894 2807 per
1940 2736 2063 2792 Cle-

417 2825 633 2883 mentis
665 2825 1143 2895 recognitionem.
1181 2826 1513 2880 Succedens
1544 2841 1798 2897 namque
1827 2826 2066 2880 tristitia

416 2933 485 2971 ex
516 2914 745 2969 duobus
779 2913 975 2968 liberis
1008 2914 1156 2969 meis
1187 2918 1342 2980 nata,
1367 2914 1473 2969 hoc
1501 2913 1907 2985 qualecunque
1927 2930 2067 2986 gau«

419 3004 583 3058 dium
617 3003 906 3059 obscurat.
942 3007 1065 3058 Non
1095 3003 1251 3058 enim
1283 3003 1425 3058 adeo
1460 3019 1562 3057 nos
1588 3003 1915 3073 contristat,
1966 3020 2064 3059 eos

419 3091 478 3147 in
494 3091 640 3147 mari
665 3090 815 3146 male
832 3091 1279 3163 periisse,quam
1304 3092 1429 3147 sine
1452 3092 1663 3163 pietate
1698 3109 1834 3163 erga
1856 3092 2060 3159 Deum,

420 3198 538 3235 una
567 3197 699 3236 cum
731 3180 942 3236 animis
982 3181 1272 3237 interiisse
1331 3198 1532 3236 eorum
1586 3197 1847 3253 corpora.
1900 3182 2064 3237 Pater

415 3274 609 3326 autem
625 3287 847 3339 eorum,
867 3287 1146 3340 meusque
1169 3270 1436 3342 maritus,
1458 3270 1950 3342 quemadmodum
1968 3287 2070 3342 per
2099 3255 2141 3322 C

417 3358 773 3415 Clementem
805 3360 1081 3431 comperi,
1117 3360 1188 3415 ad
1228 3361 1606 3432 quaerendum
1640 3376 1732 3414 me
1763 3376 1828 3415 ac
1857 3359 2071 3415 liberos

420 3463 792 3519 progressus,
823 3453 907 3502 tot
934 3449 1109 3503 annis
1140 3465 1257 3503 non
1289 3452 1620 3519 comparet:
1658 3465 1899 3520 prorsus
1937 3464 2071 3503 vero

421 3540 480 3591 et
511 3534 634 3605 ipse
661 3535 823 3590 obiit.
857 3536 1085 3591 Etenim
1110 3536 1308 3605 miser,
1339 3538 1410 3592 ob
1438 3536 1854 3592 continentiam
1875 3536 2077 3609 dilige-

418 3624 518 3680 bat
549 3640 641 3678 me
670 3627 728 3679 et
758 3629 880 3679 erat
911 3641 1117 3679 amans
1142 3625 1460 3680 liberorum
1485 3643 1497 3680 :
1525 3642 1702 3696 quare
1729 3626 1954 3681 cunctis
1978 3637 2078 3682 no'

414 3712 525 3779 bis,
561 3729 592 3768 a
623 3728 684 3768 se
716 3728 893 3784 super
922 3713 1122 3768 omnia
1155 3713 1412 3781 dilectis,
1445 3714 1687 3770 orbatus
1718 3730 1915 3782 senex,
1959 3732 2073 3787 pris

416 3801 674 3857 maximo
706 3802 901 3857 dolore
933 3802 1235 3858 occubuit.

489 3980 632 4037 CIII.
667 3981 909 4037 Matrem
944 3998 1079 4036 vero
1113 3980 1233 4036 haec
1268 3980 1521 4037 locutam
1552 3981 1854 4037 audientes
1881 3981 2046 4038 liberi

421 4086 537 4124 non
569 4069 845 4140 amplius,
896 4071 1221 4126 secundum
1282 4071 1429 4126 Petri
1479 4071 1957 4139 admonitionem,
2010 4090 2071 4129 se

424 4160 723 4213 continere
752 4164 1107 4231 potuerunt:
1147 4160 1246 4215 sed
1305 4165 1667 4231 exurgentes,
1729 4164 1852 4215 tum
1907 4178 2066 4216 com-

424 4247 830 4320 plectobantur
859 4265 1007 4316 eam,
1032 4252 1087 4302 et
1106 4266 1240 4304 cum
1265 4249 1537 4321 lacrymis
1561 4250 2066 4306 deosculabantur.

423 4334 509 4392 Ob
542 4336 694 4407 quod
722 4340 908 4392 mater
938 4337 1207 4404 attonita,
1240 4338 1378 4408 quid
1411 4338 1517 4394 hoc
1571 4338 1683 4393 sibi
1712 4338 1901 4405 vellet,
1954 4356 2066 4409 prae

419 4428 661 4496 stupore
681 4425 849 4495 juxta
881 4429 1053 4497 atque
1084 4426 1447 4499 ignoratione
1496 4444 1713 4493 rerum,
1747 4428 2065 4500 interroga-

419 4510 537 4567 bat.
597 4512 924 4583 Statimque
968 4513 1173 4570 Petrus
1221 4514 1399 4570 dixit:
1452 4515 1698 4584 Advoca,
1751 4532 1783 4571 ο
1832 4516 2061 4587 mulier,

2180 604 2417 679 μακαρίᾳ
2460 605 2564 658 τινὶ
2618 602 2965 676 ἐπονομασίᾳ,
3019 602 3141 657 τότε
3201 599 3267 671 δὴ
3328 603 3512 665 αὐτοῖς
3556 602 3647 655 καὶ
3700 620 3830 655 συν-

2176 692 2511 765 αυλιζόμεθα
2542 697 2582 750 ¹.
2608 693 2755 750 Ἐπεὶ
2790 689 2902 747 οὐδ’
2934 691 2992 746 ἃν
3024 692 3203 765 πατὴρ
3236 691 3269 760 ἢ
3323 694 3506 766 μήτηρ
3550 690 3828 764 τυγχάνῃ,

2175 783 2208 850 ἢ
2240 784 2392 857 γυνὴ,
2424 784 2459 851 ἢ
2490 784 2697 855 τέκνον,
2730 783 2764 851 ἢ
2794 779 3048 858 ἀδελφὸς,
3083 782 3117 848 ἢ
3160 777 3331 841 ἄλλος
3361 801 3444 841 τις
3493 778 3551 833 ἐκ
3606 778 3830 856 φύσεως

2173 870 2271 938 τὴν
2303 872 2531 946 στοργήν
2564 868 2730 945 ἔχων,
2764 870 3128 923 συνεστιᾶσθαι
3185 867 3329 939 αύτῷ
3389 866 3608 940 θεμιτὸν
3659 869 3828 939 ἡμῖν,

2176 958 2355 1014 Πίστει
2386 961 2489 1035 γὰρ
2522 956 2885 1037 διαφερόντως
2913 962 3075 1012 τοῦτο
3107 962 3392 1029 ποιοῦμεν*
3423 957 3511 1024 Μὴ
3537 953 3628 1009 οὖν
3664 951 3829 1030 ὕϐριν

2175 1050 2374 1122 ἡγήσῃ,
2405 1050 2466 1102 τὸ
2523 1049 2598 1121 μὴ
2658 1046 2749 1101 νῦν
2809 1045 3173 1101 συνεστιᾶσθαί
3234 1066 3319 1100 σοι
3365 1045 3455 1100 τὸν
3487 1044 3626 1118 υἱὸν,
3660 1045 3830 1119 ἄχρις

2181 1140 2239 1193 ἂν
2273 1140 2293 1173 ²
2319 1138 2385 1192 τά
2416 1136 2547 1192 αὐτὰ
2577 1140 2711 1210 ἡμῖν
2744 1137 2941 1211 φρονῇς
2970 1136 3059 1190 καὶ
3090 1138 3257 1209 ποιῇς

2244 1405 2359 1461 CII.
2394 1404 2455 1458 Ἡ
2486 1399 2542 1458 δὲ
2590 1401 2879 1473 ἀκούσασα,
2914 1399 3043 1477 ἔφη’
3095 1400 3156 1455 Τί
3204 1398 3294 1454 οὖν
3353 1398 3556 1456 κωλύει
3610 1419 3675 1472 με
3724 1401 3827 1469 σή-

2178 1511 2337 1565 μερον
2376 1492 2762 1566 βαπτισθῆναι;
2793 1493 2949 1551 ’Ἡτις
2972 1487 3062 1543 καὶ
3108 1489 3214 1563 πρὸ
3263 1491 3359 1542 τοῦ
3410 1485 3540 1542 ἰδεῖν
3583 1507 3663 1556 σε,
3692 1487 3827 1548 τοὺς

2173 1578 2500 1656 λεγομένους
2549 1579 2701 1644 θεοὺς
2741 1579 3085 1656 ἀπεστράφην
3135 1575 3393 1653 λογισμῷ
3438 1575 3698 1649 τοιούτῳ,
3739 1574 3827 1630 ὅτι

2172 1668 2357 1725 πολλᾶ
2413 1666 2606 1743 σχεδὸν
2666 1669 2782 1723 καθ’
2838 1668 3044 1743 ἡμέραν
3108 1664 3307 1739 θυούσῃ
3359 1685 3451 1739 μοι
3499 1663 3738 1732 τούτοις,
3769 1662 3823 1718 έν

2171 1764 2289 1820 ταῖς
2338 1759 2592 1833 ἀνάγκαις
2647 1756 2708 1812 ού
2756 1754 3163 1833 παρεστάθησάν
3228 1775 3342 1825 μοι.
3405 1752 3534 1829 Περὶ
3585 1750 3644 1807 δὲ
3698 1770 3831 1825 μοι-

2174 1846 2324 1922 χείας
2370 1846 2423 1901 τί
2475 1843 2557 1901 δεῖ
2603 1866 2669 1920 με
2716 1846 2806 1900 καὶ
2845 1843 3061 1919 λέγειν;
3097 1842 3249 1899 ὅπότ⁹
3282 1841 3342 1897 ἂν
3372 1838 3497 1896 οὐδὲ
3555 1839 3829 1895 πλουτοῦ-

2182 1957 2273 1990 σαν
2321 1937 2496 2013 τρυφή
2557 1956 2622 2008 με
2678 1934 2815 2009 πρὸς
2864 1938 3025 1987 τοῦτο
3082 1931 3379 2002 ἠπάτησεν·
3428 1927 3553 1985 οὐδὲ
3600 1932 3635 2000 ἡ
3690 1929 3831 2003 μετᾶ

2178 2029 2345 2079 ταῦτα
2390 2024 2544 2079 πενία
2590 2023 2676 2079 ἐπὶ
2722 2020 2882 2078 τοῦτο
2930 2044 2992 2097 γε
3040 2021 3215 2077 ἐλθεῖν
3266 2019 3687 2095 κατηνάγκασεν,
3733 2021 3831 2073 ἅτε

2181 2110 2248 2181 δὴ
2278 2120 2377 2183 τῆς
2408 2112 2758 2191 σωφροσύνης
2798 2111 2870 2174 ὡς
2917 2109 3168 2187 μεγίστου
3215 2108 3388 2164 καλοῦ
3436 2108 3822 2179 ἀντιποιουμέ-

2177 2222 2273 2272 νης
2311 2222 2434 2275 μου·
2468 2205 2532 2271 ἧς
2561 2198 2731 2271 ἕνεκα,
2762 2200 2852 2255 καὶ
2901 2199 2975 2263 εἷ¹ς
3023 2198 3288 2269 τοσαύτην
3339 2197 3507 2267 ἦλθον
3566 2195 3823 2272 περίστα-

2179 2312 2278 2344 σιν.
2312 2290 2470 2347 Ἀλλ’
2500 2288 2625 2345 οὐδέ
2680 2311 2737 2345 σε
2796 2290 2970 2363 οἶμαι,
3001 2287 3153 2362 κύριὲ
3212 2308 3317 2360 μου
3362 2287 3551 2362 Πέτρε,
3584 2284 3819 2361 ἀγνοεῖν,

2178 2379 2259 2435 δτι
2309 2382 2343 2451 ἡ
2393 2378 2598 2434 πλείων
2668 2378 2927 2452 ἐπιθυμία
2983 2377 3034 2448 ἐξ
3096 2377 3361 2450 εὐθυμιῶν
3419 2374 3639 2451 γίνεται·
3701 2374 3822 2429 ὅθεν

2177 2468 2286 2544 ἐγὼ
2342 2468 2393 2524 ἐν
2455 2468 2685 2543 εὐθυμία
2739 2470 3153 2547 σωφρονήσασα,
3222 2464 3274 2521 έν
3335 2462 3603 2537 δυσθυμία
3678 2461 3816 2539 πρὸς

2175 2556 2374 2628 ἡδονὰς
2406 2558 2599 2627 ἒαυτήν
2630 2556 2733 2611 ούκ
2761 2554 3044 2630 έκδίδωμι.
3080 2553 3257 2610 Ἀλλά
3302 2551 3443 2627 μηδέ
3489 2552 3578 2606 νῦν
3622 2573 3819 2606 κακου-

2176 2647 2301 2723 χίας
2332 2644 2691 2722 ἀπηλλάχθαι
2721 2646 2948 2720 νομίσῃς
2982 2666 3084 2718 μου
3107 2645 3207 2713 τὴν
3239 2644 3446 2718 ψυχὴν,
3475 2643 3572 2711 τήν
3633 2645 3815 2703 ποσῶς

2173 2736 2516 2812 παραμυθίας
2545 2740 2836 2812 τυχοῦσαν,
2871 2732 2959 2789 διὰ
2996 2735 3096 2803 τὴν
3147 2732 3464 2806 Κλήμεντος
3514 2730 3815 2806 ἀναγνώρι-

2175 2847 2279 2882 σιν.
2314 2824 2800 2900 Ἀντεισερχομένη
2833 2823 2936 2899 γὰρ
2967 2825 3001 2893 ἡ
3035 2822 3093 2877 ἐκ
3148 2825 3253 2876 τῶν
3315 2818 3409 2875 δύο
3471 2840 3574 2893 μου
3618 2820 3816 2874 τέκνων

2176 2914 2375 2987 ἀθυμία
2404 2918 2446 2983 ³,
2478 2914 2566 2968 καὶ
2605 2915 2702 2982 τὴν
2755 2918 2938 2976 ποσῶς
2985 2912 3224 2987 ἀμαυροῖ
3271 2909 3466 2986 χαράν.
3502 2913 3675 2963 Λυπεῖ
3716 2910 3820 2983 γὰρ

2174 3005 2322 3076 ἡμᾶς
2356 3002 2416 3057 ού
2446 3007 2701 3058 τοσοῦτον
2730 3003 2791 3056 τὸ
2826 3002 2877 3056 ὲν
2908 3001 2976 3076 τῇ
3014 2998 3254 3073 θαλάσσῃ
3300 2997 3525 3060 τούτους
3582 3017 3827 3070 παραπο-

2176 3090 2379 3164 λέσθαι,
2409 3091 2530 3147 ὅσον
2564 3092 2653 3146 καὶ
2683 3094 2704 3127 ⁴
2733 3091 2908 3167 χωρὶς
2939 3097 3037 3159 τῆς
3092 3088 3167 3151 εἷς
3212 3088 3337 3143 Θεὸν
3389 3082 3662 3149 εὐσεϐείας
3704 3082 3824 3140 δια-

2174 3188 2438 3258 φθαρῆναι
2469 3181 2603 3253 μετά
2630 3201 2689 3256 γε
2719 3184 2823 3235 οῶν
2860 3183 3053 3255 ψυχῶν
3086 3177 3269 3239 αὐτοῖς
3318 3175 3409 3231 καὶ
3455 3176 3523 3231 τὰ
3571 3175 3821 3247 σώματα.

2176 3275 2229 3323 '0
2288 3268 2345 3325 δὲ
2400 3269 2603 3324 τούτων
2664 3270 2866 3344 πατὴρ,
2910 3268 3040 3341 ἐμὸς
3100 3264 3157 3321 δὲ
3211 3264 3482 3337 σύνευνος,
3546 3264 3621 3326 ὡς
3679 3263 3828 3335 παρὰ

2181 3357 2493 3432 Κλήμεντος
2548 3355 2764 3431 ἔμαθον,
2800 3356 2885 3411 ἐπί
2932 3377 2991 3411 τε
3036 3358 3134 3425 τὴν
3184 3354 3321 3427 ἐμὴν
3367 3353 3457 3409 καὶ
3513 3357 3618 3408 τῶν
3690 3353 3821 3407 υἱῶν

2185 3451 2406 3520 ζήτησιν
2456 3441 2633 3519 ἐκϐὰς,
2692 3446 2983 3508 τοσούτοις
3033 3442 3198 3500 ἔτεσιν
3257 3443 3466 3521 ἀφανής
3513 3441 3642 3497 ἐστι’
3689 3441 3824 3495 πάν-

2179 3559 2286 3599 τως
2336 3535 2393 3591 δὲ
2421 3536 2509 3591 καὶ
2540 3536 2699 3599 αὐτὸς
2760 3534 3094 3603 ἐτελεύτησε.
3130 3532 3226 3590 Καὶ
3282 3531 3382 3609 γὰρ
3414 3532 3442 3585 6
3471 3529 3823 3605 ταλαίπωρος

2185 3626 2287 3681 ὑπὸ
2346 3624 2697 3703 σωφροσύνης
2759 3644 2825 3697 με
2883 3624 3129 3699 ἀγαπῶν,
3187 3619 3501 3697 φιλότεκνος
3555 3620 3641 3689 ἦν’
3703 3618 3825 3685 ὅθεν

2180 3714 2393 3769 πάντων
2454 3716 2612 3786 ἡμῶν
2668 3717 2776 3768 τῶν
2837 3712 2968 3788 ὑπὲρ
3022 3712 3194 3766 πάντα
3247 3709 3618 3783 ἠγαπημένων
3677 3708 3824 3781 αύτῷ

2181 3802 2458 3878 στερηθεὶς
2503 3803 2531 3857 6
2577 3803 2771 3879 γέρων,
2805 3801 2907 3857 ὑπὸ
2967 3798 3227 3875 μεγίστης
3273 3796 3503 3871 ἀθυμίας
3545 3795 3824 3876 διαπεφώ-

2180 3914 2330 3964 νηκε.

2251 3986 2392 4037 CIII.
2424 3986 2531 4049 Τῆς
2562 3978 2618 4034 δὲ
2662 3979 2867 4055 μητρὸς
2914 3981 3079 4032 ταῦτα
3128 3975 3392 4054 λεγούσης
3440 3975 3720 4037 ἀκούοντες
3772 3975 3825 4030 οἱ

2179 4068 2389 4138 παῖδες,
2424 4068 2601 4124 ούκὲτι
2651 4070 2787 4123 κατά
2831 4069 2927 4137 τὴν
2977 4072 3072 4121 τοῦ
3108 4068 3313 4142 Πέτρου
3360 4065 3668 4141 παραίνεσιν
3695 4062 3827 4134 ἡδύ-

2177 4181 2335 4215 ναντο
2396 4159 2617 4235 στέγειν*
2673 4156 2798 4212 ἀλλ’
2855 4156 3167 4218 ἀναστάντες
3224 4154 3645 4233 περιεπλὲκοντο
3702 4154 3825 4209 τότε

2177 4250 2335 4323 αὐτῇ,
2368 4248 2456 4302 καὶ
2490 4245 2710 4321 δάκρυσι
2743 4250 2764 4283 ⁸
2792 4245 3133 4324 κατεφίλουν·
3168 4246 3280 4323 Ἐφ’
3312 4246 3357 4318 ᾦ
3388 4243 3455 4313 δὴ
3488 4244 3577 4299 καὶ
3626 4247 3661 4313 ἡ
3715 4246 3824 4316 μή·

2173 4360 2279 4414 τηρ
2310 4335 2735 4410 καταπλαγεῖσα,
2766 4335 2817 4389 τί
2857 4334 3008 4390 θέλοι
3064 4338 3224 4389 τοῦτο
3283 4334 3437 4406 εἶναι,
3470 4335 3575 4388 ὑπὸ
3634 4332 3821 4388 ἐκστά-

2177 4447 2310 4488 σεως
2370 4425 2549 4498 ὥσπερ
2597 4424 2687 4479 καὶ
2735 4423 2956 4499 ἀγνοίας
2986 4427 3092 4477 τῶν
3121 4424 3445 4499 γινομένων,
3479 4423 3687 4498 ἠρώτα.
3723 4422 3820 4476 Καὶ

2175 4517 2202 4571 6
2235 4515 2438 4591 Πέτρος
2500 4513 2677 4586 εὐθύς,
2709 4514 3080 4589 Παράστησον,
3127 4514 3171 4566 ὦ
3216 4512 3390 4588 γύναι,
3443 4510 3648 4587 εἴρηκε,
3707 4532 3822 4586 γεν-

426 4602 650 4657 fortiter
667 4607 921 4658 mentem
949 4608 1133 4671 tuam,
1158 4608 1221 4659 ut
1243 4603 1396 4659 natis
1414 4603 1532 4659 tuis
1552 4604 1763 4659 fruaris
1780 4605 2059 4676 jucunde.

2178 4603 2331 4666 δαίως
2361 4604 2452 4658 τὸν
2484 4607 2613 4658 νοῦν
2644 4624 2759 4673 σου,
2799 4601 2936 4658 ὥστε
2964 4606 3071 4655 τῶν
3120 4605 3226 4655 σῶν
3272 4597 3451 4670 ἡδέως
3508 4597 3816 4655 ἀπολαῦσαι

417 4689 489 4745 Hi
520 4690 673 4746 enim
706 4695 845 4746 sunt
879 4691 1189 4748 Faustinus
1213 4696 1270 4747 et
1300 4692 1737 4761 Faustinianus,
1772 4710 1917 4767 quos
1952 4693 2061 4748 aie-

426 4778 531 4834 bas
561 4779 621 4834 in
652 4778 857 4853 pelago
889 4779 1124 4848 obiisse,
1160 4797 1427 4853 quosque
1453 4782 1593 4837 dum
1644 4780 1832 4854 luges,
1878 4781 2059 4839 vitam

421 4870 584 4923 tuam
616 4868 666 4924 is
697 4868 890 4924 luctus
915 4886 1028 4924 non
1060 4868 1292 4925 vitalem
1322 4870 1627 4925 efﬁciebat.
1660 4871 1765 4934 Qui
1799 4888 1930 4927 vero
1977 4871 2058 4926 al-

415 4960 505 5012 ter
534 4973 735 5013 eorum
767 4957 1015 5024 Nicetes,
1049 4957 1194 5013 alter
1224 4956 1435 5029 Aquila
1454 4964 1707 5025 vocetur,
1730 4958 1842 5031 ipsi
1869 4960 2061 5032 auspi-

418 5050 544 5100 cato
577 5047 769 5100 dicant
800 5052 857 5102 et
886 5046 1150 5102 doceant.
1185 5046 1312 5102 Haec
1359 5048 1518 5102 Petro
1571 5048 1819 5116 dicente,
1854 5053 2058 5114 mater,

414 5136 628 5206 gaudio
660 5134 974 5191 immodico
1009 5135 1246 5208 repleta,
1280 5136 1699 5208 propemodum
1733 5142 1788 5192 et
1827 5137 2059 5208 spiritui

415 5222 662 5278 defecit:
694 5230 950 5280 attamen
970 5225 1313 5295 recolligens
1334 5241 1415 5289 se,
1442 5241 1506 5278 ac
1530 5224 1685 5279 velut
1705 5224 1797 5281 sui
1820 5242 2059 5298 compos

415 5310 568 5367 facta
596 5329 609 5366 :
644 5313 770 5367 Filii
802 5313 915 5370 mei
947 5314 1557 5386 optatissimi,inquit,
1582 5312 1687 5368 ﬁlii
1708 5314 2055 5382 dulcissimi,

2166 4694 2390 4749 τέκνων.
2424 4689 2586 4751 Οὗτοι
2618 4690 2721 4766 γάρ
2754 4690 2853 4746 εἶσι
2913 4694 3206 4752 Φαυστῖνος
3264 4688 3353 4744 καὶ
3403 4690 3818 4755 Φαυστινιανὸς,

2168 4782 2262 4845 οὓς
2302 4780 2480 4859 ἔλεγες
2514 4780 2565 4837 έν
2600 4780 2746 4856 βυθῴ
2775 4784 3042 4847 τεθνᾶναι,
3074 4778 3163 4833 καὶ
3194 4779 3269 4833 ὧν
3314 4777 3377 4833 τὸ
3406 4776 3600 4841 πένθος
3649 4774 3822 4833 ἀϐίω-

2166 4892 2257 4925 τον
2291 4868 2449 4925 ἐτίθει
2483 4889 2577 4922 σου
2609 4870 2630 4904 ⁸
2660 4868 2759 4937 τὴν
2794 4869 2962 4937 ζωήν.
2998 4871 3121 4930 Πῶς
3153 4864 3210 4921 δὲ
3238 4865 3403 4921 αὐτοῦ
3437 4866 3464 4921 6
3502 4868 3594 4940 μὶν
3648 4868 3821 4938 Νική-

2165 4979 2284 5028 της,
2318 4957 2345 5011 ὁ
2378 4956 2436 5011 δὲ
2491 4955 2720 5016 Ἀκύλας
2772 4954 3041 5026 καλεῖται,
3072 4955 3225 5010 αὐτοὶ
3274 4954 3459 5018 καλῶς
3520 4954 3819 5032 λεγέτωσάν

2164 5067 2224 5101 τε
2277 5046 2366 5099 καὶ
2412 5042 2825 5099 διδασκέτωσαν.
2857 5047 3035 5098 Ταῦτα
3086 5043 3183 5099 τοῦ
3239 5044 3444 5121 Πέτρου
3504 5043 3753 5106 εἰπόντος
3785 5047 3820 5114 ἡ

2171 5136 2354 5209 μήτηρ
2406 5133 2645 5208 ἀμέτρου
2693 5132 2999 5202 πλησθεῖσα
3045 5138 3241 5209 χαρᾶς,
3270 5137 3476 5209 ¹μικροῦ
3508 5131 3567 5187 ἃν
3615 5132 3819 5188 ἀπολε-

2168 5222 2347 5278 λοίπει
2416 5222 2507 5277 καὶ
2563 5224 2664 5292 τὴν
2720 5223 2915 5291 πνοήψ
2978 5221 3327 5298 ἀνενεγκοῦσα
3384 5219 3443 5277 δὲ
3498 5220 3671 5295 ὅμωςι
3731 5223 3820 5277 καὶ

2169 5311 2349 5386 ὥσπερ
2409 5312 2601 5380 ἑαυτῆς
2632 5313 2653 5348 τ
2682 5312 2972 5387 γενομένη.
3021 5312 3191 5367 Τέκνα
3249 5333 3354 5385 μου
3410 5312 3656 5381 ποθεινὰ,
3688 5310 3820 5390 ἔφη,

1774 5491 2011 5548 νΑΡιΙίΕ
2053 5491 2462 5551 LECTIONES.

492 5631 625 5711 [31ἰ
653 5629 1066 5711 συναλιζόμεθα.
1101 5638 1121 5672 ²
1154 5636 1227 5693 al.
1257 5653 1510 5708 praepon.
1548 5636 1650 5709 μή.
1682 5638 1703 5672 ⁸
1735 5637 1809 5693 al.
1847 5633 2171 5711 βαρυθυμία.
2204 5637 2225 5672 ⁴
2256 5635 2331 5691 al.
2363 5631 2446 5690 τό.
2480 5632 2501 5668 ⁸
2529 5632 2605 5689 al.
2636 5630 2729 5687 σὺν
2763 5627 3005 5705 δάκρυσι.
3038 5632 3061 5669 ⁸
3091 5632 3167 5691 al.
3202 5651 3306 5688 σοι.
3340 5634 3361 5668 ⁷
3394 5632 3470 5691 al.
3494 5631 3574 5710 έφ⁹
3596 5632 3814 5705 ἑαυτῆς.

420 5703 495 5762 al.
530 5702 579 5757 ἐν
612 5702 796 5777 ἑαυτῇ.
