4148 6342
315 381 445 442 545
1083 375 1611 438 GLEMENTINA.
1643 407 1719 421 —
1749 374 2096 437 EPITOME
2144 375 2240 435 DE
2285 374 2554 439 GESTlS
2602 378 2667 439 S.
2715 378 2973 441 PETRI.
3606 378 3723 441 546

315 512 486 567 τέκνα
518 508 847 586 γλυκυτατα,
892 507 1052 563 τέκνα
1087 507 1310 582 καρδίας
1354 507 1621 570 καόσωνες
1669 514 1769 577 τῆς
1811 506 1969 580 ἐμῆς,

2114 508 2190 563 ilii
2214 510 2448 567 ardores
2479 512 2670 568 cordis
2703 514 2834 580 mei,
2860 513 3033 569 dicite
3064 514 3207 569 mihi
3258 531 3526 586 quaenam
3557 516 3721 572 vobis

319 599 511 656 εἷ’πατέ
547 620 663 672 μοι,
708 598 828 653 τίνα
878 594 944 665 δή
992 598 1059 651 τά
1107 597 1241 652 κατά
1270 600 1290 635 ⁸
1318 599 1416 667 τὴν
1468 596 1718 673 χαλεπὴν
1762 596 1968 667 ἐκείνην

2114 616 2139 652 n
2173 598 2273 653 illa
2302 616 2452 655 saeva
2483 606 2655 656 nocte
2688 602 3061 674 contigerint.

314 689 491 744 νύκτα
521 710 582 742 συ
590 682 799 761 μϐάντα
833 686 976 758 ὑμῖν.

399 795 536 852 CIV.
574 793 668 847 Καὶ
718 792 746 846 6
786 792 1030 862 Νικήτης
1074 791 1265 847 αὐτίκα
1309 792 1399 847 τὸν
1451 790 1612 868 λόγον
1666 784 1972 860 ἀναλαϐὼν,

2155 792 2290 848 CIV.
2319 794 2466 848 Tum
2500 794 2759 866 Nicetes,
2784 796 3091 851 confestim
3126 802 3424 870 resumpto
3456 815 3725 855 sermone

323 882 504 945 οὕτως
554 880 676 959 ἔφη·
728 882 912 953 Ἡμῖν,
964 878 1009 933 ὥ
1061 883 1253 957 μῆτερ,
1306 882 1379 943 ὡς
1428 882 1600 951 οἶσθα,
1630 886 1727 935 τοῦ
1775 878 1975 934 πλοίου

2114 885 2167 937 ta
2198 882 2363 937 infit:
2399 884 2637 946 Quando
2662 884 2848 951 nobis,
2883 902 2914 940 ο
2966 890 3170 953 mater,
3228 888 3723 958 quemadmodum

322 972 467 1027 κατά
512 972 608 1041 τὴν
658 970 873 1025 vomu”
924 967 1326 1046 διαρῥαγέντος,
1379 968 1562 1045 ἄνδρες
1610 970 1751 1032 τινες
1803 970 1855 1023 ἐν
1900 972 1979 1040 τῷ

2118 970 2222 1037 cis,
2256 971 2542 1043 natigium
2574 978 2748 1027 noctu
2783 973 3112 1045 disruptum
3156 979 3261 1043 est,
3287 975 3553 1032 homines
3605 978 3731 1048 qui-

333 1062 488 1138 βυθῷ
524 1057 797 1133 λῃστεύειν
849 1057 909 1113 οὐ
962 1056 1282 1129 δεδοικότες,
1332 1061 1480 1133 ἡμᾶς
1511 1058 1850 1132 ἀνελόμενοι,
1889 1056 1978 1112 καὶ

328 1172 443 1205 τινι
491 1149 755 1223 ἐνθέμενοι
804 1147 1031 1226 σκάφει,
1082 1145 1265 1203 ἔπειτα
1313 1145 1370 1203 δὲ
1418 1151 1627 1210 κώπαις
1675 1149 1979 1224 χρώμενοι,

335 1241 416 1303 εἷς
462 1240 563 1309 τὴν
618 1237 934 1314 Στράτωνος
976 1239 1111 1312 ἦγον
1164 1238 1484 1313 Καισάρειαν
1513 1258 1525 1271 ο
1575 1237 1731 1292 κάκεῖ
1779 1234 1985 1315 σφόδρα

335 1326 739 1404 συνεχομένους
780 1328 927 1400 ἡμᾶς
973 1330 1053 1398 τῷ
1094 1326 1267 1401 λιμῷ,
1316 1326 1453 1402 πρὸς
1492 1323 1550 1381 δὶ
1592 1326 1681 1381 καὶ
1720 1323 1983 1400 περιδεεῖς

333 1414 520 1487 ὄντας,
556 1418 630 1489 μή
662 1437 714 1470 τι
744 1415 834 1470 καὶ
864 1415 1130 1491 προπετὲς
1175 1415 1263 1469 καί
1304 1418 1412 1470 τῶν
1442 1414 1624 1477 αὐτοῖς
1670 1413 1731 1469 οὗ
1764 1411 1984 1468 δοκούν-

331 1529 447 1563 των
498 1505 867 1583 φθεγξώμεθα,
919 1503 1112 1559 ἐκεῖνοι
1156 1505 1225 1558 τὰ
1274 1502 1510 1576 ὀνόματα
1558 1506 1717 1576 ἡμῶν
1770 1500 1987 1576 διαμεί-

331 1602 555 1671 ψαντες,
603 1595 679 1656 εἱς
725 1591 971 1648 δουλείαν
1022 1592 1224 1654 ἀθλίως
1274 1590 1556 1647 ἀπέδοντο.
1612 1595 1749 1661 Γυνὴ
1804 1590 1860 1647 δέ
1906 1613 1987 1653 τις

331 1689 488 1759 ἡμᾶς
538 1680 824 1744 Ἰουδαίοις
872 1680 1219 1753 προσήλυτος
1261 1680 1545 1757 ἀξιόλογος
1594 1680 1768 1749 πάνυ,
1816 1676 1992 1753 ὄνομα

336 1774 553 1832 Ἰούστα
607 1769 956 1844 ὠνησαμένη,
1007 1769 1058 1824 ἐν
1106 1769 1302 1824 τέκνων
1353 1768 1615 1848 ἐφύλαττε
1666 1770 1848 1846 μοίρᾳ,
1899 1769 1989 1824 καὶ

2091 1060 2225 1115 dam
2259 1060 2356 1131 qui
2386 1059 2444 1115 in
2478 1061 2623 1114 mari
2652 1062 2877 1132 praedas
2906 1078 3074 1134 agere
3107 1081 3220 1119 non
3242 1070 3532 1133 verentur,
3560 1083 3727 1138 cepe-

2093 1153 2230 1203 runt
2255 1165 2380 1216 nos,
2407 1157 2462 1204 et
2491 1149 2722 1220 scaphae
2751 1149 3192 1221 imposuerunt;
3225 1157 3541 1225 posteaque
3555 1154 3732 1210 remis

2096 1237 2209 1308 usi,
2242 1238 2535 1292 duxerunt
2563 1238 2882 1294 Caesaream
2907 1239 3193 1297 Stratonis
3218 1259 3230 1296 :
3256 1246 3430 1314 atque
3452 1242 3531 1297 ibi
3560 1243 3732 1300 vehe-

2095 1330 2322 1380 menter
2352 1326 2503 1380 fame
2537 1333 2994 1398 compressos,ut
3025 1334 3183 1385 metu
3206 1331 3392 1386 aﬂ‘ecti
3419 1332 3565 1387 nihil
3597 1348 3740 1404 pras-

2097 1431 2253 1486 ceps,
2287 1416 2559 1487 quodque
2592 1416 2662 1471 iis
2693 1416 3027 1487 displiceret
3056 1417 3430 1489 loqueremur
3460 1446 3474 1489 ;
3499 1420 3603 1488 illi,
3636 1438 3740 1477 no-

2100 1502 2360 1558 minibus
2390 1503 2605 1559 nostris
2629 1505 2891 1571 mutatis,
2924 1506 2981 1560 in
3016 1507 3354 1563 servitutem
3378 1509 3589 1565 misere
3621 1514 3741 1565 tra-

2099 1591 2393 1646 diderunt.
2428 1595 2604 1647 Porro
2637 1592 2847 1647 mulier
2873 1595 3138 1665 quaedam
3170 1596 3322 1666 apud
3345 1597 3577 1653 Judaeos
3609 1614 3739 1669 pro-

2100 1678 2302 1751 selyta,
2334 1678 2500 1735 valde
2528 1678 2861 1747 laudabilis,
2900 1681 3132 1737 nomine
3189 1683 3377 1752 Justa,
3438 1701 3570 1740 cum
3632 1702 3739 1741 nos

2101 1769 2358 1836 emisset,
2394 1767 2595 1823 habuit
2624 1769 2748 1824 loco
2774 1768 3044 1838 filiorum,
3079 1772 3465 1845 omnibusque
3524 1774 3736 1830 Graecis

336 1863 485 1935 πάσῃ
528 1860 793 1933 ἑλληνικῇ
846 1856 1062 1929 παιδείᾳ
1112 1859 1245 1933 μετᾶ
1285 1856 1526 1929 σπουδῆς
1576 1856 1936 1929 ἐξεπαίδευσεν
1975 1902 1987 1915 .

2114 1856 2429 1928 iisciplinis
2463 1857 2721 1912 studiose
2752 1859 3021 1913 erudivit.
3043 1858 3157 1914 Nos
3187 1877 3319 1916 vero
3349 1879 3452 1933 per
3508 1868 3737 1918 aetatem

334 1953 533 2024 Ἡμεῖς
585 1946 641 2003 δὲ
693 1947 971 2023 γενόμενοι
1025 1946 1101 2024 ἐφ’
1145 1946 1366 2016 ἡλικίας
1417 1944 1703 2024 ἔμφρονες,
1752 1947 1842 2001 καὶ
1890 1948 1987 2016 τὴν

339 2038 632 2112 θρησκείαν
664 2038 1044 2113 ἠγαπήσαμεν,
1066 2035 1155 2090 καὶ
1185 2038 1251 2090 tu
1278 2033 1638 2105 τῆςπαιδείας
1661 2034 1956 2113 ἐφιλοπονή
1973 2070 1992 2078 -

344 2149 539 2201 σαμεν,
572 2124 720 2188 ὅπως
747 2125 882 2201 πρὸς
922 2124 989 2179 τὰ
1020 2122 1188 2179 λοιπά
1236 2120 1359 2195 ἔθνη
1395 2122 1800 2200 διαλεγόμενοι,
1836 2124 1991 2201 ἐλέγ-

343 2238 469 2293 χειν
504 2215 637 2271 αὐτά
666 2214 788 2290 περὶ
820 2212 1032 2283 πλάνης
1067 2211 1307 2275 δυνατῶς
1338 2212 1573 2289 ἔχωμεν,
1607 2208 1992 2286 ἡκριϐώσαμεν

346 2305 409 2361 δέ
436 2305 526 2360 καὶ
572 2304 641 2359 τά
681 2300 1020 2381 φιλοσόφων,
1070 2301 1350 2375 ἐξαιρέτως
1398 2302 1464 2357 τὰ
1514 2303 1806 2358 ἀθεώτατα.
1840 2303 1993 2378 Λέγω

345 2392 418 2463 δὴ
470 2394 538 2449 τὰ
594 2391 920 2466 Ἐπικούρου
975 2390 1065 2444 καὶ
1123 2389 1439 2467 Πύρρωνος,
1491 2388 1582 2445 ἵνα
1636 2390 1726 2445 καὶ
1780 2390 1990 2465 μᾶλλον

344 2482 724 2551 ἀνασκευάζειν
758 2476 1061 2553 δυνώμεθα.

419 2591 530 2649 CV.
566 2588 778 2661 Σίμωνι
810 2585 867 2642 δέ
885 2608 990 2641 τινι
1025 2587 1193 2662 Μάγῳ
1222 2585 1417 2662 σχεδὸν
1449 2586 1731 2663 γενόμενοι
1773 2587 1995 2665 σύντρο-

342 2700 438 2757 φοι
475 2724 490 2751 ,
551 2675 738 2755 φιλίας
794 2672 905 2747 ὁδῷ
962 2674 1304 2746 ἀπατηθῆναι
1364 2672 1473 2746 ἤδη
1536 2674 1941 2749 ἐκινδυνεύομεν
1979 2721 1991 2735 .

340 2773 539 2841 ’Όμως
580 2769 747 2821 ταῦτα
780 2810 793 2836 ,
852 2766 1019 2840 μῆτερ
1049 2806 1062 2831 ,
1111 2763 1197 2818 ἐπὶ
1248 2769 1437 2837 καιροῦ
1485 2786 1567 2819 σοι
1620 2763 1995 2842 ἀκριϐέστερον

344 2856 708 2927 ἐκτεθήσεται.
745 2852 897 2922 Πλὴν
933 2851 1226 2925 μέλλουσιν
1256 2854 1390 2925 ἡμῖν
1422 2853 1719 2918 ἀπατᾶσθαι
1759 2856 1863 2911 ὑπὸ
1898 2860 1995 2910 τοῦ

353 2946 637 3018 Σίμωνος,
670 2942 883 3018 ἑταῖρός
922 2961 1003 3002 τις
1047 2946 1142 2995 τοῦ
1186 2941 1372 3017 κυρίου
1416 2946 1575 3015 ἡμῶν
1627 2945 1831 3020 Πέτρου
1863 2952 1997 3000 Ζακ-

354 3040 522 3109 χαῖος
552 3032 871 3108 λεγόμενος,
901 3031 1318 3107 προσηκάμενος
1364 3030 1674 3102 ἐνουθέτησε
1707 3037 1781 3107 μὴ
1814 3033 1997 3099 συνθέ-

357 3124 587 3193 σθαιτῴ
621 3119 796 3195 μάγῳ·
833 3116 1112 3173 ἐπελθόντι
1163 3114 1221 3172 δὲ
1267 3123 1347 3190 τῷ
1396 3121 1586 3196 Πέτρῳ
1632 3125 1997 3200 προσήγαγεν,

2107 1944 2239 1999 facti
2269 1946 2667 2016 prudentes,et
2696 1945 3033 2016 religionem
3070 1949 3418 2016 amavimus,
3450 1956 3505 2006 et
3533 1951 3743 2007 litteris

2104 2034 2365 2104 gnaviter
2385 2050 2619 2105 operam
2652 2034 2921 2089 dedimus
2948 2052 2959 2101 ;
2986 2040 3195 2090 utcum
3212 2037 3449 2110 reliquis
3473 2041 3746 2112 gentibus

2105 2122 2491 2193 disputantes,
2527 2138 2622 2176 eas
2664 2138 2971 2192 possemus
3028 2126 3097 2180 de
3154 2142 3345 2181 errore
3403 2144 3643 2200 arguere
3677 2131 3740 2184 ¹⁰.

2106 2211 2526 2267 Perdidicimus
2540 2212 2712 2266 etiam
2730 2212 3208 2285 philosophorum
3233 2216 3740 2287 decreta,maxime

2105 2318 2233 2372 quae
2255 2319 2288 2356 a
2320 2301 2531 2373 pietate
2562 2301 2619 2355 in
2651 2306 2831 2356 Deum
2864 2302 3222 2358 alienissima
3264 2309 3438 2359 sunt:
3483 2307 3737 2378 Epicuri,

2104 2389 2367 2461 inquam,
2388 2393 2445 2445 et
2464 2389 2782 2462 Pyrrhonis
2808 2408 2821 2458 ;
2842 2406 2955 2461 quo
2977 2394 3032 2445 et
3055 2391 3242 2463 magis
3271 2410 3577 2465 possemus
3602 2411 3735 2450 con-

2105 2480 2310 2535 futare.

2174 2584 2286 2641 CV.
2323 2584 2605 2641 Caeterum
2639 2601 2757 2640 una
2803 2601 2936 2641 cum
2983 2585 3221 2643 Simone
3269 2589 3523 2659 quodam
3576 2592 3742 2662 Mago

2105 2673 2358 2745 educati,
2382 2673 2603 2729 ratione
2634 2673 2925 2742 amicitiae,
2961 2674 3018 2729 in
3051 2675 3314 2731 fraudem
3373 2676 3488 2733 fere
3522 2677 3745 2734 inducti

2106 2762 2345 2818 fuimus.
2379 2761 2595 2818 Verum
2614 2763 2727 2819 ista
2756 2762 2886 2831 tibi,
2910 2767 3113 2834 mater,
3134 2764 3191 2819 in
3215 2769 3474 2838 tempore
3504 2767 3744 2839 diligen-

2106 2852 2223 2906 tius
2254 2854 2633 2921 exponentur.
2669 2851 2777 2906 Sed
2811 2868 2947 2906 cum
2988 2852 3313 2923 decipiendi
3346 2868 3612 2910 essemus
3642 2871 3744 2926 per

2108 2941 2428 3008 Simonem,
2462 2939 2764 2995 familiaris
2795 2941 3032 3011 quidam
3056 2941 3277 2996 domini
3337 2943 3517 2998 nostri
3571 2944 3741 3016 Petri,

2108 3029 2413 3084 Zacchaeus
2443 3028 2655 3095 dictus,
2688 3029 2968 3083 accedens
3000 3030 3226 3084 monuit
3251 3047 3321 3085 ne
3350 3047 3520 3103 mago
3548 3048 3746 3087 assen-

2110 3118 2376 3182 tiremur,
2409 3120 2693 3187 Petroque
2723 3117 3046 3172 advenienti
3081 3117 3309 3186 obtulit,
3345 3124 3407 3173 ut
3437 3137 3542 3175 nos
3574 3120 3743 3191 plene

355 3210 509 3271 ὅπως
558 3212 704 3280 ἡμᾶς
745 3205 1179 3285 πληροφορήσας
1222 3207 1381 3275 πείσῃ
1430 3209 1553 3284 περὶ
1580 3214 1685 3265 τῶν
1724 3215 1792 3286 τῇ
1824 3214 1997 3268 Θεοσε.

2115 3212 2287 3278 atque
2318 3210 2471 3261 certo
2491 3222 2616 3276 quas
2648 3210 2912 3277 spectant
2933 3206 3002 3259 ad
3062 3206 3283 3261 cultum
3343 3209 3440 3262 Dei
3497 3209 3746 3264 doceret.

364 3295 487 3370 δείᾳ
535 3295 919 3375 διαφερόντων.
954 3296 1047 3350 Διὸ
1089 3296 1180 3349 καὶ
1229 3296 1306 3367 σὲ,
1362 3304 1554 3374 μῆτερ,
1606 3299 1897 3375 εὐχόμεθα,
1930 3305 2005 3367 ὡς

362 3391 531 3461 ἡμεῖς
578 3386 992 3459 κατηξιώθημεν
1040 3385 1271 3461 ἀγαθῶν,
1318 3385 1524 3441 τούτων
1568 3389 1657 3442 καὶ
1701 3390 1866 3461 αὐτὴν
1912 3414 2005 3466 με·

354 3482 605 3552 τασχεῖν,
640 3474 788 3536 ὅπως
815 3479 1011 3529 κοινῶν
1061 3473 1209 3528 ἀλῶν
1259 3472 1347 3529 καὶ
1377 3478 1649 3551 τραπέζης
1688 3476 2003 3555 δυνηθῶμεν

360 3560 710 3638 μεταλαϐεῖν.
744 3562 886 3633 Αὕτη
937 3561 1026 3617 οὖν
1078 3562 1216 3617 ἐστιν
1250 3566 1285 3633 ἡ
1339 3563 1504 3637 αἰτία,
1537 3562 1606 3619 δι’
1654 3567 1720 3635 ἧν
1758 3567 2003 3643 ἐνόμιζες

353 3656 505 3727 ἡμᾶς
536 3652 588 3708 ἐν
612 3656 681 3726 τῇ
714 3650 951 3725 θαλάσσῃ
977 3653 1215 3706 τεθνᾶναι
1248 3654 1311 3708 ¹¹.

429 3744 565 3798 CVI.
628 3746 804 3795 Ταῦτα
848 3744 946 3795 τοῦ
1006 3740 1305 3795 Φαυπίνου
1371 3742 1614 3805 εἰπόντος
1645 3790 1660 3815 ,
1719 3747 1753 3816 ἡ
1818 3749 2001 3825 μήτηρ

354 3833 521 3904 ἡμῶν
580 3830 878 3901 προσέπεσε
923 3832 1002 3901 τῷ
1054 3826 1259 3902 Πέτρῳ,
1314 3827 1539 3904 δεομένῃ
1590 3833 1679 3886 καὶ
1737 3834 1953 3907 ἀξιοῦσα
1985 3878 2000 3905 ,

358 3919 510 3980 ὅπως
545 3917 711 3988 αὐτήν
755 3937 814 3971 τε
842 3916 931 3971 xui
974 3918 1073 3985 τὴν
1122 3914 1410 3993 ξενοδόχον
1460 3919 1625 3989 αὐτῆς
1661 3925 2005 3998 μεταπεμψά-

364 4029 525 4081 μενος
561 4006 813 4082 βαπτίσῃ·
849 4008 981 4072 Ἵνα,
1014 4004 1170 4083 φησί,
1206 4003 1451 4079 μηδεμία
1478 4030 1561 4070 τις
1603 4010 1830 4086 ἄμοιρος
1863 4012 2001 4087 ἡμέ-

363 4117 430 4172 ρα
486 4096 761 4169 γένηται,
820 4094 908 4171 ἀφ’
963 4095 1031 4163 ἧς
1088 4096 1154 4148 τὰ
1208 4093 1446 4167 ἐμαυτῆς
1498 4094 1769 4154 ἀπέλαϐον
1826 4100 2004 4174 τέκνα,

434 4185 482 4238 Θν
606 4182 627 4199 η
754 4181 766 4203 3
1138 4181 1149 4200 Ι
1308 4183 1321 4202 ἳ
1396 4189 1418 4199 «ιο
1523 4188 1543 4221 2
1680 4187 1691 4200 ι
1834 4194 1859 4204 ~

362 4206 431 4240 xu
512 4184 578 4253 ἢν
607 4204 667 4236 αν
712 4204 774 4237 ου
823 4183 1217 4253 συνεστιαθειην
1264 4205 1446 4247 αυτοις
1498 4191 1513 4223 ¹
1551 4228 1562 4239 .
1599 4193 1695 4241 Και
1742 4191 1902 4261 ἡμων
1951 4189 2008 4246 δὲ

363 4274 430 4327 τὰ
477 4271 645 4345 ὅμοια
684 4275 754 4345 τῇ
807 4270 975 4347 μητρὶ
1026 4272 1497 4344 συνικετευόντων,
1553 4277 1580 4329 6
1630 4282 1831 4352 Πέτρος
1880 4277 2004 4357 ἔφη.

363 4360 425 4415 Τί
460 4358 654 4433 οἷέσθε,
693 4359 856 4432 μόνος
890 4358 998 4435 ἐγὼ
1033 4357 1379 4436 ἅσπλαγχνός
1413 4362 1547 4435 εἶμι,
1580 4362 1661 4418 ὅτι
1696 4366 1771 4437 μὴ
1810 4366 2009 4442 βούλο-

366 4471 467 4523 μαι
516 4450 918 4518 συνεστιαθῆναι
969 4449 1106 4521 ὑμᾶς
1152 4453 1222 4523 τῇ
1276 4450 1464 4525 μητρὶ,
1519 4453 1757 4529 σήμερον
1814 4456 2008 4530 βαπτί-

364 4559 465 4600 σας
507 4537 674 4607 αὐτήν
726 4536 913 4605 13;Ox’)
971 4536 1063 4609 μὲν
1107 4536 1219 4594 οὗν.
1271 4537 1444 4593 Ἀλλά
1493 4538 1587 4594 κᾶν
1638 4541 1760 4613 μίαν
1798 4545 2007 4620 ἡμέραν

2117 3297 2303 3360 Quare
2331 3294 2505 3349 etiam
2538 3299 2593 3349 te
2615 3310 2868 3361 oramus,
2902 3298 3104 3361 mater,
3125 3301 3185 3349 ut
3215 3313 3339 3367 qua:
3388 3313 3493 3352 nos
3549 3314 3753 3353 conse-

2116 3385 2233 3440 cuti
2266 3400 2474 3439 sumus
2507 3382 2924 3449 bona,illaettu
2942 3383 3228 3455 percipias
3252 3402 3265 3452 ;
3287 3401 3401 3456 quo
3451 3388 3751 3442 communi

2115 3473 2235 3529 sale
2266 3488 2331 3527 ac
2364 3488 2565 3527 mensa
2594 3472 2677 3526 uti
2709 3471 3024 3543 possimus.
3072 3477 3148 3527 Ea
3186 3473 3364 3546 igitur
3419 3491 3598 3531 causa
3645 3480 3752 3546 est,

2113 3566 2349 3634 pr0pter
2380 3576 2555 3632 quam
2589 3576 2695 3615 nos
2750 3560 2809 3614 in
2867 3560 3014 3615 mari
3072 3562 3316 3632 periisse
3374 3563 3750 3623 existimasti.

2183 3740 2323 3795 CVI.
2384 3740 2512 3794 Haac
2570 3755 2702 3794 cum
2763 3738 3076 3794 Faustinus
3128 3738 3463 3811 prolocutus
3523 3742 3747 3811 fuisset,

2113 3832 2300 3883 mater
2330 3832 2529 3883 nostra
2558 3827 2805 3898 procidit
2826 3843 3020 3881 coram
3048 3827 3229 3897 Petro,
3256 3844 3464 3899 rogans
3496 3834 3553 3885 et
3582 3831 3749 3885 obse-

2114 3934 2305 3986 crans,
2335 3917 2418 3971 uti
2453 3933 2514 3971 se
2571 3932 2856 3986 suamque
2906 3915 3197 3987 hospitem
3232 3918 3592 3987 accersitam,
3654 3920 3756 3974 ba-

2115 4006 2356 4078 ptizaret
2387 4022 2401 4060 :
2438 4005 2530 4071 Ut,
2562 4004 2777 4075 inquit,
2811 4021 2879 4058 ex
2927 4020 3042 4075 quo
3095 4010 3261 4059 natos
3320 4021 3480 4061 meos
3539 4007 3753 4079 recepi,

2118 4094 2315 4149 nullus
2347 4094 2471 4149 dies
2488 4092 2913 4159 excludatur,in
2946 4110 3061 4164 quo
3093 4110 3225 4148 cum
3256 4094 3328 4149 iis
3359 4112 3472 4150 non
3497 4112 3758 4164 sumpse-

2117 4185 2229 4239 rim
2250 4183 2737 4253 cibum.Cumque
2764 4199 2867 4237 nos
2890 4184 3089 4238 eadem
3123 4200 3249 4254 que
3282 4188 3467 4239 mater
3494 4200 3758 4255 compre-

2119 4272 2617 4341 caremur,Petrus
2640 4272 2720 4326 ait
2752 4288 2764 4325 :
2801 4271 3201 4342 Quidputatis,
3236 4290 3388 4328 unus
3419 4289 3524 4345 ego
3553 4273 3756 4328 immi-

2120 4362 2365 4417 sericors
2396 4377 2551 4427 sum,
2584 4360 2738 4431 quod
2771 4359 2949 4413 nolim
2982 4376 3083 4415 vos
3133 4377 3266 4414 cum
3323 4366 3508 4418 matre
3562 4368 3757 4417 vestra

2119 4449 2291 4517 vesci,
2347 4449 2517 4504 hodie
2564 4463 2691 4503 eam
2752 4449 3101 4520 baptizans?
3151 4450 3386 4505 Minime
3438 4468 3592 4507 vero.
3646 4452 3757 4507 Sed

2121 4542 2364 4610 oportet,
2402 4542 2464 4592 ut
2493 4537 2641 4605 ipsa,
2663 4541 2794 4592 ante
2825 4553 3001 4607 quam
3031 4538 3374 4609 baptizelur,
3406 4538 3611 4595 saltem
3645 4556 3760 4594 uno

453 4597 461 4600 .
632 4597 641 4607 .
794 4597 804 4605 .
971 4597 981 4609 .
1638 4597 1647 4613 ,
1822 4597 1853 4616 η

362 4627 473 4701 πρὸ
521 4631 618 4681 τοῦ
684 4626 1040 4701 βαπτισθῆναι
1087 4630 1369 4696 νηστεῦσαι
1418 4626 1585 4697 αὐτὴν
1638 4628 1747 4684 δεῖ·
1799 4631 1913 4687 ἐπεὶ
1971 4637 1997 4670 ¹¹

2123 4597 2457 4697 diejeju'net
2483 4643 2495 4681 :
2521 4597 2996 4698 quandoquidem
3045 4597 3412 4681 ethonnulla
3442 4643 3545 4698 pro
3577 4644 3638 4682 se
3669 4627 3764 4682 lo-

362 4715 455 4770 καί
483 4735 606 4770 τινα
636 4714 766 4786 ὑπὲρ
813 4713 1006 4783 ἐαυτῆς
1056 4712 1344 4789 ἐφθέγξατο
1387 4717 1421 4785 ἡ
1479 4719 1683 4791 μήτηρ·
1717 4721 1860 4797 τάχα
1905 4722 2009 4798 γὰρ

365 4803 415 4859 εἴ
478 4804 555 4877 μὴ
610 4808 773 4859 τοῦτο
806 4848 821 4875 ,
880 4799 1106 4857 πολλῶν
1172 4804 1393 4877 ἡμερῶν
1473 4805 1639 4876 αὐτὴν
1699 4809 2011 4885 ἀγνισθῆναι

366 4890 471 4931 ἕλε.
510 4894 555 4931 il

366 4909 371 4911 ’
430 4913 475 4946 ει
510 4909 573 4950 ι’.

364 4909 598 5038 £0CVII.
636 4981 914 5055 Ἐρομένῳ
964 4979 1053 5034 οὗν
1109 5000 1241 5053 μοι,
1289 4979 1341 5034 τί
1390 4978 1491 5055 ἄρα
1536 4983 1626 5037 xui
1674 4986 2010 5063 φθεγξαμένη

363 5070 467 5137 τὴν
499 5068 675 5124 πίστιν
729 5068 896 5137 αὐτῆς
942 5068 1187 5145 ἐξέφηνεν
1225 5070 1289 5137 ¹⁶,
1322 5069 1349 5121 6
1382 5069 1582 5143 Πέτρος
1631 5068 1730 5151 ἔφη
1766 5078 1826 5111 “-
1854 5078 2017 5133 Ἀπό-

366 5177 482 5233 χρη
533 5157 621 5212 xui
675 5157 837 5231 μόνον
894 5156 1058 5225 αὐτῆς
1103 5158 1137 5226 ἡ
1185 5155 1403 5226 ἀξίωσις
1458 5163 1554 5212 τοῦ
1602 5157 2013 5238 συμϐαπτισθῆ-

2120 4720 2257 4771 cuta
2277 4719 2365 4770 est
2395 4720 2616 4769 mater:
2650 4714 2803 4785 quod
2837 4714 2885 4768 si
2944 4732 3057 4769 non
3089 4720 3261 4786 esset,
3288 4715 3490 4770 multis
3542 4716 3750 4771 diebus

2121 4820 2249 4860 eam
2282 4819 2517 4859 necesse
2549 4803 2754 4858 fuisset
2797 4802 3036 4874 expiari.

2194 4981 2401 5038 CXVII.
2428 4977 2809 5049 Interroganti
2832 4995 2966 5050 ergo
3000 4980 3164 5051 mihi,
3200 4980 3477 5052 quidnam
3501 4997 3567 5036 ea
3598 4980 3756 5036 locu-

2124 5076 2204 5136 ta,
2239 5071 2409 5124 ﬁdem
2443 5085 2608 5124 suam
2636 5068 2967 5137 indicasset,
3002 5074 3207 5125 Petrus
3240 5071 3566 5141 respondit:
3593 5071 3763 5125 Sufﬁ-

2125 5167 2204 5221 cit
2229 5161 2512 5217 duntaxat
2534 5156 2692 5212 illius
2714 5156 3026 5228 postulatio
3049 5158 3119 5212 de
3140 5158 3373 5229 hospita
3402 5167 3453 5215 et
3485 5160 3761 5229 benefica,

1715 5289 1957 5349 VARI/E
1995 5286 2403 5352 LECTIONES.

440 5380 462 5415 ⁸
489 5380 696 5466 μετά.)
725 5380 800 5437 al.
835 5379 1009 5466 inser.
1045 5376 1251 5466 ἐκείνην
1284 5380 1371 5466 νθἸ
1402 5378 1624 5466 ταύτην.
1660 5387 1703 5421 ¹⁰
1734 5388 1979 5462 Recogn.
2012 5392 2052 5448 l.
2083 5407 2207 5457 VIII,
2240 5403 2290 5441 ο.
2320 5385 2376 5437 7.
2404 5382 2448 5466 1‘
2483 5378 2556 5435 al.
2592 5379 2725 5466 add;
2773 5377 2915 5464 τότε,
2971 5376 3022 5433 ἐν
3059 5378 3252 5466 ἐκείνῃ,
3378 5377 3767 5466 ,χαλεπωτάτη

364 5452 515 5506 νυκτὶ
575 5451 678 5506 ὑπὸ
698 5454 994 5535 ,πειρατῶν
1028 5451 1280 5535 ,ἀχθῆναι
1316 5451 1391 5535 νἐν
1446 5450 1695 5535 πελάγει,
1757 5460 1801 5495 1³
1830 5450 1915 5516 al?
1966 5462 2042 5535 μὴ

2102 5448 2516 5516 συνεστιαθεῖσαι
2568 5449 2770 5509 αὐτοῖς’
2818 5454 2985 5504 ταῦτα
3027 5448 3117 5504 οὖν
3168 5448 3254 5527 καὶ
3285 5448 3446 5523 ἡμῶν
3494 5456 3561 5527 τῇ
3600 5448 3763 5527 per:sz

480 5589 593 5652 λῶν
624 5596 847 5672 ἡμερῶν
876 5589 1041 5668 αὐτὴν
1072 5589 1532 5675 ἀφελληνιὰθῆναι
1562 5589 1758 5656 ἕδὲι.ἶ⁸
1786 5589 2159 5682 Κάγὼἐῗπον·’
2182 5597 2299 5658 sine
2326 5597 2481 5671 ἡμῖν,
2513 5590 2633 5648 τίνα
2662 5589 2947 5673 ἐφθέγξατο
2978 5589 3163 5673 λόγον,
3190 5595 3250 5659 ὃς
3280 5596 3400 5669 τήν.
3438 5598 3478 5633 ¹⁷
3513 5596 3681 5654 Deest
3700 5598 3761 5656 in

365 5520 988 5652 ωἳπαρακαλεσᾶντων,
1021 5524 1049 5578 6
1082 5520 1283 5597 Πέτρος
1314 5520 1439 5600 ἔφη’
1469 5523 1521 5577 τί
1566 5520 1808 5599 νομίζετε
1836 5520 1976 5606 ἐγὼ,¹
2001 5520 2183 5603 μόνος.
2229 5528 2273 5565 ¹⁸
2327 5525 2435 5609 aL-
2456 5523 2618 5579 deest
2660 5522 2721 5577 in
2796 5523 2871 5577 al.
2924 5523 2969 5557 ¹⁴
3019 5524 3097 5579 al.
3157 5520 3365 5585 ἁπλῶς.
3430 5526 3473 5561 ⁸⁵
3505 5520 3609 5579 δί’
3640 5520 3753 5607 ἐπεὶ

365 5614 437 5650 πο
480 5593 593 5652 λῶν
624 5596 847 5652 ἡμερῶν
876 5595 1041 5652 αὐτὴν
1072 5592 1532 5652 ἀφελληνισθῆναι
1562 5592 1689 5652 ἔδει.
1716 5601 1758 5638 ¹⁶
1786 5602 1947 5652 Κάγὼ
1979 5606 2149 5652 εἶπον·
2182 5597 2299 5652 sua
2326 5597 2481 5652 ἧμιν.
2513 5590 2633 5648 τίνα
2662 5589 2947 5652 ἐφθέγξατο
2978 5589 3163 5652 λόγον.
3190 5595 3250 5652 ὃς
3280 5596 3400 5652 τήν.
3438 5598 3478 5633 ¹⁷
3513 5596 3681 5652 Deest
3700 5614 3753 5652 1n

364 5614 437 5650 πο

368 5664 443 5728 al.
