4090 6340
452 338 563 399 551
1274 340 1339 401 8.
1386 337 1824 401 CLEMENTIS
1867 338 1891 399 I
1938 331 2126 397 ROM.

2175 334 2406 398 PONT.
2452 334 2711 398 OPERA
2755 332 3017 399 DUBIA.
3728 338 3850 400 553

451 469 572 525 hinc
601 470 958 542 paupercula
1005 487 1135 525 mea
1162 472 1358 543 vestis,
1392 472 1564 528 dictis
1609 471 1753 527 meis
1786 487 1895 525 non
1930 469 2070 523 diffi-

2202 467 2414 535 στήσεις
2447 468 2527 528 σῖς
2559 464 2725 542 λέγω.
2762 468 2844 521 Ἐν
2880 464 3067 539 πολλῇ
3104 466 3223 541 βίου
3254 464 3386 522 ποτὶ
3416 464 3487 522 ὢν
3523 468 3745 540 ιῦθηνίᾳ
3773 473 3844 541 ⁷⁸,

450 560 572 615 des.
597 562 740 614 Cum
764 558 901 614 olim
927 559 985 614 in
1010 576 1219 629 magna
1242 560 1622 632 prosperitate
1647 560 1775 614 vita:
1804 573 2090 623 versarer,

452 647 639 704 multa
668 653 793 703 tum
828 647 939 702 diis
969 647 1370 716 immolabam,
1402 654 1525 703 tum
1545 648 1743 720 egenis
1764 646 2086 718 largiebar:

449 742 705 792 attamen
738 737 876 792 dum
909 754 1028 808 oro,
1081 754 1145 792 ac
1200 738 1292 809 pie
1340 738 1485 805 vivo,
1532 736 1716 792 fatum
1764 753 1879 791 non
1931 731 2089 806 potui

448 826 721 898 effugere.
754 831 943 897 Atque
990 842 1094 897 ego
1126 827 1197 881 ad
1232 825 1435 881 illum:
1488 828 1555 881 Et
1602 841 1868 896 quaenam
1925 826 2084 889 sunt,

450 932 576 986 quas
629 914 736 969 tibi
786 914 1198 986 contigerunt?
1230 913 1330 969 Ille
1382 931 1514 970 vero
1560 913 1906 985 respondit:
1960 916 2085 966 Non

444 1019 680 1058 necesse
711 1008 801 1058 est
830 1007 895 1057 ut
922 1020 1078 1058 nunc
1101 1003 1289 1058 dicam
1317 1018 1331 1058 :
1364 1004 1509 1059 forte
1538 1007 1732 1057 autem
1784 1002 1840 1055 in
1865 1001 2088 1055 ﬁnesu-

443 1091 590 1159 dies,
626 1091 898 1162 quisnam
931 1108 1037 1163 ego
1068 1108 1198 1146 cum
1247 1092 1382 1161 sim,
1415 1096 1471 1146 et
1499 1108 1566 1146 ex
1622 1091 1837 1163 quibus
1886 1094 2081 1157 natus,

438 1180 499 1235 in
533 1178 736 1251 quales
778 1179 1122 1235 incurrerim
1170 1180 1299 1234 vita:
1330 1179 1715 1235 calamitates.
1770 1179 1879 1234 Sed
1931 1194 2083 1233 nunc

436 1268 586 1341 quod
621 1268 818 1322 omnia
865 1269 1254 1339 subjiciantur
1285 1267 1737 1341 geniturm,volo
1786 1266 1891 1322 tibi
1949 1282 2082 1338 pro-

433 1358 581 1414 ferre
610 1372 752 1426 argu
762 1362 978 1412 menta.

498 1465 683 1526 CXIII.
718 1469 786 1523 Et
815 1482 918 1538 ego
967 1463 1131 1518 dixi:
1167 1462 1225 1519 Si
1284 1462 1481 1535 genesi
1540 1465 1752 1517 cuncta
1801 1463 2076 1531 subsunt,

431 1558 656 1631 hocque
685 1558 767 1613 ita
796 1570 923 1612 esse
956 1568 1301 1624 persuasum
1332 1552 1551 1618 habes;
1582 1555 1774 1606 tecum
1814 1568 2078 1622 pugnan-

433 1648 513 1701 tia
544 1646 766 1718 cogitas
793 1649 848 1700 et
878 1639 1154 1697 consulis.
1190 1640 1412 1695 Etenim
1447 1638 1495 1694 si
1526 1642 1725 1694 contra
1757 1637 1948 1693 natale
2004 1654 2077 1694 ne

430 1735 643 1791 sentire
671 1733 904 1805 quidem
940 1746 1275 1802 possumus,
1310 1746 1413 1783 cur
1457 1729 1672 1783 frustra
1715 1726 1965 1793 laboras,
2017 1727 2071 1781 id

2199 553 2385 610 πολλὰ
2431 556 2520 610 καὶ
2566 558 2708 618 θεοῖς
2758 554 2935 623 ἔθυον,
2965 557 3054 609 καί
3103 553 3383 629 δεομένοις
3432 562 3719 633 παρεῖχον
3752 560 3846 615 καὶ

2200 642 2351 716 ὅμως
2410 644 2709 719 εὐχόμενός
2764 664 2823 698 τε
2867 644 2955 697 καὶ
3017 639 3270 713 εὐσεϐῶν,
3320 646 3418 713 τὴν
3473 641 3846 720 πεπρωμένην

2200 730 2446 807 έκφυγεῖν
2500 732 2561 787 ού
2612 729 2909 804 δεδύνημαι
2957 735 3021 787 ⁷⁵.
3075 733 3235 807 Κάγὼ
3304 733 3439 808 πρὸς
3509 733 3693 789 αὐτόν·
3745 736 3848 790 Καὶ

2195 821 2313 875 τίνα
2369 823 2413 857 ⁷⁸
2470 820 2609 875 έστὶν
2660 820 2693 875 ἃ
2738 822 3044 889 πέπονθας;
3095 822 3155 877 Ὀ
3214 818 3272 875 δὲ
3339 822 3682 897 ἀπεκρίνατο*
3735 825 3852 879 Οὐκ

2195 907 2401 983 ἀνάγκη
2442 912 2486 946 ⁷⁷
2521 930 2613 982 μοι
2652 909 2824 985 λέγειν
2853 914 2965 963 νῦν·
3000 906 3129 971 ἷσως
3179 906 3255 981 δὲ,
3288 909 3375 964 ἐπὶ
3422 910 3569 966 τέλει
3616 911 3846 986 ἀκούσῃ,

2191 996 2273 1058 τίς
2301 1019 2359 1052 τε
2390 995 2463 1051 ὢν
2493 997 2621 1071 έγὼ,
2653 998 2742 1052 καὶ
2778 998 2959 1071 τίνων,
2992 997 3043 1051 έν
3093 997 3277 1061 ποίαις
3329 999 3450 1073 βίου
3497 1001 3843 1072 περιστάσεσι

2192 1086 2411 1160 γέγονα.
2445 1091 2551 1140 Νῦν
2584 1084 2641 1140 δέ
2691 1084 2775 1140 ὅτι
2821 1086 3025 1161 γενέσει
3070 1088 3138 1141 τὰ
3184 1085 3358 1142 πάντα
3410 1088 3710 1157 ὑπόκειται,
3742 1087 3845 1143 πί-

2192 1195 2333 1237 στεις
2363 1196 2447 1230 σοι
2478 1180 2776 1250 παρασχεῖν
2815 1172 3090 1251 βούλομαι
3115 1178 3179 1233 ⁷³.

2259 1461 2440 1517 CXIII.
2493 1458 2655 1534 Κάγὼ
2704 1456 2857 1537 ἔφην·
2911 1459 2976 1515 EI
3025 1459 3228 1535 γενέσει
3277 1458 3344 1514 τὰ
3390 1462 3566 1516 πάντα
3615 1461 3843 1518 ὑπόκει-

2185 1567 2296 1616 ται,
2329 1549 2417 1601 καὶ
2447 1549 2596 1611 τοῦθ’
2626 1547 2799 1610 οὕτως
2833 1546 2977 1623 ἔχειν
3010 1552 3055 1586 7°
3084 1546 3604 1626 πεπληροφόρησαι,
3629 1555 3845 1624 σεαυτῷ

2186 1635 2443 1690 τάναντία
2470 1631 3047 1709 νοῶνξσυμϐουλεύεις.
3080 1637 3143 1691 Ei
3179 1637 3273 1709 μὶν
3306 1636 3408 1713 γὰρ
3440 1639 3585 1713 παρὰ
3630 1640 3841 1715 γένεσιν

2187 1723 2249 1777 οὐ
2282 1721 2502 1778 δυνατὸν
2537 1722 2661 1779 οὐδὲ
2685 1724 2747 1780 τὸ
2790 1730 3027 1800 φρονεῖν,
3057 1726 3108 1780 τί
3163 1732 3545 1797 ματαιοπονεῖς
3591 1722 3843 1799 συμϐου-

430 1824 596 1879 nobis
630 1821 1005 1882 consulendo,
1040 1818 1192 1889 quod
1226 1817 1346 1872 ﬁeri
1386 1816 1623 1871 omnino
1656 1815 1894 1885 nequit?
1924 1816 2070 1879 Quin

2184 1809 2357 1865 λιύων
2388 1814 2436 1849 ⁸ο
2464 1814 2621 1884 ἡμῖν,
2650 1814 2679 1867 ὃ
2718 1815 3035 1887 γενήσεσθαι
3089 1815 3158 1849 ⁸⁰’
3208 1813 3422 1875 πάντως
3469 1811 3728 1870 ἀδύνατον
3760 1818 3839 1874 ιι.

426 1913 599 1968 etiam
624 1912 671 1966 si
706 1909 974 1966 nativitas
997 1905 1287 1973 subsistit,
1323 1903 1438 1959 noli
1472 1904 1530 1958 in
1564 1920 1629 1959 eo
1662 1920 1867 1957 navare
1928 1920 2068 1974 ope-

421 2018 568 2071 ram,
594 2006 657 2056 ut
689 1998 1039 2071 persuadeas
1074 1993 1238 2060 mihi,
1276 2009 1346 2047 ne
1377 1992 1562 2047 colam
1589 1997 1926 2047 astroruum
1963 1991 2071 2047 Do-

426 2092 677 2156 minum,
710 2089 808 2160 qui
843 2090 898 2141 et
928 2085 973 2140 si
1007 2083 1142 2139 velit
1188 2099 1299 2137 non
1341 2082 1462 2136 ﬁeri
1498 2080 1737 2151 aliquid,
1786 2080 1908 2135 fieri
1952 2096 2067 2135 non

427 2183 649 2252 potest;
685 2192 916 2246 semper
946 2174 1099 2229 enim
1155 2171 1307 2242 quod
1343 2171 1546 2225 subest
1574 2171 1645 2239 ei,
1680 2170 1831 2239 quod
1863 2173 2070 2240 praeest

428 2284 493 2323 ac
525 2267 705 2336 ducit,
736 2268 933 2335 pareat
964 2275 1199 2315 necesse
1240 2259 1432 2313 habet.
1483 2257 1647 2313 Certe
1679 2256 1939 2311 venerari
1970 2272 2067 2311 eos

429 2356 529 2427 qui
562 2354 641 2409 dii
673 2356 975 2424 putantur,
997 2348 1194 2420 genesi
1217 2345 1941 2416 dominante,superﬂuum
1956 2349 2063 2401 est.

426 2447 627 2514 Neque
656 2440 811 2497 enim
845 2443 1050 2511 praeter
1087 2438 1144 2492 id
1180 2436 1332 2508 quod
1367 2436 1481 2490 fato
1514 2433 1716 2505 placet,
1743 2434 2065 2505 quidquam

427 2533 526 2599 ﬁt;
559 2547 744 2601 neque
774 2528 885 2601 ipsi
917 2526 1216 2599 quidpiam
1251 2526 1433 2579 facere
1482 2526 1748 2596 possunt,
1783 2522 1879 2594 qui
1937 2522 2065 2577 uni-

422 2619 633 2677 versali
651 2617 847 2691 genesi
878 2633 995 2672 suae
1028 2616 1147 2670 sint
1177 2613 1449 2683 subjecti.

494 2728 678 2782 CXIV.
716 2726 846 2780 Haec
877 2739 1010 2779 cum
1044 2722 1197 2776 inter
1254 2737 1360 2775 nos
1408 2720 1799 2791 loqueremur,
1857 2718 2064 2790 ingens

423 2816 732 2873 hominum
755 2812 1067 2868 multitudo
1101 2810 1365 2881 ingressa
1393 2813 1481 2862 est
1513 2834 1526 2873 ;
1554 2807 1623 2862 ad
1657 2823 1833 2878 quam
1860 2807 2064 2861 Petrus

424 2905 761 2978 respiciens,
794 2902 939 2957 dixit
970 2916 983 2954 :
1014 2904 1127 2970 Ego
1160 2903 1216 2952 et
1260 2914 1444 2968 genus
1492 2912 1710 2964 meum,
1742 2894 2063 2965 accipimus

427 3014 460 3051 a
492 2992 811 3063 majoribus
842 2989 1066 3044 cultum
1103 2985 1220 3052 Dei,
1266 2989 1323 3039 et
1377 2989 1725 3055 prmeeptum
1776 2983 2060 3039 habemus

425 3102 497 3139 ne
527 3082 679 3139 ortui
726 3079 1112 3147 confidamus,
1146 3073 1501 3144 astrologica
1534 3073 1772 3143 inquam
1804 3071 2061 3143 discipli-

422 3191 536 3229 ηωε
564 3170 781 3227 idcirco
839 3168 907 3223 ad
942 3182 1067 3222 eam
1102 3164 1365 3220 animum
1396 3179 1509 3217 non
1568 3160 1841 3232 applicui.
1875 3163 2060 3226 Quare
2093 3182 2134 3246 ρ

418 3259 745 3332 astrologiae
778 3275 890 3312 non
924 3272 1054 3311 sum
1096 3253 1316 3326 peritus
1354 3268 1365 3307 :
1402 3267 1653 3322 quorum
1684 3254 1876 3304 autem
1912 3250 2059 3321 peri-

419 3351 564 3406 tiam
594 3349 802 3415 habeo,
835 3363 902 3400 ea
931 3358 1236 3415 exponam.
1268 3342 1370 3396 Aio
1401 3340 1637 3411 quippe,
1668 3356 1769 3411 per
1798 3338 1892 3392 Dei
1929 3355 2060 3409 pro-

422 3437 741 3493 videntiam
775 3431 1171 3489 administrari
1205 3429 1424 3496 omnia,
1466 3433 1523 3483 et
1581 3442 2063 3497 unumquemque

423 3525 750 3582 secundum
782 3539 849 3577 ea
871 3538 997 3593 qua
1058 3519 1209 3589 fecit,
1243 3518 1544 3589 praemium
1578 3515 1665 3571 vel
1705 3514 2062 3587 supplicium

426 3630 557 3671 esse
586 3616 918 3668 nacturum.
952 3608 1081 3663 Sive
1112 3612 1304 3663 autem
1338 3622 1514 3675 nunc,
1547 3605 1667 3661 sive
1697 3610 1753 3658 et
1797 3603 2062 3675 posthac,

430 3702 578 3759 nihil
612 3717 739 3756 mea
769 3698 1045 3753 interest:
1080 3696 1190 3750 nisi
1214 3695 1365 3764 quod
1391 3694 1630 3748 omnino
1663 3692 2063 3763 unusquisque

424 3793 680 3847 fructum
709 3803 908 3843 eorum
941 3802 1066 3856 quae
1088 3783 1333 3856 gesserit
1364 3782 1658 3854 percipiet.
1693 3786 2062 3837 Demonstra-

420 3881 502 3935 tio
529 3882 746 3943 autem,
781 3893 894 3931 non
927 3889 1054 3929 esse
1084 3872 1366 3945 genesim,
1424 3870 1542 3925 haec
1592 3874 1717 3925 est:
1752 3871 1829 3923 Ex
1859 3874 2061 3924 astan-

417 3969 597 4037 tibus,
633 3967 679 4022 si
713 3965 842 4036 quis
870 3962 1053 4019 oculis
1085 3960 1160 4015 sit
1181 3960 1439 4029 orbatus,
1465 3964 1566 4013 aut
1588 3974 1826 4013 manum
1852 3957 2063 4012 habeat

419 4055 773 4120 mutilatam,
821 4058 923 4107 aut
982 4051 1185 4122 pedem
1242 4047 1540 4114 claudum,
1574 4046 1764 4101 autin
1822 4062 2061 4118 corpore

426 4143 649 4215 aliquid
683 4142 861 4205 aliud,
895 4140 1048 4211 quod
1083 4156 1116 4192 a
1174 4136 1414 4192 medicis
1471 4135 1662 4191 curari
1697 4152 1811 4190 non
1853 4135 2058 4205 possit,

425 4247 614 4303 neque
644 4230 714 4284 ab
744 4228 1073 4299 astrologis,
1107 4226 1383 4297 quoniam
1414 4241 1519 4280 nec
1548 4225 1619 4279 ab
1659 4223 1820 4280 omni
1849 4224 2062 4279 szeculo

420 4320 537 4375 tale
569 4318 710 4390 quid
739 4318 1000 4388 contigit,
1034 4332 1161 4387 ego,
1195 4319 1374 4369 Deum
1406 4318 1696 4385 precatus,
1738 4314 2061 4369 remedium

2182 1899 2339 1955 Ἀλλ’
2372 1899 2448 1955 ἔτι
2486 1902 2591 1973 μὴν
2627 1901 2669 1955 εἷ
2701 1902 2902 1977 γένεσις
2943 1901 3228 1979 ὑφέστηκε.
3264 1903 3339 1974 μὴ
3392 1900 3585 1958 σπεῦδε
3630 1903 3835 1958 πείθειν

2180 1987 2277 2060 έμὶ
2327 1989 2402 2059 μή
2454 1983 2627 2042 σέϐειν
2673 1989 2763 2042 τὸν
2807 1992 2913 2043 τῶν
2966 1986 3175 2065 ἄστρων
3218 1991 3265 2026 ⁸³
3298 1989 3592 2062 Δεσπότην,
3625 1991 3687 2045 οὗ
3734 1991 3834 2046 θέ-

2180 2074 2375 2137 λοντος
2435 2076 2523 2130 καὶ
2579 2077 2653 2149 μὴ
2710 2077 2957 2151 γενέσθαι
3004 2080 3067 2147 ⁸³,
3119 2079 3363 2152 γενέσθαι
3413 2076 3696 2135 ἀδύνατον·
3746 2080 3835 2135 ἀεὶ

2177 2165 2281 2239 γὰρ
2319 2167 2366 2201 ⁸⁸
2426 2164 2484 2219 ἂν
2544 2165 2605 2220 τὸ
2664 2164 3018 2238 ὑποκείμενον
3080 2170 3161 2238 τῷ
3216 2166 3505 2242 ἡγουμένῳ
3556 2167 3833 2223 πείθεσθαι

2176 2253 2410 2328 ἀνάγκην
2458 2252 2600 2329 ἔχοι.
2650 2255 2720 2308 Τὸ
2786 2255 2968 2326 μέντοι
3037 2253 3163 2316 τοὺς
3221 2254 3615 2329 νομιζομένους
3674 2256 3835 2319 θεοὺς
3888 2256 3901 2263 ’

2178 2337 2369 2413 σέϐειν,
2402 2343 2658 2417 γενέσεως
2709 2341 3128 2419 ἐπικρατούσης,
3178 2344 3430 2415 περιττόν
3478 2343 3642 2402 ἐστιν.
3693 2342 3837 2401 Οὔτε

2176 2431 2279 2505 γὰρ
2328 2430 2473 2507 παρὰ
2516 2432 2580 2485 τὸ
2630 2429 2821 2486 δοκοῦν
2886 2434 2955 2505 τῇ
3022 2430 3354 2507 πεπρωμένῃ
3398 2435 3444 2469 ⁸⁵
3491 2454 3544 2488 τι
3596 2433 3830 2509 γίνεται,

2176 2516 2299 2573 οὔτε
2328 2518 2479 2574 αὐτοί
2508 2541 2561 2574 τι
2590 2524 2763 2574 ποιεῖν
2795 2517 3063 2590 δύνανται,
3091 2524 3161 2594 τῇ
3190 2518 3429 2575 καθόλου
3476 2519 3651 2576 αὐτῶν
3690 2522 3829 2576 ὑπο-

2174 2606 2411 2680 κείμενοι
2443 2608 2645 2685 γενέσει
2674 2611 2739 2666 ⁸⁸.

2242 2716 2425 2772 CXIV.
2456 2719 2686 2770 Τοιαῦτα
2751 2716 2887 2789 πρὸς
2954 2712 3236 2785 ἀλλήλους
3296 2712 3564 2792 λεγόντων
3631 2718 3822 2790 ⁴ἡμῶν,

2172 2802 2346 2865 πολὺς
2403 2803 2717 2873 ἐπεισῆλθεν
2775 2806 2818 2841 ⁸⁷
2877 2799 3071 2879 ὄχλος·
3132 2804 3219 2859 καὶ
3270 2805 3475 2879 Πέτρος
3526 2804 3603 2866 εἷς
3652 2804 3819 2860 αὐτὸν

2172 2887 2469 2966 ἐπιϐλέψας
2518 2891 2639 2970 ἔφη·
2673 2892 2817 2967 Ἐγὼ
2847 2894 2890 2929 ⁸⁸
2932 2892 3020 2947 καὶ
3068 2892 3129 2948 τὸ
3178 2891 3308 2965 έμὸν
3354 2893 3545 2965 φῦλον,
3578 2892 3637 2947 έκ
3681 2912 3820 2967 προ-

2169 2976 2345 3056 γόνων
2394 2982 2519 3036 Θεὸν
2572 2976 2742 3035 σέϐειν
2792 2980 3184 3059 παρειληφότες
3215 2984 3279 3053 ⁸³,
3310 2981 3398 3035 καὶ
3447 2981 3814 3057 παράγγελμα

2170 3070 2384 3145 ἔχοντες
2418 3073 2462 3106 ⁹⁰
2499 3071 2701 3145 γενέσει
2736 3071 2811 3142 μή
2843 3070 3223 3145 προσανέχειν,
3255 3070 3399 3147 φημὶ
3430 3073 3470 3107 ⁹¹
3505 3067 3571 3138 δή
3601 3075 3681 3141 τῷ
3710 3072 3812 3138 τῆς

2171 3157 2527 3235 ἀστρολογίας
2562 3161 2863 3232 μαθήματι.
2900 3159 2995 3213 Διὰ
3022 3164 3183 3213 τοῦτο
3232 3161 3321 3213 καὶ
3372 3158 3433 3213 οὐ
3480 3160 3815 3234 προσέσχον.

2170 3249 2328 3311 ’ὉΘεν
2380 3244 2733 3323 ἀστρολογίας
2784 3248 2878 3319 μέν
2935 3246 3031 3302 οὐκ
3105 3246 3219 3319 εἰμὶ
3290 3246 3570 3321 ἔμπειρος·
3632 3248 3704 3300 ὧν
3758 3244 3820 3302 δέ

2173 3336 2307 3409 εἶμι,
2341 3337 2692 3412 ὑφηγήσομαι
2734 3338 2797 3391 ⁹².
2833 3335 2988 3408 Φημὶ
3035 3337 3135 3412 γὰρ
3184 3335 3265 3390 δτι
3317 3337 3453 3390 κατὰ
3499 3340 3632 3391 Θεοῦ
3686 3335 3824 3412 πρό-

2170 3446 2320 3479 νοιαν
2353 3422 2726 3479 διοικεῖταιτὰ
2755 3422 2949 3495 πάντα,
2980 3423 3069 3478 καὶ
3116 3420 3338 3486 ἕκαστος
3388 3426 3526 3500 πρὸς
3568 3423 3601 3478 ἃ
3647 3422 3825 3500 πράτ-

2169 3535 2271 3583 τει,
2301 3520 2468 3585 τιμῆς
2499 3513 2534 3581 ἢ
2585 3511 2861 3575 κολάσεως
2905 3511 3164 3585 τεύξεται.
3196 3510 3321 3568 Εἴτε
3370 3510 3427 3568 δὶ
3470 3518 3584 3583 νῦν,
3616 3512 3723 3568 εἴτε
3769 3515 3819 3551 ⁸³

2171 3603 2259 3657 καὶ
2292 3600 2462 3674 αὖθις,
2496 3599 2647 3657 οὐδέν
2684 3623 2775 3674 μοι
2809 3599 3068 3679 διαφέρει*
3102 3600 3248 3671 πλὴν
3287 3601 3369 3656 ὅτι
3418 3604 3635 3665 πάντως
3683 3602 3821 3657 ἀπο-

2173 3689 2357 3746 λαύσει
2400 3689 2622 3753 ἕκαστος
2664 3692 2737 3745 ὧν
2788 3688 3031 3767 ἔπραξεν.
3063 3692 3127 3747 Ἡ
3178 3687 3235 3746 δέ
3281 3688 3556 3761 ἀπόδειξις
3601 3695 3701 3746 τοῦ
3736 3692 3815 3764 μὴ

2172 3780 2304 3835 εἶναι
2363 3778 2587 3855 γένεσιν,
2648 3778 2788 3833 ἐστὶν
2850 3778 3007 3848 αὕτη·
3067 3782 3181 3832 Τῶν
3244 3779 3603 3854 παρεστώτων
3680 3775 3817 3842 εἷ’τις

2174 3866 2472 3945 ὀφθαλμῶν
2506 3869 2550 3904 ⁸⁸
2592 3866 2892 3938 ἐστέρηται,
2924 3868 2960 3935 ἢ
3005 3866 3409 3939 πεπηρωμένην
3460 3864 3573 3943 ἔχει
3625 3869 3669 3904 ⁸⁸
3712 3867 3815 3935 τήν

2171 3962 2333 4032 χεῖρα
2362 3960 2427 4025 π,
2453 3958 2488 4025 ἢ
2521 3955 2710 4031 χωλὸν
2742 3958 2784 3992 ⁰⁷
2816 3956 2917 4029 ἄρα
2943 3954 3035 4010 τὸν
3085 3955 3244 4025 πόδα,
3278 3956 3313 4025 ἢ
3361 3952 3543 4030 ἕτερόν
3588 3977 3640 4011 τι
3689 3954 3816 4031 περὶ

2168 4047 2231 4100 τὸ
2282 4050 2441 4117 σῶμα
2466 4047 2509 4081 9⁸
2550 4043 2754 4119 ἰατροῖς
2803 4043 2866 4098 οὖ
2911 4050 3299 4117 Θεραπευθῆναι
3349 4041 3638 4115 δυνάμενον
3690 4040 3818 4099 οὐδὲ

2169 4132 2549 4210 ἀστρολόγοις,
2584 4131 2697 4187 ἐπεὶ
2733 4129 2874 4206 μηδέ
2904 4132 3009 4187 ἀπὸ
3058 4137 3154 4187 τοῦ
3210 4136 3418 4207 μακροῦ
3456 4132 3651 4194 αἰῶνος
3696 4153 3815 4186 τοι·

2172 4221 2325 4279 οὖτόν
2358 4243 2408 4276 τι
2457 4222 2697 4296 γέγονεν,
2732 4220 2839 4296 ἐγὼ
2886 4226 2980 4275 τοῦ
3020 4225 3152 4276 Θεοῦ
3193 4218 3402 4291 δεηθεῖς
3452 4221 3666 4295 παρέξω
3712 4221 3814 4289 τὴν

2170 4310 2451 4386 θεραπείαν
2480 4312 2542 4366 θ’.
2571 4308 2773 4363 Τούτου
2808 4306 2885 4377 δέ,
2919 4309 2992 4371 ὡς
3044 4308 3152 4383 ἐγώ
3206 4330 3365 4386 φημι,
3399 4309 3693 4384 γενομένου
3727 4310 3817 4373 ¹⁰⁰,

420 4408 730 4481 praestabo.
774 4408 853 4461 Ea
881 4421 1012 4460 vero
1053 4419 1136 4469 re,
1195 4402 1690 4475 quemadmodum
1718 4402 1831 4465 aio,
1891 4401 2061 4469 facta,

2182 4399 2282 4474 οὐχ
2311 4397 2700 4473 ἁμαρτάνουσιν
2735 4398 2787 4452 οἱ
2814 4398 2906 4453 τὸν
2938 4399 3111 4452 πάντα
3158 4397 3638 4473 δημιουργήσαντα
3686 4398 3817 4453 Θεὸν

421 4513 614 4555 nonne
646 4498 843 4552 errant
873 4492 974 4566 qui
997 4493 1054 4548 in
1081 4495 1423 4549 cunctorum
1447 4490 1714 4563 Opiﬁcem
1738 4494 1918 4545 Deum
1942 4506 2065 4545 ma-

2180 4486 2666 4564 βλασφημοῦντεςς
2716 4484 2813 4541 Καὶ
2862 4488 2891 4542 ὁ
2932 4487 3103 4563 γέρων
3174 4486 3517 4560 ἀπεκρίνατο*
3563 4484 3820 4564 Βλασφη-

1779 4657 2021 4715 VARI/E
2060 4656 2469 4714 LECTIONES.

496 4793 1009 4875 Ἶ⁴-8.1.“περιου.σίᾳ..
1054 4794 1098 4875 ⁷ξ
1140 4792 1214 4848 al.
1241 4786 1703 4875 ὀύκμιτγδυνήθηνς
1746 4790 1797 4875 1⁸
1848 4790 1949 4875 a1;
1974 4787 2397 4875 genv'n'riva.'77
2427 4791 2589 4875 deest
2617 4788 2784 4875 ἣλοις
2816 4791 2858 4826 ’³⁸
2890 4790 2964 4875 al‘.
3013 4787 3528 4875 n~lnpooopn0ﬁvai
3554 4785 3814 4875 σε.θέλω.

424 4871 470 4905 ’⁷⁸
515 4870 589 4925 al.
651 4858 800 4942 ἔχον.
860 4868 904 4942 f0
961 4858 1034 4942 al.
1080 4858 1431 4942 έναντία.-⁸⁰ξ⁷
1459 4858 1860 4942 ιικνγενέσθαι.
1910 4862 1951 4896 ⁸⁸
1981 4858 2055 4942 all.

422 4960 497 4994 τι.
557 4941 602 4975 ⁸⁴
650 4932 813 4994 (Ϊὲεει
859 4938 917 4991 in
969 4936 1043 4993 al.
1092 4936 1136 4971 ⁸⁸
1178 4936 1341 4989 deest
1388 4933 1448 4987 in
1507 4932 1686 4987 alf"
1735 4936 1871 4987 Post

423 5011 488 5067 El
520 5009 723 5083 γένεσίς
756 5005 1238 5083 έστιν,ῃάντίκειται
1264 5004 1326 5083 τὸ
1351 5004 1426 5075 μὴ
1458 5007 1673 5075 πρῶτον
1705 5001 1893 5083 ἄρχειν
1993 5000 2396 5083 ὑπόκεισθαιήοὐ
2428 5000 2643 5083 δύναται
2682 5001 2763 5083 τό.
2799 5000 3090 5083 ἀγέννητον
3142 5002 3217 5063 ὡς

422 5073 781 5169 πρεσϐύτερον
820 5073 985 5151 μηδὲν
1019 5076 1165 5151 ἔχον.
1222 5073 1385 5131 Liber
1430 5073 1562 5129 vero
1610 5073 1830 5140 cxaviii,
1880 5074 1974 5130 hic
2021 5075 2404 5145 interpolatus
2453 5075 2579 5143 fuit,
2631 5075 2699 5129 ad
2751 5073 2907 5129 hunc
2953 5076 3194 5129 modum
3229 5073 3329 5128 :El
3358 5094 3409 5146 γ.
3442 5093 3486 5128 ε.
3519 5092 3568 5127 α.
3614 5074 3703 5126 καὶ
3732 5077 3812 5197 τι.ῖέ

422 5153 627 5205 πρώτω
656 5172 719 5205 το
750 5151 953 5205 ἄογειν.
989 5148 1135 5202 Ἐπεὶ
1168 5146 1478 5200 ὑποκεῖσθαι
1511 5144 1655 5205 αὐτῷ
1687 5144 1747 5198 ού
1780 5140 1997 5198 δύναται
2020 5144 2083 5199 τὸ
2114 5144 2400 5205 ἀγέννητον
2445 5145 2520 5205 ὡς
2567 5142 2881 5205 ἀγέννητον.
2920 5150 3052 5205 etc..
3094 5144 3315 5200 scilicet
3361 5146 3421 5199 in
3450 5145 3692 5200 vocibus
3721 5164 3791 5198 κα

1004 5156 1135 5202 Επεὶ
1168 5156 1478 5200 ὑποκεῖσθαι
1511 5156 1655 5216 αὑτῳ
1687 5156 1747 5198 οὐ
1780 5156 1997 5198 δύναται
2020 5156 2083 5199 τὸ
2114 5156 2400 5217 ἀγέννητον
2445 5156 2520 5205 ως
2567 5156 2881 5217 ἀγέννητον,
2920 5156 3052 5215 etc.,
3094 5156 3315 5200 sclllcet
3361 5162 3421 5199 in
3450 5156 3692 5200 vocmus
3721 5156 3812 5198 καὶ

1016 5219 1129 5273 έπεί
1189 5226 1244 5274 et
1291 5216 1436 5289 αὐτῶ
1493 5215 1575 5270 οὐ.
1620 5222 1748 5289 QOT.
1780 5216 1823 5289 f7
1872 5217 1947 5271 al.
1980 5213 2334 5289 ἐπισυνῆλθεν
2368 5216 2457 5271 Al.
2484 5214 2849 5289 raptum?
2887 5214 2960 5289 a_l.
3011 5212 3303 5289 ⁸τότε-έγῲ
3359 5214 3435 5276 εἷς
3486 5213 3593 5289 τρν-
3639 5210 3814 5289 ὄχλον

421 5282 1197 5369 ἀποϐλέπωνηὲφηνχΈγὼ,
1250 5290 1294 5324 ⁸9
1349 5282 1424 5369 ἃ).
1483 5284 1859 5369 παρείληφώς.
1906 5289 1962 5369 ξίξ
2019 5288 2092 5343 al.
2149 5282 2393 5369 ¥Xov:‘°‘
2444 5282 2745 5369 δίκηλὶέγω.
2787 5287 2833 5369 "9
2882 5282 3193 5369 διέπειιῇ

421 5306 777 5359 άποῧλέπων,
830 5306 982 5369 εφην’
1039 5306 1197 5363 ἠγω.
1250 5306 1294 5324 "
1349 5306 1424 5344 al.
1483 5306 1859 5361 παρειΛηφως.
1920 5306 1962 5323 ’ν
2019 5306 2092 5343 al.
2149 5307 2173 5341 ε
2222 5307 2232 5337 ι

420 5372 529 5438 τῆς.
568 5364 703 5417 κατὰ
748 5361 951 5438 γένεσι-ν
1006 5360 1313 5438 ἐπιστήμης
1358 5358 1733 5438 ’ἀνασκεμάςειν
1766 5354 1876 5438 κού,
1903 5306 2232 5438 δύχαμαι,χβ

421 5153 627 5226 πρώτῳ
649 5153 719 5226 Δτὸ
750 5153 953 5226 ἄρχειν.

538 5216 751 5311 Σερρώτῳ
786 5216 857 5309 ’τὲ
904 5229 959 5277 et
1016 5219 1159 5311 Eiei‘
1189 5216 1436 5311 etnai’n‘ip

424 5425 833 5543 ἓξράγμααεα.’⁰³
882 5435 956 5489 al.
1007 5425 1280 5521 deest'in‘
1323 5431 1395 5486 al.
1441 5425 2002 5554 9"81.6(?,0¢1)\g16v."
2039 5425 2123 5513 ⁷91.

432 5577 444 5580 _
500 5505 1012 5580 al._3_u1roo_tporpv)v
1058 5522 1194 5580 προς
1248 5521 1382 5580 ιασιν
1433 5497 1619 5580 παλινη
1644 5520 1743 5553 ουκ
1774 5572 1786 5580 ·
1817 5517 1928 5580 χει,
1954 5519 2066 5580 ’και
2107 5520 2123 5580 ιι

2115 4859 2370 4915 ἀδύνατόν

1918 4928 2141 5003 γενέσει,

2432 4860 2591 4945 ἐστιν.
2653 4862 2699 4945 ξ²
2733 4860 2952 4945 algenti
3002 4860 3424 4945 τῶγ’ἀστέρων.
3483 4862 3528 4895 ⁸³
3587 4861 3661 4916 al.
3718 4862 3812 4945 a_d.

2193 4933 2441 5001 ιιάᾶὶὶιιιε
2464 4933 2524 4987 in
2578 4934 2705 4987 cod.
2755 4933 2880 5001 804,
2931 4949 2998 4988 ex
3046 4933 3511 4988 Clementinorum
3564 4948 3682 4997 xxv,
3731 4933 3811 4987 4:

3336 5022 3571 5071 εννητον,
3620 5001 3811 5055 ἑαυτοῦ

3248 5284 3452 5359 γένεσιν
3505 5285 3595 5339 ἀπ’
3644 5284 3813 5359 αύτῆς

2238 5356 2475 5429 ούλομαι
2522 5354 2680 5428 ἄλλῷ
2725 5354 2913 5429 τρόπῳ
2967 5354 3273 5429 ἀποδεῖξαι,
3314 5355 3398 5411 ὅτι
3443 5376 3496 5429 κ.
3543 5376 3603 5411 π.
3654 5354 3704 5413 δ.
3748 5356 3815 5411 τὰ

2172 5425 2388 5513 κυλλὴν
2424 5428 2521 5496 τὴν
2567 5425 2729 5513 χεῖρα
2761 5425 2913 5513 ἕχειζ
2952 5430 2996 5465 ⁵⁸
3045 5429 3117 5484 al.
3152 5426 3313 5513 "EX-(2t.
3356 5430 3405 5513 ξπ
3454 5428 3617 5512 deest
3644 5430 3701 5484 in
3730 5429 3811 5513 ἐξ(

1861 5519 1928 5573 ει,
1954 5500 2066 5573 Δκοιὶ
2107 5500 2305 5560 παντὸς
2338 5496 3101 5573 ,ίαματικίόῦέπαγγέλματος
3150 5496 3300 5573 ἕ-κτός
3353 5497 3634 5573 έστινᾼχὸν
3688 5496 3813 5573 οὐδέ

422 5574 748 5651 ἀστρολόγοι
800 5567 1041 5629 ἰάσασθαι
1089 5567 1191 5628 έπα
1266 5569 1538 5627 έΛλονται·
1588 5569 1670 5625 ὅτι
1723 5567 2070 5643 μὴ’δὶ’ἁπό.
2121 5573 2166 5609 '9
2212 5573 2288 5632 al.
2335 5567 2495 5629 ἴασιν.
2547 5572 2614 5647 ¹⁰9
2655 5571 2731 5629 al.
2764 5567 2946 5627 ὁπότε
2974 5568 3035 5626 ἐκ
3064 5570 3324 5647 γενέσεως
3370 5568 3702 5646 κατόρθωσιν
3749 5570 3813 5631 τὸ

422 5651 666 5710 τοιοῦτον
690 5642 949 5703 οὐδέποτε
977 5638 1162 5702 λαϐεῖν
1193 5592 1463 5717 ήδυνήθη.
1492 5640 1693 5699 Τούτου
1723 5642 1865 5702 οὕτω
1893 5642 2203 5717 γενομένου.

419 5638 949 5710 τοιόῦτονόύδέποτε
977 5638 1162 5702 λαϐεῖν

1270 5644 1463 5717 υνήθη.
1492 5640 1693 5699 Τούτου
1723 5640 1865 5702 οὕτω
1893 5642 2203 5725 γενομένου.
