4090 6340
213 359 330 420 553

969 361 1501 423 CLEMENTINA.
1532 396 1608 406 —
1637 360 1988 422 EPITOME
2037 364 2134 421 DE
2177 363 2448 428 GESTIS
2495 368 2560 427 S.
2609 366 2869 427 PETRI.

3497 368 3615 428 554

218 494 335 562 μεῖν
362 488 463 565 γὰρ
494 488 692 562 ἐστι,τὸ
723 486 901 565 λέγειν
942 492 1144 565 γενέσει
1189 492 1500 547 ὑποκεῖσθαι
1546 492 1615 546 τὰ
1662 491 1852 555 πάντα,

1981 491 2182 549 [edicta
2204 499 2261 549 et
2281 495 2675 569 blasphemias
2694 497 3013 571 conjiciunt
3034 499 3055 550 Ρ
3074 496 3390 567 Respondit
3409 514 3612 553 senex:

214 578 362 655 κάγὼ
396 582 413 615 ¹
454 579 589 655 πρὸς
641 573 819 634 αὐτόν·
882 578 980 634 Καὶ
1036 581 1197 637 πάνυ.
1255 578 1326 635 Ei’
1364 580 1465 657 γὰρ
1496 584 1518 617 ²
1560 579 1649 635 καὶ
1697 585 1860 634 πᾶσαι

216 668 271 723 αἱ
307 671 417 722 τῶν
468 668 764 743 ἀνθρώπων
813 666 1072 744 ἁμαρτίαι
1118 667 1207 724 καὶ
1260 664 1495 724 ἀσέϐειαι
1545 667 1634 723 καὶ
1682 665 1810 722 ἀσέλ
1838 698 1861 709 -

216 776 359 831 γειαι
411 754 463 826 ἐξ
508 755 771 831 ἀστέρων,
820 756 897 819 ὡς
935 756 999 812 σὺ
1047 758 1180 836 φὴς,
1231 757 1493 835 γίνονταιο
1529 757 1593 812 τὸ
1643 754 1701 811 δὲ
1734 754 1861 818 τοὺς

218 845 442 920 ἀστέρας
468 850 636 900 ταῦτα
665 847 687 881 ³
716 850 889 901 ποιεῖν
946 846 1049 901 ὑπὸ
1079 850 1212 902 Θεοῦ
1258 846 1507 902 τέτακται
1540 848 1582 917 δ,
1609 842 1701 900 ’ίνα
1728 845 1862 899 πάν-

218 954 324 989 των
374 932 635 1010 χαλεπῶν
699 932 1114 992 ἀποτελεστικοὶ
1172 937 1480 1012 γένωνται,
1535 936 1591 991 αἱ
1648 935 1860 989 πάντων

218 1023 475 1099 ἁμαρτίαι
506 1026 529 1060 ⁵
556 1025 774 1087 πάντως
812 1022 915 1101 ἄρα
943 1024 1033 1080 καὶ
1069 1023 1145 1088 εἰς
1176 1024 1335 1081 αὐτὸν
1368 1024 1721 1105 ἀναφέρονται
1770 1022 1860 1079 τὸν

212 1111 311 1181 τήν
342 1111 547 1189 γένεσιν
576 1110 784 1170 ἐνθέντα
813 1115 835 1152 ⁸
860 1119 979 1178 τοῖς
1004 1112 1243 1192 ἄστροις.

288 1290 445 1348 CXV.
479 1290 577 1345 Καὶ
622 1290 650 1346 ὁ
695 1288 867 1367 γέρων
900 1292 939 1349 ⁸.
989 1289 1239 1363 Ἀληθῶς
1268 1294 1289 1331 θ
1318 1288 1472 1370 ἔφηςο
1524 1290 1672 1349 ἀλλά
1721 1291 1865 1366 πάσῃ

218 1399 313 1435 σου
342 1382 415 1453 τῇ
453 1374 829 1455 ἀπαραϐλήτῳ
859 1377 1125 1451 ἀποδείξει
1175 1383 1209 1452 ἡ
1261 1380 1369 1455 ἐμὴ
1417 1378 1697 1455 ἐμποδίζει
1747 1402 1867 1436 συν-

216 1466 449 1539 είδησις.
484 1469 625 1543 Ἐγὼ
654 1468 755 1545 γὰρ
805 1466 1141 1546 ἀστρολόγος
1189 1466 1284 1542 ὢν,
1314 1468 1404 1525 καῖ
1451 1471 1670 1544 Ῥώμην
1721 1474 1869 1548 πρῶ-

214 1579 305 1613 τον
337 1558 566 1629 οἰκήσας
610 1560 672 1629 ¹⁰,
706 1556 818 1614 εἶτα
864 1557 1143 1635 φιλιωθείς
1190 1580 1293 1614 τινι
1334 1560 1471 1636 πρὸς
1518 1559 1703 1637 γένους
1751 1557 1867 1615 ὄντι

216 1646 505 1722 Καίσαρος,
554 1646 717 1701 αὐτοῦ
759 1668 818 1703 τε
863 1648 951 1703 καὶ
1007 1655 1109 1718 τῆς
1158 1643 1391 1721 συμϐίου
1438 1650 1537 1718 τὴν
1587 1649 1791 1725 γένεσιν
1824 1652 1865 1686 ¹¹

220 1731 462 1812 ἀκριϐῶς
518 1735 833 1809 ἠπιστάμην
867 1781 880 1807 ,
930 1737 1018 1791 καὶ
1069 1738 1359 1813 ἱστορήσας
1413 1736 1729 1800 ἀκολούθως
1774 1738 1867 1799 τὰς

216 1823 437 1900 πράξεις
477 1822 919 1887 ἀποτελεσθείσας
967 1828 1008 1863 ¹²
1048 1825 1223 1881 αὐτῶν
1272 1830 1341 1900 τῇ
1392 1826 1628 1901 γενέσει,
1679 1825 1865 1902 λόγοις

223 1912 413 1985 μόνοις
464 1916 509 1951 1³
547 1912 647 1967 οὐκ
689 1909 803 1988 ἔχω
853 1934 935 1968 σοι
966 1913 1258 1978 πείθεσθαι.
1292 1917 1390 1971 ’Ἦν
1441 1914 1545 1992 γὰρ
1587 1922 1688 1985 τῆς
1720 1915 1864 1989 γενέ-

217 2022 354 2063 σεως
407 2000 588 2064 αὐτοῖς
639 2004 683 2038 ¹⁴
724 2002 787 2056 τὸ
828 1998 1074 2077 διάθεμα,
1124 2008 1314 2059 ποιοῦν
1370 2002 1659 2079 μοιχάδας,
1713 2001 1863 2058 ἰδίων

219 2086 436 2144 δούλων
480 2088 706 2163 ἐρώσας,
750 2090 842 2145 καὶ
890 2090 977 2146 ἐπὶ
1025 2092 1178 2163 ξένης
1225 2092 1275 2147 ἐν
1308 2089 1460 2147 ὕδατι
1508 2090 1863 2163 θνησκούσαςο

217 2178 246 2233 ὃ
275 2178 369 2232 καὶ
430 2180 474 2216 ¹⁸
530 2176 673 2233 οὕτω
728 2180 941 2255 γέγονεν
976 2222 992 2237 .
1052 2182 1362 2257 Ἐρασθεῖσα
1417 2181 1520 2256 γὰρ
1574 2185 1672 2236 τοῦ
1725 2178 1865 2235 ἰδίου

218 2265 445 2339 δούλου,
476 2266 566 2321 καὶ
595 2266 687 2322 τὸν
736 2267 903 2345 ψόγον
952 2268 1129 2347 φέρειν
1177 2271 1240 2325 οὑ
1284 2267 1578 2344 δυναμένη,
1623 2274 1867 2348 φυγοῦσα

216 2356 269 2411 ἐν
305 2358 351 2394 ¹⁶
397 2353 712 2431 ἀλλοδαπῇ,
743 2355 832 2412 καὶ
881 2358 1070 2430 κοίτης
1125 2360 1271 2433 αὐτῷ
1312 2363 1699 2431 κοινωνῆσασα,
1730 2360 1865 2415 κατὰ

218 2444 489 2500 θάλασσαν
524 2443 787 2523 διεφθάρη
822 2448 887 2505 1⁷.

290 2536 473 2591 CXVI.
509 2536 671 2611 Κάγὼ
720 2536 1090 2612 ἀπεκρινάμην
1140 2540 1205 2577 ³⁸·
1234 2538 1332 2593 Καὶ
1380 2543 1497 2602 πῶς
1548 2542 1592 2579 ¹⁹
1640 2537 1742 2613 ἄρα
1771 2559 1865 2614 γι-

211 2624 442 2685 νώσκεις
488 2623 569 2679 ὅτι
601 2626 636 2693 ἡ
670 2630 931 2703 φυγοῦσα,
965 2624 1049 2680 ἐπ’
1092 2624 1413 2698 ἀλλοδαπῆς
1463 2628 1720 2705 γενομένη
1769 2628 1860 2683 τὸν

217 2710 416 2767 δοῦλον
450 2712 638 2789 ἔγημε,
670 2713 761 2768 καὶ
807 2716 1031 2791 γήμασα
1077 2714 1391 2788 ἐτελεύτησε
1423 2736 1436 2787 ;
1470 2719 1568 2772 Καὶ
1609 2719 1637 2773 ὁ
1665 2717 1859 2793 γέρων·

214 2800 507 2879 Ἃσφαλῶς
559 2799 680 2857 οἶδα
717 2802 957 2875 τάληθῆ,
993 2803 1101 2880 οὐχ
1151 2804 1232 2860 ὅτι
1283 2802 1505 2881 ἔγημεν,
1548 2806 1711 2861 ὁπότε
1741 2803 1866 2860 οὐδὲ

216 2890 302 2946 δτι
334 2890 444 2967 ἤρα
487 2890 800 2966 ἐγίνωσκονο
853 2891 999 2949 ἀλλά
1050 2893 1182 2967 μετά
1225 2896 1324 2965 τὴν
1378 2895 1584 2966 ἐκείνης
1615 2898 1660 2932 ²⁰
1690 2893 1865 2950 ἀπαλ-

220 2979 401 3055 λαγῆν
447 2982 475 3035 ὁ
529 2979 762 3059 ἀδελφὸς
800 2986 898 3037 τοῦ
952 2980 1142 3060 ἀνδρὸς
1191 2984 1379 3058 αὐτῆς,
1439 2986 1603 3040 πάντα
1660 3007 1753 3059 μοι
1800 2986 1868 3039 τὰ

216 3069 358 3124 κατά
384 3067 474 3123 τὸν
504 3069 671 3138 αὐτῆς
721 3065 897 3145 ἔρωτα
939 3068 1263 3147 διηγήσατο,
1296 3074 1385 3129 καὶ
1432 3074 1509 3136 ὡς
1539 3074 1732 3147 σεμνὸς
1767 3081 1863 3144 ων,

221 3160 316 3212 ἅτε
345 3155 414 3227 δή
445 3156 534 3212 κάἰ
566 3155 821 3237 ἀδελφὸς,
854 3160 953 3215 οὐκ
982 3156 1257 3233 ἐϐουλήθη
1295 3168 1476 3237 μιᾶναι
1506 3164 1605 3232 τήν
1651 3163 1863 3234 κοίτην.

1970 580 2215 649 Scilicet,
2250 583 2307 637 id
2341 590 2429 639 est
2460 585 2769 640 maledicta
2800 585 3078 657 conferre,
3112 586 3303 641 dicere
3334 587 3616 658 geniturae

1972 669 2184 740 subjici
2214 671 2523 729 universa?
2552 674 2701 728 Tum
2751 690 2857 746 ego
2904 675 2974 729 ad
3005 690 3170 730 eum:
3215 675 3465 731 Omnino
3505 680 3615 731 est.

1971 757 2117 813 Nam
2140 758 2188 814 si
2220 776 2423 817 omnes
2461 761 2769 818 hominum
2802 779 3045 831 errores,
3078 767 3135 819 et
3179 762 3528 835 impietates,
3560 766 3618 819 et

1970 844 2371 918 impudicitiae,
2395 866 2463 906 ex
2484 850 2688 917 stellis,
2713 852 3271 922 quemadmodumtu
3296 853 3403 919 ais,
3422 853 3617 907 oriun-

1972 939 2097 1004 tur;
2130 940 2195 991 ut
2226 941 2421 994 autem
2453 956 2520 995 ea
2550 939 2764 995 faciant
2786 939 2986 1010 stellae,
3021 957 3055 996 a
3084 945 3195 996 Deo
3227 941 3613 998 constitutum

1973 1024 2102 1095 fuit,
2136 1041 2251 1097 quo
2291 1030 2631 1083 cunctorum
2683 1028 3037 1101 ﬂagitiorum
3086 1029 3399 1086 effectrices
3456 1029 3613 1101 sint;

1974 1114 2239 1171 omnium
2279 1121 2432 1172 certe
2462 1116 2671 1172 delicta
2702 1117 2773 1172 ad
2806 1134 2949 1173 eum
2990 1118 3227 1175 omnino
3262 1118 3614 1189 referuntur,

1974 1203 2077 1275 qui
2107 1203 2166 1257 in
2185 1204 2359 1261 astris
2395 1204 2654 1277 posuerit
2682 1205 2963 1278 genesim.

2044 1292 2203 1348 CXV.
2234 1294 2335 1349 7Et
2384 1310 2591 1351 senex:
2644 1296 2854 1351 Verum
2887 1294 3001 1363 ais;
3054 1297 3155 1351 sed
3186 1297 3345 1352 omni
3376 1300 3491 1353 tuae
3520 1297 3614 1352 in-

1975 1382 2356 1454 comparabili
2404 1384 2893 1440 demonstrationi
2934 1400 3061 1440 mea
3091 1385 3282 1441 obstat
3312 1386 3617 1442 conscien-

1974 1470 2075 1527 tia.
2108 1472 2227 1544 Ego
2258 1472 2436 1541 enim,
2482 1474 2583 1544 qui
2632 1472 2961 1545 astrologus
2996 1490 3149 1541 sum,
3183 1478 3238 1529 et
3276 1475 3467 1531 Romae
3497 1473 3616 1547 pri-

1978 1576 2139 1615 mum
2164 1560 2439 1630 habitavi,
2474 1566 2675 1634 postea
2702 1564 2928 1618 amicus
2960 1563 3149 1618 factus
3174 1564 3481 1634 cujusdam
3515 1563 3616 1635 qui

1976 1652 2100 1703 erat
2129 1666 2198 1704 ex
2227 1664 2438 1721 genere
2477 1649 2743 1717 Czesaris,
2776 1649 2883 1703 viri
2930 1648 3089 1704 illius
3140 1650 3451 1721 uxorisque
3489 1650 3617 1721 ejus

1976 1736 2308 1807 genituram
2330 1739 2507 1809 probe
2530 1738 2700 1795 callui
2729 1756 2741 1805 ;
2768 1755 3019 1811 cumque
3040 1738 3307 1810 viderim,
3333 1756 3422 1794 res
3446 1742 3621 1810 prout

1973 1825 2195 1881 ferebat
2225 1842 2425 1882 eorum
2459 1827 2712 1899 genesis,
2756 1828 3036 1896 evenisse,
3089 1827 3229 1883 solis
3281 1826 3470 1883 verbis
3502 1845 3535 1883 a
3564 1830 3621 1883 te

1977 1930 2201 1985 nequeo
2236 1915 2590 1986 persuaderi.
2623 1916 2759 1970 Erat
2789 1915 2944 1971 enim
2976 1920 3138 1971 ortus
3169 1915 3431 1971 mulieris
3463 1915 3619 1987 posi-

1974 2008 2128 2073 tura,
2186 2020 2313 2074 quas
2373 2002 2625 2059 efﬁceret
2674 2003 3002 2076 adulteras,
3064 2022 3261 2060 amore
3315 2019 3619 2060 servorum

1976 2108 2218 2147 suorum
2242 2097 2463 2164 captas,
2496 2097 2551 2147 et
2573 2109 2811 2165 peregre
2831 2093 2891 2148 in
2917 2110 3072 2165 aqua
3100 2098 3435 2165 pereuntes:
3461 2092 3619 2165 quod

1975 2184 2031 2236 et
2060 2181 2141 2236 ita
2170 2181 2431 2253 contigit.
2469 2181 2614 2239 Nam
2660 2198 2787 2253 quae
2836 2199 3067 2239 servum
3099 2201 3274 2239 suum
3306 2184 3618 2255 deperiret,

1974 2285 2079 2325 nec
2108 2270 2256 2325 ferre
2288 2274 2484 2341 posset
2513 2271 2911 2343 opprobrium,
2956 2271 3146 2327 solum
3196 2272 3331 2344 fuga
3361 2275 3613 2339 vertens,

1972 2361 2183 2414 etcum
2214 2376 2280 2415 eo
2312 2360 2729 2428 concumbens,
2761 2361 2820 2416 in
2855 2361 2999 2417 mari
3033 2362 3223 2434 periit.

2043 2536 2229 2593 CXVI.
2282 2539 2400 2610 Ego
2457 2537 2765 2611 respondi:
2816 2540 2886 2594 Et
2943 2555 3196 2610 quonam
3257 2539 3429 2594 modo
3480 2538 3619 2609 scis,

1966 2624 2131 2699 illam
2166 2627 2502 2700 fugientem,
2549 2633 2605 2683 et
2649 2628 2707 2683 in
2741 2627 2929 2685 alieno
2977 2627 3099 2683 solo
3161 2628 3412 2700 positam
3463 2643 3626 2683 servo

1974 2716 2270 2789 nupsisse,
2304 2734 2368 2773 ac
2400 2717 2693 2773 interiisse
2724 2720 2860 2790 post
2888 2717 3126 2789 nuptias
3155 2720 3177 2771 Ρ
3206 2721 3399 2790 Atque
3430 2733 3625 2773 senex:

1973 2807 2142 2863 Certo
2175 2807 2329 2873 novi,
2364 2823 2561 2863 revera
2610 2823 2726 2862 non
2776 2807 2931 2879 quod
2992 2806 3280 2878 nupserit,
3342 2822 3475 2861 cum
3526 2822 3630 2860 nec

1975 2912 2174 2951 amore
2207 2900 2437 2967 captam
2472 2912 2600 2952 esse
2630 2896 2875 2952 scirem:
2927 2912 3129 2951 verum
3180 2900 3493 2968 postquam
3531 2894 3632 2950 illa

1975 2984 2265 3053 discessit,
2303 2985 2477 3041 frater
2506 2984 2615 3039 viri
2647 2985 2775 3056 ejus
2824 3001 3058 3041 omnem
3091 2984 3239 3039 mihi
3286 2983 3445 3038 illius
3473 3000 3630 3039 amo-

1976 3089 2099 3128 rem
2132 3072 2456 3140 enarravit;
2489 3074 2641 3144 quod
2675 3073 2820 3146 ipse,
2856 3074 2955 3145 qui
2989 3078 3229 3128 sanctus
3262 3077 3317 3128 et
3342 3073 3625 3128 honestus

1982 3165 2125 3230 erat,
2161 3166 2363 3234 utpote
2392 3162 2563 3218 etiam
2597 3163 2792 3232 frater,
2818 3161 3066 3217 noluerit
3090 3167 3285 3217 torum
3308 3161 3621 3230 maculare;

220 3245 324 3302 Καὶ
356 3252 475 3309 πῶς
512 3229 847 3322 βουλομένη,
877 3249 968 3304 καὶ
1016 3229 1310 3324 αἰδουμένη
1342 3255 1385 3291 ²¹
1418 3229 1582 3307 πάλιν
1626 3229 1867 3309 αὐτόν-τε

1982 3254 2039 3306 et
2070 3229 2184 3323 quo
2217 3229 2388 3306 modo
2418 3249 2637 3317 volens,
2671 3267 2735 3305 ac
2768 3267 2972 3306 rursus
3011 3250 3206 3322 ipsum
3247 3254 3421 3321 atque
3451 3248 3622 3304 dede-

218 3336 314 3392 καὶ
361 3337 452 3391 τὸν
483 3336 650 3414 ψόγον
689 3340 725 3409 ἡ
775 3337 1020 3394 τάλαιναν
1055 3339 1155 3395 οὐκ
1182 3339 1291 3396 ἔστι
1321 3341 1422 3418 γὰρ
1453 3342 1617 3412 αὐτὴν
1650 3341 1868 3416 μέμψα-

221 3426 396 3496 σθαι,
455 3423 540 3481 ὅτι
596 3426 656 3481 ἐκ
706 3428 965 3503 γενέσεως
1023 3434 1190 3485 ταῦτα
1244 3431 1334 3486 καὶ
1392 3433 1618 3508 πάσχειν
1678 3434 1724 3468 ²²
1780 3429 1870 3486 καὶ

219 3520 400 3571 ποιεῖν
449 3514 786 3590 ἠναγκάζετο
815 3535 829 3551 ·
879 3512 1084 3594 ὄνειρον
1142 3517 1245 3575 εἴτε
1292 3518 1512 3591 ἀληθῆ,
1564 3520 1669 3575 sifts
1698 3518 1868 3595 ψευδῆ

222 3605 502 3661 ἐπλάσατο
533 3604 633 3659 οὐκ
661 3601 776 3679 ἔχω
803 3604 1000 3682 λέγειν.
1022 3606 1221 3683 Ἔλεγε
1242 3610 1344 3684 γὰρ
1378 3609 1543 3679 αὐτὴν
1578 3609 1870 3685 εἰρηκέναι,

222 3693 312 3750 δτι
344 3690 471 3769 ὄναρ
528 3692 664 3767 αὐτῇ
718 3714 803 3755 τις
858 3693 1078 3758 ἐπιστὰς
1128 3699 1172 3733 ³³
1230 3696 1502 3753 ἐκέλευσεν
1552 3702 1600 3735 ²⁴
1654 3697 1875 3769 ἐξαυτῆς

223 3785 344 3857 ἅμα
369 3787 579 3844 τέκνοις
605 3789 707 3851 τῆς
738 3784 783 3819 ²⁵
812 3782 1097 3857 Ῥωμαίων
1148 3783 1370 3856 ἐκϐῆναι
1408 3787 1626 3850 πόλεως
1660 3791 1725 3825 ²⁶σ
1759 3788 1787 3842 ὁ
1819 3784 1876 3842 δὲ

220 3872 367 3942 ἀνὴρ
400 3872 885 3943 σώζεσθαθταύτην
931 3875 975 3911 ⁵⁷
1007 3872 1099 3929 σὺν
1128 3879 1246 3938 τοῖς
1295 3876 1435 3939 υἱοῖς
1482 3875 1747 3949 σπεύδων,
1780 3875 1875 3931 αύ-

219 3960 355 4016 τίκα
408 3957 939 4034 παιδευθησομένους
988 3962 1183 4027 αὐτοὺς
1234 3965 1309 4027 εἰς
1358 3965 1451 4028 τὰς
1498 3967 1728 4037 Ἀθήνας
1767 3964 1875 4036 ἐξέ-

222 4052 418 4123 πεμψε
470 4047 565 4103 σὺν
625 4049 792 4124 μητρὶ
839 4052 929 4105 καὶ
980 4048 1218 4115 δούλοιςο
1272 4052 1454 4130 τρίτον
1489 4051 1545 4109 δὲ
1584 4054 1698 4109 υἱὸν
1732 4051 1876 4130 ἔχων

222 4140 361 4213 παρ’
391 4139 566 4211 ἑαυτῷ
586 4140 650 4210 ³⁸,
676 4140 751 4200 ὦς
801 4136 868 4208 δή
898 4144 994 4195 τοῦ
1042 4142 1484 4217 χρηματίσαντος
1526 4143 1578 4199 ἐν
1613 4142 1806 4219 ὀνείρῳ
1837 4146 1881 4180 ²⁹

222 4234 466 4285 συνεῖναι
525 4227 671 4301 αὗτῷ
724 4230 770 4265 ⁸ο
825 4227 1228 4306 ἐπιτρέψαντος.
1287 4231 1509 4288 Πολλοῦ
1562 4231 1879 4309 παρεληλυ-

224 4320 392 4380 θότος
422 4316 623 4394 ’χρόνου
650 4319 717 4387 ³1,
752 4317 828 4380 ὡς
858 4316 956 4374 οὒκ
1002 4315 1166 4375 ἔλαϐε
1211 4322 1506 4398 γράμματα
1535 4324 1661 4398 παρ’
1691 4321 1879 4392 αὐτῆς,

224 4408 401 4465 αὐτοῦ
456 4404 729 4468 πολλάκις
775 4406 1091 4483 πέμψαντος
1151 4409 1224 4472 εἷς
1282 4414 1527 4485 Ἀθήνας,
1579 4410 1675 4485 ἐμὲ
1706 4432 1883 4487 παρα-

228 4492 425 4554 λαϐὼν
473 4497 547 4557 ὡς
595 4496 807 4551 πάντων
859 4496 1004 4570 αύτῷ
1050 4500 1415 4575 γνησιώτατον
1467 4500 1616 4571 ὐντα,
1666 4499 1752 4555 ἐπὶ
1781 4502 1881 4571 τὴν

1979 3357 2083 3397 cus
2104 3339 2304 3404 verita,
2338 3338 2438 3394 illa
2468 3339 2663 3394 infelix
2703 3340 2841 3411 (non
2882 3339 3037 3394 enim
3080 3338 3303 3394 licitum
3336 3342 3425 3394 est
3457 3337 3622 3409 queri

1981 3430 2053 3485 de
2100 3446 2186 3498 ea,
2245 3427 2521 3499 quoniam
2552 3445 2620 3483 ex
2667 3427 2847 3483 natali
2899 3428 3015 3483 haec
3074 3444 3206 3482 cum
3265 3428 3450 3483 facere
3495 3434 3622 3482 tum

1982 3518 2203 3591 perpeti
2235 3516 2592 3589 cogebatur),
2627 3516 2921 3572 somnium
2956 3517 3186 3572 ﬁnxerit
3209 3533 3520 3585 ;verumne
3550 3533 3625 3572 an

1983 3607 2218 3674 falsum,
2252 3622 2367 3661 non
2399 3605 2584 3661 habeo
2617 3606 2825 3660 dicere.
2875 3606 3079 3661 Aiebat
3111 3606 3403 3676 siquidem
3436 3609 3625 3677 ipsam

1984 3696 2200 3752 dixisse
2228 3693 2382 3767 quod
2434 3695 2493 3749 in
2548 3693 2771 3749 somnis
2803 3694 3042 3766 quidam
3100 3693 3211 3749 sibi
3268 3694 3473 3761 astitit,
3526 3694 3628 3765 qui

1985 3801 2111 3840 eam
2135 3785 2319 3856 jussit
2352 3800 2485 3839 cum
2518 3782 2713 3839 liberis
2745 3782 2900 3837 illico
2931 3784 3074 3838 urbe
3105 3784 3283 3839 Roma
3309 3784 3623 3839 excedere:

1987 3879 2045 3931 at
2073 3873 2338 3929 virillam
2359 3888 2492 3928 cum
2516 3871 2655 3927 ﬁliis
2677 3870 3033 3927 incolumem
3062 3872 3299 3927 evadere
3330 3877 3625 3944 satagens,

1987 3961 2293 4019 confestim
2324 3976 2423 4016 eos
2462 3960 2811 4015 erudiendos
2849 3959 3105 4016 Athenas
3154 3960 3314 4015 misit
3345 3978 3478 4017 cum
3511 3977 3631 4016 ma-

1987 4056 2075 4107 tre
2106 4054 2157 4106 et
2191 4049 2407 4106 servis:
2442 4048 2679 4103 tertium
2709 4065 2843 4105 vero
2876 4048 3060 4103 filium
3093 4049 3332 4105 retinuit
3360 4050 3513 4121 apud
3547 4066 3629 4117 se,

1990 4141 2129 4213 quia
2159 4138 2259 4212 qui
2290 4156 2391 4211 per
2419 4137 2715 4193 somnium
2748 4138 3009 4193 ediderat
3037 4137 3362 4206 oraculum,
3394 4155 3527 4195 cum
3563 4156 3630 4195 eo

1990 4245 2225 4285 manere
2257 4226 2619 4300 permiserat.
2653 4226 2834 4282 Multo
2864 4231 3057 4282 autem
3107 4226 3304 4300 elapso
3348 4232 3631 4302 tempore,

1990 4322 2057 4375 ut
2087 4318 2159 4373 ab
2188 4334 2256 4373 ea
2278 4316 2502 4371 litteras
2532 4332 2646 4370 non
2677 4315 2919 4387 accepit,
2965 4331 3219 4387 cumque
3258 4334 3409 4389 saepe
3459 4318 3635 4373 Athe-

1992 4425 2100 4464 nas
2124 4405 2413 4473 misisset;
2446 4408 2748 4476 assumpto
2780 4419 2893 4472 me,
2929 4404 3028 4475 qui
3060 4403 3109 4459 ei
3144 4406 3408 4462 omnium
3442 4422 3633 4461 essem

1995 4494 2513 4568 conjunctissimus
2532 4509 2597 4548 ac
2618 4491 2959 4558 ﬁdissimus,
2985 4493 3055 4547 ad
3080 4495 3451 4565 quaerendam
3474 4494 3635 4549 illam

231 4589 466 4657 ζήτησιν
509 4583 677 4653 αὐτῆς
725 4583 1013 4662 ἐπορεύθη.
1074 4586 1267 4642 Πολλά
1318 4589 1412 4661 μὲν
1461 4588 1551 4645 οὖν
1602 4589 1747 4662 αύτῷ
1797 4610 1865 4644 κα

1998 4586 2293 4659 profectus
2324 4587 2432 4638 est.
2467 4581 2681 4637 Multos
2732 4582 3002 4653 equidem
3048 4599 3183 4637 cum
3223 4584 3350 4655 ipso
3379 4584 3437 4637 in
3477 4600 3640 4654 pere-

227 4676 376 4730 κατά
422 4674 520 4742 τὴν
573 4670 886 4747 ἀποδημίαν
943 4677 1273 4749 συνέκαμνον
1319 4680 1364 4713 ⁸³
1405 4678 1741 4753 προθύμως,
1796 4699 1862 4752 με

2000 4673 2323 4747 grinatione
2369 4670 2599 4725 labores
2642 4669 2909 4726 alacriter
2963 4670 3090 4739 tuli;
3128 4688 3352 4728 memor
3398 4673 3550 4744 quod
3582 4671 3642 4726 in

236 4762 521 4839 μνημένος
554 4762 635 4817 ὅτι
663 4768 765 4833 τῆς
801 4761 973 4818 πάλαι
1022 4764 1186 4820 αὐτοῦ
1236 4763 1584 4840 εὐδαιμονίας
1630 4767 1867 4822 κοινωνό·

2002 4764 2196 4838 prisca
2227 4777 2334 4817 sua
2358 4757 2631 4815 felicitate
2661 4775 2753 4814 me
2776 4759 3039 4815 omnium
3073 4759 3375 4816 habuisset
3396 4760 3642 4828 socium,

238 4875 316 4929 με
372 4853 584 4907 πάντων
644 4853 691 4889 ³³
741 4850 887 4927 εἶχεν
916 4899 931 4926 ,
991 4854 1121 4929 ὑπὲρ
1173 4856 1372 4918 πάντας
1423 4856 1588 4911 αὐτοῦ
1651 4877 1717 4931 με
1769 4856 1865 4912 τοὺ

2003 4872 2069 4911 ac
2099 4868 2278 4925 supra
2320 4862 2523 4906 omnes
2584 4847 2802 4905 amicos
2860 4846 3177 4905 dilexisset.
3238 4851 3438 4921 Itaque
3468 4850 3649 4905 Roma

1600 5063 1847 5120 VARLE
1887 5056 2297 5119 LECTIONES.

322 5202 340 5238 ³
374 5199 947 5282 ο1.“ἀπεκρινάμην.-²
976 5205 1051 5282 al,
1113 5206 1386 5282 deest-in
1445 5206 1518 5263 al,
1553 5203 1858 5282 Βγίνοντᾳιο
1918 5202 1971 5282 pi
2017 5198 2075 5282 δέ
2136 5194 2358 5282 ἀστέρες
2408 5197 2594 5250 ταῦτα,
2634 5194 2778 5282 ‘Nal.
2825 5193 3125 5282 έτάγησαν.
3169 5195 3224 5282 ’δ’
3263 5195 3345 5282 al:
3397 5192 3656 5282 ἁμαρτίαι

239 5272 353 5351 εἷς,
384 5273 407 5309 ⁸
431 5270 511 5351 _al.
572 5265 726 5351 θέντα
762 5265 857 5334 'a‘.
910 5279 931 5313 ⁷
962 5279 1243 5351 Clamant,
1297 5279 1457 5351 hom.
1500 5265 1624 5350 xxv;
1669 5296 1743 5351 ο.Δ
1777 5280 1834 5347 6,
1877 5281 2005 5351 etc.
2034 5265 2288 5351 Recogni,
2344 5268 2410 5351 1.”
2443 5284 2521 5335 1x,
2555 5284 2606 5322 c.
2666 5267 2764 5351 $2,
2788 5270 2895 5351 etc.
2926 5265 2955 5304 ⁸⁷
2980 5268 3061 5351 εί.
3117 5267 3249 5351 add.
3311 5265 3657 5351 ἀπεκρίνατο.

236 5344 404 5421 ἢεί.-
428 5334 612 5421 inser.
666 5344 824 5419 μέγα.
852 5350 919 5421 ί¹⁰
946 5334 1128 5421 deest
1162 5334 1242 5406 in,
1283 5349 1357 5406 al.
1415 5353 1459 5387 “
1518 5334 1792 5421 deestrin
1822 5334 2007 5421 'al._*2
2038 5344 2112 5421 al.
2156 5334 2333 5421 irnser.
2386 5334 2527 5412 ἔργῳ
2544 5378 2578 5421 ,θ
2610 5335 3218 5421 aoi‘1673)_mtesat‘lpt
3269 5336 3331 5421 οὐ
3361 5334 3617 5421 ,δύναμαι
3644 5388 3660 5415 ,

238 5418 291 5455 ¹³
321 5414 430 5493 ‘al.
486 5407 676 5493 μόνονξ
738 5407 783 5456 ίι
812 5420 884 5493 al,
950 5420 1159 5493 a61ﬁg,_
1193 5423 1236 5458 1⁵
1267 5422 1341 5493 al:
1377 5423 1539 5478 deest
1584 5422 1644 5476 in
1693 5420 1775 5493 al.
1830 5420 1883 5493 1⁸,
1900 5418 1975 5473 al.
2013 5416 2088 5493 μή
2122 5411 2375 5493 φέρουσα,
2409 5407 2652 5493 ἐρυγιοῦσα
2681 5407 2772 5493 σῦν
2806 5407 2972 5493 ipsa,
3020 5408 3091 5493 έν.
3135 5407 3662 5493 37_a1.m0ppnﬁqaca',

235 5486 339 5569 ,αἱ
384 5481 765 5569 ,εοιεὲίυνῇσασα
810 5491 999 5569 αὐτῷ’-
1029 5481 1267 5569 θάλάσσῃ
1317 5489 1612 5569 διέφθᾴρη..
1656 5492 1804 5569 133,1.
1840 5481 2036 5569 Adae-st"
2064 5481 2144 5543 ἴθ’
2173 5481 2246 5569 ἀι,
2300 5484 2345 5520 ¹⁹
2372 5481 2447 5569 al.
2496 5481 2871 5569 deestuin‘al.
2909 5484 2953 5518 9°
2984 5481 3059 5538 al.
3092 5481 3276 5569 αὐτῆς,
3316 5481 3481 5569 21-111..
3506 5485 3669 5569 deest

237 5562 310 5640 i1}
370 5560 445 5640 a1.
482 5552 634 5640 “Lall
685 5569 859 5617 ποιεῖν
915 5552 1003 5640 gi:
1036 5552 1307 5640 ’πάσχείνε
1361 5552 1659 5640 ἥλιξ-’ὡς
1708 5561 1911 5640 ὅτιμὲν-
1944 5558 2175 5640 ὁράματι
2227 5552 2444 5640 ἐπιστάς
2491 5572 2595 5640 ςτιξο
2649 5553 2698 5640 ²ξ
2744 5554 3127 5640 ξὶοαρνξὲῐξρο-
3179 5553 3289 5640 if“-
3338 5556 3387 5640 Ξδ
3420 5555 3517 5640 31-,
3540 5557 3665 5625 τήν·

240 5634 297 5712 ff
457 5628 648 5712 πόλιν.
697 5635 743 5670 ³⁷
771 5635 846 5712 al.
879 5635 1065 5712 αρτήν.
1099 5638 1143 5672 ²⁸
1168 5622 1250 5693 ἓι.
1282 5633 1413 5711 ἔσχε
1438 5635 1567 5712 παρ’
1595 5622 1763 5707 αύτῷ.
1784 5635 1831 5671 ⁸⁸
1860 5633 1936 5691 al.
1963 5622 2079 5689 κατ’
2100 5625 2251 5701 ὄναρ.
2282 5628 2328 5664 ³ο
2350 5624 2425 5683 al.
2448 5622 2607 5681 αὐτὸν
2639 5622 2805 5700 αὐτῷ.
2828 5622 3067 5687 διἀΙῘδὲ
3100 5622 3303 5701 χρόνου
3334 5622 3667 5691 διελθόντος.

237 5705 295 5741 ⁸³
330 5703 407 5763 al.
440 5698 763 5779 συνέκαμον.
794 5708 841 5745 ⁸³
871 5708 947 5766 al.
978 5698 1215 5772 πάντως.

542 5832 806 5898 Pauor"
839 5837 950 5900 Gn.
995 5838 1073 5904 II.
3318 5825 3395 5885 18
