4090 6340
556 359 673 417 555

1375 353 1441 412 S.
1488 344 1929 408 CLEMENTIS
1976 344 1997 401 l
2046 338 2233 401 ROM.
2279 336 2513 399 PONT.
2561 334 2819 396 OPERA
2863 335 3130 398 DUBIA.

3838 338 3949 395 556

556 489 832 546 continuo
864 488 1165 557 solvimus,
1199 485 1400 555 sicque
1430 482 1488 536 in
1520 481 1625 535 has
1657 477 1831 549 Syriae
1874 478 2065 547 partes
2097 474 2193 528 de-

2335 467 2504 529 >ίλους
2538 467 2772 542 ἀγαπῶν.
2808 464 2912 521 Καὶ
2944 464 3009 534 δὴ
3044 464 3452 539 ἀπεπλεύσαμεν
3504 464 3673 535 αὐτῆς
3712 466 3948 538 Ῥώμης,

554 581 843 635 venimus.
876 578 992 633 Nec
1035 576 1249 630 multos
1297 577 1427 645 post
1474 570 1621 637 dies,
1671 567 1769 621 ille
1817 564 2051 636 quidem
2085 580 2200 634 praa

558 668 739 724 animi
772 668 966 723 dolore
988 664 1262 737 migravit
1292 679 1321 717 e
1341 660 1483 725 vita;
1504 674 1608 729 ego
1640 672 1772 710 vero
1797 654 1911 709 huc
1939 652 2200 716 veniens,

557 758 772 812 victum
806 757 876 811 ab
901 770 966 810 eo
980 759 1239 826 tempore
1263 751 1333 807 ad
1356 750 1513 805 hunc
1532 761 1719 817 usque
1749 744 1905 799 diem
1929 741 2203 797 manibus

559 862 854 918 comparo.

634 1023 836 1080 CXVII.
867 1021 968 1078 His
999 1038 1031 1077 a
1060 1034 1198 1076 sene
1229 1017 1421 1085 dictis,
1466 1012 1799 1085 intelligens
1848 1026 1915 1065 ex
1949 1006 2206 1063 oratione

563 1114 712 1185 ejus,
743 1128 938 1167 senem
974 1125 1148 1182 quem
1182 1107 1423 1171 dixerat,
1454 1103 1651 1175 ipsum
1699 1116 1827 1155 esse
1857 1102 2080 1170 patrem
2111 1111 2205 1149 ve-

564 1206 775 1272 strum,
807 1199 968 1255 nolui
1000 1215 1132 1253 cum
1164 1213 1229 1252 eo
1257 1194 1517 1250 conferre
1561 1204 1892 1246 sermonem
1923 1202 1989 1241 ea
2020 1185 2091 1239 de
2123 1199 2204 1250 re,

564 1291 745 1346 donec
797 1286 1325 1344 communicassem
1375 1280 1705 1336 vobiscum:
1742 1277 1853 1332 nisi
1887 1274 2041 1346 quod
2073 1288 2203 1327 cum

562 1378 884 1450 hospitium
918 1377 1043 1447 ejus
1073 1373 1433 1437 didicissem,
1486 1382 1800 1439 meumque
1832 1364 2205 1425 iudicassem,

563 1465 902 1539 explorandi
943 1480 1140 1535 causa,
1198 1463 1309 1516 hoc
1359 1462 1590 1515 tantum
1633 1456 2007 1528 percontatus
2052 1464 2205 1517 sum,

564 1556 717 1627 quod
751 1558 905 1610 esset
936 1553 1059 1608 seni
1107 1566 1339 1605 nomen.
1405 1546 1505 1601 Ille
1553 1550 1783 1601 autem:
1820 1543 2088 1604 Faustus,
2120 1536 2207 1590 in-

565 1645 720 1716 quit;
756 1643 895 1699 item
926 1642 1081 1713 quod
1142 1655 1354 1694 nomen
1386 1635 1634 1707 geminis
1684 1632 1861 1699 ﬁliis;
1922 1628 2021 1683 ille
2074 1640 2208 1679 vero

564 1713 896 1802 respondit:
924 1728 1234 1783 Faustinus
1254 1730 1312 1780 et
1348 1720 1760 1777 Faustiniaous
1786 1736 1799 1784 ;
1829 1722 1886 1772 et
1910 1713 2206 1786 quodnam

2308 557 2397 612 καὶ
2450 555 2621 617 οὕτως
2686 554 2760 615 εἰς
2815 556 2879 608 τὰ
2937 554 3158 609 ἐνταῦθα
3233 561 3331 622 τῆς
3404 553 3599 628 Συρίας
3672 552 3949 629 ἐγενόμεθα

2317 646 2476 720 μέρη.
2536 643 2640 699 Καὶ
2700 642 2760 696 οὗ
2824 642 2957 715 μετά
3004 642 3217 704 πολλὰς
3266 643 3477 715 ἡμέρας
3555 689 3569 713 ,
3620 642 3820 704 ἐκεῖνος
3862 643 3947 714 μὲν

2312 734 2530 807 ἀθυμῶν
2588 731 2966 803 ἐτελεύτησεν·
3024 731 3128 807 ἐγὼ
3188 728 3245 786 δὲ
3304 731 3524 785 ἐνταῦθα
3574 729 3747 794 ἐλθὼν
3794 777 3807 803 ,
3863 732 3950 791 τὰς

2314 820 2404 877 διὰ
2430 826 2537 876 τῶν
2586 826 2786 897 γειρῶν
2834 822 3038 898 τροφὰς
3088 818 3270 876 ἔκτοτε
3319 820 3408 874 καὶ
3457 819 3531 881 είς
3577 817 3733 894 δεῦρο
3776 822 3831 865 ,³⁵
3859 840 3952 873 πο-

2316 910 2562 987 ρίζομαι.

2385 1001 2593 1055 CXVII.
2627 1001 2811 1055 Ταῦτα
2850 1002 2948 1052 τοῦ
2994 997 3245 1074 γέροντος
3294 995 3562 1065 εἰπόντος,
3608 994 3838 1051 συνιδὼν
3879 996 3957 1050 ὅτι

2315 1091 2372 1145 ’ὀν
2406 1085 2556 1164 ἔλεγε
2585 1088 2810 1164 γέροντα
2852 1090 2917 1154 ³⁸,
2948 1085 3105 1149 οὗτος
3146 1089 3229 1159 ἦν,
3278 1086 3326 1160 ἐξ
3362 1088 3433 1141 ὧν
3484 1084 3686 1161 ἔλεγεν,
3721 1088 3749 1141 6
3781 1087 3957 1161 πατὴρ

2317 1179 2344 1233 6
2381 1177 2660 1253 ὑμέτερος,
2710 1175 2809 1231 οὐκ
2858 1171 3163 1247 ἐϐουλήθην
3216 1175 3361 1247 αὐτῷ
3406 1178 3451 1213 ³⁷
3508 1171 3955 1244 συναντιϐαλεῖν,

2320 1267 2518 1341 μέχρις
2578 1265 2635 1319 ἂν
2693 1266 2818 1337 ὑμῖν
2877 1266 3324 1338 προσανάθωμαι.
3376 1264 3528 1334 Πλὴν
3572 1265 3638 1319 τὰ
3684 1266 3824 1319 κατὰ
3863 1264 3956 1332 τήν

2318 1354 2487 1426 ξενίαν
2538 1354 2703 1408 αὐτοῦ
2754 1354 3103 1425 καταμαθὼν,
3152 1354 3242 1408 καὶ
3286 1355 3386 1423 τὴν
3438 1352 3574 1426 ἐμὴν
3616 1356 3661 1395 ³⁸
3700 1351 3757 1408 δὲ
3804 1352 3963 1425 μηνῦ-

2319 1466 2431 1515 σας,
2483 1438 2759 1518 ἀκριϐείας
2812 1439 2984 1512 ἕνεκα,
3036 1446 3194 1497 τοῦτο
3240 1443 3402 1515 μόνον
3453 1442 3753 1515 ἐπυθόμην,
3806 1440 3962 1513 τίτῷ

2316 1532 2521 1609 γέροντι
2544 1528 2736 1604 ὅνομα’
2771 1532 2798 1585 6
2831 1528 2888 1585 δὲ
2911 1529 3009 1608 ἔφη
3038 1550 3050 1563 ’
3081 1535 3345 1593 Φαῦστοςθ
3377 1530 3431 1585 τί
3464 1529 3521 1585 δὲ
3561 1530 3676 1592 τόῖς
3710 1528 3961 1602 διδύμοις

2319 1623 2479 1683 υἱοῖς*
2534 1623 2561 1675 6
2613 1618 2669 1675 δὲ
2715 1620 3055 1696 ἀπεκρίνατο’
3099 1625 3399 1681 Φαυστῖνος
3430 1620 3519 1674 καὶ
3552 1619 3959 1681 Φαυοτινιανός·

2316 1711 2368 1765 τί
2402 1708 2458 1765 δὲ
2487 1714 2563 1781 τῷ
2591 1710 2756 1783 τρίτῳ
2787 1710 2905 1779 υἱῷ·
2933 1710 2959 1763 6
2993 1706 3072 1776 δὲ,
3105 1707 3362 1781 Κλήμης,
3410 1708 3543 1763 εἶπε.
3577 1708 3636 1762 Τί
3671 1706 3727 1762 δὲ
3756 1707 3960 1762 τούτων

564 1794 737 1876 tertio
781 1818 939 1886 ﬁlio;
979 1822 1038 1872 at
1076 1815 1193 1882 ille,
1237 1814 1523 1880 Clemens,
1567 1808 1712 1862 dixit
1748 1823 1762 1873 ;
1804 1804 2054 1871 denique
2093 1815 2208 1871 quo

2335 1799 2488 1875 ιητρὶ
2546 1794 2738 1869 ὄνομα
2800 1794 3061 1853 Ματθιδία
3118 1800 3183 1866 3°,
3233 1797 3416 1875 φησίν.
3466 1798 3591 1852 Ὑπὸ
3633 1795 3965 1870 συμπαθείας

566 1908 805 1965 nomine
833 1909 1134 1962 vocaretur
1166 1918 1366 1958 eorum
1402 1902 1623 1964 mater;
1656 1899 1712 1950 et
1742 1895 1842 1958 ait,
1875 1889 2201 1947 Mattbidia.

566 2000 681 2069 Ego
713 1997 892 2069 igitur
946 2013 1013 2051 ex
1058 1991 1433 2049 miseratione
1474 1985 1917 2056 collacrymans,
1968 1977 2215 2033 dimissa

568 2089 759 2157 turba,
789 2086 919 2141 veni
954 2084 1023 2139 ad
1050 2100 1171 2149 vos,
1224 2085 1287 2134 ut
1335 2081 1467 2150 post
1516 2074 1629 2131 cibi
1680 2084 2053 2128 communem
2085 2081 2213 2137 per-

565 2175 890 2249 ceptionem
941 2175 1060 2228 haec
1107 2170 1410 2225 vobiscum
1459 2161 1989 2221 communicarem.
2042 2156 2216 2209 Porro

565 2270 697 2321 ante
722 2264 915 2320 cibum
967 2276 1225 2324 narrare,
1279 2259 1674 2328 opportunum
1726 2265 1841 2304 non
1874 2244 2114 2307 censui;
2146 2258 2218 2296 ne

565 2355 709 2410 forte
739 2352 935 2409 dolore
964 2344 1421 2419 victi,baptismi
1446 2343 1603 2398 diem
1635 2342 1693 2395 in
1716 2338 1880 2392 luctu
1906 2330 2217 2395 duceretis,

568 2442 802 2514 quando
832 2441 1009 2496 etiam
1042 2436 1233 2509 angeli
1265 2435 1586 2490 efferuntur
1609 2426 1831 2483 laetitia.
1865 2424 1995 2479 Haec
2019 2422 2221 2475 Petrus

571 2547 705 2589 cum
743 2531 974 2597 diceret,
1008 2543 1214 2589 omnes
1256 2540 1373 2578 una
1404 2536 1537 2577 cum
1574 2521 1759 2572 matre
1804 2510 2076 2584 lacrymis
2116 2523 2223 2562 nos

574 2596 967 2675 dedidimus.
1004 2619 1158 2683 Quos
1217 2613 1315 2668 ille
1372 2610 1769 2682 lacrymantcs
1819 2602 2063 2669 videns,
2113 2596 2221 2652 ait:

573 2708 741 2763 Nunc
765 2705 1173 2777 unusquisque
1201 2704 1482 2766 vestrum,
1508 2712 1610 2768 pro
1624 2695 1832 2749 timore
1864 2705 2000 2761 erga
2022 2692 2224 2750 Deum,

577 2796 802 2853 fortiter
822 2774 958 2866 qua:—
979 2794 1302 2848 memorata
1334 2791 1474 2844 sunt
1503 2786 1668 2840 ferat.
1702 2782 1903 2851 Neque
1933 2777 2089 2833 enim
2123 2774 2227 2828 bo-

579 2885 673 2941 die
714 2883 873 2941 vobis
917 2880 1137 2936 interiit
1177 2882 1362 2950 pater,
1407 2875 1508 2930 sed
1548 2874 1671 2943 jam
1712 2869 1874 2939 olim,
1916 2866 2068 2921 sicut
2105 2878 2226 2929 vos,

580 2974 916 3042 conjectura
944 2973 1096 3025 recte
1128 2969 1300 3033 facta,
1336 2962 1589 3020 dixistis.

650 3061 896 3118 CXVIII.
942 3060 1060 3115 Ista
1104 3060 1271 3112 Petro
1330 3054 1634 3124 loquenle,
1690 3051 1878 3103 mater
1919 3045 2065 3099 ferre
2114 3056 2229 3095 non

577 3150 802 3218 valens,
847 3164 1060 3220 magno
1111 3145 1366 3202 clamore
1397 3142 1582 3196 edito:
1643 3137 1746 3193 Hei
1795 3134 1963 3204 mibi,
2023 3149 2054 3186 ο
2104 3131 2228 3196 vir;

2324 1886 2413 1944 οὖν
2448 1887 2552 1963 ἐγὼ
2585 1884 2876 1961 σύνδακρυς
2903 1886 3208 1961 γενόμενος,
3242 1884 3519 1949 ἀπολύσας
3566 1886 3691 1948 τοὺς
3734 1884 3961 1961 ὄχλους,

2321 1975 2493 2045 ἦλθον
2527 1976 2661 2048 πρὸς
2696 1975 2857 2047 ὑμᾶς,
2885 1972 2978 2029 ⁹ίνα
3020 1975 3152 2048 μετὰ
3199 1975 3298 2043 τὴν
3329 1979 3434 2029 τῶν
3468 1972 3655 2029 ἄλλων
3684 1977 3729 2012 ⁸ο
3772 1996 3963 2029 κοινω-

2322 2064 2433 2119 νίαν
2463 2069 2630 2118 ταῦτα
2676 2064 3098 2140 προσανάθωμαι
3151 2063 3299 2136 ὑμῖν.
3351 2064 3463 2138 Πρὸ
3504 2061 3561 2117 δὲ
3589 2068 3695 2117 τῶν
3746 2061 3892 2117 ἁλῶν
3924 2065 3963 2098 ⁴¹

2328 2154 2492 2208 εἰπεῖν
2528 2154 2654 2226 ὑμῖν
2712 2152 2773 2207 οὐ
2826 2156 2869 2188 ⁴²
2921 2149 3035 2206 δέον
3087 2148 3293 2227 ἔκρινα,
3347 2155 3421 2225 μή
3470 2173 3586 2214 πως
3635 2153 3737 2206 ὑπὸ
3790 2150 3967 2219 λύπης

2325 2241 2653 2314 νικηθέντες,
2686 2241 2737 2297 ἐν
2764 2245 2832 2314 τῇ
2862 2246 2958 2296 τοῦ
3012 2240 3381 2317 βαπτίσματος
3429 2240 3611 2316 ἡμέρᾳ
3658 2242 3970 2301 πενθοῦντες

2331 2329 2696 2402 διατελέσητε,
2739 2329 2903 2385 ὁπότε
2949 2329 3039 2384 καὶ
3088 2329 3315 2405 ἄγγελοι
3368 2329 3642 2406 χαίρουσι.
3683 2334 3863 2384 Ταῦαα
3890 2332 3979 2383 τοῦ

2333 2418 2537 2492 Ηέτρου
2594 2418 2871 2495 λεγοντος,
2932 2416 3263 2494 ἐδακρύομεν
3339 2420 3390 2473 οἱ
3450 2419 3643 2481 πάντες
3702 2421 3840 2494 μετᾶ
3889 2423 3981 2485 τῆς

2337 2508 2567 2583 μητρός.
2600 2510 2657 2563 Ὃ
2690 2507 2747 2563 δὲ
2779 2507 3106 2580 δακρύοντας
3136 2510 3286 2580 ἡμᾶς
3319 2505 3471 2575 ἰδὼν,
3512 2504 3611 2586 ἔφη
3639 2529 3653 2542 ο
3705 2511 3815 2562 Νῦν
3869 2502 3987 2560 ἕκα-

2335 2618 2460 2659 στος
2494 2598 2644 2669 ὑμῶν
2674 2592 2827 2675 φόϐῳ
2872 2596 2952 2669 τῷ
2998 2596 3137 2672 πρὸς
3186 2598 3277 2651 τὸν
3305 2597 3430 2655 Θεὸν
3474 2595 3737 2671 γενναίως
3789 2594 3988 2673 φερέτω

2334 2685 2401 2740 τὰ
2431 2686 2691 2761 εἶρημένα
2721 2690 2788 2743 ⁴³.
2822 2684 2893 2739 Οὐ
2932 2686 3034 2760 γὰρ
3069 2683 3133 2754 δὴ
3168 2687 3232 2755 σή
3247 2685 3407 2761 μερόν
3461 2686 3586 2758 ὑμῖν
3642 2682 3984 2753 ἐτελεύτησεν

2338 2777 2365 2829 6
2395 2776 2595 2851 πατὴρ,
2630 2773 2773 2830 ἀλλὰ
2819 2775 2908 2829 καὶ
2955 2770 3208 2846 ἔκπαλαι,
3257 2773 3331 2837 ὠς
3382 2774 3535 2848 ὑμεῖς
3565 2774 3820 2850 εἰρήκατε
3865 2794 3983 2827 στο-

2339 2864 2635 2939 χαζόμενοι
2669 2867 2735 2923 “,

2411 3045 2647 3099 CXVIII.
2696 3046 2872 3097 Ταῦτα
2918 3046 3016 3097 τοῦ
3066 3041 3268 3118 Πέτρου
3308 3042 3573 3113 εἰπόντος,
3606 3043 3641 3112 ἡ
3680 3042 3875 3117 μήτηρ
3911 3041 3980 3113 μή

2343 3133 2595 3210 φέρουσα,
2633 3132 2767 3208 μέγα
2811 3131 3095 3208 ἀνέκραγεν
3147 3135 3209 3168 ‘5'
3246 3132 3431 3206 Οῗμοι,
3484 3132 3628 3207 ἄνερ,
3663 3133 3705 3166 ⁸⁸
3757 3132 3834 3193 ὡς
3868 3130 3983 3204 αγα-

591 3199 802 3218 .---_-,
848 3199 1054 3220 -ηση,
1119 3199 1136 3202 _
1176 3199 1182 3200 ,
1945 3199 1958 3204 ν

585 3242 873 3313 quantum
908 3253 1015 3292 nos
1045 3234 1316 3307 diligens,
1351 3233 1475 3302 ipse
1504 3227 1741 3298 quidem
1774 3224 1921 3279 mori
1950 3219 2219 3288 voluisti;

2338 3226 2453 3276 πῶν
2503 3224 2671 3294 ἡμᾶς,
2728 3220 2901 3295 κρίσει
2942 3223 2986 3257 ‘7
3038 3221 3131 3294 μὲν
3186 3221 3345 3283 αὐτὸς
3393 3219 3770 3291 ἐτελεύτησαις9
3823 3222 3981 3290 ἡμεῖς

579 3347 691 3384 nos
721 3344 854 3383 vero
906 3326 1176 3393 vivimus,
1209 3327 1266 3377 et
1313 3321 1505 3375 lucem
1549 3315 1889 3387 aspicimus,
1939 3315 1997 3366 et
2039 3308 2230 3364 adhuc

580 3417 852 3489 capimus
884 3416 1103 3471 cibum.
1138 3410 1410 3467 Nondum
1444 3408 1552 3463 hoc
1597 3422 1713 3460 uno
1766 3402 1985 3474 ejulatu
2043 3398 2228 3465 ﬁnito,

587 3522 718 3562 ecce
775 3520 950 3559 senex
1008 3500 1364 3573 ingreditur;
1424 3500 1479 3551 et
1523 3493 1699 3551 simul
1735 3496 1907 3562 atque
1956 3487 2230 3544 clamoris

584 3610 826 3651 causam
843 3592 1125 3648 sciscitari
1149 3589 1341 3654 vellet,
1359 3586 1676 3657 respiciens
1709 3582 1777 3635 ad
1804 3593 2071 3635 uxorem:
2096 3573 2227 3629 Heil

584 3682 807 3753 inquit;
836 3681 1113 3751 quidnam
1146 3678 1254 3732 hoc
1285 3680 1410 3731 est?
1448 3676 1632 3739 Quam
1681 3668 1886 3724 video?
1943 3665 2232 3721 Accedens

588 3788 720 3827 vero
751 3774 809 3825 et
838 3768 1174 3841 diligentius
1214 3764 1528 3835 aspiciens,
1577 3777 1641 3816 ac
1671 3758 1853 3823 visus,
1897 3754 2232 3824 complexus

590 3865 694 3916 est.
757 3858 944 3913 Ambo
988 3864 1181 3911 autem
1230 3869 1349 3925 prae
1397 3850 1610 3923 gaudio
1666 3845 1967 3918 repentino
2009 3842 2233 3897 defece-

588 3954 727 4004 runt
756 3947 1083 4003 exclamare
1114 3942 1249 4010 nisi,
1289 3946 1347 3996 et
1386 3939 1531 3995 alter
1571 3935 1737 3992 alteri
1778 3931 1939 4005 loqui
1990 3930 2228 4002 cupien-

587 4044 688 4103 tes,
738 4050 940 4092 vocem
998 4032 1263 4088 emittere
1298 4045 1411 4084 non
1471 4028 1806 4099 potuerunt,
1864 4036 1971 4076 nec
2027 4021 2097 4075 ob
2140 4019 2228 4072 in-

585 4124 872 4196 expletam
922 4120 1183 4177 laetitiam
1244 4117 1556 4189 reprimere
1604 4132 1685 4169 se.
1746 4110 2043 4181 Multoque
2103 4111 2233 4179 post

585 4217 774 4267 mater
803 4212 875 4266 ad
908 4227 1073 4267 eum:
1105 4208 1303 4264 Habeo
1324 4212 1400 4273 te,
1436 4206 1667 4268 Fauste,
1700 4200 1858 4257 omni
1891 4198 2061 4264 modo
2095 4214 2229 4252 sua-

582 4301 914 4355 vissimum.
950 4300 1019 4354 Et
1065 4314 1180 4370 qua
1231 4295 1453 4351 ratione
1490 4292 1652 4357 vivis,
1705 4291 1775 4345 de
1825 4289 1994 4358 cujus
2048 4291 2231 4341 morte

583 4388 751 4462 paulo
783 4393 915 4443 ante
935 4384 1303 4442 audivimus?
1336 4384 1617 4438 Caeterum
1650 4378 1709 4433 hi
1741 4381 1880 4433 sunt
1907 4375 2034 4443 ﬁlii,
2078 4376 2226 4431 Fau-

583 4478 772 4532 stinus
803 4484 855 4531 et
885 4474 1317 4543 Faustinianus,
1352 4486 1417 4527 ac
1448 4472 1751 4538 exoptatus
1780 4466 2065 4521 Clemens.
2094 4465 2227 4527 Quae

2341 3308 2397 3366 δὲ
2439 3315 2632 3379 ζῶντες
2661 3311 2722 3364 τὸ
2753 3314 2866 3389 φῶς
2901 3311 3136 3385 ὁρῶμεν,
3168 3311 3256 3365 καὶ
3303 3317 3514 3387 τροφῆς
3565 3312 3606 3345 ⁸⁸
3653 3307 3776 3383 ἄρτι
3826 3328 3982 3382 μετα-

2340 3394 2715 3472 λαμϐάνομεν.
2748 3396 2912 3453 Οὔπω
2942 3402 2986 3435 ⁴⁹
3014 3406 3115 3467 τῆς
3148 3404 3275 3472 μιᾶς
3305 3397 3506 3469 ταύτης
3537 3397 3817 3473 ὀλολυγῆς
3850 3418 3980 3451 παυ-

2341 3489 2599 3560 σαμένης,
2651 3485 2769 3542 ἰδοὺ
2816 3487 2905 3542 καὶ
2956 3489 2984 3542 6
3032 3488 3202 3563 γέρων
3247 3487 3436 3560 εἰσῄει·
3469 3486 3557 3541 καὶ
3604 3488 3714 3558 ἅμα
3744 3484 3825 3558 τῷ
3862 3483 3979 3561 βοό-

2342 3575 2526 3631 λεσθαι
2572 3575 2728 3630 αὐτὸν
2777 3582 2877 3645 τῆς
2928 3583 3166 3652 κραυγῆς
3213 3577 3311 3645 τὴν
3363 3574 3538 3629 αἰτίαν
3588 3575 3980 3642 πυνθάνεσθαι,

2341 3665 2415 3726 εἷς
2473 3666 2569 3733 τὴν
2628 3670 2855 3740 γυναῖκα
2911 3661 3189 3739 ἐμϐλέψας
3248 3664 3371 3743 ἔφη’
3434 3662 3622 3737 Οἴμοι,
3670 3662 3720 3717 τί
3772 3663 3985 3717 θέλει⁵0

2337 3759 2497 3809 τοῦτο
2530 3754 2663 3808 εἶναι
2697 3773 2710 3823 ;
2741 3753 2867 3808 Τίνα
2897 3754 3008 3829 ὁρῶ
3041 3773 3053 3823 ;
3088 3752 3412 3829 Προσελθὼν
3448 3751 3505 3807 δὲ
3550 3752 3639 3807 καὶ
3680 3747 3984 3827 ἀκριϐέστε-

2342 3863 2432 3919 ρον
2480 3840 2666 3897 ἐνιδὼν
2704 3844 2768 3912 ⁵³,
2819 3841 2906 3897 καὶ
2958 3842 3169 3917 ὁραθεὶς
3218 3841 3624 3916 περιεπλέκετο.
3675 3841 3737 3895 Ol
3779 3839 3838 3895 δὲ
3890 3838 3984 3894 ὑπὸ

2340 3937 2513 4007 χαρᾶς
2544 3928 2815 4009 αἰφνιδίου
2847 3929 3138 4010 διεφώνουν
3167 3930 3488 4009 ἀμφότεροι,
3521 3930 3609 3985 καὶ
3660 3927 3854 3985 λαλεῖν
3893 3926 3984 3982 ἂλ-

2340 4018 2541 4090 λήλοις
2577 4018 2927 4095 βουλόμενοι,
2958 4018 3155 4091 ἀφασίᾳ
3187 4018 3534 4095 συσχεθέντες
3586 4018 3645 4073 ἐκ
3670 4024 3775 4087 τῆς
3814 4017 3983 4083 ἀπλή-

2340 4130 2466 4163 στου
2524 4114 2697 4184 χαρᾶς
2743 4108 2955 4185 ἐπέχειν
3014 4111 3059 4144 ⁵2
3114 4108 3332 4171 ἑαυτοὺς
3392 4107 3492 4162 οὐκ
3543 4104 3833 4178 ἠδύναντο.
3892 4103 3981 4159 Καὶ

2344 4198 2476 4271 μετὰ
2506 4200 2549 4235 ⁵³
2592 4196 2736 4253 πολὺ
2781 4200 2823 4244 5!-
2871 4198 3005 4273 πρὸς
3054 4197 3212 4252 αὐτὸν
3259 4201 3293 4267 ἡ
3351 4199 3536 4271 μήτηρ
3587 4198 3650 4232 ⁵⁵·
3702 4202 3860 4271 ’Έχω
3910 4214 3979 4262 σε,

2340 4291 2571 4357 Φαῦστε,
2609 4286 2700 4341 τὸν
2758 4288 2893 4341 κατὰ
2944 4287 3114 4341 πάντα
3172 4290 3215 4323 ⁵⁸
3272 4286 3649 4361 γλυκύτατον.
3711 4290 3840 4346 Πῶς
3890 4284 3982 4357 ἄρα

2342 4380 2454 4448 ζῇς,
2502 4377 2559 4430 ὃν
2612 4375 2687 4436 ὠς
2734 4378 2996 4430 τεθνεῶτα
3051 4380 3232 4451 μικρῷ
3274 4378 3316 4411 ⁵⁷
3363 4374 3590 4450 πρόσθεν
3632 4372 3981 4445 ﬁndo-ansa;

2338 4463 2489 4533 Πλὴν
2541 4464 2689 4518 οὗτοί
2740 4463 2869 4518 εἰσιν
2899 4466 2943 4501 ⁸⁸
2974 4464 3024 4518 o't
3074 4464 3217 4536 υἱοὶ,
3267 4469 3567 4525 Φαυστῖνος
3614 4463 3701 4517 καὶ
3753 4468 3980 4517 Φαυστι-

583 4582 716 4621 cum
775 4565 1036 4631 dixisset,
1096 4579 1203 4618 nos
1262 4570 1373 4616 tres
1428 4559 1487 4612 in
1536 4556 1724 4627 ipsum
1784 4554 2219 4623 incumbentes,

2336 4554 2539 4627 νιανὸς,
2588 4553 2676 4607 καὶ
2729 4556 2773 4590 5°
2821 4554 2849 4606 6
2893 4554 3145 4616 ποθεινὸς
3196 4551 3458 4626 Κλήμης,
3498 4556 3673 4607 Ταῦτα
3704 4550 3979 4618 εἰπούσης,

582 4670 834 4726 eumque
874 4650 1215 4717 deosculati,
1266 4649 1515 4704 formam
1563 4645 1721 4700 illius
1772 4644 2019 4699 obscure
2048 4659 2226 4712 agno-

578 4760 791 4799 VlmUS.

648 4921 828 4977 CXIX.
862 4920 992 4976 Hzcc
1022 4934 1157 4975 cum
1185 4917 1403 4971 videret
1443 4913 1683 4968 Petrus:
1730 4911 1814 4966 Tu
1862 4926 1923 4965 es
1957 4910 2225 4981 Faustus,

574 5009 790 5081 inquit,
840 5008 1020 5080 hujus
1068 5006 1176 5073 vir,
1229 5005 1471 5075 ejusque
1519 5000 1833 5057 liberorum
1885 4999 2091 5070 pater?
2129 5000 2230 5057 Ille

2336 4646 2499 4716 ἡμεῖς
2533 4643 2585 4696 oi
2631 4648 2777 4718 τρεῖς
2827 4641 3223 4715 προσπεσόντες
3276 4642 3441 4715 αὐτῷ,
3487 4643 3577 4697 καὶ
3624 4638 3981 4718 καταφιλοῦν-

2334 4753 2445 4801 τες,
2474 4733 2572 4800 τήν
2628 4730 2835 4785 ἐκείνου
2897 4732 3110 4808 μορφὴν
3173 4728 3429 4807 ἀμυδρῶς
3483 4752 3603 4793 πως
3645 4726 3977 4802 καταμανθά-

2334 4842 2392 4877 νο
2402 4843 2494 4895 μεν
2522 4823 2589 4876 ⁸ο.

2408 4910 2584 4966 CXIX.
2616 4910 2684 4963 Ἃ
2728 4907 2817 4963 καὶ
2864 4907 3080 4982 βλέπων
3141 4910 3169 4964 6
3228 4907 3451 4986 Πέτρος·
3517 4907 3593 4962 Σὺ
3638 4910 3683 4946 δι
3740 4906 3789 4962 εἷ
3836 4906 3975 4960 Φαῦ-

2339 5018 2479 5069 στος,
2510 5000 2556 5034 ⁶²
2590 4996 2755 5072 εἶπεν,
2788 4997 2816 5051 6
2858 4997 3057 5067 ταύτης
3107 4998 3244 5075 ἅνὴρ
3285 4997 3376 5053 καὶ
3412 5001 3519 5052 τῶν
3566 4995 3733 5068 αὐτῆς
3775 4991 3973 5050 παίδων

1921 5151 2161 5208 VARI/E
2213 5153 2619 5210 LECTIONES.

644 5294 690 5329 3‘
720 5294 912 5379 deest,
934 5293 991 5377 in
1042 5293 1119 5377 EI.
1152 5293 1214 5377 35,
1243 5290 1317 5375 δὲ.
1372 5284 1537 5379 μέχρι
1580 5287 1704 5379 τοῦ.
1729 5280 2105 5379 δεῦξοιροδϐςᾶιέ
2161 5284 2397 5377 συνεῖδον
2453 5286 2581 5379 μὶνΔΛ
2599 5282 2681 5338 ὅτι
2735 5285 2794 5379 ὃν
2842 5280 2997 5379 ἔλεγε

1533 5373 1617 5379 ---
1690 5373 1745 5379 -_
1801 5374 1825 5379 _
2086 5358 2123 5379 ,\
2276 5378 2281 5379 γ
2319 5365 2367 5379 ‘l
2439 5361 2464 5379 n
2614 5359 2661 5379 -I
2744 5357 2768 5379 3.
2816 5359 2849 5379 ξ’(
2876 5376 2880 5379 .
2970 5362 2980 5379 Ι

644 5306 690 5329 δ’
720 5306 883 5379 deest
934 5310 991 5347 1n
1042 5306 1119 5347 al.
1153 5306 1197 5328 °°
1243 5306 1317 5345 al.
1372 5306 1537 5361 μεχρι
1580 5306 1906 5366 τουΙοευρο.
1958 5306 2002 5321 συ
2035 5306 2105 5343 a1.
2161 5306 2397 5342 συνειοον
2453 5306 2546 5358 μεν
2599 5306 2681 5338 οτι
2736 5306 2792 5339 ον
2842 5306 2932 5339 εΛε
2973 5306 2984 5339 ε

576 5359 633 5416 δὲ
682 5384 748 5417 τα
793 5364 921 5435 καθ’,
948 5363 1109 5435 Δὺμᾷς
1158 5360 1338 5435 αὐτῷἶ
1389 5360 1449 5435 ³⁸-
1486 5359 1647 5435 deest
1686 5373 1750 5435 _ln
1799 5358 1954 5435 al._:‘39
2075 5356 2132 5412 δὲ
2162 5354 2284 5435 ἔφη·
2319 5361 2487 5414 Ματθ.
2538 5359 2581 5393 ⁴⁰
2610 5359 2686 5413 al.
2739 5354 2903 5412 ἁλῶν.
2935 5306 2984 5395 Il

3042 5284 3288 5363 τεθνάναι
3333 5286 3559 5363 γέροντα
3602 5280 3788 5363 αὐτόςἒ
3833 5281 3876 5363 3:
3904 5278 3978 5334 al.

3035 5360 3110 5415 al.
3159 5363 3255 5413 τοῦ
3304 5345 3412 5413 τέὐν
3452 5356 3597 5412 ἁλῶν
3635 5345 3972 5426 μεταλαϐεῖν.

574 5436 622 5469 ⁴²
670 5416 745 5491 al.
772 5416 1240 5503 οὖκνήϐοῦλνξθην.
1277 5416 1344 5467 ’⁴³
1400 5429 1475 5485 al.
1536 5425 1819 5504 λεχθέντα.
1974 5429 2067 5504 al.
2109 5416 2554 5504 exdl:al§6ilavot._
2589 5430 2633 5463 ‘5
2696 5425 3056 5504 βοῶσαμέφη.
3090 5432 3135 5466 ¹⁶⁶
3165 5433 3325 5488 deest
3373 5432 3432 5485 in
3491 5429 3563 5485 al.
3622 5416 3665 5461 ⁸⁷
3716 5427 3878 5481 deest
3920 5425 3974 5475 in

1568 5495 1591 5514 ᾗ

575 5505 650 5561 al.
683 5497 1004 5574 “deest'in
1036 5497 1112 5560 al:
1144 5497 1189 5541 ’δέ
1233 5504 1308 5559 al.
1346 5497 1646 5574 inser.__8éi_
1671 5500 1715 5534 ⁵ο
1746 5499 1821 5553 a1.
1855 5497 2025 5574 θελοι.
2060 5503 2101 5538 ⁵1
2138 5497 2213 5558 al.
2247 5497 2398 5555 ἰδών.
2432 5503 2476 5536 δ²
2506 5500 2578 5554 a1.
2612 5497 2845 5574 κρατεῖν.
2874 5501 2919 5536 ⁵³
2969 5497 3044 5557 al.

3080 5503 3193 5572 μετ’
3226 5501 3308 5557 οὐ.
3342 5504 3388 5537 ⁵⁸
3415 5503 3577 5557 deest
3624 5499 3684 5552 in
3718 5497 3791 5572 al.
3897 5492 3969 5572 al.

574 5576 707 5658 add.
741 5571 865 5724 ἔζη.
900 5577 942 5611 ⁵⁸
973 5575 1047 5665 all.
1080 5593 1335 5665 praepon.
1376 5591 1490 5644 μοι.
1523 5572 1580 5653 57_
1599 5570 1671 5625 al.
1694 5569 1993 5640 τεθνηκότα
2025 5577 2206 5649 μικρῷ
2234 5570 2427 5647 τάχιον
2457 5572 2548 5641 ἠκ.
2580 5572 2622 5607 ⁵⁸
2650 5563 2727 5627 al.
2762 5572 2940 5643 ἡμῶν.
2974 5574 3018 5609 ⁸ο
3047 5563 3211 5631 ἄθθεῐ
3237 5574 3299 5630 in
3330 5574 3405 5631 al.
3427 5575 3473 5609 ⁶⁰
3500 5568 3789 5643 κατεμανθ.
3818 5568 3861 5605 σί
3894 5563 3965 5621 al.

571 5666 738 5701 ταυτα
810 5689 823 5703 .
858 5646 885 5699 6
918 5651 981 5704 II.
1008 5665 1131 5723 εφη*
1169 5653 1264 5701 Συ.
1298 5647 1342 5681 ⁶²
1372 5645 1537 5700 deest
1566 5659 1626 5697 ιη
1656 5641 1735 5697 al.

858 5646 885 5699 ὁ
918 5651 981 5704 [Ι.
1008 5641 1131 5723 ἕφῆο
1169 5641 1264 5701 Σῦ.
1298 5647 1342 5681 ⁶²
1372 5641 1537 5700 deest
1566 5642 1626 5697 in
1656 5641 1735 5697 al.
