4090 6340
472 406 590 464 559

1300 401 1366 460 S.
1411 398 1856 460 CLEMENTIS
1901 396 1925 454 Ι
1973 392 2160 453 ROM.
2208 393 2437 455 PONT.
2488 399 2749 461 OPERA
2793 401 3057 462 DUBIA.

3764 405 3891 465 560

471 542 736 603 sectatus,
768 551 883 591 non
917 535 1145 589 deserit.
1204 532 1445 597 Quando
1477 546 1613 602 ergo
1644 529 1759 584 illic
1799 527 2036 593 erimus,
2070 526 2117 580 si

2248 523 2392 578 Επὰν
2426 529 2469 563 9⁵
2498 527 2587 583 οῦν
2621 529 2731 585 ἐκεῖ
2758 532 3059 605 γενώμεθα,
3094 529 3180 584 έάν
3222 551 3285 605 γε
3336 526 3731 604 καταλάϐωμεν
3790 533 3887 587 αὖ·

475 644 574 683 eos
632 625 1055 690 nanciscamur,
1119 638 1314 676 coram
1372 637 1438 675 eo
1497 618 1837 691 disceptatio
1881 616 1996 671 ﬁet.
2059 616 2126 669 Et

474 724 779 788 postquam
812 713 882 768 de
907 712 1109 767 multis
1144 710 1553 778 disseruimus,
1599 711 1833 781 propter
1861 704 2122 776 recogni-

473 805 691 859 tionem
733 802 942 874 gaudio
1001 799 1221 872 repleti,
1275 800 1503 870 Deoque
1563 813 1834 867 magnam
1883 794 2123 863 gratiam

472 892 779 958 habentes,
836 894 1003 946 nocte
1046 887 1515 960 superveniente,
1568 887 1637 941 ad
1697 900 1969 941 somnum
2019 898 2125 937 nos

475 980 854 1039 contulimus.

542 1069 760 1125 CXXII.
810 1069 1025 1123 Exorto
1075 1073 1262 1121 autem
1308 1080 1501 1132 mane,
1558 1067 1721 1134 pater
1766 1078 1901 1117 cum
1942 1062 2126 1116 matre

468 1158 776 1230 tribusque
809 1157 941 1212 ﬁliis
966 1157 1265 1228 ingressus
1298 1154 1360 1210 in
1384 1154 1575 1211 locum
1606 1152 1708 1207 ubi
1736 1155 1862 1207 erat
1900 1149 2123 1217 Petrus,

472 1263 602 1305 cum
650 1246 1005 1313 salutasset,
1063 1244 1240 1311 sedit;
1289 1242 1500 1298 deinde
1552 1257 1660 1297 nos
1717 1254 1968 1311 quoque,
2026 1237 2125 1293 illo

472 1337 732 1407 iubente.
775 1336 1124 1406 Patremque
1157 1333 1404 1388 intuitus
1433 1334 1668 1387 Petrus:
1702 1328 2004 1399 Percupio,
2037 1327 2124 1381 in-

474 1426 616 1497 quit,
652 1429 708 1480 te
733 1425 887 1480 idem
914 1423 1129 1479 sentire
1165 1422 1315 1492 quod
1347 1436 1488 1475 uxor
1518 1435 1584 1475 ac
1614 1417 1814 1486 liberi;
1855 1421 1919 1472 ut
1948 1420 2004 1472 et
2035 1415 2127 1471 hic

476 1531 607 1569 cum
633 1514 716 1569 eis
746 1513 1035 1580 convivas,
1093 1514 1150 1567 et
1180 1509 1301 1565 illic
1351 1514 1480 1581 post
1538 1509 1746 1563 animae
1805 1523 1840 1561 a
1887 1520 2128 1577 corpore

474 1602 947 1673 disjunctionem,
1005 1616 1126 1655 una
1166 1615 1300 1655 cum
1332 1597 1547 1653 eisdem
1590 1597 1647 1651 in
1698 1595 1897 1651 laetitia
1928 1595 2123 1664 degas.

470 1696 559 1747 An
588 1708 701 1746 non
734 1691 892 1746 enim
926 1688 1176 1744 maxime
1204 1692 1258 1742 te
1288 1692 1457 1757 atque
1485 1685 1619 1740 illos
1650 1685 2041 1748 contristaret,
2076 1682 2126 1737 si

472 1798 589 1837 una
620 1797 735 1835 non
758 1779 1003 1835 essetis?
1025 1777 1254 1848 Excepit
1275 1780 1435 1847 pater
1464 1817 1475 1829 .
1504 1774 1752 1830 Omnino
1786 1790 1945 1828 sane.
1978 1776 2124 1827 Tum

2230 611 2383 685 τοὺς,
2417 616 2451 684 ἡ
2510 619 2739 688 ζήτησις
2787 618 2866 673 ἐπ’
2916 618 3121 673 ἐκείνου
3165 620 3449 695 γενήσεται
3481 619 3545 675 9⁵.
3602 619 3701 673 Καὶ
3735 621 3890 693 ὁμῶς

2233 700 2418 757 πολλᾶ
2468 701 2867 781 διαλεχθέντες,
2926 708 3016 761 καὶ
3063 706 3152 762 ἐπὶ
3198 709 3277 778 τῷ
3330 708 3734 783 ἀναγνωρισμῷ
3780 730 3894 786 χα-

2235 796 2329 865 ρᾶς
2362 795 2403 828 9⁷
2434 792 2839 869 πληρωθέντες,
2869 796 2957 851 καὶ
2991 802 3136 868 Θετῷ
3165 795 3383 865 πολλὴν
3416 798 3577 874 χάριν
3611 800 3653 835 ⁹⁸
3685 799 3899 871 ὁμολο-

2233 885 2451 954 γοῦντες
2481 886 2547 952 9°,
2597 882 2820 962 ἑσπέρας
2868 879 3308 956 καταλαϐούσης,
3363 885 3438 948 εἰς
3506 885 3668 942 ὕπνον
3733 888 3898 962 ἐτρά-

2232 989 2307 1039 πη
2320 991 2414 1041 μεν
2425 1015 2437 1028 .

2304 1065 2514 1117 CXXII.
2586 1066 2825 1139 Ὅρθρου
2870 1059 2927 1118 δὲ
2972 1061 3286 1139 γενομένου,
3338 1062 3366 1117 6
3395 1064 3577 1140 πατὴρ
3623 1064 3759 1137 μετὰ
3787 1072 3896 1136 τῆς

2238 1149 2442 1222 μητρὸς
2470 1152 2538 1187 ¹⁰⁰
2568 1150 2657 1206 καὶ
2686 1155 2792 1206 τῶν
2824 1157 2988 1228 τριῶν
3020 1152 3150 1206 υἱῶν
3184 1151 3440 1216 εἰσελθὼν
3470 1151 3594 1208 ἔνθα
3624 1155 3652 1208 ὁ
3683 1155 3895 1230 Πέτρος

2233 1238 2321 1308 ἦν,
2359 1242 2375 1277 ¹
2416 1239 2505 1293 καὶ
2537 1241 2996 1317 προσαγορεύσας,
3030 1240 3287 1312 ἐκαθέσθη
3309 1260 3321 1274 ·
3356 1238 3539 1297 ἔπειτα
3568 1244 3659 1297 καὶ
3698 1245 3891 1316 ἡμεῖς,

2234 1326 2397 1382 αὐτοῦ
2423 1327 2798 1392 κελεύσαντος.
2830 1332 2929 1385 Καὶ
2951 1331 2979 1385 6
3010 1330 3215 1407 Πέτρος
3262 1332 3354 1386 τὸν
3406 1331 3612 1407 πατέρα
3644 1336 3665 1368 ²
3711 1353 3890 1407 προσ-

2234 1410 2441 1489 ϐλέψας
2466 1434 2478 1447 ·
2516 1415 2743 1473 Σπεύδω
2768 1440 2845 1488 σε,
2902 1416 3028 1497 ἔφη,
3078 1418 3360 1497 ὁμόφρονα
3397 1418 3637 1495 γενέσθαι
3670 1421 3893 1494 γυναικὶ

2231 1504 2320 1559 καὶ
2350 1506 2578 1575 τέκνοις,
2611 1504 2759 1570 ὅπως
2800 1506 2984 1571 αὐτοῖς
3027 1508 3116 1563 καὶ
3164 1507 3380 1563 ένταυϐα
3430 1507 3748 1582 ὁμοδίαιτος
3794 1510 3894 1583 ᾖς,

2233 1593 2387 1648 κάκεῖ
2439 1595 2571 1667 μετὰ
2609 1596 2700 1649 τὸν
2756 1596 2859 1650 ἀπὸ
2906 1600 3003 1651 τοῦ
3048 1598 3301 1669 σώματος
3347 1603 3447 1666 τῆς
3493 1600 3678 1671 ψοχῆς
3710 1618 3898 1673 χωρι-

2235 1684 2397 1755 σμὸν,
2444 1683 2656 1739 συνὼν³
2706 1684 2757 1738 έν
2806 1684 3107 1762 εὐφροσύνῃ
3176 1683 3382 1762 διάγῃς.
3435 1688 3509 1741 Ἦ
3555 1688 3658 1762 γὰρ
3710 1686 3776 1740 οὐ
3827 1688 3901 1740 τὰ

2239 1772 2466 1847 μέγιστά
2498 1773 2554 1827 σέ
2583 1794 2642 1827 τε
2672 1772 2834 1829 λυπεῖ
2860 1774 2948 1829 καὶ
2981 1774 3174 1837 αὐτοὺς
3221 1775 3284 1829 τὸ
3318 1776 3393 1847 μὴ
3446 1773 3722 1846 ἀλλήλοις
3772 1798 3902 1831 συν-

472 1872 716 1926 Petrus:
751 1870 809 1924 Si
841 1884 998 1940 ergo,
1050 1866 1143 1922 hic
1174 1866 1419 1920 invicem
1469 1870 1765 1935 separatos
1815 1878 1943 1917 esse
2002 1876 2124 1916 mo-

2248 1866 2368 1915 εἶναι
2395 1880 2408 1929 ;
2444 1861 2538 1915 Καὶ
2570 1863 2599 1917 6
2631 1864 2810 1939 πατὴρ
2842 1867 2863 1900 ὀ
2889 1860 3012 1941 ἔφη*
3049 1863 3146 1918 Καὶ
3186 1864 3320 1918 πάνυ
3352 1885 3435 1939 γε.
3471 1864 3570 1919 Καὶ
3602 1866 3629 1918 6
3666 1864 3901 1939 Πέτρος·

472 1960 645 2015 lestia
674 1958 881 2025 afﬁcit;
900 1957 1009 2012 hoc
1039 1956 1136 2010 ubi
1156 1958 1540 2025 postmortem
1569 1952 1738 2024 plane
1769 1951 1883 2019 ﬁet,
1908 1954 2130 2021 quanto

475 2048 662 2119 magis
704 2046 1013 2102 molestum
1052 2044 1158 2100 erit
1200 2051 1253 2099 te
1302 2042 1563 2113 quidem,
1617 2042 1718 2112 qui
1767 2040 1853 2095 vir
1898 2040 2131 2109 sapiens

477 2154 559 2206 es,
593 2136 811 2190 ratione
840 2140 951 2189 tute
982 2132 1272 2203 opinionis
1303 2130 1559 2202 disjungi
1587 2148 1621 2186 a
1650 2130 1766 2184 tuis
1792 2146 1805 2197 ;
1839 2128 1969 2184 illos
1999 2144 2131 2183 vero

480 2225 666 2281 multo
698 2223 882 2297 magis
911 2222 1122 2289 dolere,
1151 2222 1302 2292 quod
1335 2220 1522 2277 sciant
1544 2227 1595 2275 te
1624 2219 1737 2274 alia
1761 2217 2130 2288 sentientem,

479 2319 762 2369 mternum
807 2310 1153 2383 supplicium
1184 2310 1258 2367 ob
1296 2309 1415 2366 veri
1448 2309 1737 2381 dogmatis
1769 2308 2133 2377 negationem

481 2404 758 2457 manere?

550 2491 784 2546 CXXIII.
820 2488 915 2544 7Et
946 2494 1109 2559 pater
1137 2488 1319 2543 dixit:
1354 2489 1425 2542 At
1457 2502 1574 2542 non
1608 2486 1690 2542 ita
1721 2488 1833 2553 est,
1864 2501 1895 2540 ο
1930 2483 2136 2550 amice,

478 2585 541 2637 ut
571 2580 723 2651 apud
750 2578 962 2635 inferos
990 2578 1195 2633 animae
1226 2577 1578 2648 puniantur;
1631 2590 1908 2646 quontam
1939 2573 2138 2629 anima

481 2667 657 2726 simul
689 2672 863 2739 atque
893 2684 927 2722 a
956 2682 1193 2739 corpore
1236 2665 1499 2733 discedit,
1550 2664 1605 2718 in
1651 2679 1839 2719 aerem
1871 2661 2136 2719 dissolvi-

486 2766 598 2814 tur.
634 2757 869 2828 Excepit
898 2757 1130 2812 Petrus:
1167 2756 1367 2825 Itaque
1414 2770 1599 2824 usque
1638 2754 1778 2808 dum
1816 2753 1918 2809 hac
1959 2752 2029 2807 de
2078 2766 2140 2806 re

487 2848 594 2902 tibi
622 2846 1098 2917 persuadeamus,
1130 2843 1417 2915 responde
1467 2841 1639 2899 mihi:
1685 2858 1879 2898 nonne
1922 2841 2026 2897 tibi
2064 2839 2143 2894 vi-

490 2937 675 3007 detur,
726 2938 779 2989 te
819 2935 1054 3005 quidem
1103 2932 1200 3004 qui
1250 2933 1476 2987 futuras
1506 2948 1703 3002 pcenas
1762 2948 1876 2986 non
1928 2930 2139 2997 credis,

492 3039 861 3096 nequaquam
892 3023 1125 3091 dolere;
1162 3020 1293 3077 illos
1332 3037 1484 3088 vero,
1528 3021 1624 3090 qui
1667 3035 2006 3090 persuasum
2038 3020 2140 3075 ha-

494 3114 630 3169 bent
661 3128 776 3167 non
809 3127 1046 3184 parvam
1077 3118 1128 3166 te
1145 3124 1376 3164 manere
1400 3107 1808 3175 calamitatem,
1832 3107 2141 3175 plurimum

494 3202 664 3274 angi?
693 3202 840 3257 Tum
872 3205 1063 3273 pater:
1123 3198 1291 3255 Recte
1339 3197 1503 3253 dicis.
1549 3196 1752 3251 Petrus
1806 3199 2037 3251 autem:
2074 3198 2143 3251 Et

493 3307 673 3363 quare
702 3291 955 3346 maximo
1004 3290 1075 3345 de
1102 3292 1158 3343 te
1208 3302 1453 3343 mmrore
1496 3302 1610 3341 non
1669 3300 1767 3341 eos
1816 3283 2139 3341 liberabis?
2170 3263 2212 3330 Ο

491 3381 626 3436 ﬁdei
659 3382 1016 3447 assentiens;
1077 3394 1191 3433 non
1247 3378 1463 3448 pudore
1500 3376 1756 3445 inquam,
1811 3375 1911 3430 sed
1955 3375 2139 3447 tequi-

491 3473 635 3537 tate;
668 3470 738 3524 de
782 3469 855 3524 iis
887 3484 1007 3539 quas
1039 3467 1145 3523 tibi
1198 3484 1231 3522 a
1269 3482 1363 3521 me
1410 3466 1683 3521 dicuntur
1740 3464 2053 3533 audiendo,
2083 3468 2140 3521 et

483 3559 801 3629 judicando
833 3565 1027 3612 utrum
1060 3573 1126 3612 ea
1157 3556 1238 3612 ita
1268 3572 1447 3611 necne
1481 3554 1742 3610 habeant.
1783 3556 1855 3609 Ac
1908 3554 1953 3608 si
2012 3555 2138 3625 qui-

488 3648 620 3703 dem
650 3646 729 3701 ita
766 3650 873 3713 est,
908 3650 970 3700 ut
1006 3644 1281 3711 dicimus;
1316 3649 1373 3699 et
1424 3644 1519 3699 hic
1574 3659 1685 3699 una
1736 3659 1869 3699 cum
1920 3643 2139 3699 charis-

491 3737 654 3791 simis
710 3735 1121 3799 delectaberis,
1172 3738 1228 3789 et
1270 3732 1389 3787 illic
1434 3748 1567 3787 cum
1618 3732 1838 3788 eisdem
1885 3732 2141 3802 requiem

491 3825 886 3897 consequeris.
920 3823 1081 3888 Quod
1139 3823 1188 3877 si
1234 3821 1292 3876 in
1325 3820 1634 3876 verborum
1692 3824 1929 3876 tuorum
1959 3821 2140 3877 disce-

493 3914 749 3986 ptatione
770 3911 1117 3978 ostenderis,
1149 3926 1277 3981 quae
1308 3926 1341 3963 a
1370 3909 1539 3965 nobis
1570 3909 1893 3965 afferuntur
1936 3910 2141 3967 falsam

494 4020 618 4060 esse
649 4001 935 4071 fabulam;
969 4001 1144 4057 etiam
1194 4000 1323 4055 illos
1370 3999 1523 4054 idem
1580 4002 1772 4055 tecum
1830 4000 2142 4056 sentientes

495 4090 762 4159 accipies,
793 4089 992 4160 sicque
1021 4087 1259 4158 pulchre
1311 4086 1506 4142 facies.
1571 4086 1637 4141 Ut
1669 4086 1821 4141 enim
1855 4104 1997 4143 vanu
2039 4104 2141 4159 spe

494 4179 665 4233 inniti
684 4177 969 4234 desistant
985 4177 1218 4246 eiﬁcies,
1233 4192 1448 4247 eosque
1468 4174 1682 4231 falsaru
1694 4193 1745 4232 m
1777 4193 1969 4232 rerum
1984 4181 2140 4233 metu

496 4266 793 4323 liberabis.

565 4355 800 4412 CXXIV.
833 4356 901 4411 Et
930 4360 1121 4427 pater:
1174 4354 1358 4411 Multa
1388 4354 1531 4410 mihi
1560 4354 1775 4411 videris
1816 4355 2006 4411 dicere
2050 4373 2140 4411 ra-

493 4444 641 4502 tioni
667 4450 1076 4501 consentanea.
1120 4448 1199 4499 Ac
1233 4443 1465 4499 Petrus:
1509 4444 1656 4507 Quid
1699 4460 1834 4514 ergo
1877 4444 2137 4516 impedit,

495 4540 707 4590 nostris
740 4542 791 4590 te
832 4533 967 4589 ﬁdei
995 4532 1308 4588 assentiri?
1356 4532 1479 4587 Non
1513 4534 1669 4588 enim
1704 4533 1955 4604 nogotiis
1987 4551 2135 4589 mer-

2242 1949 2305 2005 Εἰ
2339 1948 2429 2004 οὖν
2463 1950 2685 2015 ἐνταῦθα
2713 1952 2775 2007 τὸ
2815 1950 3079 2023 ἀλλήλων
3130 1952 3463 2029 κεχωρίσθαι
3514 1952 3701 2021 λυπεῖ,
3763 1955 3904 2026 μετᾶ

2244 2040 2465 2103 θάνατον
2515 2041 2729 2103 πάντως
2759 2043 2780 2076 ⁵
2824 2042 3130 2117 γενόμενον,
3182 2042 3335 2115 πόσῳ
3383 2063 3448 2117 γε
3497 2040 3711 2115 μᾶλλον
3744 2045 3765 2080 ⁵
3794 2041 3898 2097 λυ-

2241 2130 2429 2199 πήσει,
2460 2128 2516 2183 σε
2550 2131 2643 2201 μὲν
2674 2127 2841 2205 ἄνδρα
2870 2129 3059 2207 σοφὰν,
3092 2126 3242 2198 ὄντα,
3272 2135 3351 2202 τῷ
3378 2138 3479 2200 τῆς
3511 2132 3745 2205 γνώμης
3796 2153 3900 2187 σου

2244 2216 2398 2291 λόγῳ
2427 2222 2686 2274 τῶν.σῶν
2732 2220 3092 2295 κεχωρίσθαι,
3142 2219 3338 2283 αὐτοὺς
3390 2217 3448 2275 δὲ
3496 2219 3641 2275 πολὺ
3678 2218 3899 2294 μᾶλλον

2245 2303 2550 2379 ὀδυνᾶσθαι,
2580 2312 2659 2379 τῷ
2690 2305 2907 2379 εἰδέναι,
2940 2308 3024 2364 ὅτι
3078 2330 3135 2365 σε
3165 2306 3311 2363 ἄλλα
3341 2314 3641 2387 φρονοῦντα
3670 2310 3899 2373 αἰώνιος

2250 2395 2393 2467 μένει
2425 2395 2670 2467 κόλασις,
2706 2396 2873 2472 ῥητοῦ
2905 2394 3173 2473 δόγματος
3203 2397 3503 2474 ἀποφάσει;

2318 2484 2551 2539 CXXIII.
2586 2484 2685 2539 Καὶ
2717 2485 2746 2539 6
2772 2486 2950 2560 πατὴρ
2982 2484 3105 2563 ἔφη’
3141 2485 3295 2543 Ἀλλ’
3326 2486 3424 2542 οὐκ
3465 2483 3629 2555 ἔστιν,
3678 2489 3722 2541 ὦ
3768 2486 3902 2564 φίλ-

2245 2593 2389 2640 τατε,
2421 2571 2567 2627 τὸέν
2609 2569 2739 2643 ᾅδου
2770 2576 2952 2650 ψυχὰς
2982 2578 3002 2611 ⁸
3041 2577 3388 2645 κολάζεσθαι,
3438 2576 3605 2645 αὐτῆς
3655 2576 3772 2649 ’ἅμα
3824 2581 3905 2648 τῷ

2248 2661 2541 2730 ἀποστῆναι
2588 2667 2684 2717 τοῦ
2737 2664 3011 2735 σώματος,
3064 2664 3140 2726 εἷς
3188 2663 3319 2740 ἀέρα
3375 2664 3669 2737 λυομένης·
3721 2665 3822 2718 Καὶ
3874 2666 3903 2718 6

2251 2745 2452 2826 Πέτρυς
2501 2747 2601 2828 ἔφη
2630 2769 2643 2784 ·
2696 2751 2903 2827 Μέχρις
2955 2750 3044 2806 οὗν
3097 2752 3186 2807 ὅτε
3231 2752 3354 2829 περὶ
3400 2751 3596 2807 τούτου
3643 2752 3905 2825 πείσομέν

2250 2860 2331 2906 σε,
2360 2838 2645 2913 ἀπόκριναί
2682 2861 2773 2913 μοι
2801 2860 2813 2872 ·
2847 2842 2907 2894 ού
2960 2838 3109 2896 δοκεῖ
3140 2862 3244 2913 σοι,
3295 2842 3351 2896 σὲ
3403 2841 3496 2914 μὲν
3556 2846 3624 2915 τῇ
3674 2841 3905 2896 κολάσει

2253 2924 2635 2983 διαπιστοῦντα
2670 2929 2744 3001 μή
2785 2932 2806 2966 9
2836 2927 3141 3001 λυπεῖσθαι,
3176 2930 3413 2992 ὕκείνους
3445 2928 3502 2985 δὲ
3534 2934 3579 2968 ¹⁰
3624 2930 3745 3005 περί
3803 2935 3906 2985 σοῦ

2251 3018 2665 3090 πεπεισμένους,
2717 3019 2793 3080 ὡς
2840 3018 2941 3093 ἄρα
2989 3018 3051 3073 οὐ
3105 3019 3297 3093 μικρὰν
3350 3016 3497 3096 ἔχεις
3547 3020 3809 3094 ἀνάγκην,
3849 3020 3913 3074 ἐκ

2251 3111 2509 3180 περισσοῦ
2558 3107 2833 3177 dimidiati;
2887 3107 2984 3162 Καὶ
3032 3110 3059 3163 6
3124 3110 3339 3183 πατήρ*
3414 3108 3758 3167 Ἀκολούθως
3811 3106 3910 3163 λέ-

2251 3216 2388 3270 γεις.
2423 3194 2523 3251 Καὶ
2557 3196 2584 3249 6
2616 3194 2817 3270 Πέτρος
2840 3216 2851 3228 ⁶
2888 3197 2986 3251 Διά
3016 3197 3067 3252 τί
3098 3194 3155 3252 δὲ
3183 3196 3378 3259 αὐτοὺς
3429 3197 3527 3252 οὐκ
3570 3195 3909 3267 ἀπαλλάξεις

2255 3284 2515 3359 μεγίστης
2562 3284 2684 3360 περὶ
2733 3288 2828 3341 σοῦ
2889 3285 3108 3356 λύπης;
3174 3289 3243 3359 τῇ
3310 3285 3483 3341 πίστει
3553 3284 3903 3357 συνθέμενος,

2248 3373 2309 3429 ού
2362 3372 2605 3446 δυσωπίᾳ
2662 3373 2829 3450 λέγω,
2881 3372 3006 3430 ἀλλ’
3054 3374 3452 3451 εὐγνωμοσύνῃ,
3503 3375 3625 3450 περί
3673 3378 3779 3427 τῶν
3820 3375 3914 3428 ὑπ’

2249 3462 2385 3536 ἐμοῦ
2434 3462 2745 3538 λεγομένων
2787 3485 2871 3520 σοι
2933 3464 3164 3532 ἀκούων,
3213 3465 3303 3518 καὶ
3346 3463 3543 3540 κρίνων
3617 3462 3661 3518 εἰ
3732 3467 3913 3517 ταῦτα

2250 3553 2391 3607 οῦτω
2474 3550 2498 3573 ”
2658 3555 2671 3575 ‘
2757 3550 2784 3571 ”
2952 3552 2966 3572 ³
3043 3554 3057 3573 ’
3292 3554 3317 3572 ’³
3467 3551 3491 3571 ”
3629 3553 3643 3574 ²
3780 3550 3795 3581 ί

2397 3575 2421 3615 ς
2472 3574 2587 3629 εχει
2636 3556 2670 3622 ἠ
2724 3576 2806 3612 ου.
2867 3556 2969 3611 Και
3015 3575 3060 3608 ει
3114 3554 3205 3627 μὲν
3258 3574 3433 3614 ουτως
3466 3573 3580 3629 εχει
3614 3574 3687 3614 ως
3738 3550 3910 3627 λε.γο-

2254 3664 2370 3717 μεν,
2420 3643 2508 3696 καὶ
2566 3639 2673 3697 ὦδε
2720 3640 3141 3704 συναπολαύσεις
3191 3647 3308 3704 τοῖς
3372 3640 3678 3719 φιλτάτοις,
3747 3641 3921 3696 κάκεῖ

2251 3730 2648 3801 συναναπαύση.
2702 3731 2767 3786 Εἴ
2816 3728 2872 3786 δὲ
2920 3731 2971 3787 ἐν
3015 3736 3084 3805 τῇ
3133 3735 3240 3787 τῶν
3298 3730 3480 3806 λόγων
3513 3735 3557 3770 ¹¹
3590 3729 3684 3785 σοῦ
3716 3730 3905 3804 σκέψει

2251 3820 2421 3895 δείξῃς
2469 3820 2533 3874 τὰ
2584 3821 2666 3898 ὑᾴ
2709 3822 2867 3894 ἡμῶν
2918 3820 3186 3895 λεγόμενα
3234 3817 3409 3894 ψευδῆ
3453 3841 3571 3874 τινα
3625 3822 3791 3893 μῦθον
3827 3821 3907 3874 εἶ-

2247 3930 2348 3977 ναι,
2397 3909 2486 3964 καὶ
2540 3910 2939 3984 ὁμογνώμονας
2988 3930 3084 3965 σου
3134 3905 3327 3972 λάϐοις
3380 3908 3596 3977 αὐτοὺς,
3639 3910 3729 3963 καὶ
3760 3908 3920 3964 οὕτω

2248 3998 2431 4060 καλῶς
2480 4000 2728 4068 ποιήσεις
2764 4000 2805 4034 ³⁵³
2832 4017 2843 4029 ·
2893 4002 2991 4053 τοῦ
3038 4019 3097 4053 τε
3146 3999 3246 4074 γὰρ
3278 4002 3457 4059 κεναῖς
3487 3996 3665 4052 ἐλπίσι
3700 3996 3926 4069 ἐπερεί-

2251 4086 2431 4142 δεσθαι
2482 4085 2724 4158 παύσεις,
2774 4088 2862 4142 καὶ
2913 4082 3068 4166 φόϐῳ
3103 4091 3148 4125 ³³
3186 4086 3379 4150 αὐτοὺς
3412 4083 3623 4162 ψευδῶν
3657 4084 3915 4141 ἀπαλλά-

2251 4177 2353 4247 ξεις
2390 4181 2454 4233 ιδ.

2320 4356 2547 4413 CXXIV.
2585 4356 2685 4411 Καὶ
2716 4354 2743 4409 6
2774 4356 2955 4431 πατὴρ
2982 4372 2994 4388 ⁸
3028 4354 3223 4411 Πολλὰ
3271 4353 3431 4433 φαίνῃ
3464 4356 3509 4392 1⁸
3561 4376 3653 4428 μοι
3704 4352 3914 4432 εὔλογα

2251 4444 2449 4520 λέγων.
2484 4444 2580 4499 Καὶ
2631 4445 2658 4499 6
2708 4445 2911 4519 Πέτρος
2942 4448 3005 4482 1⁸·
3056 4445 3117 4499 Τί
3166 4446 3256 4500 οὗν
3292 4444 3401 4500 ἐστι
3432 4445 3495 4500 τὸ
3524 4442 3738 4500 κωλύον
3774 4466 3907 4499 συν-

2250 4534 2427 4599 θέσθαι
2482 4555 2539 4588 σε
2583 4538 2651 4608 τῇ
2702 4534 2943 4609 ἡμετέρᾳ
2989 4534 3213 4604 πίστει;
3262 4531 3395 4589 Οῦτε
3440 4533 3541 4608 γὰρ
3608 4531 3905 4609 ἀσχολίαις

492 4630 726 4694 caturae,
761 4624 1057 4679 actionum
1090 4621 1474 4693 publicarum,
1506 4621 1892 4691 agriculture,
1922 4621 2133 4679 sollici-

2248 4622 2594 4699 ἀγορασμῶν,
2628 4620 2751 4677 οὔτε
2780 4623 3047 4699 πράξεων,
3081 4621 3203 4679 οὕτε
3248 4627 3554 4700 γεωργιῶν,
3615 4622 3676 4677 ού
3730 4642 3903 4700 φρον-

490 4712 1028 4782 tudiuum;horum
1063 4710 1224 4766 nullo
1272 4711 1566 4766 retineris:
1606 4717 1764 4781 potes
1812 4716 2002 4767 autem
2046 4715 2135 4768 in-

488 4801 762 4875 telligere,
797 4800 945 4856 nihil
973 4817 1174 4856 eorum
1207 4816 1333 4871 quae
1365 4806 1522 4865 sunt,
1553 4799 1810 4868 fortuito,
1846 4802 2008 4871 quasi
2044 4820 2135 4858 ne-

490 4907 785 4965 quaquam
824 4890 1034 4945 existat
1080 4888 1461 4961 providentia,
1505 4888 1753 4944 evenire.
1796 4890 1971 4959 Cujus
2011 4892 2137 4963 qui-

489 4982 621 5037 dem
653 4981 734 5036 rei
791 4981 1203 5037 documentum
1254 4978 1823 5045 manifestissimum,
1864 4995 1990 5049 quae
2030 4981 2136 5036 tibi

489 5069 799 5141 liberisque
829 5070 946 5125 tuis
978 5083 1045 5125 ac
1066 5067 1226 5122 uxori
1250 5066 1605 5122 acciderunt.
1637 5066 1783 5122 Nam
1816 5068 1865 5122 si
1894 5069 2048 5140 apud
2082 5076 2135 5125 te

2240 4710 2429 4782 τίδων,
2483 4709 2655 4767 οὐδενὶ
2697 4710 2901 4767 τούτων
2950 4712 3191 4789 κατέχῃ·
3249 4710 3466 4768 δύνασαι
3520 4709 3579 4768 δὲ
3633 4718 3772 4767 νοεῖν
3823 4713 3902 4776 ὡς

2244 4802 2342 4856 οὐκ
2390 4802 2707 4875 αὐτομάτως
2758 4801 2969 4877 ἐγένετό
3016 4824 3067 4857 τι
3114 4806 3223 4858 τῶν
3256 4796 3449 4872 ὄντων,
3502 4801 3589 4857 οἶα
3636 4802 3902 4876 προνοίας

2244 4889 2342 4945 οὐκ
2388 4887 2574 4957 οὔσης.
2626 4890 2724 4945 Καὶ
2774 4890 2970 4946 τούτου
3023 4889 3225 4967 δεῖγμα
3275 4892 3626 4970 σαφέστατον,
3674 4890 3741 4946 τὰ
3770 4894 3905 4966 περὶ

2244 4981 2300 5033 σὲ
2328 4979 2417 5033 καὶ
2459 4980 2525 5033 τὰ
2577 4978 2642 5033 σὰ
2689 4979 2847 5035 τέκνα
2892 4980 2983 5035 καὶ
3029 4982 3128 5051 τὴν
3174 4985 3401 5057 γυναῖκα
3441 4981 3794 5057 γεγενημένα·
3834 4981 3906 5036 Εἰ

2240 5070 2342 5144 γὰρ
2392 5068 2537 5144 παρὰ
2584 5067 2669 5123 σοὶ
2719 5067 2870 5133 ὄντες
2912 5068 3001 5125 καί
3050 5068 3125 5135 εἷς
3158 5068 3315 5145 δεῦρο
3347 5068 3670 5146 ἐτύγχανον,
3704 5068 3804 5125 οὐκ
3836 5069 3901 5125 ἂν

1838 5238 2074 5295 VARle
2132 5240 2541 5297 LECTIONES.

561 5364 604 5398 9⁵
650 5363 725 5417 al.
778 5360 886 5440 die“
924 5362 994 5440 95‘
1026 5359 1099 5440 al.
1161 5360 1433 5440 ysvéant_
1462 5355 1701 5440 δύναται,
1752 5363 1795 5440 97
1846 5361 1919 5440 al.
1969 5359 2407 5440 1r_).n_a0é_vrsc._°3
2456 5363 2530 5419 al.
2560 5360 3391 5440 ⁸εύχαριστήσοιντες,ἑσπέρας..
3449 5366 3494 5401 ⁹⁹
3550 5364 3624 5421 al.
3684 5362 3902 5436 ὁμολο-

485 5434 764 5509 γήσαντεςζ
822 5434 889 5509 ί(ξο
946 5431 1019 5509 al.
1076 5431 1252 5509 inser-
1315 5431 1497 5509 ἡμῶν·
1562 5436 1577 5468 ¹
1634 5434 1814 5509 (ξοδ-ει.
1968 5434 2040 5490 al.
2074 5431 2237 5509 ’_al._
2272 5438 2351 5506 τῷ
2408 5431 2759 5509 πατρί.β’“8τ1.

2812 5436 3036 5491 συνόντα
3081 5434 3299 5491 ἄλυπον
3357 5434 3590 5499 ἔσεσθαι.
3648 5444 3669 5478 ι
3725 5434 3905 5495 deest

486 5499 703 5579 i'nhaL
740 5505 760 5537 ⁵
817 5504 899 5579 al.
953 5499 1308 5579 ὀφειλόμενον
1361 5499 1487 5579 ὑμῖν
1554 5503 1667 5575 μετ’
1723 5500 1987 5579 ἀλλήλων
2052 5506 2126 5577 μὴ
2189 5499 2343 5571 εἶναι,
2403 5499 2574 5579 πόσίμ.
2618 5508 2644 5579 ⁸,
2672 5508 2985 5579 81.μίῐὶεϐῐ¹.
3047 5506 3181 5563 ού.⁷
3215 5509 3511 5579 Clement.,
3573 5508 3730 5579 hom.
3795 5526 3875 5566 xv

486 5592 535 5661 c;
573 5576 763 5661 i,_ete.
798 5574 924 5661 E:a‘l.
966 5555 1172 5661 φυχήνι.
1208 5577 1229 5610 ⁹
1259 5576 1334 5657 al.
1380 5555 1704 5661 άπιστὲῦντα
1742 5555 2126 5661 τέῇνΙκόλαέιί
2159 5579 2257 5649 μή.
2312 5555 2356 5615 ιδ
2404 5578 2457 5634 al
2503 5555 2697 5639 αΓύτοὺς
2746 5575 2803 5632 δὲ
2848 5555 3542 5655 πεπεισμένουξηάνάγκίιξν

485 5644 536 5712 ρὶ
571 5647 664 5730 σοῦ
711 5644 1265 5731 άνιᾶρθαιῇίῖόςρεξ.
1304 5646 1373 5731 ἱι;ι¹
1409 5646 1484 5728 al.
1538 5648 1581 5731 ξ²
1611 5646 1688 5731 ‘a-l.
1721 5645 1911 5731 ὀὕτως
1960 5644 2466 5731 missamissa,
2508 5647 2707 5713 αὐτοὺς
2754 5644 3149 5726 ὁμογνώμονάς
3198 5644 3282 5708 σοι
3332 5644 3599 5731 εἰληφὼς,
3631 5644 3739 5705 ’καὶ
3786 5651 3893 5707 τοῦ

483 5694 684 5777 κεναῖς.
721 5718 765 5753 1³
795 5715 870 5773 al.
902 5708 1109 5793 φόϐων.
1144 5718 1189 5752 1⁵
1219 5717 1383 5772 deest
1410 5694 1576 5772 al.
1611 5694 2705 5799 Haii'ﬁtieifiéli‘i.'gﬁiif'égg,"""
2757 5694 3147 5726 "ml'w‘mm‘
3199 5694 3282 5708 ’ν’
3332 5694 3599 5731 “’”“”⁸τ“’“”
