4118 6340
214 421 333 479 561

984 416 1517 479 CLEMENTINA.
1548 450 1627 462 —
1657 416 2003 480 EPITOME
2050 420 2152 479 DE
2198 420 2469 483 GESTIS
2514 423 2579 484 S.
2629 424 2885 484 PETRI.

3514 425 3632 484 562

210 550 307 605 τὸν
337 556 438 620 τῆς
485 542 753 611 εὐσεϐείας
792 547 961 623 λόγον
1012 546 1279 621 ἐδέξαντο,
1328 547 1427 603 οὐκ
1470 546 1530 603 ἂν
1578 548 1868 625 ἐπιγνῶναι

1988 550 2295 624 hucusque
2336 555 2711 625 mansissent,
2772 573 2886 611 non
2943 555 3343 628 suscepissent
3389 556 3629 613 verbum

212 641 316 708 τὴν
348 638 607 709 ἀλήθειαν
647 636 1017 709 ἠδυνήθησαν.
1070 640 1168 692 Διὰ
1211 642 1373 692 τοῦτο
1428 637 1562 710 μετὰ
1598 644 1699 707 τῆς
1745 636 1875 691 ἀπο-

214 727 447 801 δημίας,
499 728 587 783 καὶ
631 729 881 802 ναυάγιον
928 728 1287 801 ᾡκονομήθη,
1327 726 1416 781 καὶ
1462 731 1659 800 πικροῦ
1715 726 1873 780 θανά-

211 840 312 874 του
368 819 629 873 ὑπὸνοια·
681 817 908 891 προσέτι
960 814 1016 871 δὲ
1062 817 1151 872 καὶ
1202 820 1238 886 ἡ
1288 816 1411 887 περὶ
1457 816 1525 870 τὰ
1575 813 1875 886 Ἐλληνικᾶ

210 907 424 962 τούτων
459 904 804 975 ἅπησις,“ίν’
853 907 929 968 ὡς
980 906 1242 980 πρότερον
1292 904 1427 959 αὐτὰ
1475 901 1871 975 παιδευθέντες,

214 997 331 1052 εἶτα
368 991 764 1069 μεταϐαλόντες
809 995 945 1071 πρὸς
991 996 1090 1063 τήν
1143 989 1435 1059 εὐσέϐειαν,
1471 992 1687 1049 δυνατοὶ
1739 992 1869 1047 ὦσιν

213 1085 458 1158 ἑτοίμως
518 1084 652 1139 αὐτὰ
702 1084 790 1138 καὶ
855 1084 989 1157 μετά
1063 1081 1285 1145 πολλῆς
1342 1083 1713 1151 ἀνασκευάζειν
1772 1089 1871 1151 τῆς

212 1174 490 1236 εὖκολίας·
549 1174 639 1229 καὶ
696 1173 732 1227 ἃ
788 1177 967 1235 κακῶς
1022 1177 1321 1244 τηνικαῦτα
1377 1174 1513 1227 κατὰ
1566 1178 1665 1241 τῆς
1724 1170 1871 1226 εὐσε-

212 1259 369 1327 ϐείας
403 1259 847 1337 προυϐάλλοντο,
895 1262 1110 1325 τούτοις
1158 1262 1344 1323 καλῶς
1394 1261 1526 1336 ὑπὲρ
1572 1260 1740 1330 αὐτῆς
1779 1259 1868 1314 καὶ

211 1354 265 1410 ἐν
322 1351 501 1429 καιρῷ
557 1358 635 1426 τῷ
690 1354 1024 1427 προσήκοντι
1083 1353 1411 1429 χρήσαιντο.
1472 1347 1606 1424 Εἴσῃ
1666 1346 1722 1404 δὲ
1776 1350 1867 1404 καὶ

209 1442 379 1505 αὐτὸς
431 1446 613 1521 σαφῶς
658 1441 764 1497 ἀπό
812 1462 873 1517 γε
916 1445 1014 1496 τοῦ
1066 1445 1276 1515 μακροῦ
1321 1440 1518 1496 τούτου
1576 1439 1870 1515 ἀναγνωρι-

209 1536 381 1604 σμοῦ,
440 1531 529 1586 καὶ
587 1532 661 1585 ὧν
722 1529 917 1604 μεταξὺ
973 1533 1155 1608 σαφῶς
1205 1532 1248 1567 1⁷
1298 1531 1333 1598 ἡ
1385 1527 1617 1602 Πρόνοια
1656 1526 1779 1601 περὶ
1813 1527 1870 1581 σὲ

209 1620 594 1694 ᾠκονόμησεν,
646 1620 720 1681 ὡς
764 1620 867 1696 ἄρα
912 1616 1067 1674 οὐδὲν
1112 1622 1221 1674 τῶν
1278 1619 1579 1695 γινομένων
1630 1615 1867 1688 αὐτομά-

206 1730 320 1771 τως
352 1708 531 1771 οὕτως
562 1708 648 1763 καὶ
682 1709 800 1779 εἰκῆ
832 1706 1033 1783 γίνεται
1061 1726 1072 1741 ·
1108 1706 1235 1762 ἀλλ’
1288 1706 1463 1772 ἐκείνη
1505 1706 1646 1761 ἐστὶν
1747 1704 1866 1783 ἐφε-

210 1802 398 1852 στῶσα
442 1797 529 1851 καὶ
576 1796 702 1852 τόδε
764 1798 827 1852 τὸ
871 1802 973 1852 πᾶν
1025 1800 1393 1872 συγκρατοῦσα
1454 1792 1715 1866 διηνεκῶς
1776 1792 1866 1848 καὶ

208 1887 539 1962 συνέχουσα,
567 1886 612 1941 εἷ
659 1885 751 1941 καὶ
799 1887 865 1941 τὰ
911 1883 1098 1941 πολλὰ
1140 1886 1240 1955 τὴν
1289 1882 1524 1940 διάνοιαν
1564 1878 1867 1959 ὑπερϐαίνει

206 1978 310 2045 τὴν
341 1978 633 2051 ἡμετέραν.

289 2067 500 2122 CXXV.
550 2064 695 2120 Ἐπεὶ
743 2062 950 2119 τούτων
1001 2063 1230 2133 ἤκουσεν
1263 2064 1292 2118 6
1322 2064 1525 2139 πατὴρ,
1567 2063 1659 2117 τὸν
1708 2059 1869 2137 λόγον

214 2149 530 2223 ἀναλαϐὼν,
574 2154 664 2221 Μὴ
713 2152 922 2226 νόμιζε,
977 2150 1180 2227 εἴρηκε,
1228 2152 1381 2229 κύριέ
1432 2174 1541 2226 μου
1572 2152 1760 2227 Πέτρε,
1795 2150 1871 2211 ὠς

211 2242 397 2314 πάντη
437 2264 541 2317 μου
566 2240 893 2321 διαπέφευγε
920 2242 1011 2297 τὸν
1039 2246 1187 2312 νοῦν,
1221 2244 1257 2310 ἡ
1306 2241 1430 2317 περὶ
1479 2246 1575 2297 τοῦ
1626 2241 1728 2295 ὑπὸ
1776 2244 1871 2295 σοῦ

212 2334 632 2408 κηρυττομένου
682 2332 854 2407 λόγου
898 2329 1127 2404 δύναμις
1156 2350 1169 2364 ⁸
1220 2330 1366 2387 ἀλλά
1410 2332 1501 2386 καὶ
1547 2336 1643 2385 τοῦ
1682 2327 1874 2391 παιδὸς

216 2422 546 2496 Κλήμεντος
574 2419 762 2476 πολλά
794 2419 863 2476 δι’
894 2419 1033 2491 ὅλης
1065 2421 1257 2482 νυκτὸς
1298 2417 1624 2493 ὁμιλοῦντός
1672 2441 1765 2489 μοι
1809 2421 1872 2491 ¹⁸,

216 2512 361 2566 ὥστε
394 2510 671 2566 συνθέσθαι
717 2514 841 2572 τοῖς
885 2510 990 2564 ὑπὸ
1039 2513 1137 2564 σοῦ
1185 2507 1532 2584 λεγομένοις,
1576 2508 1665 2563 καὶ
1706 2507 1877 2563 πάντα

212 2600 424 2675 τρόπον
458 2599 535 2662 εἰς
562 2604 723 2655 τοῦτο
760 2597 1063 2674 ἐνάγοντος·
1090 2598 1151 2653 Τί
1192 2596 1301 2671 δαὶ,
1354 2599 1490 2671 πρὸς
1536 2597 1693 2653 αὐτὸν
1743 2594 1874 2672 ἔφην

217 2688 350 2765 ἐγὼ,
409 2686 625 2743 δύναταί
669 2709 753 2750 τις
802 2686 1147 2743 έντέλλεσθαί
1195 2709 1247 2742 τι
1293 2687 1623 2764 καινότερον,
1674 2688 1800 2761 παρ’
1848 2688 1878 2742 ’ὀ

215 2778 488 2854 πρότερον
548 2779 602 2832 οἱ
659 2778 882 2853 ἀρχαῖοι
943 2777 1249 2854 παρῄνεσαν
1302 2796 1316 2847 ;
1377 2778 1632 2839 Κάκεῖνος
1698 2777 1881 2852 ἠρέμα

215 2867 474 2944 γελάσας·
527 2864 723 2935 Πολλὴ
780 2864 1031 2945 διαφορὰ,
1082 2865 1271 2943 πάτερ,
1323 2868 1470 2938 εἷπε,
1526 2865 1719 2939 μεταξὺ
1769 2869 1876 2921 τῶν

220 2964 322 3027 τῆς
371 2952 675 3021 θεοσεϐείας
736 2954 914 3032 λόγων
975 2955 1065 3010 καὶ
1118 2963 1218 3025 τῆς
1279 2953 1626 3034 φιλοσοφίας.
1682 2961 1735 3009 '0
1774 2956 1878 3032 γὰρ

220 3054 325 3116 τῆς
359 3045 621 3116 ἀληθείας
654 3043 823 3120 λόγος
862 3046 963 3113 τὴν
1014 3044 1073 3099 ἐκ
1116 3043 1447 3122 προφητείας
1489 3041 1605 3119 ἔχει
1660 3040 1876 3119 βεϐαίαν

222 3134 523 3206 ἀπόδειξιν·
560 3137 585 3189 6
618 3132 676 3189 δὲ
702 3142 803 3204 τῆς
835 3132 1160 3212 φιλοσοφίας
1200 3134 1307 3189 ἀπὸ
1357 3134 1650 3198 συνθέσεως
1701 3133 1878 3210 λόγων

221 3226 315 3280 καὶ
348 3228 677 3300 στοχασμῶν
712 3221 862 3278 δοκεῖ
899 3224 1236 3299 παριστάνειν
1260 3223 1355 3286 τὰς
1410 3220 1729 3294 ἀποδείξεις.
1780 3223 1878 3278 Καὶ

1984 639 2237 711 pietatis,
2260 642 2564 698 veritatem
2592 661 2705 699 non
2740 644 3067 716 potuissent
3099 660 3435 717 agnoscere.
3491 646 3631 702 Pro-

1982 733 2110 799 pter
2140 728 2271 795 hoc,
2303 747 2434 785 cum
2467 734 2933 805 peregrinatione
2977 733 3347 805 naufragium
3398 750 3632 806 quoque

1982 818 2281 889 provisum
2312 825 2418 886 est,
2472 838 2537 875 ac
2566 821 2770 877 mortis
2800 822 3020 877 acerbae
3050 823 3306 893 suspicio
3332 839 3345 877 :
3400 829 3633 894 praeter-

1981 922 2165 977 eaque
2214 924 2416 963 eorum
2467 909 2525 964 in
2559 911 2772 966 Graecis
2808 911 3134 983 disciplinis
3164 912 3532 985 exercitatio;
3566 916 3631 967 ut

1982 995 2082 1068 qui
2114 995 2244 1051 illas
2275 998 2438 1069 prius
2468 999 2675 1069 edocti,
2708 1004 2764 1055 et
2794 1005 2995 1071 postea
3024 1001 3095 1055 ad
3147 1017 3339 1055 veram
3398 1000 3628 1073 religio-

1981 1101 2113 1139 nem
2144 1087 2405 1141 conversi
2450 1087 2717 1157 fuissent,
2777 1088 3041 1161 expedite
3100 1105 3430 1161 magnaque
3489 1106 3626 1146 cum

1981 1173 2257 1230 facilitate
2285 1181 2525 1247 possent
2573 1178 2808 1233 easdem
2868 1179 3199 1246 confutare;
3234 1182 3289 1233 et
3318 1194 3463 1250 quas
3520 1178 3627 1233 ali-

1982 1264 2216 1333 quando
2270 1264 2421 1320 male
2477 1271 2679 1321 contra
2736 1266 3076 1337 religionem
3134 1267 3484 1338 objecerant,
3536 1267 3628 1324 his

1982 1352 2128 1408 bene
2158 1359 2213 1408 et
2243 1358 2502 1425 tempore
2536 1354 2901 1411 convenienti
2935 1372 3037 1428 pro
3068 1356 3343 1428 religione
3397 1361 3627 1412 uteren-

1976 1444 2091 1496 tur.
2126 1443 2211 1497 Tu
2245 1460 2479 1515 quoque
2509 1461 2578 1500 ex
2608 1444 2717 1501 hac
2746 1449 2878 1517 post
2905 1444 3151 1517 longum
3202 1449 3433 1517 tempus
3466 1462 3624 1501 reco-

1976 1530 2257 1602 gnitione,
2290 1536 2348 1587 et
2405 1534 2480 1589 iis
2529 1550 2656 1605 quae
2712 1534 2948 1590 interim
3007 1538 3202 1606 aperte
3257 1534 3627 1590 Providentia

1977 1619 2132 1676 circa
2157 1625 2217 1676 te
2275 1622 2609 1691 constituit,
2662 1624 2971 1679 manifeste
3004 1622 3319 1695 intelliges,
3350 1623 3473 1680 nihi
3533 1640 3627 1679 eo-

1976 1725 2109 1763 rum
2143 1726 2275 1781 quaa
2307 1710 2477 1782 ﬁunt,
2512 1728 2648 1768 casu
2677 1712 2759 1767 ita
2778 1715 2836 1768 et
2867 1717 3085 1768 temere
3116 1711 3261 1782 ﬁeri,
3296 1712 3394 1767 sed
3438 1712 3629 1767 Provi-

1978 1798 2235 1853 dentiam
2271 1816 2540 1871 prasesse,
2575 1818 2641 1857 ac
2668 1817 2899 1873 semper
2929 1802 3227 1857 continere
3266 1802 3437 1873 aique
3496 1818 3628 1857 con-

1975 1902 2207 1943 servare
2237 1887 2387 1943 hanc
2410 1888 2871 1958 universitatem,
2920 1888 3056 1947 licet
3112 1890 3298 1946 multa
3353 1892 3630 1963 superent

1978 1980 2234 2031 mentem
2265 1980 2548 2032 nostram.

2049 2064 2249 2120 CXXV.
2285 2066 2600 2138 Postquam
2632 2066 2752 2123 haec
2784 2067 3007 2124 audivit
3053 2072 3236 2139 pater,
3296 2085 3625 2125 sermonem

1978 2170 2324 2210 resumens:
2357 2159 2441 2211 Ne
2471 2155 2792 2225 arbitreris,
2819 2156 3029 2226 inquit,
3064 2156 3297 2212 domine
3324 2157 3405 2212 mi
3438 2158 3622 2229 Petre,

1982 2243 2221 2298 omnino
2253 2260 2321 2298 ex
2352 2249 2547 2300 mente
2579 2262 2707 2301 mea
2733 2245 2851 2302 vim
2880 2246 3153 2301 doctrinae
3185 2250 3293 2301 ate
3324 2246 3627 2317 predicata:

1983 2332 2302 2387 excidisse:
2334 2334 2433 2388 sed
2467 2350 2600 2388 cum
2626 2333 2891 2391 Clemens
2924 2334 3081 2391 ﬁlius
3108 2334 3359 2389 multum
3391 2351 3494 2406 per
3540 2338 3629 2389 to-

1982 2424 2105 2477 tam
2135 2426 2361 2477 noctem
2394 2439 2625 2479 mecum
2680 2423 3131 2495 colloqueretur,
3166 2428 3229 2479 ut
3260 2441 3294 2479 a
3340 2429 3399 2478 te
3455 2422 3629 2479 dictis

1986 2510 2354 2577 assentirem,
2411 2512 2690 2584 omnique
2775 2513 2948 2568 modo
3008 2513 3080 2567 ad
3148 2512 3207 2568 id
3262 2512 3628 2584 impelleret:

1989 2600 2034 2636 ¹⁹
2063 2599 2211 2663 Quid
2243 2616 2399 2667 vero,
2432 2600 2548 2656 dixi
2574 2617 2678 2673 ego
2708 2601 2780 2656 ad
2840 2602 3057 2673 ipsum,
3109 2606 3375 2673 potestne
3420 2601 3633 2673 aliquis

1988 2689 2297 2761 praecipere
2320 2689 2622 2761 quidpiam
2656 2707 2894 2759 novum,
2928 2694 3137 2762 praeter
3165 2690 3222 2745 id
3266 2691 3416 2762 quod
3464 2695 3638 2746 antea

1988 2782 2208 2835 veteres
2294 2778 2700 2835 monuerunt?
2780 2783 2854 2834 At
2921 2778 3018 2835 ille
3066 2784 3380 2851 postquam
3429 2779 3637 2835 leniter

1990 2867 2119 2923 risit
2150 2885 2162 2923 :
2200 2868 2500 2941 Magnum,
2526 2868 2738 2940 inquit,
2771 2868 3085 2924 discrimen
3117 2873 3227 2940 est,
3260 2873 3444 2940 pater,
3486 2868 3637 2923 inter

1989 2956 2289 3029 religionis
2315 2974 2636 3028 sermones,
2670 2974 2736 3013 ac
2768 2956 3177 3031 philosophiae.
3230 2958 3432 3014 Sermo
3467 2975 3634 3013 nam-

1990 3061 2103 3116 que
2134 3046 2416 3113 veritatis,
2448 3062 2516 3102 ex
2538 3047 2845 3119 prophetia
2876 3048 3106 3103 ﬁrmam
3131 3046 3353 3103 obtinet
3394 3048 3635 3103 demon-

1988 3135 2340 3203 trationem;
2426 3135 2806 3207 philosophia:
2889 3153 3042 3205 vero,
3101 3152 3169 3192 ex
3215 3137 3634 3207 compositione

1987 3224 2296 3279 verborum
2329 3228 2387 3279 et
2417 3226 2882 3295 conjecturarum
2913 3225 3144 3280 videtur
3180 3223 3634 3280 demonstratio-

220 3316 381 3387 ὁμῶς
410 3319 582 3369 ταῦτα
612 3312 803 3381 εἰπὼν,
836 3309 1127 3387 δείγματος
1176 3314 1337 3389 χάριν
1383 3312 1475 3367 τόν
1519 3313 1642 3388 περί
1688 3312 1875 3391 φιλαν-

1998 3330 2100 3369 nes
2132 3314 2353 3369 aﬁ'erre.
2373 3312 2591 3385 Hisque
2612 3313 3285 3386 dictis,exempligratia,
3310 3312 3634 3369 doctrinam

400 3402 410 3421 .
556 3402 568 3422 ρ
760 3401 779 3433 ι
962 3402 983 3419 η
1094 3402 1107 3421 ,
1306 3406 1333 3417 η
1468 3402 1480 3421 ι
1711 3402 1724 3421 ,
1773 3406 1799 3417 η

224 3416 476 3479 θρωπιας
505 3402 669 3477 λογον
703 3402 928 3473 ἐξέθετο,
962 3423 1019 3457 ον
1053 3422 1114 3457 ου
1146 3400 1346 3474 πολλῳ
1378 3422 1638 3479 προτερον
1667 3424 1812 3474 αυτῳ
1831 3406 1875 3439 ²ί

224 3494 522 3568 ὑφηγήσω,
553 3492 629 3553 ὡς
661 3488 992 3553 ἀδικώτατός
1052 3512 1143 3564 μοι
1201 3489 1413 3563 μᾶλλον
1482 3490 1744 3570 ἐφαίνετο,
1788 3492 1879 3547 καὶ

217 3584 287 3637 τὸ
346 3587 489 3653 πῶς,
548 3580 675 3655 ἐρῶ.
737 3580 956 3635 Δίκαιον
1012 3577 1235 3657 ἔφασκεν
1291 3581 1465 3653 εἶναι,
1522 3582 1611 3636 καὶ
1665 3582 1747 3654 τῷ
1791 3581 1881 3637 τύ-

215 3692 415 3727 πτοντι
465 3669 628 3725 αὐτοῦ
664 3671 764 3739 τὴν
815 3667 1058 3745 σιαγόνα,
1107 3669 1452 3745 παρατιθέναι
1502 3671 1591 3725 καὶ
1636 3672 1737 3740 τήν
1784 3668 1880 3725 ἄλ-

217 3760 350 3831 λην·
384 3758 474 3813 καὶ
523 3762 603 3830 τῷ
649 3754 858 3835 αἶ’ροντι
906 3757 1070 3813 αὐτοῦ
1119 3759 1183 3813 τὸ
1228 3759 1482 3831 ἱμάτιον,
1532 3757 1879 3835 προσδιδόναι

217 3850 313 3903 καὶ
341 3849 437 3903 τὸν
470 3851 681 3923 χιτῶνα
705 3850 770 3919 ²²,
820 3845 1177 3923 ἀγγαρεύοντι
1231 3845 1289 3903 δὲ
1336 3851 1382 3885 ³³
1434 3846 1617 3921 μίλιον
1646 3846 1727 3919 ἓν,
1758 3869 1879 3904 συν-

219 3936 563 4013 απέρχεσθαι
590 3934 704 3991 δύο·
738 3936 829 3991 καὶ
858 3935 958 3991 ὅσα
982 3940 1225 3993 τοιαῦτα.

295 4116 538 4172 CXXVI.
597 4113 697 4168 Καὶ
750 4114 779 4168 6
833 4114 1035 4189 Πέτρος
1088 4112 1429 4189 ἀπεκρίνατο·
1491 4114 1647 4172 Ἀλλ’
1693 4115 1881 4189 ἐνόμι-

220 4226 318 4267 σας
386 4201 593 4258 ἄδικον·
652 4202 830 4257 καίτοι
889 4204 1010 4245 ’Μ’-2⁵
1054 4223 1115 4279 γε
1163 4200 1498 4258 δικαιότατόν
1542 4204 1673 4263 ἐστι.
1706 4208 1753 4242 ³⁸
1782 4206 1881 4260 Καὶ

224 4295 273 4350 εἲ
304 4314 396 4348 σοι
436 4290 599 4371 φίλον
650 4290 814 4363 ἐστὶν,
866 4292 1114 4348 ἄκουσον.
1166 4291 1265 4347 Καὶ
1315 4292 1375 4355 ’ὀς
1418 4291 1541 4369 ἔφη·
1590 4295 1735 4348 Πάνυ
1788 4314 1880 4367 μοι

224 4382 413 4461 φίλον.
448 4381 553 4437 Καὶ
584 4382 613 4435 6
645 4381 867 4456 Πέτρος·
907 4380 980 4434 Οὐ
1027 4378 1179 4435 δοκεῖ
1230 4401 1335 4451 σοι,
1386 4378 1481 4435 δύο
1536 4380 1747 4457 ἐχθρῶν
1785 4384 1880 4458 βα-

223 4473 430 4528 σιλέων
464 4468 631 4525 ὅντων
663 4469 752 4525 καὶ
785 4466 1117 4544 διῃρημένας
1164 4469 1260 4531 τὰς
1307 4470 1495 4546 χώρας
1543 4470 1803 4546 ἐχόντων,
1837 4469 1890 4525 εἷ’

221 4584 309 4623 τις
348 4560 410 4615 ἐκ
437 4564 543 4613 τῶν
572 4563 670 4614 τοῦ
701 4559 814 4621 ἑνὸς
848 4557 1101 4628 ὑπηκόων
1136 4556 1188 4612 ἐν
1227 4562 1296 4632 τῇ
1348 4563 1445 4613 τοῦ
1495 4560 1678 4633 ἑτέρου
1723 4562 1884 4636 χώρᾳ

227 4648 535 4729 φωραθείη,
568 4648 659 4702 καὶ
691 4645 778 4701 διὰ
818 4652 981 4702 τοῦτο
1021 4646 1243 4711 θάνατον
1287 4647 1499 4725 όφείλοι
1543 4652 1607 4719 ³⁷,
1654 4648 1740 4703 ἐὰν
1788 4649 1881 4725 ῥα-

226 4740 462 4811 πίσματι
508 4736 598 4791 καὶ
651 4737 725 4810 μή
775 4734 986 4807 θανάτῳ
1030 4742 1132 4804 τῆς
1182 4736 1449 4812 τιμωρίας
1498 4736 1767 4809 ἀπολυθῇ,
1818 4738 1880 4792 οὐ

230 4826 476 4906 φαίνεται
507 4826 536 4880 ὁ
574 4823 852 4887 ἀπολύσας
900 4822 1285 4902 φιλάνθρωπος
1340 4825 1472 4879 εἶναι
1502 4846 1527 4893 ;
1555 4826 1653 4880 Καὶ
1703 4827 1731 4881 6
1778 4848 1881 4881 πα-

227 4921 339 4992 τὴρ
396 4915 521 4992 ἔφη·
573 4914 673 4970 Καὶ
728 4914 889 4971 πάνυ.
939 4911 1042 4969 Καὶ
1103 4913 1133 4967 ὁ
1192 4913 1415 4988 Πέτρος·
1475 4915 1536 4968 Τί
1592 4911 1679 4969 δαὶ
1729 4918 1794 4985 ³⁸,
1838 4915 1883 4971 εἰ

228 5007 325 5063 καὶ
358 5003 495 5060 ἴδιόν
524 5025 577 5058 τι
606 5002 756 5065 τινὸς
787 5002 947 5065 αὐτὸς
978 5001 1135 5063 οὗτος
1166 5001 1433 5080 ἀφέληται
1480 5002 1515 5072 ἦ
1566 4999 1881 5081 ἀλλότριον,

225 5097 323 5153 καὶ
357 5098 403 5131 ²⁹
432 5093 521 5149 ἐπὶ
549 5092 728 5164 τούτῳ
758 5094 805 5129 ³ο
850 5087 1187 5168 συλληφθεὶς
1234 5088 1290 5146 ’ἐν
1333 5094 1375 5129 ³⁸
1407 5091 1442 5161 ἢ
1490 5088 1773 5148 διπλάσιον
1809 5090 1886 5165 δῷ

222 5182 627 5262 τετραπλάσιον
658 5182 774 5255 (15)
809 5178 1067 5259 ὀφείλων,
1098 5178 1282 5235 καὶτὸ
1330 5187 1504 5245 θανεῖν
1555 5181 1630 5244 ὡς
1680 5180 1731 5237 ἐν
1771 5187 1887 5244 τοῖς

306 5288 388 5361 (α)
415 5289 555 5341 Luc.
585 5299 665 5351 v1,
692 5282 800 5351 29;
835 5280 1042 5338 Matth.
1073 5295 1128 5349 ν,
1159 5279 1248 5335 39.

1989 3402 2059 3458 de
2092 3402 2460 3458 humanitate
2494 3402 2638 3457 mihi
2689 3403 2979 3474 exposuit,
3039 3418 3221 3475 quam
3279 3402 3452 3474 paulo
3502 3406 3635 3457 ante

1988 3493 2038 3549 ei
2070 3492 2544 3560 enarraveras”;
2581 3508 2707 3563 qua:
2740 3492 2883 3547 mihi
2917 3493 3171 3564 profecto
3223 3493 3477 3547 maxime
3523 3490 3635 3546 ini-

1989 3597 2104 3653 qua
2158 3581 2482 3636 videbatur.
2550 3581 2616 3635 Et
2662 3598 2777 3652 quo
2836 3582 3029 3649 modo,
3102 3582 3317 3638 dicam.
3383 3582 3635 3653 [Equum

1990 3670 2182 3727 aiebat
2236 3686 2365 3726 esse
2416 3674 2472 3724 et
2521 3669 2572 3725 ei
2626 3670 2727 3741 qui
2788 3670 3084 3726 maxillam
3133 3676 3295 3727 tuam
3364 3671 3632 3742 percutit,

1990 3760 2232 3815 alteram
2266 3775 2500 3831 quoque
2556 3775 2879 3831 opponere;
2933 3764 2989 3815 et
3018 3760 3069 3815 ei
3117 3761 3218 3833 qui
3250 3761 3437 3816 aufert
3466 3764 3633 3815 tuum

1990 3848 2257 3921 pallium,
2288 3848 2517 3904 tradere
2565 3848 2741 3905 etiam
2796 3848 3097 3917 tunicam;
3130 3853 3187 3905 et
3227 3866 3359 3904 cum
3408 3865 3473 3904 eo
3531 3846 3633 3919 qui

1988 3939 2061 3994 ad
2078 3937 2352 3993 milliaria
2367 3954 2551 3993 unum
2566 3938 2768 4011 adigit,
2784 3955 2886 4010 per
2897 3940 3013 3995 duo
3028 3938 3301 3995 milliaria
3320 3935 3630 4010 proﬁcisci,

1989 4032 2046 4083 et
2065 4027 2180 4083 alia
2210 4026 2428 4083 similia
2458 4027 2551 4099 (a).

2060 4116 2298 4173 CXXVI.
2360 4115 2681 4187 Respondit
2742 4116 2982 4172 Petrus:
3038 4116 3215 4186 Atqui
3272 4115 3382 4171 hoc
3435 4114 3631 4170 existi-

1991 4205 2165 4261 masti
2214 4204 2522 4276 iniquum:
2577 4221 2915 4275 quanquam
2967 4204 3373 4276 aequissimum
3413 4208 3519 4259 est.
3552 4208 3634 4259 Ac

1990 4294 2041 4351 si
2070 4293 2255 4364 lubet,
2315 4294 2474 4348 audi.
2539 4292 2639 4348 Ille
2689 4293 2869 4349 dixit:
2934 4294 3179 4349 Prorsus
3236 4292 3419 4349 lubet.
3482 4294 3633 4347 Tum

1994 4386 2236 4439 Petrus:
2270 4386 2420 4437 Num
2462 4381 2568 4437 tibi
2597 4382 2844 4452 videtur,
2878 4398 3011 4437 cum
3051 4382 3165 4438 duo
3222 4398 3387 4454 reges
3440 4381 3635 4436 hostes

1990 4471 2262 4538 existant,
2298 4475 2355 4526 et
2384 4471 2600 4528 divisas
2630 4470 2896 4543 regiones
2952 4476 3209 4536 teneant,
3242 4471 3291 4526 si
3340 4469 3634 4541 quispiam

1991 4576 2061 4616 ex
2089 4560 2160 4615 iis
2192 4560 2291 4631 qui
2325 4558 2487 4614 alteri
2520 4559 2767 4630 subjecti
2800 4564 2961 4625 sunt,
2990 4559 3049 4614 in
3107 4560 3346 4615 alterius
3401 4558 3635 4630 regione

1911 4670 1957 4734 D
1990 4650 2066 4705 sit
2113 4648 2534 4721 deprehensus,
2593 4648 2840 4719 ideoque
2896 4653 3141 4703 mortem
3196 4652 3523 4715 mereatur;
3577 4650 3637 4702 at

1992 4738 2254 4809 colapho,
2286 4755 2403 4793 non
2434 4741 2630 4792 autem
2678 4738 2865 4810 capite
2924 4738 3166 4809 punitus
3221 4753 3453 4810 poenam
3503 4752 3633 4790 eva-

1992 4828 2123 4895 dat;
2175 4843 2317 4882 num
2348 4826 2576 4882 videtur
2622 4826 2916 4882 humanus
2966 4843 3093 4883 esse
3144 4828 3247 4898 qui
3276 4826 3503 4880 veniam
3535 4825 3632 4879 de-

1994 4916 2134 4972 dit?
2190 4916 2259 4970 Et
2306 4918 2470 4987 pater
2514 4915 2627 4971 ait:
2686 4915 3039 4971 Admodum.
3092 4916 3178 4970 Ad
3210 4915 3332 4969 haec
3388 4916 3632 4979 Petrus;

1992 5005 2140 5070 Quid
2176 5020 2330 5069 vero,
2363 5002 2413 5059 si
2444 5002 2493 5058 is
2524 5003 2648 5074 ipse
2695 5003 2869 5059 etiam
2919 5003 3139 5076 aliquid
3173 5003 3475 5076 proprium
3506 5001 3635 5058 cui-

1994 5093 2151 5165 piam
2181 5091 2270 5148 vel
2329 5091 2587 5147 alienum
2645 5092 2987 5161 auferat;et
3014 5092 3075 5147 in
3131 5109 3196 5148 eo
3252 5090 3632 5163 comprehen-

1996 5199 2120 5252 sus,
2180 5180 2464 5253 simplum
2519 5184 2621 5236 aut
2677 5180 2923 5253 duplum
2969 5182 3086 5251 det,
3134 5197 3269 5238 cum
3322 5179 3635 5253 quadrupli

1586 5371 1828 5427 VARIAZ
1865 5366 2275 5425 LECTIONES.

314 5466 359 5502 ³⁷
390 5462 479 5534 al._
508 5460 712 5534 σοφῶς.
765 5455 931 5534 “Hal.

986 5456 1320 5530 μουηίθγΙ.-
1351 5459 1471 5530 Rea.
1522 5476 1578 5525 Χ,
1624 5460 1711 5514 48.
1758 5460 1804 5495 ²⁰
1849 5458 1889 5515 1.
1940 5473 2106 5530 num.
2138 5457 2257 5530 _93,‘
2296 5459 2405 5530 etc.
2452 5457 2491 5491 ²¹
2532 5452 2829 5530 ,αι-ὅνπερ
2886 5453 3051 5530 αῷτῴ.
3104 5457 3151 5492 ²²
3200 5453 3640 5530 ξλίχποοδιδόναι

232 5535 328 5591 καὶ
359 5534 423 5589 τὸ
451 5522 790 5609 ᾠμοφόριον.
822 5529 869 5565 ⁸³
896 5522 1082 5586 81.’τε.
1115 5528 1243 5571 ²⁴-²⁵
1273 5527 1349 5586 al.
1380 5529 1485 5586 ὃτι.
1519 5522 1573 5566 3°-
1595 5531 1757 5587 deest
1793 5531 1850 5585 in
1907 5528 1979 5584 al.
2016 5530 2061 5564 27
2103 5527 2176 5583 al.
2235 5522 2491 5604 ὀφείλων.
2528 5529 2573 5563 ²⁸
2609 5526 2683 5583 al.
2733 5522 2856 5604 ἔφη·
2886 5526 2940 5581 τί
2971 5522 3049 5583 δέ.
3085 5530 3131 5564 ²⁹
3169 5528 3243 5585 al.
3276 5528 3311 5597 ἢ
3344 5528 3450 5586 καί.
3488 5532 3533 5565 ³ο
3562 5529 3638 5587 al.

228 5612 424 5667 τοῦτο.
456 5603 512 5641 ⁸ί“
531 5603 606 5660 αὶζ
640 5603 750 5660 ἒάν.

1616 5679 1997 5737 VARIORUM
2026 5680 2257 5736 NOT/E.

308 5777 424 5851 (15)
449 5769 873 5850 Τετραπλάσιον.
905 5770 1081 5829 Pcena
1108 5770 1420 5843 quadrupli
1447 5770 1507 5827 in
1540 5770 1694 5827 furto
1717 5769 1979 5827 sancitur
2004 5770 2234 5844 legibus
2264 5767 2555 5841 plurimis.
2587 5769 2719 5825 Co'r.
