4090 6340
352 408 469 469 563

1186 407 1249 467 S.
1297 404 1741 468 CLEMENTIS
1786 407 1809 467 l
1854 405 2047 467 ROM.
2091 405 2321 467 PONT.
2369 404 2629 467 OPERA
2671 403 2937 467 DUBIA.

3649 409 3773 468 564

354 538 431 595 sit
460 538 727 607 debitor;
758 538 1115 611 insuperque
1147 540 1377 605 mortis,
1420 540 1520 611 qui
1571 556 1779 611 nempe
1812 539 1869 594 in
1904 540 2004 594 ad-

2140 541 2217 591 τοῦ
2261 535 2503 591 ἐναντίου
2554 533 2720 598 ἀλοῦς
2768 534 2939 611 ὅροις·
2994 535 3056 591 οὐ
3106 534 3257 591 δοκεῖ
3284 557 3367 592 σοι
3410 536 3492 593 ὅτι
3528 538 3556 593 6
3586 534 3772 594 λαϐὼν

354 628 595 684 versarii
656 627 871 682 ﬁnibus
930 633 1137 700 captus
1180 629 1293 697 sit;
1341 644 1533 684 nonne
1591 628 1696 683 tibi
1755 628 2007 698 videtur,

356 719 682 774 humanum
714 733 842 772 esse
873 733 1007 772 eum
1056 716 1155 789 qui
1196 717 1442 789 duplum
1475 717 1716 789 accepit,
1751 724 1809 774 et
1846 734 2010 772 mor-

359 810 477 863 tem
510 805 791 860 remisit?
822 807 891 860 Et
917 810 1082 878 pater
1111 807 1413 878 respondit
1445 824 1457 860 :
1490 807 1535 841 ³³
1559 811 1727 861 Νυηο
1776 823 2011 879 persua-

362 896 489 953 sisti
544 894 711 963 mihi,
791 910 890 951 eos
943 895 1041 967 qui
1092 895 1371 966 injuriam
1432 895 1674 967 faciunt,
1732 895 2008 967 injuriam

363 984 515 1057 pati;
574 1000 673 1039 eos
722 989 916 1039 autem
977 984 1077 1057 qui
1136 984 1355 1056 injuria
1407 985 1765 1051 afﬁciuntur,
1818 984 2012 1056 potius

360 1070 637 1143 injuriam
672 1072 877 1128 facere.
937 1073 1217 1136 Quocirca
1255 1072 1533 1146 amplius,
1587 1071 2013 1144 mibiiniquis-

364 1161 585 1217 simum
612 1166 853 1234 apparet
885 1162 942 1216 id
1002 1162 1199 1235 ipsum
1256 1162 1411 1233 quod
1470 1162 1573 1219 ﬁt:
1637 1162 1915 1233 quoniam
1973 1160 2014 1215 ii

367 1250 606 1321 quidem
640 1250 738 1320 qui
766 1249 1037 1305 videntur
1068 1250 1328 1306 conferre
1357 1250 1657 1321 injuriam,
1702 1250 1813 1305 sibi
1871 1250 2017 1322 ipsis

370 1340 564 1411 potius
597 1343 941 1410 nocuerunt,
974 1344 1030 1394 et
1061 1338 1307 1394 multam
1350 1338 1422 1393 iis
1472 1339 1569 1408 qui
1621 1338 1837 1411 injuria
1882 1338 2017 1394 ati'e-

373 1427 447 1481 cti
483 1431 621 1482 sunt
653 1433 935 1499 pararunt
989 1427 1341 1482 utilitatem:
1404 1427 1505 1498 qui
1562 1444 1696 1483 vero
1752 1426 2019 1482 videntur

374 1515 651 1587 injuriam
712 1516 1021 1583 sustinere,
1090 1516 1201 1588 ipsi
1250 1533 1378 1571 eam
1437 1516 1631 1588 potius
1708 1516 2019 1584 inferunt;

377 1604 515 1675 quia
565 1604 697 1659 licet
748 1604 1072 1676 plurimum
1131 1606 1203 1660 ab
1243 1604 1359 1659 illis
1408 1604 1697 1661 commodi
1754 1604 2019 1672 tulerint,

2117 624 2181 681 τὸ
2212 623 2501 680 διπλάσιον
2533 625 2621 680 καὶ
2654 627 2882 681 Gavio-ou
2913 624 3069 680 αὐτὸν
3123 624 3422 693 ἀπολύσας,
3468 626 3779 706 φιλάνθρω-

2118 735 2221 778 πος
2250 714 2530 791 τυγχάνει.
2590 714 2688 769 Καὶ
2750 716 2777 769 6
2836 715 3015 791 πατὴρ
3068 717 3114 751 ³³
3165 714 3505 789 ἀπεκρίνατο”
3558 722 3661 771 Νῦν
3708 740 3779 791 με

2120 804 2379 865 πέπεικας
2431 802 2513 858 ὅτι
2574 804 2627 857 οἱ
2684 800 2997 866 ἀδικοῦντες
3051 803 3204 858 αὐτοὶ
3253 802 3579 860 ἆδικοῦνται’
3633 807 3685 863 οἱ
3718 805 3779 862 δὲ

2121 890 2494 964 ἀδικούμενοι,
2557 890 2767 965 μᾶλλον
2822 890 3210 947 πλεονεκτοῦσι
3251 935 3262 949 .
3316 896 3418 951 Καὶ
3470 891 3559 949 διὰ
3615 894 3779 952 τοῦτο

2124 979 2211 1035 ἐπὶ
2243 980 2410 1036 πλέον
2462 977 2794 1035 ἀδικώτατόν
2858 1002 2952 1053 μοι
2999 980 3237 1058 φαίνεται
3266 982 3585 1057 γινόμενον·
3620 985 3701 1040 ὅτι
3735 989 3786 1023 ⁸⁴

2126 1070 2179 1123 οἱ
2215 1070 2306 1141 μὲν
2360 1066 2641 1131 δοκοῦντες
2693 1067 2927 1142 ἀδικεῖν,
2980 1069 3201 1133 ἑαυτοὺς
3250 1066 3489 1127 ἔϐλαψαν
3540 1074 3780 1148 μᾶλλον,

2124 1156 2343 1226 πολλὴν
2379 1156 2435 1212 δὶ
2464 1163 2580 1220 τοῖς
2612 1155 2947 1229 ἀδικηθεῖσιν
2980 1156 3297 1235 ἐπορίσαντο
3349 1162 3447 1229 τήν
3488 1161 3780 1239 ὠφέλειανο

2128 1248 2180 1302 οἱ
2210 1249 2255 1284 ³⁵
2286 1244 2343 1301 δὲ
2373 1244 2655 1310 δοκοῦντες
2701 1245 3024 1317 ἀδικεῖσθαι,
3063 1247 3215 1303 αὐτοὶ
3244 1250 3289 1286 ³⁸
3320 1247 3533 1323 μᾶλλον
3565 1249 3787 1308 ἀδικοῦ-

2129 1356 2233 1391 σιν·
2280 1335 2363 1391 ὅτι
2403 1335 2581 1391 καίτοι
2637 1334 2868 1392 πλεῖστα
2922 1337 3050 1414 παρ’
3110 1336 3323 1393 ἐκείνων
3384 1338 3784 1417 ὠφεληθέντες,

2127 1430 2244 1487 τοῖς
2302 1424 2515 1498 ὁμοίοις
2567 1424 2761 1487 αὐτοὺς
2809 1425 2908 1481 οὐκ
2965 1422 3304 1499 ἀμείϐονται.
3359 1428 3458 1483 Καὶ
3508 1429 3537 1483 6
3577 1431 3786 1506 Πέτρος

2131 1512 2285 1571 Ἀλλ’
2316 1513 2377 1569 οῦ
2409 1514 2552 1591 παρᾶ
2581 1517 2679 1584 τήν
2709 1518 2816 1569 τῶν
2866 1514 3293 1591 ἐπηρεαζόντων,
3325 1515 3472 1573 ἀλλὰ
3508 1520 3653 1592 παρὰ
3680 1520 3781 1589 τὴν

2130 1606 2239 1657 τῶν
2275 1600 2589 1678 δεχομένων
2618 1607 2784 1658 ταῦτα
2810 1602 3011 1678 γίνεται
3043 1606 3289 1679 γνώμην.

376 1708 475 1747 eos
509 1693 628 1763 pari
664 1694 850 1763 gratia
882 1711 995 1749 non
1030 1698 1422 1750 renumerant.
1456 1696 1527 1749 Et
1556 1698 1763 1750 Petrus
1786 1711 1805 1750 :
1829 1693 2046 1749 Verum
2079 1692 2201 1749 haec
2232 1710 2349 1750 non
2398 1698 2601 1750 contra
2639 1694 3066 1762 infestantium,
3100 1695 3203 1750 sed
3249 1699 3449 1753 contra
3480 1696 3784 1755 infestato-

378 1798 508 1836 rum
540 1781 852 1837 volutatem
885 1784 1252 1856 contingunt.

453 1870 713 1925 CXXVII.
747 1872 908 1927 Tunc
942 1877 1105 1943 pater
1134 1872 1371 1928 laudata
1401 1889 1469 1928 ea
1517 1872 1796 1941 oratione,
1831 1872 1913 1928 ait
1956 1873 2027 1927 ad

383 1963 657 2015 Petrum:
694 1960 828 2025 Sed,
862 1961 1097 2016 domine
1148 1962 1249 2021 mi.
1304 1962 1461 2017 hunc
1520 1978 1751 2034 quoque
1807 1978 2026 2017 sermo-

2211 1871 2473 1927 CXXVII.
2532 1870 2631 1925 Καὶ
2688 1872 2715 1926 6
2770 1873 2951 1947 πατὴρ
3009 1869 3289 1935 ἐπαινέσας
3348 1875 3416 1928 τὰ
3475 1872 3790 1948 εἰρημένα,

2138 1959 2276 2035 πρὸς
2334 1959 2425 2015 τὸν
2486 1959 2685 2035 Πέτρον
2736 1960 2919 2038 φησίν·
2977 1960 3172 2032 ’Δλλ’,
3221 1962 3266 2016 ὧ
3308 1960 3459 2037 κύριέ
3513 1984 3651 2037 μου,
3697 1964 3791 2019 καὶ

385 2064 519 2103 nem
553 2047 695 2102 mihi
730 2049 980 2105 declara.
1013 2050 1251 2105 Memini
1277 2050 1433 2105 enim
1466 2049 1825 2106 Clementem
1886 2050 2026 2106 mihi

2140 2048 2326 2105 τοῦτόν
2364 2070 2457 2123 μοι
2486 2049 2577 2103 τὸν
2611 2046 2773 2125 λόγον
2825 2051 3138 2127 σαφήνισον.
3172 2049 3469 2124 Μέμνημαι
3509 2053 3610 2128 γὰρ
3645 2052 3798 2128 εἰρη-

387 2136 597 2205 dicere,
634 2154 739 2192 nos
767 2138 1015 2209 injurias
1049 2142 1107 2194 et
1138 2138 1502 2207 afﬂictiones,
1535 2140 1605 2194 ad
1658 2144 2030 2211 peccatorum

386 2226 796 2282 remissionem
829 2227 966 2298 pati.
1000 2228 1070 2283 Et
1109 2229 1353 2283 Petrus:
1392 2229 1564 2283 Recte
1629 2228 1826 2297 habet,
1861 2233 2034 2301 atque

388 2315 470 2370 ita
519 2319 625 2371 est.
690 2316 827 2379 Quae
868 2317 1025 2372 enim
1084 2317 1353 2373 homines
1412 2318 1806 2390 possidemus,
1867 2317 2035 2390 plura

383 2408 666 2477 appetes;
727 2406 848 2460 sive
902 2409 1113 2471 vestes,
1175 2406 1439 2478 inquam,
1503 2406 1621 2462 sive
1669 2423 1852 2476 escas,
1916 2407 2034 2463 sive

384 2494 672 2565 potiones,
716 2494 835 2549 sive
877 2494 991 2550 alia
1047 2496 1377 2567 quaepiam;
1414 2513 1529 2551 non
1588 2500 1739 2551 recte
1795 2497 2033 2553 omnino

378 2583 679 2651 facientes,
706 2583 1077 2655 possidemus
1103 2601 1117 2652 ;
1140 2584 1277 2655 quia
1298 2584 1443 2639 nihil
1477 2583 1687 2640 habere
1728 2585 2032 2658 debemus,

380 2670 464 2726 uti
493 2671 667 2743 paulo
716 2676 851 2727 ante
902 2672 1069 2728 vobis
1128 2674 1268 2728 dixi.
1330 2678 1478 2729 Nam
1537 2674 1585 2729 si
1645 2674 1703 2729 in
1756 2675 2033 2731 omnibus

376 2759 777 2831 possessiones
807 2760 997 2815 solent
1029 2761 1100 2817 iis
1132 2762 1232 2832 qui
1265 2762 1564 2833 possident
1594 2762 1901 2818 conciliare
1933 2765 2029 2819 de-

373 2848 513 2903 licta
542 2866 555 2916 ;
590 2865 793 2904 earum
826 2866 1179 2921 quocunque
1212 2851 1383 2906 modo
1426 2849 1691 2923 privatio,
1738 2852 2030 2924 ademptio

373 2942 463 2994 est
493 2937 859 2994 delictorum.
897 2940 1045 2994 Dixit
1094 2944 1295 3011 pater:
1345 2941 1518 2997 Recte
1574 2941 1769 2997 habet.
1821 2947 2031 2999 Petrus

373 3043 546 3082 vero:
596 3028 954 3084 Justissime.
1037 3029 1519 3101 Quandoquidem
1604 3031 1759 3086 enim
1826 3048 2027 3087 eorum

378 3116 477 3187 qui
513 3115 814 3172 salvantur
844 3123 951 3185 est,
984 3125 1049 3172 ut
1105 3118 1242 3181 dixi,
1302 3119 1446 3174 nihil
1516 3120 1766 3188 habere;
1828 3121 2031 3177 multis

380 3207 579 3261 autem
632 3206 828 3261 multa:
886 3212 1207 3279 suppetunt
1264 3209 1797 3280 possessiones;ea
1854 3227 2029 3266 causa

380 3312 484 3366 per
513 3295 785 3350 eximiam
822 3295 920 3351 Dei
952 3297 1379 3352 humanitatem
1413 3298 1822 3371 castigationes
1852 3300 2030 3355 indu-

381 3389 596 3438 cuntur
626 3384 718 3452 iis,
753 3384 852 3457 qui
895 3387 1220 3442 secundum
1262 3387 1360 3442 Dei
1394 3386 1749 3443 voluntatem
1782 3406 1896 3444 non
1944 3389 2027 3444 vi-

2144 2137 2302 2201 κότος
2336 2159 2427 2211 μοι
2460 2136 2799 2210 Κλήμεντος,
2834 2136 2915 2193 ὅτι
2956 2139 3021 2193 τὰ
3067 2135 3379 2213 ἀδικήματα
3426 2138 3517 2195 καὶ
3546 2141 3613 2195 τὰ
3642 2140 3794 2211 πάθη

2142 2227 2277 2303 πρὸς
2311 2226 2492 2305 ἄφεσιν
2525 2226 2804 2302 ἁμαρτιῶν
2854 2227 3161 2303 πάσχομεν.
3210 2227 3310 2285 Καὶ
3350 2229 3378 2283 6
3419 2228 3643 2304 Πέτρος·
3678 2231 3801 2305 Ὀρ-

2146 2316 2251 2377 θῶς
2298 2312 2446 2391 ἔχει,
2490 2313 2581 2369 καί
2630 2313 2803 2377 οὕτως
2852 2314 3013 2372 ἐστίν.
3056 2317 3123 2371 Ἀ
3170 2315 3271 2393 γὰρ
3324 2314 3599 2393 ἄνθρωπόι
3649 2319 3796 2373 κτώ-

2148 2405 2300 2477 μεθα,
2340 2408 2436 2458 τοῦ
2493 2402 2748 2466 πλείονος
2805 2403 3101 2481 ἐφιέμενοι,
3164 2401 3269 2459 εἷ’τε
3326 2404 3563 2479 ἱμάτια,
3622 2406 3794 2483 φημὶ,

2144 2490 2250 2547 εἷ’τε
2286 2493 2569 2569 βρώματα,
2604 2490 2709 2547 εἷ’τε
2755 2493 2917 2562 ποτὰ,
2969 2491 3075 2547 εἴτε
3123 2489 3268 2547 ἄλλα
3313 2492 3456 2563 τινὰ,
3506 2494 3567 2549 οὗ
3608 2494 3799 2558 καλῶς

2141 2583 2359 2644 πάντως
2387 2586 2668 2643 ποιοῦντες
2714 2582 2990 2655 κτώμεθα,
3043 2579 3130 2636 διὰ
3158 2582 3220 2637 τὸ
3266 2579 3374 2636 δεῖν
3420 2580 3588 2653 μηδὲν
3620 2578 3795 2660 ἔχειν,

2144 2670 2219 2732 ὡς
2279 2674 2457 2745 μικρῷ
2511 2670 2739 2746 πρόσθεν
2802 2670 2929 2744 ὑμῖν
2990 2668 3221 2747 εἴρηκα.
3281 2669 3343 2726 Εἰ
3399 2672 3499 2747 γὰρ
3556 2670 3605 2727 έν
3665 2678 3803 2726 πᾶσι

2139 2758 2207 2814 τὰ
2251 2761 2505 2832 κτήματα
2552 2759 2821 2834 προξενεῖν
2869 2758 3010 2814 οἶδεν
3059 2756 3279 2834 ἔχουσιν
3329 2761 3716 2835 ἁμαρτήματα,
3757 2763 3799 2831 ἡ

2140 2847 2347 2903 τούτων
2397 2850 2441 2884 ⁸⁷
2487 2847 2634 2910 ὅπως
2684 2848 2816 2903 ποτε
2861 2849 3111 2925 στέρησις
3158 2849 3437 2925 ἁμαρτιῶν
3473 2849 3613 2905 ἐστιν
3644 2849 3805 2929 ἀφαί-

2142 2958 2321 3014 ρεσις.
2383 2936 2485 2995 Καὶ
2529 2940 2557 2993 6
2615 2939 2795 3013 πατὴρ
2850 2935 2950 3015 ἔφη
2987 2956 2999 2969 ·
3062 2937 3411 3003 Ἀκολούθως
3468 2935 3583 3015 ἔχει
3621 2983 3634 2996 .
3696 2941 3799 2995 Καὶ

2141 3028 2169 3081 6
2227 3028 2430 3101 Πέτρος
2463 3046 2476 3059 ·
2538 3026 2636 3082 Καὶ
2697 3024 3027 3082 δικαιότατα.
3089 3027 3237 3082 Ἐπεὶ
3294 3028 3397 3104 γὰρ
3451 3032 3556 3083 τῶν
3614 3033 3791 3098 σωζο-

2145 3117 2315 3188 μένων
2378 3114 2539 3187 ἐστὶν,
2599 3114 2672 3178 ὡς
2735 3112 2888 3193 ἔφην,
2948 3115 3010 3169 τὸ
3045 3112 3214 3188 μηδὲν
3266 3111 3413 3193 ἔχειν
3458 3119 3521 3187 ³⁸,
3557 3116 3797 3193 ὑπάρχει

2141 3202 2196 3259 δὲ
2228 3204 2461 3267 πολλοῖς
2492 3205 2766 3277 κτήματα,
2797 3203 2993 3259 τούτου
3035 3204 3195 3279 χάριν
3242 3203 3291 3275 ἐξ
3336 3200 3796 3282 ὑπερϐαλλούσης

2143 3298 2278 3349 Θεοῦ
2334 3292 2745 3371 φιλανθρωπίας
2806 3291 3093 3369 ἐπάγονται
3150 3291 3388 3348 παιδεῖαι
3445 3300 3564 3357 τοῖς
3626 3296 3702 3368 μὴ
3753 3298 3805 3335 ⁸9

2140 3383 2276 3438 κατὰ
2302 3404 2365 3438 το
2399 3380 2590 3438 δοκοῦν
2623 3387 2738 3455 Θεῷ
2766 3380 3241 3455 πολιτευομένοις,
3275 3383 3360 3437 ἶνα
3393 3380 3481 3438 διὰ
3516 3384 3580 3439 τὸ
3609 3389 3801 3449 ποσῶς

376 3479 558 3541 vunt;
596 3479 658 3528 ut
677 3480 908 3547 propter
924 3475 1284 3548 aliquantam
1304 3493 1440 3549 erga
1458 3476 1639 3532 Deum
1658 3476 2026 3545 charitatem,

2143 3472 2396 3551 φιλόθεον
2446 3469 2814 3545 προσκαίρους
2868 3470 3228 3544 ὑπομένοντες
3273 3472 3543 3547 τιμωρίας
3573 3476 3641 3540 ¹⁰,
3666 3473 3799 3527 αἰω-

378 3564 733 3633 temporaria
776 3564 1064 3636 supplicia
1118 3567 1493 3636 perferentes,
1551 3567 1785 3622 aeternis
1844 3568 2031 3639 poenis

378 3651 725 3706 eximantur.
777 3652 923 3706 Tum
958 3658 1157 3723 pater:
1193 3654 1340 3718 Quid
1404 3653 1602 3723 enim;
1637 3672 1827 3711 nonne
1887 3657 2034 3712 mul-

375 3744 467 3794 tos
495 3738 709 3810 impios
767 3740 1037 3795 videmus
1100 3757 1387 3812 pauperes
1416 3742 1551 3796 ?An
1610 3747 1917 3815 propterea
1975 3748 2032 3800 et

376 3826 507 3883 illos
566 3827 828 3883 dicemus
888 3829 945 3882 in
995 3834 1157 3901 parte
1210 3845 1411 3885 eorum
1443 3847 1571 3885 esse
1628 3832 1730 3902 qui
1781 3834 2030 3890 salutem

378 3919 823 3988 consequutur?
880 3918 947 3971 Et
1018 3918 1267 3974 Petrus:
1330 3922 1714 3991 Nequaquam
1770 3922 2028 3977 omnino.

380 4005 505 4061 Non
538 4006 692 4060 enim
727 4006 1025 4077 probanda
1054 4006 1376 4078 estinopia,
1410 4025 1536 4080 qua:
1558 4009 1778 4080 appetit
1807 4026 1874 4065 ea
1902 4028 2030 4082 qua:

384 4110 498 4147 non
529 4094 721 4149 decet:
757 4095 894 4165 quia
926 4101 981 4150 et
1012 4095 1295 4151 Dominus
1322 4100 1519 4152 noster
1545 4096 1718 4153 Jesus
1740 4098 2029 4169 Christus,

386 4180 568 4236 Filius
601 4183 699 4237 Dei
729 4182 861 4250 vivi,
894 4184 1093 4240 beatos
1154 4184 1472 4257 praedicans
1512 4202 1816 4258 pauperes,
1855 4189 2031 4257 Beati,

384 4268 596 4340 inquit,
655 4288 922 4342 pauperes
994 4275 1239 4345 spiritu:
1310 4276 1575 4343 quoniam
1650 4277 1899 4348 ipsorum
1953 4286 2034 4333 est

384 4374 620 4427 regnum
638 4360 897 4416 caelorum
946 4363 1041 4434 (a).
1085 4364 1233 4417 Tum
1266 4368 1426 4435 pater
1459 4381 1472 4419 :
1505 4363 1651 4419 Vere
1683 4382 1924 4437 prorsus
1948 4383 2034 4422 se-

386 4449 646 4504 cundum
705 4450 1061 4521 propositam
1094 4452 1475 4522 quaestionem
1507 4469 1598 4508 res
1624 4452 1851 4509 videtur
1884 4460 2033 4510 recte

385 4536 635 4593 habere:
672 4544 1029 4611 quapropter
1060 4540 1117 4595 in
1141 4541 1335 4596 animo
1371 4541 1552 4597 habeo
1596 4545 1779 4598 totam
1830 4544 2033 4599 ordine

386 4626 589 4681 audire
620 4627 970 4683 doctrinam.

455 4715 739 4770 CXXVIII.
792 4717 859 4771 Et
916 4717 1163 4772 Petrus:
1199 4717 1397 4789 Itaque
1448 4718 1722 4791 deinceps
1772 4720 2030 4775 studenti

2140 3561 2269 3616 νίων
2296 3558 2659 3635 άπαλλαγῶσι
2691 3558 2988 3617 κολάσεων.
3041 3562 3139 3614 Καὶ
3189 3560 3217 3614 6
3266 3562 3467 3637 πατήρο
3501 3560 3563 3616 Τί
3610 3565 3651 3599 ⁸³
3686 3559 3796 3617 δαί·

2142 3649 2206 3706 οὐ
2252 3652 2297 3687 ⁸³
2348 3648 2595 3711 πολλοὺς
2642 3644 2853 3710 ἀσεϐεῖς
2900 3649 3112 3721 ὁρῶμεν
3160 3669 3393 3719 πενητας
3428 3669 3445 3717 ;
3476 3650 3606 3704 Εἶτα
3650 3650 3801 3724 παρᾶ

2140 3744 2300 3794 τοῦτο
2331 3738 2421 3793 καὶ
2461 3737 2658 3800 αὐτοὺς
2706 3738 2806 3806 τῆς
2846 3741 2951 3791 τῶν
3006 3737 3331 3810 σωζομένων
3386 3737 3520 3793 εἶναι
3574 3737 3798 3816 μερίδος

2142 3830 2388 3906 φήσομεν
2422 3846 2435 3896 ;
2467 3826 2557 3881 καὶ
2591 3827 2618 3880 6
2651 3829 2697 3864 ‘3
2739 3826 2963 3902 Πέτρος’
3017 3824 3090 3879 Οὐ
3136 3824 3375 3889 πάντως.
3417 3825 3490 3881 Οὐ
3522 3828 3627 3903 γὰρ
3658 3829 3798 3883 ἀπο-

2143 3915 2303 3985 δεκτή
2362 3918 2396 3985 ἡ
2449 3914 2628 3986 πενία,
2689 3916 2760 3969 ὧν
2821 3915 2896 3989 μή
2959 3920 3229 3989 προσῆκεν
3293 3915 3617 3991 ὀρεγομένη·
3676 3916 3796 3973 ἐπεὶ

2143 4009 2191 4045 “
2216 4005 2307 4060 καὶ
2338 4005 2365 4059 6
2398 4003 2598 4080 Κύριος
2631 4005 2791 4078 ἡμῶν
2824 4004 3034 4075 Ἰησοῦς
3056 4002 3283 4080 Χριστὸς
3318 4004 3346 4058 6
3378 4002 3505 4067 l‘ldc
3531 4008 3629 4060 τοῦ
3662 4010 3801 4075 ζῶν-

2139 4115 2235 4157 τος
2275 4097 2430 4163 Θεοῦ,
2482 4092 2791 4170 μακαρίζων
2840 4094 2885 4131 ⁴⁸
2931 4090 3058 4154 τοὺς
3106 4092 3388 4168 πτωχούς.
3440 4094 3706 4169 Μακάριοι
3742 4096 3796 4150 οἱ

2140 4180 2410 4258 πτωχοὶ,
2470 4176 2570 4259 ἔφη
2607 4223 2622 4249 ,
2671 4185 2752 4253 τῷ
2808 4178 3074 4255 πνεύματι
3108 4197 3122 4213 ⁸
3184 4179 3265 4236 ὅτι
3323 4181 3496 4236 αὐτῶν
3558 4181 3696 4237 ἐστιν
3755 4186 3793 4254 ἡ

2146 4269 2395 4348 βασιλεία
2469 4275 2573 4325 τῶν
2653 4269 2934 4346 οὐρανῶν.
2994 4268 3094 4324 Καὶ
3164 4270 3191 4325 6
3250 4271 3429 4347 πατήρ
3467 4292 3479 4305 ·
3541 4269 3795 4341 ’Δληθῶς

2140 4361 2281 4415 πάνυ
2337 4360 2473 4415 κατά
2522 4360 2622 4429 τήν
2683 4358 2931 4414 ὑπόθεσιν
2991 4357 3166 4435 ὀρθῶς
3213 4354 3357 4433 ἔχειν
3406 4357 3473 4413 τὰ
3502 4360 3797 4436 πράγματα

2143 4448 2404 4526 φαίνεται·
2440 4445 2523 4503 διὸ
2553 4448 2644 4502 καί
2673 4446 3039 4523 προαιρέσεως
3072 4448 3193 4488 ⁴⁶-⁴⁷
3221 4444 3337 4522 ἔχω
3365 4450 3433 4521 τῇ
3484 4448 3628 4518 τάξει
3664 4469 3800 4503 παν-

2140 4538 2231 4600 τὸς
2261 4537 2553 4592 ἐπακοῦσαι
2580 4538 2679 4591 τοῦ
2710 4534 2903 4612 λόγου.

2212 4718 2499 4775 CXXVIII.
2526 4714 2623 4771 Καὶ
2648 4714 2675 4769 6
2699 4714 2921 4790 Πέτρος·
2947 4711 3149 4767 Οὐκοῦν
3170 4716 3267 4767 τοῦ
3290 4711 3490 4769 λοιποῦ
3512 4712 3795 4771 σπεύδοντί

382 4804 487 4858 tibi
522 4805 741 4860 discere
769 4823 894 4876 quae
926 4807 997 4860 ad
1028 4812 1287 4862 nostram
1316 4807 1489 4862 fidem
1524 4808 1834 4879 pertinent,
1881 4809 2026 4865 hanc

2143 4828 2227 4861 σοι
2255 4807 2322 4861 τὰ
2345 4806 2481 4860 κατὰ
2507 4805 2606 4873 τὴν
2638 4804 2906 4877 ἡμετέραν
2954 4802 3134 4857 πίστιν
3168 4803 3351 4875 μαθεῖν
3398 4805 3460 4875 ⁸⁸,
3493 4805 3701 4877 προῖών
3734 4826 3794 4860 τε

382 4893 707 4948 doctrinam
759 4894 1093 4966 explicabo;
1124 4895 1194 4950 ab
1247 4896 1372 4967 ipso
1434 4897 1691 4967 primum
1740 4898 2026 4968 incipiens

2140 4896 2230 4951 τὸν
2266 4890 2429 4971 λόγον
2465 4894 2763 4967 ἐκθήσομαι
2813 4891 2902 4946 ἀπ’
2935 4890 3097 4947 αὐτοῦ
3144 4894 3189 4928 ⁴⁹
3216 4896 3429 4967 πρῶτον
3479 4892 3790 4969 ἀρχόμενος

386 4986 537 5049 Deo;
588 4987 646 5037 et
698 4984 1034 5048 ostendens,
1067 4985 1262 5055 ipsum
1296 4983 1490 5040 solum
1540 4985 1853 5042 dicendum
1903 5004 2026 5044 esse

2140 4988 2235 5040 τοῦ
2266 4988 2419 5041 Θεοῦ·
2453 4985 2541 5039 καὶ
2574 4980 2777 5044 δεικνὺς
2810 4979 2966 5037 αὐτὸν
2999 4978 3162 5054 μόνον
3196 4976 3306 5034 δεῖν
3339 4982 3384 5017 ⁸ο
3422 4979 3599 5057 λέγειν
3634 4982 3791 5051 Θεὸν,

382 5071 587 5140 Deum,
621 5071 766 5128 alios
797 5090 930 5129 vero
970 5090 1073 5129 nec
1105 5072 1403 5141 dicendos,
1433 5090 1537 5131 nec
1567 5075 2029 5146 existimandos;

454 5195 529 5266 (α)
560 5196 762 5258 Matth.
792 5214 843 5269 v,
872 5199 925 5253 3.

2141 5073 2355 5151 έτέρους
2410 5070 2467 5129 δέ
2528 5074 2666 5147 μήτε
2723 5070 2900 5146 λέγειν
2965 5070 3103 5144 μήτε
3156 5068 3423 5143 νομίζειν,
3472 5069 3561 5126 καὶ
3614 5070 3699 5126 ὅτι
3744 5074 3789 5111 ⁸1

1728 5324 1972 5383 VARI/lt
2039 5324 2455 5383 LECTIONES.

449 5442 495 5477 ³³
527 5442 601 5521 al.
635 5443 810 5521 inser.
845 5446 981 5521 πρρς
1006 5447 1276 5521 ταῦτακίξθ
1306 5447 1603 5521 Clement,
1624 5448 1783 5506 hom.
1816 5468 1907 5521 xv,
1940 5468 1990 5507 c.
2021 5451 2077 5520 8,
2110 5454 2222 5507 etc.
2257 5451 2303 5521 3f
2332 5448 2425 5521 al.
2458 5445 2535 5502 ἔτι

374 5513 438 5567 τὸ
467 5519 715 5596 πρᾶγμα]
755 5514 859 5572 δτι.
889 5512 1266 5596 ’³⁵υε11.-πολλά
1292 5523 1412 5596 τοῖς
1443 5512 1729 5596 ἑλομένοις
1760 5512 2162 5596 συγχωροῦσιν
2197 5521 2251 5576 οἱ
2282 5518 2433 5596 δέηὲδ
2465 5512 2715 5596 deestin
2748 5517 2824 5596 al.
2855 5516 3004 5596 '7_al.
3042 5516 3233 5596 .inse‘r.
3285 5512 3361 5596 δέ.

383 5581 551 5671 μηδξν
592 5581 883 5673 ’ἐπάρχειν
934 5590 980 5673 ξο
1027 5590 1101 5673 ξι.
1148 5587 1495 5673 εἴλεκρινῶςη
1545 5581 1592 5673 ἕο
1642 5581 2825 5673 ειυςτῖρῖἇκάἕρυξνητιιξωριῖίινο.ῗ¹-ἀθεμιη
2890 5585 3096 5673 $11.91.:
3147 5588 3195 5673 ⁴ῗ
3252 5588 3350 5673 “.1-
3406 5584 3512 5673 ξέ-
3575 5581 3781 5673 ".311.-

377 5656 524 5737 παρρι
551 5656 719 5709 τοῦτο’
741 5656 830 5737 οῦν
858 5658 950 5737 καὶ
1002 5659 1153 5737 οῦτοι
1201 5656 1307 5737 τῷν
1354 5663 1675 5737 σωζομένων
1708 5656 1886 5737 εἰσίν)
1918 5656 2086 5737 καῖ’ᾲὸ
2118 5665 2163 5700 “
2193 5656 2466 5737 θίὶηπλήν.
2571 5666 2735 5737 deest
2765 5661 2824 5737 i_n
2855 5658 2927 5717 al.
2980 5659 3096 5703 “J7
3140 5659 3218 5719 al.
3276 5658 3563 5737 ἐγενόμην.
3609 5662 3655 5703 ⁴⁸
3702 5661 3781 5720 al.

2588 5440 2801 5519 μᾶλλον
2846 5439 3181 5500 ἀδικώτατον
3225 5440 3372 5500 ὅλων
3393 5464 3516 5553 ⁸μοι
3546 5441 3788 5523 φαίνεται

2588 5519 2712 5553 ,ιιη
2749 5517 2799 5553 nl
2855 5518 2900 5553 ιτ
2931 5516 2980 5553 ..ι
3054 5516 3217 5553 {non
3285 5512 3339 5553 κε
3488 5517 3537 5553 ..ι
3596 5513 3787 5553 μνᾶ...»

3408 5584 3465 5643 δέ

3486 5513 3787 5645 επις.ηὲνῖ

381 5725 679 5805 ὀφείλοντι,
710 5733 777 5803 τῇ
808 5728 971 5802 τάξει.
1002 5733 1047 5769 ⁴⁹
1074 5733 1238 5788 deest
1263 5731 1323 5788 in
1352 5732 1428 5792 al.
1449 5725 1514 5771 ’ω’
1529 5734 1602 5791 al.
1637 5733 1718 5789 ὅτι
1748 5725 1905 5791 αὐτὸν
1942 5758 2001 5811 μ.
2030 5732 2128 5793 δεῖ.
2164 5737 2208 5773 ⁸¹
2241 5736 2316 5795 al.
2348 5725 2438 5791 καὶ
2464 5736 2625 5789 τοῦτο
2657 5730 2847 5789 εἰπών.
