4090 6340
176 463 309 525 565

949 450 1473 514 CLEMENTINA.
1509 480 1588 494 —
1620 448 1971 510 EPITOME
2018 450 2118 510 DE
2165 453 2438 515 GESTIS
2483 457 2547 517 S.
2596 458 2849 518 PETRI.

3483 456 3600 517 566

176 594 341 669 παρὰ
385 595 546 646 τοῦτο
594 591 792 653 ποιῶν,
841 584 1036 639 αἰώνια
1073 582 1488 651 κολασθήσεται,
1522 579 1594 640 ὡς
1644 578 1718 641 εἷς
1752 578 1843 633 αύ-

1961 582 2371 658 hominemque
2421 588 2519 659 qui
2569 588 2738 644 aliter
2786 589 3003 659 fecerit,
3054 593 3267 644 aeterno
3311 588 3597 660 supplicio

175 666 279 739 τὸν
315 686 423 736 τῶν
456 678 599 734 ὅλων
650 670 917 745 ἀσεϐήσας
961 672 1108 728 Θεόν.
1160 669 1259 725 Καί
1304 673 1464 724 τοῦτ)
1516 667 1702 738 εἰπὼν,
1751 666 1840 721 καὶ

175 775 308 832 τοῖς
344 769 446 824 ὑπὸ
495 768 676 823 παθῶν
730 761 1112 839 ὀχλουμένοις,
1166 760 1254 815 καὶ
1304 762 1542 825 νοσοῦσι,
1587 756 1675 811 καὶ
1724 753 1840 810 δαι-

184 863 405 934 μονῶσι
454 858 546 918 τὰς
596 860 785 931 χεῖρας
834 851 1052 922 ἐπιθεὶς,
1103 848 1190 903 καὶ
1235 847 1461 909 τούτους
1509 845 1645 920 εὐχῇ
1686 846 1838 921 Θερα-

176 948 415 1015 πεύσας,
470 948 569 1015 τήν
632 940 928 1010 ἐκκλησίαυ
987 938 1268 996 διέλυσεν.
1320 937 1433 991 Εἶθ’
1501 934 1673 989 οὕτως
1733 933 1839 988 εἷ’σ-

181 1037 334 1095 ελὼν
378 1036 467 1091 καὶ
515 1039 622 1089 τῶν
671 1033 909 1102 συνήθων
952 1032 997 1065 ⁵2
1047 1027 1192 1082 ἁλῶν
1249 1020 1608 1100 μεταλαϐὼν,
1659 1022 1838 1077 ὕπνω-

258 1216 496 1272 CXXIX.
529 1212 767 1288 ’Όρθρου
810 1206 867 1263 δὲ
913 1210 959 1244 ⁸⁸
995 1204 1157 1261 πάλιν
1207 1205 1234 1258 ὁ
1277 1203 1479 1276 Πέτρος
1527 1201 1701 1272 ἐξιὼν,
1752 1198 1839 1255 καὶ

182 1306 279 1360 ἐπὶ
314 1307 359 1340 ⁸⁵
388 1302 479 1356 τὸν
512 1302 714 1370 συνήθη
767 1295 1109 1371 διαλέγεσθαι
1155 1292 1320 1348 τόπον
1370 1295 1414 1329 ³⁸
1445 1292 1592 1362 στὰς,
1626 1291 1717 1343 ἅτε
1749 1288 1838 1343 καὶ

181 1393 420 1449 πολλῶν
457 1384 975 1463 συνδεδραμηκότων
1008 1379 1219 1458 ὄχλων,
1263 1381 1375 1454 ἅμα
1403 1383 1445 1417 ⁵⁷
1491 1384 1571 1451 τῷ
1616 1376 1836 1450 μέλλειν

184 1481 534 1556 διαλέγεσθαι
594 1477 788 1548 αὐτὸν,
835 1471 1002 1548 είσῂει
1049 1491 1130 1533 τις
1188 1474 1295 1525 τῶν
1356 1467 1518 1522 αὐτοῦ
1576 1464 1836 1521 διακόνων

182 1552 393 1646 λέγων·
438 1567 626 1640 Σίμων
672 1564 779 1620 ἀπὸ
826 1558 1163 1637 ’Δντιοχείας
1208 1555 1596 1646 εἰσεληλυθώς,
1625 1555 1714 1609 ἀπ’
1745 1552 1838 1607 αύ-

178 1644 287 1730 τῆς
321 1658 571 1733 ἑσπέρας,
609 1654 791 1728 μαθὼν
845 1647 1219 1724 ὑποσχόμενόν
1257 1668 1315 1701 σε
1360 1646 1452 1701 τὸν
1482 1644 1602 1718 περί
1639 1663 1839 1719 μοναρ-

182 1747 317 1826 χίας
348 1746 617 1801 ποιεῖσθαι
665 1741 855 1817 λόγον,
906 1736 1129 1811 ἕτοιμός
1163 1735 1272 1791 ἐστι
1316 1735 1450 1826 μετά
1475 1754 1537 1826 γε
1566 1736 1662 1787 τοῦ
1694 1733 1839 1826 ΪΕπιι-

180 1818 442 1912 κουρείου
466 1829 845 1907 Ἀθηνοδώρου
873 1825 1251 1902 διαλεγομένῳ
1273 1844 1355 1878 σοι
1379 1820 1646 1893 ἐπελθεῖν,
1680 1822 1753 1912 (bc;
1778 1818 1835 1875 ἂν

185 1909 323 1982 πᾶσι
354 1928 399 1961 ⁵⁸
425 1927 542 1985 τοῖς
578 1922 679 1977 ὑπὸ
706 1923 801 1974 σοῦ
836 1916 959 1992 περὶ
1011 1913 1309 1990 μοναρχίας
1343 1909 1835 1987 ὑπαγορευομένοις
1868 1948 1917 2013 Β

190 2012 440 2087 δημοσίᾳ
468 2011 655 2084 παρὼν
685 2008 843 2069 αὐτὸς
876 2002 1151 2079 ἀντιλέγοι
1181 2004 1243 2058 ⁵⁸³.

262 2196 464 2249 CXXX.
514 2191 691 2242 Ταῦτα
729 2187 825 2238 τοῦ
884 2179 1130 2237 διακόνου
1179 2176 1458 2254 λέγοντος,
1509 2174 1627 2232 ἰδοὺ
1676 2176 1765 2231 καὶ
1811 2178 1839 2232 6

189 2280 381 2353 Σίμων
442 2277 532 2331 σὺν
595 2269 961 2345 Ἀθηνοδώρῳ
1017 2266 1106 2322 καί
1160 2287 1297 2353 τισιν
1354 2263 1549 2353 ἄλλοις
1604 2264 1838 2353 ἑταίροις

183 2352 381 2441 sio-ﬁer
414 2365 505 2419 καὶ
536 2363 643 2438 πρὸ
672 2365 769 2417 τοῦ
798 2382 849 2416 τι
882 2360 972 2413 τὸν
1008 2357 1207 2430 Πέτρον
1252 2352 1398 2415 ὅλως
1447 2352 1638 2421 εἰπεῖν,
1682 2352 1841 2414 αὐτὸς

184 2451 514 2533 προλαϐών.
575 2454 838 2525 Ἔμαθον,
897 2445 1082 2533 φησὶν,
1141 2443 1221 2499 ὅτι
1279 2443 1409 2519 χθὲς
1444 2442 1841 2533 ὑπέσχου-τῷ

186 2528 425 2615 Φαύστῳ
456 2541 591 2597 κατὰ
626 2542 725 2608 τήν
776 2539 1012 2610 σήμερον
1066 2531 1234 2605 δεῖξαι
1272 2535 1341 2605 τῇ
1370 2531 1512 2601 τάξει
1551 2531 1641 2585 τὸν
1672 2528 1837 2605 λόγον

185 2634 545 2704 ποιούμενος·
606 2628 696 2684 καὶ
755 2626 845 2681 ἀπ’
901 2624 1065 2679 αὐτοῦ
1122 2625 1338 2697 πρῶτον
1385 2620 1692 2695 ἀρχόμενος
1744 2623 1840 2673 τοῦ

188 2729 300 2780 τῶν
333 2720 477 2776 ὅλων
512 2716 801 2773 Δεσπότου’
836 2713 919 2769 ὅτι
962 2712 1119 2767 αὑτὸν
1154 2709 1236 2765 δεῖ
1283 2709 1445 2783 μόνον
1478 2707 1654 2783 λέγειν
1687 2707 1841 2777 Θεὸν,

194 2809 403 2870 ἄλλους
459 2810 504 2845 ⁵ο
554 2806 612 2861 δὲ
673 2806 811 2878 μήτε
867 2800 1067 2876 λέγειν,
1132 2801 1271 2872 μήτε
1314 2795 1578 2871 νομίζεινο
1630 2795 1719 2851 καὶ
1758 2794 1840 2850 ὅτι

198 2901 225 2955 ὁ
257 2898 407 2973 παρᾶ
451 2900 612 2951 τοῦτο
660 2896 859 2961 ποιῶν,
910 2888 1126 2944 αἰωνίαν
1178 2888 1350 2965 ὑφέξει
1402 2886 1500 2956 τὴν
1547 2884 1837 2960 τιμωρίαν·

195 2986 305 3060 πρὸ
340 2969 576 3037 ⁷πιιὶντων
634 2978 723 3035 οὖν
793 2976 1012 3046 ἀληθῶς
1073 2969 1534 3050 καταπέπληγμαί
1589 2994 1684 3028 σου
1742 2972 1841 3041 τὴν

200 3074 484 3141 ὑπόνοιαν,
517 3070 599 3125 ὅτι
629 3068 863 3138 ἤλπισας
916 3069 1229 3140 μεταπεῖσαι
1261 3061 1428 3138 ἄνδρα
1477 3062 1639 3141 σοφὸν
1678 3060 1844 3132 οὕτω,

199 3163 493 3219 καὶταῦτα
542 3154 870 3235 ηρεσϐύτην.
921 3154 1077 3211 Ἀλλ’
1127 3153 1226 3209 οὐκ
1271 3152 1514 3226 ἐπιτεύξῃ
1550 3155 1657 3207 τῶν
1691 3150 1846 3233 ἐΛπί-

200 3251 309 3308 δων
343 3252 432 3306 καὶ
461 3255 557 3304 τοῦ
607 3247 941 3320 θελήματος,
984 3246 1075 3299 ἅτε
1112 3241 1379 3319 παρόντος
1410 3242 1565 3315 ἐμοῦ,
1598 3240 1685 3295 καὶ
1716 3240 1841 3302 τοὺς

196 3339 414 3417 ψευδεῖς
459 3361 553 3394 σου
604 3307 982 3413 διελέχχοντος
1032 3307 1255 3408 λόγούς.
1306 3307 1467 3393 Ἴσως
1513 3307 1614 3406 γάρ
1663 3329 1722 3385 ἂν
1752 3330 1841 3384 καὶ
1874 3307 1918 3376 CI

193 3431 449 3501 ἠπάτητο
502 3429 576 3501 μὴ
627 3425 889 3501 παρόντος
939 3422 1093 3496 ἐμοῦ.
1153 3418 1379 3491 ἰδιώτης
1428 3417 1500 3473 ὢν
1549 3424 1655 3474 τῶν
1701 3418 1846 3495 παρὰ

194 3516 485 3579 Ἰουδαίοις
545 3514 785 3587 δημοσίᾳ
839 3508 1266 3583 πεπιστωμένων
1331 3503 1568 3583 βίϐλων.
1620 3507 1697 3563 Τὰ
1751 3512 1843 3562 νῦν

197 3608 256 3665 δὲ
285 3608 415 3668 τοὺς
445 3602 692 3665 πολλοὺς
744 3602 1118 3677 ὑπερθήσομαι
1150 3598 1370 3675 λόγους,
1395 3595 1487 3651 ’ίνα
1528 3596 1714 3661 θᾶττόν
1750 3617 1846 3651 σου

192 3700 297 3767 τὴν
345 3690 639 3769 ὑπόσχεσιν
689 3691 923 3755 ἀσθενῶς
973 3687 1199 3764 ἔχουσαν
1251 3685 1531 3757 διελέγξω.
1564 3687 1701 3762 Λέγε
1728 3707 1847 3741 τοι-

194 3789 399 3865 γαροῦν
432 3785 461 3839 ’ὁ
498 3780 761 3856 ὑπέσχου.
794 3779 860 3836 Εἰ
912 3776 970 3833 δὲ
1013 3778 1105 3832 τὸν
1136 3776 1362 3853 ἔλεγχον
1391 3774 1733 3849 αἰδούμενος,
1769 3775 1848 3853 ἐφ’

198 3863 363 3948 ἡμῶν
394 3870 567 3927 αὐτῶν
611 3870 710 3938 τήν
764 3866 1053 3942 ὑπόσχεσιν
1093 3863 1301 3928 ἐθέλοις
1345 3864 1692 3941 παραλιπεῖν,
1726 3863 1850 3919 αὐτ-

202 3965 376 4038 άρκης
431 3959 521 4013 καὶ
581 3956 753 4018 οὕτως
809 3951 1080 4024 ἀπόδειξις
1123 3952 1203 4008 ὅτι
1261 3950 1431 4027 ψευδῆ
1485 3954 1551 4007 τὰ
1610 3953 1850 4027 ὑπεσχη-

210 4050 368 4125 μένα,
431 4053 548 4111 καθ’
606 4045 688 4101 ὅτι
742 4043 829 4100 ἐπὶ
881 4048 988 4098 τῶν
1043 4044 1138 4104 τὰς
1177 4044 1386 4121 Γραφὰς
1429 4040 1650 4096 εἰδότων
1684 4041 1850 4096 εἰπεῖν

202 4137 304 4193 οὑκ
361 4132 696 4208 ἐτόλμησας.
757 4130 855 4187 Καὶ
886 4134 975 4185 νῦν
1037 4127 1095 4185 δὲ
1144 4130 1196 4184 τί
1246 4130 1519 4203 περιμένω
1552 4150 1609 4184 σε
1652 4128 1851 4203 λέγειν,

205 4227 463 4301 μέγιστον
523 4222 667 4298 ἔχων
730 4221 975 4296 μάρτυρα
1030 4226 1131 4289 τῆς
1191 4218 1535 4295 ὑποσχέσεώς
1597 4240 1714 4289 σου,
1761 4219 1853 4274 τὸν

200 4314 431 4390 γέροντα
454 4310 668 4367 τουτονί
702 4329 716 4380 ;
750 4312 936 4366 Ταῦτα
988 4306 1177 4378 εἰπὼν,
1221 4309 1311 4363 καὶ
1356 4312 1436 4379 τῷ
1485 4308 1647 4383 πατρί
1694 4328 1856 4384 προσ-

202 4400 430 4477 ϐλέψας,
493 4400 674 4479 φησίν·
736 4398 871 4454 Εἰπέ
931 4418 1026 4471 μοι
1085 4394 1288 4472 ἀνδρῶν
1340 4396 1584 4451 ἁπάντων
1631 4396 1658 4449 ὁ
1704 4416 1854 4468 τιμι-

205 4495 432 4563 ώτατος,
496 4490 623 4566 ούχὶ
681 4486 837 4549 οὗτος
897 4485 1163 4561 ὑπέσχετό
1220 4506 1305 4540 σοι
1365 4482 1530 4555 δεῖξαι
1579 4487 1855 4557 σήμερον,

207 4581 292 4638 ὅτι
344 4580 421 4642 εἷς
482 4577 590 4633 ἐστὶ
649 4577 796 4647 Θεὸς,
855 4574 943 4630 καὶ
1003 4574 1065 4629 ού
1123 4575 1235 4650 χρὴ
1284 4569 1466 4649 ἕτερόν
1513 4593 1634 4628 τινα
1679 4570 1854 4648 λέγειν

1954 674 2339 745 puniendum,
2375 683 2439 731 ut
2487 679 2583 747 qui
2618 678 2676 733 in
2707 679 2923 750 ipsum
2982 678 3384 733 universorum
3415 683 3594 732 Deum

1953 761 2171 833 impius
2202 764 2504 820 exstiterit.
2539 772 2728 837 Atque
2756 766 2863 821 hoc
2896 767 3073 832 dicto,
3119 782 3368 837 cumque
3398 765 3595 834 aliqua

1952 852 2326 923 perpessione
2351 853 3116 927 infestatis,zsgrotantibus,
3142 861 3199 911 et
3219 856 3593 911 daemoniacis

1954 940 2333 1011 imposuisset
2364 960 2595 1013 manus,
2621 961 2686 1000 ac
2717 962 2814 1000 eos
2835 950 3098 1001 curasset
3152 961 3337 1017 prece,
3371 944 3596 1000 concio-

1951 1045 2084 1083 nem
2117 1029 2361 1085 dimisit.
2413 1032 2628 1088 Deinde
2677 1033 2759 1089 ita
2796 1034 3117 1105 ingressus,
3167 1038 3224 1088 et
3260 1032 3430 1090 solito
3462 1032 3590 1088 cibo

1951 1124 2239 1189 percepto,
2271 1136 2332 1175 se
2362 1136 2567 1176 somno
2595 1122 2771 1180 dedit.

2021 1207 2258 1262 CXXIX.
2291 1209 2335 1243 ⁸³
2374 1210 2541 1265 Mane
2590 1228 2725 1267 vero
2774 1211 2987 1266 iterum
3028 1227 3298 1283 egressus
3342 1214 3588 1278 Petrus;

1950 1312 2084 1351 cum
2118 1297 2376 1352 stetisset
2406 1298 2463 1352 in
2495 1298 2621 1354 loco
2652 1299 2710 1354 in
2744 1317 2857 1372 quo
2888 1299 3172 1355 disserere
3222 1298 3465 1368 solebat,
3497 1298 3593 1353 in-

1948 1400 2209 1457 gensque
2241 1385 2547 1441 hominum
2594 1388 2909 1443 multitudo
2952 1387 3380 1454 concurrisset;
3414 1386 3592 1443 simul

1947 1490 2012 1528 ac
2043 1473 2167 1545 ipse
2222 1479 2376 1530 esset
2419 1475 2740 1542 locuturus,
2791 1476 3049 1532 introivit
3094 1478 3334 1547 quidam
3364 1493 3432 1531 ex
3463 1477 3591 1547 ejus

1949 1562 2232 1630 diaconis,
2264 1564 2503 1620 dicens:
2535 1566 2737 1620 Simon
2765 1566 2835 1621 ab
2867 1565 3323 1637 Antiochiaipso
3355 1580 3592 1635 vespere

1950 1651 2275 1723 ingressus,
2308 1653 2554 1709 audiens
2585 1658 2641 1709 te
2664 1654 3003 1725 promisisse
3030 1655 3099 1709 de
3121 1653 3589 1723 monarchia,seu

1949 1740 2277 1813 principatu
2332 1742 2527 1807 unius,
2588 1744 2762 1798 verba
2809 1759 2937 1799 esse
2992 1745 3304 1812 facturum,
3352 1750 3589 1815 paratus

1948 1835 2039 1885 est
2097 1848 2216 1885 una
2270 1848 2405 1886 cum
2460 1832 2829 1887 Athenodoro
2882 1831 3182 1903 Epicureo,
3240 1830 3347 1886 tibi
3405 1830 3589 1887 disse-

1948 1920 2096 1975 renti
2142 1920 2520 1983 intervenire;
2576 1925 2640 1975 ut
2698 1924 2907 1976 cuncta
2960 1938 3084 1992 quae
3142 1937 3176 1975 a
3231 1924 3288 1975 te
3344 1920 3415 1975 de
3459 1935 3591 1974 mo-

1948 2009 2189 2064 narchia
2217 2009 2737 2077 denuntiabantur,
2771 2008 3000 2081 publice
3031 2008 3155 2080 ipse
3195 2025 3450 2081 praesens
3480 2008 3590 2063 im-

1949 2102 2187 2169 pugnet.

2022 2185 2227 2240 CXXX.
2262 2186 2390 2240 Haec
2423 2186 2649 2241 dicente
2682 2185 3099 2250 diacono,ecce
3129 2190 3185 2240 et
3216 2186 3419 2241 Simon
3452 2202 3587 2240 cum

1951 2274 2313 2329 Athenodoro
2362 2273 2603 2345 aliisque
2653 2274 2953 2329 nonnullis
3002 2274 3300 2329 sodalibus
3338 2273 3592 2346 ingredi-

1950 2367 2089 2417 tur:
2123 2367 2179 2418 et
2207 2367 2340 2417 ante
2369 2380 2539 2434 quam
2592 2363 2796 2419 Petrus
2854 2363 3073 2435 aliquid
3125 2363 3361 2418 omnino
3393 2362 3594 2434 loque-

1950 2455 2130 2519 retur,
2161 2452 2286 2524 ipse
2339 2452 2704 2524 anticipans:
2764 2452 3050 2524 Comperi,
3109 2452 3319 2523 inquit,
3371 2456 3425 2507 te
3469 2451 3594 2507 heri

1950 2539 2272 2611 pollicitum
2297 2557 2425 2596 esse
2449 2542 2678 2611 Fausto,
2707 2542 2859 2613 quod
2885 2541 3058 2596 hodie
3078 2540 3278 2595 habito
3302 2557 3595 2611 sermone,

1951 2629 2151 2685 ordine
2181 2645 2341 2685 esses
2372 2633 2738 2698 ostensurus,
2762 2630 3135 2701 primumque
3161 2629 3489 2701 incipiendo
3521 2630 3591 2684 ab

1950 2718 2078 2790 ipso
2109 2718 2514 2774 universorum
2545 2719 2831 2788 Domino;
2872 2735 3007 2774 eum
3058 2718 3249 2773 solum
3281 2718 3593 2773 dicendum

1951 2823 2080 2863 esse
2113 2808 2311 2877 Deum,
2345 2807 2490 2863 alios
2519 2824 2650 2862 vero
2694 2823 2881 2878 neque
2929 2806 3206 2862 dicendos
3256 2822 3442 2877 neque
3471 2806 3595 2861 exi-

1952 2896 2316 2964 stimandos;
2350 2896 2569 2967 quique
2611 2900 2814 2951 contra
2859 2896 3079 2967 fecerit,
3127 2899 3369 2951 aeternas
3395 2912 3597 2967 poenas

1954 2985 2250 3040 daturum.
2302 2987 2450 3040 Ante
2496 2986 2695 3041 omnia
2741 3001 2877 3057 ergo
2928 3002 3059 3041 vere
3111 2984 3404 3040 insaniam
3432 2987 3597 3039 tuam

1954 3073 2274 3129 demiratus
2306 3090 2459 3140 sum,
2511 3074 2663 3144 quod
2721 3073 2970 3145 sperasti
3021 3080 3077 3128 te
3133 3072 3391 3144 possein
3422 3071 3597 3128 aliam

1955 3161 2305 3217 sententiam
2362 3162 2650 3217 adducere
2691 3161 2883 3217 virum
2936 3160 3077 3215 adeo
3136 3159 3475 3231 sapientem,
3526 3160 3598 3214 ad

1954 3250 2078 3305 haec
2110 3266 2328 3305 senem.
2362 3254 2435 3305 At
2465 3267 2598 3321 spes
2628 3266 2694 3304 ac
2724 3248 3081 3304 voluntatem
3122 3264 3239 3303 non
3270 3246 3596 3315 obtinebis;

1957 3343 2156 3411 utpote
2185 3343 2469 3410 prasente
2516 3354 2629 3409 me,
2677 3342 2929 3409 tuosque
2974 3336 3150 3393 falsos
3181 3353 3481 3391 sermones
3511 3352 3600 3392 re-

1955 3427 2290 3499 darguente.
2326 3428 2552 3482 Etenim
2585 3428 2727 3482 forte
2758 3443 2851 3481 me
2882 3426 3122 3482 absente
3151 3427 3424 3497 deceptus
3456 3424 3600 3481 fuis-

1955 3520 2044 3572 set
2073 3532 2207 3571 cum
2240 3515 2547 3588 imperitus
2579 3517 2656 3571 sit
2694 3514 2979 3570 librorum
3006 3514 3106 3586 qui
3152 3514 3370 3569 Judaais
3405 3513 3601 3585 palam

1956 3610 2096 3663 sunt
2124 3604 2345 3660 traditi.
2378 3605 2544 3660 Nunc
2588 3609 2782 3660 autem
2834 3603 3019 3659 multa
3064 3604 3241 3659 verba
3272 3604 3599 3675 praeteribo,

1956 3699 2022 3752 ut
2042 3694 2217 3749 citius
2247 3693 2693 3765 promissionem
2711 3697 2872 3749 tuam
2890 3693 3187 3748 inﬁrmam
3208 3709 3336 3749 esse
3367 3694 3602 3749 convin-

1959 3800 2107 3839 cam.
2148 3784 2245 3839 Dic
2273 3782 2453 3856 igitur
2472 3784 2626 3855 quod
2651 3782 2943 3854 pollicitus
2966 3798 3050 3839 es.
3076 3781 3176 3838 Sin
3206 3786 3399 3837 autem
3423 3798 3612 3853 repre—

1959 3872 2304 3928 hensionem
2335 3873 2577 3940 veritus,
2623 3888 2819 3927 coram
2860 3871 3029 3927 nobis
3059 3870 3201 3927 velis
3252 3871 3610 3942 promissum

1962 3961 2265 4030 omittere;
2299 3961 2471 4016 etiam
2517 3961 2601 4015 sic
2648 3959 2945 4016 sufﬁciens
2988 3960 3097 4015 erit
3150 3959 3432 4032 probatio,
3467 3956 3613 4013 falsa

1962 4068 2089 4107 esse
2115 4068 2241 4123 quae
2275 4049 2615 4122 promisisti,
2669 4048 3146 4120 quandoquidem
3193 4065 3389 4104 coram
3423 4046 3612 4102 homi-

1963 4140 2137 4196 nibus
2166 4139 2499 4211 Scripturas
2530 4138 2880 4193 callentibus
2912 4155 3026 4193 non
3059 4154 3240 4193 ausus
3285 4138 3367 4193 sis
3397 4136 3611 4192 dicere.

1962 4229 2031 4284 Et
2081 4245 2214 4284 vero
2255 4229 2382 4297 jam
2441 4244 2543 4282 cur
2598 4230 2869 4298 exspecto
2926 4229 2991 4281 ut
3047 4225 3231 4291 dicas,
3287 4224 3385 4297 qui
3432 4224 3613 4279 maxi-

1965 4333 2128 4372 mum
2149 4316 2332 4372 habeo
2357 4315 2793 4387 pollicitationis
2816 4320 2926 4369 tuae
2951 4314 3355 4382 testem,hunc
3377 4313 3616 4370 senem?

1966 4405 2101 4461 Post
2131 4406 2251 4460 hinc
2298 4405 2475 4460 verba
2520 4421 2652 4459 cum
2711 4408 2935 4475 patrem
2993 4403 3331 4475 aspexisset,
3364 4404 3477 4459 ait:
3513 4402 3615 4458 Dic

1968 4493 2136 4560 mihi,
2187 4494 2446 4549 virorum
2506 4492 3015 4565 praestantissime,
3075 4507 3266 4546 nonne
3341 4492 3451 4547 iste
3511 4490 3616 4545 tibi

1967 4581 2263 4654 pollicitus
2293 4586 2382 4638 est
2423 4586 2797 4637 ostensurum
2845 4597 2907 4635 se
2954 4578 3146 4647 hodie,
3204 4596 3387 4634 unum
3431 4579 3614 4634 Deum

207 4672 243 4741 ἢ
293 4668 536 4742 νομίζειν
582 4667 744 4735 Θεὸν,
792 4665 820 4720 6
871 4661 928 4720 δὲ
975 4663 1123 4739 παρὰ
1166 4667 1333 4718 ταῦτα
1378 4666 1550 4717 ποιῶν
1601 4661 1845 4717 ἀθάνατοι

1965 4688 2114 4739 esse,
2148 4687 2251 4726 nec
2283 4670 2463 4725 alium
2512 4670 2823 4725 dicendum
2872 4672 2973 4723 aut
3021 4668 3357 4723 habendum
3388 4667 3572 4722 Deum
3600 4691 3614 4733 ;

211 4758 518 4835 εἷσπραχθή
528 4776 674 4811 σεται
701 4775 753 4809 τι
765 4750 972 4829 μωρίαν
1007 4771 1022 4822 ;

282 4936 509 4994 CXXXI.
540 4933 640 4987 Καὶ
688 4932 715 4987 6
762 4932 942 5004 πατὴρ
992 4924 1117 5008 ἔφη’
1158 4927 1354 4991 Καλῶς
1403 4927 1461 4983 ἂν
1507 4930 1606 4997 τὴν
1667 4949 1864 5005 μαρτυ-

1970 4760 2042 4815 ab
2076 4774 2141 4813 eo
2173 4762 2368 4813 autem
2402 4757 2500 4829 qui
2547 4755 2713 4811 aliter
2761 4753 2978 4825 fecerit,
3033 4751 3364 4808 immortale
3394 4750 3616 4822 suppli-

1971 4848 2128 4904 cium
2160 4850 2427 4902 exactum
2457 4844 2526 4899 iri
2548 4844 2576 4899 ?

2042 4934 2271 4991 CXXXI.
2320 4932 2637 5005 Respondit
2685 4935 2884 5004 pater:
2936 4931 3109 4987 Recte
3155 4946 3189 4984 a
3233 4945 3325 4984 me
3351 4928 3616 4984 testimo-

210 5026 328 5100 ρίαν
364 5026 491 5098 παρ’
524 5021 660 5095 ἐμοῦ
692 5020 943 5094 ἀπῄτεις,
976 5020 1019 5074 ὧ
1043 5019 1251 5091 Σίμων,
1282 5016 1326 5072 εἰ
1353 5017 1613 5094 πρότερον
1646 5019 1861 5093 ἠρνεῖτο

207 5114 440 5189 Πέτρος
501 5115 588 5167 νῦν
646 5108 702 5165 δὲ
760 5109 859 5164 οὐκ
917 5105 1310 5180 αἷδεσθήσομαι
1361 5104 1555 5182 λέγειν,
1588 5104 1733 5162 ἂδεῖ
1779 5105 1864 5162 λέ-

206 5223 343 5281 γειν·
379 5199 534 5275 οἶμαί
566 5220 622 5255 σε
671 5198 842 5275 ὀργῆς
890 5195 1277 5269 πεπλησμένον
1329 5193 1685 5271 διαλεχθῆναι
1736 5195 1862 5271 βού-

210 5292 422 5350 λεσθαι.
456 5294 624 5345 Τοῦτο
659 5286 716 5344 δὲ
747 5284 872 5343 οὔτε
914 5308 997 5342 σοι
1048 5287 1312 5362 προσήκει
1354 5290 1551 5357 ποιεῖν,
1586 5285 1696 5339 οὗθ’
1727 5288 1861 5357 ἡμῖν

215 5379 392 5444 οὑτως
425 5375 625 5455 ἔχοντα
672 5374 983 5448 ὑπακούειν,
1030 5372 1112 5430 ὅτι
1149 5373 1332 5450 μάχην
1379 5372 1518 5429 ἔστιν
1561 5374 1862 5448 ἱστορῆσαι,

1972 5023 2138 5079 nium
2170 5022 2519 5095 postulares,
2551 5038 2583 5076 0
2613 5020 2839 5088 Simon,
2865 5020 2914 5075 si
2935 5023 3105 5075 antea
3135 5018 3338 5074 Petrus
3361 5016 3621 5088 negavis-

1972 5116 2095 5180 set;
2129 5127 2285 5165 nunc
2316 5114 2510 5165 autem
2540 5125 2656 5163 non
2704 5108 2913 5163 verebo
2970 5108 3162 5161 dicere
3218 5122 3343 5177 quae
3376 5106 3623 5160 dicenda

1972 5202 2109 5256 sunt
2136 5216 2149 5254 :
2183 5198 2432 5254 arbitror
2460 5201 2515 5252 te
2545 5196 2632 5252 ira
2661 5196 2947 5267 repletum
2979 5194 3122 5250 velle
3161 5193 3620 5266 disputationem

1972 5288 2290 5359 suscipere.
2321 5286 2438 5341 Hoc
2470 5301 2640 5357 porro
2674 5300 2861 5356 neque
2893 5289 2949 5340 te
2978 5284 3164 5339 facere
3212 5283 3395 5349 decet,
3436 5298 3623 5353 neque

1975 5380 2203 5448 oportet
2231 5379 2297 5431 ut
2329 5392 2434 5431 nos
2464 5375 2548 5430 sic
2578 5374 2851 5430 affectum
2878 5372 3189 5429 audiamus
3218 5388 3231 5441 ;
3263 5370 3541 5443 quoniam
3562 5370 3623 5427 id

1573 5500 1817 5555 VARIIE
1855 5500 2260 5558 LEGTIONES.

294 5632 343 5668 ⁸³
371 5630 447 5687 al.
477 5626 568 5683 καὶ
599 5624 1023 5701 εὐξάμενος,ᾼκαὶ
1052 5621 1629 5701 ῖασᾴμενοςμᾶπ-έλυσε
1657 5623 1807 5701 ,τοὺς
1829 5618 2048 5701 Δὄχλους
2075 5621 2166 5678 καί
2205 5623 2305 5701 εἶθ’
2336 5620 2531 5701 οὕτως-
2559 5619 2758 5701 εἲσιῲν,
2808 5622 2938 5701 τῶν.
2967 5621 3230 5689 συνήθων.
3262 5620 3306 5654 ⁵³
3336 5619 3624 5701 Οἰςζηεηεη

226 5704 391 5762 hom.
425 5719 543 5769 XVI,
574 5718 622 5773 ρ.
659 5687 931 5773 Leto.“
961 5700 1123 5773 deest
1148 5687 1319 5773 ih_al_.
1350 5687 1396 5734 δε
1425 5698 1500 5753 al.
1531 5695 1622 5773 xui
1655 5687 1974 5773 ἐπιστάςίῖδθ
2003 5698 2165 5773 deest
2202 5697 2260 5751 iu
2302 5696 2450 5773 ait“
2481 5694 2559 5773 al:
2608 5687 2791 5773 ξξχλέν
2812 5690 2983 5747 πολὺν
3036 5687 3336 5747 συνεστωτα
3385 5688 3491 5745 εἶδε
3538 5690 3626 5744 καὶ

229 5761 368 5849 ἅμα.
401 5774 447 5813 ⁸⁸
480 5761 553 5831 θ.1’.
589 5761 829 5848 δημοσίᾳ
857 5774 1008 5827 πᾶσι.
1040 5771 1084 5807 ⁸⁹
1111 5769 1185 5828 al.
1222 5767 1354 5845 ὑπὶρ
1384 5766 1688 5843 μοναρχίας
1720 5765 2039 5844 λεγομένοις
2070 5763 2273 5843 λόγοιςο
2305 5770 2488 5824 ταῦτα.
2518 5767 2562 5803 ⁸ο
2593 5761 2681 5823 al:
2700 5761 2887 5821 ἄλλον.
