4118 6340
463 408 581 469 567
1291 410 1356 471 S.
1402 408 1842 472 CLEMENTIS
1887 410 1912 472 Ι
1958 406 2147 470 BOM.
2194 408 2427 473 PONT.
2476 414 2738 477 OPERA
2781 415 3049 478 DUBIA.
3747 420 3875 480 568

458 557 717 614 pugnam
748 540 940 597 videre
968 544 1076 608 est,
1108 545 1164 596 et
1194 559 1307 598 non
1341 543 1412 598 ad
1444 543 1743 599 veritatem
1769 542 2099 615 juvari.Sed

2215 541 2305 596 καὶ
2356 541 2417 597 ού
2470 545 2607 621 πρὸς
2683 545 2940 618 ἀλήθειαν
2992 546 3352 626 ὠφελεῖσθαι.
3395 544 3552 604 ⁸Δλλ¹
3618 548 3871 624 ἑκάτερος

458 635 701 702 uterque
724 637 981 685 vestrum
1004 631 1215 701 dogma
1235 646 1409 687 suum
1440 635 1692 704 exponat
1720 650 1733 699 ;
1758 636 1814 688 et
1836 632 1906 688 ad
1923 632 2099 687 alium

2218 630 2369 703 ὑμῶν
2397 632 2459 687 τὸ
2489 633 2681 689 ἑαυτοῦ
2731 633 2910 713 δόγμα
2953 635 3208 709 ἐκθέσθω,
3256 635 3346 692 καὶ
3397 636 3484 714 ὑφ’
3532 637 3700 712 ἐτέρῳ
3740 638 3864 713 κρί-

451 719 733 791 judicem,
766 718 940 773 verba
961 717 1327 789 habeantur;
1361 718 1559 790 sicque
1587 735 1827 790 prorsus
1851 718 2099 774 invenie-

2214 740 2358 775 νοντι
2388 720 2515 785 τοὺς
2568 722 2769 799 λόγους
2815 722 3020 780 δοτέον·
3050 725 3140 780 καί
3182 725 3323 781 οὕτω
3368 726 3582 789 πάντως
3636 726 3871 804 ἀναμφί-

457 812 556 865 tur
604 806 991 863 dubitationis
1040 823 1244 879 expers
1316 809 1549 865 veritas.
1612 807 1831 863 Placuit
1879 808 2099 864 Simoni

2218 807 2383 884 λογον
2441 811 2677 883 τάληθὲς
2735 813 3113 889 εὑρεθήσεται.
3164 820 3358 891 ’Ἦρεσε
3406 814 3486 887 τῷ
3542 815 3751 889 Σίμωνι
3799 817 3870 872 τὸ

459 898 662 967 oratio,
696 913 876 968 seque
906 913 973 952 ex
1016 913 1083 952 ea
1115 898 1405 952 facturum
1456 897 1744 969 promisit.
1796 897 2104 952 Verumta-

460 1004 614 1055 men,
647 985 839 1058 inquit
899 987 1127 1056 Fausto,
1190 986 1367 1041 timeo
1428 1002 1500 1041 ne
1542 987 1669 1057 jam
1727 985 1881 1041 Petri
1915 985 2105 1042 verbis

460 1080 800 1148 occupatus,
833 1092 947 1130 non
980 1075 1062 1131 sis
1090 1075 1209 1130 veri
1240 1075 1543 1131 studiosus
1564 1076 1763 1146 judex.

528 1265 788 1322 CXXXII.
819 1264 886 1319 Et
916 1270 1078 1335 pater
1098 1261 1395 1335 respondit
1420 1278 1432 1318 :
1462 1261 1543 1318 Ne
1564 1278 1657 1319 me
1682 1277 1857 1335 cogas
1887 1265 2108 1320 temere

459 1372 525 1412 ac
552 1354 773 1410 indicta
818 1370 996 1409 causa
1041 1352 1144 1408 tibi
1203 1351 1498 1418 assentiri,
1533 1355 1599 1407 ut
1637 1352 1820 1424 judex
1848 1351 2107 1408 veritatis

460 1460 666 1499 amans
693 1443 911 1499 videar.
943 1442 1089 1498 Nam
1112 1440 1159 1497 si
1184 1458 1315 1497 vera
1337 1441 1539 1497 audire
1569 1441 1756 1513 cupis,
1781 1446 1883 1499 tua
1912 1442 2109 1514 potius

460 1531 751 1589 sententia
780 1532 1217 1602 praeoccupatus
1239 1545 1393 1583 sum.
1416 1532 1498 1583 Ac
1522 1528 1723 1585 Simon
1754 1546 1767 1584 :
1790 1529 1913 1594 Quo
1935 1530 2109 1586 modo

461 1637 524 1675 es
538 1622 994 1691 praeoccupatus,
1018 1618 1114 1689 qui
1137 1618 1326 1672 nescis
1342 1616 1478 1689 quid
1501 1617 1750 1673 sentiam
1773 1616 1801 1673 ‘I
1822 1621 1894 1672 At
1909 1623 2103 1688 pater:

464 1708 651 1765 Facile
681 1713 770 1763 est
794 1707 937 1762 illud
970 1723 1352 1779 cognoscere:
1384 1711 1435 1761 et
1459 1723 1711 1778 quonam
1739 1711 1928 1779 pacto,
1948 1708 2106 1764 audi.

464 1796 763 1853 Pollicitus
794 1813 879 1863 es,
912 1813 944 1851 a
974 1801 1029 1852 te
1082 1795 1211 1851 falsi
1244 1796 1568 1851 convictum
1619 1796 1689 1851 iri
1723 1800 1983 1863 Petrum,
2012 1797 2110 1867 qui

2217 895 2452 973 λεχθὲν,
2502 902 2591 956 καὶ
2639 905 2886 973 ποιήσειν
2939 902 3204 979 ὑπέσχετο
3268 904 3403 960 κατὰ
3448 909 3614 960 ταῦτα
3645 949 3658 963 .
3708 905 3869 975 Πλὴν

2215 984 2360 1043 ἀλλὰ
2391 985 2629 1059 δέδοικα,
2661 991 2739 1061 τῷ
2769 990 3001 1064 Φαύστῳ
3031 987 3155 1069 ἔφη,
3184 994 3258 1065 μή
3293 1013 3409 1055 πως
3439 992 3547 1063 ἤδη
3581 1015 3874 1070 προκατει-

2218 1074 2506 1149 λημμένος
2565 1084 2683 1142 τοῖς
2733 1079 2939 1158 Πέτρου
2988 1079 3203 1155 λόγοις,
3254 1080 3315 1136 οὐ
3365 1080 3682 1160 φιλαλήθης
3739 1084 3875 1161 γένῃ

2216 1168 2428 1240 κριτής.

2287 1259 2535 1313 CXXXII.
2568 1256 2667 1312 Kal
2718 1257 2747 1312 6
2789 1257 2968 1333 πατὴρ
3020 1256 3361 1335 ἀπεκρίνατο·
3415 1262 3506 1329 Μὴ
3562 1281 3629 1333 με
3676 1259 3872 1336 βιάζου

2217 1343 2448 1419 ἀκρίτως
2488 1346 2765 1411 συνθέσθαι
2817 1367 2925 1418 σοι,
2971 1347 3047 1411 ὡς
3087 1346 3145 1403 ἃν
3181 1345 3319 1419 δόξω
3365 1347 3681 1427 φιλαλήθης
3730 1350 3872 1407 εἶναι

2216 1435 2430 1507 κριτής.
2471 1434 2535 1490 Εἰ
2565 1436 2668 1512 γὰρ
2698 1432 2913 1507 τάληθῆ
2967 1435 3156 1513 βούλει
3203 1439 3413 1511 μαθεῖν,
3444 1443 3523 1511 τῷ
3560 1443 3638 1511 σῷ
3663 1442 3875 1518 φρονή-

2222 1541 2350 1595 ματι
2387 1522 2768 1599 προείλημμαι
2820 1523 3052 1599 μᾶλλον.
3102 1524 3202 1581 Καὶ
3253 1526 3282 1581 6
3324 1527 3530 1600 Σίμων·
3573 1532 3698 1591 Πῶς
3728 1549 3871 1604 προ-

2218 1610 2463 1686 είληψαι,
2512 1612 2617 1669 οὐκ
2659 1611 2817 1677 εἰδὼς
2866 1615 2897 1671 ὃ
2937 1618 3122 1694 φρονῶ
3153 1633 3168 1685 ;
3201 1614 3299 1671 Καὶ
3351 1616 3379 1671 ὁ
3427 1618 3608 1693 πατήρ
3635 1637 3648 1650 ·
3696 1622 3871 1673 Τοῦτο

2221 1698 2402 1777 ῥᾴδιόν
2460 1700 2599 1757 ἐστιν
2656 1700 2893 1758 εἰδέναι·
2944 1702 3035 1759 καί
3090 1708 3227 1773 πῶς,
3284 1700 3533 1760 ἄκουσον·
3591 1704 3869 1781 Ἐλέγξειν

2222 1789 2459 1866 ὑπέσχου
2490 1790 2580 1846 τὸν
2610 1791 2812 1869 Πέτρον
2838 1787 2933 1848 ἕνα
2979 1794 3105 1850 Θεὸν
3155 1792 3383 1871 λέγοντα
3421 1797 3578 1865 εἶναι,
3622 1794 3703 1853 ὅτι
3735 1797 3870 1870 ψεύ-

463 1904 648 1943 unum
672 1903 797 1941 esse
823 1892 1001 1941 Deum
1019 1890 1241 1941 asserat
1264 1902 1276 1952 ;
1304 1888 1573 1941 caeterum
1598 1884 1696 1957 qui
1721 1885 2009 1958 promittit
2030 1902 2099 1941 re-

2224 1876 2390 1935 δεται.
2427 1880 2495 1978 ,Ὁ
2528 1877 2585 1935 δὲ
2631 1881 2722 1978 rev
2750 1878 2863 1978 ‘Eva
2913 1880 3144 1958 λέγοντα
3192 1882 3405 1959 ἐλέγξαι
3456 1883 3873 1961 ἐπαγγελλόμε-

462 1974 906 2047 prehensionem
934 1973 1249 2029 asserentis
1270 1989 1452 2028 unum
1469 1978 1671 2040 Deum,
1693 1973 1861 2045 plane
1875 1974 2114 2030 manife-

464 2068 623 2121 stum
653 2068 740 2119 est
768 2063 918 2133 quod
951 2062 1021 2127 is,
1054 2079 1186 2117 vera
1209 2062 1470 2133 loquens,
1498 2079 1611 2117 non
1637 2062 1790 2117 idem
1822 2063 2108 2120 afﬁrmet:

465 2153 513 2209 si
544 2153 701 2208 enim
733 2152 882 2207 idem
913 2152 1053 2206 dicit
1101 2168 1232 2206 cum
1264 2167 1329 2206 eo
1372 2150 1473 2223 qui
1526 2151 1805 2207 ementita
1829 2151 2111 2224 loquitur,

466 2246 522 2298 et
550 2242 671 2314 ipse
696 2242 950 2313 profecto
978 2243 1065 2295 est
1080 2240 1329 2295 mendax
1354 2256 1366 2309 ;
1387 2239 1435 2295 si
1452 2255 1586 2295 vero
1610 2240 1903 2296 contraria
1923 2242 2113 2298 dicere

467 2348 529 2388 se
560 2330 832 2399 ostendit,
892 2345 959 2384 ex
992 2330 1232 2385 adverso
1290 2344 1430 2384 sane
1472 2345 1643 2385 verus
1701 2334 1810 2385 est.
1841 2335 1968 2385 Non
2000 2329 2114 2385 alia

466 2438 599 2491 ergo
628 2420 851 2476 ratione
881 2418 1315 2491 praedicatorem
1342 2418 1519 2473 unius
1566 2418 1667 2474 Dei
1697 2435 1824 2475 esse
1866 2420 2113 2475 menda-

463 2525 588 2565 cem
621 2507 985 2580 pronuntias,
1016 2507 1127 2563 nisi
1162 2507 1300 2578 quia
1320 2508 1538 2563 multos
1568 2507 1706 2563 deos
1728 2522 1855 2563 esse
1885 2524 2108 2564 censes.

458 2598 635 2670 Atqui
669 2596 886 2653 multos
916 2613 1044 2653 esse
1078 2597 1217 2651 deos
1239 2612 1344 2669 ego
1375 2612 1604 2669 quoque
1627 2596 1738 2652 aio.
1772 2597 1985 2653 Eadem
2008 2596 2113 2669 igi-

456 2692 554 2744 tur
579 2692 772 2743 tecum
804 2686 1071 2743 doctrina
1100 2690 1233 2741 ante
1255 2685 1742 2757 disceptationem
1790 2690 2109 2757 occupatus

456 2795 588 2835 sum
615 2795 627 2833 :
655 2781 713 2832 et
738 2780 1043 2848 propterea
1064 2774 1397 2831 nullatenus
1422 2778 1648 2846 oportet
1669 2779 1724 2830 te
1748 2778 2006 2830 metuere
2037 2775 2110 2831 de

454 2884 569 2934 me,
603 2867 704 2922 sed
738 2866 967 2921 Petrum
1010 2863 1242 2935 potius:
1294 2864 1615 2919 etiamnum
1660 2863 1877 2936 quippe
1907 2867 2108 2920 contra

454 2959 631 3027 atque
662 2954 760 3010 ille
790 2953 996 3010 sentio.
1028 2956 1169 3009 Post
1212 2956 1463 3008 vestram
1504 2956 1701 3008 autem
1751 2952 2107 3024 disputatio-

454 3061 611 3113 nem,
644 3059 813 3115 spero
843 3044 963 3099 fore
994 3046 1059 3097 ut
1102 3041 1220 3097 veri
1253 3041 1554 3097 studiosus
1590 3042 1796 3113 judex,
1829 3041 1989 3097 omni
2011 3042 2108 3098 de-

451 3134 645 3206 posita
691 3132 1125 3204 anticipatione,
1175 3130 1508 3203 praevalenti
1558 3146 1952 3187 consensurus
1990 3130 2103 3187 sim

2222 1988 2336 2035 νος,
2369 1967 2583 2031 πάντως
2614 1966 2846 2041 εὔδηλον
2893 1971 2969 2034 ὡς
3001 1971 3198 2035 ἐκεῖνος
3230 1972 3533 2043 ἀληθεύων,
3559 1974 3622 2030 ού
3646 1975 3706 2030 τὸ
3736 1976 3871 2031 αὑτὸ

2222 2053 2393 2131 λέγει·
2427 2056 2473 2111 εί
2502 2058 2601 2133 γὰρ
2631 2062 2710 2130 τῷ
2758 2057 3218 2134 καταψευδομὲνῳ
3264 2062 3327 2117 τὸ
3376 2062 3506 2117 αὐτὸ
3559 2062 3726 2139 λέγει,
3773 2063 3869 2119 καὶ

2220 2144 2380 2208 αὐτὸς
2428 2148 2472 2185 ⁸1
2523 2144 2625 2223 ἄρα
2674 2145 2943 2221 ψεύδεται·
2980 2148 3025 2204 εἰ
3076 2147 3134 2205 δὲ
3178 2147 3246 2206 τά
3276 2149 3483 2205 ἐναντία
3512 2149 3690 2225 λέγων
3727 2151 3871 2208 ἀπο-

2222 2230 2506 2308 δείκνυσιν,
2564 2237 2814 2312 ἅντικρυς
2868 2235 3151 2308 ἀληθεύει.
3211 2238 3321 2295 Ούκ
3377 2236 3566 2302 ἄλλως
3624 2238 3716 2295 οὗν
3768 2241 3868 2296 τὸν

2218 2319 2309 2378 ἕνα
2355 2326 2481 2380 Θεὸν
2534 2324 2667 2381 εἶναι
2718 2325 2949 2402 λέγοντα
2995 2327 3229 2402 ψεύστην
3276 2326 3473 2405 λέγεις,
3526 2328 3571 2384 εἰ
3605 2331 3679 2403 μὴ
3730 2333 3778 2367 ⁶²
3804 2330 3869 2387 ἃν

2219 2410 2301 2468 ὅτι
2345 2411 2592 2477 πολλοὺς
2632 2414 2792 2478 αὐτὸς
2838 2412 3079 2487 δοξάζεις
3128 2418 3303 2481 θεούς·
3337 2418 3490 2482 θεοὺς
3521 2417 3577 2473 δὲ
3614 2418 3865 2483 πολλοὺς

2220 2503 2354 2557 εἶναι
2385 2502 2473 2558 καὶ
2506 2502 2611 2580 ἐγώ
2637 2523 2804 2580 φημι·
2835 2510 2913 2577 τῷ
2962 2505 3107 2578 αύτῷ
3146 2505 3237 2562 οὗν
3285 2528 3371 2561 σοι
3416 2506 3523 2583 πρὸ
3562 2515 3663 2579 τῆς
3696 2511 3868 2581 ζητή-

2218 2611 2352 2653 σεως
2397 2591 2551 2667 λόγῳ
2594 2592 2745 2669 κάγὼ
2794 2593 3279 2670 προκατείλημμαι
3316 2614 3329 2629 ·
3378 2596 3468 2651 καὶ
3514 2597 3649 2653 κατὰ
3701 2604 3865 2655 τοῦτο

2216 2680 2339 2757 περὶ
2385 2678 2524 2754 ἐμοῦ
2573 2702 2630 2737 σε
2674 2682 2738 2738 τὸ
2784 2682 3034 2759 παράπαν
3086 2683 3147 2739 ού
3189 2681 3487 2740 δεδοικέναι
3533 2687 3668 2762 χρὴ,
3717 2685 3867 2743 ἀλλὰ

2216 2768 2417 2845 Πέτρον
2473 2768 2723 2858 μᾶλλον·
2772 2772 3028 2858 τυγχάνω
3074 2773 3176 2850 γὰρ
3225 2772 3374 2847 αὐτῷ
3415 2774 3506 2828 καὶ
3552 2771 3631 2829 ἔτι
3680 2776 3749 2831 τὰ
3788 2775 3865 2832 ἐν-

2216 2858 2368 2913 αντία
2396 2857 2622 2936 φρονῶν.
2659 2859 2806 2916 Μετά
2836 2857 2893 2916 δὲ
2934 2862 3035 2932 τὴν
3066 2860 3326 2937 ὑμετέραν
3362 2863 3608 2935 ζήτησιν,
3653 2862 3861 2935 ἐλπίζω

2214 2945 2533 3023 φιλαλήθης
2564 2945 2637 3003 ὢν
2665 2948 2879 3024 κριτὴς,
2911 2955 3083 3005 πᾶσαν
3117 2948 3525 3025 ἀποδυσάμενος
3552 2951 3857 3029 πρόληψιν,

2211 3039 2289 3107 τῷ
2320 3034 2691 3121 ἐπικρατοῦντι
2741 3040 3016 3094 συνθέσθαι
3067 3038 3221 3115 λόγῳ
3246 3085 3259 3100 .
3308 3045 3485 3097 Ταῦτα
3510 3045 3610 3097 τοῦ
3654 3044 3859 3121 πατρὸς

2213 3118 2480 3197 εἰπόντος,
2514 3125 2697 3203 ἠρέμα
2730 3128 2832 3204 βοή
2863 3149 2946 3192 τις
2977 3128 3193 3185 ἐπαίνου
3245 3128 3305 3186 ἐκ
3348 3134 3456 3185 τῶν
3508 3128 3697 3208 δχλων
3744 3118 3857 3209 ἐγέ-

453 3222 723 3278 orationi.
754 3226 886 3277 Haec
934 3236 1069 3277 cum
1118 3224 1281 3292 pater
1329 3219 1590 3291 dixisset,
1632 3219 1849 3275 sensim
1881 3219 2099 3276 clamor

2214 3234 2351 3286 νετο,
2384 3212 2472 3270 ἐπὶ
2499 3214 2578 3289 τῷ
2609 3215 2783 3281 οὕτως
2810 3217 2901 3274 τὸν
2928 3217 3133 3296 πατέρα
3159 3216 3540 3296 διαλεχθῆναι.

455 3311 694 3384 quidam
726 3309 1081 3366 laudationis
1108 3279 1142 3365 ᾇ
1173 3309 1391 3381 populo
1422 3279 1655 3365 exortus
1684 3312 1791 3380 est,
1818 3308 2098 3382 quoniam
2130 3279 2173 3349 Ο

452 3400 534 3455 ita
564 3404 727 3470 pater
750 3403 906 3455 esset
930 3399 1182 3455 locutus.

522 3489 798 3544 CXXXIII.
834 3493 1008 3543 Porro
1040 3489 1243 3543 Petrus
1282 3500 1451 3542 suam
1499 3487 1570 3543 de
1602 3487 1717 3543 Deo
1747 3486 2096 3543 sententiam

452 3576 719 3649 exposuit
743 3595 755 3633 :
782 3578 826 3611 ⁸³
843 3576 1126 3648 pluraque
1143 3577 1212 3632 de
1231 3576 1571 3632 monarchia
1587 3576 1945 3648 prolocutus,
1962 3594 2094 3633 cum

451 3666 727 3739 lacrymis
759 3682 937 3721 manu
970 3665 1270 3720 advocavit
1300 3664 1735 3721 multitudinem
1761 3683 1774 3733 ;
1806 3683 1919 3736 qua
1940 3682 2096 3722 acce—

450 3757 641 3822 dente,
674 3760 801 3809 tum
835 3770 1045 3809 manus
1080 3754 1383 3825 imposuit,
1417 3758 1543 3808 tum
1575 3770 1677 3825 pro
1726 3754 1797 3809 iis
1828 3758 2095 3826 precatus

450 3849 576 3902 est:
609 3844 941 3915 pariterque
996 3858 1200 3897 omnes
1248 3842 1362 3897 Deo
1403 3842 1830 3898 benediximus.
1863 3843 1908 3878 ⁶⁴
1939 3842 2096 3899 lntro

449 3938 646 3990 autem
664 3933 836 3988 irruit
857 3930 1091 4003 aliquis,
1117 3931 1341 3986 Simoni
1392 3931 1592 3987 dicens
1618 3930 1873 4003 :Appion
1893 3931 2097 3987 Plisto-

449 4023 611 4079 nices
632 4039 765 4077 cum
778 4020 1124 4077 Annubione
1152 4021 1323 4075 modo
1344 4018 1499 4076 venit
1519 4019 1847 4075 Antiochia.
1872 4020 2094 4084 Quibus

451 4111 686 4181 auditis,
722 4111 921 4166 Simon
951 4109 1068 4165 exit
1116 4109 1337 4176 statim,
1381 4108 1548 4179 quasi
1594 4109 1900 4180 praedictos
1930 4124 2091 4165 exce-

449 4204 680 4271 pturus.
718 4204 884 4255 Pater
910 4214 1043 4253 vero
1092 4198 1372 4253 accedens
1404 4198 1474 4253 ad
1528 4198 1801 4254 Petrum:
1834 4199 1893 4255 Si
1925 4198 2091 4270 mihi,

447 4288 662 4359 inquit,
696 4288 987 4353 concedis,
1018 4287 1252 4341 domine
1283 4286 1361 4342 mi
1387 4304 1401 4355 ;
1434 4289 1491 4343 et
1515 4302 1618 4359 ego
1659 4303 1793 4343 cum
1823 4304 1889 4343 eo
1920 4287 2092 4359 proli-

447 4379 653 4448 ciscar,
688 4381 751 4433 ut
780 4376 1026 4432 salutem
1048 4377 1370 4448 Appionem
1393 4380 1449 4431 et
1470 4376 1897 4443 Annubionem,
1932 4392 2094 4433 meos

446 4484 481 4523 a
510 4468 699 4538 prima
728 4470 893 4521 aetate
913 4466 1152 4520 amicos.
1177 4465 1402 4520 Etenim
1428 4465 1573 4520 forte
1603 4465 1939 4521 Annubioni
1962 4482 2091 4536 per-

448 4556 703 4612 suadebo
736 4560 799 4610 ut
828 4571 962 4609 cum
1010 4553 1303 4609 Clemente
1349 4554 1606 4626 disputet
1655 4556 1723 4609 de
1769 4554 1988 4627 genesi.
2021 4555 2091 4610 Et

2276 3484 2558 3542 CXXXIII.
2590 3483 2689 3539 Καὶ
2739 3482 2893 3559 ὅμως
2942 3486 2972 3541 6
3002 3486 3205 3562 Πέτρος
3242 3486 3303 3541 τὸ
3334 3486 3524 3542 ἑαυτοῦ
3568 3485 3692 3561 περὶ
3724 3493 3859 3544 Θεοῦ

2204 3571 2409 3644 ἐξέθετο
2467 3572 2741 3651 φρόνημα·
2802 3572 2891 3629 καὶ
2948 3572 3136 3631 πολλά
3192 3574 3315 3652 περὶ
3388 3576 3689 3652 μοναρχίας
3746 3574 3860 3633 δια-

2206 3659 2452 3738 λεχθεὶς,
2502 3662 2635 3736 μετᾶ
2687 3660 2931 3738 δακρύων
2974 3667 3043 3738 τῇ
3090 3664 3237 3741 χειρὶ
3288 3664 3682 3741 προσεκαλεῖτο
3723 3668 3855 3730 τοὺς

2204 3745 2437 3826 ὄχλους·
2478 3752 2560 3815 οἷς
2608 3750 2991 3828 προσελθοῦσι,
3038 3753 3133 3815 τὰς
3161 3754 3352 3829 χεῖράς
3397 3776 3455 3809 τε
3482 3753 3733 3828 ἐπετίθει,
3764 3758 3855 3811 καὶ

2207 3840 2338 3915 ὑπὲρ
2389 3839 2562 3895 αὐτῶν
2609 3840 2833 3917 ηὔχετο.
2900 3841 2991 3897 καὶ
3038 3842 3179 3916 ὁμοῦ
3233 3844 3430 3906 πάντες
3479 3842 3856 3920 εύλογήσαμεν

2202 3929 2293 3984 τὸν
2326 3928 2476 3987 Θεόν.
2528 3926 2913 4003 ’Υπεισέδραμε
2960 3927 3018 3986 δέ
3065 3951 3149 3995 τις
3204 3928 3382 4007 λέγων
3416 3932 3557 4008 πρὸς
3600 3932 3848 4007 Σίμωνα·

2202 4016 2447 4075 Ἀππίων
2507 4018 2535 4072 ὁ
2592 4015 2980 4090 Πλειστονίκης
3053 4018 3145 4074 σὺν
3203 4022 3249 4058 ⁸⁵
3305 4016 3665 4076 Ἀννουϐίωνι
3722 4023 3853 4093 ἧκεν

2204 4106 2400 4183 ἀρτίως
2429 4106 2533 4162 ἀπὸ
2564 4107 2922 4183 Ἀντιοχείας.
2957 4105 3055 4165 Καὶ
3099 4106 3267 4165 ταῦτα
3306 4108 3541 4173 ἀκούσας
3574 4112 3602 4165 6
3637 4111 3847 4185 Σίμων,

2203 4192 2391 4267 ἔξεισιν
2438 4195 2633 4260 εὐθέως
2676 4199 2722 4233 ⁸⁸
2770 4196 2845 4259 ὡς
2888 4196 3015 4259 τοὺς
3060 4197 3377 4273 εἰρημένους
3428 4197 3845 4274 ὑποδεξάμενος.

2202 4286 2262 4343 Ὁ
2303 4282 2360 4340 δὲ
2388 4286 2568 4362 πατὴρ
2597 4288 2641 4323 ⁸⁷
2670 4285 2987 4361 προσελθὼν
3025 4291 3106 4359 τῷ
3156 4287 3364 4363 Πέτρῳ·
3400 4286 3473 4343 E’t’
3516 4310 3610 4363 μοι
3641 4289 3850 4365 ἐπιτρέ-

2200 4394 2344 4443 πεις,
2401 4370 2526 4452 ἔφη,
2584 4372 2737 4450 κύριέ
2796 4396 2933 4448 μου,
2982 4374 3285 4451 πορεύομαι
3343 4376 3494 4453 κάγὼ
3554 4377 3646 4433 σὺν
3701 4377 3850 4452 αύτῷ

2199 4462 2654 4539 προσαγορεύσων
2702 4460 2985 4520 Ἀππίωνά
3037 4483 3097 4518 τε
3171 4463 3261 4518 καὶ
3320 4460 3686 4521 Ἀννουϐίωνα
3720 4511 3734 4537 ,
3789 4467 3849 4522 ἐκ

2198 4550 2425 4625 πρώτης
2454 4547 2677 4619 ἡλικίας
2703 4548 2898 4628 φίλους
2935 4572 3038 4622 μου
3065 4552 3111 4588 ⁸⁸
3152 4552 3502 4625 γενομένους.
3534 4555 3707 4629 Τυχὸν
3741 4554 3844 4632 γὰρ

445 4644 687 4700 Petrus:
723 4643 1006 4710 Concedo,
1040 4642 1271 4714 inquit;
1322 4642 1495 4698 laudo
1524 4642 1721 4710 etiam,
1756 4644 1908 4715 quod
1939 4642 2089 4699 ami-

2214 4639 2285 4693 ιαί
2327 4634 2691 4693 Ἀννουϐίωνα
2734 4638 2905 4694 πείσω
2961 4637 3243 4712 Κλήμεντι
3304 4637 3664 4716 διαλεχθῆναι
3719 4644 3846 4719 περὶ

446 4750 644 4789 corum
682 4737 874 4806 partes
904 4736 959 4787 et
987 4731 1177 4786 officia
1204 4730 1471 4803 impleas.
1503 4732 1919 4788 Verumtamen
1942 4732 2087 4787 mihi

445 4823 657 4895 cogita,
690 4837 803 4893 quo
834 4822 1004 4877 modo
1032 4821 1356 4876 secundum
1389 4820 1485 4877 Dei
1524 4820 1946 4892 providentiam
1978 4839 2086 4877 un-

444 4912 614 4981 dique
645 4914 996 4966 concurrant
1015 4926 1142 4982 quzs
1166 4910 1235 4965 ad
1256 4909 1421 4981 plene
1446 4909 1769 4966 faciendam
1792 4910 1895 4966 tibi
1912 4910 2086 4967 fidem

443 5000 757 5073 pertinent,
791 5005 991 5071 aptum
1023 4998 1383 5071 perﬁcientia
1428 5002 1796 5055 concentum.
1838 4999 1953 5056 Hoc
1983 5017 2087 5056 au-

440 5094 559 5145 tem
590 5089 708 5145 dixi
739 5095 977 5162 propter
1023 5087 1386 5144 Annubionis
1426 5088 1762 5157 adventum,
1795 5089 1901 5144 tibi
1950 5106 2085 5145 cum

442 5194 589 5234 usus
620 5178 728 5234 fuit
758 5178 1171 5247 obtingentem.
1207 5178 1274 5232 Et
1303 5182 1502 5248 pater:
1534 5177 1699 5247 Vere,
1735 5177 1947 5250 inquit,
1979 5195 2085 5251 ego

443 5284 671 5340 quoque
700 5268 995 5339 conspicio
1026 5267 1083 5322 id
1110 5266 1193 5321 ita
1216 5265 1450 5322 habere.

513 5357 790 5413 CXXXIV.
824 5362 1012 5428 Atque
1041 5359 1173 5428 post
1201 5354 1323 5410 haec
1352 5355 1529 5421 dicta,
1568 5358 1865 5427 protectus
1894 5359 1983 5413 est
2011 5357 2083 5412 ad

440 5445 760 5501 Simonem.
794 5444 1044 5501 Inventis
1087 5446 1285 5501 autem
1320 5442 1585 5515 Appione
1613 5446 1669 5500 et
1713 5444 2081 5515 Annubione,

2197 4728 2474 4803 γενέσεως.
2513 4727 2611 4782 Καὶ
2659 4728 2687 4782 6
2738 4728 2961 4804 Πέτρος·
2993 4727 3317 4805 Ἐπιτρέπω,
3360 4726 3485 4808 ἔφη,
3517 4732 3606 4786 καὶ
3638 4731 3843 4788 ἐπαινῶ

2193 4817 2261 4872 τὰ
2307 4814 2480 4895 φίλων
2521 4837 2579 4871 σε
2624 4814 2938 4891 πληροῦντα
2990 4815 3152 4891 μέρη.
3208 4816 3362 4887 Πλὴν
3414 4818 3575 4875 ἐννόει
3627 4842 3722 4894 μοι
3770 4822 3847 4885 ὡς

2194 4905 2330 4961 κατὰ
2370 4905 2631 4982 πρόνοιαν
2676 4909 2808 4961 Θεοῦ
2855 4905 3192 4981 πανταχόθεν
3246 4907 3525 4983 συντρέχει
3568 4907 3654 4979 τὰ,
3704 4909 3844 4986 πρὸς

2193 4995 2293 5065 τὴν
2344 4996 2441 5064 σήν
2493 4993 2912 5072 πληροφορίαν,
2962 4993 3162 5049 οἰκείαν
3207 4994 3574 5053 ἀποτελοῦντα
3616 4998 3717 5067 τὴν
3748 4999 3844 5077 ἀρ-

2199 5083 2408 5158 μονίαν.
2439 5088 2608 5140 Τοῦτο
2657 5080 2716 5140 δέ
2763 5083 2911 5139 εἶπον
2944 5081 3033 5139 διὰ
3073 5084 3171 5153 τὴν
3202 5080 3598 5148 Ἀννουϐίωνος
3636 5087 3845 5163 χρησί-

2199 5193 2314 5246 μως
2346 5190 2432 5228 σοι
2453 5172 2751 5249 γενομένην
2774 5169 3068 5247 ἐπιδημίαν
3088 5171 3264 5229 ⁸⁹.Καὶ
3286 5173 3315 5230 6
3344 5174 3545 5252 πατήρ·
3572 5174 3844 5251 ’Δληθῶς,

2194 5260 2319 5341 ἔφη,
2351 5262 2499 5339 κάγὼ
2530 5266 2740 5335 συνορῶ
2767 5266 2927 5318 τοῦτο
2959 5260 3162 5318 οὑτωσὶ
3196 5259 3348 5339 ἔχον.

2263 5351 2552 5410 CXXXIV.
2603 5349 2701 5406 Καὶ
2749 5347 2916 5406 ταῦτα
2974 5349 3165 5422 εἰπὼν,
3224 5350 3490 5427 ἐπορεύθη
3547 5352 3687 5429 πρὸς
3744 5353 3839 5409 Σί..

2196 5461 2370 5516 μωνα.
2430 5439 2527 5495 Καὶ
2559 5440 2728 5517 εύρὼν
2768 5437 3054 5497 ’Δππίωνά
3078 5459 3141 5497 τε
3184 5439 3274 5496 καὶ
3306 5436 3700 5517 ’Δννουϐίωνα,
3748 5444 3839 5499 καὶ

1783 5569 2027 5626 VARI/ﬁ
2061 5566 2478 5627 LECTIONES.

504 5670 548 5705 ⁶¹
583 5669 745 5724 deest
773 5667 833 5723 in
864 5666 939 5722 a1.
969 5668 1014 5702 ⁶²
1042 5666 1116 5722 al.
1145 5666 1229 5737 μή
1260 5684 1347 5737 τεη
1368 5666 1414 5701 ⁸³
1444 5665 1725 5735 Clemcnt.,
1757 5667 1919 5724 hom.
1949 5685 2057 5737 xvr,
2090 5684 2141 5723 c.
2164 5667 2265 5737 21.
2295 5666 2344 5704 ⁸⁸
2371 5670 2521 5737 Rea,
2554 5663 2595 5723 l.
2624 5681 2681 5736 x,
2712 5680 2764 5723 ο.
2783 5663 2875 5737 32,
2901 5666 3014 5723 etc.
3035 5663 3083 5702 “
3112 5662 3190 5724 al.
3224 5657 3569 5727 ’Δνουϐίωνι.
3599 5668 3646 5706 ⁸⁸
3672 5667 3839 5728 deest

431 5742 492 5797 in
524 5740 598 5799 al.
630 5741 673 5775 ⁸⁷
704 5739 780 5797 al.
812 5737 1042 5799 ἀκούσας
1072 5734 1163 5791 καῖ
1190 5734 1400 5810 χαρείς.
1434 5738 1478 5773 ⁸⁸
1508 5737 1583 5795 al.
1620 5734 1733 5811 μοι.
1765 5740 1812 5777 ⁸9
1842 5738 1919 5797 al.
1952 5734 2263 5813 ἐπιτυχίαν.
