4090 6340
387 389 497 451 571

1216 403 1283 464 S.
1330 403 1772 466 CLEMENTIS
1816 405 1842 465 Ι
1887 405 2077 467 BOM.
2123 405 2353 466 PONT.
2400 404 2661 465 OPERA
2707 403 2971 467 DUBIA.

3675 406 3793 464 572

387 521 522 577 dam
546 538 614 578 ex
637 523 708 579 iis
730 527 827 598 qui
846 534 2037 602 praecesserant,Antiochiaveniens,dixit-

2152 555 2229 595 τις
2246 537 2353 587 τῶν
2374 531 2621 609 προόδων
2652 533 2758 589 ἀπὸ
2779 540 2879 602 τῆς
2904 531 3240 609 Ἀντιοχείας
3267 531 3576 606 ἐληλυθὼς,
3593 535 3791 610 Λέγωνο

386 627 537 682 que:
572 617 703 670 Haec
732 617 880 671 scire
924 622 980 674 te
1028 620 1177 686 volo,
1230 623 1463 679 domine
1496 625 1575 679 mi
1618 626 1797 681 Petre.
1832 626 2034 681 Simon

385 717 519 755 cum
550 708 703 758 esset
735 706 1069 776 Antiochiae,
1105 711 1333 781 publice
1366 717 1551 771 multa
1586 719 1921 786 portentosa
1951 715 2033 769 fa-

386 789 564 857 ciens,
600 792 741 847 nihil
776 795 931 850 aliud
966 814 1198 871 operam
1252 806 1447 871 dabat,
1481 823 1656 877 quam
1692 812 1755 859 ut
1785 810 1839 860 te
1870 804 2035 859 odio-

387 896 519 934 sum
538 879 649 935 illis
673 883 956 955 redderet,
972 904 1141 958 quem
1160 908 1438 964 magnum
1457 896 1796 951 nominabat
1815 901 1871 948 et
1891 911 2033 965 prae-

387 968 773 1040 stigiatorem,
804 978 861 1028 et
891 977 1045 1031 caede
1070 979 1253 1035 multa
1275 981 1562 1052 pollutum
1588 999 1600 1038 :
1628 987 1861 1054 propter
1880 981 2032 1053 quod

390 1057 531 1111 adeo
564 1057 693 1113 illos
725 1062 1003 1119 adversus
1034 1070 1089 1120 te
1121 1067 1386 1140 irritavit,
1416 1076 1480 1125 ut
1508 1088 1711 1126 omnes
1740 1070 1901 1125 illius
1924 1070 2033 1125 loci

385 1151 591 1201 aveant
620 1148 779 1219 ipsas
811 1167 1014 1208 carnes
1047 1158 1176 1211 tuas
1208 1158 1390 1213 ferino
1434 1176 1592 1215 more
1623 1159 1926 1231 deglutire.
1963 1162 2038 1213 At

382 1251 510 1303 nos,
544 1236 794 1293 multum
826 1246 1026 1297 contra
1073 1248 1130 1299 te
1172 1246 1417 1302 fremere
1472 1248 1763 1304 civitatem
1816 1246 2031 1315 intuiti,

382 1323 652 1380 venimus
686 1330 749 1381 ut
778 1329 1183 1388 nuntiaremus
1213 1334 1340 1389 tibi.
1376 1337 1485 1391 Sed
1510 1342 1567 1392 et
1595 1337 1833 1408 quidam
1862 1337 2034 1394 homo

383 1412 580 1483 regius
611 1431 644 1469 a
674 1416 894 1472 Caesare
925 1422 1219 1489 quaerendi
1262 1425 1516 1480 Simonis
1564 1427 1754 1498 gratia
1793 1427 1862 1481 ad
1896 1443 2035 1497 pro-

386 1500 589 1554 vincies
621 1504 924 1573 praesidem
977 1510 1215 1581 missus,
1266 1514 1509 1569 audiens
1561 1514 1724 1569 illum
1770 1516 1908 1587 fuga
1936 1516 2034 1570 Ju-

393 1588 576 1643 dmam
608 1592 903 1665 petivisse,
938 1596 1060 1667 ipse
1092 1616 1321 1670 quoque
1370 1604 1438 1657 ad
1472 1620 1607 1658 eum
1656 1605 2034 1675 quaerendum

390 1676 555 1744 abiit,
588 1684 652 1734 ut
682 1697 750 1735 ex
781 1682 1021 1740 Caesaris
1052 1694 1334 1761 praecepto
1362 1708 1563 1763 pinnas
1593 1693 1665 1747 de
1694 1709 1759 1748 eo
1790 1692 1997 1764 capiat.

457 1856 796 1914 CXXXVIII.
833 1862 1055 1924 Quibus
1108 1865 1343 1934 auditis,
1394 1872 1599 1923 Petrus
1631 1870 1701 1924 ad
1754 1871 2034 1925 Faustum

381 1948 607 2016 patrem
638 1947 751 2003 ait:
788 1950 917 2021 Ipse
944 1953 1185 2010 auribus
1206 1956 1325 2012 tuis
1348 1957 1563 2013 audisti
1586 1975 1653 2014 ex
1676 1959 1746 2013 iis
1771 1960 1868 2030 qui
1895 1976 2026 2015 cum

2149 620 2357 680 Εἰδέναι
2391 642 2447 676 σε
2476 621 2639 692 θέλω,
2670 621 2822 695 κύριέ
2857 643 2960 695 μου
3021 623 3208 696 Πέτρε,
3259 621 3339 676 ὅτι
3388 626 3574 695 Σίμων
3624 622 3674 677 ἐν
3725 627 3794 697 τῇ

2145 710 2453 787 Ἀντιοχείᾳ
2522 712 2610 765 ὅτε
2680 712 2916 786 ὑπῆρχε,
2986 707 3225 781 δημοσίᾳ
3290 708 3476 766 πολλὰ
3542 710 3795 783 τεράστια

2143 804 2342 867 ποιῶν,
2406 797 2560 854 οὐδὲν
2622 796 2761 855 ἄλλο
2821 797 3134 867 σπουδάζων
3189 802 3278 869 ἧν,
3336 800 3371 869 ἣ
3431 800 3487 853 σὲ
3562 802 3789 872 μισητὸν

2144 888 2327 950 αὐτοῖς
2358 892 2716 957 κπταστῆσαι,
2756 887 2927 963 μάγον
2977 909 3035 941 τε
3084 887 3391 960 ὀνομάζων,
3444 888 3531 942 καὶ
3591 888 3792 963 γόητα,

2141 977 2231 1031 καὶ
2286 976 2569 1055 μιαιφόνον
2599 996 2611 1008 ’
2663 975 2744 1054 ἐφ’
2794 978 2839 1049 ᾧ
2892 976 2980 1030 καὶ
3027 981 3283 1031 τοσοῦτον
3332 975 3525 1039 αὐτοὺς
3574 976 3796 1052 ἠρέθισε

2142 1065 2273 1120 κατά
2305 1070 2419 1135 σοῦ,
2462 1066 2537 1128 ὡς
2568 1064 2857 1141 γλίχεσθαι
2886 1064 3014 1128 τοὺς
3046 1064 3155 1120 ἐκεῖ
3184 1065 3408 1133 πάντας,
3437 1070 3544 1121 τῶν
3579 1071 3789 1141 σαρκῶν

2142 1154 2315 1208 αἰτῶν
2377 1151 2665 1229 θηριωδῶς
2723 1154 3116 1229 ἀπογεύσασθαί
3166 1175 3279 1208 σου·
3332 1157 3519 1227 Ἡμεῖς
3561 1152 3617 1209 δὲ
3646 1154 3794 1211 πολὺ

2142 1243 2276 1297 κατὰ
2328 1247 2422 1297 σοῦ
2474 1243 2780 1319 βρύχουσαν
2827 1244 2925 1311 τήν
2969 1242 3131 1298 πόλιν
3178 1242 3498 1319 ἑωρακότες,
3546 1241 3797 1316 ἤλθομεν

2144 1330 2467 1406 ἀπαγγεῖλαί
2516 1352 2621 1387 σοι.
2674 1329 2851 1386 ἈλΛᾶ
2897 1331 2987 1386 καὶ
3042 1332 3145 1386 ὑπὸ
3194 1332 3458 1408 Καίσαρος
3525 1333 3793 1410 πεμφθείς

2140 1440 2224 1481 τις
2262 1417 2543 1493 βασιλικὸς
2593 1419 2728 1496 πρὸς
2776 1421 2867 1475 τὸν
2914 1422 3014 1490 τῆς
3061 1420 3325 1498 ἐπαρχίας
3357 1420 3680 1497 ἡγούμενον,
3714 1422 3793 1483 είς

2142 1507 2470 1578 ἀναζήτησιν
2532 1509 2805 1582 Σίμωνος,
2870 1510 3054 1582 μαθὼν
3114 1510 3196 1564 ὅτι
3256 1510 3427 1588 φυγάς
3502 1510 3576 1571 εἰς
3653 1512 3793 1564 Ἰου-

2146 1594 2294 1651 δαίαν
2341 1594 2541 1673 ᾤχετο,
2593 1597 2681 1652 καὶ
2732 1597 2890 1659 αὐτὸς
2936 1599 3071 1652 κατᾶ
3125 1600 3348 1668 ζήτησιν
3398 1597 3559 1652 αὐτοῦ
3608 1599 3793 1667 ἀπῆλ-

2144 1688 2247 1755 θεν,
2296 1683 2389 1741 ’ίνα
2433 1687 2570 1740 κατὰ
2611 1687 2710 1755 τὴν
2762 1685 3047 1761 πρόσταξιν
3098 1687 3365 1763 Καίσαρος
3402 1688 3794 1760 τιμωρήσηται

2146 1774 2322 1829 αὐτόν.

2219 1865 2551 1921 CXXXVIII.
2600 1867 2773 1919 Ταῦτα
2819 1863 3049 1926 ἀκούσας
3099 1865 3229 1942 φησὶ
3279 1865 3414 1939 πρὸς
3462 1865 3553 1920 τὸν
3586 1865 3793 1938 πατέρα

2144 1958 2389 2007 Φαῦστον
2421 1954 2448 2007 6
2482 1951 2701 2026 Πέτρος·
2736 1952 2909 2015 Αὐτὸς
2942 1951 3097 2016 ἷδίοις
3124 1956 3169 1990 7°
3219 1953 3349 2007 ὠσὶν
3390 1954 3629 2025 ἀκήκοας
3677 1958 3787 2007 τῶν

382 2036 819 2105 praecessissent
845 2049 1129 2098 venerunt
1173 2045 1499 2115 Antiochia,
1532 2049 2030 2119 quemadmodum

2152 2039 2389 2119 προόδων
2440 2042 2545 2096 ἀπὸ
2590 2042 2927 2118 Ἀντιοχείας
2969 2041 3398 2113 εἰσεληλυθότων
3428 2046 3491 2115 ⁸ο,
3542 2043 3614 2104 ὡς
3677 2042 3791 2097 ἐκεῖ

383 2122 585 2178 Simon
616 2124 737 2182 illic
767 2130 995 2199 positus
1028 2132 1463 2191 multitudinem
1505 2137 1785 2192 adversus
1816 2154 1910 2192 me
1937 2154 2031 2193 ve-

385 2211 688 2269 hementer
717 2218 1056 2286 concitarit;
1091 2223 1352 2293 planum,
1383 2229 1437 2279 et
1468 2227 1620 2281 caede
1646 2226 2031 2297 pollutum,ad

385 2299 507 2356 haec
528 2319 699 2375 magn
712 2323 807 2360 um
831 2324 896 2362 ac
920 2311 1419 2382 praestigiatorem,
1449 2313 1676 2385 aliaque
1694 2314 2034 2384 hujusmodi

386 2407 759 2464 nuncupans.
810 2397 993 2468 Igitur
1040 2417 1194 2456 nunc
1256 2402 1427 2458 facito
1476 2404 1697 2470 statim,
1731 2406 1881 2474 quod
1930 2420 2035 2477 ego

380 2481 652 2553 praecipio
689 2482 829 2540 tibi:
864 2491 938 2553 et,
974 2487 1171 2544 relicto
1219 2490 1513 2548 Clemente
1558 2494 1712 2564 apud
1764 2509 1877 2561 me,
1913 2493 2038 2565 ipse

384 2570 640 2640 pracede
671 2573 742 2626 ad
789 2575 1207 2633 Antiochenam
1262 2581 1489 2651 urbem,
1542 2599 1656 2636 una
1696 2599 1828 2637 cum
1861 2597 2037 2637 uxore

386 2657 711 2731 Matthidia,
745 2667 919 2733 atque
950 2666 1225 2722 Faustino
1268 2674 1323 2723 et
1373 2670 1750 2726 Faustiniano
1802 2671 2035 2727 liberis:

388 2752 561 2803 erunt
589 2751 764 2806 etiam
796 2758 990 2809 tecum
1024 2754 1121 2809 alii
1172 2758 1433 2829 quidam,
1467 2760 1567 2831 qui
1612 2776 1801 2815 meam
1832 2758 2039 2815 volun-

385 2838 565 2891 tatem
598 2843 867 2907 poterunt
915 2844 1192 2915 exsequi:
1246 2862 1377 2901 cum
1412 2847 1503 2902 his
1555 2848 1872 2903 Antiochiae
1904 2865 2040 2903 con-

388 2923 625 2993 sistens,
684 2928 824 2983 dum
881 2931 1130 2987 formam
1188 2934 1445 2991 Simonis
1492 2936 1618 3007 jam
1676 2937 2039 3009 circumfers,

389 3012 582 3084 palam
616 3017 864 3086 praedica
894 3021 1314 3091 pmnitentiam.

461 3192 751 3251 CXXXIX.
786 3196 901 3253 Ista
930 3214 1065 3255 cum
1109 3201 1316 3257 Petrus
1348 3202 1609 3271 dixisset,
1663 3204 1912 3258 Faustus
1943 3202 2041 3274 qui

2141 2132 2381 2207 γεγονὼς
2430 2132 2457 2185 6
2513 2130 2726 2203 Σίμων,
2778 2131 3019 2208 ἰσχυρῶς
3065 2130 3193 2193 τοὺς
3244 2130 3452 2207 ὄχλους
3506 2131 3791 2207 παρώξυνε

2140 2222 2258 2275 κατ’
2287 2220 2441 2293 ἐμοῦ.
2483 2218 2689 2275 πλάνον
2720 2242 2779 2275 τε
2808 2220 2897 2274 καὶ
2933 2220 3214 2298 μιαιφόνον
3252 2220 3388 2295 πρὸς
3439 2218 3497 2275 δὲ
3547 2220 3637 2274 καὶ
3680 2220 3788 2292 μά-

2143 2330 2240 2384 γον
2272 2309 2362 2363 καὶ
2419 2308 2611 2385 γόητα,
2663 2310 2751 2364 καὶ
2801 2307 2867 2363 τά
2913 2314 3134 2364 τοιαῦτα
3178 2308 3383 2363 καλῶν.
3430 2313 3536 2363 Νῦν
3586 2306 3676 2362 οῦν
3708 2307 3793 2378 ἐξ-

2145 2404 2310 2466 αυτῆς
2334 2398 2565 2468 ποίησον
2599 2399 2627 2452 6
2659 2397 2769 2473 ἐγώ
2801 2418 2884 2452 σοι
2917 2396 3240 2471 ἐντέλλομαι
3265 2401 3279 2426 ‘
3342 2398 3430 2452 καὶ
3478 2396 3798 2452 καταλιπων

2147 2485 2437 2559 Κλήμεντά
2463 2493 2586 2563 παρ’
2617 2486 2761 2559 ἐμοὶ.
2796 2483 3089 2560 προλαϐὼν
3120 2488 3280 2549 αὑτὸς
3320 2487 3395 2549 είς
3442 2488 3542 2556 τήν
3592 2489 3805 2543 Ἀντιο-

2146 2575 2290 2653 ’χέων
2348 2578 2484 2630 κατά
2508 2578 2549 2613 ⁸¹
2610 2579 2709 2645 τῆς
2764 2576 3015 2652 γυναικὸς
3059 2574 3373 2643 Ματθιδίας,
3419 2574 3496 2630 ἔτι
3544 2576 3601 2630 οὲ
3652 2581 3805 2629 Φαυ-

2148 2664 2330 2720 στίνου
2360 2665 2448 2719 καὶ
2483 2669 2874 2720 Φαυστινιανοῦ
2906 2670 3011 2720 τῶν
3048 2666 3175 2719 υἱῶν
3207 2684 3217 2698 ·
3267 2666 3579 2726 συνέσοντας
3610 2662 3667 2719 δέ
3715 2685 3806 2719 σοι

2146 2752 2235 2808 καὶ
2277 2751 2440 2808 ἄλλοι
2470 2755 2634 2825 τινὲς,
2667 2750 2719 2807 οἵ
2747 2775 2887 2816 τινες
2938 2751 3152 2809 δυνατοὶ
3203 2753 3412 2809 ἔσονται
3460 2752 3805 2827 ὑπδυργῆσαί

2153 2863 2257 2915 μου
2288 2844 2333 2878 ⁸¹
2377 2846 2457 2914 τῷ
2509 2841 2863 2917 βουλήματι·
2921 2843 3054 2916 μετὰ
3106 2843 3312 2898 τούτων
3367 2844 3418 2898 ἐν
3467 2847 3536 2917 τῇ
3598 2844 3805 2899 Ἀντιο-

2149 2929 2277 3006 χείᾳ
2305 2933 2350 2967 ⁸³
2390 2930 2702 3006 γενόμενος,
2754 2929 2805 2986 ὲν
2852 2928 2964 3003 ὅσῳ
3005 2931 3104 2999 τὴν
3153 2932 3366 3009 μορφὴν
3415 2927 3493 2985 ἔτι
3540 2930 3803 3003 Σίμωνος

2149 3020 2479 3098 περιφέρεις,
2568 3016 2812 3093 δημοσίᾳ
2888 3020 3119 3095 κήρυξον
3190 3021 3288 3089 τὴν
3349 3020 3570 3076 σεαυτοῦ
3633 3021 3802 3093 μετάο

2148 3128 2323 3165 νοιαν.

2224 3200 2502 3255 CXXXIX.
2552 3202 2726 3253 Ταῦτα
2772 3202 2868 3253 τοῦ
2910 3198 3113 3275 Πέτρου
3162 3198 3429 3271 εἰπόντος,
3465 3198 3585 3271 ὀξὺς
3618 3197 3690 3253 ὥν
3727 3198 3808 3261 εἷς

389 3283 603 3338 mentis
636 3287 905 3342 acumine
928 3288 1217 3358 pollebat:
1242 3291 1408 3358 Novi,
1438 3292 1653 3363 inquit,
1677 3293 1912 3348 domine
1937 3291 2036 3362 mi,

2152 3286 2212 3342 τὸ
2244 3294 2434 3356 νοῆσαι
2472 3291 2740 3349 Φαῦστος’
2775 3285 2927 3358 Οἶδα,
2961 3285 3087 3365 ἔφη,
3111 3288 3264 3364 κύριὲ
3298 3310 3427 3361 μου,
3457 3288 3509 3343 τί
3545 3286 3805 3363 βούλεται

391 3372 527 3442 quid
562 3374 682 3428 hzec
712 3375 821 3430 sibi
856 3378 1033 3432 velint
1063 3380 1273 3448 verba;
1310 3399 1489 3453 quare
1523 3398 1591 3437 ne
1626 3380 1862 3437 labora:
1898 3382 2043 3436 mihi

391 3460 548 3515 enim
580 3478 730 3517 cura:
760 3466 888 3532 erit,
922 3468 1155 3537 quando
1198 3468 1316 3524 illic
1364 3471 1525 3525 fuero
1557 3470 1843 3541 imperata
1873 3472 2043 3541 perﬁ-

393 3564 539 3604 cere.
576 3551 774 3623 Itaque
804 3561 975 3609 noctu
1025 3572 1156 3612 cum
1209 3558 1303 3625 iis,
1336 3576 1486 3630 quos
1535 3559 1739 3615 Petrus
1762 3561 2044 3629 jusserat,

394 3636 695 3707 digressus
727 3641 797 3695 ab
830 3644 972 3699 urbe
1003 3650 1183 3715 pater,
1232 3646 1623 3714 Antiochiam,
1656 3648 2045 3719 pr0pinquam

393 3724 709 3794 civitatem,
745 3732 914 3786 venit.
949 3733 1239 3805 Stansque
1288 3736 1346 3791 in
1384 3736 1573 3791 medio
1611 3738 1751 3803 foro,
1786 3737 1933 3791 dixit
1975 3738 2047 3791 ad

396 3814 872 3874 multitudinem:
906 3821 1022 3893 Ego
1069 3823 1289 3891 Simon,
1324 3840 1429 3895 ego
1477 3830 1534 3881 et
1578 3826 1741 3880 vobis
1783 3843 2047 3898 pronun-

394 3903 496 3975 tio,
528 3910 586 3959 et
618 3908 802 3963 fateor
833 3925 924 3964 me
980 3911 1176 3982 inique
1225 3914 1533 3969 mentitum
1587 3930 1716 3969 esse
1768 3914 2049 3969 adversus

394 3992 650 4049 Petrum.
680 3996 803 4051 Non
835 4002 924 4052 est
952 3998 1256 4071 impostor,
1303 4019 1417 4057 non
1463 4002 1899 4074 sanguinariae,
1934 4020 2048 4058 non

397 4084 802 4154 praestigiator,
837 4103 1024 4158 neque
1047 4088 1238 4143 afﬁnis
1258 4090 1359 4144 ulli
1389 4107 1588 4146 eorum
1614 4091 1899 4147 scelerum
1922 4108 2049 4163 qua:

396 4169 711 4242 aliquando
742 4174 813 4228 de
843 4191 908 4229 eo
942 4178 1265 4246 praedicavi.
1313 4180 1601 4251 Deprecor
1630 4197 1730 4235 vos
1767 4196 1873 4251 ego
1904 4181 2049 4252 ipse.

397 4258 498 4330 qui
531 4276 708 4315 causa
754 4263 868 4316 odii
922 4280 1058 4335 erga
1110 4266 1274 4321 illum
1324 4269 1498 4324 vestri
1549 4268 1765 4338 exstiti,
1807 4269 2052 4325 desinite

397 4347 529 4402 odio
580 4348 746 4404 illum
805 4354 1100 4423 prosequi.
1157 4355 1301 4410 Nam
1358 4357 1457 4412 Dei
1521 4357 1624 4411 ﬁlii
1688 4357 1787 4428 qui
1820 4362 2054 4429 propter

397 4437 603 4491 mundi
639 4438 886 4495 salutem
910 4443 1084 4507 venit,
1110 4444 1219 4498 iste
1243 4449 1331 4499 est
1356 4462 1525 4501 verus
1549 4446 1872 4517 apostolus.
1908 4446 2056 4509 Quo-

398 4525 550 4582 circa
580 4532 637 4581 et
666 4528 787 4599 ipse
845 4545 949 4599 ego
982 4532 1143 4587 vobis
1197 4534 1563 4590 consiliarius
1622 4536 1681 4589 in
1714 4551 1773 4589 re
1819 4552 1947 4606 quae
1979 4536 2051 4590 ad

2151 3376 2217 3431 τὰ
2276 3376 2494 3451 ῥήματα
2547 3380 2732 3431 ταῦτα.
2795 3376 2887 3430 Διὸ
2941 3378 3015 3448 μή
3067 3376 3253 3450 κάμνε⁶
3293 3375 3519 3451 μελήσει
3569 3377 3670 3452 γάρ
3707 3398 3806 3449 μοι

2155 3463 2325 3520 ἐκεῖσε
2353 3465 2637 3539 γενομένῳ
2666 3467 2713 3502 ⁸⁸
2744 3462 3045 3520 διατελέσαι
3074 3466 3137 3520 τὸ
3167 3465 3658 3541 προσταττόμενον.
3703 3466 3808 3519 Καὶ

2157 3551 2225 3621 δὴ
2256 3555 2323 3607 τά
2350 3556 2394 3590 ⁸⁵
2426 3554 2529 3608 ὑπὸ
2557 3553 2719 3608 νύκτα
2751 3555 2778 3608 6
2810 3555 2989 3629 πατὴρ
3026 3555 3143 3627 μεθ’
3173 3556 3246 3608 ὧν
3297 3553 3543 3609 ἐκέλευσε
3602 3556 3808 3628 Πέτρος

2153 3650 2256 3711 τῆς
2288 3642 2505 3705 πόλεως
2538 3642 2858 3716 ἐξορμήσας,
2892 3642 2977 3697 ἐπὶ
3024 3644 3124 3712 τὴν
3175 3642 3411 3714 πλησίον
3461 3643 3806 3718 Ἀντίοχείαν

2155 3732 2313 3800 ἦλθε.
2347 3730 2444 3785 Καὶ
2494 3730 2618 3793 στάς
2666 3730 2717 3784 ἐν
2778 3732 2928 3804 μέσῳ
2973 3738 3075 3801 τῆς
3104 3731 3321 3808 ἀγορᾶς,
3358 3728 3543 3805 εἷ’ρηκε
3573 3734 3707 3807 πρὸς
3739 3734 3807 3787 τὸ

2156 3819 2369 3889 πλῆθος
2396 3837 2408 3851 ·
2458 3820 2600 3893 Ἐγὼ
2647 3819 2857 3893 Σίμων,
2908 3819 3013 3895 ἐγὼ
3050 3825 3219 3875 ταῦτα
3240 3822 3365 3893 ὑμῖν
3398 3820 3679 3897 κηρύσσω,
3708 3822 3805 3876 καὶ

2159 3908 2423 3984 ὁμολογῶ
2480 3908 2681 3971 ἀδίκως
2732 3908 3157 3983 καταψεύσασθαι
3218 3909 3444 3986 Πέτρου,
3506 3912 3614 3965 Οὐκ
3686 3907 3802 3965 ἔστι

2156 3997 2381 4067 πλάνος,
2417 3997 2478 4052 οὐ
2536 3997 2843 4075 μιαιφόνος,
2897 3997 2958 4052 οὐ
3005 3998 3143 4073 γόης
3175 3997 3303 4054 ούδέ
3332 4000 3430 4053 ’ὀσα
3459 3999 3590 4054 ποτε
3622 3998 3807 4076 φαῦλα

2158 4087 2281 4161 περὶ
2334 4086 2498 4141 αὐτοῦ
2543 4084 2750 4161 ἔλεγον.
2800 4086 3001 4161 Δέομαι
3051 4088 3202 4160 ὑμῶν
3246 4087 3350 4163 ἐγὼ
3397 4086 3577 4160 αὐτὸς,
3631 4090 3660 4143 6
3704 4093 3811 4143 τοῦ

2158 4177 2294 4250 πρὸς
2330 4176 2468 4248 ὑμᾶς
2500 4175 2691 4248 μίσους
2723 4172 2901 4231 αἴτιοσ
2944 4175 3089 4249 αὐτῷ
3136 4178 3394 4253 γεγονὼς,
3443 4177 3710 4231 παύσασθε
3764 4178 3811 4215 ⁸³

2164 4269 2448 4338 μισοῦντες
2516 4264 2693 4321 αὐτόν.
2753 4270 2857 4319 Τοῦ
2909 4266 3009 4341 γάρ
3075 4265 3211 4341 πρὸς
3269 4267 3537 4339 σωτηρίαν
3596 4266 3810 4338 κόσμου

2163 4353 2512 4430 ἐπιφανέντος
2549 4355 2675 4408 Υἱοῦ
2706 4358 2802 4408 τοῦ
2830 4359 2962 4409 Θεοῦ
3008 4352 3246 4427 ἀψευδής
3298 4353 3461 4424 ἐστιν,
3494 4354 3650 4417 οὗτος
3679 4355 3816 4411 ἀπό-

2162 4441 2385 4504 στολος.
2429 4444 2520 4497 Διὸ
2542 4442 2631 4497 καὶ
2662 4441 2819 4504 αὐτὸς
2845 4442 2953 4518 ἐγὼ
2985 4438 3298 4515 σύμϐουλος
3333 4444 3459 4517 ὑμῖν
3490 4445 3557 4498 τά
3584 4465 3643 4519 γε
3671 4446 3812 4518 πρὸς

2162 4530 2435 4606 σωτηρίαν
2504 4533 2603 4601 τήν
2664 4530 2920 4607 ὑμετέραν
2979 4532 3327 4605 καθίσταμαι.
3390 4532 3487 4587 Καὶ
3562 4538 3812 4607 παραινῶ

400 4614 648 4671 salutem
679 4622 930 4673 vestram
964 4621 1214 4691 pertinet
1260 4623 1497 4690 efﬁcior,
1551 4640 1875 4694 moneoque
1907 4630 1971 4679 ut
2000 4627 2038 4678 ei

2163 4620 2437 4684 πείθεσθαι
2467 4620 2666 4693 τούτῷ,
2699 4620 2789 4674 καὶ
2818 4620 3086 4675 πιστεύειν
3132 4625 3213 4693 τῷ
3258 4621 3347 4675 ὑπ’
3396 4622 3559 4676 αὑτοῦ
3604 4642 3809 4696 κηρυσ-

398 4702 573 4759 ﬁdem
606 4705 890 4772 habeatis,
924 4708 1157 4779 Deoque
1192 4727 1366 4781 quem
1416 4714 1727 4767 annuntiat
1756 4713 2044 4768 credatis:

2158 4708 2373 4781 σομένῳ
2423 4714 2577 4779 Θεῷ*
2630 4708 2744 4764 ἐπεὶ
2794 4716 2940 4764 πᾶσα
2988 4710 3135 4783 ὑμῶν
3181 4712 3215 4779 ἡ
3264 4708 3427 4773 πόλις
3466 4708 3632 4787 ἄρδην
3677 4712 3811 4766 ἀπο-

399 4792 618 4865 alioqui
651 4800 766 4850 tota
794 4802 985 4852 vestra
1015 4798 1218 4855 civitas
1270 4800 1537 4856 funditus
1568 4801 1797 4872 peribit,
1851 4818 1917 4856 ac
1946 4818 2038 4857 vos

2158 4798 2354 4869 λεῖται,
2399 4798 2489 4853 καὶ
2542 4799 2696 4871 ὑμεῖς
2746 4797 2838 4853 σὺν
2881 4798 3040 4872 αὐτῇ.
3085 4801 3248 4853 "Orco
3298 4796 3356 4854 δὲ
3406 4800 3565 4875 χάριν
3615 4797 3809 4876 εἷ’ρηκα

399 4896 532 4937 cum
565 4881 685 4937 illa.
718 4886 896 4955 Cujus
945 4891 1139 4942 autem
1188 4888 1376 4959 gratia
1406 4888 1527 4945 hinc
1575 4890 1840 4957 dixerim,
1873 4890 2038 4946 etiam

2155 4886 2341 4955 τοῦτα,
2390 4887 2480 4942 καὶ
2527 4891 2691 4943 τοῦτο
2751 4887 2889 4961 ὑμὰς
2938 4885 3131 4942 εἰδέναι
3162 4887 3459 4961 βούλομαι.
3489 4888 3673 4963 Ταύτῇ
3702 4890 3807 4966 γὰρ

398 4971 456 5025 id
488 4989 587 5028 vos
619 4973 768 5028 scire
817 4974 965 5029 volo.
1024 4976 1139 5031 Hoc
1187 4978 1345 5032 enim
1393 4982 1561 5033 nocte
1607 4978 1797 5051 angeli
1828 4978 1928 5035 Dei
1960 4996 2038 5034 me

2158 4981 2226 5051 τῇ
2266 4976 2418 5032 νυκτὶ
2478 4973 2708 5052 ἄγγελοί
2763 4996 2829 5049 με
2854 4978 2898 5013 ⁸⁷
2947 4980 3080 5032 Θεοῦ
3124 4976 3214 5032 τὸν
3273 4972 3462 5051 ἀσεϐῆ,
3504 4978 3579 5039 ὡς
3608 4977 3805 5053 ἐχθρὸν

398 5058 647 5131 impium
678 5062 930 5133 graviter
959 5063 1327 5137 ﬂagellarunt
1346 5068 1500 5140 quod
1524 5068 1781 5122 veritatis
1804 5085 2038 5139 praecon'

2162 5066 2289 5120 ὅντα
2341 5071 2420 5137 τῷ
2466 5072 2565 5135 τῆς
2618 5064 2873 5135 ἀληθείας
2916 5067 3134 5138 κήρυκι,
3204 5062 3393 5128 δεινῶς
3457 5066 3805 5141 ἐμαστίγουν.

404 5165 593 5206 essem
625 5152 920 5209 inimicus.
955 5154 1163 5210 Hortor
1184 5155 1400 5227 itaque,
1434 5173 1505 5211 ne
1529 5156 1757 5212 etiamsi
1789 5158 1912 5227 ipse
1941 5157 2038 5213 alit

2164 5153 2473 5230 Παρακαλῶ
2507 5153 2603 5208 οῦν
2643 5151 2775 5227 μηδ’
2803 5151 2861 5208 ἂν
2896 5154 3053 5216 αὐτὸς
3088 5154 3196 5229 ἐγὼ
3228 5152 3429 5210 ἄλλοτε
3454 5154 3625 5219 ἐλθὼν
3674 5156 3811 5211 κατὰ

401 5240 664 5310 tempore
709 5242 947 5298 veniens
1003 5247 1300 5299 tentavero
1349 5250 1551 5301 contra
1603 5249 1842 5301 Petrum
1871 5245 2028 5316 loqui

2164 5243 2371 5320 Πέτρου
2423 5242 2688 5319 ἐπιχειρῶ
2738 5241 2943 5318 λέγειν,
2993 5241 3322 5314 ἀποδέξησθέ
3390 5265 3457 5317 με
3507 5244 3807 5318 Ἐξομολο-

404 5328 702 5400 recipiatis
732 5346 824 5386 me
857 5348 922 5387 ac
970 5332 1241 5389 audiatis.
1283 5333 1461 5390 Vobis
1511 5334 1727 5407 quippe
1759 5334 2036 5392 conﬁteor

2165 5336 2369 5409 γοῦμαι
2401 5332 2504 5409 γὰρ
2540 5332 2687 5405 ὑμῖν,
2740 5330 2817 5394 ὡς
2864 5331 2973 5409 ἐγὼ
3026 5331 3219 5409 μάγος,
3281 5331 3386 5410 ἑγὼ
3434 5332 3661 5407 πλάνος,
3708 5333 3811 5409 ἐγὼ

1750 5504 1991 5563 VARIIE
2027 5504 2439 5565 LECTIONES.

472 5641 525 5722 "_
552 5640 625 5698 31-
660 5638 901 5722 οξκείοις.
1006 5645 1081 5722 al.
1108 5642 1485 5722 ἐληλυθότων.
1517 5647 1595 5722 ιι]ἶ
1625 5644 2164 5722 συνεληλυθότωνηδί
2189 5648 2300 5722 leg.
2329 5645 2481 5720 μετά.
2504 5645 2581 5704 al.
2618 5644 2795 5703 inser.
2828 5644 2939 5703 καί.
2970 5645 3016 5681 ⁸²
3045 5644 3117 5701 al.
3157 5664 3271 5718 μοι.
3303 5646 3347 5682 ⁸⁸
3372 5646 3447 5704 al.
3482 5646 3794 5722 ἀντιοχέων.

401 5713 448 5751 ⁸⁸
475 5714 549 5774 θ,1Δ
582 5714 891 5788 γενόμενον.
923 5717 968 5752 ⁸⁸
996 5717 1071 5775 al.
1105 5713 1259 5788 δῆτα.
1290 5718 1335 5753 ⁸⁸
1363 5716 1683 5775 παύσασθαι.
1715 5720 1758 5756 ⁸⁷
1790 5713 1952 5778 deest
1981 5720 2039 5777 in
2071 5719 2147 5778 al.
