4118 6340
222 415 349 475 573

984 415 1520 479 CLEMENTINA.
1547 450 1626 462 —
1655 414 2006 480 EPITOME
2049 417 2152 477 DE
2198 416 2473 481 GESTIS
2519 419 2586 481 S.
2631 418 2890 480 PETRI.

3519 416 3639 478 574

220 546 365 623 γόης
393 564 406 577 ’
442 544 589 602 ἀλλᾶ
624 550 890 620 μπανοῶ,
925 544 1092 619 ἔξεστι
1120 548 1221 624 γὰρ
1247 545 1381 609 ’ίσως
1415 545 1667 621 μετανοίᾳ
1698 568 1791 621 μοι
1820 548 1880 603 τὰ

1999 564 2105 620 ego
2137 565 2267 605 sum
2302 566 2528 622 magus,
2564 566 2668 623 ego
2718 550 3024 623 impostor,
3058 565 3162 623 ego
3212 547 3641 622 praestigiator;

223 640 413 698 κακῶς
446 635 804 711 πεπραγμένα
834 639 898 673 ⁸’¹’
933 657 1024 710 μοι
1058 639 1505 714 συγχωρηθῆναι.

296 814 452 868 CXL.
484 814 660 866 Ταῦτα
688 810 855 866 εἰπὼν
890 813 917 867 6
949 814 1128 889 πατὴρ
1162 810 1406 887 δημοσίᾳ
1433 813 1469 884 ἢ
1502 813 1576 876 ὡς
1608 811 1667 869 ἐκ
1712 834 1879 888 προσ-

226 900 388 954 ώπου
417 905 515 955 τοῦ
549 899 823 974 Σίμωνος,
864 899 954 956 καί
984 900 1181 978 Πὲτρον
1218 900 1517 978 εὐλογήσας
1565 904 1663 973 τὴν
1714 907 1883 958 πᾶσαν

226 988 565 1065 Ἀντιοχέων
600 989 762 1045 πόλιν
794 990 873 1053 εἷς
900 991 990 1046 τὸν
1025 991 1224 1046 ἐκείνου
1255 991 1418 1047 πόθον
1469 991 1744 1066 μετέθηκε,
1793 993 1883 1047 καὶ

224 1077 426 1140 πάντες
477 1077 758 1152 ἐπιθυμεῖν
816 1080 981 1135 αὐτοῦ
1030 1078 1218 1143 δεινῶς
1266 1076 1472 1157 ἔλεγον·
1524 1076 1655 1136 ἔνιοι
1706 1079 1763 1136 δὲ
1792 1080 1881 1136 καὶ

225 1166 660 1242 χαλεπαίνοντες
693 1169 836 1241 αὑτῷ
864 1167 999 1245 ἦσαν
1033 1167 1215 1244 δῆθεν,
1247 1169 1334 1225 οἶά
1373 1190 1471 1246 περ
1504 1169 1650 1244 αὐτῷ
1695 1169 1882 1245 ἐκείνῳ

228 1256 449 1329 Σίμωνι
480 1251 617 1326 ὄντι,
652 1255 741 1312 διὰ
770 1258 830 1314 τὸ
863 1254 1209 1335 ὑπερϐάλλον
1239 1266 1341 1330 τῆς
1365 1259 1489 1335 περὶ
1534 1260 1627 1315 τὸν
1680 1259 1881 1337 Πέτρον

226 1352 507 1421 στοργῆςο
557 1346 647 1401 καὶ
696 1352 887 1424 χεῖρας
934 1343 1211 1403 ἐπιϐαλεῖν
1266 1347 1603 1425 ἐπεχείρουν.
1676 1348 1775 1404 Καὶ
1825 1349 1885 1412 ’ὸς

230 1436 307 1509 μὴ
354 1427 495 1511 ’παρ’⁵
537 1436 712 1491 αὐτῶν
767 1438 1023 1513 ἀναιρεθῇ
1077 1434 1360 1508 δεδοικὼς,
1428 1438 1649 1510 ἐξαυτῆς
1711 1438 1887 1503 ἐλθεῖν

226 1524 454 1597 πέμψας
503 1524 657 1595 ἠξίου
702 1526 794 1581 τὸν
853 1525 1072 1603 Πέτρον,
1125 1526 1273 1590 ὅπως
1324 1528 1481 1583 αὑτὸν
1516 1523 1887 1601 ἐπικαταλάϐῃ

232 1618 429 1685 ζῶντα,
462 1614 552 1668 καὶ
583 1613 899 1689 ἀκμαζούσῃ
928 1620 1006 1687 τῷ
1035 1615 1171 1692 πρὸς
1200 1616 1359 1672 αὐτὸν
1409 1616 1563 1690 πόθῳ
1607 1621 1676 1691 τῇ
1725 1615 1887 1672 πόλει

228 1701 502 1779 εὐκαίρως
556 1703 808 1779 ἐπιφανῇ·
860 1703 1063 1779 Πέτρος
1122 1702 1180 1760 δὲ
1219 1704 1426 1761 τούτων
1486 1704 1719 1768 ἀκούσας
1749 1706 1886 1781 πρὸς

224 1792 289 1846 τὸ
344 1790 725 1862 ἐκκλησιάζειν
773 1792 1061 1856 πλείστους
1111 1795 1321 1871 ἀγαγὼν
1368 1797 1432 1867 ⁸⁸,
1493 1794 1783 1851 ἐπίσκοπόν
1830 1816 1890 1851 τε

224 1883 575 1952 καταστήσας
623 1881 712 1937 καὶ
774 1882 1061 1955 ἰασάμενος
1128 1882 1375 1947 πολλοὺς
1434 1884 1524 1939 καὶ
1601 1885 1884 1961 βαπτίσας,
1919 1922 1967 1987 Β

237 1971 251 1987 .
327 1969 338 1987 .
486 1969 501 1987 ,
655 1971 667 1987 ,
897 1977 918 1987 ..
1014 1975 1042 1987 ..
1112 1978 1122 1987 .
1217 1970 1240 1987 ε.
1338 1972 1349 1987 .
1461 1972 1476 1987 .
1530 1972 1543 1987 .
1639 1974 1653 1987 .
1783 1972 1802 1987 ς

226 1969 449 2043 ἡμέρας
484 1969 762 2043 ἐπιμείνας
800 1977 946 2045 τρεῖς
977 1975 1045 2046 τῇ
1096 1970 1406 2047 Λαοδικείᾳ,
1459 1972 1547 2029 ἐπὶ
1593 1974 1692 2043 τήν
1738 1972 1887 2045 πλη-

228 2058 349 2113 σίον
372 2060 635 2135 ὁρμήσειν
669 2059 1005 2136 Ἀντιόχειαν
1040 2059 1282 2117 ἔσπευσε.

303 2151 484 2205 CXLI.
517 2149 616 2203 Καὶ
665 2146 732 2218 δὴ
780 2150 880 2219 τήν
938 2147 1103 2205 πόλιν
1151 2146 1544 2224 καταλαϐόντα,
1582 2151 1646 2207 τὸ
1674 2148 1891 2222 πλῆθος

229 2235 545 2312 συνδραμὸν
578 2237 716 2292 ἅπαν
749 2238 881 2312 μετὰ
908 2244 1083 2315 χαρᾶς
1117 2236 1425 2312 ὑπεδέξατο,
1476 2240 1551 2303 ὡς
1597 2246 1700 2309 τῆς
1746 2238 1888 2310 ἀλη-

230 2325 385 2390 θείας
440 2328 651 2403 κήρυκα
702 2326 794 2382 καὶ
842 2326 1169 2385 ἀπόστολον.
1222 2326 1660 2404 Προσευξάμενος
1713 2326 1887 2384 δὲκαὶ

229 2420 431 2492 χεῖρας
507 2416 688 2478 αὐτοῖς
736 2416 958 2487 ἐπιθεὶς,
1005 2416 1208 2481 πάντας
1262 2418 1388 2480 τοὺς
1433 2422 1611 2481 κακῶς
1660 2414 1888 2493 ἔχοντας

227 2504 609 2578 ἐθεράπευσεν,
657 2501 751 2560 ἕνα
795 2526 854 2560 τε
903 2505 1032 2561 Θεὸν
1088 2505 1139 2562 ἐν
1188 2506 1362 2582 τρισὶν
1417 2505 1763 2563 ὑποστάσεσιν
1799 2506 1890 2562 εύ-

226 2593 688 2668 αγγελισάμενος,
742 2594 830 2649 κοιἶ
879 2594 1067 2651 πολλά
1118 2592 1334 2668 διδάξας
1381 2594 1575 2658 αὐτοὺς
1620 2595 1745 2672 περὶ
1794 2617 1888 2669 μο-

226 2681 485 2759 ναρχίας.
520 2685 651 2737 Εἶτα
680 2682 816 2759 πρὸς
864 2685 963 2753 τῆν
994 2683 1162 2756 ξενίαν
1214 2684 1501 2759 ἀπῄειμεν.
1558 2684 1724 2747 Γνοὺς
1773 2683 1831 2741 δὲ
1859 2685 1887 2741 6

228 2771 411 2847 γέρων
442 2771 524 2826 ὅτι
561 2774 762 2849 Πέτρος
808 2779 1014 2847 παρῆν,
1072 2770 1459 2850 προσδραμὼν,
1512 2774 1698 2830 ἑαυτόν
1725 2795 1785 2830 τε
1818 2778 1887 2849 τῇ

233 2864 311 2936 γῆ
360 2856 851 2937 προσκαταϐαλὼν,
908 2863 977 2917 τὰ
1040 2862 1245 2918 ἐκείνου
1310 2862 1681 2934 κατησπάζετο
1730 2862 1887 2940 ἴχνη,

233 2949 401 3022 ἀξιων
446 2954 527 3023 τῷ
579 2949 708 3024 θείῳ
765 2950 1120 3021 τελειωθῆναι
1202 2951 1553 3028 βαπτίσματι,
1626 2951 1765 3009 ὣστε
1825 2954 1889 3009 τὸ

234 3038 472 3114 ἀρχαῖόν
520 3060 580 3095 τε
617 3042 715 3109 τῆς
765 3043 953 3116 ψυχῆς
998 3038 1205 3104 κάλλος
1249 3042 1338 3097 καὶ
1388 3044 1486 3113 τὴν
1550 3043 1765 3121 μορφὴν
1791 3046 1889 3099 τοῦ

238 3130 498 3200 σώματος
531 3124 827 3184 ἀπολαϐεῖν
857 3128 946 3185 διὰ
973 3134 1070 3185 τοῦ
1106 3130 1499 3207 βαπτίσματος,
1545 3132 1635 3187 καὶ
1687 3154 1887 3189 κοινω-

228 3218 326 3279 νὸς
355 3215 462 3272 τῶν
496 3217 779 3293 ἀχράντων
811 3219 1057 3295 γενέσθαι
1107 3224 1209 3274 τοῦ
1258 3224 1492 3295 Χριστοῦ
1544 3222 1880 3298 μυστηρίων.

1991 639 2093 694 sed
2129 639 2366 709 poenitet
2396 656 2510 707 me,
2563 648 2620 696 et
2663 639 2931 696 fortassis
2981 656 3083 711 per
3131 638 3533 711 pmnitentiam
3573 655 3641 694 ea

1991 743 2120 799 quae
2151 726 2415 799 improbe
2447 729 2603 800 gessi
2634 728 2779 783 mihi
2813 732 3061 801 possunt
3086 726 3423 783 condonari.

2064 816 2212 871 CXL.
2245 817 2376 871 Haac
2407 832 2542 872 cum
2582 821 2745 889 pater
2774 817 3024 888 publice,
3059 816 3226 889 quasi
3277 833 3346 871 ex
3391 831 3645 887 persona

1993 903 2254 961 Simonis
2285 904 2544 974 dixisset,
2581 910 2638 961 et
2668 905 2902 961 Petrum
2951 905 3271 976 laudasset,
3306 904 3643 959 universam

1992 994 2499 1050 Antiochiensium
2534 994 2825 1051 civitatem
2858 996 2930 1051 ad
2962 994 3121 1050 illius
3152 993 3506 1049 desiderium
3530 997 3645 1047 tra-

1994 1083 2182 1148 duxit,
2206 1082 2519 1155 cunctique
2552 1100 2614 1138 se
2645 1099 2774 1138 eum
2802 1082 3173 1139 vehementer
3193 1090 3460 1154 exoptare
3481 1098 3640 1138 asse-

1995 1172 2204 1227 rebant
2229 1187 2241 1227 :
2276 1170 2539 1227 nonnulli
2566 1188 2699 1227 vero
2722 1172 2895 1227 etiam
2921 1170 3089 1244 patri,
3118 1177 3400 1243 tanquam
3432 1171 3482 1226 is
3512 1172 3637 1242 ipse

1995 1264 2150 1316 esset
2198 1260 2421 1329 Simon,
2483 1261 2927 1327 succensebant,
2986 1264 3216 1333 propter
3269 1260 3631 1315 nimietatem

1995 1350 2213 1406 amoris
2234 1366 2371 1422 erga
2391 1354 2651 1419 Petrum,
2677 1355 2734 1406 et
2765 1366 2976 1406 manus
2996 1349 3233 1421 injicere
3254 1349 3638 1405 conabantur.

1994 1442 2067 1495 At
2096 1438 2192 1495 ille
2217 1439 2438 1495 veritus
2470 1456 2542 1494 ne
2573 1439 2644 1495 ab
2676 1438 2821 1511 ipsis
2862 1438 3303 1509 interﬁceretur,
3336 1454 3437 1510 per
3481 1438 3640 1510 lega-

1996 1532 2124 1584 tum
2158 1528 2474 1600 postulavit
2506 1545 2539 1583 a
2572 1529 2759 1598 Petro,
2784 1527 3060 1584 continuo
3084 1532 3148 1583 ut
3168 1527 3407 1594 veniret,
3442 1543 3555 1598 quo
3580 1544 3643 1582 se

1997 1617 2432 1673 nancisceretur
2460 1618 2678 1685 vivum,
2713 1616 2855 1672 etin
2901 1617 3104 1672 urbem
3154 1616 3440 1672 desiderio
3485 1615 3641 1670 illius

1997 1710 2343 1778 ﬂagrantem
2383 1710 2710 1778 opportune
2757 1706 3114 1761 adventaret.
3148 1705 3369 1771 Quibus
3401 1704 3640 1771 auditis,

1997 1794 2203 1851 Petrus
2234 1794 2520 1867 plurimos
2552 1795 2623 1850 ad
2655 1796 2950 1868 agendum
3003 1799 3354 1850 conventum
3400 1792 3644 1849 adduxit

1998 1887 2055 1940 et
2084 1884 2422 1956 episcopum
2456 1884 2781 1954 constituit,
2807 1883 3024 1939 multos
3056 1883 3278 1939 curavit
3308 1887 3482 1954 atque
3502 1883 3643 1954 bap-

1996 1973 2549 2044 tizavit,triduoque
2585 1974 2872 2029 Laodiceae
2905 1977 3182 2045 praeterea
3221 1975 3643 2039 commoratus,

1998 2060 2368 2118 Antiochiam
2402 2061 2794 2134 pr0pinquam
2826 2061 3120 2118 civitatem
3145 2061 3304 2116 adire
3329 2061 3643 2117 festinavit.

2067 2151 2250 2207 CXLI.
2282 2152 2351 2206 Et
2399 2150 2637 2223 quidem
2688 2167 2822 2206 cum
2870 2151 2942 2206 ad
2992 2152 3199 2206 urbem
3254 2150 3637 2222 pervenisset,

1997 2239 2307 2296 universus
2354 2240 2606 2312 populus
2654 2255 3135 2309 accurrens,cum
3187 2239 3398 2312 gaudio
3444 2238 3639 2311 ipsum

1998 2329 2242 2401 excepit,
2274 2333 2554 2401 tanquam
2579 2329 2839 2385 veritatis
2859 2345 3184 2401 praeconem
3206 2333 3262 2384 et
3287 2327 3638 2401 apostolum.

1998 2419 2274 2475 Precibus
2305 2422 2500 2474 autem
2535 2418 2703 2486 fusis,
2735 2424 2791 2474 et
2822 2418 3097 2474 manibus
3128 2435 3304 2490 super
3344 2434 3443 2473 eos
3482 2417 3641 2489 posi-

1997 2508 2095 2574 tis,
2124 2507 2414 2564 universis
2445 2507 2597 2563 male
2628 2507 2986 2563 habentibus
3019 2506 3217 2563 attulit
3248 2506 3598 2562 medicinam
3626 2523 3640 2571 ς

1998 2596 2137 2654 item
2172 2613 2356 2653 unum
2391 2596 2573 2652 Deum
2606 2597 2664 2652 in
2697 2597 2887 2653 tribus
2931 2597 3199 2669 personis
3251 2594 3642 2666 annuntiavit,

1998 2686 2385 2759 pluribusque
2414 2703 2513 2742 eos
2558 2687 2629 2743 de
2672 2686 2849 2742 unius
2883 2686 3146 2742 numinis
3179 2685 3507 2758 principatu
3540 2685 3643 2739 do-

1999 2776 2137 2832 cuit.
2169 2775 2386 2831 Deinde
2418 2776 2488 2831 ad
2520 2775 2840 2847 hospitium
2874 2793 2980 2832 nos
3020 2775 3367 2848 recepimus.
3423 2773 3642 2830 Intelli~

1998 2881 2142 2939 gens
2172 2869 2367 2921 autem
2398 2882 2576 2921 senex
2612 2866 2847 2922 Petrum
2902 2867 3129 2934 adesse,
3161 2864 3429 2936 accurrit,
3463 2881 3640 2936 seque

1999 2953 2278 3026 dejiciens
2310 2954 2370 3008 in
2418 2957 2658 3026 terram,
2692 2954 2852 3011 illius
2896 2955 3072 3028 pedes
3122 2952 3636 3026 complectebatur,

1999 3060 2213 3116 rogans
2242 3046 2307 3098 ut
2354 3043 2551 3099 divino
2580 3043 2935 3116 baptismate
2965 3046 3499 3110 cunsummaretur,
3526 3058 3640 3114 quo

2000 3132 2302 3203 antiquam
2334 3131 2545 3188 animas
2577 3132 3100 3203 pulchritudinem,
3130 3138 3187 3188 et
3234 3133 3480 3187 formam
3512 3148 3638 3186 cor-

2003 3220 2158 3294 poris
2189 3220 2470 3292 reciperet
2499 3238 2602 3293 per
2632 3222 3015 3293 baptismum,
3040 3222 3316 3292 ﬁeretque
3348 3218 3638 3291 particeps

229 3306 334 3361 Καῖ
385 3307 414 3361 6
450 3290 650 3383 Πέτρος
679 3290 1001 3384 κατηγήσας
1050 3308 1228 3379 αὐτὸν,
1290 3290 1641 3386 εἰρηκώςττε
1695 3290 1880 3367 πολλὰ

1995 3290 2472 3366 ἱήῐεωειιαιοιιυω
2492 3290 3159 3382 Christi—mysteriorum.
3184 3290 3250 3365 Et
3267 3290 3492 3371 Petrus,
3516 3290 3640 3363 tra-

223 3394 355 3470 περὶ
407 3396 699 3472 σωτηρίας,
751 3395 840 3452 ἐπὶ
886 3396 1033 3453 τέλει
1086 3394 1144 3452 δὲ
1182 3397 1271 3453 καὶ
1320 3403 1480 3454 τοῦτο
1528 3397 1719 3468 εἰπὼν,
1751 3400 1826 3463 ὡς
1854 3400 1882 3456 6

224 3483 429 3555 Κύριος
477 3484 636 3557 ἡμῶν
688 3486 898 3556 Ἰησοῦς
930 3487 1160 3562 Χριστὸς
1213 3488 1241 3542 6
1286 3487 1411 3549 Υἱὸς
1462 3492 1558 3542 τοῦ
1589 3493 1723 3545 Θεοῦ
1763 3494 1881 3553 τοῖς

224 3574 504 3646 μαθηταῖς
555 3572 975 3647 ἐντελλόμενος⁶
1043 3576 1101 3629 '0
1166 3574 1475 3647 πιστεύσας,
1506 3578 1570 3649 ⁸9,
1621 3573 1748 3655 ἔφη,
1790 3577 1880 3634 καὶ

224 3662 571 3737 βαπτισθεὶς,
633 3664 972 3734 σωθήσεται·
1020 3662 1152 3717 καί⁶
1206 3662 1351 3720 Κατὰ
1402 3666 1503 3734 τὴν
1560 3665 1737 3721 πίστιν
1785 3688 1880 3722 σου

217 3752 515 3825 γενηθήτω
548 3771 632 3806 σοι
663 3751 736 3814 ὡς
767 3746 962 3816 θέλεις.
997 3753 1233 3828 Επείπερ
1265 3754 1293 3807 6
1322 3753 1509 3831 καιρὸς
1541 3755 1677 3830 πρὸς
1726 3754 1877 3811 ἐσπέ-

219 3859 321 3914 ραν
354 3838 447 3908 ἦν,
486 3847 695 3918 τροφῆς
729 3836 1131 3913 μεταλαϐόντας
1162 3843 1299 3916 ⁹⁰-⁹³,
1343 3844 1477 3916 μετᾶ
1521 3844 1621 3913 τήν
1671 3846 1875 3916 συνήθη

219 3926 421 4003 εύχῆν,
451 3928 481 3982 6
512 3928 676 3992 ὕπνος
706 3931 751 3967 ⁹¹ο
779 3924 1075 4004 ἐλάμϐανε.

292 4108 509 4164 CXLII.
545 4110 621 4180 Γῇ
655 4102 713 4162 δε
742 4106 968 4182 ἐπιούσῃ
1019 4105 1386 4183 ὀρθριαίτερον
1436 4107 1603 4165 πάλιν
1649 4109 1877 4175 ἀναστὰς

216 4196 248 4251 6
278 4196 512 4268 Πέτρος,
543 4196 631 4250 καὶ
680 4195 1133 4271 προσευξάμενος,
1188 4196 1566 4270 μετακαλεῖται
1616 4197 1707 4254 σὺν
1738 4202 1873 4274 ἡμῖν

214 4285 309 4339 τὸν
344 4287 574 4361 πατέρα,
604 4285 694 4340 καὶ
718 4303 732 4317 ⁸
768 4288 1044 4361 Σήμερον,
1078 4287 1123 4342 ὦ
1151 4283 1401 4365 ἀδελφοὶ,
1434 4286 1608 4362 λέγει,
1659 4288 1867 4365 μεγάλη

214 4376 369 4451 χαρὰ
392 4374 597 4450 γίνεται
647 4373 698 4430 ἐν
748 4379 826 4448 τῷ
874 4374 1103 4451 οὐρανῷ,
1148 4374 1234 4432 ἐπὶ
1276 4380 1344 4450 τῇ
1395 4373 1721 4453 θεοδωρήτῷ
1750 4378 1874 4434 ἀνα-

214 4467 469 4538 γεννήσει
496 4469 594 4519 τοῦ
622 4462 795 4519 καλοῦ
851 4464 1109 4538 γέροντος
1160 4465 1428 4522 Φαύστου.
1474 4465 1572 4522 Καί
1620 4466 1872 4542 παραλα-

214 4547 331 4608 ϐὼν
362 4555 514 4625 ἡμᾶς
544 4552 787 4627 ἐξῄειμεν
819 4555 955 4608 κατὰ
978 4553 1248 4629 ῃνατολὰς
1274 4561 1377 4625 τῆς
1406 4553 1644 4627 πόλεως,
1675 4553 1801 4620 ἔνθα
1825 4559 1871 4594 ⁸⁸

1992 3399 2114 3455 dita
2152 3399 2203 3455 ei
2233 3398 2546 3455 Chistianae
2578 3398 2875 3471 religionis
2899 3398 3183 3465 doctrina,
3216 3397 3531 3467 multisque
3563 3397 3633 3452 de

1991 3488 2183 3544 salute
2210 3487 2473 3560 prolatis,
2506 3488 2745 3543 tandem
2775 3488 2884 3543 hoc
2925 3486 3148 3544 addidit
3178 3487 3490 3543 Dominum
3523 3503 3633 3543 no-

1991 3582 2182 3633 strum
2230 3577 2438 3633 Jesum
2486 3576 2782 3632 Christum
2835 3575 3045 3631 Filium
3087 3575 3209 3647 Dei,
3243 3575 3302 3629 in
3343 3575 3635 3631 mandatis

1991 3666 2061 3722 ad
2095 3665 2416 3737 discipulos
2444 3665 2662 3721 dixisse
2696 3683 2709 3723 :
2759 3666 2866 3735 Qui
2906 3664 3218 3727 crediderit,
3249 3668 3303 3719 et
3332 3665 3639 3736 baptizatus

1988 3758 2178 3827 fuerit,
2205 3756 2389 3810 salvus
2418 3757 2526 3811 erit
2556 3755 2599 3790 9°
2617 3772 2639 3817 ,'
2669 3759 2726 3811 et
2795 3754 3136 3810 :Secundum
3164 3754 3325 3826 ﬁdem
3359 3762 3509 3809 tuam
3537 3753 3643 3823 ﬁat

1990 3845 2095 3901 tibi
2120 3846 2261 3900 sicut
2286 3846 2367 3901 vis
2388 3844 2453 3899 9‘.
2488 3846 2751 3916 Cumque
2784 3848 3017 3916 tempus
3042 3845 3113 3899 ad
3136 3860 3436 3915 vesperam
3469 3842 3637 3898 incli-

1989 3938 2174 4002 naret,
2204 3933 2402 3990 cibum
2435 3933 2802 4005 sumpsimus
2833 3951 2846 4002 ;
2884 3936 2942 3989 et
2985 3937 3117 4005 post
3162 3932 3390 3989 solitam
3432 3947 3632 4004 preca-

1985 4022 2227 4093 tionem,
2261 4039 2506 4078 somnus
2538 4039 2644 4079 nos
2675 4023 2998 4095 occupavit.

2058 4112 2264 4168 CXLII.
2306 4111 2584 4183 Sequenti
2606 4128 2739 4167 vero
2761 4111 2854 4167 die
2874 4111 3080 4167 Petrus
3104 4110 3313 4167 iterum
3334 4110 3623 4167 maturius

1983 4217 2253 4274 surgens,
2305 4206 2617 4272 postquam
2674 4201 2877 4271 oravit,
2910 4204 3131 4273 patrem
3178 4206 3235 4255 et
3278 4216 3383 4255 nos
3431 4216 3621 4256 accer-

1982 4290 2154 4357 sivit;
2186 4294 2274 4346 et:
2299 4289 2500 4356 Hodie,
2534 4289 2745 4361 inquit,
2774 4290 3002 4356 fratres,
3027 4306 3307 4361 magnum
3342 4290 3624 4361 gaudium

1980 4379 2201 4435 orietur
2228 4378 2287 4432 in
2319 4376 2457 4432 caelo
2488 4378 2556 4445 9‘,
2588 4382 2825 4450 propter
2867 4377 3127 4433 divinum
3173 4395 3389 4434 munus
3420 4395 3622 4433 renas-

1980 4467 2181 4523 centiaa
2212 4466 2347 4522 boni
2380 4465 2537 4522 senis
2564 4466 2783 4523 Fausti.
2818 4469 3078 4538 Cumque
3122 4484 3228 4523 nos
3260 4467 3619 4538 assumpsis-

1977 4561 2086 4621 set,
2120 4555 2338 4628 egressi
2370 4572 2577 4611 sumus
2621 4556 2693 4611 ad
2724 4555 2852 4611 loca
2882 4555 3187 4612 orientalia
3217 4556 3488 4623 civitatis,
3521 4554 3621 4610 ubi

209 4644 279 4712 ἦν
312 4640 483 4697 ὕδατα
510 4641 695 4698 πολλά
721 4664 781 4699 τε
810 4643 899 4698 καὶ
929 4644 1157 4719 καθαρὰ,
1190 4644 1280 4698 καὶ
1316 4643 1478 4717 μόνον
1529 4644 1623 4700 τὸν
1669 4647 1874 4722 πατέρα

1995 4644 2179 4699 multae
2231 4648 2401 4700 erant
2458 4660 2625 4716 aquae
2678 4660 2744 4699 ac
2802 4660 2997 4715 purae:
3048 4644 3359 4715 solumque
3398 4646 3621 4715 patrem

216 4727 408 4787 λαϐὼν
464 4729 593 4804 ἰδίᾳ,
644 4734 962 4808 κατηχήσας
1013 4752 1073 4788 τε
1118 4731 1305 4789 πολλὰ
1350 4733 1439 4788 καὶ
1470 4730 1681 4805 διδάξας
1710 4734 1869 4791 αὐτὸν

212 4824 284 4876 τὰ
335 4819 467 4896 πεφῖ
518 4825 651 4876 Θεοῦ
702 4822 791 4877 καὶ
828 4828 931 4891 τῆς
974 4820 1064 4877 διὰ
1111 4823 1305 4899 σαρκὸς
1350 4822 1515 4879 αὐτοῦ
1552 4823 1689 4900 πρὸς
1721 4827 1873 4897 ἡμᾶς

215 4907 541 4982 ἐπιδημίας,
573 4905 853 4967 ἐϐάπτισεν
883 4910 1042 4966 αὐτὸν
1083 4910 1160 4974 είς
1198 4912 1260 4967 τὸ
1290 4907 1465 4985 ὅνομα
1491 4916 1589 4968 τοῦ
1637 4915 1869 4990 Πατρὸς,

213 5001 440 5055 καὶτοῦ
494 5000 640 5074 Ποῦ,
691 5000 916 5055 καὶτοῦ
964 5000 1116 5077 ἁγίου
1166 4999 1519 5075 Πνεύματος’
1570 5002 1659 5057 καὶ
1708 4998 1868 5079 ἄρτον

214 5083 433 5156 λαϐὼν,
484 5088 881 5165 εὐχαριστήσας
926 5110 984 5145 τε
1023 5089 1113 5144 καὶ
1158 5088 1481 5165 εὐλογήσας,
1531 5093 1639 5145 τῶν
1705 5091 1868 5168 ἱερῶν

212 5176 367 5247 αύτῷ
415 5181 663 5231 κοινωνεῖ
721 5174 1057 5253 μυστηρίων.
1118 5175 1216 5231 Καὶ
1272 5176 1412 5249 ἦμεν
1473 5177 1615 5250 ὁμοῦ
1679 5178 1871 5241 πάντες

210 5262 625 5341 ἀγαλλιώλενοι
666 5264 719 5321 ἐν
764 5264 948 5342 Κυρίῳ
1001 5263 1168 5321 νύκτα
1213 5265 1274 5320 τέ
1319 5264 1412 5320 καὶ
1466 5265 1583 5339 μεθ’
1631 5264 1864 5342 ἡμέραν,

208 5354 304 5411 ἐπί
332 5375 393 5409 τε
439 5357 506 5428 τῇ
553 5357 653 5410 τοῦ
681 5353 885 5429 πατρὸς
917 5351 1006 5410 διὰ
1032 5355 1077 5392 ⁸⁸
1101 5357 1200 5410 τοῦ
1229 5352 1376 5410 θείου
1401 5353 1713 5429 πνεύματος
1739 5354 1867 5409 ἀνα-

283 5470 371 5544 (α)
396 5469 572 5528 Maro.
604 5486 719 5543 xvr,
754 5470 840 5529 16.
874 5471 949 5544 (b)
980 5470 1188 5529 Matth.
1219 5486 1299 5541 Ix,
1328 5470 1420 5527 29.
1451 5468 1523 5545 (c)
1552 5474 1690 5527 Luc.
1722 5486 1815 5539 xv,
1842 5471 1899 5526 7.

1981 4749 2248 4790 seorsum
2279 4749 2541 4798 sumens,
2563 4732 2883 4804 multisque
2907 4732 3244 4803 instituens,
3271 4733 3626 4803 tradensque

1982 4821 2068 4877 illi
2102 4822 2427 4878 doctrinam
2460 4822 2530 4877 de
2563 4826 2675 4877 Deo
2709 4823 2953 4893 ejusque
2986 4822 3047 4876 in
3079 4838 3252 4877 carne
3286 4821 3357 4876 ad
3389 4836 3495 4875 nos
3526 4820 3627 4874 ad-

1979 4913 2179 4976 ventu,
2211 4909 2528 4981 baptizavit
2557 4926 2688 4964 eum
2723 4909 2782 4963 in
2816 4909 3051 4965 nomine
3076 4908 3286 4973 Patris,
3310 4913 3369 4963 et
3389 4906 3539 4973 Filii,
3573 4911 3631 4963 et

1979 4999 2228 5071 Spiritus
2260 4997 2445 5055 sancti
2473 5013 2486 5053 :
2520 5014 2773 5069 cumque
2807 5014 3014 5069 panem
3048 4998 3386 5069 accepisset,
3411 4996 3629 5068 gratias

1978 5088 2197 5161 egisset
2226 5104 2292 5143 ac
2324 5085 2739 5146 benedixisset,
2761 5102 2930 5141 sacra
2959 5086 3070 5157 ipsi
3101 5084 3382 5157 mysteria
3410 5084 3626 5154 imper-

1978 5176 2128 5233 tivit.
2162 5177 2231 5231 Et
2259 5190 2495 5231 eramus
2527 5174 2749 5247 pariter
2769 5174 2961 5229 cuncti
2990 5172 3051 5227 in
3074 5172 3320 5229 Domino
3353 5176 3526 5227 noctu
3560 5188 3627 5227 ac

1977 5264 2232 5322 interdiu
2262 5262 2789 5329 exsultantes,tum
2818 5262 2889 5317 de
2906 5261 3089 5334 patris
3104 5261 3475 5334 perdivinum
3499 5260 3627 5333 Spi-

1976 5355 2154 5413 ritum
2186 5354 2516 5411 instaurata
2546 5350 2865 5420 nativitate,
2898 5354 3025 5407 tum
3057 5352 3129 5407 de
3160 5351 3462 5407 auditione
3497 5367 3628 5407 ora-

1574 5585 1815 5643 νΑΒΙΑε
1850 5580 2257 5642 LECTIONES.

289 5686 360 5762 δῖ’
386 5684 548 5762 deest
576 5684 637 5743 in
667 5685 743 5744 al.
777 5684 820 5723 ⁸⁸
858 5685 935 5745 al.
984 5684 1324 5762 συναγαγών.
1355 5684 1401 5723 ⁸9
1425 5685 1589 5743 deest
1632 5684 1693 5742 in
1739 5684 1816 5741 a1.
1846 5684 1968 5727 ⁹⁰-⁹³
2000 5682 2077 5741 al.
2132 5676 2547 5754 μεταλαϐόντες.
2582 5679 2627 5717 ⁸⁸
2656 5679 2731 5741 al.
2765 5679 2944 5739 inser.
2995 5679 3167 5758 ἡμᾶς.
3197 5680 3243 5721 9⁵
3262 5681 3428 5741 deest
3453 5682 3515 5739 in
3545 5681 3622 5743 al.

210 5759 259 5794 ⁸⁸
291 5756 369 5814 al.
402 5754 511 5815 ἐπί.
