4118 6340
424 385 541 446 575

1250 391 1315 451 8.
1362 391 1804 454 CLEMENTIS
1848 393 1873 453 Ι
1918 392 2107 453 ROM.
2157 393 2390 455 PONT.
2437 393 2700 455 OPERA
2743 392 3007 456 DUBIA.

3704 390 3819 451 5'76

424 518 691 574 culorum
753 520 925 575 Petri.
985 523 1129 577 Cum
1172 522 1349 594 igitur
1388 538 1490 594 per
1542 523 1777 595 aliquod
1835 528 2068 595 tempus

2194 526 2448 598 γεννήσει,
2494 523 2581 579 καὶ
2629 528 2697 597 τῇ
2749 523 2997 599 ἀκροάσει
3040 526 3146 577 τῶν
3190 521 3392 597 Πέτρου
3425 519 3651 597 λόγξων.
3684 520 3821 594 X96-

428 625 548 663 una
578 626 905 681 ageremus,
941 610 1217 665 omnibus
1252 616 1565 683 patuerunt
1612 630 1702 668 res
1754 619 1986 682 nostra,
2019 618 2076 668 et

429 696 490 751 in
526 697 787 752 omnium
823 715 919 753 ore
953 700 1350 766 versabamur,
1376 702 1687 772 cunctique
1714 702 2078 756 mirabantur

431 787 501 840 de
544 787 828 841 universis
879 805 1003 858 quae
1053 788 1413 859 contigerant
1469 790 1655 859 nobis,
1692 790 1908 861 Deique
1940 806 2077 861 erga

431 892 537 930 nos
569 876 981 946 patrocinium,
1012 877 1069 931 in
1122 883 1320 933 nostra
1371 878 1785 951 recognitione,
1820 880 2073 934 celebra-

427 964 587 1018 bant.

493 1052 732 1108 CXLIII.
767 1054 942 1107 Fama
977 1054 1155 1125 igitur
1202 1071 1646 1126 quoquoversus
1698 1061 2073 1129 pervagante,

420 1141 740 1196 Antiochiae
776 1159 988 1213 praeses
1021 1147 1230 1197 cuncta
1262 1161 1388 1213 quae
1421 1145 1567 1215 patri
1621 1149 1675 1199 et
1709 1146 1880 1200 matri
1920 1145 2073 1200 acci-

424 1230 629 1285 derant
660 1231 1001 1298 resciscens,
1028 1233 1300 1303 quodque
1319 1233 1388 1287 ad
1412 1234 1700 1289 Caasarem
1727 1234 2073 1304 cognatione

423 1318 759 1386 attinerent,
794 1320 864 1375 de
915 1319 1006 1375 his
1040 1321 1215 1376 refert
1258 1322 1328 1376 ad
1359 1321 1678 1378 Tiberium.
1710 1322 1934 1386 Quibus
1968 1339 2070 1377 au-

424 1407 585 1478 ditis,
618 1407 936 1478 imperator
975 1410 1148 1478 jubet
1188 1426 1287 1465 eos
1337 1411 1775 1482 quamprimum
1831 1412 2072 1467 Romam

430 1496 582 1551 mitti
618 1513 630 1551 :
665 1499 817 1568 quod
853 1502 909 1551 et
936 1498 1153 1552 factum
1205 1503 1331 1554 est:
1368 1498 1617 1570 illosque
1675 1516 1888 1571 magno
1938 1516 2073 1555 cum

433 1584 654 1640 honore
681 1602 745 1639 ac
777 1586 1051 1641 satellitio
1084 1604 1297 1658 praeses
1326 1604 1394 1642 ex
1418 1588 1721 1645 Antiochia
1765 1588 1944 1643 mittit
2002 1588 2073 1643 ad

432 1674 730 1729 Tiberium
761 1676 1064 1730 Caesarem.
1098 1676 1352 1731 Intuitus
1380 1681 1574 1733 autem
1621 1682 1809 1734 Caesar
1851 1683 2074 1750 patrem

430 1767 486 1818 et
516 1767 784 1831 matrem,
819 1765 1148 1836 agnitisque
1181 1766 1285 1833 eis,
1320 1784 1494 1838 super
1524 1784 1585 1823 re
1619 1768 1940 1839 obstupuit,
1975 1784 2074 1839 pa-

426 1852 653 1922 trisque
684 1854 962 1908 cervicem
998 1854 1357 1926 complexus,
1392 1856 1603 1911 acriter
1634 1858 1807 1912 ﬂevit.
1840 1855 2074 1912 Cohibi-

426 1946 486 1996 to
517 1946 711 1996 autem
743 1941 926 2009 luctu,
960 1945 1033 1997 ad
1074 1949 1340 1999 senatum
1394 1944 1709 2016 respicens,
1744 1946 1827 1999 ait
1860 1962 1871 2000 :
1924 1946 2074 1999 Cau-

430 2030 559 2085 dete
592 2047 842 2097 mecum,
875 2048 1101 2103 omnes,
1134 2036 1191 2087 et
1216 2050 1525 2087 commune
1557 2034 1774 2088 festum
1808 2049 2075 2105 agamus,

429 2119 826 2174 inventionem
864 2120 1056 2175 Fausti
1089 2127 1145 2175 et
1178 2122 1533 2178 Matthidize:
1568 2123 1720 2194 quod
1755 2138 1889 2176 cum
1923 2138 2078 2176 mor-

434 2207 521 2262 tui
567 2212 915 2279 putarentur
944 2210 1292 2281 revixerunt,
1327 2227 1577 2282 cumque
1627 2211 1955 2282 periissent,
1990 2227 2077 2265 re-

435 2296 584 2367 perti
616 2302 774 2351 sunt.
800 2297 1008 2353 Postea
1040 2303 1097 2353 et
1141 2315 1274 2353 cum
1326 2299 1398 2354 iis
1449 2299 1741 2371 epulatus,
1778 2299 2079 2370 multaque

436 2386 686 2457 pecunia
737 2386 971 2456 tradita,
1005 2387 1363 2459 insuperque
1415 2388 1573 2460 ipsos
1614 2390 1682 2443 ad
1728 2387 2077 2443 famulatum

433 2475 619 2530 servis
650 2491 872 2546 augens
904 2492 967 2531 ac
992 2476 1240 2546 ancillis,
1277 2477 1531 2549 plurimo
1558 2479 1835 2533 comitatu
1886 2481 1943 2532 et
1970 2476 2079 2532 ho-

434 2580 577 2620 nore
608 2564 1017 2620 circumdedit.
1052 2566 1161 2629 Qui
1191 2566 1364 2622 etiam
1400 2584 1513 2622 non
1566 2568 1771 2639 exiguo
1817 2571 2079 2638 tempore

437 2652 633 2708 Romae
665 2658 891 2708 aetatem
924 2659 1169 2726 egerunt
1197 2673 1209 2723 ;
1245 2655 1336 2726 pie
1366 2656 1606 2728 quidem
1637 2658 1918 2722 viventes,
1951 2672 2080 2710 sua-

438 2757 553 2813 que
607 2748 912 2813 erogantes
971 2744 1346 2814 pauperibus,
1396 2750 1452 2800 et
1508 2747 1827 2801 consectati
1874 2760 2078 2800 omnes

437 2829 583 2887 alias
612 2831 895 2899 virtutes;
930 2833 1112 2887 donec
1162 2833 1218 2887 in
1270 2839 1565 2889 senectute
1600 2836 1773 2899 bona,
1807 2834 1890 2889 eis
1950 2850 2078 2904 quis

439 2918 536 2975 hic
566 2925 701 2974 sunt
730 2918 970 2988 relictis,
1000 2921 1215 2977 Christi
1256 2939 1501 2995 regnum
1551 2924 1847 2979 consecuti
1900 2926 2075 2991 sunt;

438 3008 733 3079 exemplar
763 3009 888 3064 vitea
920 3027 986 3065 ac
1018 3010 1316 3082 specimen
1348 3013 1416 3067 ad
1459 3012 1730 3067 virtutem
1764 3012 2078 3067 accuratis-

442 3097 684 3163 simum,
718 3114 885 3153 suam
914 3098 1091 3154 vitam
1123 3103 1396 3156 Romanas
1428 3100 1757 3172 reipublicae
1789 3100 2007 3173 largiti.

2108 1897 2156 1962 B

2183 632 2272 666 νον
2318 612 2407 667 οὗν
2452 614 2573 666 τινά
2624 612 2711 667 ἐπὶ
2758 612 2817 666 τὸ
2884 610 3011 666 αὐτὸ
3044 611 3410 685 διαγαγόντων
3461 612 3640 683 ἡμῶν,
3697 616 3826 662 πᾶσι

2185 697 2327 768 δῆλα
2376 702 2603 770 κατέστη
2654 702 2720 755 τὰ
2766 702 2879 755 καθ’
2928 702 3075 772 ἡμᾶς
3105 720 3116 732 ⁸
3169 698 3259 753 καὶ
3308 698 3359 753 ἐν
3412 704 3530 759 τοῖς
3580 700 3824 752 ἁπάντων

2182 790 2320 862 ἦμεν
2372 791 2620 863 στόμασι,
2672 790 2759 845 καὶ
2804 791 2995 850 πάντες
3046 788 3343 861 ἐθαύμαζον
3396 787 3481 842 ἐπὶ
3531 793 3659 841 πᾶσι
3716 792 3830 848 τοῖς

2184 874 2584 951 συμϐεϐηκόσιν
2625 882 2780 951 ἡμῖν,
2811 878 2898 933 καὶ
2928 880 3027 947 την
3057 882 3154 932 τοῦ
3200 881 3332 933 Θεοῦ
3380 878 3455 938 εἱς
3499 880 3647 949 ἡμᾶς
3701 877 3831 951 βοή-

2184 979 2349 1039 θειαν,
2384 967 2471 1023 ἐπὶ
2501 967 2579 1041 τῷ
2611 969 3007 1044 ἀναγνωρισμῷ
3035 971 3194 1039 ἡμῶν
3230 964 3581 1041 ἐμεγάλυνον.

2253 1060 2482 1114 CXLIII.
2542 1063 2649 1125 Τῆς
2705 1059 2896 1134 φήμης
2949 1054 3040 1109 οὖν
3093 1053 3397 1129 πανταχόσε
3429 1051 3772 1123 διαθεούσης,
3806 1054 3835 1107 6

2181 1152 2283 1214 τῆς
2346 1144 2670 1220 ’Δντιοχέων
2723 1145 2949 1219 ἡγεμὼν
3001 1145 3173 1198 πάντα
3222 1144 3287 1198 τὰ
3334 1138 3721 1215 συμϐεϐηκότα
3750 1142 3836 1196 ἐπί

2184 1254 2243 1289 τε
2295 1232 2377 1307 τῷ
2429 1234 2592 1310 πατρὶ
2644 1234 2735 1289 καὶ
2786 1234 2953 1309 μητρὶ
3000 1232 3182 1310 γνοὺς,
3213 1231 3303 1286 καὶ
3331 1232 3413 1286 ὅτι
3444 1230 3671 1301 Καίσαρι
3702 1232 3837 1286 κατά

2184 1324 2338 1397 γένος
2367 1324 2762 1398 προσήκουσιν,
2802 1322 3051 1398 ἀναφέρει
3091 1325 3257 1376 ταῦτα
3302 1324 3383 1392 τῷ
3426 1316 3657 1395 Τιϐερίῳ
3701 1321 3834 1393 (46).

2185 1410 2283 1467 Καὶ
2329 1412 2356 1467 6
2410 1409 2662 1487 βασιλεὺς
2715 1410 2963 1483 ἀκούσας,
3020 1408 3229 1465 κελεύει
3277 1409 3341 1464 τὸ
3389 1410 3561 1484 τάχος
3594 1409 3831 1481 ἀναπεμ-

2185 1503 2382 1578 φθῆναι
2413 1500 2607 1562 αὐτοὺς
2659 1499 2733 1563 εἲς
2783 1500 3002 1573 Ῥώμην
3032 1517 3043 1530 ·
3093 1497 3124 1553 6'
3173 1498 3262 1553 xui
3305 1497 3527 1573 γέγονε·
3578 1497 3667 1552 καὶ
3703 1497 3839 1570 μετὰ

2183 1586 2402 1657 πολλῆς
2454 1591 2619 1661 τιμῆς
2665 1589 2754 1643 καὶ
2802 1586 3123 1665 δορυφορίας
3184 1589 3211 1642 6
3257 1588 3479 1663 ἡγεμὼν
3534 1587 3584 1659 ἐξ
3632 1588 3839 1643 Ἀντιο-

2184 1677 2337 1753 χείας
2377 1678 2514 1752 πρὸς
2541 1678 2633 1731 τὸν
2676 1676 2912 1752 Καίσαρα
2942 1672 3192 1752 Τιϐέριον
3248 1676 3442 1738 αὐτοὺς
3486 1674 3835 1730 ἀποστέλλει.

2185 1766 2519 1839 θεασάμενος
2552 1764 2610 1820 δὲ
2636 1766 2663 1819 6
2694 1771 2901 1841 Καῖσαρ
2932 1760 3025 1819 τόν
3057 1786 3117 1819 τε
3162 1766 3386 1841 πατέρα,
3437 1764 3525 1819 καὶ
3575 1766 3673 1832 τὴν
3728 1786 3837 1837 μη-

2184 1855 2332 1930 τέρα,
2399 1856 2487 1910 καὶ
2556 1854 2805 1931 ἐπιγνοὺς
2855 1854 3072 1923 αὐτοὺς,
3125 1854 3305 1925 ἐξέστη
3359 1853 3447 1908 ἐπὶ
3493 1852 3689 1925 τούτῷ.
3737 1853 3838 1907 Καὶ

2186 1944 2413 2022 περιφὺς
2465 1944 2630 2000 αὐτοῦ
2674 1948 2754 2015 τῷ
2804 1941 3100 2019 τραχήλῳ,
3133 1946 3349 2018 θερμῶς
3398 1937 3629 1998 ἔκλαιεν.
3682 1944 3832 1996 Ἐπι-

2187 2034 2334 2108 σχὼν
2370 2031 2425 2087 δὲ
2455 2038 2548 2087 τοῦ
2579 2033 2825 2102 πένθους,
2859 2033 2995 2108 πρὸς
3026 2032 3125 2100 τὴν
3154 2031 3460 2107 σύγκλητον
3492 2025 3829 2104 ἀποϐλέψας·

2189 2122 2519 2198 Συγχάρητέ
2568 2144 2684 2195 μοι,
2736 2118 2859 2199 ἔφη,
2893 2123 3086 2183 πάντες
3114 2121 3204 2175 καὶ
3234 2122 3422 2189 κοινὴν
3452 2122 3643 2195 ἑορτὴν
3675 2141 3835 2189 ποιη-

2188 2212 2427 2284 σώμεθο,
2470 2212 2569 2280 τὴν
2620 2210 2889 2287 ἀνεύρεσιν
2940 2210 3189 2265 Φαύστου
3234 2211 3323 2264 καὶ
3374 2207 3691 2282 Ματθιδίας,
3750 2208 3833 2263 ὅτι

2186 2300 2365 2375 νεκροὶ
2396 2286 2755 2373 νομιζόμενοι
2774 2286 3086 2369 ἀνέστησαν,
3113 2298 3203 2353 καὶ
3235 2297 3586 2361 ἀπολωλότες
3610 2298 3833 2372 εὑρέθη-

2187 2410 2303 2445 σαν.
2330 2390 2457 2443 Εἶτα
2476 2389 2564 2443 καὶ
2589 2388 2890 2464 εὐωχηθεὶς
2921 2390 3034 2462 μετ’
3059 2388 3231 2443 αὐτῶν
3256 2388 3345 2443 καὶ
3367 2390 3632 2464 χρήματα
3650 2386 3840 2442 πολλά

2186 2479 2536 2552 χρησάμενος
2568 2481 2632 2548 9⁷,
2677 2475 2752 2532 ἔτι
2803 2474 2861 2531 δὲ
2906 2477 2996 2531 καὶ
3045 2474 3244 2538 παῖδας
3291 2476 3379 2531 καὶ
3428 2474 3715 2538 παιδίσκας
3759 2475 3839 2538 εἷς

2189 2566 2481 2639 ὑπηρεσίαν
2516 2566 2698 2628 αὐτοῖς
2732 2563 3002 2637 δεδωκὼς,
3045 2565 3299 2638 θεραπείᾳ
3326 2565 3551 2639 πλείστῃ
3580 2566 3670 2620 xui
3700 2569 3839 2639 τιμῇ

2185 2651 2527 2733 περιέϐαλεν.
2580 2654 2643 2709 Ο⁹ί
2687 2654 2775 2710 xui
2825 2654 3025 2731 χρόνον
3082 2652 3145 2710 οὕ
3191 2677 3243 2710 τι
3302 2654 3509 2730 βραχὺν
3561 2654 3611 2709 ἐν
3654 2655 3844 2727 Ῥώμῃ

2188 2742 2395 2821 διῆγον,
2427 2740 2658 2806 εὐσεϐῶς
2705 2745 2799 2817 μὶν
2836 2746 3097 2820 βιοῦντες,
3147 2744 3236 2799 καὶ
3287 2743 3478 2814 πένησι
3522 2744 3589 2798 τὰ
3636 2743 3839 2797 ἑαυτῶν

2186 2839 2555 2911 χορηγοῦντες
2589 2835 2654 2903 ³⁸,
2686 2833 2775 2888 καὶ
2806 2840 2975 2888 πᾶσαν
3030 2831 3206 2899 ἄλλην
3259 2832 3454 2909 ἀρετὴν
3510 2832 3844 2908 μετερχόμε-

2186 2943 2293 2997 νοι,
2322 2920 2429 2985 ἷέως
2462 2922 2514 2978 ὲν
2542 2925 2702 2999 γήρει
2730 2921 2883 2994 καλῷ
2910 2923 2977 2976 τὰ
3008 2921 3230 2976 ἐνταῦθα
3261 2919 3534 2990 λιπόντες,
3574 2921 3672 2989 τήν
3707 2922 3841 2996 Χρι-

2189 3017 2317 3067 στοῦ
2350 3011 2625 3087 βασιλείαν
2659 3010 2989 3082 ἠλλάξαντο.
3021 3010 3328 3087 ἀρχέτυπον
3368 3009 3489 3086 βίου
3526 3010 3615 3064 καὶ
3664 3010 3839 3086 παρά-

2190 3099 2391 3177 δειγμα
2435 3101 2571 3177 πρὸς
2620 3100 2814 3177 ἀρετὴν
2869 3095 3275 3175 ἀκριϐέστατον,
3325 3099 3416 3154 τὸν
3464 3098 3665 3154 ἑαυτῶν
3720 3098 3839 3174 βίον

2191 3194 2260 3265 τῇ
2291 3190 2576 3263 Ῥωμαίων
2606 3188 3018 3265 παρασχόμενοι
3050 3188 3322 3259 πολιτείᾳ.

514 3275 741 3333 CXLIV.
800 3277 1084 3333 Caeterum
1145 3294 1251 3350 ego
1299 3277 1566 3335 Clemens
1625 3296 1757 3335 cum
1806 3278 2079 3336 fratribus

2237 3255 2489 3337 'CXLIV.
2528 3255 2829 3354 ’Eytb'pév"
2847 3255 2931 3333 τοι
2982 3275 3225 3351 Κλήμης
3280 3255 3412 3350 μετὰ
3447 3279 3554 3331 τῶν
3590 3272 3840 3349 ἀδελφῶν

445 3364 637 3420 adhuc
678 3367 832 3437 apud
868 3367 1097 3422 Petrum
1129 3367 1425 3423 doctorem
1460 3368 1671 3434 mansi,
1700 3368 1800 3439 qui
1833 3384 2085 3441 evange-

440 3452 564 3508 licae
614 3453 1009 3525 praedicationi
1056 3456 1383 3524 insistebat,
1424 3462 1481 3513 et
1532 3459 1863 3529 complures
1910 3457 2086 3513 variis

441 3541 664 3597 morbis
695 3560 759 3598 ac
793 3544 1268 3615 perpessionibus
1300 3546 1563 3601 curabat.
1598 3546 1816 3601 Deinde
1846 3545 1945 3602 ille
1988 3563 2086 3601 ur-

438 3630 613 3685 bibus
643 3632 989 3703 peragratis,
1025 3634 1268 3688 Romam
1302 3651 1532 3704 quoque
1582 3635 1879 3705 pervenit;
1914 3639 2089 3706 atque

439 3718 513 3776 iis
544 3720 643 3791 qui
693 3722 1117 3776 concurrebant
1149 3724 1389 3777 verbum
1425 3723 1657 3794 pietatis
1697 3723 2086 3793 annuntiavit,

449 3808 785 3880 multosque
814 3826 916 3881 per
946 3810 1308 3882 baptismum
1342 3813 1587 3867 adduxit
1617 3813 1688 3867 ad
1720 3812 1933 3868 Christi
1966 3812 2093 3868 reli-

449 3897 703 3969 gionem,
738 3903 855 3954 tam
886 3899 1040 3955 viros
1072 3916 1249 3971 quam
1276 3901 1586 3969 mulieres;
1618 3902 1759 3957 adeo
1792 3906 1856 3956 ut
1886 3908 1943 3957 et
1962 3902 2090 3957 bre-

442 3987 498 4043 vi
528 3992 792 4061 tempore
824 3989 1108 4044 nobilium
1143 3988 1455 4045 mulierum
1517 3989 1884 4057 clarissimis,
1920 4007 2091 4062 quas-

448 4093 561 4148 que
586 4077 774 4133 solent
795 4083 1098 4134 matronas
1121 4096 1483 4150 nuncupare,
1516 4080 1938 4151 propemodum
1962 4080 2092 4134 uni-

448 4166 635 4222 versis
665 4169 1022 4238 persuaserit
1052 4170 1122 4223 ad
1156 4174 1421 4223 sanctum
1446 4168 1740 4241 baptisma
1759 4170 2092 4241 confugere,

454 4270 519 4309 ac
550 4259 663 4310 Deo
695 4257 946 4311 credere.

526 4343 730 4400 CXLV.
766 4345 940 4401 Porro
972 4362 1106 4400 cum
1139 4346 1393 4418 ipsijam
1423 4346 1540 4401 vita
1564 4345 1944 4417 relinquenda
1966 4346 2094 4417 fuit,

456 4436 513 4489 et
543 4434 1030 4504 proficiscendum
1063 4435 1135 4489 ad
1183 4435 1529 4507 magistrum
1562 4436 1879 4500 Christum,
1912 4436 2097 4492 Evan-

453 4522 591 4595 gelii
637 4540 811 4579 cursu
862 4529 1268 4579 consummato
1299 4536 1322 4560 ιι
1371 4525 1447 4592 (id
1499 4525 1714 4597 quippe
1766 4530 1967 4579 notum
2014 4525 2098 4581 illi

2194 3367 2272 3425 ἔτι
2301 3368 2447 3444 παρά
2481 3372 2560 3440 τῷ
2590 3364 2901 3439 διδασκάλῳ
2952 3366 3140 3443 Πέτρῳ
3195 3367 3542 3440 μεμενηκὼς,
3589 3364 3846 3441 ἐχομένῳ

2192 3480 2251 3515 τε
2276 3462 2374 3513 τοῦ
2404 3456 2778 3533 κηρύγματος,
2837 3456 2927 3511 καὶ
2986 3454 3234 3517 πολλοὺς
3284 3455 3336 3510 έν
3368 3454 3636 3510 ποικίλων
3667 3452 3842 3508 νόσων

2193 3546 2283 3602 καὶ
2314 3548 2497 3601 παθῶν
2531 3545 2771 3618 ἰωμένῳ·
2806 3546 2953 3600 Ἐπεὶ
2983 3545 3078 3607 τὰς
3124 3542 3315 3607 πόλεις
3350 3543 3554 3605 ἐκεῖνος
3598 3538 3844 3616 ἀμείϐων

2198 3636 2389 3714 ἔφθασε
2447 3632 2538 3690 xui
2595 3634 2670 3695 εἷς
2725 3634 2962 3707 Ῥώμην,
3022 3635 3110 3688 καὶ
3167 3640 3284 3695 τοῖς
3342 3632 3579 3688 συνιοῦσί
3622 3633 3713 3686 τὸν
3742 3638 3846 3700 τῆς

2199 3720 2469 3786 εὐσεϐείας
2520 3722 2686 3798 λόγον
2729 3720 3011 3798 διήγγειλε
3048 3726 3110 3794 9°,
3161 3724 3252 3777 xui
3293 3720 3539 3783 πολλοὺς
3584 3726 3662 3792 τῷ
3695 3720 3846 3793 μέρει

2200 3818 2434 3887 Χριστοῦ
2482 3814 2803 3888 προσήγαγε
2853 3809 2942 3868 διὰ
2978 3816 3075 3866 τοῦ
3137 3810 3527 3887 βαπτίσματος,
3562 3806 3758 3885 ἄνδρας
3788 3829 3848 3863 τε

2200 3903 2289 3959 καὶ
2340 3907 2617 3978 γυναῖκας,
2662 3902 2737 3963 ὡς
2784 3900 2873 3956 καὶ
2916 3905 3024 3955 τῶν
3075 3900 3297 3977 εὐγενῶν
3336 3904 3600 3975 γυναικῶν
3632 3900 3725 3961 τὰς
3758 3919 3850 3953 πε-

2203 3992 2599 4070 ριφανεστέρας,
2651 3990 2739 4044 καὶ
2791 3990 2853 4053 ἃς
2899 3991 2928 4045 6
2973 3989 3135 4065 λόγος
3190 3990 3473 4064 ματρώνας
3518 3986 3633 4043 οἶδε
3660 3986 3845 4043 καλεῖν

2202 4084 2337 4156 (17),
2370 4079 2420 4134 ἐν
2456 4079 2635 4154 ὀλίγῳ
2665 4079 2853 4155 χρόνῳ
2896 4083 3094 4155 μικροῦ
3126 4076 3234 4133 δεῖν
3265 4079 3438 4139 πάσας
3478 4074 3846 4153 προσδραμεῖν

2202 4175 2385 4225 πεῖσαι
2413 4174 2492 4241 τῷ
2521 4168 2658 4245 ἀγίῳ
2694 4167 3045 4245 βαπτίσματι,
3077 4165 3165 4223 καί
3195 4171 3471 4223 πιστεῦσαι
3495 4170 3632 4238 Θεῷ.

2278 4348 2481 4404 CXLV.
2514 4344 2755 4419 Ἔμελλε
2786 4342 2843 4400 δὲ
2869 4343 2958 4399 καὶ
2991 4343 3151 4407 αὐτὸς
3190 4341 3297 4415 ἤδη
3337 4344 3428 4399 τὸν
3480 4341 3597 4419 βίον
3649 4341 3850 4397 ἀπολε-

2207 4441 2347 4506 πεῖν,
2401 4434 2489 4490 καὶ
2538 4435 2675 4508 πρὸς
2723 4434 2815 4489 τὸν
2869 4431 3193 4489 διδάσκαλον
3242 4430 3553 4506 ἐπδημῆσαι
3602 4428 3851 4506 Χριστὸν,

2206 4526 2297 4579 τὸν
2354 4528 2451 4579 τοῦ
2502 4522 2839 4599 Εὐαγγελίου
2898 4520 3101 4597 δρόμον
3170 4520 3483 4583 τετελεκώς·
3563 4520 3678 4576 ἐπεί
3751 4535 3852 4594 περ

454 4617 599 4678 erat,
632 4614 904 4685 quodque
937 4613 1060 4685 ipse
1089 4614 1263 4669 etiam
1292 4615 1362 4669 ad
1406 4630 1659 4679 crucem,
1696 4618 1762 4669 ut
1809 4629 1941 4669 cum
1976 4615 2079 4671 Ma-

2208 4610 2442 4690 ἔγνωστο
2486 4612 2663 4685 τούτῷ
2698 4614 2765 4651 ¹⁰⁰
2811 4611 2900 4667 καὶ
2948 4610 3031 4667 ὅτι
3082 4616 3294 4687 σταυρῷ
3347 4609 3536 4683 μέλλει
3577 4609 3666 4665 καὶ
3698 4609 3855 4670 οὗτος

451 4702 635 4775 gistro
666 4703 1000 4773 passionem
1033 4708 1089 4758 et
1118 4702 1363 4774 gloriam
1406 4719 1779 4757 communem
1833 4702 2093 4772 haberet,

450 4790 823 4846 damnandus
852 4792 1027 4862 esset)
1054 4810 1066 4859 ;
1103 4809 1219 4847 una
1250 4792 1617 4863 congregatis
1648 4791 1878 4847 cunctis
1911 4793 2099 4847 fratri-

449 4878 584 4947 bus,
619 4879 985 4951 apprehensa
1016 4897 1195 4935 manu
1228 4897 1376 4948 mea,
1412 4885 1575 4936 stans
1608 4880 1665 4935 in
1717 4880 1911 4936 media
1956 4897 2096 4936 con-

523 4978 599 5050 (α)
632 4979 678 5033 ΙΙ
709 4977 859 5033 Tim.
897 4996 967 5048 IV,
1002 4982 1049 5033 7.

2205 4708 2617 4777 κατακριθῆναι,
2665 4698 2749 4755 i'vu
2791 4704 2870 4772 τῷ
2921 4697 3231 4773 διδασκάλῳ
3278 4699 3366 4755 καὶ
3406 4698 3609 4763 πάθους
3656 4719 3853 4754 κοινω-

2204 4790 2342 4863 νήσῃ
2384 4790 2474 4844 καὶ
2524 4787 2684 4861 δόξης
2717 4809 2729 4822 ·
2779 4795 2876 4863 μιᾷ
2922 4790 3396 4866 συνηθροισμένων
3444 4793 3551 4844 τῶν
3602 4784 3852 4865 ἀδελφῶν

2205 4880 2440 4949 πάντων,
2472 4886 2573 4949 τῆς
2604 4877 2790 4955 χειρός
2824 4900 2928 4953 μου
2960 4875 3289 4953 λαϐόμενος,
3322 4878 3448 4942 στὰς
3503 4877 3555 4933 ἐν
3606 4876 3741 4952 μέσῃ
3785 4880 3853 4951 τῇ

1807 5057 2049 5114 VARI/‘13
2087 5056 2497 5115 LECTIONES.

527 5157 572 5193 9⁷
604 5156 680 5213 al.
712 5153 1099 5232 χαρισάμενος.
1132 5155 1175 5191 9⁸
1210 5154 1284 5212 al.
1320 5152 1805 5229 ἐπιχορηγοῦντες.
1839 5156 1883 5192 ⁹⁹
1910 5155 1984 5211 al.
2019 5151 2336 5229 διήγγελλε.
2372 5156 2439 5192 ίθο
2468 5154 2542 5211 al.
2572 5157 2755 5210 τοῦτο.

1826 5270 2209 5328 VARIORUM
2249 5271 2478 5327 NOTE.

528 5363 910 5450 (16Πιϐερίῳἶ
933 5369 1115 5425 Aliter
1133 5368 1694 5450 ΔΙκίίιξιρρῐιοιιυε,λήξει.
1728 5370 1881 5450 each,
1914 5369 2014 5450 lib.
2032 5385 2102 5450 ii,

456 5440 585 5525 cap.
620 5440 709 5498 35.
743 5440 1002 5525 A'cujus
1020 5440 1916 5525 sententia‘discedit-Freculfuos
1947 5445 1994 5525 ι,
2032 5440 2103 5507 ΙΙ,

455 5511 559 5569 115.
584 5531 647 5583 11,
680 5530 807 5585 cap.
849 5515 929 5569 l0.
964 5516 1065 5569 Est
1087 5518 1282 5567 autem
1307 5512 1613 5583 Nicephori
1637 5514 1949 5580 sententia,
1981 5511 2105 5567 haec

462 5585 830 5668 sub-geratis
857 5584 1192 5668 contigisse.
1225 5587 1389 5668 Cor,
1576 5650 1628 5668 ῃ
1776 5652 1795 5668 κ
1839 5657 1861 5667 υ
1949 5653 1967 5668 1
2061 5653 2096 5668 η

532 5655 867 5739 (1]λΚαὶῃᾷς
916 5655 943 5707 6
997 5651 1165 5739 λόγος
1215 5654 1499 5735 ματρῴνας
1546 5651 1659 5706 οἶδε
1704 5652 1930 5739 καλιεῖνἉ
1948 5653 2106 5739 Legit

461 5726 739 5789 Barthius
769 5727 872 5783 lib.
903 5744 1057 5784 xxxu
1081 5726 1543 5783 ‘Adversa'riorum
1579 5741 1705 5797 cap.
1758 5726 1861 5779 14ε
1909 5726 1970 5784 ἃς
2012 5726 2103 5778 καὶ

2218 5368 2501 5452 ματρῴνας
2556 5367 2584 5422 ὁ
2644 5363 2806 5443 λόγος
2839 5363 2955 5452 οἶδε
2983 5365 3167 5422 καλεῖν
3193 5383 3371 5450 parva
3399 5366 3635 5452 quidem
3656 5370 3852 5452 trans-

2214 5440 2521 5524 positione,
2536 5440 2757 5524 .verum
2790 5440 3412 5524 minimenecessaria.
3430 5440 3853 5524 'Per‘matron‘as

2213 5511 2626 5601 intelliguntur
2646 5512 2901 5601 honestae
2923 5512 3176 5601 fem‘in’aa,
3190 5511 3435 5601 honest?
3460 5511 3757 5601 nobilique
3777 5511 3855 5601 10'-

2214 5599 2280 5665 co
2311 5582 2459 5665 natae
2488 5600 2500 5650 ;
2534 5582 2760 5665 discere
2790 5588 2879 5639 est
2907 5601 2976 5638 ex
3006 5584 3264 5665 Cedreno
3283 5587 3351 5665 et
3395 5582 3607 5665 Servio.
3642 5582 3846 5665 ’Ἑορτή

2211 5657 2319 5707 τῶν
2353 5660 2471 5707 Ματ
2509 5652 2755 5709 ωναλίων
2803 5660 3162 5712 memoratur
3203 5672 3237 5710 a
3283 5653 3593 5711 Plutarcho
3639 5653 3697 5709 in
3748 5652 3847 5711 Ro-

2212 5727 2357 5781 muli
2389 5672 2542 5781 Vtin.
2578 5727 2659 5781 In.

2212 5727 2357 5782 muli
2389 5727 2542 5782 Vita.
2578 5727 2659 5785 In.
