  <div class='ocr_page' id='page_1' title='image "/cluster/home/n/w/nwhite01/storage/ocr_20150623/2/hvd.32044073501421/300.png"; bbox 0 0 4118 6340; ppageno 0'>
   <div class='ocr_carea' id='block_1_1' title="bbox 248 393 376 450">
    <p class='ocr_par' dir='ltr' id='par_1_1' title="bbox 248 393 376 450">
     <span class='ocr_line' id='line_1_1' title="bbox 248 393 376 450; baseline 0 0"><span class='ocrx_word' id='word_1_1' title='bbox 248 393 376 450; x_wconf 85' lang='lat'>577</span> 
     </span>
    </p>
   </div>
   <div class='ocr_carea' id='block_1_2' title="bbox 1017 380 2925 451">
    <p class='ocr_par' dir='ltr' id='par_1_2' title="bbox 1017 380 2925 451">
     <span class='ocr_line' id='line_1_2' title="bbox 1017 380 2925 451; baseline 0.002 -5"><span class='ocrx_word' id='word_1_2' title='bbox 1017 384 1548 447; x_wconf 81' lang='lat' dir='ltr'>CLEMENTINA.</span> <span class='ocrx_word' id='word_1_3' title='bbox 1585 380 2041 443; x_wconf 86' lang='lat' dir='ltr'>—EPlTOME</span> <span class='ocrx_word' id='word_1_4' title='bbox 2086 384 2187 444; x_wconf 87' lang='lat' dir='ltr'>DE</span> <span class='ocrx_word' id='word_1_5' title='bbox 2233 387 2508 449; x_wconf 85' lang='lat' dir='ltr'>GESTIS</span> <span class='ocrx_word' id='word_1_6' title='bbox 2554 390 2621 450; x_wconf 89' lang='lat' dir='ltr'>S.</span> <span class='ocrx_word' id='word_1_7' title='bbox 2667 389 2925 451; x_wconf 80' lang='lat' dir='ltr'>PETRI.</span> 
     </span>
    </p>
   </div>
   <div class='ocr_carea' id='block_1_3' title="bbox 3556 393 3676 454">
    <p class='ocr_par' dir='ltr' id='par_1_3' title="bbox 3556 393 3676 454">
     <span class='ocr_line' id='line_1_3' title="bbox 3556 393 3676 454; baseline 0.025 -3"><span class='ocrx_word' id='word_1_8' title='bbox 3556 393 3676 454; x_wconf 82' lang='grc'>578</span> 
     </span>
    </p>
   </div>
   <div class='ocr_carea' id='block_1_4' title="bbox 249 510 1951 595">
    <p class='ocr_par' dir='ltr' id='par_1_4' title="bbox 249 510 1951 594">
     <span class='ocr_line' id='line_1_4' title="bbox 249 510 1951 594; baseline -0.005 -18"><span class='ocrx_word' id='word_1_9' title='bbox 249 518 542 591; x_wconf 78' lang='grc' dir='ltr'>ἐκκλησίᾳ·</span> <span class='ocrx_word' id='word_1_10' title='bbox 604 516 896 574; x_wconf 82' lang='grc' dir='ltr'>’Δκούσατέ</span> <span class='ocrx_word' id='word_1_11' title='bbox 951 537 1078 589; x_wconf 90' lang='grc' dir='ltr'>μου,</span> <span class='ocrx_word' id='word_1_12' title='bbox 1133 514 1258 594; x_wconf 79' lang='grc' dir='ltr'>ἔφη,</span> <span class='ocrx_word' id='word_1_13' title='bbox 1320 517 1478 571; x_wconf 83' lang='grc' dir='ltr'>τέκνα</span> <span class='ocrx_word' id='word_1_14' title='bbox 1524 512 1614 570; x_wconf 81' lang='grc' dir='ltr'>καὶ</span> <span class='ocrx_word' id='word_1_15' title='bbox 1664 510 1951 591; x_wconf 26' lang='grc' dir='ltr'>ἀδελφοίοη</span> 
     </span>
    </p>
   </div>
   <div class='ocr_carea' id='block_1_5' title="bbox 2063 510 3679 595">
    <p class='ocr_par' dir='ltr' id='par_1_5' title="bbox 2066 513 3679 595">
     <span class='ocr_line' id='line_1_5' title="bbox 2066 513 3679 595; baseline 0.009 -26"><span class='ocrx_word' id='word_1_16' title='bbox 2066 513 2198 572; x_wconf 89' lang='lat' dir='ltr'>ione</span> <span class='ocrx_word' id='word_1_17' title='bbox 2226 522 2281 574; x_wconf 89' lang='lat' dir='ltr'>et</span> <span class='ocrx_word' id='word_1_18' title='bbox 2310 520 2555 577; x_wconf 83' lang='lat' dir='ltr'>ecclesia</span> <span class='ocrx_word' id='word_1_19' title='bbox 2585 538 2598 575; x_wconf 87' lang='lat'><strong>:</strong></span> <span class='ocrx_word' id='word_1_20' title='bbox 2633 522 2846 578; x_wconf 81' lang='lat' dir='ltr'>Audite</span> <span class='ocrx_word' id='word_1_21' title='bbox 2877 523 3320 595; x_wconf 79' lang='lat' dir='ltr'>me,inquit,{ilii</span> <span class='ocrx_word' id='word_1_22' title='bbox 3351 530 3408 581; x_wconf 89' lang='lat' dir='ltr'>et</span> <span class='ocrx_word' id='word_1_23' title='bbox 3438 524 3679 584; x_wconf 80' lang='lat' dir='ltr'>fratres:</span> 
     </span>
    </p>
   </div>
   <div class='ocr_carea' id='block_1_6' title="bbox 248 602 1923 683">
    <p class='ocr_par' dir='ltr' id='par_1_6' title="bbox 248 602 1923 683">
     <span class='ocr_line' id='line_1_6' title="bbox 248 602 1923 683; baseline -0.005 -18"><span class='ocrx_word' id='word_1_24' title='bbox 248 614 356 665; x_wconf 80' lang='grc' dir='ltr'>τοῦ</span> <span class='ocrx_word' id='word_1_25' title='bbox 391 610 486 683; x_wconf 77' lang='grc' dir='ltr'>μὶν</span> <span class='ocrx_word' id='word_1_26' title='bbox 520 607 656 680; x_wconf 77' lang='grc' dir='ltr'>ἐμοῦ</span> <span class='ocrx_word' id='word_1_27' title='bbox 686 605 901 682; x_wconf 80' lang='grc' dir='ltr'>δρόμου</span> <span class='ocrx_word' id='word_1_28' title='bbox 949 606 1013 660; x_wconf 89' lang='grc' dir='ltr'>τὸ</span> <span class='ocrx_word' id='word_1_29' title='bbox 1058 603 1219 667; x_wconf 91' lang='grc' dir='ltr'>τέλος</span> <span class='ocrx_word' id='word_1_30' title='bbox 1271 602 1443 681; x_wconf 85' lang='grc' dir='ltr'>ἐγγύς·</span> <span class='ocrx_word' id='word_1_31' title='bbox 1492 606 1656 659; x_wconf 78' lang='grc' dir='ltr'>τοῦτο</span> <span class='ocrx_word' id='word_1_32' title='bbox 1700 602 1804 678; x_wconf 79' lang='grc' dir='ltr'>γὰρ</span> <span class='ocrx_word' id='word_1_33' title='bbox 1832 602 1923 657; x_wconf 83' lang='grc' dir='ltr'>καὶ</span> 
     </span>
    </p>
   </div>
   <div class='ocr_carea' id='block_1_7' title="bbox 248 689 1925 772">
    <p class='ocr_par' dir='ltr' id='par_1_7' title="bbox 248 689 1925 772">
     <span class='ocr_line' id='line_1_7' title="bbox 248 689 1925 772; baseline -0.005 -19"><span class='ocrx_word' id='word_1_34' title='bbox 248 696 371 769; x_wconf 70' lang='grc' dir='ltr'>ἤδη</span> <span class='ocrx_word' id='word_1_35' title='bbox 439 718 534 772; x_wconf 91' lang='grc' dir='ltr'>μοι</span> <span class='ocrx_word' id='word_1_36' title='bbox 584 695 866 771; x_wconf 78' lang='grc' dir='ltr'>ἔγνωσται·</span> <span class='ocrx_word' id='word_1_37' title='bbox 926 692 1221 767; x_wconf 80' lang='grc' dir='ltr'>Κλήμεντα</span> <span class='ocrx_word' id='word_1_38' title='bbox 1278 689 1336 748; x_wconf 74' lang='grc' dir='ltr'>δὲ</span> <span class='ocrx_word' id='word_1_39' title='bbox 1394 689 1585 748; x_wconf 71' lang='grc' dir='ltr'>τούτον</span> <span class='ocrx_word' id='word_1_40' title='bbox 1630 690 1925 746; x_wconf 86' lang='grc' dir='ltr'>ἐπίσκοπον</span> 
     </span>
    </p>
   </div>
   <div class='ocr_carea' id='block_1_8' title="bbox 258 779 1926 861">
    <p class='ocr_par' dir='ltr' id='par_1_8' title="bbox 258 779 1926 861">
     <span class='ocr_line' id='line_1_8' title="bbox 258 779 1926 861; baseline -0.006 -19"><span class='ocrx_word' id='word_1_41' title='bbox 258 788 402 860; x_wconf 80' lang='grc' dir='ltr'>ὑμῖν</span> <span class='ocrx_word' id='word_1_42' title='bbox 431 788 733 861; x_wconf 86' lang='grc' dir='ltr'>χειροτονῶ</span> <span class='ocrx_word' id='word_1_43' title='bbox 760 784 1024 858; x_wconf 73' lang='grc' dir='ltr'>σήμερον,</span> <span class='ocrx_word' id='word_1_44' title='bbox 1055 782 1102 854; x_wconf 82' lang='grc' dir='ltr'>ᾧ</span> <span class='ocrx_word' id='word_1_45' title='bbox 1129 780 1219 835; x_wconf 83' lang='grc' dir='ltr'>καὶ</span> <span class='ocrx_word' id='word_1_46' title='bbox 1266 782 1365 850; x_wconf 80' lang='grc' dir='ltr'>τήν</span> <span class='ocrx_word' id='word_1_47' title='bbox 1418 779 1555 853; x_wconf 80' lang='grc' dir='ltr'>ἐμὴν</span> <span class='ocrx_word' id='word_1_48' title='bbox 1585 784 1693 836; x_wconf 88' lang='grc' dir='ltr'>τῶν</span> <span class='ocrx_word' id='word_1_49' title='bbox 1742 779 1926 855; x_wconf 86' lang='grc' dir='ltr'>λόγων</span> 
     </span>
    </p>
   </div>
   <div class='ocr_carea' id='block_1_9' title="bbox 255 868 1931 949">
    <p class='ocr_par' dir='ltr' id='par_1_9' title="bbox 255 868 1931 949">
     <span class='ocr_line' id='line_1_9' title="bbox 255 868 1931 949; baseline -0.005 -18"><span class='ocrx_word' id='word_1_50' title='bbox 255 874 558 931; x_wconf 86' lang='grc' dir='ltr'>ἐπίστευσα</span> <span class='ocrx_word' id='word_1_51' title='bbox 588 876 659 931; x_wconf 82' lang='grc'>¹.³</span> <span class='ocrx_word' id='word_1_52' title='bbox 686 868 971 949; x_wconf 87' lang='grc' dir='ltr'>καθέδραν,</span> <span class='ocrx_word' id='word_1_53' title='bbox 1003 870 1077 933; x_wconf 85' lang='grc' dir='ltr'>ὡς</span> <span class='ocrx_word' id='word_1_54' title='bbox 1108 870 1364 946; x_wconf 80' lang='grc' dir='ltr'>ἀπαρχῆς</span> <span class='ocrx_word' id='word_1_55' title='bbox 1399 891 1495 943; x_wconf 92' lang='grc' dir='ltr'>μοι</span> <span class='ocrx_word' id='word_1_56' title='bbox 1524 869 1613 925; x_wconf 85' lang='grc' dir='ltr'>καὶ</span> <span class='ocrx_word' id='word_1_57' title='bbox 1650 868 1818 945; x_wconf 88' lang='grc' dir='ltr'>μέχρι</span> <span class='ocrx_word' id='word_1_58' title='bbox 1838 873 1931 923; x_wconf 78' lang='grc' dir='ltr'>νῦν</span> 
     </span>
    </p>
   </div>
   <div class='ocr_carea' id='block_1_10' title="bbox 258 956 1928 1033">
    <p class='ocr_par' dir='ltr' id='par_1_10' title="bbox 258 956 1928 1033">
     <span class='ocr_line' id='line_1_10' title="bbox 258 956 1928 1033; baseline -0.005 -13"><span class='ocrx_word' id='word_1_59' title='bbox 258 961 663 1020; x_wconf 88' lang='grc' dir='ltr'>συνοδεύσαντα</span> <span class='ocrx_word' id='word_1_60' title='bbox 696 1006 711 1032; x_wconf 90' lang='grc'>,</span> <span class='ocrx_word' id='word_1_61' title='bbox 767 960 858 1015; x_wconf 82' lang='grc' dir='ltr'>καὶ</span> <span class='ocrx_word' id='word_1_62' title='bbox 917 958 1061 1015; x_wconf 71' lang='grc' dir='ltr'>οὕτω</span> <span class='ocrx_word' id='word_1_63' title='bbox 1108 963 1292 1015; x_wconf 80' lang='grc' dir='ltr'>πασῶν</span> <span class='ocrx_word' id='word_1_64' title='bbox 1365 980 1470 1033; x_wconf 90' lang='grc' dir='ltr'>μου</span> <span class='ocrx_word' id='word_1_65' title='bbox 1526 962 1634 1013; x_wconf 88' lang='grc' dir='ltr'>τῶν</span> <span class='ocrx_word' id='word_1_66' title='bbox 1692 956 1928 1031; x_wconf 81' lang='grc' dir='ltr'>ὁμιλιῶν</span> 
     </span>
    </p>
   </div>
   <div class='ocr_carea' id='block_1_11' title="bbox 265 1048 1932 1124">
    <p class='ocr_par' dir='ltr' id='par_1_11' title="bbox 265 1048 1932 1124">
     <span class='ocr_line' id='line_1_11' title="bbox 265 1048 1932 1124; baseline -0.005 -15"><span class='ocrx_word' id='word_1_67' title='bbox 265 1051 662 1124; x_wconf 86' lang='grc' dir='ltr'>ἐπακούσαντα,</span> <span class='ocrx_word' id='word_1_68' title='bbox 714 1050 775 1113; x_wconf 80' lang='grc' dir='ltr'>ὃς</span> <span class='ocrx_word' id='word_1_69' title='bbox 824 1048 877 1105; x_wconf 88' lang='grc' dir='ltr'>ἐν</span> <span class='ocrx_word' id='word_1_70' title='bbox 927 1048 1057 1104; x_wconf 86' lang='grc' dir='ltr'>πᾶσί</span> <span class='ocrx_word' id='word_1_71' title='bbox 1107 1069 1200 1123; x_wconf 88' lang='grc' dir='ltr'>μοι</span> <span class='ocrx_word' id='word_1_72' title='bbox 1230 1052 1336 1105; x_wconf 89' lang='grc' dir='ltr'>τῶν</span> <span class='ocrx_word' id='word_1_73' title='bbox 1387 1051 1707 1123; x_wconf 76' lang='grc' dir='ltr'>πειρασμῶν</span> <span class='ocrx_word' id='word_1_74' title='bbox 1738 1068 1932 1103; x_wconf 87' lang='grc' dir='ltr'>κοινω-</span> 
     </span>
    </p>
   </div>
   <div class='ocr_carea' id='block_1_12' title="bbox 261 1134 1932 1215">
    <p class='ocr_par' dir='ltr' id='par_1_12' title="bbox 261 1134 1932 1215">
     <span class='ocr_line' id='line_1_12' title="bbox 261 1134 1932 1215; baseline -0.005 -16"><span class='ocrx_word' id='word_1_75' title='bbox 261 1146 468 1215; x_wconf 78' lang='grc' dir='ltr'>νήσας,</span> <span class='ocrx_word' id='word_1_76' title='bbox 522 1143 593 1215; x_wconf 76' lang='grc' dir='ltr'>τῇ</span> <span class='ocrx_word' id='word_1_77' title='bbox 666 1138 847 1195; x_wconf 78' lang='grc' dir='ltr'>πίστει</span> <span class='ocrx_word' id='word_1_78' title='bbox 924 1142 1339 1215; x_wconf 80' lang='grc' dir='ltr'>προσκαρτερῶν</span> <span class='ocrx_word' id='word_1_79' title='bbox 1398 1136 1591 1208; x_wconf 83' lang='grc' dir='ltr'>εύρέθη</span> <span class='ocrx_word' id='word_1_80' title='bbox 1631 1158 1646 1173; x_wconf 87' lang='grc'><strong>·</strong></span> <span class='ocrx_word' id='word_1_81' title='bbox 1705 1136 1764 1191; x_wconf 80' lang='grc' dir='ltr'>’ὸν</span> <span class='ocrx_word' id='word_1_82' title='bbox 1822 1134 1932 1211; x_wconf 82' lang='grc' dir='ltr'>ἐγὼ</span> 
     </span>
    </p>
   </div>
   <div class='ocr_carea' id='block_1_13' title="bbox 265 1220 1930 1308">
    <p class='ocr_par' dir='ltr' id='par_1_13' title="bbox 265 1220 1930 1308">
     <span class='ocr_line' id='line_1_13' title="bbox 265 1220 1930 1308; baseline -0.005 -21"><span class='ocrx_word' id='word_1_83' title='bbox 265 1226 632 1308; x_wconf 83' lang='grc' dir='ltr'>ἀκριϐέστατα</span> <span class='ocrx_word' id='word_1_84' title='bbox 675 1227 889 1283; x_wconf 79' lang='grc' dir='ltr'>πάντων</span> <span class='ocrx_word' id='word_1_85' title='bbox 941 1224 1063 1281; x_wconf 86' lang='grc' dir='ltr'>οἴδα</span> <span class='ocrx_word' id='word_1_86' title='bbox 1111 1220 1339 1295; x_wconf 79' lang='grc' dir='ltr'>θεοσεϐῆ</span> <span class='ocrx_word' id='word_1_87' title='bbox 1382 1226 1473 1281; x_wconf 82' lang='grc' dir='ltr'>καὶ</span> <span class='ocrx_word' id='word_1_88' title='bbox 1517 1224 1930 1304; x_wconf 79' lang='grc' dir='ltr'>φιλάνθρωπον,</span> 
     </span>
    </p>
   </div>
   <div class='ocr_carea' id='block_1_14' title="bbox 268 1312 1931 1397">
    <p class='ocr_par' dir='ltr' id='par_1_14' title="bbox 268 1312 1931 1397">
     <span class='ocr_line' id='line_1_14' title="bbox 268 1312 1931 1397; baseline -0.005 -21"><span class='ocrx_word' id='word_1_89' title='bbox 268 1319 435 1397; x_wconf 79' lang='grc' dir='ltr'>ἁγνόν</span> <span class='ocrx_word' id='word_1_90' title='bbox 481 1339 542 1375; x_wconf 88' lang='grc' dir='ltr'>τε</span> <span class='ocrx_word' id='word_1_91' title='bbox 586 1316 676 1374; x_wconf 83' lang='grc' dir='ltr'>καί</span> <span class='ocrx_word' id='word_1_92' title='bbox 725 1318 998 1395; x_wconf 80' lang='grc' dir='ltr'>σώφρονα,</span> <span class='ocrx_word' id='word_1_93' title='bbox 1031 1315 1252 1391; x_wconf 89' lang='grc' dir='ltr'>ἀγαθὸν,</span> <span class='ocrx_word' id='word_1_94' title='bbox 1286 1312 1520 1385; x_wconf 87' lang='grc' dir='ltr'>δίκαιον,</span> <span class='ocrx_word' id='word_1_95' title='bbox 1557 1314 1931 1392; x_wconf 81' lang='grc' dir='ltr'>μακρόθυμον,</span> 
     </span>
    </p>
   </div>
   <div class='ocr_carea' id='block_1_15' title="bbox 262 1402 1934 1485">
    <p class='ocr_par' dir='ltr' id='par_1_15' title="bbox 262 1402 1934 1485">
     <span class='ocr_line' id='line_1_15' title="bbox 262 1402 1934 1485; baseline -0.005 -19"><span class='ocrx_word' id='word_1_96' title='bbox 262 1411 357 1466; x_wconf 74' lang='grc' dir='ltr'>καὶ</span> <span class='ocrx_word' id='word_1_97' title='bbox 390 1406 654 1485; x_wconf 82' lang='grc' dir='ltr'>γενναίως</span> <span class='ocrx_word' id='word_1_98' title='bbox 705 1403 888 1461; x_wconf 80' lang='grc' dir='ltr'>εἰδότα</span> <span class='ocrx_word' id='word_1_99' title='bbox 943 1404 1121 1483; x_wconf 80' lang='grc' dir='ltr'>φέρειν</span> <span class='ocrx_word' id='word_1_100' title='bbox 1172 1405 1269 1467; x_wconf 78' lang='grc' dir='ltr'>τὰς</span> <span class='ocrx_word' id='word_1_101' title='bbox 1317 1402 1470 1460; x_wconf 87' lang='grc' dir='ltr'>ἐνίων</span> <span class='ocrx_word' id='word_1_102' title='bbox 1500 1408 1610 1459; x_wconf 90' lang='grc' dir='ltr'>τῶν</span> <span class='ocrx_word' id='word_1_103' title='bbox 1656 1423 1934 1479; x_wconf 78' lang='grc' dir='ltr'>κατηχού-</span> 
     </span>
    </p>
   </div>
   <div class='ocr_carea' id='block_1_16' title="bbox 267 1490 1931 1574">
    <p class='ocr_par' dir='ltr' id='par_1_16' title="bbox 267 1490 1931 1574">
     <span class='ocr_line' id='line_1_16' title="bbox 267 1490 1931 1574; baseline -0.004 -21"><span class='ocrx_word' id='word_1_104' title='bbox 267 1498 453 1574; x_wconf 83' lang='grc' dir='ltr'>μένων</span> <span class='ocrx_word' id='word_1_105' title='bbox 487 1494 828 1573; x_wconf 85' lang='grc' dir='ltr'>ἀχαριστίας.</span> <span class='ocrx_word' id='word_1_106' title='bbox 861 1491 955 1549; x_wconf 82' lang='grc' dir='ltr'>Διὸ</span> <span class='ocrx_word' id='word_1_107' title='bbox 1003 1493 1149 1566; x_wconf 85' lang='grc' dir='ltr'>αύτῷ</span> <span class='ocrx_word' id='word_1_108' title='bbox 1194 1490 1530 1567; x_wconf 87' lang='grc' dir='ltr'>μεταδίδωμι</span> <span class='ocrx_word' id='word_1_109' title='bbox 1561 1493 1660 1562; x_wconf 79' lang='grc' dir='ltr'>τῆς</span> <span class='ocrx_word' id='word_1_110' title='bbox 1692 1492 1931 1563; x_wconf 84' lang='grc' dir='ltr'>ἐξουσίας</span> 
     </span>
    </p>
   </div>
   <div class='ocr_carea' id='block_1_17' title="bbox 261 1578 1929 1659">
    <p class='ocr_par' dir='ltr' id='par_1_17' title="bbox 261 1578 1929 1659">
     <span class='ocr_line' id='line_1_17' title="bbox 261 1578 1929 1659; baseline -0.005 -16"><span class='ocrx_word' id='word_1_111' title='bbox 261 1592 368 1644; x_wconf 71' lang='grc' dir='ltr'>τοῦ</span> <span class='ocrx_word' id='word_1_112' title='bbox 403 1585 618 1659; x_wconf 79' lang='grc' dir='ltr'>δεσμεῖν</span> <span class='ocrx_word' id='word_1_113' title='bbox 647 1606 706 1640; x_wconf 86' lang='grc' dir='ltr'>τε</span> <span class='ocrx_word' id='word_1_114' title='bbox 734 1583 823 1639; x_wconf 83' lang='grc' dir='ltr'>καὶ</span> <span class='ocrx_word' id='word_1_115' title='bbox 856 1582 1026 1640; x_wconf 90' lang='grc' dir='ltr'>λύειν.</span> <span class='ocrx_word' id='word_1_116' title='bbox 1062 1583 1223 1653; x_wconf 71' lang='grc' dir='ltr'>Δήσει</span> <span class='ocrx_word' id='word_1_117' title='bbox 1256 1583 1360 1657; x_wconf 80' lang='grc' dir='ltr'>γὰρ</span> <span class='ocrx_word' id='word_1_118' title='bbox 1391 1582 1421 1637; x_wconf 79' lang='grc' dir='ltr'>’ὀ</span> <span class='ocrx_word' id='word_1_119' title='bbox 1452 1578 1535 1637; x_wconf 87' lang='grc' dir='ltr'>δεῖ</span> <span class='ocrx_word' id='word_1_120' title='bbox 1571 1579 1811 1653; x_wconf 82' lang='grc' dir='ltr'>δεθῆναι,</span> <span class='ocrx_word' id='word_1_121' title='bbox 1838 1580 1929 1636; x_wconf 71' lang='grc' dir='ltr'>καὶ</span> 
     </span>
    </p>
   </div>
   <div class='ocr_carea' id='block_1_18' title="bbox 265 1667 1928 1741">
    <p class='ocr_par' dir='ltr' id='par_1_18' title="bbox 265 1667 1928 1741">
     <span class='ocr_line' id='line_1_18' title="bbox 265 1667 1928 1741; baseline -0.005 -9"><span class='ocrx_word' id='word_1_122' title='bbox 265 1676 426 1733; x_wconf 80' lang='grc' dir='ltr'>λύσει</span> <span class='ocrx_word' id='word_1_123' title='bbox 459 1677 677 1736; x_wconf 77' lang='grc' dir='ltr'>πάντως</span> <span class='ocrx_word' id='word_1_124' title='bbox 708 1674 737 1728; x_wconf 81' lang='grc' dir='ltr'>ὸ</span> <span class='ocrx_word' id='word_1_125' title='bbox 781 1670 864 1728; x_wconf 90' lang='grc' dir='ltr'>δεῖ</span> <span class='ocrx_word' id='word_1_126' title='bbox 897 1673 1147 1741; x_wconf 79' lang='grc' dir='ltr'>λυθῆναι,</span> <span class='ocrx_word' id='word_1_127' title='bbox 1197 1670 1273 1733; x_wconf 82' lang='grc' dir='ltr'>ὡς</span> <span class='ocrx_word' id='word_1_128' title='bbox 1312 1670 1404 1725; x_wconf 89' lang='grc' dir='ltr'>τὸν</span> <span class='ocrx_word' id='word_1_129' title='bbox 1453 1672 1551 1739; x_wconf 74' lang='grc' dir='ltr'>τῆς</span> <span class='ocrx_word' id='word_1_130' title='bbox 1599 1667 1928 1739; x_wconf 88' lang='grc' dir='ltr'>Ἐκκλησίας</span> 
     </span>
    </p>
   </div>
   <div class='ocr_carea' id='block_1_19' title="bbox 262 1754 1925 1829">
    <p class='ocr_par' dir='ltr' id='par_1_19' title="bbox 262 1754 1925 1829">
     <span class='ocr_line' id='line_1_19' title="bbox 262 1754 1925 1829; baseline -0.005 -8"><span class='ocrx_word' id='word_1_131' title='bbox 262 1765 474 1821; x_wconf 79' lang='grc' dir='ltr'>κανόνα</span> <span class='ocrx_word' id='word_1_132' title='bbox 528 1762 712 1823; x_wconf 83' lang='grc' dir='ltr'>καλῶς</span> <span class='ocrx_word' id='word_1_133' title='bbox 772 1758 953 1823; x_wconf 81' lang='grc' dir='ltr'>εἰδώς.</span> <span class='ocrx_word' id='word_1_134' title='bbox 1012 1757 1189 1816; x_wconf 78' lang='grc' dir='ltr'>Δύτοῦ</span> <span class='ocrx_word' id='word_1_135' title='bbox 1249 1757 1341 1815; x_wconf 80' lang='grc' dir='ltr'>οὖν</span> <span class='ocrx_word' id='word_1_136' title='bbox 1392 1759 1673 1829; x_wconf 86' lang='grc' dir='ltr'>ἀκυύσατε,</span> <span class='ocrx_word' id='word_1_137' title='bbox 1723 1754 1925 1822; x_wconf 72' lang='grc' dir='ltr'>εἰδότες</span> 
     </span>
    </p>
   </div>
   <div class='ocr_carea' id='block_1_20' title="bbox 2038 608 3681 689">
    <p class='ocr_par' dir='ltr' id='par_1_20' title="bbox 2038 608 3681 689">
     <span class='ocr_line' id='line_1_20' title="bbox 2038 608 3681 689; baseline 0.008 -28"><span class='ocrx_word' id='word_1_138' title='bbox 2038 621 2247 663; x_wconf 82' lang='lat' dir='ltr'>cursus</span> <span class='ocrx_word' id='word_1_139' title='bbox 2278 608 2515 681; x_wconf 87' lang='lat' dir='ltr'>quidem</span> <span class='ocrx_word' id='word_1_140' title='bbox 2547 610 2661 665; x_wconf 90' lang='lat' dir='ltr'>mei</span> <span class='ocrx_word' id='word_1_141' title='bbox 2694 611 2826 666; x_wconf 83' lang='lat' dir='ltr'>ﬁnis</span> <span class='ocrx_word' id='word_1_142' title='bbox 2859 628 3034 683; x_wconf 86' lang='lat' dir='ltr'>prepe</span> <span class='ocrx_word' id='word_1_143' title='bbox 3063 616 3265 669; x_wconf 87' lang='lat' dir='ltr'>esL:Id</span> <span class='ocrx_word' id='word_1_144' title='bbox 3298 615 3452 671; x_wconf 87' lang='lat' dir='ltr'>enim</span> <span class='ocrx_word' id='word_1_145' title='bbox 3484 619 3681 689; x_wconf 87' lang='lat' dir='ltr'>etjam</span> 
     </span>
    </p>
   </div>
   <div class='ocr_carea' id='block_1_21' title="bbox 2039 693 3681 780">
    <p class='ocr_par' dir='ltr' id='par_1_21' title="bbox 2039 693 3681 780">
     <span class='ocr_line' id='line_1_21' title="bbox 2039 693 3681 780; baseline 0.009 -31"><span class='ocrx_word' id='word_1_146' title='bbox 2039 693 2183 749; x_wconf 90' lang='lat' dir='ltr'>mihi</span> <span class='ocrx_word' id='word_1_147' title='bbox 2215 700 2304 751; x_wconf 90' lang='lat' dir='ltr'>est</span> <span class='ocrx_word' id='word_1_148' title='bbox 2340 698 2638 770; x_wconf 88' lang='lat' dir='ltr'>cognitum</span> <span class='ocrx_word' id='word_1_149' title='bbox 2672 716 2685 754; x_wconf 89' lang='lat'>:</span> <span class='ocrx_word' id='word_1_150' title='bbox 2720 698 3072 756; x_wconf 78' lang='lat' dir='ltr'>Clementem</span> <span class='ocrx_word' id='word_1_151' title='bbox 3104 706 3299 758; x_wconf 84' lang='lat' dir='ltr'>autem</span> <span class='ocrx_word' id='word_1_152' title='bbox 3350 704 3525 778; x_wconf 89' lang='lat' dir='ltr'>hunc,</span> <span class='ocrx_word' id='word_1_153' title='bbox 3559 708 3681 780; x_wconf 91' lang='lat' dir='ltr'>epi-</span> 
     </span>
    </p>
   </div>
   <div class='ocr_carea' id='block_1_22' title="bbox 2038 786 3682 855">
    <p class='ocr_par' dir='ltr' id='par_1_22' title="bbox 2038 786 3682 855">
     <span class='ocr_line' id='line_1_22' title="bbox 2038 786 3682 855; baseline 0.009 -18"><span class='ocrx_word' id='word_1_154' title='bbox 2038 798 2282 855; x_wconf 80' lang='lat' dir='ltr'>scopum</span> <span class='ocrx_word' id='word_1_155' title='bbox 2315 786 2476 841; x_wconf 84' lang='lat' dir='ltr'>vobis</span> <span class='ocrx_word' id='word_1_156' title='bbox 2492 786 2664 842; x_wconf 87' lang='lat' dir='ltr'>hodie</span> <span class='ocrx_word' id='word_1_157' title='bbox 2692 787 2917 854; x_wconf 85' lang='lat' dir='ltr'>ordino;</span> <span class='ocrx_word' id='word_1_158' title='bbox 2933 788 3024 843; x_wconf 91' lang='lat' dir='ltr'>cui</span> <span class='ocrx_word' id='word_1_159' title='bbox 3057 793 3114 844; x_wconf 90' lang='lat' dir='ltr'>et</span> <span class='ocrx_word' id='word_1_160' title='bbox 3134 807 3321 848; x_wconf 83' lang='lat' dir='ltr'>meam</span> <span class='ocrx_word' id='word_1_161' title='bbox 3342 810 3682 853; x_wconf 85' lang='lat' dir='ltr'>sermonum</span> 
     </span>
    </p>
   </div>
   <div class='ocr_carea' id='block_1_23' title="bbox 2040 872 3682 954">
    <p class='ocr_par' dir='ltr' id='par_1_23' title="bbox 2040 872 3682 954">
     <span class='ocr_line' id='line_1_23' title="bbox 2040 872 3682 954; baseline 0.007 -27"><span class='ocrx_word' id='word_1_162' title='bbox 2040 872 2379 929; x_wconf 89' lang='lat' dir='ltr'>cathedram</span> <span class='ocrx_word' id='word_1_163' title='bbox 2433 875 2604 929; x_wconf 91' lang='lat' dir='ltr'>credo</span> <span class='ocrx_word' id='word_1_164' title='bbox 2647 891 2661 942; x_wconf 88' lang='lat'>;</span> <span class='ocrx_word' id='word_1_165' title='bbox 2712 875 2990 945; x_wconf 91' lang='lat' dir='ltr'>quoniam</span> <span class='ocrx_word' id='word_1_166' title='bbox 3038 877 3111 932; x_wconf 92' lang='lat' dir='ltr'>ab</span> <span class='ocrx_word' id='word_1_167' title='bbox 3160 877 3328 934; x_wconf 91' lang='lat' dir='ltr'>initio</span> <span class='ocrx_word' id='word_1_168' title='bbox 3377 880 3682 954; x_wconf 86' lang='lat' dir='ltr'>hucusque</span> 
     </span>
    </p>
   </div>
   <div class='ocr_carea' id='block_1_24' title="bbox 2040 961 3687 1034">
    <p class='ocr_par' dir='ltr' id='par_1_24' title="bbox 2040 961 3687 1034">
     <span class='ocr_line' id='line_1_24' title="bbox 2040 961 3687 1034; baseline 0.007 -17"><span class='ocrx_word' id='word_1_169' title='bbox 2040 977 2237 1017; x_wconf 90' lang='lat' dir='ltr'>comes</span> <span class='ocrx_word' id='word_1_170' title='bbox 2284 962 2428 1017; x_wconf 92' lang='lat' dir='ltr'>mihi</span> <span class='ocrx_word' id='word_1_171' title='bbox 2461 962 2588 1028; x_wconf 83' lang='lat' dir='ltr'>fuit,</span> <span class='ocrx_word' id='word_1_172' title='bbox 2622 961 2816 1034; x_wconf 87' lang='lat' dir='ltr'>sicque</span> <span class='ocrx_word' id='word_1_173' title='bbox 2869 980 3073 1021; x_wconf 91' lang='lat' dir='ltr'>omnes</span> <span class='ocrx_word' id='word_1_174' title='bbox 3111 967 3333 1022; x_wconf 81' lang='lat' dir='ltr'>audivit</span> <span class='ocrx_word' id='word_1_175' title='bbox 3376 972 3687 1029; x_wconf 86' lang='lat' dir='ltr'>conciones</span> 
     </span>
    </p>
   </div>
   <div class='ocr_carea' id='block_1_25' title="bbox 2042 1050 3695 1126">
    <p class='ocr_par' dir='ltr' id='par_1_25' title="bbox 2042 1050 3695 1126">
     <span class='ocr_line' id='line_1_25' title="bbox 2042 1050 3695 1126; baseline 0.008 -22"><span class='ocrx_word' id='word_1_176' title='bbox 2042 1066 2242 1119; x_wconf 89' lang='lat' dir='ltr'>meas;</span> <span class='ocrx_word' id='word_1_177' title='bbox 2278 1050 2374 1122; x_wconf 92' lang='lat' dir='ltr'>qui</span> <span class='ocrx_word' id='word_1_178' title='bbox 2424 1051 2483 1106; x_wconf 92' lang='lat' dir='ltr'>in</span> <span class='ocrx_word' id='word_1_179' title='bbox 2534 1051 2810 1107; x_wconf 89' lang='lat' dir='ltr'>omnibus</span> <span class='ocrx_word' id='word_1_180' title='bbox 2858 1054 3150 1126; x_wconf 84' lang='lat' dir='ltr'>particeps</span> <span class='ocrx_word' id='word_1_181' title='bbox 3197 1058 3587 1116; x_wconf 88' lang='lat' dir='ltr'>tentationum</span> <span class='ocrx_word' id='word_1_182' title='bbox 3636 1064 3695 1118; x_wconf 83' lang='lat' dir='ltr'>et</span> 
     </span>
    </p>
   </div>
   <div class='ocr_carea' id='block_1_26' title="bbox 2043 1138 3695 1219">
    <p class='ocr_par' dir='ltr' id='par_1_26' title="bbox 2043 1138 3695 1219">
     <span class='ocr_line' id='line_1_26' title="bbox 2043 1138 3695 1219; baseline 0.008 -24"><span class='ocrx_word' id='word_1_183' title='bbox 2043 1138 2537 1212; x_wconf 89' lang='lat' dir='ltr'>periclitationum</span> <span class='ocrx_word' id='word_1_184' title='bbox 2573 1156 2838 1196; x_wconf 88' lang='lat' dir='ltr'>mearum</span> <span class='ocrx_word' id='word_1_185' title='bbox 2872 1142 3146 1209; x_wconf 86' lang='lat' dir='ltr'>factus,in</span> <span class='ocrx_word' id='word_1_186' title='bbox 3182 1144 3296 1201; x_wconf 86' lang='lat' dir='ltr'>fide</span> <span class='ocrx_word' id='word_1_187' title='bbox 3325 1164 3695 1219; x_wconf 85' lang='lat' dir='ltr'>perseverare</span> 
     </span>
    </p>
   </div>
   <div class='ocr_carea' id='block_1_27' title="bbox 2042 1229 3692 1302">
    <p class='ocr_par' dir='ltr' id='par_1_27' title="bbox 2042 1229 3692 1302">
     <span class='ocr_line' id='line_1_27' title="bbox 2042 1229 3692 1302; baseline 0.007 -18"><span class='ocrx_word' id='word_1_188' title='bbox 2042 1229 2315 1285; x_wconf 90' lang='lat' dir='ltr'>inventus</span> <span class='ocrx_word' id='word_1_189' title='bbox 2344 1233 2471 1299; x_wconf 91' lang='lat' dir='ltr'>est;</span> <span class='ocrx_word' id='word_1_190' title='bbox 2505 1245 2682 1301; x_wconf 87' lang='lat' dir='ltr'>quem</span> <span class='ocrx_word' id='word_1_191' title='bbox 2732 1247 2837 1302; x_wconf 85' lang='lat' dir='ltr'>ego</span> <span class='ocrx_word' id='word_1_192' title='bbox 2867 1232 3133 1288; x_wconf 89' lang='lat' dir='ltr'>omnium</span> <span class='ocrx_word' id='word_1_193' title='bbox 3183 1236 3509 1294; x_wconf 88' lang='lat' dir='ltr'>certissime</span> <span class='ocrx_word' id='word_1_194' title='bbox 3558 1241 3692 1296; x_wconf 85' lang='lat' dir='ltr'>novi</span> 
     </span>
    </p>
   </div>
   <div class='ocr_carea' id='block_1_28' title="bbox 2041 1317 3691 1399">
    <p class='ocr_par' dir='ltr' id='par_1_28' title="bbox 2041 1317 3691 1399">
     <span class='ocr_line' id='line_1_28' title="bbox 2041 1317 3691 1399; baseline 0.007 -26"><span class='ocrx_word' id='word_1_195' title='bbox 2041 1333 2170 1374; x_wconf 91' lang='lat' dir='ltr'>esse</span> <span class='ocrx_word' id='word_1_196' title='bbox 2200 1317 2300 1373; x_wconf 92' lang='lat' dir='ltr'>Dei</span> <span class='ocrx_word' id='word_1_197' title='bbox 2329 1317 2637 1385; x_wconf 80' lang='lat' dir='ltr'>cultorem,</span> <span class='ocrx_word' id='word_1_198' title='bbox 2670 1323 2727 1374; x_wconf 89' lang='lat' dir='ltr'>et</span> <span class='ocrx_word' id='word_1_199' title='bbox 2755 1319 3062 1377; x_wconf 86' lang='lat' dir='ltr'>hominum</span> <span class='ocrx_word' id='word_1_200' title='bbox 3094 1329 3409 1394; x_wconf 89' lang='lat' dir='ltr'>amantem,</span> <span class='ocrx_word' id='word_1_201' title='bbox 3435 1331 3691 1399; x_wconf 90' lang='lat' dir='ltr'>castum,</span> 
     </span>
    </p>
   </div>
   <div class='ocr_carea' id='block_1_29' title="bbox 2042 1407 3692 1484">
    <p class='ocr_par' dir='ltr' id='par_1_29' title="bbox 2042 1407 3692 1484">
     <span class='ocr_line' id='line_1_29' title="bbox 2042 1407 3692 1484; baseline 0.008 -23"><span class='ocrx_word' id='word_1_202' title='bbox 2042 1422 2109 1462; x_wconf 89' lang='lat' dir='ltr'>ac</span> <span class='ocrx_word' id='word_1_203' title='bbox 2158 1411 2601 1479; x_wconf 84' lang='lat' dir='ltr'>temperantem,</span> <span class='ocrx_word' id='word_1_204' title='bbox 2651 1407 2894 1473; x_wconf 90' lang='lat' dir='ltr'>bonum,</span> <span class='ocrx_word' id='word_1_205' title='bbox 2939 1409 3194 1480; x_wconf 87' lang='lat' dir='ltr'>justum,</span> <span class='ocrx_word' id='word_1_206' title='bbox 3246 1414 3584 1484; x_wconf 84' lang='lat' dir='ltr'>patientem,</span> <span class='ocrx_word' id='word_1_207' title='bbox 3633 1422 3692 1474; x_wconf 88' lang='lat' dir='ltr'>et</span> 
     </span>
    </p>
   </div>
   <div class='ocr_carea' id='block_1_30' title="bbox 2037 1495 3690 1570">
    <p class='ocr_par' dir='ltr' id='par_1_30' title="bbox 2037 1495 3690 1570">
     <span class='ocr_line' id='line_1_30' title="bbox 2037 1495 3690 1570; baseline 0.007 -19"><span class='ocrx_word' id='word_1_208' title='bbox 2037 1495 2327 1551; x_wconf 89' lang='lat' dir='ltr'>valentem</span> <span class='ocrx_word' id='word_1_209' title='bbox 2382 1496 2608 1552; x_wconf 84' lang='lat' dir='ltr'>fortiter</span> <span class='ocrx_word' id='word_1_210' title='bbox 2637 1496 2783 1553; x_wconf 88' lang='lat' dir='ltr'>ferre</span> <span class='ocrx_word' id='word_1_211' title='bbox 2811 1496 3042 1570; x_wconf 88' lang='lat' dir='ltr'>ingrata</span> <span class='ocrx_word' id='word_1_212' title='bbox 3091 1500 3347 1557; x_wconf 84' lang='lat' dir='ltr'>facinora</span> <span class='ocrx_word' id='word_1_213' title='bbox 3378 1505 3690 1562; x_wconf 90' lang='lat' dir='ltr'>nonnullo-</span> 
     </span>
    </p>
   </div>
   <div class='ocr_carea' id='block_1_31' title="bbox 2038 1584 3692 1657">
    <p class='ocr_par' dir='ltr' id='par_1_31' title="bbox 2038 1584 3692 1657">
     <span class='ocr_line' id='line_1_31' title="bbox 2038 1584 3692 1657; baseline 0.007 -17"><span class='ocrx_word' id='word_1_214' title='bbox 2038 1602 2171 1641; x_wconf 89' lang='lat' dir='ltr'>rum</span> <span class='ocrx_word' id='word_1_215' title='bbox 2219 1584 2321 1657; x_wconf 88' lang='lat' dir='ltr'>qui</span> <span class='ocrx_word' id='word_1_216' title='bbox 2369 1585 2702 1641; x_wconf 87' lang='lat' dir='ltr'>Christiana</span> <span class='ocrx_word' id='word_1_217' title='bbox 2770 1585 3119 1643; x_wconf 87' lang='lat' dir='ltr'>imbuuntur</span> <span class='ocrx_word' id='word_1_218' title='bbox 3167 1590 3450 1647; x_wconf 89' lang='lat' dir='ltr'>doctrina.</span> <span class='ocrx_word' id='word_1_219' title='bbox 3503 1594 3692 1657; x_wconf 87' lang='lat' dir='ltr'>Quare</span> 
     </span>
    </p>
   </div>
   <div class='ocr_carea' id='block_1_32' title="bbox 2036 1673 3697 1756">
    <p class='ocr_par' dir='ltr' id='par_1_32' title="bbox 2036 1673 3697 1756">
     <span class='ocr_line' id='line_1_32' title="bbox 2036 1673 3697 1756; baseline 0.007 -27"><span class='ocrx_word' id='word_1_220' title='bbox 2036 1675 2117 1754; x_wconf 68' lang='lat' dir='ltr'>illi</span> <span class='ocrx_word' id='word_1_221' title='bbox 2154 1675 2322 1731; x_wconf 84' lang='lat' dir='ltr'>trado</span> <span class='ocrx_word' id='word_1_222' title='bbox 2354 1679 2706 1746; x_wconf 89' lang='lat' dir='ltr'>potestatem</span> <span class='ocrx_word' id='word_1_223' title='bbox 2740 1673 2958 1747; x_wconf 89' lang='lat' dir='ltr'>ligandi</span> <span class='ocrx_word' id='word_1_224' title='bbox 2993 1682 3049 1731; x_wconf 90' lang='lat' dir='ltr'>et</span> <span class='ocrx_word' id='word_1_225' title='bbox 3101 1678 3360 1735; x_wconf 75' lang='lat' dir='ltr'>solvendi</span> <span class='ocrx_word' id='word_1_226' title='bbox 3392 1698 3435 1738; x_wconf 77' lang='grc' dir='ltr'>ι.</span> <span class='ocrx_word' id='word_1_227' title='bbox 3470 1682 3697 1756; x_wconf 89' lang='lat' dir='ltr'>Ligabit</span> 
     </span>
    </p>
   </div>
   <div class='ocr_carea' id='block_1_33' title="bbox 2035 1763 3702 1845">
    <p class='ocr_par' dir='ltr' id='par_1_33' title="bbox 2035 1763 3702 1845">
     <span class='ocr_line' id='line_1_33' title="bbox 2035 1763 3702 1845; baseline 0.007 -26"><span class='ocrx_word' id='word_1_228' title='bbox 2035 1765 2193 1828; x_wconf 81' lang='lat' dir='ltr'>enim</span> <span class='ocrx_word' id='word_1_229' title='bbox 2226 1764 2381 1834; x_wconf 92' lang='lat' dir='ltr'>quod</span> <span class='ocrx_word' id='word_1_230' title='bbox 2433 1763 2603 1835; x_wconf 90' lang='lat' dir='ltr'>ligari</span> <span class='ocrx_word' id='word_1_231' title='bbox 2641 1769 2889 1835; x_wconf 89' lang='lat' dir='ltr'>oportet,</span> <span class='ocrx_word' id='word_1_232' title='bbox 2941 1771 2997 1820; x_wconf 91' lang='lat' dir='ltr'>et</span> <span class='ocrx_word' id='word_1_233' title='bbox 3046 1767 3229 1823; x_wconf 89' lang='lat' dir='ltr'>solvet</span> <span class='ocrx_word' id='word_1_234' title='bbox 3256 1770 3495 1828; x_wconf 88' lang='lat' dir='ltr'>omnino</span> <span class='ocrx_word' id='word_1_235' title='bbox 3547 1775 3702 1845; x_wconf 91' lang='lat' dir='ltr'>quod</span> 
     </span>
    </p>
   </div>
   <div class='ocr_carea' id='block_1_34' title="bbox 272 1848 1951 1952">
    <p class='ocr_par' dir='ltr' id='par_1_34' title="bbox 272 1848 1922 1925">
     <span class='ocr_line' id='line_1_34' title="bbox 272 1848 1922 1925; baseline -0.005 -14"><span class='ocrx_word' id='word_1_236' title='bbox 272 1854 360 1912; x_wconf 73' lang='grc' dir='ltr'>ὅτι</span> <span class='ocrx_word' id='word_1_237' title='bbox 394 1855 422 1910; x_wconf 90' lang='lat'>6</span> <span class='ocrx_word' id='word_1_238' title='bbox 450 1854 542 1909; x_wconf 87' lang='grc' dir='ltr'>τὸν</span> <span class='ocrx_word' id='word_1_239' title='bbox 594 1850 850 1922; x_wconf 79' lang='grc' dir='ltr'>ἀληθείας</span> <span class='ocrx_word' id='word_1_240' title='bbox 898 1849 1367 1925; x_wconf 83' lang='grc' dir='ltr'>προκαθεζόμενον</span> <span class='ocrx_word' id='word_1_241' title='bbox 1420 1848 1631 1918; x_wconf 86' lang='grc' dir='ltr'>λυπῶν,</span> <span class='ocrx_word' id='word_1_242' title='bbox 1683 1848 1758 1911; x_wconf 79' lang='grc' dir='ltr'>εἷς</span> <span class='ocrx_word' id='word_1_243' title='bbox 1790 1854 1922 1923; x_wconf 85' lang='grc' dir='ltr'>Χρι-</span> 
     </span>
    </p>
   </div>
   <div class='ocr_carea' id='block_1_35' title="bbox 2063 1848 3708 1952">
    <p class='ocr_par' dir='ltr' id='par_1_35' title="bbox 2063 1851 3708 1932">
     <span class='ocr_line' id='line_1_35' title="bbox 2063 1851 3708 1932; baseline 0.007 -24"><span class='ocrx_word' id='word_1_244' title='bbox 2063 1853 2189 1908; x_wconf 73' lang='lat' dir='ltr'>:olvi</span> <span class='ocrx_word' id='word_1_245' title='bbox 2254 1852 2458 1917; x_wconf 87' lang='lat' dir='ltr'>debet;</span> <span class='ocrx_word' id='word_1_246' title='bbox 2493 1857 2556 1907; x_wconf 93' lang='lat' dir='ltr'>ut</span> <span class='ocrx_word' id='word_1_247' title='bbox 2585 1853 2683 1921; x_wconf 89' lang='lat' dir='ltr'>qui</span> <span class='ocrx_word' id='word_1_248' title='bbox 2718 1851 2987 1908; x_wconf 66' lang='lat' dir='ltr'>Ecclesia:</span> <span class='ocrx_word' id='word_1_249' title='bbox 3034 1870 3315 1912; x_wconf 84' lang='lat' dir='ltr'>canonem</span> <span class='ocrx_word' id='word_1_250' title='bbox 3348 1875 3413 1914; x_wconf 82' lang='lat' dir='ltr'>ac</span> <span class='ocrx_word' id='word_1_251' title='bbox 3444 1861 3708 1932; x_wconf 83' lang='lat' dir='ltr'>regulam</span> 
     </span>
    </p>
   </div>
   <div class='ocr_carea' id='block_1_36' title="bbox 278 1937 1929 2019">
    <p class='ocr_par' dir='ltr' id='par_1_36' title="bbox 278 1937 1929 2019">
     <span class='ocr_line' id='line_1_36' title="bbox 278 1937 1929 2019; baseline -0.006 -18"><span class='ocrx_word' id='word_1_252' title='bbox 278 1944 405 2001; x_wconf 83' lang='grc' dir='ltr'>στὸν</span> <span class='ocrx_word' id='word_1_253' title='bbox 436 1940 753 2019; x_wconf 81' lang='grc' dir='ltr'>ἁμαρτάνει,</span> <span class='ocrx_word' id='word_1_254' title='bbox 779 1940 869 1995; x_wconf 88' lang='grc' dir='ltr'>καὶ</span> <span class='ocrx_word' id='word_1_255' title='bbox 897 1939 989 1995; x_wconf 89' lang='grc' dir='ltr'>τὸν</span> <span class='ocrx_word' id='word_1_256' title='bbox 1036 1938 1242 2015; x_wconf 84' lang='grc' dir='ltr'>πατέρα</span> <span class='ocrx_word' id='word_1_257' title='bbox 1286 1942 1392 1993; x_wconf 88' lang='grc' dir='ltr'>τῶν</span> <span class='ocrx_word' id='word_1_258' title='bbox 1439 1937 1584 1993; x_wconf 79' lang='grc' dir='ltr'>ὅλων</span> <span class='ocrx_word' id='word_1_259' title='bbox 1616 1938 1929 2014; x_wconf 78' lang='grc' dir='ltr'>παροργίζει</span> 
     </span>
    </p>
   </div>
   <div class='ocr_carea' id='block_1_37' title="bbox 279 2024 1938 2099">
    <p class='ocr_par' dir='ltr' id='par_1_37' title="bbox 279 2024 1938 2099">
     <span class='ocr_line' id='line_1_37' title="bbox 279 2024 1938 2099; baseline -0.005 -10"><span class='ocrx_word' id='word_1_260' title='bbox 279 2032 435 2090; x_wconf 72' lang='grc' dir='ltr'>Θεόν*</span> <span class='ocrx_word' id='word_1_261' title='bbox 489 2028 553 2086; x_wconf 79' lang='grc' dir='ltr'>οὗ</span> <span class='ocrx_word' id='word_1_262' title='bbox 601 2027 798 2084; x_wconf 68' lang='grc' dir='ltr'>ε’ίνεκεν</span> <span class='ocrx_word' id='word_1_263' title='bbox 852 2028 914 2083; x_wconf 86' lang='grc' dir='ltr'>ού</span> <span class='ocrx_word' id='word_1_264' title='bbox 962 2029 1201 2099; x_wconf 81' lang='grc' dir='ltr'>ζήσεται.</span> <span class='ocrx_word' id='word_1_265' title='bbox 1248 2028 1347 2082; x_wconf 86' lang='grc' dir='ltr'>Καὶ</span> <span class='ocrx_word' id='word_1_266' title='bbox 1391 2027 1548 2083; x_wconf 80' lang='grc' dir='ltr'>αὐτὸν</span> <span class='ocrx_word' id='word_1_267' title='bbox 1599 2025 1690 2082; x_wconf 71' lang='grc' dir='ltr'>οὖν</span> <span class='ocrx_word' id='word_1_268' title='bbox 1738 2024 1821 2082; x_wconf 87' lang='grc' dir='ltr'>δεῖ</span> <span class='ocrx_word' id='word_1_269' title='bbox 1847 2026 1938 2081; x_wconf 89' lang='grc' dir='ltr'>τὸν</span> 
     </span>
    </p>
   </div>
   <div class='ocr_carea' id='block_1_38' title="bbox 280 2114 1939 2198">
    <p class='ocr_par' dir='ltr' id='par_1_38' title="bbox 280 2114 1939 2198">
     <span class='ocr_line' id='line_1_38' title="bbox 280 2114 1939 2198; baseline -0.004 -20"><span class='ocrx_word' id='word_1_270' title='bbox 280 2118 750 2198; x_wconf 83' lang='grc' dir='ltr'>προκαθεζόμενον</span> <span class='ocrx_word' id='word_1_271' title='bbox 780 2160 797 2187; x_wconf 91' lang='grc'>,</span> <span class='ocrx_word' id='word_1_272' title='bbox 852 2118 1042 2195; x_wconf 79' lang='grc' dir='ltr'>ἱατροῦ</span> <span class='ocrx_word' id='word_1_273' title='bbox 1096 2117 1262 2173; x_wconf 88' lang='grc' dir='ltr'>τόπον</span> <span class='ocrx_word' id='word_1_274' title='bbox 1322 2115 1564 2193; x_wconf 89' lang='grc' dir='ltr'>ἐπέχειν,</span> <span class='ocrx_word' id='word_1_275' title='bbox 1626 2115 1689 2172; x_wconf 90' lang='grc' dir='ltr'>ού</span> <span class='ocrx_word' id='word_1_276' title='bbox 1745 2114 1939 2194; x_wconf 83' lang='grc' dir='ltr'>θηρίου</span> 
     </span>
    </p>
   </div>
   <div class='ocr_carea' id='block_1_39' title="bbox 284 2206 726 2286">
    <p class='ocr_par' dir='ltr' id='par_1_39' title="bbox 284 2206 726 2286">
     <span class='ocr_line' id='line_1_39' title="bbox 284 2206 726 2286; baseline -0.009 -18"><span class='ocrx_word' id='word_1_277' title='bbox 284 2210 498 2286; x_wconf 82' lang='grc' dir='ltr'>ἀλόγου</span> <span class='ocrx_word' id='word_1_278' title='bbox 528 2206 726 2282; x_wconf 87' lang='grc' dir='ltr'>θυμόν.</span> 
     </span>
    </p>
   </div>
   <div class='ocr_carea' id='block_1_40' title="bbox 361 2468 1943 2548">
    <p class='ocr_par' dir='ltr' id='par_1_40' title="bbox 361 2468 1943 2548">
     <span class='ocr_line' id='line_1_40' title="bbox 361 2468 1943 2548; baseline -0.003 -15"><span class='ocrx_word' id='word_1_279' title='bbox 361 2479 596 2535; x_wconf 82' lang='lat' dir='ltr'>CLXVI.</span> <span class='ocrx_word' id='word_1_280' title='bbox 626 2471 801 2530; x_wconf 77' lang='grc' dir='ltr'>Ταῦτα</span> <span class='ocrx_word' id='word_1_281' title='bbox 830 2472 995 2528; x_wconf 78' lang='grc' dir='ltr'>αύτοῦ</span> <span class='ocrx_word' id='word_1_282' title='bbox 1036 2468 1319 2547; x_wconf 90' lang='grc' dir='ltr'>λέγοντος,</span> <span class='ocrx_word' id='word_1_283' title='bbox 1359 2470 1464 2548; x_wconf 83' lang='grc' dir='ltr'>ἐγὼ</span> <span class='ocrx_word' id='word_1_284' title='bbox 1490 2468 1728 2545; x_wconf 76' lang='grc' dir='ltr'>Κλήμης</span> <span class='ocrx_word' id='word_1_285' title='bbox 1767 2472 1943 2528; x_wconf 85' lang='grc' dir='ltr'>πεσὼν</span> 
     </span>
    </p>
   </div>
   <div class='ocr_carea' id='block_1_41' title="bbox 290 2554 1944 2641">
    <p class='ocr_par' dir='ltr' id='par_1_41' title="bbox 290 2554 1944 2641">
     <span class='ocr_line' id='line_1_41' title="bbox 290 2554 1944 2641; baseline -0.002 -21"><span class='ocrx_word' id='word_1_286' title='bbox 290 2565 383 2621; x_wconf 73' lang='grc' dir='ltr'>ἐπὶ</span> <span class='ocrx_word' id='word_1_287' title='bbox 410 2572 539 2641; x_wconf 79' lang='grc' dir='ltr'>γῆς,</span> <span class='ocrx_word' id='word_1_288' title='bbox 579 2562 754 2625; x_wconf 78' lang='grc' dir='ltr'>πολὺς</span> <span class='ocrx_word' id='word_1_289' title='bbox 799 2563 867 2631; x_wconf 76' lang='grc' dir='ltr'>ἦν</span> <span class='ocrx_word' id='word_1_290' title='bbox 898 2565 995 2617; x_wconf 77' lang='grc' dir='ltr'>τοῦ</span> <span class='ocrx_word' id='word_1_291' title='bbox 1031 2558 1361 2616; x_wconf 79' lang='grc' dir='ltr'>διδασκάλου</span> <span class='ocrx_word' id='word_1_292' title='bbox 1411 2554 1688 2634; x_wconf 87' lang='grc' dir='ltr'>δεόμενος,</span> <span class='ocrx_word' id='word_1_293' title='bbox 1733 2559 1944 2617; x_wconf 74' lang='grc' dir='ltr'>καὶτὸν</span> 
     </span>
    </p>
   </div>
   <div class='ocr_carea' id='block_1_42' title="bbox 288 2647 1947 2725">
    <p class='ocr_par' dir='ltr' id='par_1_42' title="bbox 288 2647 1947 2725">
     <span class='ocr_line' id='line_1_42' title="bbox 288 2647 1947 2725; baseline -0.002 -17"><span class='ocrx_word' id='word_1_294' title='bbox 288 2654 486 2724; x_wconf 75' lang='grc' dir='ltr'>θρόνον</span> <span class='ocrx_word' id='word_1_295' title='bbox 534 2652 609 2715; x_wconf 85' lang='grc' dir='ltr'>ὡς</span> <span class='ocrx_word' id='word_1_296' title='bbox 668 2649 905 2725; x_wconf 79' lang='grc' dir='ltr'>μάλιστα</span> <span class='ocrx_word' id='word_1_297' title='bbox 958 2648 1391 2725; x_wconf 75' lang='grc' dir='ltr'>παραιτούμενος</span> <span class='ocrx_word' id='word_1_298' title='bbox 1425 2691 1438 2706; x_wconf 95' lang='grc'>.</span> <span class='ocrx_word' id='word_1_299' title='bbox 1501 2647 1662 2705; x_wconf 86' lang='grc' dir='ltr'>Ἀλλ’</span> <span class='ocrx_word' id='word_1_300' title='bbox 1718 2650 1746 2703; x_wconf 97' lang='lat'>6</span> <span class='ocrx_word' id='word_1_301' title='bbox 1804 2656 1947 2714; x_wconf 89' lang='grc' dir='ltr'>θεῖος</span> 
     </span>
    </p>
   </div>
   <div class='ocr_carea' id='block_1_43' title="bbox 288 2737 1949 2817">
    <p class='ocr_par' dir='ltr' id='par_1_43' title="bbox 288 2737 1949 2817">
     <span class='ocr_line' id='line_1_43' title="bbox 288 2737 1949 2817; baseline -0.004 -18"><span class='ocrx_word' id='word_1_302' title='bbox 288 2740 623 2804; x_wconf 84' lang='grc' dir='ltr'>ἀπόστολος’</span> <span class='ocrx_word' id='word_1_303' title='bbox 668 2746 799 2814; x_wconf 88' lang='grc' dir='ltr'>Περι</span> <span class='ocrx_word' id='word_1_304' title='bbox 848 2739 1044 2794; x_wconf 84' lang='grc' dir='ltr'>τούτου</span> <span class='ocrx_word' id='word_1_305' title='bbox 1091 2759 1159 2813; x_wconf 90' lang='grc' dir='ltr'>με</span> <span class='ocrx_word' id='word_1_306' title='bbox 1208 2740 1284 2811; x_wconf 82' lang='grc' dir='ltr'>μή</span> <span class='ocrx_word' id='word_1_307' title='bbox 1333 2737 1504 2811; x_wconf 76' lang='grc' dir='ltr'>ἀξίου,</span> <span class='ocrx_word' id='word_1_308' title='bbox 1555 2737 1746 2807; x_wconf 83' lang='grc' dir='ltr'>εἰπὼν,</span> <span class='ocrx_word' id='word_1_309' title='bbox 1787 2738 1949 2817; x_wconf 81' lang='grc' dir='ltr'>ἆγάρ</span> 
     </span>
    </p>
   </div>
   <div class='ocr_carea' id='block_1_44' title="bbox 290 2825 1950 2907">
    <p class='ocr_par' dir='ltr' id='par_1_44' title="bbox 290 2825 1950 2907">
     <span class='ocr_line' id='line_1_44' title="bbox 290 2825 1950 2907; baseline -0.004 -18"><span class='ocrx_word' id='word_1_310' title='bbox 290 2834 322 2889; x_wconf 90' lang='lat'>6</span> <span class='ocrx_word' id='word_1_311' title='bbox 356 2832 487 2894; x_wconf 83' lang='grc' dir='ltr'>Θεὸς</span> <span class='ocrx_word' id='word_1_312' title='bbox 522 2830 777 2907; x_wconf 81' lang='grc' dir='ltr'>βούλεται</span> <span class='ocrx_word' id='word_1_313' title='bbox 806 2832 847 2903; x_wconf 66' lang='grc'>⁸,</span> <span class='ocrx_word' id='word_1_314' title='bbox 877 2828 961 2885; x_wconf 82' lang='grc' dir='ltr'>τίς</span> <span class='ocrx_word' id='word_1_315' title='bbox 990 2827 1172 2890; x_wconf 72' lang='grc' dir='ltr'>ἱκανὸς</span> <span class='ocrx_word' id='word_1_316' title='bbox 1218 2827 1515 2904; x_wconf 85' lang='grc' dir='ltr'>ἀνθρώπων</span> <span class='ocrx_word' id='word_1_317' title='bbox 1559 2825 1899 2884; x_wconf 82' lang='grc' dir='ltr'>διασκεδάσαι</span> <span class='ocrx_word' id='word_1_318' title='bbox 1935 2847 1950 2899; x_wconf 83' lang='grc'><strong>;</strong></span> 
     </span>
    </p>
   </div>
   <div class='ocr_carea' id='block_1_45' title="bbox 293 2913 1952 2996">
    <p class='ocr_par' dir='ltr' id='par_1_45' title="bbox 293 2913 1952 2996">
     <span class='ocr_line' id='line_1_45' title="bbox 293 2913 1952 2996; baseline -0.003 -20"><span class='ocrx_word' id='word_1_319' title='bbox 293 2924 417 2977; x_wconf 79' lang='grc' dir='ltr'>Ἔτι</span> <span class='ocrx_word' id='word_1_320' title='bbox 451 2920 587 2996; x_wconf 90' lang='grc' dir='ltr'>πρὸς</span> <span class='ocrx_word' id='word_1_321' title='bbox 613 2920 676 2974; x_wconf 89' lang='grc' dir='ltr'>τὸ</span> <span class='ocrx_word' id='word_1_322' title='bbox 724 2924 940 2987; x_wconf 82' lang='grc' dir='ltr'>πΛῆθος</span> <span class='ocrx_word' id='word_1_323' title='bbox 973 2914 1121 2971; x_wconf 71' lang='grc' dir='ltr'>ἰδών*</span> <span class='ocrx_word' id='word_1_324' title='bbox 1155 2915 1254 2971; x_wconf 82' lang='grc' dir='ltr'>Καὶ</span> <span class='ocrx_word' id='word_1_325' title='bbox 1306 2916 1482 2989; x_wconf 84' lang='grc' dir='ltr'>ὑμεῖς,</span> <span class='ocrx_word' id='word_1_326' title='bbox 1529 2913 1654 2993; x_wconf 77' lang='grc' dir='ltr'>ἔφη,</span> <span class='ocrx_word' id='word_1_327' title='bbox 1688 2917 1952 2994; x_wconf 81' lang='grc' dir='ltr'>ἀγαπητοὶ</span> 
     </span>
    </p>
   </div>
   <div class='ocr_carea' id='block_1_46' title="bbox 296 3004 1953 3087">
    <p class='ocr_par' dir='ltr' id='par_1_46' title="bbox 296 3004 1953 3087">
     <span class='ocr_line' id='line_1_46' title="bbox 296 3004 1953 3087; baseline -0.008 -22"><span class='ocrx_word' id='word_1_328' title='bbox 296 3007 554 3087; x_wconf 73' lang='grc' dir='ltr'>ἀδελφοὶ,</span> <span class='ocrx_word' id='word_1_329' title='bbox 584 3008 683 3078; x_wconf 76' lang='grc' dir='ltr'>τὴν</span> <span class='ocrx_word' id='word_1_330' title='bbox 739 3004 1105 3085; x_wconf 77' lang='grc' dir='ltr'>ὀφειλομένην</span> <span class='ocrx_word' id='word_1_331' title='bbox 1134 3005 1211 3068; x_wconf 83' lang='grc' dir='ltr'>ὡς</span> <span class='ocrx_word' id='word_1_332' title='bbox 1248 3004 1411 3079; x_wconf 84' lang='grc' dir='ltr'>πατρὶ</span> <span class='ocrx_word' id='word_1_333' title='bbox 1440 3006 1607 3079; x_wconf 76' lang='grc' dir='ltr'>τιμὴν</span> <span class='ocrx_word' id='word_1_334' title='bbox 1655 3007 1744 3061; x_wconf 86' lang='grc' dir='ltr'>καὶ</span> <span class='ocrx_word' id='word_1_335' title='bbox 1776 3006 1953 3062; x_wconf 83' lang='grc' dir='ltr'>εύπεί-</span> 
     </span>
    </p>
   </div>
   <div class='ocr_carea' id='block_1_47' title="bbox 299 3091 1952 3171">
    <p class='ocr_par' dir='ltr' id='par_1_47' title="bbox 299 3091 1952 3171">
     <span class='ocr_line' id='line_1_47' title="bbox 299 3091 1952 3171; baseline -0.003 -17"><span class='ocrx_word' id='word_1_336' title='bbox 299 3102 446 3154; x_wconf 86' lang='grc' dir='ltr'>θειαν</span> <span class='ocrx_word' id='word_1_337' title='bbox 512 3094 603 3151; x_wconf 79' lang='grc' dir='ltr'>διὰ</span> <span class='ocrx_word' id='word_1_338' title='bbox 674 3096 873 3159; x_wconf 89' lang='grc' dir='ltr'>παντὸς</span> <span class='ocrx_word' id='word_1_339' title='bbox 928 3091 1247 3151; x_wconf 86' lang='grc' dir='ltr'>ἀποδιδόναι</span> <span class='ocrx_word' id='word_1_340' title='bbox 1310 3099 1389 3167; x_wconf 80' lang='grc' dir='ltr'>τῷ</span> <span class='ocrx_word' id='word_1_341' title='bbox 1446 3094 1595 3168; x_wconf 87' lang='grc' dir='ltr'>ὑμῶν</span> <span class='ocrx_word' id='word_1_342' title='bbox 1653 3096 1817 3171; x_wconf 87' lang='grc' dir='ltr'>πατρὶ</span> <span class='ocrx_word' id='word_1_343' title='bbox 1877 3097 1952 3170; x_wconf 80' lang='grc' dir='ltr'>μὴ</span> 
     </span>
    </p>
   </div>
   <div class='ocr_carea' id='block_1_48' title="bbox 302 3182 1957 3261">
    <p class='ocr_par' dir='ltr' id='par_1_48' title="bbox 302 3182 1957 3261">
     <span class='ocr_line' id='line_1_48' title="bbox 302 3182 1957 3261; baseline -0.001 -19"><span class='ocrx_word' id='word_1_344' title='bbox 302 3185 592 3243; x_wconf 79' lang='grc' dir='ltr'>ἐλλίποιτε</span> <span class='ocrx_word' id='word_1_345' title='bbox 623 3188 662 3223; x_wconf 75' lang='grc'>⁸⁸</span> <span class='ocrx_word' id='word_1_346' title='bbox 723 3184 867 3241; x_wconf 77' lang='grc' dir='ltr'>οὕτω</span> <span class='ocrx_word' id='word_1_347' title='bbox 923 3184 1028 3261; x_wconf 81' lang='grc' dir='ltr'>γὰρ</span> <span class='ocrx_word' id='word_1_348' title='bbox 1081 3183 1172 3239; x_wconf 78' lang='grc' dir='ltr'>καὶ</span> <span class='ocrx_word' id='word_1_349' title='bbox 1231 3183 1386 3256; x_wconf 81' lang='grc' dir='ltr'>ὑμεῖς</span> <span class='ocrx_word' id='word_1_350' title='bbox 1442 3182 1821 3257; x_wconf 86' lang='grc' dir='ltr'>ποιμαίνεσθαι</span> <span class='ocrx_word' id='word_1_351' title='bbox 1864 3205 1957 3240; x_wconf 87' lang='grc' dir='ltr'>κα-</span> 
     </span>
    </p>
   </div>
   <div class='ocr_carea' id='block_1_49' title="bbox 2045 1940 3703 2018">
    <p class='ocr_par' dir='ltr' id='par_1_49' title="bbox 2045 1940 3703 2018">
     <span class='ocr_line' id='line_1_49' title="bbox 2045 1940 3703 2018; baseline 0.007 -22"><span class='ocrx_word' id='word_1_352' title='bbox 2045 1942 2224 2014; x_wconf 91' lang='lat' dir='ltr'>probe</span> <span class='ocrx_word' id='word_1_353' title='bbox 2254 1945 2586 2012; x_wconf 84' lang='lat' dir='ltr'>cognoscat.</span> <span class='ocrx_word' id='word_1_354' title='bbox 2614 1940 2813 2011; x_wconf 89' lang='lat' dir='ltr'>Ipsum</span> <span class='ocrx_word' id='word_1_355' title='bbox 2847 1957 2984 2013; x_wconf 88' lang='lat' dir='ltr'>ergo</span> <span class='ocrx_word' id='word_1_356' title='bbox 3016 1944 3251 2014; x_wconf 87' lang='lat' dir='ltr'>audite;</span> <span class='ocrx_word' id='word_1_357' title='bbox 3287 1949 3703 2018; x_wconf 73' lang='lat' dir='ltr'>scientes,eum</span> 
     </span>
    </p>
   </div>
   <div class='ocr_carea' id='block_1_50' title="bbox 2048 2029 3701 2103">
    <p class='ocr_par' dir='ltr' id='par_1_50' title="bbox 2048 2029 3701 2103">
     <span class='ocr_line' id='line_1_50' title="bbox 2048 2029 3701 2103; baseline 0.006 -17"><span class='ocrx_word' id='word_1_358' title='bbox 2048 2032 2151 2103; x_wconf 89' lang='lat' dir='ltr'>qui</span> <span class='ocrx_word' id='word_1_359' title='bbox 2180 2030 2439 2086; x_wconf 82' lang='lat' dir='ltr'>veritatis</span> <span class='ocrx_word' id='word_1_360' title='bbox 2470 2029 2704 2102; x_wconf 67' lang='lat' dir='ltr'>praesidi</span> <span class='ocrx_word' id='word_1_361' title='bbox 2748 2030 3073 2087; x_wconf 88' lang='lat' dir='ltr'>molestiam</span> <span class='ocrx_word' id='word_1_362' title='bbox 3126 2034 3378 2102; x_wconf 87' lang='lat' dir='ltr'>exhibet,</span> <span class='ocrx_word' id='word_1_363' title='bbox 3410 2037 3469 2094; x_wconf 92' lang='lat' dir='ltr'>in</span> <span class='ocrx_word' id='word_1_364' title='bbox 3502 2039 3701 2096; x_wconf 90' lang='lat' dir='ltr'>Chris-</span> 
     </span>
    </p>
   </div>
   <div class='ocr_carea' id='block_1_51' title="bbox 2048 2119 3698 2195">
    <p class='ocr_par' dir='ltr' id='par_1_51' title="bbox 2048 2119 3698 2195">
     <span class='ocr_line' id='line_1_51' title="bbox 2048 2119 3698 2195; baseline 0.005 -19"><span class='ocrx_word' id='word_1_365' title='bbox 2048 2124 2174 2176; x_wconf 89' lang='lat' dir='ltr'>tum</span> <span class='ocrx_word' id='word_1_366' title='bbox 2205 2123 2528 2191; x_wconf 90' lang='lat' dir='ltr'>peccare,et</span> <span class='ocrx_word' id='word_1_367' title='bbox 2561 2120 2739 2175; x_wconf 90' lang='lat' dir='ltr'>Deum</span> <span class='ocrx_word' id='word_1_368' title='bbox 2774 2119 3178 2177; x_wconf 89' lang='lat' dir='ltr'>universorum</span> <span class='ocrx_word' id='word_1_369' title='bbox 3199 2130 3420 2195; x_wconf 89' lang='lat' dir='ltr'>patrem</span> <span class='ocrx_word' id='word_1_370' title='bbox 3454 2127 3698 2186; x_wconf 88' lang='lat' dir='ltr'>incitare</span> 
     </span>
    </p>
   </div>
   <div class='ocr_carea' id='block_1_52' title="bbox 2051 2208 3703 2290">
    <p class='ocr_par' dir='ltr' id='par_1_52' title="bbox 2051 2208 3703 2290">
     <span class='ocr_line' id='line_1_52' title="bbox 2051 2208 3703 2290; baseline 0.006 -25"><span class='ocrx_word' id='word_1_371' title='bbox 2051 2210 2124 2265; x_wconf 91' lang='lat' dir='ltr'>ad</span> <span class='ocrx_word' id='word_1_372' title='bbox 2160 2208 2701 2280; x_wconf 90' lang='lat' dir='ltr'>iram;quapropter</span> <span class='ocrx_word' id='word_1_373' title='bbox 2730 2224 2843 2263; x_wconf 92' lang='lat' dir='ltr'>non</span> <span class='ocrx_word' id='word_1_374' title='bbox 2872 2226 3000 2266; x_wconf 88' lang='lat' dir='ltr'>esse</span> <span class='ocrx_word' id='word_1_375' title='bbox 3030 2210 3476 2287; x_wconf 87' lang='lat' dir='ltr'>victurum.Ipse</span> <span class='ocrx_word' id='word_1_376' title='bbox 3501 2216 3703 2290; x_wconf 85' lang='lat' dir='ltr'>itaque</span> 
     </span>
    </p>
   </div>
   <div class='ocr_carea' id='block_1_53' title="bbox 2052 2296 3700 2371">
    <p class='ocr_par' dir='ltr' id='par_1_53' title="bbox 2052 2296 3700 2371">
     <span class='ocr_line' id='line_1_53' title="bbox 2052 2296 3700 2371; baseline 0.007 -18"><span class='ocrx_word' id='word_1_377' title='bbox 2052 2313 2268 2371; x_wconf 61' lang='lat' dir='ltr'>praeses</span> <span class='ocrx_word' id='word_1_378' title='bbox 2320 2297 2494 2353; x_wconf 85' lang='lat' dir='ltr'>debet</span> <span class='ocrx_word' id='word_1_379' title='bbox 2550 2297 2762 2353; x_wconf 86' lang='lat' dir='ltr'>medici</span> <span class='ocrx_word' id='word_1_380' title='bbox 2793 2296 2985 2354; x_wconf 85' lang='lat' dir='ltr'>locum</span> <span class='ocrx_word' id='word_1_381' title='bbox 3017 2300 3298 2371; x_wconf 89' lang='lat' dir='ltr'>obtinere,</span> <span class='ocrx_word' id='word_1_382' title='bbox 3332 2320 3448 2360; x_wconf 90' lang='lat' dir='ltr'>non</span> <span class='ocrx_word' id='word_1_383' title='bbox 3500 2305 3700 2363; x_wconf 64' lang='lat' dir='ltr'>bestia</span> 
     </span>
    </p>
   </div>
   <div class='ocr_carea' id='block_1_54' title="bbox 2053 2385 2864 2443">
    <p class='ocr_par' dir='ltr' id='par_1_54' title="bbox 2053 2385 2864 2443">
     <span class='ocr_line' id='line_1_54' title="bbox 2053 2385 2864 2443; baseline -0.004 0"><span class='ocrx_word' id='word_1_384' title='bbox 2053 2386 2278 2443; x_wconf 90' lang='lat' dir='ltr'>ratione</span> <span class='ocrx_word' id='word_1_385' title='bbox 2304 2385 2558 2442; x_wconf 90' lang='lat' dir='ltr'>carentis</span> <span class='ocrx_word' id='word_1_386' title='bbox 2590 2386 2864 2443; x_wconf 86' lang='lat' dir='ltr'>furorem.</span> 
     </span>
    </p>
   </div>
   <div class='ocr_carea' id='block_1_55' title="bbox 2127 2475 3709 2556">
    <p class='ocr_par' dir='ltr' id='par_1_55' title="bbox 2127 2475 3709 2556">
     <span class='ocr_line' id='line_1_55' title="bbox 2127 2475 3709 2556; baseline 0.008 -25"><span class='ocrx_word' id='word_1_387' title='bbox 2127 2477 2356 2532; x_wconf 83' lang='lat' dir='ltr'>CXLVI.</span> <span class='ocrx_word' id='word_1_388' title='bbox 2389 2475 2519 2532; x_wconf 66' lang='lat' dir='ltr'>Haec</span> <span class='ocrx_word' id='word_1_389' title='bbox 2567 2491 2633 2531; x_wconf 89' lang='lat' dir='ltr'>eo</span> <span class='ocrx_word' id='word_1_390' title='bbox 2667 2476 2916 2544; x_wconf 89' lang='lat' dir='ltr'>dicente,</span> <span class='ocrx_word' id='word_1_391' title='bbox 2948 2493 3052 2551; x_wconf 90' lang='lat' dir='ltr'>ego</span> <span class='ocrx_word' id='word_1_392' title='bbox 3095 2478 3368 2539; x_wconf 90' lang='lat' dir='ltr'>Clemens</span> <span class='ocrx_word' id='word_1_393' title='bbox 3400 2484 3709 2556; x_wconf 90' lang='lat' dir='ltr'>procidens</span> 
     </span>
    </p>
   </div>
   <div class='ocr_carea' id='block_1_56' title="bbox 2057 2564 3707 2643">
    <p class='ocr_par' dir='ltr' id='par_1_56' title="bbox 2057 2564 3707 2643">
     <span class='ocr_line' id='line_1_56' title="bbox 2057 2564 3707 2643; baseline 0.006 -22"><span class='ocrx_word' id='word_1_394' title='bbox 2057 2565 2117 2621; x_wconf 92' lang='lat' dir='ltr'>in</span> <span class='ocrx_word' id='word_1_395' title='bbox 2165 2570 2405 2635; x_wconf 89' lang='lat' dir='ltr'>terram,</span> <span class='ocrx_word' id='word_1_396' title='bbox 2437 2564 2659 2621; x_wconf 89' lang='lat' dir='ltr'>multus</span> <span class='ocrx_word' id='word_1_397' title='bbox 2707 2580 2863 2621; x_wconf 90' lang='lat' dir='ltr'>eram</span> <span class='ocrx_word' id='word_1_398' title='bbox 2899 2565 2958 2620; x_wconf 93' lang='lat' dir='ltr'>in</span> <span class='ocrx_word' id='word_1_399' title='bbox 3005 2570 3223 2625; x_wconf 89' lang='lat' dir='ltr'>orando</span> <span class='ocrx_word' id='word_1_400' title='bbox 3275 2572 3529 2643; x_wconf 89' lang='lat' dir='ltr'>doctore,</span> <span class='ocrx_word' id='word_1_401' title='bbox 3561 2579 3618 2630; x_wconf 90' lang='lat' dir='ltr'>et</span> <span class='ocrx_word' id='word_1_402' title='bbox 3646 2574 3707 2632; x_wconf 93' lang='lat' dir='ltr'>in</span> 
     </span>
    </p>
   </div>
   <div class='ocr_carea' id='block_1_57' title="bbox 2059 2654 3705 2737">
    <p class='ocr_par' dir='ltr' id='par_1_57' title="bbox 2059 2654 3705 2737">
     <span class='ocr_line' id='line_1_57' title="bbox 2059 2654 3705 2737; baseline 0.006 -27"><span class='ocrx_word' id='word_1_403' title='bbox 2059 2655 2197 2710; x_wconf 89' lang='lat' dir='ltr'>sede</span> <span class='ocrx_word' id='word_1_404' title='bbox 2227 2670 2404 2725; x_wconf 88' lang='lat' dir='ltr'>quam</span> <span class='ocrx_word' id='word_1_405' title='bbox 2451 2654 2701 2709; x_wconf 84' lang='lat' dir='ltr'>maxime</span> <span class='ocrx_word' id='word_1_406' title='bbox 2732 2655 3115 2727; x_wconf 85' lang='lat' dir='ltr'>deprecanda.</span> <span class='ocrx_word' id='word_1_407' title='bbox 3147 2659 3253 2714; x_wconf 90' lang='lat' dir='ltr'>Sed</span> <span class='ocrx_word' id='word_1_408' title='bbox 3304 2660 3536 2718; x_wconf 90' lang='lat' dir='ltr'>divinus</span> <span class='ocrx_word' id='word_1_409' title='bbox 3566 2680 3705 2737; x_wconf 87' lang='lat' dir='ltr'>apo-</span> 
     </span>
    </p>
   </div>
   <div class='ocr_carea' id='block_1_58' title="bbox 2061 2741 3705 2822">
    <p class='ocr_par' dir='ltr' id='par_1_58' title="bbox 2061 2741 3705 2822">
     <span class='ocr_line' id='line_1_58' title="bbox 2061 2741 3705 2822; baseline 0.006 -24"><span class='ocrx_word' id='word_1_410' title='bbox 2061 2742 2249 2799; x_wconf 89' lang='lat' dir='ltr'>stolus</span> <span class='ocrx_word' id='word_1_411' title='bbox 2281 2759 2294 2796; x_wconf 91' lang='lat'><strong>:</strong></span> <span class='ocrx_word' id='word_1_412' title='bbox 2327 2741 2455 2797; x_wconf 92' lang='lat' dir='ltr'>Noli</span> <span class='ocrx_word' id='word_1_413' title='bbox 2505 2758 2617 2810; x_wconf 88' lang='lat' dir='ltr'>me,</span> <span class='ocrx_word' id='word_1_414' title='bbox 2652 2742 2815 2810; x_wconf 83' lang='lat' dir='ltr'>dixit,</span> <span class='ocrx_word' id='word_1_415' title='bbox 2849 2744 2920 2800; x_wconf 91' lang='lat' dir='ltr'>de</span> <span class='ocrx_word' id='word_1_416' title='bbox 2969 2744 3078 2800; x_wconf 90' lang='lat' dir='ltr'>hoc</span> <span class='ocrx_word' id='word_1_417' title='bbox 3109 2764 3311 2820; x_wconf 88' lang='lat' dir='ltr'>rogare</span> <span class='ocrx_word' id='word_1_418' title='bbox 3342 2767 3356 2805; x_wconf 90' lang='lat'>:</span> <span class='ocrx_word' id='word_1_419' title='bbox 3392 2767 3515 2822; x_wconf 67' lang='lat' dir='ltr'>quae</span> <span class='ocrx_word' id='word_1_420' title='bbox 3546 2753 3705 2809; x_wconf 90' lang='lat' dir='ltr'>enim</span> 
     </span>
    </p>
   </div>
   <div class='ocr_carea' id='block_1_59' title="bbox 2064 2830 3709 2909">
    <p class='ocr_par' dir='ltr' id='par_1_59' title="bbox 2064 2830 3709 2909">
     <span class='ocr_line' id='line_1_59' title="bbox 2064 2830 3709 2909; baseline 0.005 -20"><span class='ocrx_word' id='word_1_421' title='bbox 2064 2835 2215 2889; x_wconf 90' lang='lat' dir='ltr'>Deus</span> <span class='ocrx_word' id='word_1_422' title='bbox 2244 2830 2528 2902; x_wconf 90' lang='lat' dir='ltr'>vult,quis</span> <span class='ocrx_word' id='word_1_423' title='bbox 2559 2830 2864 2887; x_wconf 90' lang='lat' dir='ltr'>hominum</span> <span class='ocrx_word' id='word_1_424' title='bbox 2898 2833 3184 2906; x_wconf 87' lang='lat' dir='ltr'>dissipare</span> <span class='ocrx_word' id='word_1_425' title='bbox 3218 2839 3472 2909; x_wconf 82' lang='lat' dir='ltr'>poterit?</span> <span class='ocrx_word' id='word_1_426' title='bbox 3503 2845 3709 2897; x_wconf 83' lang='lat' dir='ltr'>Postea</span> 
     </span>
    </p>
   </div>
   <div class='ocr_carea' id='block_1_60' title="bbox 2063 2920 3708 3000">
    <p class='ocr_par' dir='ltr' id='par_1_60' title="bbox 2063 2920 3708 3000">
     <span class='ocr_line' id='line_1_60' title="bbox 2063 2920 3708 3000; baseline 0.005 -23"><span class='ocrx_word' id='word_1_427' title='bbox 2063 2921 2134 2978; x_wconf 90' lang='lat' dir='ltr'>ad</span> <span class='ocrx_word' id='word_1_428' title='bbox 2168 2920 2605 2976; x_wconf 83' lang='lat' dir='ltr'>multitudinem</span> <span class='ocrx_word' id='word_1_429' title='bbox 2641 2921 2995 2992; x_wconf 89' lang='lat' dir='ltr'>respiciens:</span> <span class='ocrx_word' id='word_1_430' title='bbox 3032 2923 3097 2979; x_wconf 90' lang='lat' dir='ltr'>Et</span> <span class='ocrx_word' id='word_1_431' title='bbox 3123 2942 3246 2993; x_wconf 89' lang='lat' dir='ltr'>vos,</span> <span class='ocrx_word' id='word_1_432' title='bbox 3280 2928 3708 3000; x_wconf 82' lang='lat' dir='ltr'>inquit,fratres</span> 
     </span>
    </p>
   </div>
   <div class='ocr_carea' id='block_1_61' title="bbox 2065 3009 3710 3091">
    <p class='ocr_par' dir='ltr' id='par_1_61' title="bbox 2065 3009 3710 3091">
     <span class='ocr_line' id='line_1_61' title="bbox 2065 3009 3710 3091; baseline 0.006 -26"><span class='ocrx_word' id='word_1_433' title='bbox 2065 3009 2683 3075; x_wconf 86' lang='lat' dir='ltr'>charissimi,debilum</span> <span class='ocrx_word' id='word_1_434' title='bbox 2722 3014 2784 3064; x_wconf 90' lang='lat' dir='ltr'>ut</span> <span class='ocrx_word' id='word_1_435' title='bbox 2801 3010 2949 3081; x_wconf 85' lang='lat' dir='ltr'>patri</span> <span class='ocrx_word' id='word_1_436' title='bbox 2982 3011 3258 3070; x_wconf 88' lang='lat' dir='ltr'>honorem</span> <span class='ocrx_word' id='word_1_437' title='bbox 3279 3020 3336 3071; x_wconf 87' lang='lat' dir='ltr'>et</span> <span class='ocrx_word' id='word_1_438' title='bbox 3357 3017 3710 3091; x_wconf 89' lang='lat' dir='ltr'>obsequium</span> 
     </span>
    </p>
   </div>
   <div class='ocr_carea' id='block_1_62' title="bbox 2066 3097 3716 3171">
    <p class='ocr_par' dir='ltr' id='par_1_62' title="bbox 2066 3097 3716 3171">
     <span class='ocr_line' id='line_1_62' title="bbox 2066 3097 3716 3171; baseline 0.006 -18"><span class='ocrx_word' id='word_1_439' title='bbox 2066 3115 2168 3171; x_wconf 90' lang='lat' dir='ltr'>per</span> <span class='ocrx_word' id='word_1_440' title='bbox 2213 3097 2410 3153; x_wconf 90' lang='lat' dir='ltr'>omnia</span> <span class='ocrx_word' id='word_1_441' title='bbox 2454 3098 2675 3153; x_wconf 88' lang='lat' dir='ltr'>deferre</span> <span class='ocrx_word' id='word_1_442' title='bbox 2724 3100 2879 3153; x_wconf 89' lang='lat' dir='ltr'>Patri</span> <span class='ocrx_word' id='word_1_443' title='bbox 2923 3104 3117 3156; x_wconf 90' lang='lat' dir='ltr'>vestro</span> <span class='ocrx_word' id='word_1_444' title='bbox 3168 3119 3239 3158; x_wconf 90' lang='lat' dir='ltr'>ne</span> <span class='ocrx_word' id='word_1_445' title='bbox 3282 3104 3530 3161; x_wconf 85' lang='lat' dir='ltr'>desinite</span> <span class='ocrx_word' id='word_1_446' title='bbox 3565 3124 3578 3162; x_wconf 89' lang='lat'><strong>:</strong></span> <span class='ocrx_word' id='word_1_447' title='bbox 3629 3107 3716 3163; x_wconf 89' lang='lat' dir='ltr'>ita</span> 
     </span>
    </p>
   </div>
   <div class='ocr_carea' id='block_1_63' title="bbox 2068 3186 3712 3267">
    <p class='ocr_par' dir='ltr' id='par_1_63' title="bbox 2068 3186 3712 3267">
     <span class='ocr_line' id='line_1_63' title="bbox 2068 3186 3712 3267; baseline 0.005 -25"><span class='ocrx_word' id='word_1_448' title='bbox 2068 3186 2283 3261; x_wconf 90' lang='lat' dir='ltr'>quippe</span> <span class='ocrx_word' id='word_1_449' title='bbox 2305 3191 2361 3243; x_wconf 91' lang='lat' dir='ltr'>et</span> <span class='ocrx_word' id='word_1_450' title='bbox 2390 3186 2551 3242; x_wconf 89' lang='lat' dir='ltr'>vobis</span> <span class='ocrx_word' id='word_1_451' title='bbox 2582 3191 2734 3243; x_wconf 89' lang='lat' dir='ltr'>recte</span> <span class='ocrx_word' id='word_1_452' title='bbox 2757 3188 2876 3260; x_wconf 89' lang='lat' dir='ltr'>regi</span> <span class='ocrx_word' id='word_1_453' title='bbox 2900 3205 3001 3244; x_wconf 91' lang='lat' dir='ltr'>seu</span> <span class='ocrx_word' id='word_1_454' title='bbox 3020 3191 3183 3262; x_wconf 89' lang='lat' dir='ltr'>pasci</span> <span class='ocrx_word' id='word_1_455' title='bbox 3203 3193 3519 3266; x_wconf 88' lang='lat' dir='ltr'>continget;</span> <span class='ocrx_word' id='word_1_456' title='bbox 3536 3199 3712 3267; x_wconf 89' lang='lat' dir='ltr'>atque</span> 
     </span>
    </p>
   </div>
   <div class='ocr_carea' id='block_1_64' title="bbox 307 3252 1951 3356">
    <p class='ocr_par' dir='ltr' id='par_1_64' title="bbox 307 3270 1951 3349">
     <span class='ocr_line' id='line_1_64' title="bbox 307 3270 1951 3349; baseline -0.002 -17"><span class='ocrx_word' id='word_1_457' title='bbox 307 3276 426 3339; x_wconf 85' lang='grc' dir='ltr'>λῶς</span> <span class='ocrx_word' id='word_1_458' title='bbox 456 3274 620 3347; x_wconf 69' lang='grc' dir='ltr'>ἕξετε,</span> <span class='ocrx_word' id='word_1_459' title='bbox 652 3274 743 3330; x_wconf 86' lang='grc' dir='ltr'>καὶ</span> <span class='ocrx_word' id='word_1_460' title='bbox 773 3274 985 3348; x_wconf 73' lang='grc' dir='ltr'>ποιμὴν</span> <span class='ocrx_word' id='word_1_461' title='bbox 1028 3274 1184 3336; x_wconf 83' lang='grc' dir='ltr'>οὗτος</span> <span class='ocrx_word' id='word_1_462' title='bbox 1213 3270 1380 3342; x_wconf 80' lang='grc' dir='ltr'>ἔσται,</span> <span class='ocrx_word' id='word_1_463' title='bbox 1411 3273 1502 3328; x_wconf 83' lang='grc' dir='ltr'>καὶ</span> <span class='ocrx_word' id='word_1_464' title='bbox 1550 3272 1613 3328; x_wconf 84' lang='grc' dir='ltr'>ού</span> <span class='ocrx_word' id='word_1_465' title='bbox 1666 3275 1951 3349; x_wconf 69' lang='grc' dir='ltr'>μισθωτὸς,</span> 
     </span>
    </p>
   </div>
   <div class='ocr_carea' id='block_1_65' title="bbox 2063 3252 3715 3356">
    <p class='ocr_par' dir='ltr' id='par_1_65' title="bbox 2072 3252 3715 3356">
     <span class='ocr_line' id='line_1_65' title="bbox 2072 3252 3715 3356; baseline 0.005 -25"><span class='ocrx_word' id='word_1_466' title='bbox 2072 3277 2181 3332; x_wconf 88' lang='lat' dir='ltr'>iste</span> <span class='ocrx_word' id='word_1_467' title='bbox 2212 3275 2323 3331; x_wconf 89' lang='lat' dir='ltr'>erit</span> <span class='ocrx_word' id='word_1_468' title='bbox 2353 3278 2572 3347; x_wconf 88' lang='lat' dir='ltr'>pastor,</span> <span class='ocrx_word' id='word_1_469' title='bbox 2605 3290 2720 3330; x_wconf 92' lang='lat' dir='ltr'>non</span> <span class='ocrx_word' id='word_1_470' title='bbox 2755 3252 3500 3353; x_wconf 57' lang='lat' dir='ltr'>merccnarius,curamque</span> <span class='ocrx_word' id='word_1_471' title='bbox 3520 3252 3715 3356; x_wconf 73' lang='lat' dir='ltr'>gregis</span> 
     </span>
    </p>
   </div>
   <div class='ocr_carea' id='block_1_66' title="bbox 305 3360 1212 3437">
    <p class='ocr_par' dir='ltr' id='par_1_66' title="bbox 305 3360 1212 3437">
     <span class='ocr_line' id='line_1_66' title="bbox 305 3360 1212 3437; baseline -0.006 -16"><span class='ocrx_word' id='word_1_472' title='bbox 305 3369 408 3421; x_wconf 74' lang='grc' dir='ltr'>τοῦ</span> <span class='ocrx_word' id='word_1_473' title='bbox 462 3363 722 3437; x_wconf 84' lang='grc' dir='ltr'>ποιμνίου</span> <span class='ocrx_word' id='word_1_474' title='bbox 779 3360 1212 3436; x_wconf 74' lang='grc' dir='ltr'>ἐπιμελούμενος</span> 
     </span>
    </p>
   </div>
   <div class='ocr_carea' id='block_1_67' title="bbox 308 3447 1966 3525">
    <p class='ocr_par' dir='ltr' id='par_1_67' title="bbox 308 3447 1966 3525">
     <span class='ocr_line' id='line_1_67' title="bbox 308 3447 1966 3525; baseline -0.001 -17"><span class='ocrx_word' id='word_1_475' title='bbox 308 3455 387 3516; x_wconf 83' lang='grc' dir='ltr'>ὡς</span> <span class='ocrx_word' id='word_1_476' title='bbox 417 3454 567 3508; x_wconf 82' lang='grc' dir='ltr'>ὁτὸν</span> <span class='ocrx_word' id='word_1_477' title='bbox 618 3451 856 3525; x_wconf 88' lang='grc' dir='ltr'>ποιμένα</span> <span class='ocrx_word' id='word_1_478' title='bbox 906 3472 967 3506; x_wconf 89' lang='grc' dir='ltr'>τε</span> <span class='ocrx_word' id='word_1_479' title='bbox 1020 3450 1111 3506; x_wconf 86' lang='grc' dir='ltr'>καὶ</span> <span class='ocrx_word' id='word_1_480' title='bbox 1171 3447 1494 3506; x_wconf 82' lang='grc' dir='ltr'>διδάσκαλον</span> <span class='ocrx_word' id='word_1_481' title='bbox 1549 3449 1601 3505; x_wconf 85' lang='grc' dir='ltr'>ἐν</span> <span class='ocrx_word' id='word_1_482' title='bbox 1660 3456 1776 3513; x_wconf 90' lang='grc' dir='ltr'>τοῖς</span> <span class='ocrx_word' id='word_1_483' title='bbox 1829 3451 1966 3507; x_wconf 80' lang='grc' dir='ltr'>κατὰ</span> 
     </span>
    </p>
   </div>
   <div class='ocr_carea' id='block_1_68' title="bbox 302 3537 1964 3614">
    <p class='ocr_par' dir='ltr' id='par_1_68' title="bbox 302 3537 1964 3614">
     <span class='ocr_line' id='line_1_68' title="bbox 302 3537 1964 3614; baseline -0.001 -16"><span class='ocrx_word' id='word_1_484' title='bbox 302 3544 439 3598; x_wconf 85' lang='grc' dir='ltr'>Θεὸν</span> <span class='ocrx_word' id='word_1_485' title='bbox 470 3541 680 3614; x_wconf 81' lang='grc' dir='ltr'>λυπῶν,</span> <span class='ocrx_word' id='word_1_486' title='bbox 708 3541 770 3596; x_wconf 91' lang='grc' dir='ltr'>τὸ</span> <span class='ocrx_word' id='word_1_487' title='bbox 817 3538 914 3595; x_wconf 74' lang='grc' dir='ltr'>τού</span> <span class='ocrx_word' id='word_1_488' title='bbox 961 3537 1095 3595; x_wconf 71' lang='grc' dir='ltr'>Θεοῦ</span> <span class='ocrx_word' id='word_1_489' title='bbox 1124 3543 1334 3612; x_wconf 82' lang='grc' dir='ltr'>πνεῦμα</span> <span class='ocrx_word' id='word_1_490' title='bbox 1372 3544 1558 3609; x_wconf 80' lang='grc' dir='ltr'>Αυπεῖ,</span> <span class='ocrx_word' id='word_1_491' title='bbox 1588 3539 1650 3594; x_wconf 84' lang='grc' dir='ltr'>οὗ</span> <span class='ocrx_word' id='word_1_492' title='bbox 1680 3542 1778 3609; x_wconf 68' lang='grc' dir='ltr'>τὴν</span> <span class='ocrx_word' id='word_1_493' title='bbox 1810 3540 1964 3596; x_wconf 83' lang='grc' dir='ltr'>καθέ-</span> 
     </span>
    </p>
   </div>
   <div class='ocr_carea' id='block_1_69' title="bbox 305 3627 1963 3708">
    <p class='ocr_par' dir='ltr' id='par_1_69' title="bbox 305 3627 1963 3708">
     <span class='ocr_line' id='line_1_69' title="bbox 305 3627 1963 3708; baseline -0.001 -21"><span class='ocrx_word' id='word_1_494' title='bbox 305 3630 441 3708; x_wconf 82' lang='grc' dir='ltr'>δραν</span> <span class='ocrx_word' id='word_1_495' title='bbox 472 3629 629 3692; x_wconf 73' lang='grc' dir='ltr'>οὗτος</span> <span class='ocrx_word' id='word_1_496' title='bbox 651 3631 741 3685; x_wconf 83' lang='grc' dir='ltr'>καὶ</span> <span class='ocrx_word' id='word_1_497' title='bbox 772 3631 861 3685; x_wconf 89' lang='grc' dir='ltr'>τὸν</span> <span class='ocrx_word' id='word_1_498' title='bbox 892 3628 1061 3684; x_wconf 86' lang='grc' dir='ltr'>τόπον</span> <span class='ocrx_word' id='word_1_499' title='bbox 1091 3628 1297 3705; x_wconf 84' lang='grc' dir='ltr'>ἐπέχει·</span> <span class='ocrx_word' id='word_1_500' title='bbox 1329 3632 1420 3684; x_wconf 88' lang='grc' dir='ltr'><strong>καί</strong></span> <span class='ocrx_word' id='word_1_501' title='bbox 1451 3629 1480 3682; x_wconf 97' lang='lat'>6</span> <span class='ocrx_word' id='word_1_502' title='bbox 1508 3627 1635 3691; x_wconf 78' lang='grc' dir='ltr'>τοὺς</span> <span class='ocrx_word' id='word_1_503' title='bbox 1673 3627 1835 3684; x_wconf 69' lang='grc' dir='ltr'>αὐτοῦ</span> <span class='ocrx_word' id='word_1_504' title='bbox 1866 3627 1963 3685; x_wconf 88' lang='grc' dir='ltr'>λό-</span> 
     </span>
    </p>
   </div>
   <div class='ocr_carea' id='block_1_70' title="bbox 300 3713 1965 3797">
    <p class='ocr_par' dir='ltr' id='par_1_70' title="bbox 300 3713 1965 3797">
     <span class='ocr_line' id='line_1_70' title="bbox 300 3713 1965 3797; baseline -0.002 -21"><span class='ocrx_word' id='word_1_505' title='bbox 300 3741 443 3797; x_wconf 88' lang='grc' dir='ltr'>γους</span> <span class='ocrx_word' id='word_1_506' title='bbox 491 3720 715 3790; x_wconf 85' lang='grc' dir='ltr'>ἀθετῶν,</span> <span class='ocrx_word' id='word_1_507' title='bbox 771 3718 1000 3795; x_wconf 81' lang='grc' dir='ltr'>Χριστὸν</span> <span class='ocrx_word' id='word_1_508' title='bbox 1050 3718 1248 3785; x_wconf 83' lang='grc' dir='ltr'>ἀθετεῖ,</span> <span class='ocrx_word' id='word_1_509' title='bbox 1295 3716 1387 3773; x_wconf 74' lang='grc' dir='ltr'>καὶ</span> <span class='ocrx_word' id='word_1_510' title='bbox 1434 3713 1753 3794; x_wconf 84' lang='grc' dir='ltr'>παραϐάτης</span> <span class='ocrx_word' id='word_1_511' title='bbox 1791 3718 1965 3791; x_wconf 90' lang='grc' dir='ltr'>νόμου</span> 
     </span>
    </p>
   </div>
   <div class='ocr_carea' id='block_1_71' title="bbox 304 3804 1967 3884">
    <p class='ocr_par' dir='ltr' id='par_1_71' title="bbox 304 3804 1967 3884">
     <span class='ocr_line' id='line_1_71' title="bbox 304 3804 1967 3884; baseline -0.002 -19"><span class='ocrx_word' id='word_1_512' title='bbox 304 3809 635 3883; x_wconf 78' lang='grc' dir='ltr'>εύρίτκεται.</span> <span class='ocrx_word' id='word_1_513' title='bbox 668 3809 783 3884; x_wconf 90' lang='grc' dir='ltr'>Πρὸ</span> <span class='ocrx_word' id='word_1_514' title='bbox 813 3809 1027 3862; x_wconf 78' lang='grc' dir='ltr'>πάντων</span> <span class='ocrx_word' id='word_1_515' title='bbox 1055 3804 1112 3862; x_wconf 74' lang='grc' dir='ltr'>δὲ</span> <span class='ocrx_word' id='word_1_516' title='bbox 1139 3807 1206 3862; x_wconf 68' lang='grc' dir='ltr'>τὰ</span> <span class='ocrx_word' id='word_1_517' title='bbox 1232 3813 1335 3876; x_wconf 82' lang='grc' dir='ltr'>τῆς</span> <span class='ocrx_word' id='word_1_518' title='bbox 1364 3806 1597 3869; x_wconf 86' lang='grc' dir='ltr'>πίστεως</span> <span class='ocrx_word' id='word_1_519' title='bbox 1631 3807 1757 3880; x_wconf 80' lang='grc' dir='ltr'>ὑμῖν</span> <span class='ocrx_word' id='word_1_520' title='bbox 1802 3807 1967 3883; x_wconf 78' lang='grc' dir='ltr'>ὑγιῶς</span> 
     </span>
    </p>
   </div>
   <div class='ocr_carea' id='block_1_72' title="bbox 311 3890 1966 3974">
    <p class='ocr_par' dir='ltr' id='par_1_72' title="bbox 311 3890 1966 3974">
     <span class='ocr_line' id='line_1_72' title="bbox 311 3890 1966 3974; baseline -0.002 -20"><span class='ocrx_word' id='word_1_521' title='bbox 311 3898 592 3974; x_wconf 74' lang='grc' dir='ltr'>ἐχέτωσαν</span> <span class='ocrx_word' id='word_1_522' title='bbox 641 3897 732 3951; x_wconf 84' lang='grc' dir='ltr'>καὶ</span> <span class='ocrx_word' id='word_1_523' title='bbox 786 3890 1042 3972; x_wconf 86' lang='grc' dir='ltr'>βεϐαίως,</span> <span class='ocrx_word' id='word_1_524' title='bbox 1091 3893 1327 3968; x_wconf 84' lang='grc' dir='ltr'>κινδύνῳ</span> <span class='ocrx_word' id='word_1_525' title='bbox 1379 3892 1566 3969; x_wconf 85' lang='grc' dir='ltr'>μηδενὶ</span> <span class='ocrx_word' id='word_1_526' title='bbox 1608 3894 1966 3969; x_wconf 87' lang='grc' dir='ltr'>σαλευόμενα’</span> 
     </span>
    </p>
   </div>
   <div class='ocr_carea' id='block_1_73' title="bbox 306 3977 1964 4060">
    <p class='ocr_par' dir='ltr' id='par_1_73' title="bbox 306 3977 1964 4060">
     <span class='ocr_line' id='line_1_73' title="bbox 306 3977 1964 4060; baseline -0.002 -17"><span class='ocrx_word' id='word_1_527' title='bbox 306 3986 500 4043; x_wconf 75' lang='grc' dir='ltr'>ἔπειτα</span> <span class='ocrx_word' id='word_1_528' title='bbox 522 3984 613 4042; x_wconf 85' lang='grc' dir='ltr'>καὶ</span> <span class='ocrx_word' id='word_1_529' title='bbox 643 3985 673 4039; x_wconf 91' lang='lat'>6</span> <span class='ocrx_word' id='word_1_530' title='bbox 708 3983 826 4060; x_wconf 82' lang='grc' dir='ltr'>βίος</span> <span class='ocrx_word' id='word_1_531' title='bbox 861 3984 1013 4057; x_wconf 83' lang='grc' dir='ltr'>ὑμῶν</span> <span class='ocrx_word' id='word_1_532' title='bbox 1059 3982 1293 4059; x_wconf 89' lang='grc' dir='ltr'>καθαρὸς</span> <span class='ocrx_word' id='word_1_533' title='bbox 1343 3977 1501 4054; x_wconf 78' lang='grc' dir='ltr'>ἔστω,</span> <span class='ocrx_word' id='word_1_534' title='bbox 1532 3982 1567 4052; x_wconf 76' lang='grc' dir='ltr'><strong>ἢ</strong></span> <span class='ocrx_word' id='word_1_535' title='bbox 1608 3982 1964 4060; x_wconf 84' lang='grc' dir='ltr'>καθαιρέσθω’</span> 
     </span>
    </p>
   </div>
   <div class='ocr_carea' id='block_1_74' title="bbox 306 4070 1969 4151">
    <p class='ocr_par' dir='ltr' id='par_1_74' title="bbox 306 4070 1969 4151">
     <span class='ocr_line' id='line_1_74' title="bbox 306 4070 1969 4151; baseline -0.004 -18"><span class='ocrx_word' id='word_1_536' title='bbox 306 4076 404 4133; x_wconf 80' lang='grc' dir='ltr'>καὶ</span> <span class='ocrx_word' id='word_1_537' title='bbox 436 4074 872 4151; x_wconf 77' lang='grc' dir='ltr'>προηγουμένως</span> <span class='ocrx_word' id='word_1_538' title='bbox 902 4074 931 4128; x_wconf 94' lang='lat'>6</span> <span class='ocrx_word' id='word_1_539' title='bbox 957 4076 1056 4128; x_wconf 78' lang='grc' dir='ltr'>τοῦ</span> <span class='ocrx_word' id='word_1_540' title='bbox 1106 4072 1362 4146; x_wconf 84' lang='grc' dir='ltr'>σώματος</span> <span class='ocrx_word' id='word_1_541' title='bbox 1411 4072 1684 4146; x_wconf 82' lang='grc' dir='ltr'>ἁγιασμὸς</span> <span class='ocrx_word' id='word_1_542' title='bbox 1728 4070 1969 4128; x_wconf 86' lang='grc' dir='ltr'>σπουδα-</span> 
     </span>
    </p>
   </div>
   <div class='ocr_carea' id='block_1_75' title="bbox 319 4156 1970 4239">
    <p class='ocr_par' dir='ltr' id='par_1_75' title="bbox 319 4156 1970 4239">
     <span class='ocr_line' id='line_1_75' title="bbox 319 4156 1970 4239; baseline -0.002 -18"><span class='ocrx_word' id='word_1_543' title='bbox 319 4161 702 4236; x_wconf 82' lang='grc' dir='ltr'>ζέσθωόύδείς</span> <span class='ocrx_word' id='word_1_544' title='bbox 731 4165 836 4239; x_wconf 79' lang='grc' dir='ltr'>γὰρ</span> <span class='ocrx_word' id='word_1_545' title='bbox 864 4161 1060 4218; x_wconf 88' lang='grc' dir='ltr'>τούτου</span> <span class='ocrx_word' id='word_1_546' title='bbox 1091 4160 1291 4237; x_wconf 85' lang='grc' dir='ltr'>χωρὶς,</span> <span class='ocrx_word' id='word_1_547' title='bbox 1318 4160 1412 4216; x_wconf 89' lang='grc' dir='ltr'>τὸν</span> <span class='ocrx_word' id='word_1_548' title='bbox 1441 4159 1637 4236; x_wconf 83' lang='grc' dir='ltr'>Κύριον</span> <span class='ocrx_word' id='word_1_549' title='bbox 1667 4156 1877 4235; x_wconf 71' lang='grc' dir='ltr'>ὄψεται.</span> <span class='ocrx_word' id='word_1_550' title='bbox 1898 4163 1970 4218; x_wconf 85' lang='grc' dir='ltr'>Τὸ</span> 
     </span>
    </p>
   </div>
   <div class='ocr_carea' id='block_1_76' title="bbox 316 4248 1974 4329">
    <p class='ocr_par' dir='ltr' id='par_1_76' title="bbox 316 4248 1974 4329">
     <span class='ocr_line' id='line_1_76' title="bbox 316 4248 1974 4329; baseline -0.002 -20"><span class='ocrx_word' id='word_1_551' title='bbox 316 4252 590 4329; x_wconf 79' lang='grc' dir='ltr'>εἰρηνικόν</span> <span class='ocrx_word' id='word_1_552' title='bbox 618 4272 679 4308; x_wconf 87' lang='grc' dir='ltr'>τε</span> <span class='ocrx_word' id='word_1_553' title='bbox 707 4252 797 4307; x_wconf 84' lang='grc' dir='ltr'>καὶ</span> <span class='ocrx_word' id='word_1_554' title='bbox 826 4250 1034 4327; x_wconf 77' lang='grc' dir='ltr'>ἥμερον</span> <span class='ocrx_word' id='word_1_555' title='bbox 1086 4248 1361 4321; x_wconf 75' lang='grc' dir='ltr'>ἀλλήλοις</span> <span class='ocrx_word' id='word_1_556' title='bbox 1410 4250 1568 4305; x_wconf 87' lang='grc' dir='ltr'>παντῖ</span> <span class='ocrx_word' id='word_1_557' title='bbox 1607 4249 1796 4326; x_wconf 88' lang='grc' dir='ltr'>τρόπῳ</span> <span class='ocrx_word' id='word_1_558' title='bbox 1825 4272 1974 4329; x_wconf 83' lang='grc' dir='ltr'>περι-</span> 
     </span>
    </p>
   </div>
   <div class='ocr_carea' id='block_1_77' title="bbox 317 4333 1974 4413">
    <p class='ocr_par' dir='ltr' id='par_1_77' title="bbox 317 4333 1974 4413">
     <span class='ocr_line' id='line_1_77' title="bbox 317 4333 1974 4413; baseline -0.003 -13"><span class='ocrx_word' id='word_1_559' title='bbox 317 4342 580 4400; x_wconf 84' lang='grc' dir='ltr'>ποιείσθω</span> <span class='ocrx_word' id='word_1_560' title='bbox 609 4344 698 4400; x_wconf 78' lang='grc'>⁶.⁰.</span> <span class='ocrx_word' id='word_1_561' title='bbox 730 4340 794 4395; x_wconf 78' lang='grc' dir='ltr'>Εἰ</span> <span class='ocrx_word' id='word_1_562' title='bbox 836 4337 893 4395; x_wconf 79' lang='grc' dir='ltr'>δὲ</span> <span class='ocrx_word' id='word_1_563' title='bbox 921 4338 1009 4395; x_wconf 80' lang='grc' dir='ltr'>καὶ</span> <span class='ocrx_word' id='word_1_564' title='bbox 1042 4333 1280 4411; x_wconf 86' lang='grc' dir='ltr'>συμϐαίη</span> <span class='ocrx_word' id='word_1_565' title='bbox 1315 4339 1449 4394; x_wconf 74' lang='grc' dir='ltr'>ποτὶ</span> <span class='ocrx_word' id='word_1_566' title='bbox 1476 4336 1742 4410; x_wconf 82' lang='grc' dir='ltr'>ἀλλήλων</span> <span class='ocrx_word' id='word_1_567' title='bbox 1780 4339 1974 4413; x_wconf 79' lang='grc' dir='ltr'>μεταξὺ</span> 
     </span>
    </p>
   </div>
   <div class='ocr_carea' id='block_1_78' title="bbox 326 4426 1975 4505">
    <p class='ocr_par' dir='ltr' id='par_1_78' title="bbox 326 4426 1975 4505">
     <span class='ocr_line' id='line_1_78' title="bbox 326 4426 1975 4505; baseline -0.002 -17"><span class='ocrx_word' id='word_1_568' title='bbox 326 4430 647 4499; x_wconf 82' lang='grc' dir='ltr'>σκάνδαλον,</span> <span class='ocrx_word' id='word_1_569' title='bbox 684 4430 761 4504; x_wconf 81' lang='grc' dir='ltr'>μὴ</span> <span class='ocrx_word' id='word_1_570' title='bbox 793 4426 1057 4485; x_wconf 74' lang='grc' dir='ltr'>ἐπιδυέτω</span> <span class='ocrx_word' id='word_1_571' title='bbox 1106 4429 1230 4502; x_wconf 84' lang='grc' dir='ltr'>ὑμῖν</span> <span class='ocrx_word' id='word_1_572' title='bbox 1274 4429 1302 4483; x_wconf 91' lang='lat'>6</span> <span class='ocrx_word' id='word_1_573' title='bbox 1350 4427 1513 4497; x_wconf 82' lang='grc' dir='ltr'>ἥλιος</span> <span class='ocrx_word' id='word_1_574' title='bbox 1558 4427 1733 4492; x_wconf 78' lang='grc' dir='ltr'>οὕτως</span> <span class='ocrx_word' id='word_1_575' title='bbox 1764 4426 1975 4505; x_wconf 78' lang='grc' dir='ltr'>ἔχουσι.</span> 
     </span>
    </p>
   </div>
   <div class='ocr_carea' id='block_1_79' title="bbox 323 4511 1977 4596">
    <p class='ocr_par' dir='ltr' id='par_1_79' title="bbox 323 4511 1977 4596">
     <span class='ocr_line' id='line_1_79' title="bbox 323 4511 1977 4596; baseline -0.001 -20"><span class='ocrx_word' id='word_1_576' title='bbox 323 4526 431 4577; x_wconf 76' lang='grc' dir='ltr'>Τοῦ</span> <span class='ocrx_word' id='word_1_577' title='bbox 479 4524 524 4559; x_wconf 85' lang='grc'>¹⁰</span> <span class='ocrx_word' id='word_1_578' title='bbox 572 4519 772 4596; x_wconf 89' lang='grc' dir='ltr'>κρίνειν</span> <span class='ocrx_word' id='word_1_579' title='bbox 830 4518 922 4573; x_wconf 89' lang='grc' dir='ltr'>τὸν</span> <span class='ocrx_word' id='word_1_580' title='bbox 975 4516 1211 4588; x_wconf 86' lang='grc' dir='ltr'>πλησίον</span> <span class='ocrx_word' id='word_1_581' title='bbox 1272 4511 1607 4581; x_wconf 86' lang='grc' dir='ltr'>εὐλαϐεῖσθε·</span> <span class='ocrx_word' id='word_1_582' title='bbox 1661 4519 1977 4592; x_wconf 77' lang='grc' dir='ltr'>φαρισαϊκὸν</span> 
     </span>
    </p>
   </div>
   <div class='ocr_carea' id='block_1_80' title="bbox 1256 3360 1963 3439">
    <p class='ocr_par' dir='ltr' id='par_1_80' title="bbox 1256 3360 1963 3439">
     <span class='ocr_line' id='line_1_80' title="bbox 1256 3360 1963 3439; baseline 0.001 -21"><span class='ocrx_word' id='word_1_583' title='bbox 1256 3404 1269 3418; x_wconf 93' lang='grc'>.</span> <span class='ocrx_word' id='word_1_584' title='bbox 1310 3362 1524 3416; x_wconf 88' lang='grc' dir='ltr'>Ἕσεσθε</span> <span class='ocrx_word' id='word_1_585' title='bbox 1596 3362 1699 3439; x_wconf 83' lang='grc' dir='ltr'>γὰρ</span> <span class='ocrx_word' id='word_1_586' title='bbox 1760 3360 1963 3427; x_wconf 71' lang='grc' dir='ltr'>εἰδότες</span> 
     </span>
    </p>
   </div>
   <div class='ocr_carea' id='block_1_81' title="bbox 328 4602 2054 4692">
    <p class='ocr_par' dir='ltr' id='par_1_81' title="bbox 328 4602 2054 4692">
     <span class='ocr_line' id='line_1_81' title="bbox 328 4602 2054 4692; baseline -0.002 -27"><span class='ocrx_word' id='word_1_587' title='bbox 328 4612 435 4687; x_wconf 74' lang='grc' dir='ltr'>γὰρ</span> <span class='ocrx_word' id='word_1_588' title='bbox 480 4607 665 4678; x_wconf 69' lang='grc' dir='ltr'>τούτο,</span> <span class='ocrx_word' id='word_1_589' title='bbox 714 4607 805 4663; x_wconf 78' lang='grc' dir='ltr'>καὶ</span> <span class='ocrx_word' id='word_1_590' title='bbox 854 4606 1081 4681; x_wconf 87' lang='grc' dir='ltr'>κρίσεως</span> <span class='ocrx_word' id='word_1_591' title='bbox 1128 4602 1343 4681; x_wconf 81' lang='grc' dir='ltr'>ἔνοχον.</span> <span class='ocrx_word' id='word_1_592' title='bbox 1387 4610 1497 4675; x_wconf 83' lang='grc' dir='ltr'>Τῆς</span> <span class='ocrx_word' id='word_1_593' title='bbox 1547 4603 1853 4683; x_wconf 79' lang='grc' dir='ltr'>φιλοξενίας</span> <span class='ocrx_word' id='word_1_594' title='bbox 1889 4607 1980 4663; x_wconf 85' lang='grc' dir='ltr'>καὶ</span> <span class='ocrx_word' id='word_1_595' title='bbox 2013 4629 2054 4692; x_wconf 58' lang='grc' dir='ltr'>Ξ)</span> 
     </span>
    </p>
   </div>
   <div class='ocr_carea' id='block_1_82' title="bbox 329 4694 1981 4771">
    <p class='ocr_par' dir='ltr' id='par_1_82' title="bbox 329 4694 1981 4771">
     <span class='ocr_line' id='line_1_82' title="bbox 329 4694 1981 4771; baseline -0.002 -17"><span class='ocrx_word' id='word_1_596' title='bbox 329 4696 553 4761; x_wconf 75' lang='grc' dir='ltr'>εύποίας</span> <span class='ocrx_word' id='word_1_597' title='bbox 617 4698 693 4771; x_wconf 78' lang='grc' dir='ltr'>μὴ</span> <span class='ocrx_word' id='word_1_598' title='bbox 754 4696 1189 4751; x_wconf 78' lang='grc' dir='ltr'>ἐπιλανθάνεσθε·</span> <span class='ocrx_word' id='word_1_599' title='bbox 1248 4699 1412 4749; x_wconf 77' lang='grc' dir='ltr'>τοῦτο</span> <span class='ocrx_word' id='word_1_600' title='bbox 1468 4695 1570 4770; x_wconf 72' lang='grc' dir='ltr'>γὰρ</span> <span class='ocrx_word' id='word_1_601' title='bbox 1628 4694 1825 4765; x_wconf 86' lang='grc' dir='ltr'>ἐντολή</span> <span class='ocrx_word' id='word_1_602' title='bbox 1883 4700 1981 4751; x_wconf 78' lang='grc' dir='ltr'>τοῦ</span> 
     </span>
    </p>
   </div>
   <div class='ocr_carea' id='block_1_83' title="bbox 329 4782 1984 4861">
    <p class='ocr_par' dir='ltr' id='par_1_83' title="bbox 329 4782 1984 4861">
     <span class='ocr_line' id='line_1_83' title="bbox 329 4782 1984 4861; baseline -0.002 -19"><span class='ocrx_word' id='word_1_603' title='bbox 329 4787 554 4861; x_wconf 83' lang='grc' dir='ltr'>πρώτου</span> <span class='ocrx_word' id='word_1_604' title='bbox 600 4782 941 4840; x_wconf 82' lang='grc' dir='ltr'>Διδασκάλου</span> <span class='ocrx_word' id='word_1_605' title='bbox 987 4784 1076 4838; x_wconf 86' lang='grc' dir='ltr'>καὶ</span> <span class='ocrx_word' id='word_1_606' title='bbox 1110 4789 1371 4859; x_wconf 81' lang='grc' dir='ltr'>Σωτῆρος</span> <span class='ocrx_word' id='word_1_607' title='bbox 1409 4784 1450 4823; x_wconf 75' lang='grc'>¹¹</span> <span class='ocrx_word' id='word_1_608' title='bbox 1482 4786 1637 4839; x_wconf 79' lang='grc' dir='ltr'>Θεοῦ,</span> <span class='ocrx_word' id='word_1_609' title='bbox 1669 4789 1794 4846; x_wconf 92' lang='grc' dir='ltr'>Τοῖς</span> <span class='ocrx_word' id='word_1_610' title='bbox 1826 4784 1984 4840; x_wconf 87' lang='grc' dir='ltr'>πταί-</span> 
     </span>
    </p>
   </div>
   <div class='ocr_carea' id='block_1_84' title="bbox 2073 3363 3715 3446">
    <p class='ocr_par' dir='ltr' id='par_1_84' title="bbox 2073 3363 3715 3446">
     <span class='ocr_line' id='line_1_84' title="bbox 2073 3363 3715 3446; baseline 0.004 -25"><span class='ocrx_word' id='word_1_611' title='bbox 2073 3364 2375 3437; x_wconf 89' lang='lat' dir='ltr'>suscipiet.</span> <span class='ocrx_word' id='word_1_612' title='bbox 2425 3363 2569 3421; x_wconf 87' lang='lat' dir='ltr'>Nam</span> <span class='ocrx_word' id='word_1_613' title='bbox 2602 3363 2807 3421; x_wconf 88' lang='lat' dir='ltr'>scitote</span> <span class='ocrx_word' id='word_1_614' title='bbox 2832 3381 2965 3421; x_wconf 91' lang='lat' dir='ltr'>eum</span> <span class='ocrx_word' id='word_1_615' title='bbox 3001 3367 3101 3438; x_wconf 90' lang='lat' dir='ltr'>qui</span> <span class='ocrx_word' id='word_1_616' title='bbox 3151 3369 3370 3441; x_wconf 88' lang='lat' dir='ltr'>pastori</span> <span class='ocrx_word' id='word_1_617' title='bbox 3418 3387 3485 3426; x_wconf 92' lang='lat' dir='ltr'>ac</span> <span class='ocrx_word' id='word_1_618' title='bbox 3526 3372 3715 3446; x_wconf 87' lang='lat' dir='ltr'>magi-</span> 
     </span>
    </p>
   </div>
   <div class='ocr_carea' id='block_1_85' title="bbox 2074 3451 3720 3531">
    <p class='ocr_par' dir='ltr' id='par_1_85' title="bbox 2074 3451 3720 3531">
     <span class='ocr_line' id='line_1_85' title="bbox 2074 3451 3720 3531; baseline 0.005 -22"><span class='ocrx_word' id='word_1_619' title='bbox 2074 3458 2193 3509; x_wconf 88' lang='lat' dir='ltr'>stro</span> <span class='ocrx_word' id='word_1_620' title='bbox 2242 3451 2540 3525; x_wconf 82' lang='lat' dir='ltr'>negotium</span> <span class='ocrx_word' id='word_1_621' title='bbox 2572 3451 2630 3506; x_wconf 89' lang='lat' dir='ltr'>in</span> <span class='ocrx_word' id='word_1_622' title='bbox 2682 3454 2855 3509; x_wconf 90' lang='lat' dir='ltr'>rebus</span> <span class='ocrx_word' id='word_1_623' title='bbox 2886 3470 3011 3525; x_wconf 75' lang='lat' dir='ltr'>quas</span> <span class='ocrx_word' id='word_1_624' title='bbox 3063 3456 3133 3511; x_wconf 90' lang='lat' dir='ltr'>ad</span> <span class='ocrx_word' id='word_1_625' title='bbox 3185 3457 3369 3514; x_wconf 91' lang='lat' dir='ltr'>Deum</span> <span class='ocrx_word' id='word_1_626' title='bbox 3425 3460 3720 3531; x_wconf 86' lang='lat' dir='ltr'>pertinent</span> 
     </span>
    </p>
   </div>
   <div class='ocr_carea' id='block_1_86' title="bbox 2074 3540 3717 3613">
    <p class='ocr_par' dir='ltr' id='par_1_86' title="bbox 2074 3540 3717 3613">
     <span class='ocr_line' id='line_1_86' title="bbox 2074 3540 3717 3613; baseline 0.005 -15"><span class='ocrx_word' id='word_1_627' title='bbox 2074 3541 2329 3608; x_wconf 83' lang='lat' dir='ltr'>facessit,</span> <span class='ocrx_word' id='word_1_628' title='bbox 2368 3541 2462 3597; x_wconf 90' lang='lat' dir='ltr'>Dei</span> <span class='ocrx_word' id='word_1_629' title='bbox 2513 3540 2816 3613; x_wconf 86' lang='lat' dir='ltr'>Spiritum,</span> <span class='ocrx_word' id='word_1_630' title='bbox 2850 3544 3019 3613; x_wconf 82' lang='lat' dir='ltr'>cujus</span> <span class='ocrx_word' id='word_1_631' title='bbox 3068 3544 3161 3600; x_wconf 92' lang='lat' dir='ltr'>hic</span> <span class='ocrx_word' id='word_1_632' title='bbox 3190 3547 3387 3603; x_wconf 82' lang='lat' dir='ltr'>sedem</span> <span class='ocrx_word' id='word_1_633' title='bbox 3420 3553 3477 3604; x_wconf 91' lang='lat' dir='ltr'>et</span> <span class='ocrx_word' id='word_1_634' title='bbox 3523 3549 3717 3606; x_wconf 89' lang='lat' dir='ltr'>locum</span> 
     </span>
    </p>
   </div>
   <div class='ocr_carea' id='block_1_87' title="bbox 2075 3630 3718 3705">
    <p class='ocr_par' dir='ltr' id='par_1_87' title="bbox 2075 3630 3718 3705">
     <span class='ocr_line' id='line_1_87' title="bbox 2075 3630 3718 3705; baseline 0.004 -16"><span class='ocrx_word' id='word_1_635' title='bbox 2075 3631 2315 3698; x_wconf 86' lang='lat' dir='ltr'>obtinet,</span> <span class='ocrx_word' id='word_1_636' title='bbox 2366 3630 2710 3686; x_wconf 82' lang='lat' dir='ltr'>contristare</span> <span class='ocrx_word' id='word_1_637' title='bbox 2741 3648 2754 3686; x_wconf 90' lang='lat'>:</span> <span class='ocrx_word' id='word_1_638' title='bbox 2789 3647 3040 3705; x_wconf 89' lang='lat' dir='ltr'>eumque</span> <span class='ocrx_word' id='word_1_639' title='bbox 3082 3635 3182 3705; x_wconf 91' lang='lat' dir='ltr'>qui</span> <span class='ocrx_word' id='word_1_640' title='bbox 3213 3653 3513 3694; x_wconf 90' lang='lat' dir='ltr'>sermones</span> <span class='ocrx_word' id='word_1_641' title='bbox 3558 3638 3718 3695; x_wconf 88' lang='lat' dir='ltr'>illius</span> 
     </span>
    </p>
   </div>
   <div class='ocr_carea' id='block_1_88' title="bbox 2076 3718 3723 3797">
    <p class='ocr_par' dir='ltr' id='par_1_88' title="bbox 2076 3718 3723 3797">
     <span class='ocr_line' id='line_1_88' title="bbox 2076 3718 3723 3797; baseline 0.004 -20"><span class='ocrx_word' id='word_1_642' title='bbox 2076 3719 2317 3793; x_wconf 89' lang='lat' dir='ltr'>spernit,</span> <span class='ocrx_word' id='word_1_643' title='bbox 2335 3718 2633 3775; x_wconf 87' lang='lat' dir='ltr'>Christum</span> <span class='ocrx_word' id='word_1_644' title='bbox 2664 3735 2956 3791; x_wconf 89' lang='lat' dir='ltr'>spernere,</span> <span class='ocrx_word' id='word_1_645' title='bbox 2973 3726 3030 3777; x_wconf 92' lang='lat' dir='ltr'>et</span> <span class='ocrx_word' id='word_1_646' title='bbox 3054 3722 3199 3795; x_wconf 87' lang='lat' dir='ltr'>legis</span> <span class='ocrx_word' id='word_1_647' title='bbox 3230 3727 3723 3797; x_wconf 89' lang='lat' dir='ltr'>transgressorem</span> 
     </span>
    </p>
   </div>
   <div class='ocr_carea' id='block_1_89' title="bbox 2074 3807 3725 3871">
    <p class='ocr_par' dir='ltr' id='par_1_89' title="bbox 2074 3807 3725 3871">
     <span class='ocr_line' id='line_1_89' title="bbox 2074 3807 3725 3871; baseline 0.003 -5"><span class='ocrx_word' id='word_1_648' title='bbox 2074 3807 2321 3865; x_wconf 87' lang='lat' dir='ltr'>inveniri</span> <span class='ocrx_word' id='word_1_649' title='bbox 2347 3809 2395 3862; x_wconf 72' lang='grc' dir='ltr'>δ.</span> <span class='ocrx_word' id='word_1_650' title='bbox 2428 3810 2574 3863; x_wconf 91' lang='lat' dir='ltr'>Ante</span> <span class='ocrx_word' id='word_1_651' title='bbox 2604 3808 2799 3863; x_wconf 89' lang='lat' dir='ltr'>omnia</span> <span class='ocrx_word' id='word_1_652' title='bbox 2829 3826 2962 3866; x_wconf 90' lang='lat' dir='ltr'>vero</span> <span class='ocrx_word' id='word_1_653' title='bbox 2995 3811 3140 3868; x_wconf 83' lang='lat' dir='ltr'>ﬁdes</span> <span class='ocrx_word' id='word_1_654' title='bbox 3174 3812 3233 3867; x_wconf 89' lang='lat' dir='ltr'>in</span> <span class='ocrx_word' id='word_1_655' title='bbox 3269 3814 3435 3870; x_wconf 92' lang='lat' dir='ltr'>vobis</span> <span class='ocrx_word' id='word_1_656' title='bbox 3473 3832 3619 3871; x_wconf 85' lang='lat' dir='ltr'>sana</span> <span class='ocrx_word' id='word_1_657' title='bbox 3647 3816 3725 3871; x_wconf 90' lang='lat' dir='ltr'>sit</span> 
     </span>
    </p>
   </div>
   <div class='ocr_carea' id='block_1_90' title="bbox 2076 3895 3721 3969">
    <p class='ocr_par' dir='ltr' id='par_1_90' title="bbox 2076 3895 3721 3969">
     <span class='ocr_line' id='line_1_90' title="bbox 2076 3895 3721 3969; baseline 0.004 -15"><span class='ocrx_word' id='word_1_658' title='bbox 2076 3915 2144 3954; x_wconf 89' lang='lat' dir='ltr'>ac</span> <span class='ocrx_word' id='word_1_659' title='bbox 2174 3898 2365 3965; x_wconf 84' lang='lat' dir='ltr'>ﬁrma,</span> <span class='ocrx_word' id='word_1_660' title='bbox 2414 3895 2574 3951; x_wconf 90' lang='lat' dir='ltr'>nullo</span> <span class='ocrx_word' id='word_1_661' title='bbox 2607 3896 2862 3968; x_wconf 90' lang='lat' dir='ltr'>periculo</span> <span class='ocrx_word' id='word_1_662' title='bbox 2914 3899 3243 3969; x_wconf 85' lang='lat' dir='ltr'>ﬂuctuans;</span> <span class='ocrx_word' id='word_1_663' title='bbox 3276 3902 3484 3958; x_wconf 89' lang='lat' dir='ltr'>deinde</span> <span class='ocrx_word' id='word_1_664' title='bbox 3515 3908 3573 3959; x_wconf 91' lang='lat' dir='ltr'>et</span> <span class='ocrx_word' id='word_1_665' title='bbox 3598 3904 3721 3960; x_wconf 84' lang='lat' dir='ltr'>vita</span> 
     </span>
    </p>
   </div>
   <div class='ocr_carea' id='block_1_91' title="bbox 2076 3986 3721 4065">
    <p class='ocr_par' dir='ltr' id='par_1_91' title="bbox 2076 3986 3721 4065">
     <span class='ocr_line' id='line_1_91' title="bbox 2076 3986 3721 4065; baseline 0.003 -22"><span class='ocrx_word' id='word_1_666' title='bbox 2076 3992 2269 4044; x_wconf 88' lang='lat' dir='ltr'>vestra</span> <span class='ocrx_word' id='word_1_667' title='bbox 2317 4003 2463 4058; x_wconf 91' lang='lat' dir='ltr'>pura</span> <span class='ocrx_word' id='word_1_668' title='bbox 2492 3990 2596 4041; x_wconf 90' lang='lat' dir='ltr'>aut</span> <span class='ocrx_word' id='word_1_669' title='bbox 2641 3986 2735 4051; x_wconf 89' lang='lat' dir='ltr'>sit,</span> <span class='ocrx_word' id='word_1_670' title='bbox 2771 3991 2871 4041; x_wconf 87' lang='lat' dir='ltr'>aut</span> <span class='ocrx_word' id='word_1_671' title='bbox 2919 3988 3245 4056; x_wconf 80' lang='lat' dir='ltr'>efficiatur;</span> <span class='ocrx_word' id='word_1_672' title='bbox 3279 3992 3721 4065; x_wconf 63' lang='lat' dir='ltr'>praesertimque</span> 
     </span>
    </p>
   </div>
   <div class='ocr_carea' id='block_1_92' title="bbox 2079 4075 3721 4153">
    <p class='ocr_par' dir='ltr' id='par_1_92' title="bbox 2079 4075 3721 4153">
     <span class='ocr_line' id='line_1_92' title="bbox 2079 4075 3721 4153; baseline 0.003 -21"><span class='ocrx_word' id='word_1_673' title='bbox 2079 4075 2372 4132; x_wconf 84' lang='lat' dir='ltr'>excolatur</span> <span class='ocrx_word' id='word_1_674' title='bbox 2399 4075 2658 4146; x_wconf 88' lang='lat' dir='ltr'>corporis</span> <span class='ocrx_word' id='word_1_675' title='bbox 2689 4076 3271 4141; x_wconf 84' lang='lat' dir='ltr'>sanctimonia;nemo</span> <span class='ocrx_word' id='word_1_676' title='bbox 3301 4080 3457 4135; x_wconf 92' lang='lat' dir='ltr'>enim</span> <span class='ocrx_word' id='word_1_677' title='bbox 3499 4080 3721 4153; x_wconf 89' lang='lat' dir='ltr'>absque</span> 
     </span>
    </p>
   </div>
   <div class='ocr_carea' id='block_1_93' title="bbox 2081 4163 3723 4238">
    <p class='ocr_par' dir='ltr' id='par_1_93' title="bbox 2081 4163 3723 4238">
     <span class='ocr_line' id='line_1_93' title="bbox 2081 4163 3723 4238; baseline 0.003 -17"><span class='ocrx_word' id='word_1_678' title='bbox 2081 4181 2149 4221; x_wconf 88' lang='lat' dir='ltr'>ea</span> <span class='ocrx_word' id='word_1_679' title='bbox 2179 4164 2488 4220; x_wconf 91' lang='lat' dir='ltr'>Dominum</span> <span class='ocrx_word' id='word_1_680' title='bbox 2536 4163 2770 4218; x_wconf 88' lang='lat' dir='ltr'>videbit.</span> <span class='ocrx_word' id='word_1_681' title='bbox 2807 4168 2922 4219; x_wconf 90' lang='lat' dir='ltr'>Pax</span> <span class='ocrx_word' id='word_1_682' title='bbox 2951 4169 3006 4220; x_wconf 92' lang='lat' dir='ltr'>et</span> <span class='ocrx_word' id='word_1_683' title='bbox 3038 4166 3203 4238; x_wconf 90' lang='lat' dir='ltr'>quies</span> <span class='ocrx_word' id='word_1_684' title='bbox 3244 4167 3399 4223; x_wconf 87' lang='lat' dir='ltr'>inter</span> <span class='ocrx_word' id='word_1_685' title='bbox 3427 4186 3530 4226; x_wconf 90' lang='lat' dir='ltr'>vos</span> <span class='ocrx_word' id='word_1_686' title='bbox 3561 4169 3723 4225; x_wconf 89' lang='lat' dir='ltr'>omni</span> 
     </span>
    </p>
   </div>
   <div class='ocr_carea' id='block_1_94' title="bbox 2083 4252 3729 4317">
    <p class='ocr_par' dir='ltr' id='par_1_94' title="bbox 2083 4252 3729 4317">
     <span class='ocr_line' id='line_1_94' title="bbox 2083 4252 3729 4317; baseline 0.003 -8"><span class='ocrx_word' id='word_1_687' title='bbox 2083 4254 2257 4309; x_wconf 90' lang='lat' dir='ltr'>modo</span> <span class='ocrx_word' id='word_1_688' title='bbox 2290 4253 2742 4317; x_wconf 86' lang='lat' dir='ltr'>teneatur.Quod</span> <span class='ocrx_word' id='word_1_689' title='bbox 2779 4252 2825 4307; x_wconf 89' lang='lat' dir='ltr'>si</span> <span class='ocrx_word' id='word_1_690' title='bbox 2863 4254 3005 4309; x_wconf 84' lang='lat' dir='ltr'>forte</span> <span class='ocrx_word' id='word_1_691' title='bbox 3037 4255 3381 4313; x_wconf 89' lang='lat' dir='ltr'>scandalum</span> <span class='ocrx_word' id='word_1_692' title='bbox 3400 4262 3457 4314; x_wconf 88' lang='lat' dir='ltr'>et</span> <span class='ocrx_word' id='word_1_693' title='bbox 3485 4257 3729 4315; x_wconf 84' lang='lat' dir='ltr'>offensio</span> 
     </span>
    </p>
   </div>
   <div class='ocr_carea' id='block_1_95' title="bbox 2083 4339 3728 4407">
    <p class='ocr_par' dir='ltr' id='par_1_95' title="bbox 2083 4339 3728 4407">
     <span class='ocr_line' id='line_1_95' title="bbox 2083 4339 3728 4407; baseline 0.002 -10"><span class='ocrx_word' id='word_1_694' title='bbox 2083 4343 2237 4397; x_wconf 89' lang='lat' dir='ltr'>inter</span> <span class='ocrx_word' id='word_1_695' title='bbox 2265 4357 2365 4397; x_wconf 81' lang='lat' dir='ltr'>vos</span> <span class='ocrx_word' id='word_1_696' title='bbox 2414 4340 2705 4407; x_wconf 88' lang='lat' dir='ltr'>acciderit,</span> <span class='ocrx_word' id='word_1_697' title='bbox 2739 4339 2823 4395; x_wconf 93' lang='lat' dir='ltr'>sol</span> <span class='ocrx_word' id='word_1_698' title='bbox 2861 4343 2937 4396; x_wconf 82' lang='lat' dir='ltr'>ita</span> <span class='ocrx_word' id='word_1_699' title='bbox 2967 4342 3185 4399; x_wconf 75' lang='lat' dir='ltr'>affectis</span> <span class='ocrx_word' id='word_1_700' title='bbox 3235 4346 3399 4401; x_wconf 88' lang='lat' dir='ltr'>vobis</span> <span class='ocrx_word' id='word_1_701' title='bbox 3432 4363 3547 4402; x_wconf 90' lang='lat' dir='ltr'>non</span> <span class='ocrx_word' id='word_1_702' title='bbox 3577 4346 3728 4403; x_wconf 87' lang='lat' dir='ltr'>occi-</span> 
     </span>
    </p>
   </div>
   <div class='ocr_carea' id='block_1_96' title="bbox 2088 4427 3726 4508">
    <p class='ocr_par' dir='ltr' id='par_1_96' title="bbox 2088 4427 3726 4508">
     <span class='ocr_line' id='line_1_96' title="bbox 2088 4427 3726 4508; baseline 0.003 -22"><span class='ocrx_word' id='word_1_703' title='bbox 2088 4431 2189 4486; x_wconf 86' lang='lat' dir='ltr'>dat</span> <span class='ocrx_word' id='word_1_704' title='bbox 2216 4466 2256 4493; x_wconf 69' lang='grc' dir='ltr'>ο.</span> <span class='ocrx_word' id='word_1_705' title='bbox 2290 4427 2563 4485; x_wconf 86' lang='lat' dir='ltr'>Judicare</span> <span class='ocrx_word' id='word_1_706' title='bbox 2591 4429 2663 4483; x_wconf 93' lang='lat' dir='ltr'>de</span> <span class='ocrx_word' id='word_1_707' title='bbox 2692 4429 2951 4500; x_wconf 86' lang='lat' dir='ltr'>proximo</span> <span class='ocrx_word' id='word_1_708' title='bbox 2981 4436 3237 4487; x_wconf 90' lang='lat' dir='ltr'>cavetote</span> <span class='ocrx_word' id='word_1_709' title='bbox 3269 4449 3282 4487; x_wconf 89' lang='lat'><strong><em>:</em></strong></span> <span class='ocrx_word' id='word_1_710' title='bbox 3317 4434 3374 4489; x_wconf 92' lang='lat' dir='ltr'>id</span> <span class='ocrx_word' id='word_1_711' title='bbox 3407 4435 3455 4491; x_wconf 89' lang='lat' dir='ltr'>si</span> <span class='ocrx_word' id='word_1_712' title='bbox 3486 4434 3726 4508; x_wconf 89' lang='lat' dir='ltr'>quidem</span> 
     </span>
    </p>
   </div>
   <div class='ocr_carea' id='block_1_97' title="bbox 2090 4518 3731 4594">
    <p class='ocr_par' dir='ltr' id='par_1_97' title="bbox 2090 4518 3731 4594">
     <span class='ocr_line' id='line_1_97' title="bbox 2090 4518 3731 4594; baseline 0.002 -20"><span class='ocrx_word' id='word_1_713' title='bbox 2090 4519 2515 4575; x_wconf 51' lang='lat' dir='ltr'>Pharisaeorum</span> <span class='ocrx_word' id='word_1_714' title='bbox 2546 4520 2654 4584; x_wconf 90' lang='lat' dir='ltr'>est,</span> <span class='ocrx_word' id='word_1_715' title='bbox 2686 4521 2745 4572; x_wconf 89' lang='lat' dir='ltr'>et</span> <span class='ocrx_word' id='word_1_716' title='bbox 2785 4518 3096 4574; x_wconf 86' lang='lat' dir='ltr'>obnoxium</span> <span class='ocrx_word' id='word_1_717' title='bbox 3122 4521 3347 4591; x_wconf 90' lang='lat' dir='ltr'>judicio</span> <span class='ocrx_word' id='word_1_718' title='bbox 3376 4535 3422 4576; x_wconf 91' lang='lat' dir='ltr'>d.</span> <span class='ocrx_word' id='word_1_719' title='bbox 3456 4523 3731 4594; x_wconf 89' lang='lat' dir='ltr'>Hospita-</span> 
     </span>
    </p>
   </div>
   <div class='ocr_carea' id='block_1_98' title="bbox 2090 4604 3733 4666">
    <p class='ocr_par' dir='ltr' id='par_1_98' title="bbox 2090 4604 3733 4666">
     <span class='ocr_line' id='line_1_98' title="bbox 2090 4604 3733 4666; baseline 0.002 -4"><span class='ocrx_word' id='word_1_720' title='bbox 2090 4607 2271 4662; x_wconf 86' lang='lat' dir='ltr'>litatis</span> <span class='ocrx_word' id='word_1_721' title='bbox 2317 4612 2365 4660; x_wconf 80' lang='lat' dir='ltr'>et</span> <span class='ocrx_word' id='word_1_722' title='bbox 2402 4604 2816 4660; x_wconf 67' lang='lat' dir='ltr'>beneficientiaa</span> <span class='ocrx_word' id='word_1_723' title='bbox 2863 4623 2934 4659; x_wconf 85' lang='lat' dir='ltr'>ne</span> <span class='ocrx_word' id='word_1_724' title='bbox 2976 4606 3442 4666; x_wconf 87' lang='lat' dir='ltr'>obliviscamini:</span> <span class='ocrx_word' id='word_1_725' title='bbox 3477 4610 3587 4665; x_wconf 89' lang='lat' dir='ltr'>hoc</span> <span class='ocrx_word' id='word_1_726' title='bbox 3640 4611 3733 4665; x_wconf 82' lang='lat' dir='ltr'>est</span> 
     </span>
    </p>
   </div>
   <div class='ocr_carea' id='block_1_99' title="bbox 2090 4693 3733 4767">
    <p class='ocr_par' dir='ltr' id='par_1_99' title="bbox 2090 4693 3733 4767">
     <span class='ocr_line' id='line_1_99' title="bbox 2090 4693 3733 4767; baseline 0.001 -15"><span class='ocrx_word' id='word_1_727' title='bbox 2090 4696 2243 4753; x_wconf 91' lang='lat' dir='ltr'>enim</span> <span class='ocrx_word' id='word_1_728' title='bbox 2278 4695 2583 4767; x_wconf 67' lang='lat' dir='ltr'>praeceptio</span> <span class='ocrx_word' id='word_1_729' title='bbox 2630 4693 2801 4765; x_wconf 90' lang='lat' dir='ltr'>primi</span> <span class='ocrx_word' id='word_1_730' title='bbox 2848 4695 3108 4765; x_wconf 81' lang='lat' dir='ltr'>Magistri</span> <span class='ocrx_word' id='word_1_731' title='bbox 3138 4714 3203 4752; x_wconf 91' lang='lat' dir='ltr'>ac</span> <span class='ocrx_word' id='word_1_732' title='bbox 3251 4698 3561 4755; x_wconf 88' lang='lat' dir='ltr'>Salvatoris</span> <span class='ocrx_word' id='word_1_733' title='bbox 3607 4696 3733 4753; x_wconf 88' lang='lat' dir='ltr'>Dei.</span> 
     </span>
    </p>
   </div>
   <div class='ocr_carea' id='block_1_100' title="bbox 2097 4782 3740 4857">
    <p class='ocr_par' dir='ltr' id='par_1_100' title="bbox 2097 4782 3740 4857">
     <span class='ocr_line' id='line_1_100' title="bbox 2097 4782 3740 4857; baseline 0.001 -16"><span class='ocrx_word' id='word_1_734' title='bbox 2097 4786 2173 4841; x_wconf 87' lang='lat' dir='ltr'>lis</span> <span class='ocrx_word' id='word_1_735' title='bbox 2204 4783 2302 4856; x_wconf 88' lang='lat' dir='ltr'>qui</span> <span class='ocrx_word' id='word_1_736' title='bbox 2351 4782 2653 4839; x_wconf 75' lang='lat' dir='ltr'>offendunt</span> <span class='ocrx_word' id='word_1_737' title='bbox 2682 4788 2919 4854; x_wconf 89' lang='lat' dir='ltr'>peccata</span> <span class='ocrx_word' id='word_1_738' title='bbox 2965 4786 3288 4842; x_wconf 91' lang='lat' dir='ltr'>condonate</span> <span class='ocrx_word' id='word_1_739' title='bbox 3321 4804 3334 4843; x_wconf 90' lang='lat'>:</span> <span class='ocrx_word' id='word_1_740' title='bbox 3369 4787 3453 4843; x_wconf 89' lang='lat' dir='ltr'>sic</span> <span class='ocrx_word' id='word_1_741' title='bbox 3485 4802 3740 4857; x_wconf 89' lang='lat' dir='ltr'>namque</span> 
     </span>
    </p>
   </div>
   <div class='ocr_carea' id='block_1_101' title="bbox 331 4870 1951 4951">
    <p class='ocr_par' dir='ltr' id='par_1_101' title="bbox 331 4870 1951 4951">
     <span class='ocr_line' id='line_1_101' title="bbox 331 4870 1951 4951; baseline -0.001 -20"><span class='ocrx_word' id='word_1_742' title='bbox 331 4896 451 4932; x_wconf 90' lang='grc' dir='ltr'>ουσι</span> <span class='ocrx_word' id='word_1_743' title='bbox 508 4878 845 4951; x_wconf 84' lang='grc' dir='ltr'>συγχωρεῖτε</span> <span class='ocrx_word' id='word_1_744' title='bbox 893 4872 961 4927; x_wconf 80' lang='grc' dir='ltr'>τὰ</span> <span class='ocrx_word' id='word_1_745' title='bbox 1036 4871 1405 4948; x_wconf 76' lang='grc' dir='ltr'>ἁμαρτήματα</span> <span class='ocrx_word' id='word_1_746' title='bbox 1439 4888 1453 4903; x_wconf 92' lang='grc'><strong>·</strong></span> <span class='ocrx_word' id='word_1_747' title='bbox 1513 4870 1657 4926; x_wconf 75' lang='grc' dir='ltr'>οὕτω</span> <span class='ocrx_word' id='word_1_748' title='bbox 1720 4872 1826 4949; x_wconf 81' lang='grc' dir='ltr'>γὰρ</span> <span class='ocrx_word' id='word_1_749' title='bbox 1894 4895 1951 4929; x_wconf 85' lang='grc' dir='ltr'>κο</span> 
     </span>
    </p>
   </div>
   <div class='ocr_carea' id='block_1_102' title="bbox 2063 4870 3742 4951">
    <p class='ocr_par' dir='ltr' id='par_1_102' title="bbox 2096 4871 3742 4946">
     <span class='ocr_line' id='line_1_102' title="bbox 2096 4871 3742 4946; baseline 0 -16"><span class='ocrx_word' id='word_1_750' title='bbox 2096 4879 2152 4930; x_wconf 90' lang='lat' dir='ltr'>et</span> <span class='ocrx_word' id='word_1_751' title='bbox 2181 4873 2291 4946; x_wconf 88' lang='lat' dir='ltr'>ipsi</span> <span class='ocrx_word' id='word_1_752' title='bbox 2324 4872 2451 4929; x_wconf 94' lang='lat' dir='ltr'>sine</span> <span class='ocrx_word' id='word_1_753' title='bbox 2481 4873 2596 4927; x_wconf 85' lang='lat' dir='ltr'>ﬁne</span> <span class='ocrx_word' id='word_1_754' title='bbox 2646 4871 2853 4928; x_wconf 76' lang='lat' dir='ltr'>dicetis</span> <span class='ocrx_word' id='word_1_755' title='bbox 2884 4872 3030 4928; x_wconf 89' lang='lat' dir='ltr'>illud</span> <span class='ocrx_word' id='word_1_756' title='bbox 3063 4891 3077 4929; x_wconf 92' lang='lat'>:</span> <span class='ocrx_word' id='word_1_757' title='bbox 3112 4875 3332 4930; x_wconf 79' lang='lat' dir='ltr'>Dimitte</span> <span class='ocrx_word' id='word_1_758' title='bbox 3375 4875 3532 4931; x_wconf 71' lang='lat' dir='ltr'>nobis</span> <span class='ocrx_word' id='word_1_759' title='bbox 3559 4874 3742 4931; x_wconf 81' lang='lat' dir='ltr'>debita</span> 
     </span>
    </p>
   </div>
   <div class='ocr_carea' id='block_1_103' title="bbox 331 4958 1989 5040">
    <p class='ocr_par' dir='ltr' id='par_1_103' title="bbox 331 4958 1989 5040">
     <span class='ocr_line' id='line_1_103' title="bbox 331 4958 1989 5040; baseline -0.002 -19"><span class='ocrx_word' id='word_1_760' title='bbox 331 4962 489 5021; x_wconf 81' lang='grc' dir='ltr'>αύτοί</span> <span class='ocrx_word' id='word_1_761' title='bbox 536 4962 826 5024; x_wconf 75' lang='grc' dir='ltr'>ἀπαύστως</span> <span class='ocrx_word' id='word_1_762' title='bbox 878 4963 999 5019; x_wconf 73' lang='grc'>¹².¹³</span> <span class='ocrx_word' id='word_1_763' title='bbox 1041 4958 1210 5034; x_wconf 83' lang='grc' dir='ltr'>ἐρεῖτε</span> <span class='ocrx_word' id='word_1_764' title='bbox 1251 4960 1335 5015; x_wconf 93' lang='grc' dir='ltr'>τό·</span> <span class='ocrx_word' id='word_1_765' title='bbox 1367 4962 1533 5037; x_wconf 79' lang='grc' dir='ltr'>Ἄφες</span> <span class='ocrx_word' id='word_1_766' title='bbox 1578 4962 1713 5033; x_wconf 77' lang='grc' dir='ltr'>ἡμῖν</span> <span class='ocrx_word' id='word_1_767' title='bbox 1746 4961 1813 5015; x_wconf 80' lang='grc' dir='ltr'>τὰ</span> <span class='ocrx_word' id='word_1_768' title='bbox 1842 4961 1989 5040; x_wconf 79' lang='grc' dir='ltr'>ὀφει-</span> 
     </span>
    </p>
   </div>
   <div class='ocr_carea' id='block_1_104' title="bbox 2093 4961 3741 5034">
    <p class='ocr_par' dir='ltr' id='par_1_104' title="bbox 2093 4961 3741 5034">
     <span class='ocr_line' id='line_1_104' title="bbox 2093 4961 3741 5034; baseline -0.001 -15"><span class='ocrx_word' id='word_1_769' title='bbox 2093 4965 2287 5020; x_wconf 79' lang='lat' dir='ltr'>nostra</span> <span class='ocrx_word' id='word_1_770' title='bbox 2315 4966 2355 5016; x_wconf 82' lang='grc'>⁸.</span> <span class='ocrx_word' id='word_1_771' title='bbox 2385 4961 2541 5016; x_wconf 92' lang='lat' dir='ltr'>Inter</span> <span class='ocrx_word' id='word_1_772' title='bbox 2570 4961 2844 5028; x_wconf 87' lang='lat' dir='ltr'>trutinas,</span> <span class='ocrx_word' id='word_1_773' title='bbox 2877 4978 3205 5031; x_wconf 88' lang='lat' dir='ltr'>mensuras,</span> <span class='ocrx_word' id='word_1_774' title='bbox 3240 4964 3517 5034; x_wconf 89' lang='lat' dir='ltr'>pondera,</span> <span class='ocrx_word' id='word_1_775' title='bbox 3550 4979 3621 5020; x_wconf 90' lang='lat' dir='ltr'>ne</span> <span class='ocrx_word' id='word_1_776' title='bbox 3651 4961 3741 5019; x_wconf 92' lang='lat' dir='ltr'>vel</span> 
     </span>
    </p>
   </div>
   <div class='ocr_carea' id='block_1_105' title="bbox 334 5047 1951 5128">
    <p class='ocr_par' dir='ltr' id='par_1_105' title="bbox 334 5047 1951 5128">
     <span class='ocr_line' id='line_1_105' title="bbox 334 5047 1951 5128; baseline -0.002 -18"><span class='ocrx_word' id='word_1_777' title='bbox 334 5052 561 5127; x_wconf 77' lang='grc' dir='ltr'>λήματα</span> <span class='ocrx_word' id='word_1_778' title='bbox 588 5053 773 5125; x_wconf 75' lang='grc' dir='ltr'>ἡμῶν.</span> <span class='ocrx_word' id='word_1_779' title='bbox 807 5052 969 5128; x_wconf 78' lang='grc' dir='ltr'>Ζυγὰ,</span> <span class='ocrx_word' id='word_1_780' title='bbox 1005 5049 1195 5124; x_wconf 83' lang='grc' dir='ltr'>μέτρα,</span> <span class='ocrx_word' id='word_1_781' title='bbox 1240 5049 1329 5103; x_wconf 88' lang='grc' dir='ltr'>καὶ</span> <span class='ocrx_word' id='word_1_782' title='bbox 1374 5047 1627 5122; x_wconf 89' lang='grc' dir='ltr'>σταθμία,</span> <span class='ocrx_word' id='word_1_783' title='bbox 1683 5047 1824 5124; x_wconf 68' lang='grc' dir='ltr'>μηδὲ</span> <span class='ocrx_word' id='word_1_784' title='bbox 1849 5050 1906 5106; x_wconf 72' lang='grc' dir='ltr'>’ὲν</span> <span class='ocrx_word' id='word_1_785' title='bbox 1942 5056 1951 5090; x_wconf 80' lang='grc'>¹</span> 
     </span>
    </p>
   </div>
   <div class='ocr_carea' id='block_1_106' title="bbox 2063 5047 3744 5128">
    <p class='ocr_par' dir='ltr' id='par_1_106' title="bbox 2098 5049 3744 5125">
     <span class='ocr_line' id='line_1_106' title="bbox 2098 5049 3744 5125; baseline -0.001 -16"><span class='ocrx_word' id='word_1_786' title='bbox 2098 5068 2284 5109; x_wconf 90' lang='lat' dir='ltr'>unum</span> <span class='ocrx_word' id='word_1_787' title='bbox 2317 5049 2513 5105; x_wconf 89' lang='lat' dir='ltr'>minus</span> <span class='ocrx_word' id='word_1_788' title='bbox 2560 5065 2795 5121; x_wconf 68' lang='lat' dir='ltr'>aequum</span> <span class='ocrx_word' id='word_1_789' title='bbox 2826 5055 3028 5107; x_wconf 88' lang='lat' dir='ltr'>exstet.</span> <span class='ocrx_word' id='word_1_790' title='bbox 3058 5052 3143 5107; x_wconf 89' lang='lat' dir='ltr'>Ad</span> <span class='ocrx_word' id='word_1_791' title='bbox 3176 5052 3334 5107; x_wconf 90' lang='lat' dir='ltr'>hunc</span> <span class='ocrx_word' id='word_1_792' title='bbox 3363 5053 3578 5125; x_wconf 90' lang='lat' dir='ltr'>quippe</span> <span class='ocrx_word' id='word_1_793' title='bbox 3617 5068 3744 5108; x_wconf 91' lang='lat' dir='ltr'>mo-</span> 
     </span>
    </p>
   </div>
   <div class='ocr_carea' id='block_1_107' title="bbox 335 5135 1989 5216">
    <p class='ocr_par' dir='ltr' id='par_1_107' title="bbox 335 5135 1989 5216">
     <span class='ocr_line' id='line_1_107' title="bbox 335 5135 1989 5216; baseline -0.001 -19"><span class='ocrx_word' id='word_1_794' title='bbox 335 5138 525 5197; x_wconf 78' lang='grc' dir='ltr'>ἄδικον</span> <span class='ocrx_word' id='word_1_795' title='bbox 548 5138 707 5196; x_wconf 80' lang='grc' dir='ltr'>ἔστω.</span> <span class='ocrx_word' id='word_1_796' title='bbox 742 5138 901 5197; x_wconf 72' lang='grc' dir='ltr'>Οὕτω</span> <span class='ocrx_word' id='word_1_797' title='bbox 952 5137 1058 5216; x_wconf 79' lang='grc' dir='ltr'>γὰρ</span> <span class='ocrx_word' id='word_1_798' title='bbox 1109 5140 1155 5177; x_wconf 72' lang='grc'>1⁸</span> <span class='ocrx_word' id='word_1_799' title='bbox 1184 5135 1560 5211; x_wconf 81' lang='grc' dir='ltr'>εὐνομουμένη</span> <span class='ocrx_word' id='word_1_800' title='bbox 1608 5135 1794 5212; x_wconf 91' lang='grc' dir='ltr'>πόλις,</span> <span class='ocrx_word' id='word_1_801' title='bbox 1824 5140 1860 5210; x_wconf 81' lang='grc' dir='ltr'><strong>ἡ</strong></span> <span class='ocrx_word' id='word_1_802' title='bbox 1891 5137 1989 5196; x_wconf 79' lang='grc' dir='ltr'>τοῦ</span> 
     </span>
    </p>
   </div>
   <div class='ocr_carea' id='block_1_108' title="bbox 2102 5137 3749 5214">
    <p class='ocr_par' dir='ltr' id='par_1_108' title="bbox 2102 5137 3749 5214">
     <span class='ocr_line' id='line_1_108' title="bbox 2102 5137 3749 5214; baseline 0 -17"><span class='ocrx_word' id='word_1_803' title='bbox 2102 5142 2245 5197; x_wconf 91' lang='lat' dir='ltr'>dum</span> <span class='ocrx_word' id='word_1_804' title='bbox 2278 5139 2479 5195; x_wconf 90' lang='lat' dir='ltr'>civitas</span> <span class='ocrx_word' id='word_1_805' title='bbox 2498 5137 2790 5211; x_wconf 73' lang='lat' dir='ltr'>praeclaris</span> <span class='ocrx_word' id='word_1_806' title='bbox 2816 5138 3046 5211; x_wconf 89' lang='lat' dir='ltr'>legibus</span> <span class='ocrx_word' id='word_1_807' title='bbox 3068 5140 3528 5214; x_wconf 88' lang='lat' dir='ltr'>gubernata,erit</span> <span class='ocrx_word' id='word_1_808' title='bbox 3552 5140 3749 5197; x_wconf 89' lang='lat' dir='ltr'>catho-</span> 
     </span>
    </p>
   </div>
   <div class='ocr_carea' id='block_1_109' title="bbox 409 5254 3342 5332">
    <p class='ocr_par' dir='ltr' id='par_1_109' title="bbox 409 5254 3342 5332">
     <span class='ocr_line' id='line_1_109' title="bbox 409 5254 3342 5332; baseline -0.001 -16"><span class='ocrx_word' id='word_1_809' title='bbox 409 5259 489 5332; x_wconf 88' lang='lat' dir='ltr'>(a)</span> <span class='ocrx_word' id='word_1_810' title='bbox 520 5256 727 5315; x_wconf 83' lang='lat' dir='ltr'>Matth.</span> <span class='ocrx_word' id='word_1_811' title='bbox 758 5274 874 5327; x_wconf 81' lang='lat' dir='ltr'>xv1,</span> <span class='ocrx_word' id='word_1_812' title='bbox 909 5256 996 5314; x_wconf 89' lang='lat'>19.</span> <span class='ocrx_word' id='word_1_813' title='bbox 1073 5256 1149 5329; x_wconf 89' lang='lat' dir='ltr'>(b)</span> <span class='ocrx_word' id='word_1_814' title='bbox 1180 5256 1319 5313; x_wconf 89' lang='lat' dir='ltr'>Luc.</span> <span class='ocrx_word' id='word_1_815' title='bbox 1348 5272 1406 5327; x_wconf 87' lang='lat' dir='ltr'>x,</span> <span class='ocrx_word' id='word_1_816' title='bbox 1440 5254 1528 5311; x_wconf 83' lang='grc'>16.</span> <span class='ocrx_word' id='word_1_817' title='bbox 1605 5256 1673 5329; x_wconf 84' lang='lat' dir='ltr'>(c)</span> <span class='ocrx_word' id='word_1_818' title='bbox 1702 5256 1894 5329; x_wconf 87' lang='lat' dir='ltr'>Ephes</span> <span class='ocrx_word' id='word_1_819' title='bbox 1924 5273 2002 5326; x_wconf 82' lang='lat' dir='ltr'>Iv,</span> <span class='ocrx_word' id='word_1_820' title='bbox 2030 5258 2120 5313; x_wconf 87' lang='lat'>26.</span> <span class='ocrx_word' id='word_1_821' title='bbox 2196 5256 2277 5329; x_wconf 81' lang='grc' dir='ltr'>(ἀ)</span> <span class='ocrx_word' id='word_1_822' title='bbox 2309 5255 2508 5313; x_wconf 84' lang='lat' dir='ltr'>Matth.</span> <span class='ocrx_word' id='word_1_823' title='bbox 2544 5271 2640 5323; x_wconf 86' lang='lat' dir='ltr'>vn,</span> <span class='ocrx_word' id='word_1_824' title='bbox 2674 5254 2727 5311; x_wconf 90' lang='lat'>1.</span> <span class='ocrx_word' id='word_1_825' title='bbox 2805 5254 2877 5328; x_wconf 77' lang='grc' dir='ltr'>(ε)</span> <span class='ocrx_word' id='word_1_826' title='bbox 2909 5255 3112 5313; x_wconf 82' lang='lat' dir='ltr'>Matth.</span> <span class='ocrx_word' id='word_1_827' title='bbox 3142 5274 3221 5325; x_wconf 81' lang='lat' dir='ltr'>v1,</span> <span class='ocrx_word' id='word_1_828' title='bbox 3255 5257 3342 5313; x_wconf 88' lang='lat'>12.</span> 
     </span>
    </p>
   </div>
   <div class='ocr_carea' id='block_1_110' title="bbox 1697 5397 2387 5455">
    <p class='ocr_par' dir='ltr' id='par_1_110' title="bbox 1697 5397 2387 5455">
     <span class='ocr_line' id='line_1_110' title="bbox 1697 5397 2387 5455; baseline 0 -2"><span class='ocrx_word' id='word_1_829' title='bbox 1697 5397 1941 5455; x_wconf 57' lang='lat' dir='ltr'>VARI/1E</span> <span class='ocrx_word' id='word_1_830' title='bbox 1980 5397 2387 5455; x_wconf 84' lang='lat' dir='ltr'>LECTIONES.</span> 
     </span>
    </p>
   </div>
   <div class='ocr_carea' id='block_1_111' title="bbox 416 5490 3747 5575">
    <p class='ocr_par' dir='ltr' id='par_1_111' title="bbox 416 5490 3747 5575">
     <span class='ocr_line' id='line_1_111' title="bbox 416 5490 3747 5575; baseline 0.002 -24"><span class='ocrx_word' id='word_1_831' title='bbox 416 5499 490 5575; x_wconf 61' lang='lat'>1:3</span> <span class='ocrx_word' id='word_1_832' title='bbox 547 5498 626 5575; x_wconf 58' lang='lat' dir='ltr'>al,</span> <span class='ocrx_word' id='word_1_833' title='bbox 678 5496 940 5575; x_wconf 69' lang='grc' dir='ltr'>πιστεύω.</span> <span class='ocrx_word' id='word_1_834' title='bbox 972 5497 1119 5575; x_wconf 80' lang='lat' dir='ltr'>‘_al.</span> <span class='ocrx_word' id='word_1_835' title='bbox 1184 5490 1557 5575; x_wconf 76' lang='grc' dir='ltr'>βεϐούλευται.</span> <span class='ocrx_word' id='word_1_836' title='bbox 1592 5494 1737 5575; x_wconf 39' lang='lat' dir='ltr'>“al.”</span> <span class='ocrx_word' id='word_1_837' title='bbox 1778 5491 2107 5575; x_wconf 58' lang='grc' dir='ltr'>ἐλλείποιτε.</span> <span class='ocrx_word' id='word_1_838' title='bbox 2164 5497 2245 5575; x_wconf 44' lang='grc'>⁸-⁸.</span> <span class='ocrx_word' id='word_1_839' title='bbox 2288 5494 2363 5551; x_wconf 90' lang='lat' dir='ltr'>al.</span> <span class='ocrx_word' id='word_1_840' title='bbox 2422 5495 2810 5575; x_wconf 42' lang='lat' dir='ltr'>ﬁepmotaiape‘.</span> <span class='ocrx_word' id='word_1_841' title='bbox 2875 5496 2943 5575; x_wconf 76' lang='lat'>&#39;°_</span> <span class='ocrx_word' id='word_1_842' title='bbox 2976 5496 3049 5553; x_wconf 86' lang='lat' dir='ltr'>al.</span> <span class='ocrx_word' id='word_1_843' title='bbox 3109 5498 3213 5575; x_wconf 52' lang='grc' dir='ltr'>τό.</span> <span class='ocrx_word' id='word_1_844' title='bbox 3253 5504 3295 5539; x_wconf 83' lang='grc'>¹¹</span> <span class='ocrx_word' id='word_1_845' title='bbox 3342 5501 3429 5575; x_wconf 60' lang='grc' dir='ltr'>Διιι.</span> <span class='ocrx_word' id='word_1_846' title='bbox 3489 5517 3747 5575; x_wconf 61' lang='lat' dir='ltr'>pragpon.</span> 
     </span>
    </p>
   </div>
   <div class='ocr_carea' id='block_1_112' title="bbox 341 5561 3748 5647">
    <p class='ocr_par' dir='ltr' id='par_1_112' title="bbox 341 5561 3748 5647">
     <span class='ocr_line' id='line_1_112' title="bbox 341 5561 3748 5647; baseline 0.001 -23"><span class='ocrx_word' id='word_1_847' title='bbox 341 5571 523 5647; x_wconf 64' lang='grc' dir='ltr'>ᾖμῶν.</span> <span class='ocrx_word' id='word_1_848' title='bbox 586 5572 717 5647; x_wconf 52' lang='grc' dir='ltr'>ξξςη</span> <span class='ocrx_word' id='word_1_849' title='bbox 746 5570 825 5627; x_wconf 85' lang='lat' dir='ltr'>al.</span> <span class='ocrx_word' id='word_1_850' title='bbox 855 5561 1195 5647; x_wconf 56' lang='grc' dir='ltr'>ἀπταίστωςί</span> <span class='ocrx_word' id='word_1_851' title='bbox 1220 5571 1262 5605; x_wconf 77' lang='grc'><strong>⁸⁸</strong></span> <span class='ocrx_word' id='word_1_852' title='bbox 1297 5568 1374 5626; x_wconf 84' lang='lat' dir='ltr'>al.</span> <span class='ocrx_word' id='word_1_853' title='bbox 1406 5568 1609 5647; x_wconf 74' lang='lat' dir='ltr'>inser._</span> <span class='ocrx_word' id='word_1_854' title='bbox 1637 5565 1786 5647; x_wconf 81' lang='grc' dir='ltr'>ὑμῖν.</span> <span class='ocrx_word' id='word_1_855' title='bbox 1837 5568 1880 5603; x_wconf 78' lang='grc'>¹⁶</span> <span class='ocrx_word' id='word_1_856' title='bbox 1911 5566 2317 5647; x_wconf 44' lang='grc' dir='ltr'>,ξύνομουμένη</span> <span class='ocrx_word' id='word_1_857' title='bbox 2343 5561 2554 5647; x_wconf 36' lang='grc' dir='ltr'>,πόλις</span> <span class='ocrx_word' id='word_1_858' title='bbox 2606 5564 2739 5647; x_wconf 63' lang='lat' dir='ltr'>Harp&quot;</span> <span class='ocrx_word' id='word_1_859' title='bbox 2775 5562 3082 5647; x_wconf 74' lang='grc' dir='ltr'>ἀνθρῴποις</span> <span class='ocrx_word' id='word_1_860' title='bbox 3135 5574 3256 5636; x_wconf 82' lang='grc' dir='ltr'>τοῖς</span> <span class='ocrx_word' id='word_1_861' title='bbox 3307 5561 3748 5647; x_wconf 67' lang='grc' dir='ltr'>εὐνομόυμένοις,</span> 
     </span>
    </p>
   </div>
   <div class='ocr_carea' id='block_1_113' title="bbox 342 5633 3751 5719">
    <p class='ocr_par' dir='ltr' id='par_1_113' title="bbox 342 5633 3751 5719">
     <span class='ocr_line' id='line_1_113' title="bbox 342 5633 3751 5719; baseline -0.004 -20"><span class='ocrx_word' id='word_1_862' title='bbox 342 5633 690 5719; x_wconf 67' lang='lat' dir='ltr'>Irenaeqlib.</span> <span class='ocrx_word' id='word_1_863' title='bbox 725 5659 800 5712; x_wconf 82' lang='lat' dir='ltr'>1v,</span> <span class='ocrx_word' id='word_1_864' title='bbox 832 5658 960 5715; x_wconf 91' lang='lat' dir='ltr'>cap.</span> <span class='ocrx_word' id='word_1_865' title='bbox 990 5643 1080 5714; x_wconf 87' lang='lat'>72,</span> <span class='ocrx_word' id='word_1_866' title='bbox 1113 5658 1219 5715; x_wconf 88' lang='lat' dir='ltr'>pro</span> <span class='ocrx_word' id='word_1_867' title='bbox 1249 5657 1365 5713; x_wconf 90' lang='lat' dir='ltr'>quo</span> <span class='ocrx_word' id='word_1_868' title='bbox 1395 5644 1563 5699; x_wconf 88' lang='lat' dir='ltr'>vetus</span> <span class='ocrx_word' id='word_1_869' title='bbox 1593 5633 1882 5712; x_wconf 82' lang='lat' dir='ltr'>interpres</span> <span class='ocrx_word' id='word_1_870' title='bbox 1911 5633 2195 5714; x_wconf 57' lang='grc' dir='ltr'>Μιιιιιῄιτίε</span> <span class='ocrx_word' id='word_1_871' title='bbox 2211 5633 2441 5712; x_wconf 82' lang='lat' dir='ltr'>legebat</span> <span class='ocrx_word' id='word_1_872' title='bbox 2467 5633 3049 5713; x_wconf 73' lang='grc' dir='ltr'>εὐνοουμένοις.Ἀραά</span> <span class='ocrx_word' id='word_1_873' title='bbox 3085 5633 3348 5719; x_wconf 48' lang='lat' dir='ltr'>gamma,</span> <span class='ocrx_word' id='word_1_874' title='bbox 3381 5633 3597 5719; x_wconf 54' lang='lat' dir='ltr'>in&#39;qui&#39;t,</span> <span class='ocrx_word' id='word_1_875' title='bbox 3625 5633 3751 5701; x_wconf 66' lang='grc' dir='ltr'>εεηζ</span> 
     </span>
    </p>
   </div>
   <div class='ocr_carea' id='block_1_114' title="bbox 342 5711 671 5772">
    <p class='ocr_par' dir='ltr' id='par_1_114' title="bbox 342 5711 671 5772">
     <span class='ocr_line' id='line_1_114' title="bbox 342 5711 671 5772; baseline 0.003 -1"><span class='ocrx_word' id='word_1_876' title='bbox 342 5718 507 5771; x_wconf 70' lang='lat' dir='ltr'>satos.</span> <span class='ocrx_word' id='word_1_877' title='bbox 539 5711 671 5772; x_wconf 68' lang='lat' dir='ltr'>Co&#39;r.</span> 
     </span>
    </p>
   </div>
  </div>
