4118 6340
481 392 601 451 579

1309 390 1372 451 S.
1422 388 1865 450 CLEMENTIS
1909 388 1932 447 Ι
1984 387 2173 448 ItOM.
2218 386 2447 447 PON'I‘.
2495 386 2757 447 OPERA
2801 386 3062 448 DUBIA.

3766 391 3896 452 580

475 522 589 579 lica
627 521 728 578 Dei
789 521 1069 578 Ecclesia.
1119 522 1225 585 Qui
1276 522 1510 593 negotia
1559 521 1827 593 quaedam
1878 519 2030 575 inter
2076 536 2137 576 se

2253 520 2384 572 Θεοῦ
2434 511 2579 571 ἔσται
2624 515 2888 586 καθολική
2942 516 3273 588 Ἐκκλησία.
3331 519 3392 572 Οἱ
3441 517 3731 593 πράγματα
3776 541 3901 575 τινα

485 611 726 680 habent,
758 613 912 683 apud
967 611 1235 666 Ecclesiae
1268 612 1636 682 presbyteros
1670 608 2055 680 judicentur;
2087 610 2144 663 et

484 700 639 771 quod
674 700 893 754 bonum
930 702 1017 753 est
1048 694 1922 768 contemplati,reconcilientur
1958 711 1971 748 :
2006 710 2144 750 neve

487 789 557 844 ad
591 787 911 843 tribunalia
956 787 1165 841 fratres
1213 785 1527 853 truhitote;
1552 785 1811 856 judicari
1864 783 2019 839 enim
2071 782 2143 838 ab

486 876 779 933 extraneis
814 894 878 931 ac
909 874 1243 946 ethuicis,id
1276 892 1409 930 vero
1440 872 1766 929 inﬁdelium
1799 877 1921 939 est;
1954 888 2143 943 quan-

498 966 814 1037 doquidem
860 970 937 1033 et,
964 964 1194 1035 Angelos
1231 963 1606 1036 judicabimus
1633 976 1676 1033 ι,
1709 961 1993 1033 scriptum
2035 962 2143 1016 est.

510 1056 697 1128 Super
748 1054 967 1120 omnia,
999 1058 1056 1109 et
1106 1056 1238 1109 ante
1264 1052 1463 1107 omnia
1499 1055 1793 1123 pastorem
1845 1049 1926 1104 ita
1955 1049 2145 1104 intue-

509 1145 676 1212 mini,
710 1147 775 1199 ut
818 1159 909 1199 me
940 1146 1197 1211 Petrum,
1248 1140 1349 1214 qui
1380 1158 1413 1196 a
1463 1141 1573 1196 Deo
1604 1139 1821 1195 electus
1852 1142 1942 1195 est
1982 1136 2148 1194 vobis

506 1233 567 1289 in
599 1232 970 1304 magistrum.

577 1323 835 1378 CXLVII.
870 1322 956 1377 Ita
985 1338 1119 1377 cum
1164 1321 1507 1393 perorasset,
1540 1322 1598 1374 et
1627 1334 1822 1374 coram
1872 1315 2146 1373 omnibus

501 1429 715 1468 manus
765 1410 911 1466 mihi
943 1409 1343 1482 imposuisset,
1374 1410 1434 1463 in
1484 1425 1593 1464 sua
1623 1407 1900 1463 cathedra
1946 1407 2147 1461 sedere

499 1502 635 1556 fecit
667 1519 680 1556 :
715 1516 966 1571 cumque
1016 1499 1322 1567 sedissem,
1368 1497 1479 1553 hoc
1530 1496 1672 1552 mihi
1704 1496 1901 1552 statim
1950 1494 2140 1550 dixit:

502 1590 613 1645 Oro
644 1594 701 1644 te
730 1605 924 1643 coram
955 1587 1231 1643 omnibus
1262 1587 1360 1659 qui
1395 1587 1632 1653 adsunt,
1668 1584 1813 1640 meis
1843 1584 2142 1647 fratribus,

506 1683 569 1734 ut
600 1679 833 1749 quando
866 1694 934 1731 ex
965 1676 1072 1732 hac
1102 1677 1220 1731 vita
1262 1676 1610 1749 migravero,
1646 1673 2144 1746 quemadmodum

502 1767 605 1823 Dei
636 1766 865 1823 censuit
893 1764 1489 1838 providentia,omnia
1518 1763 1754 1819 domino
1783 1761 1997 1819 Jacobo
2028 1762 2144 1816 fra-

503 1855 576 1911 tri
608 1855 840 1911 Domini
891 1854 1005 1910 mei
1032 1853 1465 1925 compendiario
1515 1853 1813 1909 describas
1843 1856 1899 1907 et
1921 1850 2140 1921 mittas,
2175 1892 2221 1956 B

501 1944 677 2000 etiam
712 1960 898 2015 usque
930 1944 1001 1998 ad
1036 1942 1294 2014 pueritiae
1337 1946 1451 1996 tua
1482 1940 1748 2010 consilia,
1776 1946 1832 1995 et
1862 1939 2141 2012 quemad-

503 2034 741 2088 modum
761 2033 834 2088 ab
864 2031 1030 2087 initio
1062 2032 1133 2086 ad
1166 2032 1275 2086 hoc
1308 2047 1493 2101 usque
1520 2034 1754 2101 tempus
1778 2045 2005 2084 mecum
2033 2028 2144 2084 iter

501 2122 725 2190 feceris,
758 2121 1003 2177 audiens
1043 2136 1342 2175 sermones
1371 2124 1429 2174 et
1459 2124 1622 2175 actus
1652 2135 1686 2175 a
1717 2134 1809 2173 me
1866 2116 2142 2189 praedica-

499 2214 590 2265 tos
618 2229 631 2266 :
670 2210 875 2265 deinde
906 2210 965 2264 in
997 2209 1132 2273 ﬁne,
1151 2213 1206 2263 et
1238 2208 1445 2263 mortis
1477 2224 1617 2262 meae
1648 2211 1981 2273 causam,ut
2009 2209 2143 2261 ante

499 2299 639 2364 dixi,
670 2297 927 2353 indicare
976 2315 1048 2352 ne
1077 2298 1335 2353 omittas.
1371 2297 1497 2353 Non
1528 2297 1685 2352 enim
1725 2296 1834 2351 hoc
1880 2295 1931 2351 ei
1963 2293 2141 2350 mole-

497 2386 671 2442 etiam
704 2387 958 2454 creabit;
992 2390 1059 2441 ut
1086 2386 1187 2458 qui
1217 2388 1374 2441 certo
1405 2385 1569 2453 sciat,
1605 2402 1697 2441 me
1722 2385 1876 2457 quod
1906 2383 2142 2440 omnino

499 2476 623 2548 pati
654 2477 959 2542 debebam,
988 2476 1077 2548 pie
1110 2475 1787 2531 reddidisse.Maximum
1819 2478 2014 2531 autem
2047 2490 2141 2530 so-

498 2563 709 2620 latium
744 2564 1238 2634 habebit,quando
1268 2565 1611 2636 discet,post
1640 2582 1752 2635 me,
1770 2581 1882 2619 non
1915 2564 2139 2619 homini

496 2654 765 2726 imperito
784 2671 849 2709 ac
878 2653 1141 2708 vitalium
1172 2655 1481 2709 verborum
1505 2654 1836 2725 ignaro,sed
1870 2652 2143 2710 Ecclesia)

496 2759 777 2798 canonem
827 2742 1094 2798 omnium
1126 2742 1377 2798 maxime
1407 2742 1632 2812 scienti,
1675 2742 2010 2798 cathedram
2043 2743 2140 2797 do-

497 2830 671 2887 ctoris
720 2832 997 2887 creditam
1047 2831 1250 2887 fuisse.
1304 2832 1582 2896 Quocirca
1630 2848 1756 2904 ego,
1789 2832 2025 2887 domine
2057 2832 2136 2886 mi

494 2920 867 2989 Jacobe,cum
900 2919 1177 2992 magister
1204 2925 1412 2976 Petrus
1441 2920 1563 2976 haec
1594 2919 1738 2975 mihi
1770 2922 2135 2993 praeceperit;

498 3010 653 3081 quod
702 3011 937 3081 justum
989 3014 1095 3078 est,
1129 3009 1419 3081 complere
1466 3026 1581 3065 non
1630 3010 1847 3065 veritus
1895 3026 2048 3080 sum,
2081 3013 2139 3066 et

498 3098 667 3169 quasi
713 3098 773 3152 in
822 3098 1167 3169 compendio
1214 3097 1320 3153 tibi
1367 3103 1576 3153 cuncta
1623 3102 1760 3153 nota
1804 3098 2009 3169 facere,
2055 3097 2139 3153 ita

493 3185 778 3259 inscripto
808 3186 999 3259 operis
1031 3191 1375 3260 argumento
1411 3205 1425 3243 :
1461 3188 1773 3259 Clementis,
1804 3188 1959 3243 Petri
1979 3202 2135 3259 pere-

488 3277 870 3346 grinationum
899 3285 948 3332 et
976 3276 1437 3348 prxdicationum
1468 3278 1738 3349 Epilome.

561 3365 844 3420 CXLVIII.
876 3369 1007 3420 Haec
1055 3366 1254 3437 itaque
1283 3370 1371 3421 est
1400 3365 1571 3438 plena
1620 3364 1874 3422 ccelestis
1912 3364 2131 3439 gratiae,

494 3453 642 3508 Petri
674 3453 1068 3524 apostolorum
1104 3454 1383 3526 principis
1417 3453 1950 3526 peregrinationum
2002 3471 2135 3509 nar-

494 3541 798 3614 ratio,quas
829 3542 1005 3597 simul
1036 3547 1093 3598 et
1124 3542 1616 3614 compendiariam
1651 3544 1778 3615 ejus
1809 3543 2135 3599 doctrinam

496 3630 854 3698 continet;et
883 3631 1079 3703 magni
1111 3631 1557 3703 admirandique
1585 3632 1899 3688 Clementis
1928 3632 2135 3700 vitam,

490 3718 646 3774 velut
674 3719 735 3774 in
765 3719 965 3775 tabula
995 3720 1254 3775 oratione
1293 3720 1597 3790 exprimit;
1632 3722 2133 3793 quemadmodum

488 3806 617 3879 ipse
647 3808 717 3863 ad
765 3809 1046 3865 Iacobum
1078 3809 1313 3864 fratrem
1347 3810 1575 3865 Domini
1621 3810 1883 3866 scribens
1912 3810 2133 3867 indica-

486 3896 780 3953 vit.Porro
813 3897 1110 3953 ardentem
1141 3896 1450 3953 Clementis
1483 3914 1620 3970 erga
1642 3898 1824 3954 Deum
1849 3915 2131 3969 amorem,

486 3988 543 4041 et
573 4001 854 4058 magnum
886 3985 1053 4041 illum
1085 4003 1187 4058 pro
1222 3985 1437 4058 pietate
1465 3986 1978 4052 zelum,declarare
2007 4005 2133 4059 pos-

485 4078 626 4129 sunt
655 4091 723 4129 ea
753 4092 880 4147 quae
911 4074 1066 4130 dicta
1095 4079 1253 4142 sunt,
1288 4074 1611 4147 praesertim
1647 4079 1841 4131 autem
1884 4076 2133 4132 manife-

484 4162 669 4218 stabit
683 4164 948 4219 omnium
964 4163 1332 4236 apertissime
1351 4165 1476 4236 ipse
1501 4180 1605 4237 per
1624 4165 1972 4235 martyrium
1994 4165 2132 4222 ﬁnis

483 4251 636 4306 vitae.

559 4339 791 4396 CXLIX.
825 4341 1056 4396 Tertius
1110 4341 1266 4397 enim
1300 4346 1432 4414 post
1474 4358 1754 4415 magnum
1787 4345 2021 4398 Petrum
2071 4341 2133 4398 in

484 4428 707 4485 excelso
738 4430 1011 4485 Romanis
1041 4430 1308 4487 Ecclesiae
1340 4430 1547 4487 throno
1578 4431 2132 4503 sedens,ipsumque

479 4517 714 4574 virtutis
745 4523 1037 4574 certamen
1077 4520 1424 4593 suscipiens,
1460 4520 1726 4593 magistri
1756 4520 2019 4593 vestigiis
2049 4520 2134 4576 in-

479 4608 745 4677 sistebat,
792 4606 1295 4681 apostolicamque
1347 4608 1675 4666 doctrinam
1723 4608 1849 4682 ipse
1898 4626 2130 4683 quoque

549 4714 629 4787 (α)
661 4715 683 4770 I
716 4716 865 4784 Cor.,
900 4732 975 4785 v1,
1009 4715 1062 4770 3.

2259 607 2373 679 μετ’
2402 603 2667 675 ἀλλήλων
2699 604 2937 681 ἔχοντες,
2972 605 3059 660 ἐπὶ
3107 612 3212 661 τῶν
3259 614 3358 676 τῆς
3406 605 3726 677 Ἐκκλησίας
3767 629 3899 683 πρε-

2255 689 2523 770 σϐυτέρων
2553 693 2932 770 κρινέσθωσαν,
2962 694 3051 749 καὶ
3099 695 3159 749 τὸ
3207 694 3373 751 καλὸν
3423 700 3669 758 νοοῦντες
3710 693 3905 769 συμϐι-

2254 778 2595 851 ϐαζέσθωσαν
2629 802 2642 816 ⁶
2696 782 2787 838 καὶ
2867 784 2941 857 μή
3018 780 3205 838 ἕλκετε
3264 783 3337 844 εἷς
3396 781 3719 860 δικαστήρια
3774 784 3904 848 τοὺς

2253 868 2543 949 ἀδελφούς.
2604 871 2871 928 ’Δπίστων
2930 872 3034 949 γὰρ
3082 877 3266 942 τοῦτο,
3314 877 3430 935 τοῖς
3464 872 3564 947 ἔξω
3612 874 3903 950 κρίνεσθαι.

2252 961 2401 1017 Ἐπεὶ
2457 961 2585 1031 καὶ,
2637 960 2931 1037 Ἀγγέλὸυς
2986 966 3317 1038 κρινοῦμεν,
3379 963 3723 1039 γέγραπται.
3794 963 3906 1019 Επὶ

2254 1054 2383 1105 πᾶσι
2427 1048 2517 1104 καὶ
2560 1049 2667 1125 πρὸ
2713 1048 2949 1124 πάντων,
2994 1049 3169 1113 οὕτως
3218 1050 3333 1107 ἐστὶ
3391 1052 3480 1107 τὸν
3518 1051 3749 1125 ποιμένα
3782 1055 3907 1094 ¹⁶-¹’²

2256 1138 2507 1213 ὁρῶντες,
2539 1137 2615 1201 ὡς
2646 1137 2743 1211 ἐμὲ
2771 1139 2997 1216 Πέτρον,
3028 1140 3117 1195 τὸν
3153 1140 3255 1197 ὑπὸ
3288 1144 3422 1197 Θεοῦ
3452 1140 3909 1218 προχειρισθέντα

2258 1226 2383 1301 ὑμῖν
2412 1227 2488 1291 εἷς
2521 1224 2865 1285 διδάσκαλον.
3768 1224 3773 1229 ”

2326 1319 2577 1373 CXLVII.
2627 1321 2801 1372 Ταῦτα
2858 1316 3047 1391 εἰπὼν,
3107 1317 3197 1373 καὶ
3246 1317 3334 1374 ἐπὶ
3392 1320 3603 1374 πάντων
3666 1341 3758 1394 μοι
3802 1321 3909 1383 τὰς

2255 1410 2446 1483 χεῖρας
2494 1405 2716 1478 ἐπιθεὶς,
2767 1406 2843 1468 εἷς
2892 1407 2988 1476 τὴν
3040 1406 3204 1463 αὐτοῦ
3238 1429 3305 1482 με
3351 1406 3609 1485 καθέδραν
3644 1412 3912 1480 καθεσθῆ-

2254 1516 2341 1550 ναι
2371 1495 2637 1566 πεποίηκε
2669 1517 2682 1530 ·
2712 1494 3021 1552 καθεσθέντι
3068 1494 3127 1552 δὲ
3162 1540 3176 1567 ,
3208 1497 3368 1553 τοῦτό
3406 1498 3497 1571 μοί
3531 1498 3726 1561 εὐθέως
3776 1499 3906 1576 ἔφη·

2254 1583 2417 1654 Ἀξιῶ
2449 1606 2506 1640 σε
2535 1584 2622 1639 ἐπὶ
2651 1584 2863 1640 πάντων
2900 1606 3004 1658 μου
3033 1591 3139 1641 τῶν
3187 1586 3579 1661 συμπαρόντων
3630 1585 3909 1665 ἀδελφῶν,

2254 1673 2491 1743 ὁπηνίκα
2535 1678 2633 1728 τοῦ
2681 1673 2905 1729 ἐνταῦθα
2955 1678 3201 1748 μεταστῶ
3256 1675 3401 1752 βίου,
3432 1677 3507 1740 ὡς
3556 1679 3591 1747 ἡ
3626 1681 3721 1732 τοῦ
3770 1682 3910 1733 Θεοῦ

2252 1760 2468 1839 κέκρικε
2505 1762 2754 1839 πρόνοια,
2788 1765 2962 1818 πάντα
2980 1767 3057 1836 τῷ
3089 1764 3270 1838 Κυρίῳ
3302 1760 3545 1838 Ἰακώϐῳ
3573 1770 3653 1838 τῷ
3683 1764 3911 1845 ἀδελφῷ

2250 1855 2347 1906 τοῦ
2381 1850 2580 1927 Κυρίου
2633 1873 2758 1925 μου,
2791 1851 2841 1907 ἐν
2891 1851 3128 1927 ἐπιτομῇ
3169 1853 3615 1929 ἀναγραψάμενον
3667 1853 3906 1929 διαπέμ-

2252 1942 2369 2015 ψαι,
2431 1940 2597 2017 μέχρι
2652 1940 2741 1995 καὶ
2797 1945 2906 1996 τῶν
2967 1940 3026 1996 ἐκ
3080 1939 3272 2004 παιδός
3321 1964 3415 1997 σου
3465 1942 3772 2019 λογισμῶν,
3812 1944 3907 1999 καὶ

2252 2029 2327 2091 ὡς
2361 2029 2451 2083 ἀπ’
2496 2030 2672 2105 ἀρχῆς
2708 2030 2871 2105 μέχρι
2920 2034 3010 2085 νῦν
3065 2052 3158 2103 μοι
3209 2029 3565 2102 συνώδευσας,
3620 2032 3905 2088 ἐπακούων

2249 2121 2357 2172 τῶν
2386 2117 2521 2173 κατὰ
2548 2115 2711 2172 πόλιν
2759 2118 2846 2173 ὑπ’
2896 2117 3031 2192 ἐμοῦ
3062 2120 3447 2195 κηρυχθέντων
3502 2118 3680 2197 λόγων
3722 2143 3782 2177 τε
3812 2120 3906 2176 καὶ

2250 2206 2513 2279 πράξεωνο
2548 2202 2731 2261 ἔπειτα
2759 2207 2895 2283 πρὸς
2926 2212 3005 2279 τῷ
3032 2205 3179 2263 τέλει
3210 2208 3299 2264 καὶ
3325 2210 3425 2278 τὴν
3463 2214 3559 2264 τοῦ
3592 2212 3827 2265 θανάτου
3863 2212 3907 2249 1⁸

2255 2317 2359 2368 μου
2390 2294 2680 2373 πρόφασιν,
2726 2295 2801 2358 ὡς
2849 2302 3131 2373 προεῖπον,
3175 2295 3421 2369 δηλῶσαι
3454 2299 3528 2372 μή
3560 2297 3904 2375 παραλίπῃς.

2251 2383 2323 2439 Οὐ
2381 2386 2483 2461 γὰρ
2542 2384 2699 2440 αὐτὸν
2755 2383 2989 2456 λυπήσει
3044 2391 3228 2457 τοῦτο,
3285 2384 3465 2442 εἰδότα
3518 2393 3700 2467 σαφῶς
3751 2388 3837 2444 δτι
3877 2390 3908 2445 ὃ

2249 2475 2463 2536 πάντως
2510 2471 2615 2529 ἔδει
2669 2495 2737 2547 με
2783 2475 2994 2545 παθεῖν,
3046 2470 3278 2538 εὐσεϐῶς
3327 2474 3678 2532 ἀποδέδωκα.
3733 2478 3911 2553 Μεγί-

2249 2583 2383 2632 στης
2431 2560 2488 2618 δὲ
2538 2562 2882 2637 παραμυθίας
2926 2562 3164 2635 τεύξεται
3214 2565 3398 2639 μαθὼν
3430 2611 3444 2636 ,
3504 2565 3585 2621 ὅτι
3644 2569 3760 2639 μετ’
3810 2567 3911 2640 ἐμὲ

2249 2652 2348 2707 οὐκ
2375 2652 2593 2725 ἀμαθὴς
2624 2651 2760 2721 ἀνὴρ
2808 2650 2899 2707 καί
2950 2654 3252 2722 ζωοποιοὺς
3285 2654 3491 2730 ἀγνοῶν
3526 2650 3751 2730 λόγους,
3786 2658 3909 2712 Ἐκ-

2246 2739 2475 2812 κλησίας
2502 2737 2559 2795 δὲ
2588 2739 2785 2796 κανόνα
2829 2737 2985 2803 εἶ’δὼς
3037 2741 3291 2815 μάλιστα,
3340 2744 3439 2812 τὴν
3486 2748 3582 2798 τοῦ
3624 2741 3907 2800 διδάσκον.

2244 2850 2337 2891 τος
2409 2828 2691 2899 ἐπιστεύθη
2767 2827 3074 2907 καθέδραν.
3134 2834 3289 2895 Ὅθεν
3356 2830 3512 2906 ἐγὼ,
3562 2831 3716 2908 κύριέ
3795 2853 3905 2907 μου

2247 2914 2489 2992 Ἰάκωϐε,
2537 2923 2633 2975 τοῦ
2683 2916 3011 2975 διδασκάλου
3054 2922 3260 2994 Πέτρου
3305 2921 3472 2975 ταῦτά
3524 2943 3616 2994 μοι
3664 2922 3900 2994 ἐπισκή-

2248 3010 2468 3082 ψαντος,
2522 3007 2621 3063 οὐκ
2668 3006 2887 3079 ὤκνησα
2930 3008 2994 3063 τὸ
3040 3008 3322 3073 κελευσθὲν
3382 3008 3756 3086 ἐκπληρῶσαι,
3808 3012 3904 3066 καὶ

2247 3098 2323 3160 ὡς
2357 3101 2399 3142 ¹ο
2443 3095 2681 3171 ἐπιτομῇ
2730 3118 2813 3151 σοι
2857 3098 3030 3153 πάντα
3075 3100 3328 3174 γνώριμα
3370 3106 3720 3171 καταστῆσαι,
3773 3100 3901 3156 ἐπι-

2244 3184 2457 3260 γράψας
2507 3184 2608 3253 τήν
2666 3182 2911 3239 ὑπόθεσιν
2968 3184 3131 3239 οὕτω·
3195 3183 3485 3260 Κλήμετος
3542 3192 3648 3242 τῶν
3687 3189 3900 3263 Πέτρου

2245 3270 2551 3345 ἐπιδημιῶν
2586 3275 2631 3310 ²⁰
2659 3273 2749 3328 καὶ
2779 3272 3146 3349 κηρυγμάτων
3180 3277 3475 3348 Ἐπιτομῆ.

2316 3364 2595 3421 CXLVIII.
2629 3361 2774 3433 Αὕτη
2804 3363 2897 3435 μὲν
2926 3359 3017 3419 οὖν
3052 3365 3096 3401 ⁹¹
3129 3364 3164 3434 ἡ
3188 3362 3414 3440 πλήρης
3442 3371 3543 3434 τῆς
3575 3365 3776 3430 ἄνωθεν
3802 3368 3908 3444 χά-

2246 3471 2413 3527 ριτος,
2452 3454 2549 3506 τοῦ
2600 3451 2899 3529 κορυφαίου
2941 3455 3049 3506 τῶν
3097 3450 3414 3507 ἀποστόλων
3464 3453 3671 3529 Πέτρου
3704 3453 3903 3525 ἐπιδη-

2248 3543 2386 3613 μιῶν
2420 3536 2696 3614 διήγησις,
2750 3538 3010 3613 ἐπίτομόν
3060 3561 3118 3595 τε
3165 3541 3306 3613 ὁμοῦ
3350 3538 3699 3598 διδασκαλίαν
3735 3544 3903 3599 αὐτοῦ

2244 3625 2463 3705 ἔχουσα,
2495 3629 2584 3684 καὶ
2612 3627 2703 3684 τὸν
2733 3632 2829 3685 τοῦ
2874 3628 3119 3704 μεγάλου
3163 3629 3252 3684 καὶ
3303 3630 3605 3703 θαυμασίου
3639 3632 3897 3707 Κλήμεν-

2241 3739 2333 3780 τος
2368 3718 2505 3792 βίον,
2539 3716 2777 3794 καθάπερ
2808 3716 2859 3771 ἐν
2909 3718 3095 3773 πίνακι
3135 3716 3215 3791 τῷ
3250 3716 3400 3794 λόγῳ
3432 3716 3785 3792 διατυποῦσα,
3822 3722 3898 3785 ὡς

2243 3807 2403 3870 αὐτὸς
2443 3807 2603 3870 οὗτος
2652 3801 2895 3880 Ἰακώϐῳ
2940 3811 3019 3879 τῷ
3067 3804 3383 3885 ἆδελφοθέῳ
3428 3810 3671 3888 γράφων,
3725 3812 3895 3887 ἐγνώ-

2244 3916 2377 3972 ρισε.
2421 3896 2518 3951 Τὸν
2569 3894 2662 3970 μέν
2712 3917 2798 3951 τοι
2850 3893 3108 3971 διάπυρον
3159 3896 3323 3951 αὐτοῦ
3367 3898 3503 3972 πρὸς
3533 3900 3661 3955 Θεὸν
3693 3898 3894 3975 ἔρωτα,

2242 3984 2330 4041 καὶ
2356 3984 2447 4040 τὸν
2474 3984 2647 4041 πολὺν
2681 3984 2879 4041 ἐκεῖνον
2910 3985 3041 4061 ὑπὲρ
3069 3992 3169 4056 τῆς
3199 3981 3465 4050 εὐσεϐείας
3507 3986 3696 4061 ζῆλον,
3731 3990 3892 4045 ἱκανᾶ

2246 4076 2338 4147 μὲν
2391 4076 2439 4111 ²²
2494 4075 2562 4129 τὰ
2617 4074 2849 4150 ῥηθέντα
2904 4071 3173 4148 δηλῶσαι,
3237 4073 3474 4146 δηλώσει
3534 4075 3593 4133 δὲ
3651 4078 3892 4151 μάλιστα

2240 4161 2453 4219 πάντων
2488 4162 2787 4242 σαφέστατα
2813 4163 2905 4219 καὶ
2937 4163 3066 4220 αὐτὸ
3113 4165 3176 4220 τὸ
3227 4161 3317 4220 διὰ
3369 4165 3667 4243 μαρτυρίου
3703 4166 3890 4231 τέλος.

2311 4342 2528 4397 CXLIX.
2560 4340 2752 4417 Τρίτος
2784 4343 2829 4377 9³
2861 4342 2974 4416 (18)
3003 4340 3104 4418 γὰρ
3157 4342 3290 4415 μετᾶ
3337 4341 3537 4419 Πέτρον
3585 4343 3675 4399 τὸν
3721 4343 3889 4421 μέγαν

2238 4430 2329 4485 τὸν
2383 4427 2594 4503 ὑψηλὸν
2646 4436 2746 4500 τῆς
2789 4429 3074 4503 Ῥωμαίων
3124 4429 3449 4502 Ἐκκλησίας
3495 4432 3682 4506 θρόνον
3732 4433 3888 4489 καθί-

2242 4540 2359 4591 σας,
2388 4518 2477 4573 καὶ
2528 4518 2723 4593 ἀρετῆς
2757 4516 2920 4583 ἆθλον
2971 4519 3130 4576 αὐτὸν
3184 4518 3493 4595 δεξάμενος,
3546 4520 3724 4578 eisrara
3774 4523 3892 4579 κατ’

2242 4604 2401 4686 ἷ¹χνος
2458 4611 2538 4681 τῷ
2587 4605 2921 4683 διδασκάλῳ,
2980 4609 3070 4664 καὶ
3121 4609 3488 4681 ἀποπολικήν
3538 4608 3887 4667 διδασκαλίαν

1831 4796 2068 4853 VARI/E
2106 4795 2519 4855 LECTIONES.

556 4891 677 4933 ίθ-ίτ
703 4891 777 4965 al.
831 4891 1008 4948 inser.
1057 4890 1227 4965 ὑμῶν.
1278 4894 1323 4936 ¹δ
1354 4893 1536 4965 deest
1587 4891 1648 4965 in
1698 4892 1776 4965 al.
1806 4895 1851 4934 η
1898 4892 1972 4949 al.
2015 4894 2194 4965 inser.
2237 4891 2311 4965 ἐν,
2347 4894 2391 4928 ³⁸
2440 4895 2602 4949 deest
2644 4892 2705 4948 in
2755 4911 2899 4950 mss.
2954 4895 2999 4932 ²¹
3034 4891 3181 4963 Αὕτη
3236 4892 3329 4965 μὲν
3367 4890 3456 4948 οὖν
3491 4894 3553 4951 In
3587 4912 3703 4952 uno
3733 4902 3887 4954 vete-

483 4979 617 5042 rum
642 4964 908 5020 codicum
939 4962 1297 5037 przsponitur
1325 4963 1555 5035 titulus,
1589 4962 1900 5039 Μαρτύριον
1931 4967 2029 5018 τοῦ
2061 4963 2218 5040 ἁγίου
2250 4962 2587 5037 Κλήμεντος.
2616 4969 2746 5021 Co'r.
2776 4966 2824 5001 ²²
2852 4965 2925 5023 al.
2960 4965 3134 5023 inser.
3172 4962 3287 5023 καί.
3319 4967 3363 5002 ³³
3400 4967 3476 5023 al.
3526 4970 3762 5042 πρῶτος.
3809 4968 3885 5025 al.

1861 5116 2239 5174 VARIORUM
2277 5116 2508 5173 NOTAE.

484 5028 753 5111 δεύτερος.

552 5202 681 5278 (ΗΞ)-
711 5200 922 5278 Τρίτος.
956 5203 1118 5278 Infra
1141 5202 1343 5259 Latine
1370 5202 1553 5278 habes
1585 5202 1761 5278 etiam
1794 5204 2131 5262 Passionem

484 5290 586 5350 seu
615 5274 810 5350 Vitam
842 5276 1315 5347 Clementis,post
1344 5275 1844 5350 pseudo-{bdiam
1873 5283 1931 5333 et
1976 5279 2133 5350 apud

483 5346 885 5418 Monbritium.
939 5346 1290 5403 Memora’tur
1318 5352 1513 5400 autem
1547 5362 1582 5400 a
1611 5346 1887 5418 Gregorio
1938 5346 2129 5405 Turo-

487 5417 675 5490 nens_i,
730 5419 1121 5490 Miraculorum
1152 5418 1252 5473 lib.
1287 5436 1347 5490 _1,
1396 5434 1522 5488 cap.
1574 5418 1663 5486 35,
1696 5417 1755 5474 et
1804 5422 2133 5490 excerpitur

486 5504 588 5558 per
618 5488 969 5562 Freculgt'um,
1005 5497 1145 5545 tom.
1180 5490 1248 5556 ΙΙ,
1285 5488 1385 5543 lib.
1407 5506 1479 5562 τι,
1515 5491 1810 5558 cap.10,ac
1843 5508 1944 5562 per
1974 5488 2129 5547 inar-

484 5557 1092 5639 tyrologosJoannem
1125 5577 1358 5639 quoque
1389 5557 1701 5639 diaconum
1734 5557 1946 5639 saeculo
1977 5580 2132 5639 nono

485 5630 795 5708 scripsisse
841 5639 1005 5708 gesta
1029 5630 1359 5708 Clementis
1378 5648 1538 5708 papas
1587 5630 1840 5708 legimus
1872 5634 1932 5689 in
1971 5635 2133 5708 Sige-

486 5701 755 5772 berto,De
777 5701 1138 5775 scriptoribus
1165 5701 1546 5762 ecclesiastici:
1575 5701 1703 5776 cap.
1734 5704 1862 5779 107,
1879 5701 2134 5779 eumque

2244 5205 2461 5262 librum
2512 5204 2677 5261 aiunt
2706 5209 2930 5262 exstare
2962 5205 3019 5261 in
3050 5205 3352 5262 Casinensi
3401 5205 3779 5263 Bibliotheca.
3811 5207 3891 5263 De

2244 5281 2437 5349 Graeco
2470 5277 2778 5349 Martyrio,
2810 5278 3039 5334 venisse
3068 5278 3124 5333 in
3162 5294 3373 5334 manus
3406 5278 3716 5349 Nicephori
3758 5278 3888 5334 Cal-

2242 5348 2363 5431 listi
2398 5347 2667 5431 colligere
2696 5353 2884 5431 esten
2912 5349 3073 5431 illius
3104 5350 3207 5431 li_b.
3242 5367 3327 5431 in,
3360 5366 3489 5431 cap.
3519 5347 3888 5431 ὠρώρει-ατη

2240 5419 2348 5495 1110Δ
2386 5416 2593 5495 notari-
2635 5420 2805 5495 debet
2861 5421 3081 5495 triplex
3145 5416 3322 5495 lectio
3364 5416 3557 5495 τρίτος
3616 5416 3886 5495 δεύτερος,

2239 5489 2795 5575 πρῶτοςμοῐιὶεἰηθω
2843 5489 3061 5575 ducens
3093 5509 3126 5575 ξ
3168 5489 3412 5575 diversis
3464 5489 3885 5575 exscriptorum

2243 5563 2568 5690 sentezéiisz,
2602 5579 2747 5633 quas
2778 5564 2948 5620 retuli
2979 5565 3051 5621 ad
3086 5563 3370 5621 Constitut.
3403 5566 3631 5637 apostol.
3663 5563 3766 5621 lib.
3786 5580 3885 5631 vn,

2243 5650 2368 5690 can.
2482 5674 2495 5689 .
2568 5650 2655 5690 or.

2241 5650 2368 5707 cap.
2407 5650 2495 5690 eo.
2526 5650 2655 5691 uor.
