4090 6340
260 357 381 420 581

1029 348 1565 412 CLEMENTINA.
1596 381 1672 395 —-
1706 349 2050 410 EPITOME
2099 348 2196 410 DE
2240 349 2513 413 GESTlS
2563 353 2628 414 S.
2677 355 2935 416 PETRI.

3569 359 3690 420 582

265 487 354 544 xui
414 486 572 548 αὐτὸς
631 482 995 555 ἐπεδείκνυτο,
1051 481 1140 537 καὶ
1195 486 1312 544 τοῖς
1371 480 1588 555 ὁμοίοις
1650 478 1921 552 διέλαμπε

2057 480 2402 552 praeferebat,
2434 489 2490 540 et
2520 485 2817 542 similibus
2867 489 3128 544 moribus
3174 492 3486 563 effulgebat
3519 510 3531 549 :
3566 511 3684 551 non

266 577 519 651 τρόποις,
572 573 633 628 οὐ
683 577 1026 648 Χριστιανοῖς
1079 571 1241 645 μόνον
1299 569 1621 646 εὐαρεστῶν,
1670 568 1817 625 ἀλλὰ
1855 566 1922 638 δὴ

267 665 358 720 xui
414 661 704 724 Ἰοαδαίοις
753 661 842 716 καὶ
891 660 1074 722 αὐτοῖς
1127 658 1390 730 Ἕλλησι,
1439 659 1528 714 καὶ
1577 665 1706 713 πᾶσι
1755 656 1929 713 πάντα

272 753 590 829 γινόμενος,
618 749 709 806 ’ίνα
731 749 860 812 τοὺς
901 748 1100 811 πάντας
1117 749 1207 803 xui
1240 749 1383 803 οὕτω
1416 751 1536 792 9‘33“
1557 745 1806 823 κερδάνῃ,
1837 747 1927 802 xui

269 849 350 915 τῷ
410 845 626 919 Χριστῷ
680 841 1019 915 παραστήσῃ,
1087 839 1176 893 καὶ
1233 835 1470 912 συνδήσῃ
1543 841 1612 911 τῇ
1662 831 1926 908 εὐσεϐείᾳ.

271 935 459 992 ’Ὅπως
507 927 564 985 δὲ
616 930 691 1003 μὴ
746 927 884 1003 ψιλὴ
939 927 1102 1001 μόνον
1153 924 1433 1000 ὐπόληψις
1484 927 1616 981 εἶναι
1668 923 1802 998 δοκῇ
1864 922 1933 979 τὰ

275 1019 533 1096 παρόντα,
583 1016 672 1073 καὶ
715 1017 810 1079 τὰς
862 1015 1036 1077 αἰτίας
1085 1014 1337 1091 ἐροῦμεν.
1393 1012 1634 1085 Ἕλλησι
1684 1014 1776 1086 μὲν
1827 1013 1932 1088 γὰρ

276 1109 366 1166 διὰ
411 1112 571 1164 τοῦτο
617 1106 936 1180 τιμώμενος
983 1105 1071 1175 ἦν,
1119 1103 1207 1158 καὶ
1237 1099 1414 1173 ἡδέως
1461 1102 1606 1174 αὐτῷ
1634 1107 1928 1178 προσεῖχον

277 1201 496 1270 ἐκεῖνοι,
531 1193 615 1250 ὅτι
650 1195 725 1269 μή
759 1191 1186 1271 λοιδορούμενος
1224 1191 1432 1259 αὐτοῖς,
1486 1189 1625 1265 μηδὲ
1669 1191 1932 1263 ἀποστρε-

288 1289 546 1366 (ρόμενος,
599 1282 724 1340 ἀλλ’
771 1282 950 1357 ὥσπερ
1000 1279 1466 1356 ἀπολογούμενος,
1496 1279 1583 1334 καὶ
1641 1278 1934 1366 μαρτυρίας

275 1364 540 1440 πάντοθεν
591 1372 845 1450 παράγων
897 1373 1001 1426 ἀπὸ
1051 1375 1157 1426 τῶν
1207 1371 1332 1444 παρ’
1380 1369 1567 1431 αὐτοῖς
1611 1364 1844 1443 βιϐλίων
1876 1387 1936 1421 τε

275 1466 367 1522 xui
427 1468 666 1543 γραφῶν,
727 1459 929 1516 ἐδείκνυ
987 1456 1188 1537 σαφῶς,
1244 1459 1364 1522 ’ὅθεν
1420 1479 1479 1513 τε
1525 1456 1576 1511 oi
1627 1457 1714 1510 ὑπ’
1758 1456 1932 1511 αὐτῶν

275 1555 637 1629 νομιζόμενοι
671 1550 782 1606 θεοὶ
835 1548 1141 1625 ὥρμηνται,
1195 1547 1283 1602 καὶ
1317 1545 1454 1602 ὅπου
1490 1544 1862 1621 γεγέννηνται,
1906 1544 1938 1598 ἃ

275 1667 337 1701 τε
385 1643 659 1718 πράξειαν,
709 1638 798 1694 xui
847 1637 922 1700 είς
973 1639 1086 1692 οἷον
1150 1634 1358 1691 ἓλθοιεν
1409 1632 1590 1703 τέλος,
1649 1633 1738 1688 καὶ
1787 1632 1935 1694 ὅπως

276 1733 374 1790 τὸν
413 1733 528 1807 βίον
562 1729 766 1790 ἀθλίως
799 1727 1182 1802 κατέστρεψαν.
1217 1725 1349 1781 Εἶτα
1396 1722 1485 1779 xui
1535 1723 1611 1784 ὡς
1657 1721 1755 1776 οὐκ
1803 1722 1936 1775 ἀπο-

278 1821 590 1879 κέκλεισται
658 1819 842 1880 αὐτοῖς
894 1815 1039 1892 παρά
1083 1819 1180 1869 τοῦ
1229 1818 1362 1869 Θεοῦ
1413 1815 1448 1882 ἡ
1496 1815 1596 1882 τῆς
1656 1810 1939 1902 μετανοίας

281 1910 434 1978 ὁδὸς,
476 1907 600 1964 οὐδὲ
647 1906 949 1962 παντάπασι
998 1911 1097 1973 τῆς
1146 1923 1418 1978 σωτηριας
1468 1902 1710 1972 ἐξέπεσον
1740 1919 1752 1933 ο
1804 1897 1910 1953 ἀλλ

280 2002 328 2056 εἰ
380 1999 470 2054 καὶ
525 1997 685 2071 μόννν
739 1993 1155 2071 ἐπιστρέψαντας
1203 1989 1330 2063 ἴδοι,
1382 1991 1470 2046 xui
1523 1997 1621 2060 τῆς
1667 1989 1930 2066 προτέρας

281 2087 586 2157 ἀπωλείας,
637 2085 726 2140 καὶ
775 2090 876 2155 τῆς
928 2083 1136 2152 ἀπάτης
1183 2081 1620 2156 ἀποσχομένους,
1667 2077 1756 2135 xui
1803 2098 1931 2152 συγ-

279 2179 552 2254 γνώσεται
598 2175 783 2237 αὖτοῖς
831 2171 1254 2252 φιλανθρώπως,
1302 2170 1392 2225 xui
1441 2173 1732 2246 προσηνῶς
1804 2168 1935 2221 ὑπο-

281 2266 510 2338 δέξεται,
541 2264 630 2320 καὶ
665 2260 937 2340 βασιλείαν
986 2260 1226 2335 οὐρανῶν
1270 2259 1567 2333 ἑτοιμάσει,
1599 2258 1688 2314 xui
1715 2257 1935 2333 ἀγαθῶν

280 2356 501 2429 ἀξιώσει
528 2359 636 2409 τῶν
667 2350 1015 2428 ἀποῤῥήτων.

355 2465 463 2522 CL.
497 2459 776 2521 Ἰουδαίοις
794 2458 851 2514 δὲ
871 2457 1031 2514 πάλιν
1057 2456 1287 2512 ἐντεῦθεν
1310 2454 1482 2511 ἐδόκει
1505 2452 1934 2531 χαρίζεσθαι,ὅτι

279 2575 340 2610 τε
373 2551 566 2631 φίλους
594 2555 692 2606 τοῦ
725 2553 858 2604 Θεοῦ
886 2546 1014 2609 τοὺς
1047 2544 1260 2602 ἐκείνων
1300 2544 1533 2622 πατέρας
1590 2545 1846 2621 ὑπέφαινε
1870 2546 1935 2615 ²⁶,

280 2641 373 2697 xui
407 2640 489 2696 ὅτι
541 2639 630 2694 τὸν
677 2637 804 2714 παρ’
852 2635 1036 2698 αὐτοῖς
1078 2634 1247 2708 νόμον
1297 2633 1440 2710 ἱερόν
1496 2654 1556 2688 τε
1582 2631 1814 2709 παρίστη
1849 2632 1938 2687 xui

284 2733 454 2802 θεῖον,
484 2728 574 2783 xui
601 2727 724 2783 οὒτε
753 2725 910 2781 αὐτὸν
936 2725 1324 2794 παυθήσεσθαι,
1357 2721 1478 2776 οὕτε
1507 2723 1607 2791 τὴν
1657 2720 1937 2777 πολιτείαν

287 2817 773 2893 μετατεθήσεσθαι,
846 2811 992 2869 ἀλλὰ
1054 2810 1259 2885 κλῆρον
1328 2810 1513 2873 αὐτοῖς
1575 2808 1781 2866 ἔσεσθαι
1839 2811 1938 2878 τὴν

285 2905 652 2977 Παλαιστίνην
715 2901 960 2974 διηνεκῆ,
994 2898 1046 2956 εἷ’
1084 2922 1145 2978 γε
1184 2900 1276 2956 τὸν
1308 2903 1350 2937 ⁸⁷
1392 2904 1638 2956 τοιοῦτον
1669 2899 1758 2954 καὶ
1789 2899 1941 2954 αὐτοὶ

284 2997 462 3070 νόμον
512 2996 843 3070 τηρήσουσιν
871 3011 884 3024 ·
944 2989 1081 3044 ὥστε
1118 2991 1366 3064 γενέσθαι
1397 2989 1553 3044 αὐτὸν
1586 2990 1789 3065 πατέρα
1814 3010 1940 3044 τοσ-

289 3087 473 3142 ούτων
522 3082 779 3157 ἐκγόνων,
831 3081 906 3143 ὡς
962 3080 1316 3156 παρισοῦσθαι
1380 3079 1443 3133 τὸ
1495 3077 1706 3148 πλῆθος
1770 3077 1943 3132 αὐτῶν

283 3181 368 3248 τῷ
416 3172 620 3244 πλήθει
667 3177 774 3227 τῶν
825 3167 1053 3246 ἄστρων,
1110 3169 1200 3223 xui
1259 3168 1310 3222 ἐν
1342 3172 1422 3240 τῷ
1478 3169 1745 3244 σπέρματι
1778 3167 1941 3222 αὐτοῦ

2036 570 2384 628 Christianis
2417 573 2700 630 duntaxat
2731 575 2985 648 placens,
3018 595 3217 634 verum
3257 582 3432 636 etiam
3463 583 3686 639 Judaais

2037 676 2103 715 ac
2133 660 2278 732 ipsis
2308 661 2646 734 gentilibus,
2679 670 2736 719 et
2761 665 3035 721 omnibus
3067 669 3265 723 omnia
3295 670 3502 739 factus,
3537 676 3602 727 ut
3627 676 3688 727 et

2040 749 2122 804 sic
2155 766 2360 805 omnes
2382 750 2750 808 lucrifaceret
2777 754 2880 824 (a),
2913 755 3259 827 Christoque
3308 766 3690 830 praesentaret

2041 855 2107 894 ac
2137 855 2282 894 verae
2329 839 2595 912 religioni
2643 848 3027 900 connecteret.
3064 845 3138 900 Ut
3184 851 3378 902 autem
3429 849 3546 905 ista
3576 867 3693 906 non

2038 927 2352 983 videantur
2380 945 2505 985 esse
2529 931 2684 986 nuda
2713 936 2945 988 tantum
2971 933 3248 1006 uspicio,
3277 937 3453 992 etiam
3485 955 3696 994 causas

2044 1016 2332 1072 dicemus.
2367 1018 2632 1075 Ethnicis
2663 1020 2818 1075 enim
2870 1021 2999 1077 ideo
3051 1025 3409 1082 venerationi
3458 1031 3600 1095 erat,
3634 1044 3701 1084 ao

2043 1103 2102 1159 in
2136 1121 2270 1159 eum
2299 1111 2556 1161 mentem
2583 1107 2930 1164 libenterilli
2952 1109 3400 1182 intendenbant;
3421 1116 3700 1184 quoniam

2046 1210 2160 1248 non
2213 1209 2312 1248 eos
2361 1195 2638 1250 codviciis
2684 1196 3000 1265 insectans,
3054 1217 3157 1255 nec
3209 1208 3546 1272 aversatus;
3591 1206 3698 1262 sed

2045 1281 2210 1351 quasi
2246 1283 2533 1339 rationem
2567 1285 2837 1356 reddens,
2871 1292 2928 1341 et
2959 1289 3219 1359 undique
3264 1295 3602 1348 testimonia
3629 1312 3699 1352 ex

2046 1386 2247 1424 eorum
2280 1370 2445 1426 libris
2473 1389 2538 1427 ac
2569 1373 2796 1444 scriptis
2818 1376 3135 1446 adducens,
3157 1378 3309 1434 clare
3331 1383 3696 1454 ostendebat,

2046 1458 2200 1512 unde
2232 1463 2289 1514 et
2311 1460 2668 1531 prodiissent
2698 1464 2796 1534 qui
2818 1465 2889 1520 ab
2929 1465 3045 1520 illis
3076 1472 3359 1538 putantur
3379 1471 3482 1538 dii,
3512 1476 3570 1526 et
3596 1472 3700 1527 ubi

2047 1547 2166 1602 nati
2198 1548 2470 1618 fuissent,
2496 1567 2622 1621 quae
2653 1553 2996 1623 gessissent,
3016 1572 3185 1626 quem
3209 1557 3556 1614 habuissent
3585 1561 3703 1615 exi-

2050 1641 2196 1702 tum,
2232 1641 2411 1708 utque
2457 1639 2670 1694 misere
2701 1641 2875 1697 vitam
2929 1645 3285 1701 amisissent.
3319 1647 3538 1704 Deinde
3585 1665 3701 1705 non

2047 1724 2131 1779 eis
2163 1742 2196 1779 a
2230 1725 2345 1781 Deo
2389 1727 2760 1783 interclusam
2796 1747 2920 1786 esse
2971 1734 3321 1804 poenitentia
3369 1736 3560 1804 viam;
3595 1754 3702 1794 nec

1974 1859 2018 1923 Β
2049 1813 2406 1869 omnimodis
2437 1816 2622 1872 salute
2653 1818 2974 1889 excidisse;
3009 1823 3106 1876 sed
3142 1824 3188 1878 si
3224 1823 3310 1879 vel
3341 1824 3531 1880 solum
3568 1826 3700 1882 illos

2048 1901 2263 1923 __!_1__-L
2316 1904 2454 1923 _-_13,
2485 1921 2496 1923 _
2568 1909 2605 1923 με
2798 1908 2808 1917 ·
2850 1909 2886 1923 ι·
3139 1911 3224 1923 ιι..
3502 1915 3523 1923 ..
3645 1915 3660 1923 -

2048 1901 2267 1957 videret
2316 1904 2526 1968 redire,
2557 1909 2614 1960 et
2661 1923 2693 1960 a
2724 1908 2968 1977 pristina
3018 1911 3341 1981 perditione
3391 1930 3455 1968 ac.
3497 1915 3701 1971 fraude

2042 1992 2330 2057 recedere,
2361 1993 2590 2049 veniam
2638 1995 2782 2067 ipsis
2814 1998 3087 2054 daturum
3121 2000 3476 2067 humaniter,
3509 2008 3567 2058 et
3595 2004 3697 2060 be-

2043 2077 2218 2150 nigne
2267 2087 2703 2152 suscepturum,
2737 2102 2803 2140 ac
2856 2093 3196 2157 paraturum
3230 2107 3472 2162 regnum
3525 2092 3694 2148 cmlo-

2044 2184 2198 2238 rum,
2231 2168 2519 2243 bonisque
2550 2173 2905 2229 donaturum
2940 2176 3358 2234 ineli'abilibus.

2113 2453 2221 2509 CL.
2252 2453 2473 2510 Judaeis
2505 2474 2736 2512 rursum
2772 2459 2907 2515 inde
2959 2465 3193 2534 gratum
3245 2464 3432 2521 facere
3462 2466 3698 2522 videba-

2048 2546 2166 2611 tur,
2201 2544 2356 2615 quod
2381 2549 2572 2615 patres
2594 2563 2795 2603 eorum
2825 2549 2919 2605 Dei
2954 2552 3173 2607 amicos
3218 2553 3400 2610 fuisse
3427 2556 3698 2612 ostende-

2050 2636 2158 2699 ret,
2189 2634 2454 2704 quodque
2487 2633 2672 2707 legem
2705 2653 2909 2693 eorum
2944 2657 3166 2696 sacram
3211 2659 3338 2698 esse
3371 2645 3601 2700 doceret
3631 2661 3699 2700 ac

2049 2721 2344 2788 divinam;
2376 2740 2480 2778 nec
2510 2742 2635 2779 eam
2672 2727 3020 2799 desituram,
3046 2747 3149 2785 nec
3179 2749 3381 2787 eorum
3412 2732 3700 2805 populum

2048 2810 2402 2866 translatum
2425 2812 2517 2883 iri,
2542 2816 2640 2869 sed
2676 2815 3047 2873 Palaestinam
3072 2820 3192 2876 fore
3219 2819 3335 2877 illis
3357 2827 3700 2895 perpetuam

2051 2898 2472 2966 hereditatem,
2496 2902 2546 2957 si
2580 2902 2754 2958 talem
2785 2904 2971 2976 legem
3005 2913 3300 2963 servarent
3329 2925 3342 2966 :
3370 2925 3498 2966 esse
3519 2911 3702 2966 Abra-

2052 2987 2295 3042 hamum
2325 2996 2548 3060 patrem
2583 2996 2668 3046 tot
2702 2999 3092 3064 posterorum,
3119 3002 3179 3051 ut
3203 3015 3402 3053 eorum
3437 2999 3707 3054 multitu-

2053 3077 2125 3131 do
2158 3075 2458 3132 stellarum
2490 3079 2927 3138 multitudinem
2954 3085 3254 3154 adaequat;
3288 3090 3343 3141 et
3367 3086 3424 3140 in
3458 3087 3586 3157 ejus
3614 3103 3705 3142 se-

2056 3165 2212 3219 mine
2245 3181 2447 3221 omnes
2477 3175 2675 3239 gentes
2708 3169 3103 3226 haereditatom
3139 3174 3400 3244 accipere
3434 3174 3506 3245 (b)
3534 3193 3547 3242 ;
3585 3191 3712 3229 rur-

282 3226 748 3339 κληροδότεῖσθαι
779 3226 952 3313 πάντά
980 3257 1046 3312 τὰ
1074 3253 1199 3328 ἔθνη
1219 3275 1231 3289 ο
1264 3256 1352 3310 xui
1385 3254 1416 3310 ὅ
1440 3255 1576 3332 πρὸς
1633 3257 1724 3311 τὸν
1776 3250 1940 3310 Δαϐὶδ

2060 3269 2280 3323 susque
2312 3253 2463 3324 quod
2477 3226 2558 3308 ad
2586 3255 2859 3311 Davidem
2883 3258 3105 3313 dictum

286 3353 440 3408 εἶπεν
502 3348 693 3414 αὖθις·
752 3349 847 3403 Ἐκ
889 3349 1100 3416 καρποῖ)⁹
1151 3352 1252 3414 τῆς
1294 3343 1507 3407 κοιλίας
1559 3365 1654 3400 σου
1709 3345 1949 3417 θήσομαι

283 3442 380 3498 ἐπὶ
413 3438 511 3495 τοῦ
541 3438 739 3516 θρόνου
770 3457 867 3492 σου
895 3455 908 3471 ·
942 3435 1031 3491 xui
1064 3432 1153 3489 διὰ
1199 3434 1421 3488 Ἦσαὶου
1472 3432 1656 3506 πάλιν,
1705 3432 1789 3488 ὅτι
1819 3451 1830 3465 ·
1886 3434 1952 3489 Ἡ

286 3528 567 3605 Παρθένοδ
656 3526 707 3582 ἐν
791 3524 980 3601 γαστρὶ
1068 3523 1323 3597 λήψεται,
1399 3522 1487 3576 xui
1543 3521 1748 3592 τέξεται
1811 3523 1949 3590 υἱὸν,

284 3618 385 3676 καιῖ
466 3618 756 3672 καλέσουσι
830 3614 892 3668 τὸ
972 3611 1146 3685 ὄνομα
1213 3611 1378 3667 αὐτοῦ
1451 3609 1829 3684 Ἐμμανουήλ.
1889 3609 1951 3665 Ei

283 3707 476 3764 τοίνυν
513 3707 587 3780 μὴ
623 3706 913 3772 ἀθετοῦσιν,
945 3702 1091 3758 ἀλλά
1120 3700 1296 3756 πίστει
1328 3697 1735 3776 παραδέχονται
1765 3704 1951 3770 ταῦτα,

288 3804 398 3865 τῆς
429 3795 697 3870 προτέρας
757 3792 951 3854 αὐτοὺς
1000 3795 1097 3846 τοῦ
1127 3795 1260 3845 Θεοῦ
1291 3788 1545 3865 προνοίας
1581 3790 1656 3862 μὴ
1692 3787 1953 3855 ἐκπεσεῖν,

292 3884 432 3941 ἀλλ’
465 3883 811 3962 ἀναφαίρετον
855 3881 1028 3954 μένειν
1058 3880 1183 3955 παρ’
1213 3878 1396 3942 αὐτοῖς
1439 3879 1539 3949 τήν
1587 3877 1953 3946 Παλαιστίνην

300 3967 662 4031 διεϐεϐαίουί
709 3967 986 4040 ’Έλληνας
1037 3969 1130 4042 μὲν
1176 3970 1290 4010 ²³-³ί
1342 3965 1485 4023 οὕτω
1529 3966 1618 4022 xui
1661 3964 1954 4028 Ἰουδαίους

300 4064 498 4136 νεξιῶς
532 4059 659 4138 ἄγαν
691 4061 779 4116 xui
814 4058 1029 4120 οἰκείως
1080 4059 1362 4134 ὑπήρχετο
1411 4058 1546 4131 (19),
1595 4055 1958 4132 χαριζόμενός

296 4175 358 4210 τε
390 4152 580 4214 αὐτοῖς
613 4153 774 4224 ὁμοῦ,
807 4148 896 4204 xui
931 4149 1110 4223 ἠρέμα
1139 4147 1274 4224 πρὸς
1301 4147 1400 4216 τὴν
1445 4140 1712 4201 εὐσέϐειαν
1766 4143 1963 4220 ἐπαγό-

304 4262 500 4318 μενος.

376 4333 516 4389 CLI.
562 4327 871 4402 Χριστιανοὶ
904 4323 961 4381 δὲ
985 4323 1170 4381 πολλὰ
1200 4327 1247 4362 ³³
1276 4322 1366 4378 xui
1407 4319 1552 4378 ἄλλα
1580 4329 1680 4394 τῆς
1726 4327 1824 4378 τοῦ
1873 4323 1960 4378 ἀν-

301 4419 438 4491 δρὸς
471 4417 595 4493 περὶ
627 4415 819 4479 αὐτοὺς
845 4413 1173 4488 κηδεμονίας
1204 4411 1470 4488 δείγματα
1501 4412 1672 4488 εἶχον.
1715 4410 1962 4468 Μάλιστα

303 4508 366 4564 δὲ
415 4511 516 4578 τήν
578 4505 821 4562 εὐποιίαν
875 4505 989 4566 οἷος
1021 4503 1246 4571 ἐκεῖνος,
1280 4501 1474 4569 πένησι
1510 4500 1848 4576 θησαυρίζων
1878 4501 1959 4556 ἀεὶ

2061 3345 2160 3396 tris
2189 3344 2276 3396 tui
2299 3357 2505 3411 ponam
2529 3360 2694 3414 super
2720 3346 2898 3401 sedem
2922 3355 3072 3402 tuam
3093 3347 3168 3418 (ο)
3193 3365 3206 3403 :
3235 3353 3293 3404 et
3323 3349 3533 3406 iterum
3554 3351 3707 3419 quod

2062 3447 2164 3502 per
2195 3431 2401 3486 Isaiam
2440 3448 2452 3486 :
2493 3434 2650 3503 Virgo
2699 3436 2758 3488 in
2806 3438 2964 3490 utero
3016 3439 3304 3508 concipiet,
3338 3443 3388 3493 et
3423 3440 3614 3509 pariet
3643 3440 3710 3510 ﬁ-

2062 3520 2221 3587 lium,
2256 3529 2308 3575 et
2340 3522 2603 3576 vocabunt
2624 3538 2818 3577 nomen
2842 3525 2978 3594 ejus,
3005 3526 3334 3581 Emmanuel
3359 3527 3455 3598 (ἀ).
3484 3528 3544 3582 Si
3575 3543 3712 3599 ergo

2062 3607 2184 3663 haec
2236 3627 2346 3664 non
2400 3610 2724 3680 reiiceient,
2768 3613 2866 3667 sed
2918 3613 3030 3668 fide
3079 3617 3546 3687 comprobarent,
3597 3633 3713 3672 non

2063 3713 2161 3752 eos
2193 3699 2440 3769 pristina
2471 3699 2571 3754 Dei
2606 3701 2966 3772 providentia
3009 3704 3296 3760 carituros
3324 3721 3338 3772 ;
3369 3722 3570 3760 verum
3602 3705 3716 3760 Pa-

2061 3784 2353 3842 laestinam
2387 3789 2539 3860 apud
2560 3788 2689 3844 illos
2709 3789 2978 3846 stabilem
2999 3808 3339 3848 mansuram
3362 3794 3715 3848 afﬁrmabat.

2063 3878 2290 3932 Graecos
2311 3877 2545 3946 quidem
2579 3878 2687 3934 hoc
2712 3881 2908 3945 modo,
2932 3884 2989 3934 et
3016 3880 3247 3936 Judeos
3279 3881 3446 3937 valde
3470 3883 3719 3938 solerter

2065 3969 2123 4020 et
2152 3968 2522 4024 accomodate
2547 3968 2896 4039 subjiciebat
2921 3987 2934 4037 ;
2970 3986 3068 4024 eos
3095 3970 3271 4024 simul
3302 3975 3358 4026 et
3388 3973 3716 4042 demerens,

2066 4057 2123 4109 et
2153 4055 2377 4111 sensim
2409 4058 2479 4112 ad
2513 4074 2708 4113 veram
2744 4057 3082 4131 religionem
3115 4059 3433 4116 adducens.

2140 4322 2276 4377 CLI.
2310 4322 2620 4378 Christiani
2651 4340 2782 4378 vero
2812 4323 2994 4378 multa
3027 4328 3083 4379 et
3113 4324 3228 4380 alia
3249 4342 3402 4383 cura)
3419 4325 3528 4381 viri
3559 4325 3720 4383 illius

2071 4428 2209 4483 erga
2237 4411 2394 4483 ipsos
2429 4412 2770 4495 documenta
2799 4412 3110 4470 habebant.
3138 4413 3463 4470 Prmsertim
3495 4431 3628 4470 vero
3660 4414 3720 4470 in

2069 4500 2450 4555 beneficentia
2482 4507 2736 4572 quantus
2759 4500 2855 4555 ille
2886 4501 3028 4555 fuit!
3064 4501 3168 4565 Qui
3193 4503 3553 4575 pauperibus
3574 4519 3723 4559 sem-

297 4604 428 4660 ταῖς
490 4594 782 4674 ἀσφαλέσιν
831 4594 1154 4664 ἀπαθήκαις,
1205 4591 1296 4646 xui
1344 4595 1451 4645 τῶν
1501 4585 1942 4645 ἐπιϐουλευόντωε

2073 4607 2174 4662 per
2203 4589 2509 4644 thesauros
2541 4595 2868 4645 asservaret
2899 4591 2957 4644 in
2990 4591 3129 4646 tutis
3171 4593 3538 4664 repositoriis
3567 4608 3723 4662 quae-

303 4685 728 4763 ἶσχυροτέραιςί
763 4682 897 4744 Τούς
927 4702 985 4736 τε
1013 4681 1112 4757 γὰρ
1152 4679 1202 4735 ἐν
1254 4679 1461 4751 ἑκάστῳ
1523 4682 1671 4755 μέρει
1721 4682 1820 4748 τῆς
1868 4679 1965 4734 πό-

305 4777 454 4837 λεως
507 4771 704 4834 ἐνδεεῖς
755 4771 1230 4846 ἀπογραψάμενος,
1279 4772 1386 4822 τῶν
1441 4767 1740 4844 ἀναγκαίων
1782 4768 1964 4831 αὐτοῖς

304 4865 431 4928 καθ’
462 4861 690 4931 ἑκάστην
723 4860 933 4933 ἡμέραν
963 4857 1199 4913 ἐποιεῖτο
1227 4857 1326 4926 τὴν
1360 4856 1632 4932 χορηγίαν
1661 4878 1673 4891 ο
1723 4857 1812 4910 xui
1845 4856 1961 4912 ὅσοι

303 4953 440 5027 παρ’
473 4948 619 5023 αὗτῷ
649 4947 813 5004 πάλιν
845 4951 942 5002 τοῦ
969 4945 1112 5000 θείου
1160 4944 1510 5016 κατηξιοῦντο
1567 4943 1962 5020 βαπτίσματος,

307 5038 602 5114 δημοσίων
635 5036 829 5099 αὐτοὺς
864 5035 1065 5091 ἀπέλυε
1085 5033 1286 5112 φόρων,
1308 5034 1398 5089 xui
1427 5030 1667 5104 παντελῆ
1703 5039 1962 5111 παρεῖχεν

2074 4695 2182 4748 que
2213 4682 2377 4734 erant
2409 4677 2852 4734 insidiatoribus
2881 4680 3134 4735 fortiora.
3161 4685 3384 4750 Egenos
3414 4680 3568 4736 enim
3599 4680 3723 4737 sin-

2074 4767 2344 4840 gularum
2377 4767 2539 4821 urbis
2570 4767 2820 4838 partium
2855 4767 2910 4822 in
2964 4767 3193 4824 tabulas
3225 4769 3497 4839 referens,
3531 4770 3723 4840 quoti-

2075 4857 2168 4912 die
2198 4855 2315 4910 illis
2338 4855 2750 4927 suppeditabat
2773 4873 2897 4927 quze
2924 4861 3088 4912 erant
3111 4857 3465 4912 necessaria:
3482 4860 3726 4913 iterum-

2075 4962 2184 5016 que
2214 4948 2497 5016 quotquot
2526 4944 2598 4998 ab
2629 4961 2694 4999 eo
2737 4944 2966 5000 fuerant
2998 4945 3191 5000 divino
3235 4945 3588 5016 baptismate
3619 4948 3723 5002 do-

2075 5035 2215 5102 nati,
2249 5049 2347 5088 eos
2379 5049 2412 5086 a
2440 5030 2690 5103 publicis
2728 5031 3012 5089 liberabat
3045 5034 3297 5100 tributis,
3330 5037 3388 5090 et
3434 5033 3722 5108 integram

387 5167 468 5238 (a)
498 5167 520 5222 Ι
553 5166 680 5223 Cor.
714 5182 790 5221 1x.
825 5163 902 5238 (ὁ)
930 5166 1072 5220 Gen.
1100 5177 1239 5229 χχιι,
1272 5162 1361 5234 17,
1394 5161 1479 5217 18.
1513 5161 1590 5234 (σ)
1616 5160 1771 5217 Psal.
1805 5177 1942 5218 cxxx

2061 5160 2112 5228 Ι,
2146 5159 2221 5231 (d)
2254 5158 2346 5212 Isa
2374 5173 2471 5225 vn,
2503 5157 2592 5212 14.

1666 5285 1903 5341 VARle
1966 5282 2371 5341 LECTIONES.

390 5389 519 5430 "-29
552 5388 626 5445 al.
660 5385 837 5448 οὗτος.
872 5387 917 5422 ²⁶
946 5383 1019 5441 al.
1051 5381 1328 5461 ἀπέφαινε.
1362 5383 1404 5418 ³⁷
1434 5381 1507 5439 al.
1541 5381 1677 5458 πρὸς
1708 5377 1977 5457 Ἀϐραάμ.
2012 5382 2126 5422 ⁹⁸-³¹
2167 5378 2242 5435 al.
2276 5378 2453 5434 inser.
2486 5376 2598 5431 οὖν.
2630 5379 2676 5413 ³2
2717 5378 2788 5435 al.
2824 5379 3000 5437 inscr.
3041 5379 3154 5452 μέν.

1704 5507 2085 5564 VARIORUM
2126 5504 2360 5562 NOT/E.

393 5610 860 5695 (_9):I‘1r4£xero.
893 5607 1196 5680 Signiﬁcat
1228 5604 1555 5680 ὑπέρχεσθαι
1583 5624 1725 5676 τινα,
1755 5605 1816 5662 in
1849 5603 2102 5676 alicujus
2133 5606 2387 5658 mentem
2420 5601 2637 5672 subire,
2671 5617 2926 5676 eumque
2955 5605 3236 5678 obsequio
3267 5623 3474 5681 capere
3523 5624 3589 5665 ac
3614 5609 3729 5665 sibi

310 5685 631 5740 devincire.
663 5685 795 5740 Co'r.
