4118 6340
456 349 574 408 583

1284 346 1348 406 S.
1396 343 1835 408 CLEMENTIS
1879 346 1904 406 1
1949 345 2141 406 ROM.
2187 344 2419 406 PONT.
2464 346 2726 409 OPERA
2770 346 3031 408 DUBIA.

3737 351 3858 411 584

452 480 745 555 praebebat
783 480 1234 537 immunitatem.
1268 481 1377 536 Sed
1410 484 1464 535 et
1491 496 1589 536 eos
1636 481 1733 551 qui
1764 496 1995 551 semper
2023 478 2095 533 ad

2212 446 2457 532 ἀτέλειαν
2485 478 2496 533 l
2529 478 2768 555 Παρῄνει
2820 477 2877 534 δὲ
2924 479 3014 535 καὶ
3060 484 3173 541 τοῖς
3221 480 3471 535 ἑκάστοτε
3518 476 3605 534 διὰ
3649 480 3709 534 τὸ
3755 482 3856 550 κή-

454 571 620 627 illum
654 575 889 643 propter
919 569 1388 641 praedicationem
1414 575 1584 639 atque
1612 570 1937 625 doctrinam
1970 584 2105 623 con-

456 661 786 727 veniebant,
823 659 1189 729 maximeque
1221 675 1366 728 quos
1414 657 1632 714 sciebat
1662 658 1886 714 divitiis
1917 657 2106 713 abun-

463 751 622 817 dare,
655 753 711 805 et
741 747 942 821 largiri
975 764 1165 818 posse,
1197 747 1540 802 hortabatur
1591 764 1663 802 ne
1696 746 1875 803 semel
1906 748 2107 801 sancto

463 839 756 912 baptismo
806 840 1083 909 purgatos
1114 835 1374 891 sinerent
1421 834 1650 908 publice
1682 853 1716 891 a
1742 834 1961 893 Judaais
1989 834 2109 889 ino—

462 929 568 1000 piae
599 930 795 997 {causa
844 924 1075 995 nutriri,
1109 924 1593 997 splendidamque
1642 926 1842 997 gratiae
1888 928 2107 979 vestem

463 1018 698 1089 impura
718 1015 819 1071 illa
847 1014 1258 1071 communione
1289 1013 1566 1086 polluere.
1590 1018 1699 1069 Per
1726 1030 1853 1085 quae
1884 1012 2013 1068 illos
2036 1012 2107 1069 ad

464 1105 810 1178 explendam
859 1103 1335 1160 calamitosorum
1384 1103 1789 1158 necessitatem
1820 1102 1963 1157 adeo
1994 1099 2110 1156 ala-

458 1212 587 1251 cres
612 1194 911 1258 reddebat,
929 1197 994 1248 ut
1011 1192 1067 1246 id
1092 1192 1374 1248 duntaxat
1391 1191 1620 1247 lucrum
1642 1193 1935 1264 putarent,
1955 1189 2105 1260 quod

453 1284 517 1341 in
548 1301 646 1341 eos
675 1281 1120 1355 impendissent.

528 1462 696 1519 CLII.
730 1461 875 1516 Cum
909 1475 1045 1532 ergo
1077 1459 1158 1514 ita
1205 1461 1399 1530 ageret
1446 1461 1683 1514 sanctus
1732 1456 2019 1525 Clemens,
2050 1458 2108 1512 et

456 1552 539 1607 ita
566 1552 629 1606 in
656 1550 920 1606 omnium
944 1547 1156 1604 animis
1181 1551 1335 1603 esset
1355 1547 1708 1602 constitutus
1733 1564 1746 1615 ;
1767 1550 1939 1614 atque
1961 1545 2104 1601 adeo

458 1658 574 1697 non
606 1644 835 1694 tantum
863 1637 1245 1702 Christianos,
1268 1636 1369 1691 sed
1391 1635 1564 1690 etiam
1589 1636 1748 1706 ipsos
1771 1634 2017 1706 gentiles
2038 1650 2104 1689 ac

456 1730 693 1785 Judaeos
726 1746 758 1783 a
788 1744 894 1782 sua
926 1727 1123 1781 anima
1154 1729 1211 1779 et
1246 1724 1448 1795 lingua
1479 1724 1798 1796 pendentes
1829 1722 2101 1790 haberet;

457 1834 559 1890 per
589 1817 912 1874 Sisinnium
944 1814 1109 1869 illum
1157 1817 1304 1882 (erat
1334 1817 1527 1869 autem
1560 1812 1611 1867 is
1655 1812 1880 1867 amicus
1908 1811 2101 1867 Nervae

453 1911 509 1962 et
539 1924 693 1963 unus
725 1922 791 1960 ex
819 1902 1231 1970 familiaribus)
1265 1902 1396 1957 odio
1440 1906 1498 1956 et
1528 1900 1838 1956 calumniis
1869 1901 2101 1972 peteba-

450 1998 586 2063 tur;
620 1995 852 2064 quando
884 1993 1190 2063 conjugem
1213 1991 1574 2046 Theodoram
1594 1990 1887 2046 Sisinnius
1918 1989 2102 2045 sensit

452 2083 764 2139 Clementis
794 2081 1072 2137 doctrinae
1102 2096 1300 2136 amore
1330 2084 1561 2151 captam
1591 2095 1740 2145 esse,
1774 2083 1831 2133 et
1856 2079 2099 2134 domum

452 2173 710 2242 quidem,
762 2171 975 2226 liberos
1025 2186 1091 2225 ac
1132 2169 1323 2224 virum
1374 2168 1685 2240 negligere,
1736 2171 1916 2222 totam
1966 2184 2098 2223 vero

454 2260 737 2318 Clementi
798 2260 1109 2325 adhaerere,
1166 2258 1236 2313 ad
1286 2273 1419 2312 eum
1478 2256 1715 2311 assiduo
1764 2256 2096 2324 adventare,

455 2350 715 2421 adeoque
745 2349 803 2403 in
836 2347 1029 2403 adimo
1083 2364 1189 2402 suo
1235 2361 1467 2418 semper
1494 2345 1664 2400 illum
1712 2344 2101 2416 spiritualiter

455 2439 623 2493 ferre.
655 2440 727 2492 At
756 2435 1061 2492 Theodora
1091 2452 1216 2507 quae
1248 2434 1530 2490 suavitate
1560 2434 1773 2506 linguae
1804 2450 1869 2488 ac
1895 2433 2097 2489 verbo-

455 2544 586 2582 rum
642 2526 955 2582 Clementis
988 2524 1182 2580 illecta
1228 2528 1369 2595 erat,
1403 2524 1750 2595 Christoque
1781 2540 1883 2595 per
1930 2522 2097 2577 illum

450 2615 796 2680 crediderat,
830 2614 1131 2670 ardentius
1170 2614 1441 2685 pietatem
1498 2612 1858 2684 capessebat,
1892 2610 2100 2684 psalle-

450 2706 552 2761 bat
598 2704 891 2771 continue,
926 2718 1032 2759 nec
1063 2704 1134 2758 ab
1188 2702 1307 2757 ulla
1354 2702 1555 2775 synaxi
1604 2717 1709 2757 seu
1738 2701 2097 2758 Christiano-

449 2809 581 2848 rum
614 2792 1062 2864 congregatione
1092 2792 1312 2846 aberat.

522 2881 712 2937 CLIII.
748 2881 1044 2937 Sisinnius
1074 2897 1206 2936 vero
1254 2878 1458 2951 iniqua
1503 2878 1787 2951 zelotypia
1829 2876 2097 2934 stimula-

450 2974 570 3041 tus,
604 2969 850 3025 insidias
899 2971 1174 3025 adversus
1227 2985 1464 3025 uxorem
1515 2968 1928 3035 meditabatur,
1972 2968 2096 3022 sin-

451 3058 724 3131 gulisque
754 3058 959 3113 diebus
988 3059 1330 3114 armabatur
1359 3057 1430 3113 ab
1462 3073 1528 3113 eo
1574 3058 1799 3112 affectu.
1833 3055 2095 3127 Cumque

449 3163 577 3202 eam
609 3146 920 3218 aliquando
953 3146 1265 3201 abeuntem
1298 3147 1369 3201 ad
1420 3145 1682 3218 synaxim
1710 3145 2093 3211 observasset,

2218 585 2399 641 ρυγμα
2423 566 2513 622 καὶ
2560 569 2658 637 τήν
2705 566 3052 624 διδασκαλίαν
3093 568 3228 643 πρὸς
3276 567 3432 623 αὐτὸν
3484 572 3739 640 συνιοῦσι,
3770 569 3857 623 καὶ

2220 653 2455 727 μάλιστα
2484 654 2642 718 ὅσους
2670 656 2954 734 περιττοὺς
2985 653 3104 731 ᾔδει
3134 661 3212 727 τῶ
3242 656 3466 729 πλούτῳ
3498 656 3585 711 καὶ
3616 658 3752 731 πρὸς
3797 658 3859 711 τὸ

2217 740 2423 799 διδόναι
2476 742 2711 809 δυνατῶς
2758 743 3008 822 ἔχοντας,
3074 746 3150 819 μή
3198 744 3326 807 τοὺς
3372 746 3505 816 ἅπαξ
3553 750 3631 817 τῷ
3672 746 3860 821 βαπτί-

2216 853 2379 906 σματι
2411 835 2488 906 τῷ
2520 834 2656 911 ἁγίῳ
2702 834 3082 911 καθαρθέντας,
3129 839 3384 911 περιορᾷν
3432 832 3673 909 δημοσίᾳ
3716 835 3861 908 παρὰ

2214 925 2319 976 τῶν
2381 920 2655 978 Ἰουδαίων
2702 926 3070 1003 τρεφομένους
3143 921 3215 979 δι’
3268 923 3495 999 ἀπορίαν
3530 966 3544 992 ,
3600 924 3689 979 καὶ
3759 925 3858 993 τήν

2218 1008 2471 1087 λαμπρὰν
2523 1011 2726 1082 στολὴν
2773 1018 2871 1069 τοῦ
2920 1012 3301 1090 χαρίσματος,
3353 1010 3441 1067 διὰ
3482 1020 3583 1082 τῆς
3642 1011 3863 1088 ἐναγοῦς

2217 1096 2427 1170 ἐκείνης
2472 1100 2754 1163 κοινωνίας
2810 1102 3165 1175 μολύνοντας.
3211 1101 3329 1178 ’Δφ’
3375 1101 3448 1155 ὧν
3482 1099 3625 1155 οὕτω
3664 1100 3864 1176 προθύ-

2219 1208 2338 1260 μως
2388 1186 2582 1251 αὐτοὺς
2633 1187 2807 1245 ἐποίει
2850 1196 2969 1253 τοῖς
3021 1187 3459 1264 βασανιζομένοις
3498 1188 3566 1243 τὰ
3592 1190 3727 1263 πρὸς
3755 1190 3859 1259 τὴν

2214 1275 2406 1353 χρείαν
2436 1274 2777 1349 ἀποδιδόναι,
2811 1279 2886 1342 ὡς
2905 1279 3070 1334 τουτό
3094 1299 3158 1355 γε
3190 1277 3355 1353 μόνον
3379 1275 3570 1355 κέρδος
3590 1278 3857 1352 νομίζειν,

2214 1366 2243 1420 ὃ
2274 1365 2332 1420 ἃν
2366 1365 2443 1428 εἰς
2472 1365 2664 1429 αὐτοὺς
2692 1366 3045 1424 ἀναλώσειαν.
3464 1388 3471 1403 κ

2285 1457 2446 1513 CLII.
2479 1454 2633 1511 Οὕτω
2670 1456 2763 1529 μὶν
2797 1454 2887 1512 οὖν
2922 1457 2949 1512 6
2984 1456 3129 1532 ἱερὸς
3149 1454 3385 1528 Κλήμης
3408 1453 3862 1531 ἔχων,καὶοῧτως

2213 1540 2265 1599 ἔν
2296 1549 2415 1607 ταῖς
2448 1545 2696 1600 ἀπάντων
2725 1549 2930 1621 ψυχαῖς
2959 1544 3225 1619 κείμενος,
3274 1545 3363 1600 καὶ
3396 1547 3458 1600 οὑ
3506 1547 3863 1621 Χριστιανοὺς

2217 1633 2404 1707 μόνον,
2435 1633 2581 1689 ἀλλᾶ
2610 1634 2697 1689 καὶ
2748 1634 2941 1695 αὐτοὺς
2987 1634 3267 1704 ’Έλληνας
3296 1635 3386 1690 καὶ
3433 1632 3729 1697 Ἰουδαίους
3761 1643 3864 1706 τῆς

2213 1721 2416 1785 οἴκείας
2447 1723 2535 1777 καὶ
2567 1726 2753 1798 ψυχῆς
2796 1722 2962 1778 πάλιν
3008 1722 3209 1785 ἐκεῖνος
3254 1723 3343 1777 καὶ
3390 1710 3643 1799 γλώττης
3696 1724 3862 1801 ἀνηρ-

2210 1813 2469 1885 τημένος,
2500 1816 2578 1884 τῷ
2610 1812 2865 1886 Σισιννίῳ
2898 1810 3086 1885 ἔκείνῳ
3134 1811 3317 1890 (φίλος
3363 1809 3421 1867 δὲ
3451 1810 3608 1875 οὗτὸς
3635 1814 3714 1885 τῷ
3759 1815 3861 1888 βα-

2208 1899 2353 1956 σιλεῖ
2395 1900 2607 1976 Νερούᾳ
2652 1901 2742 1956 καὶ
2788 1907 2894 1956 τῶν
2945 1899 3286 1976 ἐπιτηδείων)
3327 1901 3565 1974 ἐμισεῖτο
3616 1903 3705 1956 καὶ
3747 1900 3857 1957 διε-

2210 1984 2466 2055 ϐάλλετο,
2518 1986 2704 2059 ἐπειδὴ
2745 1993 2845 2058 τήν
2896 1990 3124 2065 σύζυγον
3175 1988 3454 2066 Θεοδώραν
3504 1991 3532 2045 6
3584 1990 3855 2055 Σισίννιος

2210 2076 2536 2152 ὑπῃσθάνετο
2582 2075 2744 2154 ἔρωτι
2788 2084 2887 2147 τῆς
2936 2077 3139 2133 ἐκείνου
3180 2076 3527 2141 διδασκαλίας
3558 2076 3857 2153 ἁλισκομέ-

2207 2186 2326 2233 νην·
2368 2164 2457 2221 καί
2485 2164 2636 2221 οἷ¹κου
2671 2166 2763 2239 μὲν
2795 2166 2885 2221 καὶ
2932 2164 3139 2222 παίδων
3179 2164 3268 2221 καὶ
3299 2163 3494 2240 ἀνδρὸς
3526 2165 3853 2239 ἀμελοῦσαν,

2208 2253 2345 2326 ὅλην
2379 2253 2435 2310 δέ
2462 2259 2541 2327 τῷ
2579 2253 2855 2329 Κλήμεντι
2902 2256 3328 2332 προσκειμένην,
3377 2255 3467 2310 καὶ
3506 2255 3653 2327 αὐτῷ
3701 2278 3854 2312 συνε-

2207 2348 2324 2421 χῶς
2356 2348 2649 2422 φοιτῶσαν,
2695 2346 2785 2399 καὶ
2832 2349 3021 2401 τοῦτον
3073 2348 3119 2382 ³³
3165 2343 3327 2401 πάλιν
3372 2342 3458 2399 ἐπὶ
3503 2352 3603 2414 τῆς
3648 2343 3853 2409 οἰκείας

2206 2435 2395 2509 ψυχῆς
2442 2432 2522 2487 ἀεὶ
2574 2438 2949 2506 πνευματικῶς
3001 2434 3412 2512 περιφέρουσαν.
3471 2432 3621 2489 Ἀκλ’
3667 2436 3703 2505 ἡ
3756 2435 3854 2508 μὲν

2207 2518 2461 2597 Θεοδώρα
2490 2525 2557 2595 τῇ
2590 2528 2800 2597 σειρῆνι
2828 2528 2927 2591 τῆς
2956 2526 3053 2576 τοῦ
3101 2520 3419 2595 Κλήμεντος
3464 2520 3716 2598 γλώττης
3754 2544 3855 2578 κα-

2202 2608 2584 2685 ταθελχθεῖσα,
2631 2611 2720 2665 καὶ
2763 2616 2841 2683 τῶ
2890 2616 3104 2688 Χριστῷ
3155 2609 3224 2666 δι’
3255 2610 3457 2667 ἐκείνου
3505 2612 3854 2685 πιστεύσασα,

2205 2699 2530 2775 θερμότερον
2572 2700 2904 2754 ἀντεποιεῖτο
2950 2707 3051 2769 τῆς
3105 2694 3410 2770 εὐσεϐείας,
3456 2701 3545 2755 καὶ
3590 2698 3859 2772 διηνεκῶς

2205 2785 2430 2862 ἔψαλλε,
2461 2787 2550 2843 καὶ
2585 2787 2683 2843 οὐκ
2713 2787 3110 2861 ἀπεκιμπᾶνετο
3138 2796 3239 2859 τῆς
3279 2790 3563 2862 συνάξεως.

2278 2878 2464 2933 CLIII.
2498 2878 2559 2934 Ὁ
2592 2878 2861 2940 Σισίννιος
2893 2875 2949 2932 δὲ
3000 2878 3101 2933 ὑπὸ
3148 2884 3247 2947 τῆς
3284 2875 3472 2933 ἀδίκου
3515 2877 3855 2949 ζηλοτυπίας

2204 2961 2573 3039 κεντούμενος,
2626 2962 2927 3037 ἐπιϐουλὴν
2972 2967 3107 3021 κατὰ
3150 2974 3252 3037 τῆς
3300 2967 3550 3043 γυναικὸς
3599 2966 3853 3039 ἐμελέτα,

2205 3053 2293 3108 καὶ
2327 3054 2429 3109 ὑπὸ
2459 3058 2556 3108 τοῦ
2585 3055 2787 3117 πάθους
2818 3056 2936 3119 καθ’
2976 3055 3201 3123 ἑκάστην
3250 3053 3520 3124 ὡπλίζετο
3568 3056 3666 3124 τὴν
3718 3054 3858 3127 ἡμέ-

2208 3162 2324 3219 ραν.
2357 3142 2455 3197 Καὶ
2489 3140 2553 3213 δή
2588 3164 2740 3213 ποτε,
2791 3145 3036 3219 τηρήσας
3084 3143 3251 3213 αὐτὴν
3304 3143 3440 3219 πρὸς
3487 3145 3585 3213 τὴν
3638 3143 3852 3214 σύναξιν

444 3236 597 3292 clam
633 3252 768 3292 cum
801 3234 1035 3291 famulis
1066 3235 1189 3307 ipse
1220 3251 1448 3304 quoque
1469 3233 1527 3288 in
1557 3232 1842 3304 templum
1875 3232 2093 3305 ingres-

2212 3232 2488 3302 ἀπιοῦσαν,
2523 3230 2695 3308 λάθρα
2742 3234 2874 3305 μετά
2919 3238 3026 3288 τῶν
3075 3232 3298 3288 οἰκετῶν
3327 3232 3417 3287 καὶ
3462 3231 3618 3295 αὐτὸς
3652 3231 3727 3294 εἷς
3757 3232 3852 3287 τὸν

447 3342 550 3380 sus
600 3328 709 3391 est,
760 3328 825 3379 ut
869 3324 1096 3380 curiose
1144 3323 1482 3393 inquireret,
1513 3327 1570 3378 et
1616 3322 2099 3378 animadverteret

448 3418 660 3469 cuncta
688 3430 812 3483 quae
853 3413 913 3468 in
963 3430 1028 3469 eo
1081 3416 1437 3485 gererentur,
1473 3427 1737 3484 quasque
1784 3411 1857 3467 oh
1888 3427 2096 3467 causas

452 3502 754 3557 Theodora
783 3518 847 3557 eo
880 3502 1115 3557 assidue
1145 3503 1570 3573 proﬁsceretur.
1600 3503 1877 3556 Caeterum
1903 3501 2096 3555 admi-

450 3589 623 3645 rabili
651 3590 946 3646 Clemente
976 3590 1211 3646 solitam
1256 3591 1562 3647 confestim
1594 3605 1893 3645 sacrorum
1926 3589 2095 3661 hym-

451 3696 661 3734 norum
693 3680 1015 3734 orationem
1044 3678 1300 3750 praefato.
1331 3678 1623 3734 Sisinnius
1653 3695 1839 3733 caecus
1870 3694 1933 3733 ac
1966 3694 2095 3733 sur-

452 3768 563 3823 dus
592 3767 747 3822 illico
780 3768 1018 3823 effectus
1048 3771 1155 3837 est,
1186 3768 1267 3822 ita
1298 3771 1362 3822 ut
1391 3784 1495 3823 nec
1538 3767 1738 3823 audire
1769 3783 1873 3821 nec
1902 3767 2096 3823 videre

444 3861 662 3929 posset.
696 3857 1137 3928 Conversusque
1168 3856 1516 3926 adfamulos
1549 3874 1561 3912 :
1599 3855 1946 3911 Prehendite
1979 3872 2090 3919 me,

442 3944 656 4017 inquit,
689 3951 745 4002 et
774 3946 845 4002 ad
881 3946 1123 4001 domum
1158 3962 1333 4000 manu
1369 3945 1638 4000 deducite
1670 3961 1683 3999 :
1720 3944 2091 4017 repentinum

445 4034 662 4106 quippe
694 4033 917 4089 malum
952 4033 1187 4106 aliquod
1238 4033 1296 4089 in
1347 4049 1438 4088 me
1470 4033 1722 4103 irruens,
1756 4049 1939 4103 neque
1990 4049 2090 4088 au-

448 4123 573 4178 dire
600 4140 791 4195 neque
823 4140 1057 4178 cernere
1090 4121 1398 4194 permittit.

521 4211 706 4267 CLIV.
754 4212 950 4282 Itaque
991 4211 1257 4284 protinus
1306 4227 1547 4266 manum
1579 4210 1627 4266 ei
1681 4208 1987 4281 porrigunt
2018 4209 2097 4264 fa-

451 4298 620 4368 muli,
669 4304 727 4356 et
775 4300 1075 4356 abducunt
1117 4301 1188 4355 ad
1240 4300 1502 4355 domum.
1535 4298 1703 4354 Exire
1749 4302 1944 4354 autem
1977 4315 2092 4354 non

446 4392 736 4461 poterant,
765 4388 899 4444 licet
928 4393 1051 4444 tota
1079 4387 1279 4460 templi
1303 4389 1489 4459 janua
1532 4392 1731 4459 aperta
1759 4392 1911 4443 esset
1944 4405 1956 4442 :
1992 4387 2093 4443 sed

448 4493 582 4532 eum
614 4494 716 4548 per
746 4481 930 4532 totam
962 4476 1261 4532 ecclesiam
1303 4477 1798 4544 ducebant,'inter
1827 4475 2093 4531 multitu-

448 4566 646 4620 dinem
677 4567 1035 4622 canentium.
1063 4566 1437 4622 Praacluserat
1466 4565 1619 4621 enim
1655 4565 1736 4621 eis
1765 4566 1984 4621 exitum
2006 4566 2093 4621 vis

449 4654 665 4723 divina,
685 4656 1118 4727 prudentiorem
1154 4656 1389 4711 reddere
1410 4654 1606 4711 volens
1624 4653 1871 4711 stultum
1902 4653 2092 4711 illum.

450 4742 877 4798 Circumeundo
922 4747 1119 4798 autem
1170 4742 1385 4811 ubique
1432 4758 1534 4813 per
1574 4741 1880 4813 templum,
1928 4741 2095 4795 uxori

450 4830 579 4901 ejus
611 4831 867 4903 precanti
907 4834 1236 4887 occurrunt.
1271 4831 1339 4886 Et
1366 4829 1467 4885 illa
1507 4829 1697 4886 virum
1729 4846 1863 4884 cum
1913 4829 2097 4885 servis

450 4918 685 4986 intuita,
715 4920 903 4991 primo
934 4920 1168 4991 quidem
1201 4919 1400 4975 oculos
1447 4918 1697 4989 deﬂexit,
1729 4918 1911 4973 verita
1939 4934 2012 4973 ne
2041 4922 2098 4974 et

448 5007 576 5081 ipse
601 5025 730 5064 eam
762 5008 983 5065 videret
1015 5026 1028 5065 :
1065 5008 1211 5064 nihil
1252 5008 1465 5080 quippe
1496 5007 1687 5063 adhuc
1734 5023 1934 5062 eorum
1967 5024 2094 5079 quae

449 5101 614 5170 gesta
643 5102 809 5153 erant
836 5098 1057 5153 sciebat
1078 5097 1416 5153 Theodore:
1444 5101 1643 5169 postea
1665 5099 1858 5152 autem
1890 5113 2006 5153 uno
2028 5113 2097 5153 ex

451 5184 689 5241 famulis
711 5186 1009 5256 accersito,
1025 5203 1265 5243 causam
1288 5186 1546 5259 rogabat,
1563 5190 1798 5257 propter
1818 5203 1991 5256 quam
2015 5187 2098 5243 ita

449 5290 584 5330 cum
613 5274 731 5331 illis
764 5277 1006 5333 maritus
1037 5294 1139 5349 per
1169 5275 1453 5349 templum
1480 5275 1793 5331 oberraret.
1816 5278 1896 5331 Ac
1924 5275 2023 5333 ille
2044 5276 2096 5333 ei

447 5362 644 5419 omnia
664 5369 897 5420 enarrat
917 5365 1254 5439 diligenter;
1282 5368 1409 5421 tum
1424 5363 1923 5437 quemadmodum
1943 5371 2098 5439 post-

2204 3322 2329 3375 ναὸν
2385 3321 2783 3397 παρεισῆλθεν,
2846 3319 2984 3376 ὥστε
3042 3322 3491 3399 περιεργάσασθαι
3547 3321 3635 3376 καὶ
3691 3342 3857 3376 κατα-

2209 3411 2393 3483 μαθεῖν
2432 3409 2500 3465 τά
2539 3408 2589 3466 ἐν
2619 3409 2764 3482 αύτῷ
2810 3410 2982 3465 πάντα
3027 3409 3348 3485 τελούμενα,
3383 3411 3472 3466 καὶ
3513 3411 3584 3466 ὧν
3618 3411 3780 3486 χάριν
3816 3412 3849 3480 ἡ

2206 3496 2459 3572 Θεοδώρα
2510 3504 2751 3575 συνεχῶς
2796 3498 2906 3554 ἐκεῖ
2951 3499 3271 3577 ἀφικνεῖται.
3311 3505 3414 3555 Τοῦ
3464 3500 3761 3574 θαυμασίου
3795 3496 3853 3554 δὲ

2205 3589 2526 3659 Κλήμεντος
2552 3589 2650 3658 τὴν
2684 3590 2888 3659 συνήθη
2922 3597 3267 3665 παραχρῆμα
3302 3594 3409 3645 τῶν
3454 3590 3615 3665 ἰερῶν
3665 3587 3847 3661 ὕμνων

2205 3675 2373 3753 εὐχὴν
2408 3676 2786 3752 προειπόντος,
2819 3677 3022 3757 τυφλὸς
3076 3678 3227 3741 εὐθὺς
3260 3680 3287 3734 ὁ
3320 3678 3583 3741 Σισίννιος
3636 3679 3849 3753 ἐγένετο

2201 3766 2292 3821 καὶ
2324 3768 2528 3845 κωφὸς.
2560 3766 2633 3829 ὡς
2685 3770 2823 3840 μήτε
2868 3767 3080 3823 ἀκούειν
3113 3770 3249 3840 μήτε
3280 3768 3406 3841 δρᾷν
3446 3765 3717 3830 δύνασθαι.
3752 3766 3849 3821 Καὶ

2204 3854 2341 3931 πρὸς
2391 3854 2516 3917 τοὺς
2564 3855 2775 3918 οἰκέτας
2823 3855 3185 3930 ἐπιστραφείς·
3231 3851 3432 3911 Λάϐετέ
3481 3876 3567 3928 με,
3598 3853 3724 3933 ἔφη,
3755 3854 3845 3909 καὶ

2206 3944 2341 4019 πρὸς
2372 3945 2470 4013 τήν
2501 3944 2672 3999 οἰκίαν
2706 3947 3168 4021 χειραγωγήσατε·
3205 3941 3398 4021 ἀθρόον
3447 3943 3547 4021 γάρ
3584 3966 3639 4000 τι
3682 3964 3843 3999 κατα-

2205 4035 2415 4106 σκῆψαν
2476 4033 2551 4096 εἷς
2610 4032 2706 4107 ἐμὲ
2760 4034 2921 4088 κακὸν
2979 4030 3101 4089 οὔτε
3157 4032 3389 4106 ἀκούειν,
3450 4031 3575 4088 οῦτε
3626 4031 3842 4109 βλέπειν

2202 4120 2402 4189 ἀνίησι.

2272 4211 2450 4267 CLIV.
2503 4214 2670 4287 Χεῖρα
2728 4211 2822 4283 μὶν
2892 4210 2983 4265 οὗν
3043 4209 3195 4275 εὐθὺς
3253 4209 3529 4286 ὀρέγουσιν
3588 4209 3844 4281 αὑτῷ-οἱ

2203 4298 2427 4371 οἰκέται,
2461 4300 2550 4354 καὶ
2583 4298 2867 4375 ἀπαίρουσι
2919 4298 3077 4369 δῆθεν
3110 4298 3247 4375 πρὸς
3288 4301 3389 4369 τήν
3436 4299 3631 4355 οἰκίαν.
3667 4299 3844 4369 Ἐξελ-

2202 4390 2309 4444 θεῖν
2344 4386 2400 4443 δὲ
2446 4387 2545 4443 οὐκ
2586 4388 2758 4463 εἶχον,
2812 4388 2988 4443 καίτοι
3037 4409 3100 4463 γε
3136 4390 3312 4459 πάσης
3356 4393 3453 4443 τοῦ
3498 4392 3634 4444 ναοῦ
3663 4385 3845 4459 πύλης

2201 4476 2577 4553 ἀνεῳγμένης,
2629 4472 2772 4532 ἀλϐἀ
2826 4475 2914 4532 διὰ
2958 4476 3132 4547 πάσης
3165 4477 3323 4532 αὐτόν
3367 4499 3426 4533 τε
3455 4484 3716 4554 περιῆγον
3748 4483 3847 4546 τῆς

2208 4564 2524 4637 ἐκκλησίας,
2579 4566 2678 4620 ἆνά
2721 4567 2784 4621 τὸ
2833 4570 2939 4621 τῶν
2998 4563 3231 4638 ᾀδόντων
3280 4564 3513 4637 πλῆθος.
3564 4565 3849 4622 Ἀπέκλειε

2202 4655 2304 4732 γὰρ
2332 4655 2432 4724 τὴν
2463 4652 2642 4727 ἔξοδον
2677 4654 2858 4717 αὐτοῖς
2889 4652 3115 4728 δύναμις
3162 4654 3435 4731 θειοτέρα,
3485 4656 3846 4733 σωφρονέστε-

2206 4764 2298 4818 ρον
2358 4743 2449 4798 τὸν
2526 4743 2752 4814 ἆνόητνν
2824 4744 3022 4799 ἐκεῖνον
3092 4743 3425 4820 ἐργαζομένη
3465 4787 3477 4801 .
3538 4744 3845 4820 Περιϊόντες

2202 4832 2381 4889 τοίνυν
2410 4837 2692 4908 πανταχοῦ
2722 4837 2820 4889 τοῦ
2847 4837 2998 4902 ναοῦ,
3021 4832 3403 4910 ἐντυγχάνουσι
3434 4832 3849 4909 προσευχομένη

2203 4925 2270 4995 τῇ
2302 4921 2466 4977 αὐτοῦ
2518 4921 2755 4997 συζύγῳ.
2801 4920 3030 4993 Κάκείνη
3075 4923 3163 4977 τὸν
3215 4919 3379 4999 ἄνδρα
3426 4922 3518 4976 σὺν
3554 4927 3672 4984 τοῖς
3705 4921 3847 4977 οἰκέ-

2201 5031 2321 5074 ταις
2353 5008 2559 5081 ίδοῦσα,
2591 5015 2782 5087 πρῶτα
2833 5012 2927 5084 μὲν
2981 5009 3215 5067 ἐκκλίνει
3264 5013 3362 5079 τήν
3395 5012 3537 5084 θέαν,
3575 5009 3851 5067 δεδοικυῖα

2207 5102 2283 5175 μὴ
2315 5099 2405 5155 καὶ
2438 5100 2596 5163 οὗτος
2625 5099 2789 5169 αὐτὴν
2821 5096 2950 5156 ἴδοι·
2980 5097 3132 5156 οὐδὲν
3156 5100 3257 5179 γὰρ
3276 5100 3413 5163 τέως
3443 5104 3550 5156 τῶν
3582 5097 3823 5178 πραχθέν

2203 5211 2309 5245 των
2342 5192 2376 5260 ἠ
2409 5186 2663 5265 Θεοδώρα
2694 5184 2835 5264 ᾖδεν
2887 5186 3071 5245 ἔπειτα
3117 5186 3175 5244 δὲ
3203 5194 3309 5245 τῶν
3354 5189 3576 5245 οἰκετῶν
3626 5184 3721 5244 ἕνα
3761 5208 3854 5261 με-

2202 5277 2645 5353 τακαλεσαμένη,
2691 5280 2793 5348 τὴν
2843 5278 3013 5335 αίτίαν
3064 5280 3272 5356 ἠρώτα,
3324 5276 3390 5334 δι’
3434 5279 3502 5348 ἢν
3558 5278 3700 5333 οὓτω
3758 5278 3851 5333 σὺν

2204 5368 2387 5430 αὑτοῖς
2436 5368 2465 5422 6
2515 5366 2653 5444 ἀνὴρ
2700 5366 2801 5422 ἀνὰ
2846 5369 2937 5424 τὸν
2987 5368 3112 5425 ναὸν
3163 5366 3536 5446 περιέρχοιτο.
3596 5364 3855 5430 Κάκεῖνος

1799 5544 2046 5602 νΑΒΙιΕ
2086 5547 2502 5606 LECTIONES.

519 5658 566 5695 ⁸³
596 5659 759 5718 deest
795 5661 856 5719 in
887 5662 963 5721 al.
