4118 6340
175 388 303 449 585

944 386 1470 451 CLEMENTINA.
1505 420 1579 433 -—
1613 387 1957 450 EPITOME
2002 388 2102 448 DE
2147 388 2415 451 GESTIS
2462 391 2523 450 S.
2574 388 2832 449 PETRI.

3471 388 3590 450 586

174 521 323 593 αὐτῇ
374 520 547 575 πάντα
594 518 876 594 καταλέγει
931 519 1022 574 σὺν
1074 515 1339 595 ἀκριϐείᾳ·
1383 519 1533 582 ὅπως
1580 541 1638 575 τε
1699 518 1832 593 μετᾶι

1952 537 2117 591 quam
2152 520 2249 576 illa
2281 523 2452 577 domo
2484 521 2737 588 exiisset,
2772 520 2921 576 clam
2952 520 3126 576 etiam
3155 519 3269 593 ipsi
3292 521 3364 576 ad
3401 522 3586 577 eccle-

172 612 282 678 τήν
327 608 387 663 ἐκ
411 613 510 664 τοῦ
540 605 694 662 οἷ’κου
740 608 907 678 αὐτῆς
957 610 1333 685 ὑποχώρησιν,
1378 608 1571 685 λάθρα,
1607 610 1703 677 τὴν
1747 609 1831 664 ἐκ·

173 698 413 767 κλησίαν
447 698 537 753 καὶ
566 697 719 752 αὐτοὶ
750 693 1126 753 καταλάϐοιεν·
1177 700 1267 753 καὶ
1317 698 1488 765 ὅπως,
1520 700 1618 767 τὴν
1660 698 1831 774 εὐχὴν

176 793 281 843 τοῦ
312 786 655 863 πατριάρχου
688 784 1113 854 ὃιατελέσαντος,
1144 785 1349 866 τυφλὸς
1407 786 1561 849 εὐθὺς
1594 788 1620 841 ὁ
1651 788 1834 862 νύριος

181 876 364 932 αὑτῶν
429 874 640 951 γένοιτο
708 875 798 930 καὶ
845 875 1050 951 κωφός.
1102 875 1207 932 Καὶ
1260 876 1333 938 ὡς
1382 876 1695 951 προστάξειε
1742 877 1835 949 μὲν

180 965 373 1028 αὐτοῖς
423 971 837 1039 χειραγωγῆσαι
889 963 1047 1018 αὐτὸν
1096 964 1181 1019 ἐπὶ
1230 966 1330 1034 τὴν
1380 965 1575 1035 οἰκίαν,
1608 962 1836 1039 οὐδεμία

184 1052 244 1110 δὲ
268 1054 459 1116 αὐτοῖς
490 1048 695 1123 ἔξοδος,
728 1052 905 1108 καίτοι
934 1051 1120 1108 πολλὰ
1147 1059 1381 1126 καμοῦσι
1416 1052 1506 1108 καί
1554 1059 1834 1131 πανταχοῦ

179 1151 284 1213 τῆς
317 1141 614 1211 ἐκκλησίας
642 1144 1036 1217 περιελθοῦσιν,
1070 1141 1387 1219 εὑρίσκεται.

254 1234 417 1290 CLV.
448 1231 661 1286 Τούτων
719 1230 895 1302 ἐκείνη
959 1232 1247 1302 ἀκουσασα,
1306 1240 1529 1302 συνῆκεν
1616 1232 1830 1305 εὐθέως,

182 1324 308 1387 ὅθεν
342 1324 377 1391 ἡ
406 1325 516 1376 τῶν
549 1315 703 1377 ὤτων
744 1320 892 1391 αὐτῷ
939 1320 1027 1375 καὶ
1076 1326 1181 1376 τῶν
1234 1321 1531 1399 ὀφθαλμῶν
1586 1325 1834 1397 πήρωσις

182 1412 271 1482 ἦν’
307 1410 397 1465 καὶ
433 1411 632 1486 βοηθὸς
655 1412 702 1447 ³⁸
732 1408 952 1479 ἀληθῶς
980 1409 1125 1482 αὐτῷ
1154 1410 1353 1485 γίνεται
1406 1416 1674 1487 Τραπεῖσα
1730 1412 1833 1487 γὰρ

179 1500 259 1563 εἷς
294 1499 464 1574 εὑχὴν
500 1498 709 1571 αὐτίκα,
741 1499 830 1554 καὶ
863 1496 1065 1575 δάκρυα
1098 1500 1232 1572 μετά
1272 1506 1374 1569 τῆς
1432 1500 1601 1576 εὐχῆς
1662 1501 1835 1577 θερμά

181 1588 389 1663 χέουσα
419 1590 485 1658 ³⁵,
522 1585 693 1642 ἐδεῖτο
724 1591 823 1641 τοῦ
870 1592 1023 1659 Θεοῦ,
1060 1586 1198 1643 ὥστε
1238 1589 1337 1657 τὴν
1380 1586 1561 1659 ἔξοδον
1613 1589 1830 1665 ἐπιτρα-

180 1686 351 1747 πῆναι
414 1682 495 1750 τῷ
549 1675 825 1747 Σισιννίῳ,
856 1676 945 1730 καὶ
1004 1673 1186 1731 οἷ’καδε
1218 1677 1549 1754 ὑποστρέψαι
1578 1681 1622 1715 ³⁶
1648 1677 1832 1735 αὐτόν.

180 1766 289 1823 Καὶ
340 1766 476 1841 πρὸς
539 1764 665 1825 τοὺς
710 1764 922 1827 οἶκέτας
968 1763 1368 1843 ἐπιστραφεῖσαο
1416 1763 1561 1840 (ᾔδει
1607 1768 1710 1843 γὰρ
1759 1767 1834 1829 ὡς

181 1852 310 1910 οὐδὲ
354 1855 447 1910 τὸν
499 1851 668 1929 ἄνδρα
698 1853 1013 1930 περιόψεται
1068 1856 1281 1916 πάντως
1340 1856 1368 1910 ὁ
1420 1855 1626 1926 ἐκείνης
1659 1855 1831 1924 Θεός)·
1864 1888 1912 1953 Β

185 1948 405 2017 "Ay-:13,
456 1942 610 2019 φησί,
659 1944 751 1999 τὸν
804 1942 989 2018 κύριον
1041 1943 1191 2015 ὑμῶν
1259 1944 1394 2018 πρὸς
1440 1946 1483 1980 ³⁷
1527 1945 1617 1998 τὸν
1687 1945 1833 1999 οἶκον

184 2032 654 2107 χειραγωγήσατε³
715 2025 1115 2103 καταλαμϐάνω
1176 2029 1232 2086 δὲ
1285 2034 1417 2104 μετά
1467 2032 1645 2109 βραχὺ
1675 2033 1834 2103 αὐτή.

181 2126 361 2176 Ταῦτα
417 2118 540 2198 ἔφη,
569 2122 661 2175 καὶ
718 2117 935 2195 ῥᾳδίαὴ
982 2116 1164 2192 ἔξοδος
1220 2120 1375 2183 εὐθὺς
1429 2127 1545 2185 τοῖς
1603 2122 1835 2184 οἰκέταις

184 2210 420 2285 ἐγένετο.
454 2210 559 2266 Καὶ
592 2211 620 2264 ὁ
654 2208 922 2264 Σισίννιος
958 2207 1275 2286 ὀφθαλμοὺς
1314 2208 1389 2265 ἔτι
1441 2211 1529 2265 καὶ
1572 2213 1685 2265 ὦτα
1741 2232 1837 2266 πε-

185 2296 540 2373 πηρωμένος,
586 2297 1009 2374 ἐχειραγωγεῖτο
1037 2298 1174 2373 πρὸς
1203 2300 1301 2367 τὴν
1359 2298 1549 2354 οἰκίαν.
1584 2300 1645 2353 Οἱ
1694 2297 1835 2353 οἰκέ-

184 2409 270 2443 ται
317 2387 502 2442 τοίνυν
550 2386 797 2447 ἐλθόντες
859 2386 1004 2461 παρὰ
1049 2388 1147 2455 τὴν
1197 2384 1499 2462 Θεοδώραν,
1538 2388 1626 2443 καὶ
1686 2387 1837 2451 αὖθις

188 2475 267 2532 ἔτι
296 2476 480 2553 κωφὸν
515 2475 649 2531 εἶναι
679 2476 769 2531 καὶ
799 2473 1003 2553 τυφλὸν
1032 2478 1123 2530 τὸν
1159 2477 1359 2531 ἑαυτῶν
1403 2475 1832 2552 ἀπαγγέλλουσιν

185 2567 394 2642 κύριον.
429 2565 530 2621 Καὶ
589 2564 722 2635 αὐτή
784 2566 1156 2641 συντονωτέρᾳ
1210 2564 1374 2620 πάλιν
1417 2568 1553 2641 πρὸς
1582 2568 1672 2621 τὸν
1706 2568 1832 2622 Θεὸν

184 2658 256 2728 τῇ
304 2652 485 2724 δεήσει
534 2654 623 2709 καὶ
682 2655 1034 2730 θερμοτέροις
1084 2651 1254 2709 ἐδεῖτο
1306 2657 1350 2690 ³⁸
1394 2662 1512 2717 τοῖς
1561 2653 1833 2731 δάκρυσιν,

185 2742 323 2797 ὥστε
352 2742 447 2797 τὸν
480 2739 648 2816 ἄνδρα
675 2747 772 2797 τοῦ
799 2743 1005 2804 πάθους
1039 2740 1445 2817 ἀπαλλαγῆναι·
1478 2741 1589 2814 ἤδη
1640 2741 1697 2798 δὲ
1746 2744 1835 2799 καὶ

182 2836 279 2887 τοῦ
337 2830 683 2907 πατριάρχου
733 2832 832 2899 τὴν
901 2830 1048 2904 ἱερὰν
1133 2830 1509 2896 ἐκτελέσαντος
1593 2831 1837 2906 λειτουρ-

188 2919 309 2996 γίαν
323 2920 659 2994 (20),πίπτει
688 2920 826 2995 πρὸς
855 2919 982 2974 τοὺς
1014 2920 1178 2975 αὐτοῦ
1209 2918 1379 2983 πόδας
1401 2924 1437 2991 ἡ
1460 2919 1837 2996 Θεοδώρα,καὶ

188 3012 285 3079 τήν
318 3011 568 3083 πήρωσιν
598 3013 695 3064 τοῦ
722 3006 911 3085 ἀνδρὸς
942 3008 1279 3085 ἀπαγγέλλει
1305 3010 1393 3065 καὶ
1426 3008 1591 3068 δεῖται
1621 3010 1710 3066 καὶ
1733 3012 1839 3066 ἱκε-

190 3098 353 3168 τεῦει,
384 3097 472 3152 καὶ
506 3094 711 3173 δάκρυα
738 3101 844 3151 τῶν
876 3095 1059 3152 ποδῶν
1092 3100 1367 3175 καταχέει,
1400 3100 1720 3175 θεραπεῦσαι
1760 3105 1839 3172 τῷ

188 3183 339 3261 ἀνδρὶ
365 3187 429 3241 τὸ
459 3186 653 3256 πάθος,
687 3185 775 3239 καὶ
808 3187 882 3259 μὴ
930 3185 1073 3240 οὕτω
1104 3184 1364 3263 περιιδεῖν
1397 3192 1576 3251 κακῶς
1621 3184 1835 3264 ἔχοντα.

1943 610 2091 664 siam
2148 611 2463 680 venissent,
2511 617 2637 665 tum
2670 626 2785 682 quo
2836 614 3001 682 pacto
3058 626 3192 664 cum
3245 610 3581 681 patriarcha

1944 698 2259 753 orationem
2283 700 2620 772 peregisset,
2645 698 2920 753 dominus
2942 714 3143 753 eorum
3170 698 3368 753 statim
3399 716 3586 756 caseus

1943 798 1999 841 et
2020 788 2234 843 surdus
2273 789 2460 844 factus
2490 792 2675 855 esset;
2724 792 2849 841 tum
2881 804 2994 859 quo
3027 788 3198 842 modo
3255 786 3374 842 illis
3404 788 3586 860 impe-

1944 882 2132 931 rasset
2163 876 2396 947 quidem
2426 882 2494 932 ut
2523 893 2656 932 eum
2688 893 2865 931 manu
2918 877 3160 931 domum
3206 876 3583 945 deducerent,

1945 964 2141 1021 nullus
2173 971 2367 1020 autem
2398 966 2470 1020 ab
2502 965 2647 1037 ipsis
2678 964 2865 1019 exitus
2896 963 3265 1035 reperiretur,
3314 964 3583 1035 quamvis

1945 1053 2197 1109 multum
2212 1053 2576 1123 laborassem
2604 1071 2670 1110 ac
2699 1053 2916 1125 ubique
2938 1070 3039 1124 per
3058 1052 3363 1109 ecclesiam
3386 1054 3585 1109 obam-

1941 1143 2265 1199 bulassent.

2013 1232 2165 1287 CLV.
2198 1232 2300 1289 His
2331 1232 2433 1287 illa
2462 1231 2699 1296 auditis,
2741 1230 3021 1286 intellexit
3059 1230 3280 1299 statim,
3312 1231 3467 1286 unde
3499 1229 3587 1286 illi

1943 1321 2174 1376 aurium
2198 1326 2255 1376 et
2283 1320 2584 1377 oculorum
2605 1320 2862 1375 defectus
2877 1320 3222 1386 accidisset;
3253 1320 3424 1390 eique
3450 1336 3587 1377 vere

1942 1409 2273 1465 auxiliatrix
2303 1409 2572 1465 efficitur.
2607 1408 2764 1464 Illico
2796 1425 3050 1479 namque
3080 1408 3385 1464 conferens
3419 1424 3481 1463 se
3511 1408 3584 1465 ad

1942 1515 2162 1571 preces,
2194 1498 2599 1571 lacrymasque
2632 1514 2767 1553 cum
2781 1496 3109 1569 precatione
3130 1513 3292 1552 acres
3313 1496 3588 1564 fundens,

1946 1588 2147 1643 orabat
2162 1592 2365 1655 Deum,
2391 1592 2457 1643 ut
2476 1587 2730 1643 Sisinnio
2752 1586 2941 1642 exitus
2962 1585 3392 1651 concederetur,
3420 1585 3589 1657 isque

1944 1677 2185 1731 domum
2212 1677 2439 1732 rediret.
2475 1680 2541 1731 Et
2589 1677 2661 1730 ad
2714 1673 2967 1731 famulos
3020 1689 3299 1730 conversa
3326 1673 3590 1744 (noverat

1944 1766 2100 1821 enim
2130 1766 2284 1837 quod
2318 1782 2423 1821 nec
2467 1764 2657 1820 virum
2715 1765 3098 1835 despecturus
3148 1766 3303 1818 esset
3349 1762 3587 1819 omnino

1944 1859 2118 1925 Deus,
2150 1871 2325 1926 quem
2356 1855 2486 1926 ipsa
2515 1853 2785 1924 colebat),
2807 1853 2993 1927 Agite,
3018 1851 3248 1923 inquit;
3280 1851 3588 1907 dominum

1945 1948 2202 2000 vestrum
2224 1943 2295 1999 ad
2328 1943 2569 1998 domum
2598 1959 2776 1997 manu
2821 1942 3017 1998 ducite
3050 1940 3217 2013 ;ipsa
3248 1957 3378 1996 vero
3410 1940 3585 2012 paulo

1947 2036 2077 2104 post
2104 2032 2364 2087 advenio.
2398 2032 2523 2087 Haec
2539 2031 2704 2098 dixit,
2739 2029 3165 2101 confestimque
3184 2028 3367 2084 facilis
3396 2029 3587 2084 exitus

1948 2121 2167 2176 exstitit
2188 2120 2441 2176 famulis.
2477 2125 2543 2175 Et
2571 2119 2865 2175 Sisinnius
2896 2117 3080 2174 oculis
3112 2117 3305 2174 adhuc
3333 2122 3390 2173 et
3422 2117 3587 2173 auri-

1947 2211 2057 2266 bus
2075 2215 2281 2282 captus
2301 2211 2542 2265 domum
2568 2226 2743 2264 manu
2763 2207 3100 2263 ducebatur.
3124 2205 3349 2261 Famuli
3389 2211 3588 2263 autem

1945 2298 2244 2355 venientes
2257 2299 2327 2354 ad
2352 2296 2964 2364 Theodoram,iterum
2984 2294 3258 2351 nuntiant
3281 2293 3587 2350 dominum

1947 2404 2120 2443 suum
2152 2388 2342 2443 adhuc
2385 2387 2633 2442 surdum
2664 2400 2790 2440 esse
2839 2401 2905 2439 ac
2964 2399 3199 2439 caecum.
3246 2386 3590 2455 Rursusque

1944 2476 2074 2548 ipsa
2093 2475 2551 2531 contentioribus
2578 2476 2649 2529 ad
2682 2474 2866 2529 Deum
2885 2472 3175 2545 precibus,
3199 2471 3592 2544 lacrymisque

1944 2565 2476 2621 vehementioribus
2499 2564 2722 2633 orabat,
2738 2572 2802 2617 ut
2820 2562 2907 2617 vir
2933 2579 2966 2617 a
2996 2562 3198 2617 morbo
3220 2560 3588 2617 liberaretur.

1946 2654 2207 2726 Cumque
2231 2656 2352 2724 jam
2398 2652 2726 2726 patriarcha
2780 2668 3006 2708 sacram
3038 2651 3374 2722 perfecisset
3420 2649 3590 2706 litur-

1947 2742 2124 2814 giam,
2158 2742 2405 2815 procidit
2434 2742 2507 2798 ad
2537 2744 2665 2813 ejus
2691 2742 2868 2813 pedes
2916 2739 3239 2810 Theodore,
3288 2742 3346 2795 et
3395 2737 3591 2794 mariti

1946 2832 2305 2888 debilitatem
2328 2830 3073 2904 pronuntiat,profusisque
3103 2829 3175 2884 ad
3204 2828 3382 2901 pedes
3403 2827 3590 2900 lacry-

1948 2930 2061 2986 mis
2092 2935 2362 3003 precatur
2391 2947 2456 2985 ac
2482 2930 2747 2985 obsecrat
2778 2934 2842 2983 ut
2860 2927 2969 2983 viri
2991 2927 3263 2983 morbum
3282 2929 3465 2995 curet,
3482 2941 3586 2983 nec

1948 3019 2032 3074 ita
2060 3035 2195 3075 eum
2227 3018 2377 3074 male
2396 3018 2707 3074 habentem
2738 3015 3043 3089 despiciat.

254 3276 436 3331 CLVI.
469 3273 681 3329 Τούτων
741 3275 767 3327 ὁ
829 3276 1095 3350 μακάριος
1152 3275 1391 3349 Κλήμης
1453 3276 1707 3348 ἀκούσας,
1748 3276 1837 3331 καὶ

2022 3283 2201 3341 CLVI.
2232 3284 2366 3347 Quae
2396 3299 2529 3338 cum
2558 3282 2841 3338 audiisset
2869 3283 3075 3338 beatus
3106 3279 3394 3347 Clemens,
3425 3294 3492 3335 ac
3520 3294 3589 3335 ex

189 3364 371 3417 παθὼν
432 3361 520 3417 ἐπὶ
578 3367 645 3436 τῇ
692 3369 792 3431 τῆς
824 3364 1070 3439 γυναικὸς
1100 3370 1352 3442 συμφορᾷ
1389 3367 1486 3434 τήν
1518 3367 1725 3441 ψυχὴν,
1760 3365 1834 3426 εἷς

192 3449 394 3527 δάκρυα
445 3450 534 3505 καὶ
590 3450 747 3513 αὐτὸς
798 3451 998 3527 φανερά
1050 3451 1353 3528 κατάγεται,
1398 3455 1486 3508 καὶ
1544 3454 1838 3531 προτρέπεο

185 3562 273 3596 ται
330 3539 465 3601 τοὺς
519 3535 789 3612 παρόντας
842 3544 996 3614 κοινῇ
1054 3545 1150 3595 τοῦ
1207 3546 1339 3597 Θεοῦ
1389 3539 1670 3615 δεηθῆναι,
1704 3541 1839 3598 ὥστε

181 3630 423 3699 λυθῆναι
451 3634 529 3701 τῷ
560 3628 817 3701 Σισιννίῳ
845 3631 942 3699 τήν
974 3631 1245 3705 πήρωσιν.
1276 3632 1478 3687 Τούτου
1523 3630 1580 3687 δὲ
1608 3633 1837 3708 γενομέ-

180 3739 303 3788 νου,
340 3716 683 3793 θαρρούντως
738 3714 916 3773 ἄπεισι
965 3720 1099 3790 μετά
1145 3726 1244 3789 τῆς
1290 3721 1542 3795 γυναικὸς
1602 3720 1689 3776 ἐπὶ
1746 3720 1836 3775 τὸν

184 3806 339 3861 οἶκον
388 3806 414 3860 ὁ
460 3804 835 3882 πατριάρχης,
885 3806 976 3861 καὶ
1029 3808 1404 3883 ἀνεῳγμένους
1465 3811 1558 3883 μὲν
1608 3810 1838 3887 εὑρίσκει

181 3900 266 3967 τῷ
295 3892 448 3971 ἀνδρὶ
480 3894 606 3957 τοὺς
640 3893 980 3971 ὀφθαλμοὺς,
1013 3896 1089 3958 εἰς
1122 3894 1179 3951 δὲ
1209 3899 1268 3952 τὸ
1304 3898 1521 3973 βλέπειν
1555 3897 1707 3955 οὐδὲν
1738 3904 1843 3954 τῶν

179 3982 603 4059 πεπηρωμένων
657 3984 875 4057 ἄμεινον
929 3980 1176 4061 ἔχοντας.
1223 3989 1530 4065 Κεκώιρωτο
1573 3991 1621 4026 ³9
1674 3986 1732 4044 δὲ
1779 3989 1845 4043 τὰ

191 4074 329 4140 ὦτα,
363 4071 453 4125 καὶ
487 4072 757 4147 βαρυτάτῃ
788 4079 1040 4151 συμφορᾷ
1067 4074 1190 4149 περὶ
1246 4077 1309 4130 τὸ
1341 4081 1500 4150 σῶμα
1555 4077 1841 4154 ἐκέχρητο.

193 4157 465 4234 Ὀδυρμὸς
496 4158 585 4215 οῦν
614 4160 673 4215 ἐκ
703 4166 807 4215 τῶν
856 4162 1137 4238 παρόντων
1191 4163 1419 4237 ἐγένετο,
1452 4167 1541 4221 καὶ
1587 4168 1843 4243 κατέσχεν

195 4249 425 4323 οἰμωγὴ
452 4248 545 4304 τὸν
574 4249 742 4308 οἶκον.
776 4248 929 4307 Ἀλλ’
960 4251 988 4305 ὁ
1023 4252 1116 4324 μὲν
1147 4253 1413 4317 Σισίννιος
1444 4254 1543 4310 οὐκ
1588 4255 1845 4329 ᾐσθάνετο

192 4342 306 4393 τῶν
336 4340 733 4414 γεγενημένων.
764 4344 890 4401 Πῶς
923 4343 987 4413 ⁸ο,
1023 4340 1081 4404 ὅς
1112 4361 1173 4416 γε
1216 4343 1316 4398 οὐκ
1366 4346 1411 4382 ⁴¹
1462 4343 1673 4400 ἀκούειν
1726 4342 1847 4399 οῦτε

191 4428 326 4503 ὂρᾷν
364 4426 534 4502 εἶχεν.

273 4517 483 4575 CLVII.
516 4514 920 4593 ’Υπεραλγήσας
954 4516 1011 4575 δὲ
1041 4520 1069 4575 ὁ
1101 4521 1243 4582 θεῖος
1282 4520 1521 4593 Κλήμης
1545 4524 1643 4591 τῆς
1674 4544 1851 4598 γυναι-

1950 3374 2143 3429 animo
2177 3372 2440 3428 mulieris
2477 3371 2869 3427 calamitatem
2901 3370 3148 3437 doleret;
3198 3368 3258 3424 in
3304 3369 3592 3441 laerymas

1947 3464 2071 3535 ipse
2101 3462 2275 3517 etiam
2320 3461 2660 3516 manifestas
2709 3459 3059 3531 prorumpit,
3093 3474 3310 3530 eosque
3341 3457 3447 3530 qui
3492 3457 3595 3513 ad-

1948 3555 2113 3607 erant
2134 3550 2397 3605 hortatur
2427 3553 2605 3604 Deum
2624 3548 2683 3602 in
2708 3547 3007 3603 communi
3038 3564 3223 3613 orare,
3255 3550 3322 3602 ut
3347 3564 3381 3602 a
3412 3546 3595 3603 Sisin-

1949 3640 2044 3696 nio
2076 3639 2316 3695 morbus
2345 3637 2689 3709 depellatur.
2724 3637 2845 3700 Quo
2879 3636 3048 3705 facto,
3084 3635 3418 3707 patriarcha
3461 3653 3596 3692 con-

1950 3729 2193 3783 ﬁdenter
2224 3728 2464 3782 domum
2496 3742 2629 3781 cum
2654 3724 2898 3781 muliere
2929 3726 3087 3783 abit:
3121 3730 3177 3780 et
3206 3728 3435 3797 apertos
3465 3723 3593 3795 qui-

1952 3818 2082 3873 dem
2113 3815 2470 3871 naneiscitur
2488 3815 2598 3871 viri
2628 3814 2850 3885 oculos,
2874 3815 2946 3870 ad
2968 3814 3284 3870 videndum
3315 3829 3446 3868 vero
3474 3829 3591 3868 non

1952 3904 2163 3961 melius
2194 3921 2370 3976 quam
2402 3920 2683 3959 caecorum
2717 3904 3053 3976 dispositos.
3104 3903 3215 3958 Sed
3249 3906 3306 3957 et
3350 3901 3591 3956 auribus

1953 3994 2360 4064 obsurduerat,
2395 3998 2567 4064 atque
2598 3993 2853 4065 pessime
2901 4007 3141 4062 corpore
3171 3994 3295 4045 erat
3325 3988 3592 4045 affectus.

1954 4083 2038 4139 Ab
2070 4083 2141 4139 iis
2170 4098 2305 4153 ergo
2337 4083 2436 4154 qui
2467 4085 2778 4152 praesentes
2806 4086 2971 4137 erant
2990 4078 3326 4135 lamentatio
3341 4082 3467 4134 orta
3487 4079 3596 4144 est,

1955 4174 2314 4243 domumque
2344 4170 2596 4242 ejulatus
2627 4169 2947 4241 occupavit.
2976 4169 3390 4226 Verumtamen
3422 4167 3605 4223 Sisin-

1955 4262 2089 4318 nius
2121 4278 2248 4332 quw
2281 4261 2432 4315 facta
2471 4260 2701 4315 fuerant
2729 4274 2843 4314 non
2874 4256 3261 4329 intelligebat,
3292 4255 3515 4312 scilicet
3536 4258 3603 4310 ut

1958 4350 2058 4423 qui
2081 4350 2210 4406 visu
2243 4353 2300 4406 et
2330 4349 2534 4405 auditu
2562 4347 2822 4420 privatus
2851 4350 3028 4403 esset.

2028 4528 2232 4584 CLVII.
2268 4527 2506 4582 Divinus
2537 4530 2731 4582 autem
2762 4525 3051 4594 Clemens,
3100 4539 3235 4580 cum
3282 4522 3601 4579 admodum

193 4607 296 4667 κὸς
336 4605 424 4659 καὶ
453 4609 551 4660 τοῦ
582 4603 957 4679 οἷ’κου,ἱκέτης
982 4607 1187 4683 γίνεται
1208 4613 1302 4664 τοῦ
1324 4611 1581 4681 Θεοῦ,καὶ
1607 4613 1742 4684 μετὰ
1762 4610 1838 4667 δα-

1959 4616 2224 4672 mulieris
2253 4633 2319 4671 ac
2349 4616 2559 4671 domus
2586 4615 2771 4670 vicem
2801 4614 3039 4679 doleret,
3073 4618 3182 4668 Deo
3233 4608 3477 4683 supplex
3514 4609 3598 4677 ﬁt,

195 4693 381 4771 κρύων
414 4691 606 4763 ἐδεῖτο,
640 4696 728 4751 καὶ
758 4704 1070 4772 περιπαθεῖς
1103 4697 1324 4771 ἐξέτεινε
1352 4700 1445 4761 τὰς
1477 4697 1710 4770 δεήσειςο
1747 4701 1849 4758 Κύ-

196 4805 285 4861 ριε
309 4784 488 4853 Ἰησοῦ
503 4785 716 4860 Χριστὲ,
734 4784 932 4860 λέγων,
948 4788 976 4841 ὁ
996 4788 1089 4849 τὰς
1112 4792 1217 4843 τῶν
1252 4788 1491 4863 οὐρανῶν
1512 4787 1663 4851 κλεῖς
1689 4787 1852 4845 δεδω-

194 4873 314 4932 κὼς
344 4876 423 4943 τῷ
455 4872 747 4945 ἀποστόλῳ
778 4895 871 4928 σου
904 4876 1217 4951 Πέτρῳ,καὶ
1238 4878 1409 4951 "Amp
1435 4876 1658 4949 ἀνοίξεις
1686 4878 1852 4951 ἀνέῳ-

196 4982 348 5029 κται,
380 4960 570 5030 εἰπὼν,
620 4964 709 5017 καὶ
760 4964 893 5036 ἅπερ
947 4963 1002 5018 ἂν
1054 4965 1269 5039 κλείσῃς
1315 4964 1642 5039 κέκλεισται,
1692 4968 1853 5031 αὑτὸς

200 5050 295 5105 καὶ
323 5048 452 5113 τοὺς
483 5051 906 5126 πεπηρωμένους
938 5052 1252 5131 ὀφθαλμοὺς
1309 5059 1405 5109 τοῦ
1450 5052 1642 5129 ἀνδρὸς
1673 5054 1850 5129 τοῦδε,

1958 4710 2015 4762 et
2042 4722 2174 4761 cum
2200 4703 2473 4776 lacrymis
2492 4703 2857 4774 precabatur,
2882 4701 3238 4771 affectusque
3257 4698 3457 4772 plenas
3478 4712 3603 4753 ora-

1960 4794 2146 4854 tiones
2160 4794 2330 4864 fudit,
2350 4792 2549 4847 dicens
2566 4809 2578 4845 :
2594 4791 2837 4847 Domine
2858 4790 2887 4845 J
2895 4807 2997 4845 esu
3018 4789 3268 4855 Christe,
3293 4787 3391 4859 qui
3414 4785 3605 4842 claves

1962 4882 2237 4938 ccelorum
2262 4880 2474 4936 dedisti
2518 4879 2779 4952 apostolo
2801 4884 2900 4934 tuo
2921 4882 3110 4945 Petro,
3130 4880 3187 4932 et
3215 4875 3411 4931 dixisti
3434 4892 3447 4929 :
3472 4874 3608 4938 Quae

1964 4970 2281 5043 aperueris,
2313 4974 2513 5041 aperta
2573 4972 2765 5038 erunt,
2786 4973 2843 5023 et
2875 4984 2999 5038 quas
3060 4963 3360 5031 clauseris,
3413 4961 3615 5017 clausa

1965 5060 2235 5127 erunt”;
2274 5058 2397 5129 ipse
2427 5063 2485 5112 et
2514 5057 2671 5129 aperi
2703 5072 2883 5111 caecos
2917 5054 3022 5109 viri
3073 5054 3252 5125 hujus
3292 5050 3492 5107 oculos
3548 5064 3615 5104 ac

1581 5172 1825 5230 VARle
1850 5173 2256 5232 LECTIONES.

280 5268 329 5302 ³⁵
362 5266 439 5321 al.
470 5266 647 5323 inser.
679 5261 755 5329 ὡς
787 5268 833 5303 ³⁵
863 5267 936 5325 al.
972 5269 1143 5344 χὲιοσα
1216 5271 1261 5305 ³⁸
1292 5268 1368 5325 al.
1402 5269 1747 5345 ἀναστρέψαι.

204 5359 327 5416 πῶς
357 5352 483 5431 γάρ.
586 5357 630 5392 ⁴¹
664 5357 739 5412 al.
774 5352 915 5413 οὔτε.
1022 5360 1069 5394 ‘9
1102 5359 1303 5417 Matth.
1330 5375 1444 5431 xv1,
1483 5359 1567 5415 19.

1576 5477 1951 5536 VARIORUM

278 5570 411 5650 (2Q).
469 5568 572 5650 Τῇν
637 5569 825 5650 ’ἱ-εράν-
881 5571 1251 5650 ἐκτελέσαντος
1339 5571 1701 5650 λειτουργίαν,
1739 5582 1860 5650 ,Ιια-

205 5640 333 5732 tina
361 5640 564 5732 Versio
586 5640 923 5732 editafosf
950 5647 1207 5732 bfyiteria
1252 5650 1437 5732 {acta}
1461 5640 1701 5732 scripta.
1719 5649 1865 5732 duo-

203 5731 345 5772 rum
378 5713 667 5780 codicum,
699 5712 908 5772 Joliani
942 5712 1434 5789 et'llerovalliani,
1462 5712 1624 5789 factis
1654 5722 1704 5775 et
1732 5722 1864 5778 cele-

502 5839 761 5902 ΡΑτιιοι.
810 5843 921 5904 Ga.
969 5845 1043 5907 ll.

1850 5273 1893 5307 ³⁷
1925 5272 1997 5328 al.
2024 5271 2115 5325 καὶ
2145 5269 2304 5346 πρός.

2409 5271 2452 5304 ³⁸
2484 5268 2558 5325 al.
2593 5267 2821 5343 ἐχρῆτο.
2898 5270 2942 5313 ³9
2974 5266 3046 5323 al.
3079 5264 3385 5342 κεκώφητο.
3463 5264 3510 5299 ⁴⁰
3540 5260 3620 5319 al.

2024 5478 2263 5534 NOTIE.

1974 5578 2151 5633 brau's
2172 5576 2373 5644 missis.
2401 5574 2463 5644 In
2486 5572 2832 5644 Paraphrasi
2849 5590 2982 5629 vero
3009 5572 3140 5627 libri
3182 5570 3343 5643 Regii
3368 5570 3498 5644 804,
3530 5562 3622 5644 καὶ

1972 5645 2040 5777 Ei}
2090 5649 2187 5716 τῆς
2234 5642 2550 5705 ἀπολύσεως
2608 5638 2930 5718 γενομένης.
3000 5646 3077 5700 Ex
3144 5638 3506 5714 Martyrion.,
3564 5638 3625 5693 7.

2020 5736 2109 5777 ΟΤ.

2020 5736 2109 5778 0T.

3266 5842 3338 5899 l'J
