4118 6340
573 351 691 411 587

1393 355 1457 413 S.
1505 353 1951 415 CLEMENTIS
1997 354 2018 415 Ι
2068 353 2256 414 ΗΟΜ.
2302 352 2531 416 ΡΟΝΤ.
2579 356 2841 420 OPERA
2885 356 3150 424 DUBIA.

3850 371 3955 434 588

575 519 745 558 aures
776 503 1022 572 surdas;
1076 503 1211 574 quia
1258 503 1365 559 hoc
1396 505 1570 560 etiam
1631 506 1851 561 dictum
1884 510 2054 560 tuum
2104 508 2199 560 est.

2327 486 2417 539 καὶ
2444 489 2513 541 τὰ
2541 486 2653 543 ὦτα
2683 487 2969 564 διάνοιξον,
2995 494 3077 548 ὅτι
3109 494 3199 548 σὸν
3249 493 3337 550 καί
3366 500 3525 553 τοῦτο
3571 499 3634 553 τὸ
3678 497 3850 576 ῥῆμα,
3878 503 3951 558 τό·

575 594 921 662 Quaecunque
974 594 1266 663 petieritis,
1333 594 1627 654 credentes.
1701 597 1982 665 accipietis
2011 596 2095 648 “z
2164 597 2222 648 et

574 681 695 735 haec
728 686 829 735 tua
854 681 1164 752 promissio
1189 684 1562 754 permanetin
1596 688 1897 739 aeternum.
1923 685 2039 740 Ista
2064 690 2218 754 post-

574 786 753 840 quam
784 770 969 825 oravit
998 770 1350 842 patriarcha,
1384 777 1441 827 et
1480 772 1579 843 qui
1631 773 1877 827 aderant
1907 771 2219 843 responde-

572 862 747 913 runt:
781 864 989 925 Amen,
1034 858 1190 915 illico
1244 860 1542 917 oculorum
1610 861 1963 933 auriumque
2012 861 2218 915 vitium

572 946 906 1003 discussum
940 953 1046 1003 est.
1079 951 1157 1003 Ac
1180 949 1477 1005 Sisinnius
1508 950 1676 1021 quasi
1710 967 1778 1005 ex
1799 966 2005 1005 somno
2026 966 2221 1020 exper-

570 1036 852 1107 gefactus,
876 1037 1233 1110 beatumque
1262 1038 1615 1094 Clementem
1658 1055 1792 1093 cum
1834 1038 2009 1094 uxdre
2058 1042 2217 1093 stan-

568 1129 685 1180 tem
708 1142 973 1193 cernens,
989 1125 1199 1182 malam
1224 1127 1443 1183 stultus
1470 1131 1667 1183 sancto
1686 1127 2214 1183 remunerationem

569 1212 746 1277 dedit,
780 1214 1170 1284 praecepitque
1201 1214 1437 1269 famulis
1482 1219 1545 1270 ut
1594 1216 1791 1270 statim
1824 1214 2214 1285 patriarcham

567 1300 1144 1372 comprehenderent,
1181 1320 1294 1374 quo
1326 1320 1524 1374 pmnas
1555 1303 1808 1359 laesionis
1828 1300 2011 1359 daret.
2044 1303 2213 1357 Arbi-

565 1389 830 1444 trabatur
856 1389 1011 1445 enim
1029 1391 1355 1462 praestigias
1378 1392 1663 1462 quasdam
1698 1407 1826 1446 esse
1852 1410 1863 1457 ;
1899 1393 2052 1462 quod
2079 1408 2213 1447 eum

564 1478 728 1548 prius
759 1478 1059 1534 oculorum
1093 1479 1442 1550 auriumque
1471 1497 1583 1535 usu
1632 1480 1865 1551 privari,
1900 1484 2215 1551 posteaque

566 1567 821 1639 aspicere
844 1571 899 1623 et
932 1568 1133 1623 audire
1155 1568 1401 1623 fecisset.

635 1656 865 1711 CLVIII.
902 1656 1085 1728 Igitur
1109 1658 1259 1712 servi
1293 1659 1553 1713 studiose
1593 1658 1831 1729 exsequi
1863 1659 1933 1713 de
1955 1658 2052 1714 illo
2084 1676 2210 1731 quae

562 1745 846 1816 imperata
867 1746 1097 1801 fuerant
1128 1746 1499 1801 nitebantur:
1526 1763 1641 1802 non
1671 1747 2214 1803 animadvertebant

2329 576 2497 651 Ἀπερ
2558 579 2603 627 ⁴έέ
2662 578 2719 633 ἂν
2795 580 3054 652 αἰτήσητε
3124 585 3485 658 πιστεύοντες,
3549 587 3809 662 λήψεσθε⁹
3876 595 3954 646 καὶ

2329 664 2462 735 αὐτή
2498 686 2591 720 σου
2622 670 2655 736 ἡ
2689 668 2986 745 ἐπαγγελία
3017 670 3254 746 διαμένει
3302 674 3380 737 εἷς
3427 676 3515 731 τὸν
3574 677 3763 736 αἰῶνα.
3796 684 3958 735 Ταῦτα

2325 758 2423 808 τοῦ
2462 758 2804 834 πατριάρχου
2860 762 3316 836 προσευξκμὲνου,
3362 764 3451 819 καί
3506 770 3613 820 τῶν
3688 768 3956 845 παρόντων

2325 845 2387 897 τὸ
2445 844 2591 916 ἀμην
2650 846 2997 921 ἐπειπόντων,
3031 850 3227 914 εὐθέως
3282 855 3316 922 ἡ
3376 859 3481 908 τῶν
3544 844 3840 934 ὀφθαλμῶν
3881 860 3960 914 καὶ

2325 937 2430 987 τῶν
2483 932 2634 988 ὤτων
2686 938 2934 1013 πήρωσις
2964 936 3245 995 διελέλυτο
3278 944 3342 999 4⁵.
3376 944 3481 999 Καὶ
3512 944 3539 999 6
3573 932 3840 1008 Σισίννιος
3873 969 3960 1002 κα-

2326 1023 2490 1090 θάπερ
2544 1023 2593 1096 ἐξ
2647 1024 2811 1081 ὕπνου
2871 1025 3177 1101 διαναστὰς,
3207 1031 3297 1085 καὶ
3354 1033 3445 1086 τὸν
3504 1032 3762 1110 μακάριον
3814 1035 3965 1107 Κλή-

2330 1131 2488 1182 μεντα
2522 1114 2656 1185 μετά
2704 1122 2806 1184 τῆς
2855 1118 3109 1191 γυναικὸς
3142 1118 3345 1175 ἑστῶτα
3377 1118 3529 1193 ἰδὼν,
3561 1124 3727 1186 κακὰς
3753 1126 3783 1179 ὁ
3810 1123 3965 1196 ἀνόη-

2321 1221 2414 1261 τος
2445 1206 2524 1273 τῷ
2556 1204 2695 1278 ἁγίῳ
2718 1205 2949 1281 χάριτας
2978 1204 3254 1266 ἀπεδίδου.
3290 1209 3391 1265 Καὶ
3430 1218 3719 1288 κατασχεῖν
3776 1212 3966 1276 εὐθέως

2322 1290 2411 1342 τὸν
2446 1288 2789 1367 πατριάρχην
2818 1300 2934 1355 τοῖς
2964 1294 3199 1358 οἰκέταις
3227 1297 3639 1374 παρεκελεύετο,
3663 1305 3758 1356 τοῦ
3818 1299 3965 1365 δίκας

2325 1377 2582 1454 ὑποσχεῖν
2615 1380 2774 1435 αὐτὸν
2804 1385 2902 1451 τῆς
2934 1385 3258 1460 πηρώσεως.
3289 1388 3445 1465 ᾫετο
3496 1390 3599 1465 γάρ
3654 1412 3777 1445 τινα
3833 1412 3964 1467 γοη-

2320 1466 2463 1521 τείαν
2500 1468 2655 1542 εἶναι,
2689 1469 2772 1523 ὅτι
2819 1472 2908 1525 καὶ
2966 1481 3287 1548 πηρωθῆναι
3344 1475 3605 1553 πρότερον
3664 1466 3855 1550 αὐτὸν,
3878 1480 3964 1535 καὶ

2321 1551 2635 1630 ἀναϐλέψαι,
2668 1560 2757 1613 καὶ
2789 1560 3009 1615 ἀκοῦσαι
3040 1562 3205 1617 πάλιν
3244 1551 3518 1635 ἐποίησεν.

2390 1647 2628 1704 CLVIII.
2661 1649 2722 1702 Οἱ
2757 1650 2849 1722 μὲν
2883 1649 2973 1704 οὖν
3005 1650 3206 1707 οἰκέται
3261 1651 3569 1719 σπουδαίως
3623 1659 3691 1713 τὰ
3743 1674 3968 1735 προστε-

2318 1735 2560 1809 ταγμὲνα
2618 1744 2794 1792 ποιεῖν
2849 1740 2893 1776 ⁴⁶
2948 1739 3108 1795 αὐτὸν
3180 1740 3493 1819 ἐπειρῶντο·
3556 1743 3842 1811 ἐλάνθανον
3912 1747 3967 1803 δὲ

562 1838 753 1889 autem
783 1836 937 1906 quod
961 1836 1289 1906 adjacentia
1318 1853 1457 1891 saxa
1484 1841 1541 1891 et
1571 1835 1731 1907 ligna
1754 1840 2078 1909 tangerent,
2112 1853 2199 1892 ea-

2320 1822 2424 1899 ἄρα
2476 1829 2580 1879 τῶν
2642 1828 3049 1903 παρακειμένων
3106 1828 3294 1903 λίθων,
3348 1833 3439 1887 καὶ
3493 1834 3666 1904 ξύλων
3724 1838 3964 1912 ἁπτόμε-

561 1939 674 1994 que
720 1923 1016 1979 traherent
1046 1942 1111 1980 ac
1143 1925 1415 1996 ligarent,
1451 1929 1620 1994 atque
1652 1925 1765 1980 huc
1822 1925 2078 1997 illucque
2118 1926 2207 1981 in-

558 2029 698 2066 sane
729 2012 1254 2068 circumducerent.
1304 2013 1476 2068 Porro
1508 2013 1566 2066 id
1607 2012 1782 2067 etiam
1823 2014 2075 2069 Sisinnio
2124 2014 2206 2070 vi-

558 2102 826 2167 debatur,
847 2119 913 2156 ac
941 2102 1066 2173 ipse
1098 2118 1327 2173 quoque
1348 2102 1722 2157 existimabat
1749 2103 2141 2173 patriarcham
2175 2121 2209 2158 a

556 2189 797 2245 famulis
827 2190 1088 2245 vinctum
1121 2191 1322 2245 teneri.
1354 2196 1410 2246 Is
1441 2196 1639 2247 tamen
1680 2182 1827 2246 nihil
1860 2192 1931 2246 ab
1987 2192 2205 2263 iniquis

554 2276 672 2331 illis
704 2279 978 2333 manibus
1001 2279 1353 2350 patiebatur,
1380 2296 1483 2335 nec
1512 2279 1695 2335 levem
1729 2279 2043 2335 tactionem
2074 2298 2202 2353 per-

555 2368 768 2438 ferens,
804 2385 907 2422 nec
940 2368 1148 2423 mediis
1179 2368 1236 2421 in
1271 2368 1439 2423 malis
1472 2368 1744 2440 agitatus.
1778 2374 2100 2439 Pnsteaque
2133 2369 2203 2424 ad

555 2454 723 2511 illum
755 2456 1087 2512 dementem
1119 2457 1468 2528 respiciens:
1490 2458 1690 2525 Corde,
1726 2458 1940 2530 inquit,
1961 2457 2205 2513 indura-

556 2547 653 2599 tus
697 2561 779 2613 es,
826 2546 910 2600 sic
962 2563 1103 2601 saxa
1132 2550 1190 2601 et
1236 2546 1397 2618 ligna
1427 2563 1687 2612 movens,
1718 2550 2017 2619 totamque
2047 2547 2104 2601 in
2138 2564 2206 2603 ea

554 2636 706 2689 iram
739 2634 1088 2701 immittens,
1134 2653 1260 2706 quae
1293 2635 1467 2707 paulo
1490 2641 1625 2692 ante
1664 2636 2015 2703 honorabas,
2047 2640 2103 2691 et
2142 2642 2206 2691 ut

555 2723 695 2777 deos
724 2722 974 2779 colebas.
1034 2723 1136 2778 Ille
1194 2741 1327 2779 vero
1355 2740 1367 2779 :
1403 2724 1512 2779 Sed
1546 2741 1651 2797 ego
1685 2729 1759 2793 te,
1792 2724 2003 2795 inquit,
2055 2725 2206 2781 male

552 2814 796 2883 perdam
823 2830 836 2879 ;
871 2813 1013 2868 adeo
1045 2817 1109 2867 ut
1130 2812 1300 2867 multi
1336 2813 1785 2885 praestigiatores
1817 2812 1952 2867 hinc
1978 2819 2206 2870 mutent

564 2906 820 2957 mentem
854 2918 919 2957 ac
950 2901 1620 2973 resipiscant,iidemque
1642 2902 1961 2974 plurimum
1985 2902 2207 2959 lucren—

562 2995 660 3045 tur
690 3006 791 3063 per
819 3007 946 3062 quae
977 2995 1039 3046 tu
1071 2991 1308 3062 patieris
1339 2991 1705 3064 gravissima.

627 3169 805 3225 CLIX.
839 3168 968 3223 Haec
1006 3168 1105 3225 ille
1153 3170 1410 3240 quidem,
1450 3168 1710 3241 inflatus,
1755 3171 1910 3241 apud
1956 3185 2055 3227 eos
2098 3171 2199 3243 qui

554 3258 813 3326 aderant,
847 3259 1195 3329 proferebat,
1228 3262 1284 3313 et
1329 3258 1586 3329 glorians
1634 3258 2024 3330 patriarcham
2071 3260 2197 3317 vin-

554 3346 700 3401 culis
726 3347 1069 3417 subjecisse.
1103 3350 1169 3401 At
1189 3347 1299 3401 iste
1318 3363 1421 3402 nec
1451 3347 1535 3402 sic
1564 3364 1699 3403 eum
1741 3353 2041 3403 aversatus
2084 3354 2199 3419 est;

552 3437 653 3490 sed
676 3436 980 3491 benedicta
1009 3437 1255 3507 conjuge
1279 3435 1457 3505 illius,
1490 3441 1545 3492 et
1574 3437 1634 3491 in
1666 3438 1848 3492 bonas
1872 3436 2004 3491 illas
2036 3438 2201 3493 obse-

555 3530 914 3597 quentesque
933 3543 1103 3579 aures
1123 3530 1403 3596 tanquam
1436 3525 1495 3579 in
1517 3541 1723 3596 agrum
1747 3527 2062 3596 quemdam
2086 3531 2201 3583 ter-

553 3630 631 3669 ra:
658 3614 956 3686 profundas
980 3631 1044 3668 ac
1069 3614 1348 3685 pinguem
1373 3613 1646 3669 demissis
1670 3614 1948 3670 uberibus
1970 3616 2202 3687 pietatis

553 3702 900 3767 seminibus,
929 3702 1233 3768 abscessit,
1255 3701 1305 3757 ei
1331 3703 1669 3774 prtecipiens
1693 3708 1860 3758 antea
1891 3721 1961 3760 ne
1982 3705 2202 3776 precari

554 3792 882 3861 desisteret,
915 3792 1103 3863 quoad
1146 3791 1337 3845 virum
1371 3792 1440 3845 ad
1491 3792 1751 3847 veritatis
1810 3794 2201 3864 cognitionem

561 3881 923 3936 adduxisset.
958 3882 1103 3936 Cum
1136 3896 1271 3952 ergo
1300 3880 1615 3935 ferventius
1646 3881 1717 3935 ad
1748 3882 2070 3947 orationem
2112 3883 2200 3937 in-

554 3970 853 4025 cumberet
881 3970 1202 4039 Theodore,
1242 3972 1482 4042 apparet
1520 3968 1603 4023 illi
1632 3969 1703 4023 ad
1737 3986 2037 4041 vesperam
2069 3972 2198 4041 qui-

554 4058 689 4112 dam
720 4058 809 4111 vir
861 4058 1232 4127 venerabilis,
1267 4064 1323 4114 et
1365 4057 1591 4128 capillis
1638 4057 1800 4113 canis
1835 4076 1847 4125 ;
1898 4059 2201 4115 videbatur

552 4152 746 4201 autem
780 4163 907 4202 esse
938 4147 1164 4218 primus
1195 4146 1617 4218 discipulorum
1661 4148 1890 4214 Petrus,
1934 4138 2197 4216 Magistri

548 4235 773 4291 calidus
794 4241 1050 4303 amator;
1071 4241 1126 4291 et
1155 4236 1237 4291 ait
1253 4237 1323 4291 ad
1345 4253 1472 4291 eam
1493 4253 1505 4291 :
1545 4241 1785 4307 Propter
1804 4241 1878 4304 te,
1904 4254 1935 4292 ο
1962 4237 2191 4306 mulier,

544 4341 724 4379 sanus
752 4325 864 4380 erit
891 4324 1187 4380 Sisinnius
1213 4343 1226 4393 ;
1261 4329 1325 4379 ut
1346 4329 1402 4380 et
1433 4325 1539 4389 vir,
1585 4326 1909 4381 secundum
1954 4327 2188 4383 fratrem

542 4430 737 4468 meum
766 4412 1036 4483 Paulum,
1066 4418 1306 4469 sanctus
1337 4413 1625 4469 efﬁciatur
1655 4430 1756 4485 per
1786 4414 2091 4471 mulierem
2109 4416 2178 4471 ‘3.

538 4503 761 4567 Quibus
791 4503 1028 4574 quidem
1061 4502 1252 4569 dictis,
1287 4501 1385 4557 ille
1408 4502 1569 4557 abiit.

603 4682 760 4737 CLX.
815 4681 1111 4737 Sisinnius
1136 4698 1265 4736 vero
1326 4681 1522 4737 statim
1563 4685 1619 4737 et
1648 4681 1817 4752 quasi
1848 4698 1915 4736 ex
1947 4699 2180 4754 compa-

532 4775 621 4826 cto
641 4771 942 4827 Theodore
964 4771 1241 4826 arcessita
1266 4788 1279 4838 ;
1314 4776 1436 4825 erat
1458 4775 1653 4825 autem
1695 4770 1895 4841 utique
1918 4770 2011 4825 hic
2045 4772 2178 4828 ﬁnis

527 4859 769 4915 visionis
833 4877 959 4931 quae
1022 4860 1135 4931 ipsi
1211 4862 1602 4932 apparuerat;
1668 4860 1821 4931 apud
1871 4876 1998 4915 eam
2022 4877 2176 4917 amo-

530 4948 629 5013 ris,
663 4950 775 5004 cibi
810 4948 1162 5011 communis,
1192 4948 1509 5016 convictus,
1561 4965 1625 5002 ac
1683 4947 1919 5020 reliquae
1979 4950 2171 5006 omnis

527 5039 959 5094 communionis
1012 5039 1149 5093 facit
1216 5039 1593 5102 mentionem,
1653 5054 1970 5109 eorumque
2046 5056 2168 5094 om-

526 5128 688 5181 nium
762 5144 938 5182 unam
1016 5127 1262 5198 gratiam
1323 5127 1529 5197 poscit,
1591 5127 2016 5198 conjugemque
2075 5146 2165 5184 ro-

2317 1935 2423 1975 νοι.
2455 1914 2544 1968 καί
2577 1914 2826 1992 σύροντες
2859 1918 3013 1990 αὐτὰ,
3043 1920 3132 1973 καὶ
3175 1917 3519 1994 δεσμοῦντες,
3551 1925 3638 1979 καὶ
3687 1924 3820 2000 τῇδε
3869 1929 3964 1982 κά-

2315 2009 2460 2057 κεῖσε
2495 2010 2733 2077 μανικῶς
2765 2005 3137 2082 περιάγοντες.
3163 2015 3332 2066 Τοῦτο
3364 2008 3421 2066 δὲ
3458 2013 3549 2067 καὶ
3598 2019 3677 2087 τῷ
3710 2016 3965 2089 Σισιννίῳ

2317 2089 2511 2165 ἐδόκει,
2556 2094 2646 2147 καὶ
2701 2090 2983 2168 δεσμώτην
3045 2097 3145 2153 ὑπὸ
3202 2104 3307 2154 τῶν
3366 2099 3587 2157 οἰκετῶν
3647 2108 3966 2181 γεγενῆσθαι

2314 2181 2402 2235 τὸν
2435 2184 2779 2258 πατριάρχην
2812 2185 2901 2238 καὶ
2951 2185 3108 2249 αὐτὸς
3154 2183 3316 2259 ᾤετο.
3359 2190 3594 2253 Ἐκεῖνος
3638 2192 3695 2248 δὲ
3751 2194 3965 2263 ἀπαθὴς

2315 2269 2419 2324 ἀπὸ
2449 2275 2553 2324 τῶν
2590 2270 2785 2327 ἀδίκων
2819 2273 3034 2329 ἐκείνων
3070 2274 3313 2353 ἐτηρεῖτο
3337 2284 3562 2355 χειρῶν,
3596 2278 3721 2336 οὐδὲ
3762 2285 3960 2357 μικρὰν

2317 2360 2455 2437 ἀφήν
2505 2360 2812 2435 ὑπομένων,
2867 2360 2991 2417 οὐδὲ
3044 2364 3093 2418 ἐν
3144 2365 3329 2437 μέσοις
3378 2374 3497 2431 τοῖς
3561 2367 3759 2433 δεινοῖς
3807 2374 3967 2449 θορυ-

2316 2442 2614 2521 ϐούμενος,
2636 2450 2748 2505 εἶτα
2806 2452 2893 2506 καὶ
2943 2454 3079 2529 πρὸς
3124 2455 3215 2509 τὸν
3262 2455 3492 2527 ἀνόητον
3550 2457 3755 2514 ἐκεῖνον
3805 2442 3965 2516 ἰδῶν·

2317 2540 2651 2615 Πεπώρωσαι
2682 2542 2780 2608 τὴν
2822 2539 3070 2617 καρδίαν,
3101 2538 3224 2621 ἔφη,
3252 2544 3443 2608 λίθους
3499 2547 3640 2602 οὕτω
3689 2551 3781 2603 καὶ
3830 2548 3969 2621 ξύλα

2314 2631 2503 2694 κινῶν,
2549 2628 2638 2682 καὶ
2697 2626 2833 2699 ὅλην
2890 2633 3013 2685 κπτ’
3070 2631 3243 2687 αὐτῶν
3297 2632 3473 2711 ἀφιεὶς
3530 2637 3628 2704 τήν
3695 2636 3894 2713 ὀργὴν,
3938 2640 3971 2692 ἃ

2320 2721 2497 2791 μικρῷ
2540 2716 2765 2792 πρόσθεν
2809 2718 3018 2793 ἐτίμας,
3050 2721 3139 2776 καὶ
3192 2721 3266 2784 ὡς
3329 2723 3482 2785 θεοὺς
3542 2724 3884 2801 ἐθεράπευες.
3917 2733 3972 2781 Ὁ

2317 2802 2391 2859 δέ·
2442 2803 2593 2861 Ἀλλ’
2640 2805 2748 2879 ἐγώ
2788 2828 2845 2862 σε
2888 2813 3065 2871 κακῶς
3133 2808 3343 2883 ἀπολῶ,
3395 2812 3579 2888 φησὶν,
3639 2815 3713 2877 ὡς
3764 2816 3857 2870 καὶ
3906 2838 3975 2889 με

2313 2888 2569 2948 ταϐαλεῖν
2600 2893 2846 2958 πολλοὺς
2872 2902 2979 2953 τῶν
3011 2901 3224 2973 γοήτων
3257 2899 3493 2965 ἐντεῦθεν
3542 2904 3632 2957 καὶ
3681 2888 3979 2982 σωφρονῆ-

2317 3005 2422 3054 σαι,
2456 2984 2542 3061 ἀφ’
2576 2984 2649 3038 ὧν
2680 2984 2838 3047 αὐτὸς
2877 2988 2944 3041 τὰ
2992 2984 3195 3063 ἔσχατα
3234 2988 3411 3065 πείσῃ,
3441 2992 3509 3045 τὰ
3557 2992 3775 3069 μαγάλα
3828 2994 3979 3050 ἐκεί-

2313 3094 2440 3135 νους
2468 3070 2846 3144 κερδάναντας.

2386 3163 2566 3219 CLIX.
2599 3167 2773 3218 Ταῦτα
2804 3165 2831 3217 6
2865 3166 2959 3238 μὲν
3002 3169 3319 3244 φυσώμενος
3353 3170 3455 3225 ὑπὸ
3510 3175 3619 3225 τῶν
3677 3172 3976 3248 παρόντων

2313 3245 2485 3325 ἔλεγε,
2526 3251 2616 3305 καὶ
2660 3252 2866 3327 αὐχῶν,
2900 3253 2981 3309 ὅτι
3021 3257 3112 3310 καὶ
3161 3255 3385 3332 δεσμοῖς
3435 3245 3812 3331 ὑποϐέϐληκεν
3874 3263 3975 3319 τὸν

2311 3339 2677 3416 πατριάρχην.
2713 3342 2768 3395 Ὀ
2830 3340 2905 3414 δὲ,
2941 3342 3065 3399 οὐδὲ
3123 3346 3295 3409 οὕτως
3354 3347 3512 3403 αὐτὸν
3575 3350 3975 3431 ἀπεστρέφετο,

2311 3427 2456 3483 ἀλλά
2481 3430 2580 3497 τὴν
2615 3428 2819 3485 ἐκείνου
2851 3430 3073 3508 σύζυγον
3107 3434 3426 3512 εὐλογήσας,
3457 3438 3547 3491 καὶ
3578 3438 3657 3500 εἰς
3710 3427 3833 3502 τὰς*
3876 3441 3973 3496 εὖ-

2311 3518 2600 3592 γνώμονας
2683 3518 2881 3583 ἐκείνας
2964 3522 3053 3577 καὶ
3138 3526 3474 3588 καταπειθεῖς
3530 3528 3717 3597 ἀκοὰς,
3776 3528 3973 3607 ὥσπερ

2312 3606 2387 3668 εἷς
2449 3606 2729 3684 βαθύγειόν
2814 3631 2931 3664 τινα
3001 3612 3091 3666 καὶ
3155 3610 3386 3689 λιπαρὰν
3447 3612 3677 3691 ἄρουραν
3748 3606 3975 3695 δαψιλῆ

2311 3694 2590 3771 σπέρματα
2642 3699 2741 3766 τῆς
2796 3693 3063 3761 εὐσεϐείας
3110 3698 3433 3758 καταϐαλὼν
3484 3706 3548 3740 ⁸⁷·
3610 3693 3842 3781 ᾤχετο,
3889 3711 3974 3781 μή

2311 3785 2504 3839 ἀνεῖναι
2561 3789 3008 3862 προσευχομένην
3068 3790 3329 3867 πρότερον
3392 3791 3792 3868 ἐντειλάμενος,
3855 3793 3975 3859 ἕως

2310 3874 2397 3927 καὶ
2426 3875 2515 3928 τὸν
2550 3872 2717 3951 ἄνδρα
2748 3875 2824 3938 εἷς
2866 3876 3150 3953 ἐπίγνωσιν
3208 3887 3309 3950 τῆς
3367 3880 3625 3952 ἀληθείας
3677 3903 3976 3962 χειραγω-

2306 3964 2510 4037 γήσειε.
2552 3968 2628 4037 Τῇ
2689 3963 2829 4039 εὐχῇ
2870 3965 3050 4021 τοίνυν
3099 3968 3423 4046 θερμότερον
3474 3973 3846 4047 προσκειμένῃ
3904 3979 3980 4049 τῇ

2306 4049 2579 4126 Θεοδώρᾳ,
2613 4052 2947 4129 ἐπιφαίνεταί
2979 4077 3063 4117 τις
3096 4056 3233 4131 αὐτῇ
3275 4059 3411 4134 πρὸς
3468 4058 3693 4136 ἑσπέραν
3755 4060 3983 4118 αἰδέσι-

2308 4162 2407 4212 μος
2439 4141 2574 4218 ἀνὴρ
2605 4141 2694 4196 καὶ
2724 4141 2925 4197 πολιὸσ
2952 4145 3049 4213 τὴν
3080 4150 3268 4220 τρῖχα’
3303 4146 3457 4219 ἐῴκει
3505 4145 3562 4203 δὲ
3612 4146 3715 4226 ἄρα
3745 4150 3775 4204 6
3808 4158 3981 4226 πρῶ-

2301 4252 2392 4292 τος
2422 4236 2529 4285 τῶν
2559 4236 2813 4304 μαθητῶν
2848 4232 2977 4287 εἶναι
3010 4232 3236 4307 Πέτρος,
3267 4236 3295 4289 ὁ
3325 4240 3423 4290 τοῦ
3449 4235 3791 4293 Διδασκάλου
3830 4242 3979 4318 θερ-

2304 4320 2403 4391 μὸς
2434 4318 2681 4396 ἐραστής·
2715 4320 2804 4375 καὶ
2836 4344 2967 4393 φησι
3022 4323 3158 4396 πρὸς
3215 4322 3403 4395 αὐτήν
3438 4327 3542 4380 Λιά
3573 4327 3649 4399 σὲ,
3690 4324 3735 4380 ὦ
3765 4327 3973 4403 γύναι,

2301 4408 2461 4482 ὑγιὴς
2514 4408 2657 4463 ἔσται
2718 4410 3005 4485 Σισίννιος,
3040 4411 3188 4473 ὅπως
3244 4412 3302 4467 ἂν
3360 4414 3451 4468 καὶ
3495 4415 3650 4491 ἀνὴρ,
3685 4417 3824 4471 κατά
3858 4418 3971 4474 τὸν

2297 4494 2528 4573 ἀδελφόν
2588 4519 2692 4571 μου
2750 4497 2987 4568 Παῦλον,
3019 4500 3247 4576 ἀγιασθῇ
3309 4499 3397 4557 διὰ
3450 4504 3550 4572 τὴν
3607 4510 3869 4578 γυναῖκα.
3905 4512 3971 4560 Ὁ

2215 4596 2261 4659 D
2296 4587 2388 4659 μὲν
2426 4584 2538 4657 οὖν,
2569 4592 2735 4642 ταῦτα
2766 4588 2952 4660 εἰπὼν,
2989 4588 3252 4659 ἀπῆλθεν.

2361 4678 2515 4734 CLX.
2547 4678 2602 4731 Ὀ
2631 4678 2898 4740 Σισίννιος
2931 4675 2989 4732 δὲ
3018 4678 3209 4733 αὐτίκα
3256 4679 3346 4734 καὶ
3393 4678 3572 4757 ὥσπερ
3626 4681 3686 4737 ἐκ
3742 4687 3969 4757 συνθήο

2294 4786 2458 4839 ματος
2490 4766 2587 4834 τὴν
2621 4763 2900 4843 Θεοδώραν
2928 4764 3181 4830 καλέσας’
3216 4769 3304 4841 (ἦν
3335 4765 3393 4823 δὲ
3424 4767 3524 4846 ἄρα
3552 4774 3710 4826 τοῦτο
3762 4773 3964 4846 πέρας

2283 4863 2382 4925 τῆς
2415 4854 2666 4932 φανείσης
2700 4855 2833 4929 αὐτῇ
2865 4859 2908 4892 ⁴⁸
2940 4851 3162 4931 ὅψεως)
3188 4862 3286 4912 τοῦ
3334 4858 3506 4913 πόθου
3535 4878 3593 4913 τε
3624 4859 3791 4929 αὐτὴν
3856 4865 3967 4919 καὶ

2280 4951 2388 5000 τῶν
2437 4948 2631 4998 κοινῶν
2691 4942 2858 5015 ἁλῶν,
2891 4944 2981 5000 καὶ
3038 4953 3137 5016 τῆς
3198 4945 3394 5019 ἑστίας,
3433 4948 3524 5002 καὶ
3579 4956 3680 5018 τῆς
3733 4948 3964 5024 λοιπῆς

2281 5037 2492 5104 ἀπάσης
2539 5034 2818 5095 κοινωνίας
2867 5033 3285 5107 ἀναμιμνήσκει,
3336 5034 3425 5090 καὶ
3472 5037 3685 5091 πάντων
3750 5037 3960 5095 αὐτῶν

2281 5124 2403 5197 μίαν
2464 5124 2678 5177 ἀπαιτεῖ
2730 5127 2910 5199 χάριν,
2971 5124 3061 5178 καὶ
3119 5121 3342 5200 λιπαρεῖ
3393 5126 3495 5194 τὴν
3559 5130 3787 5201 γυναῖκα
3840 5129 3959 5185 καὶ

2275 5213 2517 5284 ἱκετεύει,
2551 5210 2687 5266 ὥστε
2719 5208 2972 5282 δεηθῆναι
3019 5216 3117 5267 τοῦ
3165 5217 3298 5267 Θεοῦ
3330 5212 3539 5291 ἀφεῖναί
3566 5235 3625 5269 τε
3652 5215 3718 5269 τὰ
3747 5218 3959 5293 ἡμαρ-

2270 5302 2499 5377 τημὲνα,
2531 5302 2618 5357 καὶ
2647 5303 2746 5371 τήν
2780 5298 2902 5357 ὁδὸν
2933 5301 3079 5373 αὐτῷ
3132 5299 3404 5373 ὑποδεῖξαι
3460 5310 3562 5373 τῆς
3618 5305 3947 5378 σωτηρίας,

519 5222 618 5285 gat
665 5220 723 5270 et
794 5217 1127 5271 obtestatur
1178 5220 1242 5270 ut
1296 5216 1479 5270 Deum
1552 5220 1693 5285 oret,
1761 5232 1872 5285 quo
1917 5217 2029 5288 ipsi
2077 5218 2163 5273 di-

518 5302 828 5359 mittantur
859 5322 986 5376 que:
1017 5305 1296 5377 peccavit,
1344 5304 1669 5377 salutisque
1718 5305 1872 5360 viam
1918 5305 2157 5361 demon-

1866 5474 2106 5530 VARI/E
2154 5475 2562 5532 LECTIONES.

566 5626 612 5663 ⁴³
668 5624 744 5681 al.
799 5625 927 5703 καί.
986 5627 1048 5703 fi
1092 5626 1329 5703 Matth”
1373 5642 1492 5695 XXI,
1546 5627 1640 5683 22.
1744 5627 1789 5663 ‘5
1836 5626 1913 5685 al.
1961 5623 2276 5687 διαλίλυτο.
2380 5629 2426 5667 ⁴⁶
2472 5628 2549 5687 al.
2611 5628 2789 5687 inser.
2850 5625 2927 5691 εἰς
3001 5628 3043 5665 ⁴⁷
3102 5628 3178 5685 al.
3230 5644 3485 5703 praepon.
3524 5625 3729 5691 ἀπιών.
3805 5630 3870 5673 εδ
3906 5635 3945 5699 Ῑ

493 5698 625 5759 Cor.
648 5714 747 5771 vn,
787 5699 876 5756 14.

1003 5627 1048 5662 ⁴⁵
1103 5626 1329 5695 Matth.,
1373 5642 1492 5695 XXI,
1546 5627 1640 5683 22.

981 5697 1028 5737 ⁴⁰
1056 5696 1131 5757 al.
1154 5695 1343 5771 αὐτῆς.
