4118 6340
275 415 402 476 589

275 548 414 602 Εἶτα
470 549 768 624 κατήγορος
823 547 980 612 αὐτὸς
1036 551 1228 608 ἑαυτοῦ
1284 551 1486 628 γίνεται

271 644 506 708 ποιῆσαι
539 636 606 692 δι’
635 640 800 708 αὐτὴν
828 641 917 694 καὶ
948 647 1134 704 παθεῖν
1169 640 1520 717 ἀπαγγέλλει.

1521 601 1536 623 ν

349 820 532 876 CLXI.
563 819 701 894 Ἐγὼ
730 820 834 896 γὰρ
885 819 1274 891 ἐζηλοτύπουν,
1325 822 1508 900 φησὶν,
1544 821 1630 877 ἐπὶ
1681 821 1786 893 σοὶ,
1817 820 1920 891 ὅτι,

265 905 364 960 τὸν
417 906 648 982 σύζυγον
700 906 798 980 ἐμὲ
844 914 1171 985 περιορῶσα,
1222 911 1368 986 παρά
1412 912 1502 965 τὸν
1549 911 1692 981 ξένον
1732 915 1921 965 τοῦτον

266 994 509 1073 ἐφοίτας,
538 998 602 1051 τὸ
637 1001 733 1051 τοῦ
782 998 1124 1075 πατριάρχου
1165 1000 1417 1075 προσθεὶς
1447 995 1636 1072 ὄνομα·
1669 1000 1758 1053 καὶ
1795 999 1921 1060 τοὺς

262 1090 369 1154 τῆς
401 1084 613 1162 ιρύσεως
644 1081 926 1161 θορύϐους,
979 1088 1066 1142 καὶ
1116 1088 1210 1151 τὰς
1241 1087 1298 1143 ἐκ
1342 1096 1444 1158 τῆς
1479 1089 1648 1160 ζάλης
1681 1091 1724 1125 ³ο
1760 1108 1921 1163 ταρα-

264 1173 376 1248 χὰς
447 1173 509 1228 οὐ
568 1175 742 1252 φέρων
780 1219 794 1245 ,
851 1176 1194 1251 ἠναγκάσθην
1256 1178 1392 1253 πρὸς
1457 1179 1556 1246 τήν
1631 1177 1919 1248 ἐκκλησίαν

263 1262 531 1317 ἀπιοῦσαν
565 1263 882 1341 ἐπιφυλάξαι
934 1286 1012 1338 σε,
1041 1266 1130 1320 καὶ
1178 1263 1307 1320 ἰδεῖν
1351 1267 1420 1320 τὰ
1447 1264 1768 1339 τελούμενα.
1800 1267 1923 1321 Εἰσ-

261 1349 446 1414 ελθὼν
491 1353 671 1406 τοίνυν
721 1352 810 1408 καὶ
859 1353 1019 1416 αὐτὸς
1067 1354 1290 1409 κατόπιν
1331 1355 1408 1417 εἴς
1459 1357 1550 1410 τὸν
1599 1357 1720 1410 ναὸν
1756 1402 1768 1426 ,
1831 1356 1920 1410 καὶ

263 1439 578 1516 περιέργοις
611 1441 917 1520 ὀφθαλμοῖς
946 1445 1012 1498 τά
1043 1443 1144 1498 ὑπὸ
1176 1448 1272 1499 τοῦ
1303 1446 1644 1521 πατριάρχου
1667 1444 1922 1519 γινόμενα

265 1535 492 1604 θεωρῶν
529 1573 544 1600 ,
596 1529 732 1603 ὅλην
782 1553 842 1587 τε
887 1532 1033 1606 αὐτῷ
1076 1535 1176 1602 τήν
1226 1535 1392 1602 ἀκοήν
1441 1531 1722 1589 διανιστῶν
1759 1582 1774 1607 ,
1830 1533 1918 1588 καὶ

261 1618 544 1695 ἀκροατής
576 1620 848 1676 εἶναιτῶν
899 1621 1204 1698 λεγομένων
1257 1620 1473 1695 ἐθέλων,
1523 1623 1614 1685 τὰς
1670 1619 1818 1697 ὄψεις
1863 1645 1921 1678 τε

262 1709 413 1780 ὁμοῦ
445 1709 534 1764 καὶ
563 1711 632 1765 τά
661 1711 775 1765 ὦτα
803 1716 1109 1787 τηροῦμαι.
1139 1711 1202 1766 Ei
1244 1712 1333 1766 καὶ
1379 1711 1542 1768 πάλιν
1576 1712 1797 1784 ἐκεῖνος,
1830 1714 1919 1768 ἅτε

263 1802 405 1852 Θεοῦ
443 1801 690 1872 μιμητὴς
722 1799 819 1871 ὢν,
871 1795 1168 1874 ἀναϐλέψαι
1217 1821 1274 1856 τε
1311 1802 1401 1855 καὶ
1436 1803 1654 1856 ἀκοῦσαι
1687 1803 1916 1873 πεποίη-

261 1907 347 1941 κε·
378 1886 490 1963 ἐγὼ
523 1885 579 1942 δὲ
625 1888 830 1964 ἀγαθοῦ
877 1889 1136 1944 τοσούτου
1184 1891 1598 1964 ἀμνημονήσας,
1649 1891 1708 1946 οὐ
1753 1891 1915 1964 μόνον
1947 1930 1995 1996 Β

311 1976 324 1994 9
409 1976 424 1996 9
485 1976 495 1996 1
511 1974 534 1994 θ
683 1981 724 1996 κ.
819 1981 830 1996 Ι
1088 1978 1100 1996 ν
1148 1984 1175 1993 ~
1277 1987 1304 1996 η.
1427 1979 1440 1996 9
1618 1981 1629 1996 Ι
1783 1979 1827 1996 ,κ
1848 1979 1866 1996 \
1896 1983 1908 1996 \

265 1976 370 2030 οὐκ
399 1974 654 2032 ἀπέδωκα
683 1981 726 2016 δι
760 1981 990 2055 χάριτας
1045 1978 1189 2052 αὐτῷ
1237 1987 1338 2050 τῆς
1393 1979 1725 2056 εὐεργεσίας,
1773 1979 1919 2036 ἀλλὰ

263 2065 357 2118 καὶ
389 2066 662 2142 τερατείαν
692 2067 720 2121 6
746 2070 970 2139 μάταιος
999 2068 1063 2122 τὸ
1085 2070 1262 2140 θαῦμα
1292 2068 1477 2140 εἰπὼν,
1504 2069 1917 2145 τιμωρήσασθαί

261 2174 325 2208 τε
354 2154 516 2209 αὐτὸν
549 2155 888 2232 ἐπεχείρουν,
924 2157 1022 2228 ὅση
1061 2179 1151 2231 μοι
1185 2155 1433 2231 δύναμις,
1465 2160 1554 2212 καὶ
1601 2165 1914 2236 κατασχεῖν,

264 2242 568 2315 clipei,va
601 2243 822 2318 δεσμοῖς
852 2241 1164 2320 περιϐαλεῖν
1218 2245 1464 2302 ἐκέλευον
1513 2252 1632 2309 τοῖς
1663 2246 1914 2310 οἰκέταις·

265 2330 497 2394 ἐκείνοις
528 2331 606 2406 δέ,
637 2333 882 2410 κατέχειν
910 2356 967 2390 τε
998 2335 1155 2390 αὐτὸν
1185 2335 1467 2410 νομίζουσι
1495 2336 1584 2390 καὶ
1638 2337 1713 2398 εἰς
1746 2335 1919 2410 δεσμά

263 2421 471 2498 φέρειν,
505 2419 639 2491 ξύλα
667 2423 734 2491 ἦν
785 2423 836 2478 ἐν
886 2425 1043 2499 χερσὶ
1096 2419 1259 2496 μόνον
1310 2424 1398 2478 καὶ
1431 2424 1593 2482 λίθοι.
1636 2427 1811 2481 Τοῦτο
1861 2423 1918 2480 δὲ

261 2509 358 2562 καὶ
393 2508 538 2581 αὐτῷ
571 2532 665 2582 μοι
695 2509 891 2582 ἐδόκει,
923 2513 1012 2567 καὶ
1058 2514 1146 2567 οἶα
1192 2513 1279 2567 ὑπ’
1326 2512 1499 2567 αὐτῶν
1549 2516 1917 2590 κατεχομένου

256 2602 365 2651 τοῦ
425 2600 787 2676 πατριάρχου,
848 2600 1074 2664 ἀπειλὰς
1106 2601 1210 2678 ἐγὼ
1245 2600 1635 2679 χαλεπωτέρας
1685 2603 1910 2678 ἐπῆγον.

261 2688 365 2741 Διὰ
389 2692 550 2742 τοῦτο
583 2686 771 2762 δέομαι
804 2691 833 2744 6
864 2691 953 2745 σὸς
1004 2690 1161 2767 ἀνὴρ,
1202 2689 1290 2746 καί
1335 2691 1535 2761 ταύτην
1563 2692 1707 2768 παρά
1734 2715 1917 2769 γυναι-

259 2777 359 2838 κὸς
393 2776 531 2850 ἐμῆς
561 2777 695 2833 αἰτῶ
727 2780 888 2856 χάριν
923 2782 988 2851 ⁵²,
1023 2779 1160 2835 ὥστε
1207 2785 1400 2857 πρῶτα
1450 2782 1544 2853 μέν
1597 2781 1792 2854 εὐμενῆ
1826 2804 1917 2857 γε-

262 2865 449 2920 νέσθαι
479 2866 635 2921 ⁵³τὸν
687 2869 838 2938 Θεὸν,
889 2867 1072 2924 ἔπειτα
1119 2866 1196 2943 δὲ,
1228 2869 1316 2924 καὶ
1362 2869 1518 2925 αὐτὸν
1553 2868 1916 2946 διαλλαγῆναι

264 2955 362 3009 τὸν
399 2956 765 3032 πατριάρχην.

341 3046 557 3102 CLXII.
589 3045 804 3102 Τούτων
845 3047 1113 3103 ἀκούσατα
1160 3045 1432 3124 Θεοδώρα,
1481 3050 1616 3124 πρὸς
1646 3049 1737 3104 τὸν
1770 3048 1915 3105 ὅσιον

259 3132 422 3194 εὐθὺς
453 3132 773 3212 ἀφικνεῖται,
825 3136 916 3190 καὶ
964 3136 1060 3190 ὅσα
1107 3157 1167 3192 τε
1199 3134 1329 3206 ἴδοι,
1376 3137 1465 3192 καὶ
1512 3137 1609 3192 ὅσα
1637 3139 1782 3213 παρὰ
1815 3143 1913 3194 τοῦ

257 3220 457 3298 ἀνδρὸς
517 3223 781 3296 ἀκούσειε,
833 3225 997 3280 πάλιν
1046 3224 1382 3301 ἀπαγγέλλει
1440 3228 1614 3282 πάντα
1667 3233 1747 3299 τῷ
1802 3249 1907 3282 πα-

254 3296 521 3387 τριάρχῃ.
553 3313 609 3364 '0
641 3310 698 3368 δὲ
731 3315 806 3386 μὴ
842 3313 1123 3388 μελλήσας
1151 3296 1342 3388 μήδὲν,
1373 3315 1565 3370 αὐτίκα
1599 3296 1746 3390 μάλα
1774 3318 1909 3392 πρὸς
1943 3296 1985 3363 C

256 3400 353 3455 τὸν
409 3400 674 3456 Σισίννιον
723 3403 1095 3480 παραγίνεται⁸
1138 3404 1226 3458 καὶ
1277 3404 1384 3480 οὐχ
1431 3406 1507 3467 ὡς
1544 3405 1608 3460 τὸ
1656 3405 1919 3483 πρότερον

262 3488 416 3562 αὐτῷ
447 3489 776 3567 ἐντυγχάνει,
809 3491 954 3548 ἀλλά
1004 3494 1121 3566 μεθ’
1151 3492 1285 3564 ὅσης
1315 3493 1518 3556 ἐκεῖνος
1545 3499 1626 3567 τῷ
1657 3496 1917 3572 πατριάρ-

265 3599 348 3653 χῃ
391 3575 697 3655 προσέϐαλε
742 3571 865 3636 τῖτε
911 3588 1012 3651 τῆς
1074 3582 1426 3658 ἀγριότητος,
1482 3584 1615 3656 μετά
1663 3571 1917 3647 πλείονος

267 3667 433 3722 αὐτὸν
461 3673 552 3724 νῦν
581 3677 680 3739 τῆς
706 3677 875 3743 τιμῆς
926 3668 1270 3747 ὑποδέχεται.
1307 3671 1530 3748 Ἀθρόαν
1561 3672 1740 3727 τοίνυν
1775 3672 1917 3728 οὕτω

264 3761 363 3811 καὶ
391 3755 610 3828 πολλὴν
655 3760 754 3828 τὴν
809 3755 1116 3832 μεταϐολὴν
1168 3761 1196 3814 6
1230 3765 1393 3836 μέγας
1446 3758 1596 3832 ἰδὼν,
1630 3760 1830 3836 λόγους
1860 3784 1919 3817 τε

263 3844 395 3922 περὶ
444 3854 542 3916 τῆς
589 3843 858 3911 εὐσεϐείας
907 3846 1094 3919 δεξιῶς
1138 3850 1270 3925 ἄγαν
1313 3851 1458 3922 αὐτῷ
1509 3850 1787 3924 ὑποτείνει,
1828 3853 1915 3906 καὶ

261 3934 401 3990 ὅλον
435 3936 776 3993 ὑποποιεῖται
807 3939 898 3993 τὸν
933 3936 1116 4015 ἄνδρα.
1154 3939 1250 3993 Καὶ
1282 3939 1568 4003 πιστεύσας
1600 3941 1706 3995 ἀπὸ
1731 3945 1917 4017 ψυχῆς

258 4027 290 4079 6
350 4025 614 4088 Σισίννιος
667 4032 745 4100 τῷ
791 4032 932 4100 Θεῷ,
980 4026 1159 4102 ἥψατο
1206 4033 1312 4083 τῶν
1364 4029 1642 4106 μακαρίων
1693 4028 1912 4084 ἐκείνων

256 4119 367 4170 τοῦ
413 4117 757 4192 πατριάρχου
814 4113 1020 4188 ποδῶν,
1076 4117 1167 4172 καὶ
1219 4123 1443 4172 τοιαῦτα
1495 4120 1628 4191 μετὰ
1669 4116 1912 4195 δακρύων

341 4294 578 4352 CLXIII.
611 4294 935 4372 Εὐχαριστῶ
957 4316 1039 4350 σοι
1061 4301 1140 4369 τῷ
1170 4295 1369 4368 ἀληθεῖ
1398 4297 1486 4351 καὶ
1520 4291 1668 4370 μόνῳ
1699 4302 1916 4370 Θεῷ,τῷ

261 4381 358 4437 διὰ
385 4383 545 4437 τοῦτό
580 4406 675 4456 μοι
703 4384 832 4446 τοὺς
866 4383 1186 4462 ὀφθαλμοὺς
1223 4385 1575 4459 πεπηρωκότι
1606 4390 1701 4440 τοῦ
1727 4387 1914 4460 σώμα-

257 4493 381 4543 τος,
416 4473 566 4536 ὅπως
593 4473 720 4536 τοὺς
752 4481 849 4543 τῆς
879 4477 1065 4550 ψυχῆς
1112 4471 1491 4549 διανοίξῃς,καί
1524 4471 1811 4549 διαϐλέψαι
1850 4496 1915 4549 με

260 4563 673 4636 παρασκευάσῃς
717 4564 854 4639 πρὸς
901 4564 998 4632 τὴν
1043 4561 1322 4634 ἀλήθειαν·
1375 4561 1462 4618 διὰ
1510 4569 1671 4620 τοῦτο
1722 4562 1778 4619 δὲ
1824 4565 1912 4618 καὶ

1031 418 1566 484 CLEMENTINA.
1595 456 1671 466 —
1701 421 2048 484 EPITOME
2095 422 2196 484 DE
2242 424 2516 488 GESTlS
2561 427 2626 488 S.
2677 426 2936 488 PETRI.

3561 429 3686 490 590

1593 554 1679 608 καὶ
1755 554 1927 608 πάντα
1954 556 2008 623 Α
2039 559 2200 612 stret.
2235 561 2440 615 Postea
2467 558 2592 631 ipse
2622 561 2714 616 sui
2765 563 3070 617 accusator
3115 560 3388 628 efﬁcitur,
3441 565 3679 617 cuncta-

2034 661 2147 716 que
2181 663 2241 702 se
2271 653 2504 719 propter
2533 648 2696 704 illam
2740 649 2948 706 fecisse
2983 666 3048 704 ac
3080 649 3390 722 pertulisse
3420 666 3676 706 comme-

2035 740 2242 790 morat.

2102 823 2288 879 CLXI.
2321 825 2468 897 Ergo
2508 826 2685 893 enim,
2733 827 2943 899 inquit,
2994 827 3280 900 zelotypia
3327 828 3412 883 tui
3460 828 3672 884 ductus

2033 927 2186 980 sum,
2221 914 2373 984 quod
2407 930 2499 969 me
2529 916 2775 987 conjuge
2805 915 3164 987 neglecto,ad
3199 916 3488 988 hospitem
3519 916 3675 971 hunc

2032 1001 2460 1070 adventares,et
2491 1003 2715 1058 addidit
2744 1020 2956 1060 nomen
2986 1005 3327 1076 patriarchae
3353 1030 3368 1072 ;
3418 1009 3674 1060 naturaa—

2033 1105 2146 1160 que
2175 1091 2642 1162 perturbationes
2673 1109 2738 1148 ac
2771 1110 2839 1148 ex
2867 1093 3244 1150 ﬂuctuatione
3273 1098 3428 1150 ortos
3459 1095 3679 1150 tumul-

2033 1181 2128 1233 tus
2158 1195 2273 1234 non
2305 1180 2518 1248 ferens,
2551 1185 2786 1236 coactus
2818 1199 2950 1236 sum
2983 1187 3038 1236 te
3087 1199 3220 1237 cum
3269 1182 3340 1237 ad
3371 1182 3676 1239 ecclesiam

2032 1266 2145 1322 ires
2176 1269 2685 1341 observare,atque
2716 1270 2908 1326 videre
2938 1287 3068 1343 quae
3097 1271 3674 1344 agebantur.1ngres-

2031 1372 2134 1412 sus
2167 1373 2303 1430 ergo
2332 1361 2389 1412 et
2420 1358 2544 1429 ipse
2573 1363 2674 1430 pot
2705 1363 2757 1414 te
2805 1360 2862 1414 in
2897 1360 3203 1432 templum,
3242 1359 3543 1432 oculisque
3573 1378 3675 1416 cu-

2032 1445 2202 1502 riosis
2233 1463 2360 1518 quae
2383 1465 2416 1502 a
2444 1448 2779 1520 patriarcha
2807 1451 3160 1521 gerebantur
3189 1450 3676 1522 aspiciens,eique

2031 1538 2184 1591 totae
2216 1551 2387 1592 aures
2431 1537 2716 1610 arrigens,
2761 1553 2965 1592 eorum
3012 1554 3138 1608 qua
3189 1537 3530 1593 dicebantur
3572 1555 3676 1592 cu-

2030 1623 2197 1695 piens
2227 1641 2355 1680 esse
2398 1625 2648 1696 auditor,
2710 1623 2894 1681 oculis
2944 1626 3161 1697 pariter
3209 1629 3383 1697 atque
3430 1627 3674 1683 auribus

2029 1717 2235 1785 captus
2263 1731 2415 1770 sum.
2449 1714 2516 1769 Et
2544 1713 2681 1770 licet
2711 1715 2809 1770 ille
2847 1714 3081 1786 iterum,
3115 1719 3317 1788 utpote
3352 1715 3446 1770 Dei
3478 1715 3672 1770 imita-

2028 1807 2138 1870 tor,
2173 1820 2264 1858 me
2295 1819 2528 1859 cernere
2559 1821 2624 1859 ac
2653 1804 2855 1859 audire
2886 1805 3122 1871 fecerit;
3156 1819 3262 1875 ego
3289 1808 3486 1860 tamen
3515 1805 3668 1860 tanti

2028 1890 2288 1969 beneficii
2316 1893 2765 1960 immemor,non
2796 1892 2988 1948 solum
3019 1897 3214 1965 grates
3247 1893 3358 1966 ipsi
3389 1894 3462 1949 ob
3494 1894 3674 1949 bene-

2025 1980 2320 2036 ﬁcentiam
2369 1999 2482 2038 non
2515 1982 2762 2054 persolvi
2794 1983 2895 2039 sed
2928 1987 2984 2037 et
3014 1982 3284 2051 stolidus,
3317 1999 3456 2040 cum
3487 1984 3670 2039 mira-

2027 2068 2224 2125 culum
2255 2071 2508 2126 dicerem
2539 2087 2666 2127 esse
2688 2071 3030 2143 przestigias,
3063 2087 3195 2126 eum
3220 2071 3509 2143 supplicio
3539 2071 3670 2126 affi-

2027 2174 2173 2228 cere,
2207 2165 2492 2231 quantum
2526 2161 2707 2231 potui,
2740 2165 2986 2215 conatus
3016 2159 3446 2231 sum,jussique
3478 2161 3668 2216 famu-

2025 2246 2118 2314 lis,
2153 2247 2245 2304 hei
2277 2249 2457 2303 mihi!
2518 2254 2582 2304 ut
2627 2250 2902 2304 eumdem
2951 2248 3265 2304 retinerent
3311 2266 3377 2304 ac
3423 2248 3671 2306 vinculis

2027 2343 2337 2393 onerarent
2363 2364 2376 2405 ;
2405 2338 2522 2393 illis
2551 2353 2683 2393 vero
2714 2337 2814 2409 qui
2848 2341 3042 2393 tenere
3068 2337 3235 2392 illum
3266 2343 3322 2393 et
3351 2337 3409 2393 in
3441 2337 3672 2394 vincula

2027 2427 2236 2482 ducere
2265 2427 2573 2499 putabant,
2598 2426 2756 2498 ligna
2779 2427 3062 2482 duntaxat
3087 2430 3143 2482 et
3171 2427 3394 2499 lapides
3415 2432 3581 2483 erant
3607 2427 3670 2484 in

2028 2515 2304 2570 manibus
2337 2531 2350 2569 :
2385 2515 2443 2570 id
2475 2515 2628 2586 quod
2655 2514 2796 2568 mihi
2827 2515 3002 2569 etiam
3033 2514 3337 2570 videbatur
3365 2532 3380 2582 ;
3415 2519 3471 2570 et
3501 2515 3672 2586 quasi

2029 2605 2101 2658 ab
2131 2605 2216 2660 eis
2264 2605 2596 2676 patriarcha
2642 2604 3017 2669 detineretur,
3059 2604 3251 2659 minas
3293 2603 3670 2676 gravissimas

2027 2709 2132 2765 ego
2155 2694 2470 2765 jactabam.
2506 2693 2786 2759 Quocirca
2824 2708 3048 2765 precor,
3095 2693 3182 2747 vir
3210 2698 3370 2763 tuus,
3404 2692 3672 2765 hancque

2029 2783 2101 2837 ab
2135 2800 2307 2839 uxore
2339 2799 2468 2838 mea
2496 2782 2745 2855 gratiam
2764 2789 2894 2853 peto
2921 2786 2986 2836 ut
3005 2782 3190 2854 primo
3217 2781 3455 2854 quidem
3487 2787 3671 2837 Deum

2030 2870 2172 2926 mihi
2206 2872 2524 2944 propitium
2554 2871 3011 2938 efiicias,dcinde
3032 2887 3161 2926 vero
3187 2875 3242 2926 et
3273 2888 3363 2926 me
3385 2870 3664 2928 concilies

2028 2960 2395 3032 patriarcha.

2099 3049 2298 3104 CLXII.
2333 3049 2434 3106 His
2461 3049 2699 3118 auditis,
2720 3049 3021 3106 Theodora
3043 3049 3113 3104 ad
3145 3052 3412 3104 sanctum
3445 3047 3674 3104 confes-

2027 3138 2129 3192 tim
2166 3139 2343 3204 venit,
2377 3141 2702 3210 cunctaque
2753 3156 2878 3208 quze
2926 3138 3186 3204 vidisset,
3239 3143 3448 3208 etquae
3479 3156 3510 3191 a
3549 3137 3670 3192 viro

2027 3226 2571 3296 audiisset,rursum
2604 3227 2944 3298 patriarchae
2967 3225 3328 3281 nuntiat.llle
3357 3225 3501 3280 nihil
3532 3241 3673 3280 cun-

2027 3315 2526 3384 ctatus,citissime
2555 3317 2625 3371 ad
2646 3315 2969 3371 Sisinnium
3001 3314 3390 3386 proﬁciscitur
3419 3331 3433 3368 :
3466 3319 3524 3369 et
3552 3331 3670 3370 non

2029 3409 2094 3460 ut
2123 3410 2292 3461 antea
2321 3421 2455 3460 eum
2487 3404 2725 3470 invenit,
2758 3405 2860 3460 sed
2900 3420 3035 3458 cum
3068 3407 3286 3474 quanta
3317 3402 3416 3458 ille
3464 3403 3668 3459 feroci-

2026 3498 2144 3550 tate
2174 3494 2565 3566 patriarcham
2598 3499 2737 3548 tunc
2767 3494 3005 3548 adortus
3049 3492 3232 3548 fuerat
3273 3509 3407 3548 cum
3451 3494 3670 3564 majore

2027 3582 2246 3638 honore
2277 3599 2433 3638 nunc
2462 3599 2598 3638 eum
2629 3582 2862 3654 excipit.
2897 3581 3052 3636 Adeo
3097 3582 3280 3653 igitur
3331 3581 3584 3637 subitam
3617 3589 3672 3637 et

2028 3688 2302 3744 magnam
2337 3672 2721 3727 mutationem
2751 3671 2838 3726 vir
2867 3687 3117 3743 magnus
3147 3687 3412 3740 cernens,
3447 3687 3669 3726 sermo-

2027 3777 2130 3816 nes
2154 3761 2224 3816 de
2247 3761 2461 3832 pietate
2483 3761 2801 3816 admodum
2833 3759 2976 3814 scite
2997 3758 3050 3814 ei
3079 3759 3672 3832 suggerit,totumque

2026 3849 2137 3905 sibi
2164 3854 2462 3921 comparat
2491 3849 2812 3905 hominem.
2861 3853 3122 3919 Cumque
3159 3866 3228 3904 ex
3259 3849 3453 3903 animo
3485 3848 3674 3903 Sisin-

2026 3939 2160 3994 nius
2195 3940 2304 3994 Deo
2337 3937 2699 4005 credidisset,
2724 3937 2914 4010 tetigit
2936 3938 3136 3994 beatos
3167 3936 3298 3994 illas
3328 3937 3669 4010 patriarcha;

2025 4027 2223 4100 pedes,
2248 4026 2486 4098 haacque
2516 4043 2650 4082 cum
2683 4026 2956 4098 lacrymis
2987 4026 3326 4098 prolocutus
3355 4031 3444 4083 est
3475 4043 3486 4082 :

2093 4296 2328 4352 CLXIII.
2360 4294 2588 4350 Gratias
2638 4311 2746 4367 ago
2791 4294 2897 4349 tibi
2944 4310 3075 4350 vero
3124 4311 3190 4350 ac
3221 4294 3327 4350 soli
3381 4295 3516 4361 Deo,
3568 4294 3667 4366 qui

2025 4386 2152 4441 ideo
2185 4384 2330 4440 mihi
2361 4383 2561 4440 oculos
2583 4384 2842 4456 corporis
2872 4384 3265 4452 excaecasti,ut
3285 4401 3384 4439 eos
3417 4385 3516 4455 qui
3547 4385 3670 4438 ani-

2024 4492 2134 4530 mae
2164 4479 2303 4530 sunt
2331 4473 2605 4545 aperires,
2642 4489 2850 4544 meque
2875 4475 3095 4528 faceres
3129 4473 3388 4545 aspicere
3419 4474 3490 4527 ad
3519 4473 3668 4527 veri-

2022 4569 2201 4620 tatem
2228 4581 2241 4631 ;
2276 4562 2521 4632 ideoque
2542 4563 2719 4617 etiam
2751 4562 2983 4618 aurium
3014 4563 3132 4617 vim
3163 4560 3670 4634 compressisti,ut

259 4655 376 4704 τῶν
411 4649 566 4706 ὤτων
593 4653 692 4720 τὴν
736 4651 998 4728 ἐνέργειαν
1049 4647 1425 4724 ἀποσϐέσαντι,
1476 4651 1624 4714 ὅπως
1673 4653 1914 4731 νηφούοῃ

2031 4659 2219 4709 mente
2248 4651 2408 4724 vigili
2432 4651 2693 4723 nihilque
2720 4651 2952 4724 penitus
2973 4667 3173 4706 eorum
3197 4668 3322 4722 qua:
3343 4655 3502 4704 extra
3527 4654 3670 4706 sunt

262 4737 501 4813 διανοίᾳ,
532 4742 621 4795 καὶ
665 4739 898 4815 μηδενὸς
945 4746 1050 4795 τῶν
1101 4738 1296 4811 ἔξωθεν
1342 4741 1489 4803 ὅλως
1537 4742 1913 4816 αἰσθανομένῃ,

256 4828 327 4883 τὸ
357 4833 458 4900 τῆς
507 4825 775 4892 εὐσεϐείας
827 4828 1170 4903 ὑποδέξωμαι
1203 4833 1477 4906 κήρυγμα.
1525 4836 1629 4884 Νῦν
1661 4829 1717 4885 δὲ
1747 4831 1911 4900 αὐτὴν

259 4920 363 4987 τήν
393 4916 650 4989 ἀλήθειαν
682 4919 951 4992 ἐμυήθην,
981 4919 1070 4973 καὶ
1098 4914 1336 4995 ἀκριϐῶς
1365 4920 1431 4974 τὰ
1475 4924 1583 4974 τῶν
1630 4918 1912 4990 Ἑλλήνων

258 5003 515 5082 διέγνων,
542 5007 751 5077 ἀπάτην
784 5004 913 5062 ὄντα
963 5008 1122 5080 μόνον
1179 5005 1269 5061 καὶ
1315 5008 1585 5084 τερατείαν
1632 5007 1912 5067 ἀπίθανον,

258 5095 389 5149 Ἐπὶ
439 5099 650 5158 τούτοις
701 5094 996 5174 φαιδρότης
1048 5096 1174 5172 ἔσχε
1225 5096 1314 5150 καὶ
1371 5094 1543 5166 ἡδονὴ
1593 5097 1682 5151 τὸν
1742 5099 1913 5165 οἷκον,

257 5185 354 5238 καὶ
410 5189 488 5258 τῷ
547 5185 764 5261 Χριστῷ
819 5188 1011 5246 πάντες
1067 5185 1392 5240 ἐπίστευσαν.
1454 5189 1566 5242 Τοῦ
1615 5186 1800 5262 πάσχα
1858 5184 1915 5241 δὲ

260 5271 376 5343 ἤδη
435 5273 776 5348 ἐνισταμένου
811 5318 824 5342 ,
884 5270 1236 5329 ἐϐαπτίσαντο
1299 5275 1431 5347 μετά
1491 5279 1588 5328 τοῦ
1647 5275 1914 5329 Σισιννίου

257 5362 457 5425 πάντες
487 5365 711 5438 πατέρες
741 5365 883 5437 ὁμοῦ
927 5364 1013 5419 καὶ
1069 5362 1296 5439 μητέρες
1348 5363 1437 5417 καὶ
1479 5361 1685 5432 παῖδες,
1729 5364 1806 5426 εἱς
1838 5362 1912 5418 εἷ’-

252 5472 380 5507 κοσι
413 5453 501 5506 καὶ
531 5459 676 5529 τρεῖς
710 5453 796 5508 ἐπὶ
827 5459 942 5514 τοῖς
971 5451 1341 5528 τετρακοσίοις
1373 5449 1542 5513 ὄντες.
1573 5456 1740 5506 Τοῦτο
1772 5449 1911 5506 πολ-

2025 4742 2330 4807 sentiente,
2365 4756 2506 4795 vera:
2540 4740 2837 4812 religionis
2881 4740 3237 4810 susciperem
3303 4738 3667 4810 praedicatio-

2025 4849 2178 4886 nem.
2214 4829 2379 4884 Nunc
2409 4845 2542 4883 vero
2576 4828 2866 4900 mysteriis
2906 4827 3164 4883 veritatis
3195 4827 3461 4882 initiatus
3509 4843 3663 4892 sum,

2024 4925 2295 4991 certoque
2326 4917 2530 4989 agnovi
2577 4917 2884 4989 gentilium
2935 4933 3100 4970 sacra
3140 4917 3400 4970 fraudem
3434 4919 3662 4969 tantum

2023 5025 2152 5064 esse
2183 5025 2248 5063 ac
2275 5005 2676 5061 incredibilem
2719 5006 3052 5061 vanitatem.
3105 5005 3342 5075 Propter
3370 5005 3484 5058 ista
3513 5003 3667 5057 hila-

2025 5097 2168 5152 ritas
2197 5101 2253 5151 et
2279 5095 2479 5150 laetitia
2507 5096 2746 5149 domum
2770 5094 3415 5165 occupavit,omnesque
3437 5092 3664 5148 Christo

2024 5186 2414 5242 crediderunt.
2446 5184 2726 5238 Paschate
2757 5200 2888 5238 vero
2926 5185 3049 5252 jam
3083 5182 3339 5246 ineunte,
3388 5181 3665 5252 baptizati

2024 5292 2135 5330 sun
2167 5290 2300 5328 cum
2331 5263 2590 5326 Sisinnio
2621 5288 2823 5326 omnes
2855 5277 3048 5342 patres
3080 5271 3258 5325 simul
3289 5275 3346 5325 et
3370 5275 3585 5325 matres
3611 5276 3666 5325 et

2023 5362 2214 5430 liberi,
2246 5364 2315 5415 ad
2349 5367 2465 5416 tres
2495 5366 2552 5415 et
2586 5359 2790 5431 viginti
2824 5377 3001 5430 supra
3031 5360 3512 5431 quadringentos.
3547 5359 3665 5414 Hoc

2023 5450 2256 5507 attraxit
2289 5447 2504 5504 multos
2533 5465 2600 5504 ex
2623 5448 3059 5518 illustrioribus,
3084 5449 3185 5519 qui
3217 5449 3448 5521 magnis
3478 5449 3666 5505 bono-

1615 5623 1856 5679 νΑΒῙίΕ
1897 5619 2306 5677 LEC'I‘IONES.

327 5757 373 5795 ³ο
405 5754 477 5810 al.
509 5757 606 5810 ~:05
640 5751 829 5826 ζήλου.
908 5752 949 5789 ⁸1
984 5751 1057 5807 al.
1088 5744 1426 5809 ἀποδέδωκα.
1501 5749 1546 5784 ⁶²
1577 5747 1654 5805 a1.
1691 5749 1828 5811 add.
1856 5747 1956 5817 τὴν
1989 5745 2224 5820 ἐμαυτοῦ
2256 5739 2548 5819 σωτηρίαν.
2626 5744 2670 5778 ⁵³
2701 5741 2776 5798 al.
2808 5741 2984 5798 inscr.
3022 5761 3138 5816 μοι,
