4118 6340
444 400 557 467 591

1268 409 1334 468 S.
1380 406 1824 469 CLEMENTIS
1869 408 1892 467 l
1937 407 2126 466 80M.
2171 404 2403 466 PONT.
2450 404 2712 467 OPERA
2755 402 3012 467 DUBIA.

3727 393 3847 467 Μ

448 538 611 594 ribus
660 536 1100 612 praepollebant,
1171 538 1503 612 quibusque
1534 540 1854 612 imperator
1902 539 2086 595 Nerva

2200 534 2329 597 λοὺς
2363 534 2695 593 ἐπεσπάσατο
2742 539 2852 605 τῶν
2902 530 3350 611 ἐπιφανεστὲρων,
3400 526 3516 611 ὅσοι
3553 549 3616 591 τε.
3667 533 3845 604 μακρᾷ

447 626 651 683 amicis
690 627 945 684 maxime
972 632 1030 683 et
1070 627 1419 684 consiliariis
1448 629 1755 697 utebatur;
1790 631 1963 699 atque
1993 628 2087 699 pio

440 714 628 772 ‘cultui
657 731 862 772 omnes
892 718 1117 773 assensi
1150 721 1306 771 sunt.

517 891 745 949 CLXIV.
812 892 945 957 Qum
994 909 1129 949 cum
1173 893 1392 950 videret
1454 896 1746 965 pessimus
1796 911 1897 966 per
1943 894 2089 951 illud

446 986 683 1055 tempus
710 998 907 1038 comes
927 982 1253 1039 ofﬁciorum
1273 982 1518 1039 Publius
1537 984 1950 1056 Tarquitianus
1972 1000 2091 1040 mo-

448 1072 593 1129 leste
646 1070 803 1140 tulif,
834 1075 892 1127 et
941 1071 1141 1143 gravia
1171 1071 1542 1143 existimavit,
1592 1071 2088 1145 consideransque

449 1177 566 1233 quo
587 1161 761 1219 modo
784 1160 1058 1232 pietatem
1079 1159 1327 1216 ulterius
1349 1161 1813 1233 progredientem
1844 1162 2091 1233 compri-

450 1254 655 1317 meret,
708 1249 905 1322 ipsum
936 1249 1126 1321 primo
1175 1248 1531 1305 Clementem
1570 1254 1853 1322 tanquam
1885 1266 2088 1306 eorum

449 1355 575 1410 qua
606 1338 824 1405 tiebant
855 1338 1108 1409 maxime
1139 1342 1433 1394 auctorem
1463 1340 1668 1395 statuit
1698 1356 1728 1394 e
1760 1340 1949 1395 medio
1979 1339 2088 1395 tol-

448 1426 567 1483 lere
599 1444 613 1484 :
646 1431 702 1483 et
718 1426 1087 1500 singularum
1112 1426 1281 1484 Urbis
1307 1428 1612 1500 regionum
1636 1428 1919 1500 praefectis
1949 1445 2087 1484 con-

444 1518 685 1582 vocatis,
716 1516 906 1589 iisque
928 1516 1175 1587 pecunia
1194 1517 1855 1588 corruptis,seditionem
1888 1518 2089 1573 adver-

450 1620 555 1659 sus
582 1603 940 1671 Clementem
972 1603 1056 1659 uti
1100 1609 1398 1661 moverent
1441 1605 1524 1661 eis
1555 1605 1875 1678 proposuit,
1909 1611 2089 1677 utque

448 1691 608 1749 illius
637 1692 1122 1749 existimationem
1152 1693 1499 1767 impeterent
1547 1694 1813 1750 hortatus
1843 1699 1951 1765 est,
1983 1711 2089 1749 cu-

447 1781 614 1854 piens
646 1797 904 1838 amorem
936 1780 1107 1837 Urbis
1149 1798 1286 1853 erga
1314 1799 1450 1838 eum
1480 1799 1582 1855 per
1611 1782 1719 1838 hoc
1750 1782 2084 1852 dissolvere,

444 1869 861 1942 hominemque
892 1870 1131 1926 reddere
1160 1870 1392 1928 insidiis
1421 1871 1649 1929 facilem
1678 1876 1852 1944 atque
1882 1888 2089 1950 oppor-

447 1964 679 2015 tunum.

514 2050 720 2107 CLXV.
761 2051 1172 2123 Conspirantes
1197 2066 1332 2123 ergo
1383 2051 1663 2107 adversus
1693 2066 1827 2107 eum
1876 2050 2091 2123 impro-

442 2137 674 2195 bissimi
704 2138 789 2194 illi
820 2139 993 2207 cives,
1027 2139 1184 2196 mala
1212 2156 1277 2195 ac
1308 2140 1552 2208 fmda,ut
1580 2139 1693 2213 ipsi
1722 2140 2089 2201 arbitraban-

442 2230 560 2296 tur,
586 2226 655 2281 de
684 2224 784 2281 illo
815 2226 1485 2300 diifundunt,multaque
1503 2228 1789 2299 objiciunt
1817 2228 2086 2296 crimina;

442 2315 769 2387 praestigias
798 2316 849 2371 ei
880 2316 1227 2384 attribuunt,
1283 2322 1341 2373 et
1368 2316 1667 2390 religionis
1697 2334 1898 2373 eorum
1930 2333 2087 2374 ever-

442 2403 926 2477 sionem,aliaque
944 2405 1199 2478 plurima
1222 2423 1235 2473 ;
1269 2409 1444 2477 atque
1464 2406 1667 2462 dicunt
1688 2407 1759 2462 ab
1782 2406 1908 2478 ipso
1933 2406 2086 2462 affici

442 2492 811 2549 contumeliis
840 2499 896 2550 et
915 2493 1159 2550 lacerari
1189 2493 1408 2566 patrios
1439 2495 1577 2550 deos
1614 2512 1627 2550 :
1662 2500 1724 2551 ut
1753 2495 1853 2567 qui
1885 2495 2085 2551 Jovem

441 2582 708 2638 omnium
739 2583 983 2641 deorum
1036 2584 1380 2654 maximum,
1423 2600 1610 2655 neque
1642 2584 1813 2639 deum
1846 2600 2087 2656 prorsus

443 2671 808 2741 nominaret;
841 2671 1147 2729 Herculem
1178 2689 1311 2730 vero
1351 2672 1637 2728 Alcmena
1668 2672 1853 2728 ﬁlium
1888 2675 2085 2745 (quem

442 2759 529 2817 illi
559 2776 734 2816 suum
757 2766 1219 2820 conservatorem
1246 2762 1430 2833 aiunt)
1449 2762 1746 2834 impurum
1769 2763 2085 2834 quemdam

447 2849 768 2905 daemonem
815 2854 872 2905 et
919 2849 1237 2905 scelestum
1269 2855 1501 2906 vocaret
1538 2869 1551 2918 ;
1585 2850 1996 2908 charissimam
2028 2857 2088 2907 et

442 2938 855 2994 suavissimam
885 2942 1191 3004 Venerem,
1233 2940 1597 2994 meretricem
1631 2939 1968 3008 induceret;
1998 2944 2085 2996 at-

440 3042 554 3099 que
583 3027 864 3100 optimam
875 3027 1280 3099 jaculatricem
1301 3027 1570 3096 Dianam,
1594 3029 1915 3100 sapientem
1937 3030 2084 3085 Mer-

440 3116 671 3172 curium
700 3117 876 3172 deum
907 3116 1216 3184 sermonis,
1241 3115 1587 3173 bellicosum
1616 3118 2085 3187 Martem,Satur-

2194 628 2263 697 τῇ
2297 621 2421 699 δόξῃ
2453 622 2764 701 διεπρεπον,
2795 624 2885 679 καὶ
2915 624 2993 685 οἷς
3027 623 3054 677 ὁ
3089 619 3342 697 βασιλεὺς
3388 616 3626 694 Νερούας
3658 616 3843 696 φίλοις

2201 712 2579 786 μάλιστακαὶ
2638 706 2976 786 συμϐούλοις
3030 710 3271 787 ἐχρῆτο·
3326 707 3415 764 καί
3473 712 3541 782 τῇ
3600 702 3842 779 εὐσεϐείᾳ

2194 802 2385 864 πάντες
2418 800 2711 859 συνέθεντο.

2266 893 2479 949 CLXIV
2507 936 2520 950 .
2571 895 2745 947 Ταῦτα
2800 890 2940 965 ὁρῶν
2988 890 3017 949 ὁ
3071 886 3443 965 πονηρότατος
3502 885 3616 969 καττ
3673 884 3841 949 ἐκεῖνο

2196 985 2386 1055 καιροῦ
2415 984 2519 1036 τῶν
2575 979 2842 1059 ὀφφικίων
2890 978 3069 1052 κόμης
3120 980 3234 1051 (21)
3263 974 3543 1037 Πούπλιος
3572 978 3842 1049 Τουρκου-

2193 1069 2377 1131 τιανὸς
2410 1072 2542 1143 (22),
2586 1066 2952 1144 ἐδυσχέραινε,
2984 1067 3074 1125 καὶ
3107 1064 3251 1135 δεινὰ
3280 1064 3470 1126 ἒποὶει”
3504 1062 3593 1131 καὶ
3624 1067 3845 1133 σκοπῶν,

2197 1157 2345 1222 ὅπως
2395 1157 2453 1214 ἂν
2505 1157 2703 1234 ἐπίσχῃ
2750 1156 3050 1233 περαιτέρω
3098 1149 3492 1231 προϐαίνουσαν
3538 1154 3638 1223 τὴν
3690 1144 3847 1225 εὐσέτ

2197 1242 2365 1318 ϐειαν,
2412 1247 2566 1303 αὐτὸν
2618 1243 2755 1322 ἔγνω
2802 1250 3017 1322 πρῶτον
3072 1244 3131 1305 ἐκ
3172 1241 3358 1311 ποδῶν
3405 1248 3630 1313 ποιῆσαι
3673 1244 3722 1303 5‘
3748 1243 3845 1304 rev,

2198 1335 2519 1409 Κλήμεντά,
2569 1338 2658 1390 οἷα
2701 1339 2807 1389 τῶν
2867 1334 3149 1410 παρόντων
3210 1332 3529 1395 αἰτιώτατον
3583 1332 3628 1393 55,
3682 1329 3843 1393 αὐτὸν¹

2196 1420 2343 1481 ὄντα’
2374 1426 2463 1480 καὶ
2489 1426 2617 1487 τοὺς
2666 1425 2890 1481 ἑκάστου
2943 1423 3139 1499 μέρους
3188 1429 3288 1491 τῆς
3316 1420 3535 1501 πόλεως
3565 1423 3843 1501 προεστῷ-

2194 1536 2288 1577 τας
2332 1513 2819 1590 συγκαλεσάμενος,
2876 1512 2967 1569 καὶ
3022 1513 3305 1589 χρήμασιν
3358 1500 3555 1574 αὐτούς
3612 1504 3846 1587 ἃιαφθεὶτ

2198 1624 2314 1678 ρας,
2346 1603 2523 1658 στάσιν
2572 1604 2693 1658 τινὰ
2733 1609 2945 1671 κινῆσαι
2987 1602 3123 1659 κατὰ
3167 1604 3265 1661 τοῦ
3295 1598 3616 1672 Κλήμεντος
3658 1596 3849 1661 αὐτοῖς

2199 1692 2457 1765 ὑπετίθει,
2490 1692 2578 1748 καὶ
2609 1687 2887 1748 διαϐαλεῖν
2935 1690 3100 1753 αὐτοῦ
3143 1690 3243 1757 τήν
3282 1685 3558 1761 ὑπόληψιν
3585 1687 3843 1763 προετρέ-

2203 1802 2345 1837 ιτετο’
2378 1781 2545 1856 ταύτῃ
2568 1780 2863 1838 καταλῦσαι
2893 1781 2956 1835 τὸ
2985 1779 3121 1857 πρὸς
3152 1778 3307 1840 αὐτὸν
3338 1784 3439 1846 τῆς
3468 1774 3686 1857 πόλεως
3716 1775 3840 1853 φίλ-

2194 1891 2320 1945 τρον
2356 1868 2711 1946 βουλόμενος,
2741 1870 2831 1941 καὶ
2885 1868 3022 1946 πρὸς
3052 1861 3353 1937 ἐπιϐουλὴν
3395 1865 3721 1943 εὐχείρωτον
3741 1866 3838 1929 τὸν

2199 1955 2365 2033 ἄνδρα
2392 1959 2810 2032 παρασκευάσαι.

2267 2047 2468 2105 CLXV.
2527 2045 2820 2107 Συστάντες
2878 2042 2968 2123 οὖν
3020 2044 3102 2107 ἐπ’
3146 2044 3305 2113 αὐτὸν
3373 2045 3426 2105 οἱ
3478 2042 3841 2120 πονηρότατοι

2194 2140 2303 2197 τῶν
2332 2133 2573 2195 πολιτῶν
2609 2134 2825 2206 ἐκεῖνοι,
2871 2134 3075 2213 ψόγους
3121 2154 3181 2189 τε
3210 2134 3286 2203 ὡς
3336 2132 3489 2188 αὐτοὶ
3520 2130 3713 2205 ᾤοντο,
3744 2152 3840 2195 κα-

2193 2226 2480 2300 ταχέουσιν
2515 2224 2679 2281 αὐτοῦ
2710 2224 3009 2299 πονηρούς,
3041 2223 3129 2279 καὶ
3178 2220 3394 2287 πολλὰς
3444 2220 3698 2299 ἐπάγουσι
3743 2221 3839 2284 τὰς

2195 2314 2390 2387 αἰτίας,
2424 2313 2676 2389 γοητείαν
2722 2313 2867 2385 αὐτῷ
2914 2314 3321 2387 περιάπτοντες,
3368 2310 3587 2381 καὶτῆς
3623 2310 3839 2381 ἐκείνων

2194 2404 2481 2478 θρησκείας
2536 2403 2840 2479 ἀνατροπὴν
2876 2449 2891 2475 ,
2953 2400 3097 2459 ἄλλα
3146 2423 3206 2457 τε
3262 2400 3488 2474 πολλὰ,
3547 2395 3841 2483 ἐξυξρίζειν

2193 2492 2352 2549 αὐτὸν
2410 2491 2657 2567 λέγοντες
2704 2492 2792 2551 καὶ
2838 2493 2966 2554 τοὺς
3014 2492 3301 2565 πατρῴους
3350 2487 3618 2569 διασύρειν
3664 2487 3837 2551 θεούς·

2191 2583 2281 2637 τὸν
2345 2582 2438 2655 μὲν
2500 2583 2745 2638 ἁπάντων
2801 2583 2933 2639 θεῶν
2991 2583 3035 2618 ⁵⁸
3087 2580 3338 2655 μέγιστον
3386 2578 3501 2648 Δία,
3555 2574 3696 2661 μηδὶ
3724 2578 3845 2639 θεὸν.

2195 2668 2381 2735 ἁπλῶς
2418 2670 2770 2744 ὀνομάζοντα⁶
2824 2668 3091 2745 Ἠρακλέα
3134 2666 3193 2729 8‘s
3240 2669 3330 2729 τὸν
3382 2665 3727 2740 ’Δλκμήνης,
3781 2667 3840 2727 ὃν

2194 2760 2408 2816 ἐκείνων
2457 2758 2585 2838 φασί
2634 2761 2853 2835 σωτῆρα
2900 2762 3045 2833 (23),
3095 2758 3261 2833 ἐναγῆ
3305 2778 3421 2833 τινα
3470 2753 3703 2838 δαίμονα
3748 2756 3841 2821 καὶ

2198 2851 2389 2925 μιαρὸν
2422 2847 2819 2906 ἀποκαλοῦνταο
2854 2847 3060 2925 πόρνην
3090 2868 3149 2908 τε
3176 2848 3275 2917 τὴν
3309 2846 3476 2925 φίλην
3512 2842 3843 2923 ’Δφροδίτηυη

2194 2939 2490 3014 εἰσάγοντα,
2547 2938 2638 2993 καὶ
2671 2939 2769 3007 τὴν
2816 2931 3085 3007 ἑκηϐόλον
3116 2940 3399 3012 Ἄρτεμιν,
3423 2934 3514 2991 καὶ
3545 2933 3640 2993 τὸν
3672 2934 3839 3011 σοφὸν.

2192 3028 2397 3103 Ἑρμῆν
2426 3027 2519 3089 τὸν
2543 3031 2640 3082 τοῦ
2672 3024 2843 3101 λόγου
2886 3026 3028 3094 θεὸν,
3075 3025 3164 3087 τὸν
3208 3014 3511 3097 πολεμικόν
3560 3024 3831 3098 τεἍρεα,

2191 3116 2400 3172 καὶτὸν
2432 3116 2633 3193 Κρόνον
2684 3115 2861 3187 αὐτὸν,
2914 3113 3107 3185 ἐπίσης
3162 3112 3587 3191 βλασφημοῦντα
3630 3110 3834 3175 πάνοας

437 3220 700 3277 numque
747 3204 967 3276 ipsum,
1011 3220 1080 3260 ex
1126 3221 1293 3276 sequo
1337 3220 1541 3261 omnes
1571 3204 1881 3261 infamaret
1908 3208 2083 3276 atque

2198 3206 2279 3261 καὶ
2311 3200 2699 3277 διαϐάλλοντα,
2749 3203 2838 3259 καὶ
2879 3204 2948 3258 τὰ
2992 3203 3185 3275 τεμένη
3218 3202 3422 3257 τούτων
3454 3201 3543 3263 καὶ
3571 3198 3699 3265 τοὺς
3733 3201 3840 3276 βω-

437 3275 850 3349 criminaretur
880 3311 985 3350 nec
1015 3310 1130 3351 non
1178 3275 1391 3350 horum
1438 3294 1571 3349 fana
1615 3298 1673 3349 et
1701 3311 1831 3349 aras
1862 3298 2078 3350 everte-

2198 3293 2331 3367 μοὺς
2354 3275 2806 3372 καταστρέφοντα.
2857 3291 3163 3371 Κεφάλαιον
3206 3294 3302 3346 τοῦ
3353 3289 3546 3365 λόγου,
3573 3291 3643 3351 Ἦ
3673 3290 3837 3354 θυσά-

436 3385 547 3437 ret.
578 3383 664 3437 Ad
695 3399 1013 3451 summam,
1046 3383 1282 3439 aiebant
1314 3399 1326 3436 :
1355 3381 1459 3438 Vel
1487 3382 1601 3438 diis
1631 3382 1939 3449 sacrificet,
1979 3388 2084 3440 aut

2198 3406 2267 3439 ctu
2294 3389 2412 3445 τοῖς
2445 3389 2606 3457 θεοῖς,
2659 3380 2866 3462 ἔλεγον,
2897 3383 2933 3450 ἢ
2958 3388 3059 3451 τῆς
3107 3386 3251 3450 ζωῆς
3281 3381 3344 3436 τὸ
3393 3379 3562 3455 τάχος
3593 3374 3839 3443 ἀπαλλα-

433 3472 556 3526 vita
584 3472 788 3527 statim
820 3471 1096 3543 privetur.
1136 3476 1322 3543 Atque
1364 3470 1451 3527 illi
1500 3471 1760 3543 quidem,
1789 3471 1928 3527 talia
1958 3489 2082 3529 mo-

433 3564 661 3627 ventes,
695 3560 971 3631 petebant
1001 3566 1067 3615 ut
1094 3559 1204 3615 sibi
1235 3561 1306 3615 ad
1340 3565 1588 3616 mortem
1622 3561 1950 3616 traderetur
1979 3577 2079 3631 pa-

433 3647 709 3704 triarcha.
733 3648 819 3704 0b
840 3664 967 3720 quae
995 3648 1456 3721 indignabantur
1474 3650 1809 3721 quicunque
1836 3649 2082 3721 pecunia

434 3736 699 3793 venalem
734 3737 1151 3793 conscientiam
1184 3753 1300 3792 non
1333 3737 1735 3806 exhibuerant,
1763 3737 2080 3810 loqueban-

435 3832 650 3899 turque
679 3827 752 3883 ad
786 3825 1069 3900 populum
1099 3825 1305 3893 libere,
1336 3827 1592 3883 dicentes
1628 3844 1640 3882 :
1675 3827 1823 3891 Quid
1873 3826 2013 3882 mali
2045 3844 2079 3883 a

433 3916 767 3988 patriarcha
796 3920 1027 3988 gestum
1057 3921 1147 3971 est
1166 3916 1193 3971 ‘I
1222 3916 1340 3971 imo
1361 3933 1493 3972 vero
1523 3933 1650 3987 quae
1667 3916 1950 3972 beneficia
1977 3932 2080 3987 per

2188 3474 2362 3549 γήτω.
2396 3473 2458 3526 Ol
2493 3473 2585 3544 μὲν
2637 3469 2750 3543 οὖν,
2797 3475 3019 3531 τοιαῦτα
3065 3474 3359 3540 κινοῦντες,
3394 3466 3612 3531 ἔκδοτον
3651 3468 3835 3539 ἠξίουν

2187 3562 2278 3617 τὸν
2313 3562 2655 3638 πατριάρχην
2706 3560 2792 3616 ἐπὶ
2835 3561 3047 3632 θανάτῳ
3103 3554 3343 3621 λαϐεῖν.“’
3361 3560 3474 3636 Ἐφ’
3525 3559 3608 3621 οἷς
3638 3558 3839 3641 ἠγανάς

2189 3672 2347 3707 κτουν
2376 3651 2570 3712 πάντες
2600 3650 2715 3705 ὅσοι
2752 3651 2827 3722 μὴ
2860 3649 3163 3724 χρημάτων
3200 3646 3359 3709 ὢνιον
3390 3647 3488 3716 τὴν
3533 3643 3845 3716 συνείδησιν.

2187 3739 2554 3813 προετίθεσαν,
2601 3738 2691 3794 καὶ
2740 3737 2940 3813 λόγους
2989 3728 3125 3813 πρὸς
3167 3737 3259 3799 τὸν
3301 3734 3477 3809 δῆμον
3519 3734 3835 3811 ἐλέυίὶὲρους

2190 3828 2496 3885 ἐποιοῦντο·
2523 3828 2583 3883 Τί
2612 3833 2691 3900 τῷ
2720 3825 3032 3902 πατριάρχῃ
3061 3825 3225 3882 κακὸν
3254 3822 3832 3901 εἷ’ργαστωλξγοντες·

2193 3918 2405 3991 μᾶλλον
2439 3915 2496 3974 δὲ
2524 3916 2695 3972 ποίων
2723 3915 2831 3991 οὐχ
2859 3918 2894 3985 ἡ
2925 3913 3091 3978 πόλις
3120 3916 3247 3988 παρ’
3275 3912 3422 3987 αὐτῴ
3442 3914 3683 3990 χαρίτων
3708 3904 3836 3979 ἀπὲ-

433 4021 569 4061 eum
612 4005 816 4061 civitas
861 4022 977 4061 non
1021 4009 1111 4061 est
1158 4010 1471 4061 consecuta
1501 4005 1529 4060 ?
1571 4005 1903 4078 Deindeque
1952 4007 2077 4063 sin-

2198 4008 2422 4077 λαυσεν;
2456 4007 2587 4062 Εἶτα
2614 4005 2704 4061 καὶ
2741 4004 2877 4067 αὐτὰ
2915 4000 3113 4081 ἕκαστα
3156 4007 3264 4067 τῶν
3312 4003 3398 4065 ὑπ’
3445 4002 3611 4068 αὐτοῦ
3657 4023 3834 4078 παρα-

433 4093 575 4166 gula
603 4111 729 4166 quae
760 4093 1106 4150 mirabiliter
1135 4094 1208 4149 ab
1256 4111 1322 4150 eo
1373 4094 1521 4150 facta
1550 4094 1784 4151 fuerant
1813 4112 2077 4152 recense-

2198 4093 2355 4168 Ξόξως
2427 4092 2801 4171 γεγενημένων
2880 4082 3289 4168 ἀπηριθμοῦντο
3321 4137 3336 4165 ,
3394 4091 3485 4159 καὶ
3559 4091 3843 4175 μάρτυρας

435 4182 665 4251 bant,et
694 4200 896 4240 eorum
928 4199 1056 4255 quae
1078 4183 1481 4240 memorabant
1508 4183 1667 4256 ipsos
1698 4186 2077 4242 assumebant

2198 4184 2376 4247 ιύτοὺς
2409 4184 2690 4240 ἐποιοῦντο
2714 4188 2821 4239 τῶν
2853 4180 3187 4259 λεγομένων.

426 4276 628 4328 testes.

498 4360 726 4417 CLXVI.
756 4362 1080 4418 Mamertus
1130 4366 1328 4417 autem
1360 4362 1499 4417 Urbi
1552 4362 1879 4434 praefectus,
1930 4364 2072 4422 adeo

2254 4364 2486 4421 CXLVI.
2538 4365 2933 4439 Μαρμεντῖνος⁸
2986 4357 3046 4416 δὲ
3092 4359 3120 4425 ὁ
3161 4360 3260 4429 τῆς
3304 4354 3522 4423 πόλεως
3563 4354 3829 4432 ἔπαρχος,

423 4449 711 4506 seditione
739 4450 1023 4522 agitatam
1047 4450 1343 4506 civitatem
1373 4450 1570 4507 videre
1600 4468 1715 4507 non
1746 4452 2071 4520 sustinens,

2198 4454 2260 4522 .ιὴ
2295 4451 2468 4530 φέρων
2503 4451 2592 4508 ἐπὶ
2612 4450 2756 4507 πολὺ
2783 4450 3164 4519 στασιάζουσαν
3194 4447 3338 4504 οὕτω
3357 4449 3456 4518 τὴν
3487 4445 3650 4513 πόλιν
3674 4447 3831 4523 ᾆρᾷν,

422 4539 495 4594 ad
526 4538 648 4595 hac
676 4554 823 4595 verae
857 4537 1165 4610 religionis
1192 4538 1554 4594 incremento
1584 4538 1874 4610 invidens,
1906 4542 1979 4596 ad
2009 4559 2072 4599 se

2198 4528 2370 4604 ιλλως
2399 4539 2578 4596 τεκαὶ
2623 4544 2692 4614 τῇ
2741 4546 2842 4609 τῆς
2892 4533 3160 4601 εὐσεϐείας
3212 4528 3448 4594 ἐπιδόσει
3501 4536 3827 4614 βασκαίνων,

421 4627 668 4685 arcessit
697 4627 934 4684 beatum
957 4630 1336 4699 Clementem,
1365 4627 1671 4699 verbisque
1691 4632 1811 4685 tam
1843 4644 2080 4701 genero-

2198 4632 2307 4707 Ξίγει
2336 4630 2428 4687 τὸν
2470 4628 2730 4705 μακάρων
2760 4626 3053 4702 Κλήμεντα
3099 4627 3234 4703 πρὸς
3264 4628 3469 4699 ἑαυτὸν,
3515 4626 3606 4691 καὶ
3638 4624 3829 4701 λόγοις

1777 4798 2014 4858 VARIIE
2052 4801 2467 4864 LECTIONES.

488 4924 534 4958 ⁵⁸
560 4922 635 4978 al.
678 4923 841 4979 deest
874 4922 929 4978 in
963 4921 1037 4978 al.
1116 4924 1160 4957 ⁸⁵
1190 4923 1264 4979 al.
1301 4923 1463 4979 deest
1492 4921 1549 4977 in
1582 4922 1657 4977 al.
1735 4924 1779 4958 ⁵⁸
1809 4924 1883 4979 al.
1917 4922 2069 4984 Θεόν.

1798 5093 2179 5156 VARIORUM
2217 5095 2453 5153 NOTzE.

483 5234 594 5306 (21)
635 5236 749 5286 Τῶν
802 5231 1066 5310 ὀφφικίων
1115 5232 1313 5310 κόμης.
1345 5234 1598 5289 Historia
1645 5234 1905 5310 Ιιξιιίῐιει,Δ
1938 5238 2048 5310 Go-

406 5322 522 5360 mes
549 5307 856 5378 sacrarum,
887 5307 1097 5378 nempe
1126 5307 1524 5378 largitionum,
1559 5322 1683 5377 quae
1716 5311 1803 5362 est
1831 5307 1947 5363 alia
1972 5309 2052 5363 di-

407 5380 619 5450 gnitas.
669 5376 761 5450 Sic
806 5376 867 5431 in
907 5376 1149 5433 concilio
1210 5376 1497 5450 Ephesino
1549 5376 1907 5450 memoratur
1950 5380 2049 5435 Jo-

403 5446 631 5533 haunes
658 5446 838 5533 κόμης
885 5452 993 5501 τῶν
1022 5446 1272 5533 302199»).—
1307 5446 1641 5533 Ιξόμηςπξυν
1670 5448 2047 5533 Θείωντλαργιτ

399 5520 645 5590 τιώνων.
664 5519 773 5573 Lex
804 5525 996 5574 autem
1021 5519 1134 5577 3C.
1154 5522 1259 5575 Th.
1312 5519 1687 5590 de'metallis,
1711 5527 1798 5576 est
1825 5519 2045 5577 Juliani

399 5588 653 5663 Augusti
682 5591 753 5645 ad
788 5590 1064 5663 Ruﬁnum
1096 5594 1365 5663 comitem
1397 5588 1875 5651 Ol‘ﬁcioru‘mSed
1904 5597 2047 5650 tem-

398 5660 763 5738 poreNervae
796 5662 1170 5735 Imperatoris
1202 5662 1347 5720 nulli
1374 5667 1542 5719 erant
1570 5664 1812 5719 comites
1841 5663 2046 5738 hujus-

398 5732 581 5795 inodi.
607 5735 739 5794 Cor.

2231 5234 2966 5313 ᾼΙίιθΓᾉΤορκουτιανός
2999 5233 3487 5313 οἱᾷΤουρκιτιανός.
3521 5234 3726 5313 Latine
3748 5233 3814 5313 i_n

2160 5309 2224 5393 in
2237 5303 2516 5393 'Ed'itione
2550 5303 2877 5393 Ταξῄιιιξιίιιε
2908 5326 3009 5393 pro
3048 5303 3358 5393 Tarquitius
3383 5310 3503 5393 ,‘iipn
3525 5323 3637 5363 ms.

2160 5381 2360 5436 Vionis
2400 5378 2705 5436 Herovallii
2738 5378 3067 5451 Torquatus;
3104 5378 3173 5436 ut
3214 5380 3313 5436 sit
3339 5380 3428 5449 vel
3458 5378 3809 5450 Torquatial

2158 5470 2288 5508 nus.
2326 5453 2407 5507 vel
2442 5452 2878 5523 'l‘arquitianus.
2918 5453 2998 5508 lo.

2228 5525 2337 5596 (‘33)
2372 5520 2603 5597 Σωτῆρᾶ
2652 5523 2933 5597 Similiter
2979 5523 3139 5597 apud
3172 5520 3807 5597 _Theodoritum,_»Sejj-

2153 5590 2402 5655 momone
2438 5594 2505 5650 de
2539 5590 2883 5671 ἃηανιῃνὶριιδ
2910 5612 2930 5649 :
2959 5590 3222 5669 Ἡρακλέα
3251 5600 3471 5671 σωτῆρα
3502 5593 3591 5647 καὶ
3612 5590 3806 5662 ἀλεξί-

2152 5685 2313 5721 κακον
2347 5663 2769 5744 προσηγόρευον.
2795 5665 2876 5723 ID.
