  <div class='ocr_page' id='page_1' title='image "/cluster/home/n/w/nwhite01/storage/ocr_20150623/2/hvd.32044073501421/309.png"; bbox 0 0 4118 6340; ppageno 0'>
   <div class='ocr_carea' id='block_1_1' title="bbox 402 422 520 483">
    <p class='ocr_par' dir='ltr' id='par_1_1' title="bbox 402 422 520 483">
     <span class='ocr_line' id='line_1_1' title="bbox 402 422 520 483; baseline -0.017 0"><span class='ocrx_word' id='word_1_1' title='bbox 402 422 520 483; x_wconf 75' lang='grc'>595</span> 
     </span>
    </p>
   </div>
   <div class='ocr_carea' id='block_1_2' title="bbox 1228 417 2979 486">
    <p class='ocr_par' dir='ltr' id='par_1_2' title="bbox 1228 417 2979 486">
     <span class='ocr_line' id='line_1_2' title="bbox 1228 417 2979 486; baseline -0.002 0"><span class='ocrx_word' id='word_1_2' title='bbox 1228 422 1296 486; x_wconf 91' lang='lat' dir='ltr'>S.</span> <span class='ocrx_word' id='word_1_3' title='bbox 1340 420 1784 486; x_wconf 86' lang='lat' dir='ltr'>CLEMENTIS</span> <span class='ocrx_word' id='word_1_4' title='bbox 1828 421 1853 484; x_wconf 90' lang='grc' dir='ltr'><strong>Ι</strong></span> <span class='ocrx_word' id='word_1_5' title='bbox 1898 420 2090 485; x_wconf 83' lang='lat' dir='ltr'>ROM.</span> <span class='ocrx_word' id='word_1_6' title='bbox 2134 417 2368 484; x_wconf 87' lang='lat' dir='ltr'>PONT.</span> <span class='ocrx_word' id='word_1_7' title='bbox 2414 421 2676 484; x_wconf 84' lang='lat' dir='ltr'><strong>OPERA</strong></span> <span class='ocrx_word' id='word_1_8' title='bbox 2716 419 2979 486; x_wconf 82' lang='lat' dir='ltr'>DUBIA.</span> 
     </span>
    </p>
   </div>
   <div class='ocr_carea' id='block_1_3' title="bbox 3688 423 3823 486">
    <p class='ocr_par' dir='ltr' id='par_1_3' title="bbox 3688 423 3823 486">
     <span class='ocr_line' id='line_1_3' title="bbox 3688 423 3823 486; baseline 0.007 -1"><span class='ocrx_word' id='word_1_9' title='bbox 3688 423 3823 486; x_wconf 79' lang='lat'>596’</span> 
     </span>
    </p>
   </div>
   <div class='ocr_carea' id='block_1_4' title="bbox 406 546 2076 631">
    <p class='ocr_par' dir='ltr' id='par_1_4' title="bbox 406 552 2045 629">
     <span class='ocr_line' id='line_1_4' title="bbox 406 552 2045 629; baseline -0.002 -15"><span class='ocrx_word' id='word_1_10' title='bbox 406 556 672 614; x_wconf 88' lang='lat' dir='ltr'>omnium</span> <span class='ocrx_word' id='word_1_11' title='bbox 698 558 826 612; x_wconf 89' lang='lat' dir='ltr'>erat</span> <span class='ocrx_word' id='word_1_12' title='bbox 853 552 1292 629; x_wconf 84' lang='lat' dir='ltr'>gravissimum,</span> <span class='ocrx_word' id='word_1_13' title='bbox 1332 573 1494 628; x_wconf 69' lang='lat' dir='ltr'>aqum</span> <span class='ocrx_word' id='word_1_14' title='bbox 1537 554 1725 627; x_wconf 87' lang='lat' dir='ltr'>ipsius</span> <span class='ocrx_word' id='word_1_15' title='bbox 1777 554 2045 628; x_wconf 84' lang='lat' dir='ltr'>indigen-</span> 
     </span>
    </p>
   </div>
   <div class='ocr_carea' id='block_1_5' title="bbox 2188 546 3806 631">
    <p class='ocr_par' dir='ltr' id='par_1_5' title="bbox 2188 546 3806 631">
     <span class='ocr_line' id='line_1_5' title="bbox 2188 546 3806 631; baseline 0.003 -26"><span class='ocrx_word' id='word_1_16' title='bbox 2188 555 2267 606; x_wconf 76' lang='grc' dir='ltr'>’ὧν</span> <span class='ocrx_word' id='word_1_17' title='bbox 2308 549 2610 628; x_wconf 70' lang='grc' dir='ltr'>ἀναγκαίων</span> <span class='ocrx_word' id='word_1_18' title='bbox 2668 552 2768 621; x_wconf 81' lang='grc' dir='ltr'>τήν</span> <span class='ocrx_word' id='word_1_19' title='bbox 2816 548 3060 629; x_wconf 91' lang='grc' dir='ltr'>ἀπορίαν,</span> <span class='ocrx_word' id='word_1_20' title='bbox 3092 549 3202 626; x_wconf 75' lang='grc' dir='ltr'>καὶ,</span> <span class='ocrx_word' id='word_1_21' title='bbox 3235 552 3265 608; x_wconf 77' lang='grc' dir='ltr'>’ὸ</span> <span class='ocrx_word' id='word_1_22' title='bbox 3293 546 3508 609; x_wconf 85' lang='grc' dir='ltr'>πάντων</span> <span class='ocrx_word' id='word_1_23' title='bbox 3572 552 3806 631; x_wconf 85' lang='grc' dir='ltr'>βαρυτα-</span> 
     </span>
    </p>
   </div>
   <div class='ocr_carea' id='block_1_6' title="bbox 407 645 2050 719">
    <p class='ocr_par' dir='ltr' id='par_1_6' title="bbox 407 645 2050 719">
     <span class='ocr_line' id='line_1_6' title="bbox 407 645 2050 719; baseline -0.002 -17"><span class='ocrx_word' id='word_1_24' title='bbox 407 646 575 702; x_wconf 90' lang='lat' dir='ltr'>tiam.</span> <span class='ocrx_word' id='word_1_25' title='bbox 605 646 661 700; x_wconf 90' lang='lat' dir='ltr'>Si</span> <span class='ocrx_word' id='word_1_26' title='bbox 690 646 821 719; x_wconf 87' lang='lat' dir='ltr'>quis</span> <span class='ocrx_word' id='word_1_27' title='bbox 846 645 1022 713; x_wconf 88' lang='lat' dir='ltr'>enim,</span> <span class='ocrx_word' id='word_1_28' title='bbox 1066 646 1319 715; x_wconf 85' lang='lat' dir='ltr'>aiebant,</span> <span class='ocrx_word' id='word_1_29' title='bbox 1352 663 1455 718; x_wconf 90' lang='lat' dir='ltr'>per</span> <span class='ocrx_word' id='word_1_30' title='bbox 1484 649 1670 701; x_wconf 89' lang='lat' dir='ltr'>totum</span> <span class='ocrx_word' id='word_1_31' title='bbox 1700 645 1855 701; x_wconf 91' lang='lat' dir='ltr'>diem</span> <span class='ocrx_word' id='word_1_32' title='bbox 1879 661 2050 718; x_wconf 90' lang='lat' dir='ltr'>opere</span> 
     </span>
    </p>
   </div>
   <div class='ocr_carea' id='block_1_7' title="bbox 410 734 2053 806">
    <p class='ocr_par' dir='ltr' id='par_1_7' title="bbox 410 734 2053 806">
     <span class='ocr_line' id='line_1_7' title="bbox 410 734 2053 806; baseline -0.001 -15"><span class='ocrx_word' id='word_1_33' title='bbox 410 751 694 792; x_wconf 88' lang='lat' dir='ltr'>manuum</span> <span class='ocrx_word' id='word_1_34' title='bbox 722 740 781 790; x_wconf 92' lang='lat' dir='ltr'>et</span> <span class='ocrx_word' id='word_1_35' title='bbox 810 734 1005 790; x_wconf 89' lang='lat' dir='ltr'>labore</span> <span class='ocrx_word' id='word_1_36' title='bbox 1050 739 1399 803; x_wconf 84' lang='lat' dir='ltr'>maceratus,</span> <span class='ocrx_word' id='word_1_37' title='bbox 1456 752 1621 806; x_wconf 67' lang='lat' dir='ltr'>aqua;</span> <span class='ocrx_word' id='word_1_38' title='bbox 1668 738 1893 806; x_wconf 83' lang='lat' dir='ltr'>guttam</span> <span class='ocrx_word' id='word_1_39' title='bbox 1941 734 2053 790; x_wconf 83' lang='lat' dir='ltr'>exi-</span> 
     </span>
    </p>
   </div>
   <div class='ocr_carea' id='block_1_8' title="bbox 413 823 2053 898">
    <p class='ocr_par' dir='ltr' id='par_1_8' title="bbox 413 823 2053 898">
     <span class='ocr_line' id='line_1_8' title="bbox 413 823 2053 898; baseline 0 -19"><span class='ocrx_word' id='word_1_40' title='bbox 413 840 590 898; x_wconf 86' lang='lat' dir='ltr'>guam</span> <span class='ocrx_word' id='word_1_41' title='bbox 622 839 852 879; x_wconf 84' lang='lat' dir='ltr'><strong>sumere</strong></span> <span class='ocrx_word' id='word_1_42' title='bbox 880 823 1147 891; x_wconf 88' lang='lat' dir='ltr'>voluerit,</span> <span class='ocrx_word' id='word_1_43' title='bbox 1169 841 1283 895; x_wconf 90' lang='lat' dir='ltr'>quo</span> <span class='ocrx_word' id='word_1_44' title='bbox 1306 824 1601 879; x_wconf 87' lang='lat' dir='ltr'>miseriam</span> <span class='ocrx_word' id='word_1_45' title='bbox 1627 839 1695 878; x_wconf 83' lang='lat' dir='ltr'>ex</span> <span class='ocrx_word' id='word_1_46' title='bbox 1716 824 2053 895; x_wconf 82' lang='lat' dir='ltr'>fatigatione</span> 
     </span>
    </p>
   </div>
   <div class='ocr_carea' id='block_1_9' title="bbox 412 912 2051 985">
    <p class='ocr_par' dir='ltr' id='par_1_9' title="bbox 412 912 2051 985">
     <span class='ocr_line' id='line_1_9' title="bbox 412 912 2051 985; baseline -0.001 -16"><span class='ocrx_word' id='word_1_47' title='bbox 412 917 598 970; x_wconf 90' lang='lat' dir='ltr'>ortam</span> <span class='ocrx_word' id='word_1_48' title='bbox 631 912 927 979; x_wconf 85' lang='lat' dir='ltr'>sublevet;</span> <span class='ocrx_word' id='word_1_49' title='bbox 959 913 1009 968; x_wconf 88' lang='lat' dir='ltr'>is</span> <span class='ocrx_word' id='word_1_50' title='bbox 1040 930 1154 968; x_wconf 90' lang='lat' dir='ltr'>non</span> <span class='ocrx_word' id='word_1_51' title='bbox 1186 914 1382 968; x_wconf 90' lang='lat' dir='ltr'>minus</span> <span class='ocrx_word' id='word_1_52' title='bbox 1413 930 1589 985; x_wconf 87' lang='lat' dir='ltr'>quam</span> <span class='ocrx_word' id='word_1_53' title='bbox 1620 929 1806 983; x_wconf 89' lang='lat' dir='ltr'>usque</span> <span class='ocrx_word' id='word_1_54' title='bbox 1837 913 1907 967; x_wconf 88' lang='lat' dir='ltr'>ad</span> <span class='ocrx_word' id='word_1_55' title='bbox 1935 917 2051 967; x_wconf 86' lang='lat' dir='ltr'>sta-</span> 
     </span>
    </p>
   </div>
   <div class='ocr_carea' id='block_1_10' title="bbox 415 1002 2053 1074">
    <p class='ocr_par' dir='ltr' id='par_1_10' title="bbox 415 1002 2053 1074">
     <span class='ocr_line' id='line_1_10' title="bbox 415 1002 2053 1074; baseline -0.002 -16"><span class='ocrx_word' id='word_1_56' title='bbox 415 1002 511 1058; x_wconf 89' lang='lat' dir='ltr'>dia</span> <span class='ocrx_word' id='word_1_57' title='bbox 542 1002 801 1074; x_wconf 89' lang='lat' dir='ltr'>quinque</span> <span class='ocrx_word' id='word_1_58' title='bbox 832 1007 888 1056; x_wconf 91' lang='lat' dir='ltr'>et</span> <span class='ocrx_word' id='word_1_59' title='bbox 917 1002 1304 1074; x_wconf 78' lang='lat' dir='ltr'>quadraginta</span> <span class='ocrx_word' id='word_1_60' title='bbox 1330 1003 1643 1074; x_wconf 90' lang='lat' dir='ltr'>profectus,</span> <span class='ocrx_word' id='word_1_61' title='bbox 1676 1018 1888 1073; x_wconf 88' lang='lat' dir='ltr'>aquam</span> <span class='ocrx_word' id='word_1_62' title='bbox 1924 1018 2053 1073; x_wconf 91' lang='lat' dir='ltr'>por-</span> 
     </span>
    </p>
   </div>
   <div class='ocr_carea' id='block_1_11' title="bbox 417 1089 2054 1163">
    <p class='ocr_par' dir='ltr' id='par_1_11' title="bbox 417 1089 2054 1163">
     <span class='ocr_line' id='line_1_11' title="bbox 417 1089 2054 1163; baseline -0.001 -16"><span class='ocrx_word' id='word_1_63' title='bbox 417 1092 644 1148; x_wconf 86' lang='lat' dir='ltr'>taverit.</span> <span class='ocrx_word' id='word_1_64' title='bbox 679 1090 761 1146; x_wconf 92' lang='lat' dir='ltr'>Ob</span> <span class='ocrx_word' id='word_1_65' title='bbox 795 1091 916 1145; x_wconf 66' lang='lat' dir='ltr'>haec</span> <span class='ocrx_word' id='word_1_66' title='bbox 947 1090 1278 1161; x_wconf 80' lang='lat' dir='ltr'>patriarcha</span> <span class='ocrx_word' id='word_1_67' title='bbox 1302 1090 1591 1163; x_wconf 85' lang='lat' dir='ltr'>particeps</span> <span class='ocrx_word' id='word_1_68' title='bbox 1614 1107 1811 1145; x_wconf 90' lang='lat' dir='ltr'>eorum</span> <span class='ocrx_word' id='word_1_69' title='bbox 1837 1089 2054 1146; x_wconf 88' lang='lat' dir='ltr'>doloris</span> 
     </span>
    </p>
   </div>
   <div class='ocr_carea' id='block_1_12' title="bbox 419 1179 2058 1252">
    <p class='ocr_par' dir='ltr' id='par_1_12' title="bbox 419 1179 2058 1252">
     <span class='ocr_line' id='line_1_12' title="bbox 419 1179 2058 1252; baseline -0.002 -15"><span class='ocrx_word' id='word_1_70' title='bbox 419 1199 485 1237; x_wconf 89' lang='lat' dir='ltr'>ac</span> <span class='ocrx_word' id='word_1_71' title='bbox 516 1181 906 1252; x_wconf 83' lang='lat' dir='ltr'>lacrymarum</span> <span class='ocrx_word' id='word_1_72' title='bbox 941 1180 1149 1249; x_wconf 88' lang='lat' dir='ltr'>factus,</span> <span class='ocrx_word' id='word_1_73' title='bbox 1184 1180 1318 1235; x_wconf 89' lang='lat' dir='ltr'>dein</span> <span class='ocrx_word' id='word_1_74' title='bbox 1342 1184 1397 1234; x_wconf 91' lang='lat' dir='ltr'>et</span> <span class='ocrx_word' id='word_1_75' title='bbox 1431 1185 1540 1234; x_wconf 82' lang='lat' dir='ltr'>Deo</span> <span class='ocrx_word' id='word_1_76' title='bbox 1571 1179 1775 1250; x_wconf 87' lang='lat' dir='ltr'>gratiis</span> <span class='ocrx_word' id='word_1_77' title='bbox 1802 1179 1971 1245; x_wconf 83' lang='lat' dir='ltr'>actis,</span> <span class='ocrx_word' id='word_1_78' title='bbox 2003 1183 2058 1234; x_wconf 91' lang='lat' dir='ltr'>et</span> 
     </span>
    </p>
   </div>
   <div class='ocr_carea' id='block_1_13' title="bbox 419 1267 2057 1333">
    <p class='ocr_par' dir='ltr' id='par_1_13' title="bbox 419 1267 2057 1333">
     <span class='ocr_line' id='line_1_13' title="bbox 419 1267 2057 1333; baseline -0.003 -6"><span class='ocrx_word' id='word_1_79' title='bbox 419 1270 782 1327; x_wconf 82' lang='lat' dir='ltr'>sufﬁcienter</span> <span class='ocrx_word' id='word_1_80' title='bbox 812 1269 1037 1324; x_wconf 88' lang='lat' dir='ltr'>animos</span> <span class='ocrx_word' id='word_1_81' title='bbox 1090 1267 1325 1323; x_wconf 87' lang='lat' dir='ltr'>illorum</span> <span class='ocrx_word' id='word_1_82' title='bbox 1373 1268 1746 1324; x_wconf 86' lang='lat' dir='ltr'>consolatus:</span> <span class='ocrx_word' id='word_1_83' title='bbox 1783 1269 1906 1323; x_wconf 89' lang='lat' dir='ltr'>Non</span> <span class='ocrx_word' id='word_1_84' title='bbox 1956 1269 2057 1333; x_wconf 86' lang='lat' dir='ltr'>ita,</span> 
     </span>
    </p>
   </div>
   <div class='ocr_carea' id='block_1_14' title="bbox 420 1356 2061 1430">
    <p class='ocr_par' dir='ltr' id='par_1_14' title="bbox 420 1356 2061 1430">
     <span class='ocr_line' id='line_1_14' title="bbox 420 1356 2061 1430; baseline -0.002 -16"><span class='ocrx_word' id='word_1_85' title='bbox 420 1359 634 1430; x_wconf 88' lang='lat' dir='ltr'>inquit,</span> <span class='ocrx_word' id='word_1_86' title='bbox 667 1361 880 1413; x_wconf 87' lang='lat' dir='ltr'>temere</span> <span class='ocrx_word' id='word_1_87' title='bbox 910 1362 969 1412; x_wconf 89' lang='lat' dir='ltr'>et</span> <span class='ocrx_word' id='word_1_88' title='bbox 998 1358 1123 1412; x_wconf 89' lang='lat' dir='ltr'>sine</span> <span class='ocrx_word' id='word_1_89' title='bbox 1154 1374 1331 1411; x_wconf 90' lang='lat' dir='ltr'>causa</span> <span class='ocrx_word' id='word_1_90' title='bbox 1361 1356 1474 1412; x_wconf 89' lang='lat' dir='ltr'>huc</span> <span class='ocrx_word' id='word_1_91' title='bbox 1508 1374 1599 1412; x_wconf 91' lang='lat' dir='ltr'>me</span> <span class='ocrx_word' id='word_1_92' title='bbox 1625 1359 1773 1413; x_wconf 89' lang='lat' dir='ltr'>Deus</span> <span class='ocrx_word' id='word_1_93' title='bbox 1795 1356 2061 1428; x_wconf 87' lang='lat' dir='ltr'>permisit</span> 
     </span>
    </p>
   </div>
   <div class='ocr_carea' id='block_1_15' title="bbox 423 1445 2059 1519">
    <p class='ocr_par' dir='ltr' id='par_1_15' title="bbox 423 1445 2059 1519">
     <span class='ocr_line' id='line_1_15' title="bbox 423 1445 2059 1519; baseline -0.002 -15"><span class='ocrx_word' id='word_1_94' title='bbox 423 1446 625 1519; x_wconf 80' lang='lat' dir='ltr'>expelli</span> <span class='ocrx_word' id='word_1_95' title='bbox 650 1465 662 1514; x_wconf 88' lang='lat'><strong>;</strong></span> <span class='ocrx_word' id='word_1_96' title='bbox 697 1446 799 1502; x_wconf 90' lang='lat' dir='ltr'>sed</span> <span class='ocrx_word' id='word_1_97' title='bbox 832 1450 897 1500; x_wconf 89' lang='lat' dir='ltr'>ut</span> <span class='ocrx_word' id='word_1_98' title='bbox 926 1448 983 1501; x_wconf 90' lang='lat' dir='ltr'>et</span> <span class='ocrx_word' id='word_1_99' title='bbox 1012 1445 1206 1501; x_wconf 89' lang='lat' dir='ltr'>socius</span> <span class='ocrx_word' id='word_1_100' title='bbox 1237 1445 1349 1500; x_wconf 89' lang='lat' dir='ltr'>sim</span> <span class='ocrx_word' id='word_1_101' title='bbox 1379 1449 1703 1501; x_wconf 87' lang='lat' dir='ltr'>vestrarum</span> <span class='ocrx_word' id='word_1_102' title='bbox 1732 1446 2059 1517; x_wconf 88' lang='lat' dir='ltr'>perpessio-</span> 
     </span>
    </p>
   </div>
   <div class='ocr_carea' id='block_1_16' title="bbox 420 1534 2062 1606">
    <p class='ocr_par' dir='ltr' id='par_1_16' title="bbox 420 1534 2062 1606">
     <span class='ocr_line' id='line_1_16' title="bbox 420 1534 2062 1606; baseline 0 -15"><span class='ocrx_word' id='word_1_103' title='bbox 420 1553 583 1604; x_wconf 89' lang='lat' dir='ltr'>num,</span> <span class='ocrx_word' id='word_1_104' title='bbox 616 1540 673 1590; x_wconf 88' lang='lat' dir='ltr'>et</span> <span class='ocrx_word' id='word_1_105' title='bbox 710 1534 1005 1606; x_wconf 85' lang='lat' dir='ltr'>patientiae</span> <span class='ocrx_word' id='word_1_106' title='bbox 1058 1535 1305 1589; x_wconf 88' lang='lat' dir='ltr'>maxime</span> <span class='ocrx_word' id='word_1_107' title='bbox 1358 1551 1424 1589; x_wconf 89' lang='lat' dir='ltr'>ac</span> <span class='ocrx_word' id='word_1_108' title='bbox 1472 1534 1832 1591; x_wconf 85' lang='lat' dir='ltr'>tolerationis</span> <span class='ocrx_word' id='word_1_109' title='bbox 1879 1536 2062 1592; x_wconf 90' lang='lat' dir='ltr'>docu-</span> 
     </span>
    </p>
   </div>
   <div class='ocr_carea' id='block_1_17' title="bbox 426 1628 713 1681">
    <p class='ocr_par' dir='ltr' id='par_1_17' title="bbox 426 1628 713 1681">
     <span class='ocr_line' id='line_1_17' title="bbox 426 1628 713 1681; baseline -0.017 0"><span class='ocrx_word' id='word_1_110' title='bbox 426 1628 713 1681; x_wconf 87' lang='lat' dir='ltr'>mentum.</span> 
     </span>
    </p>
   </div>
   <div class='ocr_carea' id='block_1_18' title="bbox 498 1803 2068 1875">
    <p class='ocr_par' dir='ltr' id='par_1_18' title="bbox 498 1803 2068 1875">
     <span class='ocr_line' id='line_1_18' title="bbox 498 1803 2068 1875; baseline -0.001 -15"><span class='ocrx_word' id='word_1_111' title='bbox 498 1804 733 1860; x_wconf 86' lang='lat' dir='ltr'><strong>CLXIX.</strong></span> <span class='ocrx_word' id='word_1_112' title='bbox 785 1805 991 1859; x_wconf 87' lang='lat' dir='ltr'>Postea</span> <span class='ocrx_word' id='word_1_113' title='bbox 1034 1820 1165 1859; x_wconf 92' lang='lat' dir='ltr'>vero</span> <span class='ocrx_word' id='word_1_114' title='bbox 1217 1804 1285 1858; x_wconf 90' lang='lat' dir='ltr'>ad</span> <span class='ocrx_word' id='word_1_115' title='bbox 1338 1819 1536 1875; x_wconf 88' lang='lat' dir='ltr'>preces</span> <span class='ocrx_word' id='word_1_116' title='bbox 1586 1803 1956 1871; x_wconf 88' lang='lat' dir='ltr'>convertitur,</span> <span class='ocrx_word' id='word_1_117' title='bbox 2011 1807 2068 1859; x_wconf 90' lang='lat' dir='ltr'>et</span> 
     </span>
    </p>
   </div>
   <div class='ocr_carea' id='block_1_19' title="bbox 430 1892 2064 1959">
    <p class='ocr_par' dir='ltr' id='par_1_19' title="bbox 430 1892 2064 1959">
     <span class='ocr_line' id='line_1_19' title="bbox 430 1892 2064 1959; baseline -0.001 -10"><span class='ocrx_word' id='word_1_118' title='bbox 430 1911 566 1949; x_wconf 88' lang='lat' dir='ltr'>cum</span> <span class='ocrx_word' id='word_1_119' title='bbox 590 1893 674 1949; x_wconf 89' lang='lat' dir='ltr'>eis</span> <span class='ocrx_word' id='word_1_120' title='bbox 704 1896 829 1947; x_wconf 90' lang='lat' dir='ltr'>orat</span> <span class='ocrx_word' id='word_1_121' title='bbox 859 1897 1065 1959; x_wconf 91' lang='lat' dir='ltr'>Deum,</span> <span class='ocrx_word' id='word_1_122' title='bbox 1097 1896 1161 1946; x_wconf 89' lang='lat' dir='ltr'>ut</span> <span class='ocrx_word' id='word_1_123' title='bbox 1192 1892 1317 1947; x_wconf 91' lang='lat' dir='ltr'>suis</span> <span class='ocrx_word' id='word_1_124' title='bbox 1366 1892 1797 1948; x_wconf 87' lang='lat' dir='ltr'>confessoribus</span> <span class='ocrx_word' id='word_1_125' title='bbox 1852 1894 2064 1948; x_wconf 87' lang='lat' dir='ltr'>fontem</span> 
     </span>
    </p>
   </div>
   <div class='ocr_carea' id='block_1_20' title="bbox 431 1980 2065 2054">
    <p class='ocr_par' dir='ltr' id='par_1_20' title="bbox 431 1980 2065 2054">
     <span class='ocr_line' id='line_1_20' title="bbox 431 1980 2065 2054; baseline -0.002 -16"><span class='ocrx_word' id='word_1_126' title='bbox 431 1999 595 2054; x_wconf 68' lang='lat' dir='ltr'>aqua:</span> <span class='ocrx_word' id='word_1_127' title='bbox 628 1981 850 2053; x_wconf 86' lang='lat' dir='ltr'>aperiat</span> <span class='ocrx_word' id='word_1_128' title='bbox 877 1999 890 2036; x_wconf 91' lang='lat'>:</span> <span class='ocrx_word' id='word_1_129' title='bbox 926 1980 1138 2051; x_wconf 91' lang='lat' dir='ltr'>quippe</span> <span class='ocrx_word' id='word_1_130' title='bbox 1169 1980 1459 2052; x_wconf 89' lang='lat' dir='ltr'>percussit</span> <span class='ocrx_word' id='word_1_131' title='bbox 1484 1984 1706 2051; x_wconf 87' lang='lat' dir='ltr'>petram</span> <span class='ocrx_word' id='word_1_132' title='bbox 1730 1980 1790 2034; x_wconf 91' lang='lat' dir='ltr'>in</span> <span class='ocrx_word' id='word_1_133' title='bbox 1817 1980 2065 2045; x_wconf 88' lang='lat' dir='ltr'>deserto,</span> 
     </span>
    </p>
   </div>
   <div class='ocr_carea' id='block_1_21' title="bbox 433 2067 2070 2140">
    <p class='ocr_par' dir='ltr' id='par_1_21' title="bbox 433 2067 2070 2140">
     <span class='ocr_line' id='line_1_21' title="bbox 433 2067 2070 2140; baseline -0.002 -15"><span class='ocrx_word' id='word_1_134' title='bbox 433 2075 489 2126; x_wconf 90' lang='lat' dir='ltr'>et</span> <span class='ocrx_word' id='word_1_135' title='bbox 532 2070 825 2125; x_wconf 81' lang='lat' dir='ltr'>ﬂuxerunt</span> <span class='ocrx_word' id='word_1_136' title='bbox 883 2085 1050 2140; x_wconf 73' lang='lat' dir='ltr'>aquae</span> <span class='ocrx_word' id='word_1_137' title='bbox 1104 2069 1170 2137; x_wconf 71' lang='grc' dir='ltr'>⁵ο,</span> <span class='ocrx_word' id='word_1_138' title='bbox 1227 2069 1353 2140; x_wconf 90' lang='lat' dir='ltr'>ipse</span> <span class='ocrx_word' id='word_1_139' title='bbox 1400 2067 1575 2123; x_wconf 84' lang='lat' dir='ltr'>etiam</span> <span class='ocrx_word' id='word_1_140' title='bbox 1637 2067 1720 2123; x_wconf 90' lang='lat' dir='ltr'>eis</span> <span class='ocrx_word' id='word_1_141' title='bbox 1776 2068 2070 2140; x_wconf 88' lang='lat' dir='ltr'>cepiosam</span> 
     </span>
    </p>
   </div>
   <div class='ocr_carea' id='block_1_22' title="bbox 434 2156 2072 2231">
    <p class='ocr_par' dir='ltr' id='par_1_22' title="bbox 434 2156 2072 2231">
     <span class='ocr_line' id='line_1_22' title="bbox 434 2156 2072 2231; baseline -0.002 -15"><span class='ocrx_word' id='word_1_142' title='bbox 434 2176 648 2231; x_wconf 89' lang='lat' dir='ltr'>aquam</span> <span class='ocrx_word' id='word_1_143' title='bbox 665 2159 1153 2231; x_wconf 80' lang='lat' dir='ltr'>suppeditatJam</span> <span class='ocrx_word' id='word_1_144' title='bbox 1176 2158 1333 2212; x_wconf 91' lang='lat' dir='ltr'>enim</span> <span class='ocrx_word' id='word_1_145' title='bbox 1357 2157 1632 2212; x_wconf 89' lang='lat' dir='ltr'>omnibus</span> <span class='ocrx_word' id='word_1_146' title='bbox 1656 2156 2072 2228; x_wconf 88' lang='lat' dir='ltr'>precationiin-</span> 
     </span>
    </p>
   </div>
   <div class='ocr_carea' id='block_1_23' title="bbox 438 2244 2074 2319">
    <p class='ocr_par' dir='ltr' id='par_1_23' title="bbox 438 2244 2074 2319">
     <span class='ocr_line' id='line_1_23' title="bbox 438 2244 2074 2319; baseline -0.002 -14"><span class='ocrx_word' id='word_1_147' title='bbox 438 2248 805 2315; x_wconf 86' lang='lat' dir='ltr'>sistentibus,</span> <span class='ocrx_word' id='word_1_148' title='bbox 834 2246 1167 2319; x_wconf 87' lang='lat' dir='ltr'>patriarcha</span> <span class='ocrx_word' id='word_1_149' title='bbox 1221 2246 1337 2301; x_wconf 92' lang='lat' dir='ltr'>huc</span> <span class='ocrx_word' id='word_1_150' title='bbox 1368 2262 1516 2317; x_wconf 87' lang='lat' dir='ltr'>aque</span> <span class='ocrx_word' id='word_1_151' title='bbox 1547 2244 1685 2300; x_wconf 89' lang='lat' dir='ltr'>illuc</span> <span class='ocrx_word' id='word_1_152' title='bbox 1734 2245 2074 2318; x_wconf 87' lang='lat' dir='ltr'>respiciens,</span> 
     </span>
    </p>
   </div>
   <div class='ocr_carea' id='block_1_24' title="bbox 441 2332 2079 2411">
    <p class='ocr_par' dir='ltr' id='par_1_24' title="bbox 441 2332 2079 2411">
     <span class='ocr_line' id='line_1_24' title="bbox 441 2332 2079 2411; baseline -0.003 -17"><span class='ocrx_word' id='word_1_153' title='bbox 441 2355 659 2411; x_wconf 88' lang='lat' dir='ltr'>agnum</span> <span class='ocrx_word' id='word_1_154' title='bbox 692 2337 850 2393; x_wconf 89' lang='lat' dir='ltr'>videt</span> <span class='ocrx_word' id='word_1_155' title='bbox 880 2336 981 2407; x_wconf 88' lang='lat' dir='ltr'>qui</span> <span class='ocrx_word' id='word_1_156' title='bbox 1006 2336 1272 2391; x_wconf 81' lang='lat' dir='ltr'>dextrum</span> <span class='ocrx_word' id='word_1_157' title='bbox 1304 2336 1513 2407; x_wconf 88' lang='lat' dir='ltr'>pedem</span> <span class='ocrx_word' id='word_1_158' title='bbox 1546 2332 1866 2401; x_wconf 84' lang='lat' dir='ltr'>attollebat,</span> <span class='ocrx_word' id='word_1_159' title='bbox 1895 2351 2079 2406; x_wconf 91' lang='lat' dir='ltr'>eoque</span> 
     </span>
    </p>
   </div>
   <div class='ocr_carea' id='block_1_25' title="bbox 444 2422 2080 2499">
    <p class='ocr_par' dir='ltr' id='par_1_25' title="bbox 444 2422 2080 2499">
     <span class='ocr_line' id='line_1_25' title="bbox 444 2422 2080 2499; baseline -0.002 -18"><span class='ocrx_word' id='word_1_160' title='bbox 444 2427 612 2499; x_wconf 88' lang='lat' dir='ltr'>quasi</span> <span class='ocrx_word' id='word_1_161' title='bbox 647 2426 994 2482; x_wconf 87' lang='lat' dir='ltr'>ostendebat</span> <span class='ocrx_word' id='word_1_162' title='bbox 1038 2426 1369 2495; x_wconf 87' lang='lat' dir='ltr'>subjectum</span> <span class='ocrx_word' id='word_1_163' title='bbox 1401 2424 1626 2480; x_wconf 89' lang='lat' dir='ltr'>solum:</span> <span class='ocrx_word' id='word_1_164' title='bbox 1654 2441 1687 2478; x_wconf 92' lang='lat' dir='ltr'>a</span> <span class='ocrx_word' id='word_1_165' title='bbox 1717 2422 1877 2479; x_wconf 88' lang='lat' dir='ltr'>nullo</span> <span class='ocrx_word' id='word_1_166' title='bbox 1924 2423 2080 2479; x_wconf 89' lang='lat' dir='ltr'>enim</span> 
     </span>
    </p>
   </div>
   <div class='ocr_carea' id='block_1_26' title="bbox 448 2512 2084 2589">
    <p class='ocr_par' dir='ltr' id='par_1_26' title="bbox 448 2512 2084 2589">
     <span class='ocr_line' id='line_1_26' title="bbox 448 2512 2084 2589; baseline -0.002 -18"><span class='ocrx_word' id='word_1_167' title='bbox 448 2517 561 2573; x_wconf 90' lang='lat' dir='ltr'>alio</span> <span class='ocrx_word' id='word_1_168' title='bbox 597 2532 786 2589; x_wconf 85' lang='lat' dir='ltr'>agnus</span> <span class='ocrx_word' id='word_1_169' title='bbox 814 2516 977 2570; x_wconf 87' lang='lat' dir='ltr'>visus</span> <span class='ocrx_word' id='word_1_170' title='bbox 999 2519 1110 2569; x_wconf 88' lang='lat' dir='ltr'>est.</span> <span class='ocrx_word' id='word_1_171' title='bbox 1134 2518 1278 2569; x_wconf 90' lang='lat' dir='ltr'>Tum</span> <span class='ocrx_word' id='word_1_172' title='bbox 1302 2513 1634 2585; x_wconf 87' lang='lat' dir='ltr'>patriarcha</span> <span class='ocrx_word' id='word_1_173' title='bbox 1655 2512 1930 2583; x_wconf 88' lang='lat' dir='ltr'>conjectis</span> <span class='ocrx_word' id='word_1_174' title='bbox 1953 2530 2084 2568; x_wconf 90' lang='lat' dir='ltr'>ocu-</span> 
     </span>
    </p>
   </div>
   <div class='ocr_carea' id='block_1_27' title="bbox 447 2601 2107 2676">
    <p class='ocr_par' dir='ltr' id='par_1_27' title="bbox 447 2601 2107 2676">
     <span class='ocr_line' id='line_1_27' title="bbox 447 2601 2107 2676; baseline -0.005 -15"><span class='ocrx_word' id='word_1_175' title='bbox 447 2606 541 2676; x_wconf 85' lang='lat' dir='ltr'>lis,</span> <span class='ocrx_word' id='word_1_176' title='bbox 574 2606 646 2660; x_wconf 93' lang='lat' dir='ltr'>ad</span> <span class='ocrx_word' id='word_1_177' title='bbox 678 2604 869 2659; x_wconf 91' lang='lat' dir='ltr'>locum</span> <span class='ocrx_word' id='word_1_178' title='bbox 904 2607 1296 2659; x_wconf 88' lang='lat' dir='ltr'>monstratum</span> <span class='ocrx_word' id='word_1_179' title='bbox 1330 2619 1463 2656; x_wconf 91' lang='lat' dir='ltr'>cum</span> <span class='ocrx_word' id='word_1_180' title='bbox 1494 2601 1567 2656; x_wconf 89' lang='lat' dir='ltr'>iis</span> <span class='ocrx_word' id='word_1_181' title='bbox 1592 2602 1693 2672; x_wconf 90' lang='lat' dir='ltr'>qui</span> <span class='ocrx_word' id='word_1_182' title='bbox 1724 2602 1967 2657; x_wconf 88' lang='lat' dir='ltr'>aderant</span> <span class='ocrx_word' id='word_1_183' title='bbox 1990 2618 2107 2656; x_wconf 83' lang='lat' dir='ltr'>ac-.</span> 
     </span>
    </p>
   </div>
   <div class='ocr_carea' id='block_1_28' title="bbox 447 2689 2081 2762">
    <p class='ocr_par' dir='ltr' id='par_1_28' title="bbox 447 2689 2081 2762">
     <span class='ocr_line' id='line_1_28' title="bbox 447 2689 2081 2762; baseline -0.004 -12"><span class='ocrx_word' id='word_1_184' title='bbox 447 2695 619 2762; x_wconf 88' lang='lat' dir='ltr'>cedit,</span> <span class='ocrx_word' id='word_1_185' title='bbox 653 2697 709 2749; x_wconf 90' lang='lat' dir='ltr'>et</span> <span class='ocrx_word' id='word_1_186' title='bbox 732 2694 814 2748; x_wconf 87' lang='lat' dir='ltr'>ait</span> <span class='ocrx_word' id='word_1_187' title='bbox 839 2710 852 2747; x_wconf 86' lang='lat'><strong>:</strong></span> <span class='ocrx_word' id='word_1_188' title='bbox 880 2693 941 2748; x_wconf 88' lang='lat' dir='ltr'>In</span> <span class='ocrx_word' id='word_1_189' title='bbox 974 2692 1211 2747; x_wconf 87' lang='lat' dir='ltr'>nomine</span> <span class='ocrx_word' id='word_1_190' title='bbox 1233 2690 1466 2746; x_wconf 91' lang='lat' dir='ltr'>Domini</span> <span class='ocrx_word' id='word_1_191' title='bbox 1488 2690 1672 2745; x_wconf 90' lang='lat' dir='ltr'>nostri</span> <span class='ocrx_word' id='word_1_192' title='bbox 1692 2689 1828 2745; x_wconf 90' lang='lat' dir='ltr'>Jesu</span> <span class='ocrx_word' id='word_1_193' title='bbox 1848 2689 2081 2758; x_wconf 87' lang='lat' dir='ltr'>Christi,</span> 
     </span>
    </p>
   </div>
   <div class='ocr_carea' id='block_1_29' title="bbox 445 2778 2083 2851">
    <p class='ocr_par' dir='ltr' id='par_1_29' title="bbox 445 2778 2083 2851">
     <span class='ocr_line' id='line_1_29' title="bbox 445 2778 2083 2851; baseline -0.003 -12"><span class='ocrx_word' id='word_1_194' title='bbox 445 2783 540 2839; x_wconf 91' lang='lat' dir='ltr'>hic</span> <span class='ocrx_word' id='word_1_195' title='bbox 575 2781 740 2849; x_wconf 91' lang='lat' dir='ltr'>mihi,</span> <span class='ocrx_word' id='word_1_196' title='bbox 772 2781 902 2848; x_wconf 86' lang='lat' dir='ltr'>ﬁlii,</span> <span class='ocrx_word' id='word_1_197' title='bbox 932 2781 1129 2836; x_wconf 88' lang='lat' dir='ltr'>fodite.</span> <span class='ocrx_word' id='word_1_198' title='bbox 1156 2780 1414 2851; x_wconf 88' lang='lat' dir='ltr'>Cumque</span> <span class='ocrx_word' id='word_1_199' title='bbox 1435 2782 1559 2833; x_wconf 89' lang='lat' dir='ltr'>tum</span> <span class='ocrx_word' id='word_1_200' title='bbox 1586 2778 1781 2851; x_wconf 89' lang='lat' dir='ltr'>ipsum</span> <span class='ocrx_word' id='word_1_201' title='bbox 1804 2778 1997 2834; x_wconf 90' lang='lat' dir='ltr'>locum</span> <span class='ocrx_word' id='word_1_202' title='bbox 2022 2778 2083 2834; x_wconf 94' lang='lat' dir='ltr'>in</span> 
     </span>
    </p>
   </div>
   <div class='ocr_carea' id='block_1_30' title="bbox 447 2868 2084 2944">
    <p class='ocr_par' dir='ltr' id='par_1_30' title="bbox 447 2868 2084 2944">
     <span class='ocr_line' id='line_1_30' title="bbox 447 2868 2084 2944; baseline -0.002 -17"><span class='ocrx_word' id='word_1_203' title='bbox 447 2890 565 2944; x_wconf 89' lang='lat' dir='ltr'>quo</span> <span class='ocrx_word' id='word_1_204' title='bbox 597 2888 786 2943; x_wconf 89' lang='lat' dir='ltr'>agnus</span> <span class='ocrx_word' id='word_1_205' title='bbox 819 2871 1034 2937; x_wconf 83' lang='lat' dir='ltr'>stabat,</span> <span class='ocrx_word' id='word_1_206' title='bbox 1066 2874 1193 2924; x_wconf 92' lang='lat' dir='ltr'>tum</span> <span class='ocrx_word' id='word_1_207' title='bbox 1218 2868 1495 2940; x_wconf 88' lang='lat' dir='ltr'>quidquid</span> <span class='ocrx_word' id='word_1_208' title='bbox 1524 2868 1744 2923; x_wconf 89' lang='lat' dir='ltr'>circum</span> <span class='ocrx_word' id='word_1_209' title='bbox 1767 2872 1890 2922; x_wconf 87' lang='lat' dir='ltr'>erat</span> <span class='ocrx_word' id='word_1_210' title='bbox 1909 2868 2084 2923; x_wconf 87' lang='lat' dir='ltr'>fodis-</span> 
     </span>
    </p>
   </div>
   <div class='ocr_carea' id='block_1_31' title="bbox 444 2955 2083 3030">
    <p class='ocr_par' dir='ltr' id='par_1_31' title="bbox 444 2955 2083 3030">
     <span class='ocr_line' id='line_1_31' title="bbox 444 2955 2083 3030; baseline -0.003 -14"><span class='ocrx_word' id='word_1_211' title='bbox 444 2965 595 3023; x_wconf 85' lang='lat' dir='ltr'>sent,</span> <span class='ocrx_word' id='word_1_212' title='bbox 649 2958 999 3030; x_wconf 88' lang='lat' dir='ltr'>patriarcha,</span> <span class='ocrx_word' id='word_1_213' title='bbox 1049 2961 1284 3029; x_wconf 87' lang='lat' dir='ltr'>sumpto</span> <span class='ocrx_word' id='word_1_214' title='bbox 1329 2955 1579 3028; x_wconf 88' lang='lat' dir='ltr'>sarculo,</span> <span class='ocrx_word' id='word_1_215' title='bbox 1648 2955 1842 3012; x_wconf 90' lang='lat' dir='ltr'>locum</span> <span class='ocrx_word' id='word_1_216' title='bbox 1909 2973 2083 3029; x_wconf 90' lang='lat' dir='ltr'>quem</span> 
     </span>
    </p>
   </div>
   <div class='ocr_carea' id='block_1_32' title="bbox 442 3044 2081 3122">
    <p class='ocr_par' dir='ltr' id='par_1_32' title="bbox 442 3044 2081 3122">
     <span class='ocr_line' id='line_1_32' title="bbox 442 3044 2081 3122; baseline -0.004 -17"><span class='ocrx_word' id='word_1_217' title='bbox 442 3066 634 3122; x_wconf 88' lang='lat' dir='ltr'>agnus</span> <span class='ocrx_word' id='word_1_218' title='bbox 660 3047 1024 3117; x_wconf 87' lang='lat' dir='ltr'>ostendebat,</span> <span class='ocrx_word' id='word_1_219' title='bbox 1042 3046 1153 3102; x_wconf 89' lang='lat' dir='ltr'>levi</span> <span class='ocrx_word' id='word_1_220' title='bbox 1175 3050 1232 3102; x_wconf 89' lang='lat' dir='ltr'>et</span> <span class='ocrx_word' id='word_1_221' title='bbox 1249 3046 1319 3101; x_wconf 91' lang='lat' dir='ltr'>ad</span> <span class='ocrx_word' id='word_1_222' title='bbox 1335 3044 1698 3117; x_wconf 86' lang='lat' dir='ltr'>superficiem</span> <span class='ocrx_word' id='word_1_223' title='bbox 1717 3044 1834 3100; x_wconf 89' lang='lat' dir='ltr'>ictu</span> <span class='ocrx_word' id='word_1_224' title='bbox 1854 3044 2081 3117; x_wconf 85' lang='lat' dir='ltr'>pulsat;</span> 
     </span>
    </p>
   </div>
   <div class='ocr_carea' id='block_1_33' title="bbox 444 3133 2083 3207">
    <p class='ocr_par' dir='ltr' id='par_1_33' title="bbox 444 3133 2083 3207">
     <span class='ocr_line' id='line_1_33' title="bbox 444 3133 2083 3207; baseline -0.004 -13"><span class='ocrx_word' id='word_1_225' title='bbox 444 3138 869 3207; x_wconf 81' lang='lat' dir='ltr'>confestimque</span> <span class='ocrx_word' id='word_1_226' title='bbox 900 3140 1053 3190; x_wconf 87' lang='lat' dir='ltr'>terra</span> <span class='ocrx_word' id='word_1_227' title='bbox 1086 3134 1297 3189; x_wconf 88' lang='lat' dir='ltr'>emittit</span> <span class='ocrx_word' id='word_1_228' title='bbox 1325 3133 1631 3204; x_wconf 88' lang='lat' dir='ltr'>limpidam</span> <span class='ocrx_word' id='word_1_229' title='bbox 1664 3150 1876 3205; x_wconf 88' lang='lat' dir='ltr'>aquam</span> <span class='ocrx_word' id='word_1_230' title='bbox 1929 3138 1987 3188; x_wconf 86' lang='lat' dir='ltr'>et</span> <span class='ocrx_word' id='word_1_231' title='bbox 2012 3134 2083 3188; x_wconf 93' lang='lat' dir='ltr'>ad</span> 
     </span>
    </p>
   </div>
   <div class='ocr_carea' id='block_1_34' title="bbox 441 3222 2085 3295">
    <p class='ocr_par' dir='ltr' id='par_1_34' title="bbox 441 3222 2085 3295">
     <span class='ocr_line' id='line_1_34' title="bbox 441 3222 2085 3295; baseline -0.004 -13"><span class='ocrx_word' id='word_1_232' title='bbox 441 3227 764 3282; x_wconf 90' lang='lat' dir='ltr'>bibendum</span> <span class='ocrx_word' id='word_1_233' title='bbox 796 3240 1053 3290; x_wconf 87' lang='lat' dir='ltr'>suavem,</span> <span class='ocrx_word' id='word_1_234' title='bbox 1083 3231 1257 3294; x_wconf 86' lang='lat' dir='ltr'>atque</span> <span class='ocrx_word' id='word_1_235' title='bbox 1286 3239 1353 3278; x_wconf 85' lang='lat' dir='ltr'>ea</span> <span class='ocrx_word' id='word_1_236' title='bbox 1381 3238 1516 3277; x_wconf 93' lang='lat' dir='ltr'>cum</span> <span class='ocrx_word' id='word_1_237' title='bbox 1538 3222 1759 3295; x_wconf 91' lang='lat' dir='ltr'>impetu</span> <span class='ocrx_word' id='word_1_238' title='bbox 1782 3223 1966 3277; x_wconf 77' lang='lat' dir='ltr'>effusa</span> <span class='ocrx_word' id='word_1_239' title='bbox 1983 3222 2085 3277; x_wconf 86' lang='lat' dir='ltr'>ﬂu-</span> 
     </span>
    </p>
   </div>
   <div class='ocr_carea' id='block_1_35' title="bbox 444 3311 2081 3388">
    <p class='ocr_par' dir='ltr' id='par_1_35' title="bbox 444 3311 2081 3388">
     <span class='ocr_line' id='line_1_35' title="bbox 444 3311 2081 3388; baseline -0.002 -17"><span class='ocrx_word' id='word_1_240' title='bbox 444 3333 577 3371; x_wconf 91' lang='lat' dir='ltr'>men</span> <span class='ocrx_word' id='word_1_241' title='bbox 607 3314 977 3388; x_wconf 89' lang='lat' dir='ltr'>repentinum</span> <span class='ocrx_word' id='word_1_242' title='bbox 1000 3312 1194 3368; x_wconf 84' lang='lat' dir='ltr'>efﬁcit.</span> <span class='ocrx_word' id='word_1_243' title='bbox 1221 3311 1513 3367; x_wconf 89' lang='lat' dir='ltr'>Universis</span> <span class='ocrx_word' id='word_1_244' title='bbox 1534 3327 1691 3383; x_wconf 88' lang='lat' dir='ltr'>ergo,</span> <span class='ocrx_word' id='word_1_245' title='bbox 1710 3328 1871 3382; x_wconf 71' lang='lat' dir='ltr'>aquae</span> <span class='ocrx_word' id='word_1_246' title='bbox 1903 3328 2081 3367; x_wconf 89' lang='lat' dir='ltr'>causa</span> 
     </span>
    </p>
   </div>
   <div class='ocr_carea' id='block_1_36' title="bbox 445 3400 2084 3478">
    <p class='ocr_par' dir='ltr' id='par_1_36' title="bbox 445 3400 2084 3478">
     <span class='ocr_line' id='line_1_36' title="bbox 445 3400 2084 3478; baseline -0.002 -18"><span class='ocrx_word' id='word_1_247' title='bbox 445 3404 859 3478; x_wconf 82' lang='lat' dir='ltr'>gaudentibus,</span> <span class='ocrx_word' id='word_1_248' title='bbox 908 3401 1241 3474; x_wconf 88' lang='lat' dir='ltr'>patriarcha</span> <span class='ocrx_word' id='word_1_249' title='bbox 1289 3400 1467 3457; x_wconf 87' lang='lat' dir='ltr'>dixit:</span> <span class='ocrx_word' id='word_1_250' title='bbox 1519 3402 1792 3457; x_wconf 68' lang='lat' dir='ltr'>Fluminis</span> <span class='ocrx_word' id='word_1_251' title='bbox 1852 3402 2084 3473; x_wconf 80' lang='lat' dir='ltr'>impetus</span> 
     </span>
    </p>
   </div>
   <div class='ocr_carea' id='block_1_37' title="bbox 449 3492 1303 3565">
    <p class='ocr_par' dir='ltr' id='par_1_37' title="bbox 449 3492 1303 3565">
     <span class='ocr_line' id='line_1_37' title="bbox 449 3492 1303 3565; baseline -0.004 -17"><span class='ocrx_word' id='word_1_252' title='bbox 449 3494 701 3565; x_wconf 70' lang='lat' dir='ltr'>laetiﬁcat</span> <span class='ocrx_word' id='word_1_253' title='bbox 730 3493 1017 3548; x_wconf 78' lang='lat' dir='ltr'>civitatem</span> <span class='ocrx_word' id='word_1_254' title='bbox 1045 3492 1143 3546; x_wconf 78' lang='lat' dir='ltr'>Dei</span> <span class='ocrx_word' id='word_1_255' title='bbox 1160 3492 1303 3545; x_wconf 73' lang='grc' dir='ltr'>δί’-⁸⁸.</span> 
     </span>
    </p>
   </div>
   <div class='ocr_carea' id='block_1_38' title="bbox 520 3758 2088 3827">
    <p class='ocr_par' dir='ltr' id='par_1_38' title="bbox 520 3758 2088 3827">
     <span class='ocr_line' id='line_1_38' title="bbox 520 3758 2088 3827; baseline -0.001 -11"><span class='ocrx_word' id='word_1_256' title='bbox 520 3760 728 3817; x_wconf 86' lang='lat' dir='ltr'>CLXX.</span> <span class='ocrx_word' id='word_1_257' title='bbox 768 3759 915 3814; x_wconf 88' lang='lat' dir='ltr'>Hinc</span> <span class='ocrx_word' id='word_1_258' title='bbox 946 3762 1070 3814; x_wconf 88' lang='lat' dir='ltr'>tota</span> <span class='ocrx_word' id='word_1_259' title='bbox 1100 3759 1169 3813; x_wconf 91' lang='lat' dir='ltr'>ad</span> <span class='ocrx_word' id='word_1_260' title='bbox 1202 3774 1336 3813; x_wconf 91' lang='lat' dir='ltr'>eum</span> <span class='ocrx_word' id='word_1_261' title='bbox 1380 3758 1706 3814; x_wconf 88' lang='lat' dir='ltr'>conﬂuebat</span> <span class='ocrx_word' id='word_1_262' title='bbox 1750 3758 1976 3827; x_wconf 88' lang='lat' dir='ltr'>civitas,</span> <span class='ocrx_word' id='word_1_263' title='bbox 2033 3764 2088 3815; x_wconf 90' lang='lat' dir='ltr'>et</span> 
     </span>
    </p>
   </div>
   <div class='ocr_carea' id='block_1_39' title="bbox 449 3846 2087 3923">
    <p class='ocr_par' dir='ltr' id='par_1_39' title="bbox 449 3846 2087 3923">
     <span class='ocr_line' id='line_1_39' title="bbox 449 3846 2087 3923; baseline -0.001 -17"><span class='ocrx_word' id='word_1_264' title='bbox 449 3849 733 3923; x_wconf 84' lang='lat' dir='ltr'>spiritalis</span> <span class='ocrx_word' id='word_1_265' title='bbox 765 3847 925 3904; x_wconf 90' lang='lat' dir='ltr'>illius</span> <span class='ocrx_word' id='word_1_266' title='bbox 954 3846 1227 3903; x_wconf 66' lang='lat' dir='ltr'>doctrina;</span> <span class='ocrx_word' id='word_1_267' title='bbox 1257 3846 1562 3901; x_wconf 90' lang='lat' dir='ltr'>dulcedine</span> <span class='ocrx_word' id='word_1_268' title='bbox 1585 3847 1651 3901; x_wconf 91' lang='lat' dir='ltr'>ad</span> <span class='ocrx_word' id='word_1_269' title='bbox 1681 3863 1878 3902; x_wconf 89' lang='lat' dir='ltr'>veram</span> <span class='ocrx_word' id='word_1_270' title='bbox 1911 3848 2087 3904; x_wconf 85' lang='lat' dir='ltr'>fidem</span> 
     </span>
    </p>
   </div>
   <div class='ocr_carea' id='block_1_40' title="bbox 446 3935 2085 4008">
    <p class='ocr_par' dir='ltr' id='par_1_40' title="bbox 446 3935 2085 4008">
     <span class='ocr_line' id='line_1_40' title="bbox 446 3935 2085 4008; baseline -0.001 -15"><span class='ocrx_word' id='word_1_271' title='bbox 446 3942 688 3993; x_wconf 86' lang='lat' dir='ltr'>cunctos</span> <span class='ocrx_word' id='word_1_272' title='bbox 718 3936 1091 4008; x_wconf 88' lang='lat' dir='ltr'>impellebat;</span> <span class='ocrx_word' id='word_1_273' title='bbox 1136 3940 1201 3991; x_wconf 90' lang='lat' dir='ltr'>ut</span> <span class='ocrx_word' id='word_1_274' title='bbox 1229 3939 1285 3990; x_wconf 89' lang='lat' dir='ltr'>et</span> <span class='ocrx_word' id='word_1_275' title='bbox 1323 3935 1494 3989; x_wconf 87' lang='lat' dir='ltr'>multi</span> <span class='ocrx_word' id='word_1_276' title='bbox 1518 3935 1776 4006; x_wconf 86' lang='lat' dir='ltr'>quotidie</span> <span class='ocrx_word' id='word_1_277' title='bbox 1820 3936 2085 4008; x_wconf 87' lang='lat' dir='ltr'>baptiza-</span> 
     </span>
    </p>
   </div>
   <div class='ocr_carea' id='block_1_41' title="bbox 446 4023 2085 4095">
    <p class='ocr_par' dir='ltr' id='par_1_41' title="bbox 446 4023 2085 4095">
     <span class='ocr_line' id='line_1_41' title="bbox 446 4023 2085 4095; baseline 0 -14"><span class='ocrx_word' id='word_1_278' title='bbox 446 4035 647 4082; x_wconf 80' lang='lat' dir='ltr'>rentur</span> <span class='ocrx_word' id='word_1_279' title='bbox 676 4039 1076 4095; x_wconf 87' lang='lat' dir='ltr'>numerusque</span> <span class='ocrx_word' id='word_1_280' title='bbox 1116 4025 1186 4078; x_wconf 91' lang='lat' dir='ltr'>ad</span> <span class='ocrx_word' id='word_1_281' title='bbox 1220 4023 1571 4095; x_wconf 87' lang='lat' dir='ltr'>quingentos</span> <span class='ocrx_word' id='word_1_282' title='bbox 1628 4025 1972 4095; x_wconf 88' lang='lat' dir='ltr'>pervenerit,</span> <span class='ocrx_word' id='word_1_283' title='bbox 2020 4042 2085 4081; x_wconf 88' lang='lat' dir='ltr'>ac</span> 
     </span>
    </p>
   </div>
   <div class='ocr_carea' id='block_1_42' title="bbox 443 4112 2085 4186">
    <p class='ocr_par' dir='ltr' id='par_1_42' title="bbox 443 4112 2085 4186">
     <span class='ocr_line' id='line_1_42' title="bbox 443 4112 2085 4186; baseline -0.001 -16"><span class='ocrx_word' id='word_1_284' title='bbox 443 4132 581 4170; x_wconf 87' lang='lat' dir='ltr'>vera</span> <span class='ocrx_word' id='word_1_285' title='bbox 611 4114 815 4186; x_wconf 89' lang='lat' dir='ltr'>religio</span> <span class='ocrx_word' id='word_1_286' title='bbox 846 4113 905 4167; x_wconf 90' lang='lat' dir='ltr'>in</span> <span class='ocrx_word' id='word_1_287' title='bbox 937 4113 1059 4167; x_wconf 90' lang='lat' dir='ltr'>dies</span> <span class='ocrx_word' id='word_1_288' title='bbox 1090 4116 1320 4183; x_wconf 91' lang='lat' dir='ltr'>caperet</span> <span class='ocrx_word' id='word_1_289' title='bbox 1341 4112 1793 4167; x_wconf 88' lang='lat' dir='ltr'>incrementum.</span> <span class='ocrx_word' id='word_1_290' title='bbox 1813 4112 2085 4169; x_wconf 90' lang='lat' dir='ltr'>Nondum</span> 
     </span>
    </p>
   </div>
   <div class='ocr_carea' id='block_1_43' title="bbox 450 4200 2087 4275">
    <p class='ocr_par' dir='ltr' id='par_1_43' title="bbox 450 4200 2087 4275">
     <span class='ocr_line' id='line_1_43' title="bbox 450 4200 2087 4275; baseline -0.001 -17"><span class='ocrx_word' id='word_1_291' title='bbox 450 4204 707 4275; x_wconf 90' lang='lat' dir='ltr'>profecto</span> <span class='ocrx_word' id='word_1_292' title='bbox 737 4218 929 4258; x_wconf 88' lang='lat' dir='ltr'>annus</span> <span class='ocrx_word' id='word_1_293' title='bbox 958 4202 1016 4255; x_wconf 93' lang='lat' dir='ltr'>in</span> <span class='ocrx_word' id='word_1_294' title='bbox 1048 4200 1249 4256; x_wconf 83' lang='lat' dir='ltr'>exsilio</span> <span class='ocrx_word' id='word_1_295' title='bbox 1279 4205 1402 4256; x_wconf 88' lang='lat' dir='ltr'>erat</span> <span class='ocrx_word' id='word_1_296' title='bbox 1433 4217 1708 4257; x_wconf 89' lang='lat' dir='ltr'>emensus</span> <span class='ocrx_word' id='word_1_297' title='bbox 1737 4218 1803 4256; x_wconf 92' lang='lat' dir='ltr'>ac</span> <span class='ocrx_word' id='word_1_298' title='bbox 1824 4202 2087 4273; x_wconf 66' lang='lat' dir='ltr'>praeteri-</span> 
     </span>
    </p>
   </div>
   <div class='ocr_carea' id='block_1_44' title="bbox 453 4289 2083 4361">
    <p class='ocr_par' dir='ltr' id='par_1_44' title="bbox 453 4289 2083 4361">
     <span class='ocr_line' id='line_1_44' title="bbox 453 4289 2083 4361; baseline -0.001 -14"><span class='ocrx_word' id='word_1_299' title='bbox 453 4300 572 4359; x_wconf 88' lang='lat' dir='ltr'>tus,</span> <span class='ocrx_word' id='word_1_300' title='bbox 607 4297 663 4346; x_wconf 89' lang='lat' dir='ltr'>et</span> <span class='ocrx_word' id='word_1_301' title='bbox 692 4290 1054 4345; x_wconf 69' lang='lat' dir='ltr'>aediﬁcantur</span> <span class='ocrx_word' id='word_1_302' title='bbox 1084 4290 1341 4361; x_wconf 91' lang='lat' dir='ltr'>quidem,</span> <span class='ocrx_word' id='word_1_303' title='bbox 1376 4289 1446 4344; x_wconf 88' lang='lat' dir='ltr'>ab</span> <span class='ocrx_word' id='word_1_304' title='bbox 1478 4289 1551 4345; x_wconf 91' lang='lat' dir='ltr'>iis</span> <span class='ocrx_word' id='word_1_305' title='bbox 1584 4289 1682 4360; x_wconf 89' lang='lat' dir='ltr'>qui</span> <span class='ocrx_word' id='word_1_306' title='bbox 1700 4290 2083 4361; x_wconf 88' lang='lat' dir='ltr'>crediderant,</span> 
     </span>
    </p>
   </div>
   <div class='ocr_carea' id='block_1_45' title="bbox 448 4378 2086 4451">
    <p class='ocr_par' dir='ltr' id='par_1_45' title="bbox 448 4378 2086 4451">
     <span class='ocr_line' id='line_1_45' title="bbox 448 4378 2086 4451; baseline -0.001 -14"><span class='ocrx_word' id='word_1_307' title='bbox 448 4380 711 4438; x_wconf 71' lang='lat' dir='ltr'>Ecclesiae</span> <span class='ocrx_word' id='word_1_308' title='bbox 735 4396 978 4434; x_wconf 86' lang='lat' dir='ltr'>numero</span> <span class='ocrx_word' id='word_1_309' title='bbox 1005 4380 1264 4451; x_wconf 91' lang='lat' dir='ltr'>quinque</span> <span class='ocrx_word' id='word_1_310' title='bbox 1286 4382 1341 4433; x_wconf 90' lang='lat' dir='ltr'>et</span> <span class='ocrx_word' id='word_1_311' title='bbox 1363 4378 2086 4450; x_wconf 84' lang='lat' dir='ltr'>septuaginta,idolorum-</span> 
     </span>
    </p>
   </div>
   <div class='ocr_carea' id='block_1_46' title="bbox 449 4466 2085 4542">
    <p class='ocr_par' dir='ltr' id='par_1_46' title="bbox 449 4466 2085 4542">
     <span class='ocr_line' id='line_1_46' title="bbox 449 4466 2085 4542; baseline -0.001 -18"><span class='ocrx_word' id='word_1_312' title='bbox 449 4484 561 4542; x_wconf 91' lang='lat' dir='ltr'>que</span> <span class='ocrx_word' id='word_1_313' title='bbox 586 4470 719 4523; x_wconf 88' lang='lat' dir='ltr'>fana</span> <span class='ocrx_word' id='word_1_314' title='bbox 737 4474 793 4522; x_wconf 89' lang='lat' dir='ltr'>et</span> <span class='ocrx_word' id='word_1_315' title='bbox 813 4466 1031 4537; x_wconf 87' lang='lat' dir='ltr'>templa</span> <span class='ocrx_word' id='word_1_316' title='bbox 1052 4471 1425 4533; x_wconf 87' lang='lat' dir='ltr'>evertuntur;</span> <span class='ocrx_word' id='word_1_317' title='bbox 1446 4466 1633 4537; x_wconf 87' lang='lat' dir='ltr'>iisque</span> <span class='ocrx_word' id='word_1_318' title='bbox 1654 4467 1875 4521; x_wconf 90' lang='lat' dir='ltr'>adsitos</span> <span class='ocrx_word' id='word_1_319' title='bbox 1903 4466 2085 4535; x_wconf 90' lang='lat' dir='ltr'>lucos,</span> 
     </span>
    </p>
   </div>
   <div class='ocr_carea' id='block_1_47' title="bbox 450 4548 2088 4626">
    <p class='ocr_par' dir='ltr' id='par_1_47' title="bbox 450 4548 2088 4626">
     <span class='ocr_line' id='line_1_47' title="bbox 450 4548 2088 4626; baseline -0.002 -12"><span class='ocrx_word' id='word_1_320' title='bbox 450 4558 702 4614; x_wconf 87' lang='lat' dir='ltr'>multum</span> <span class='ocrx_word' id='word_1_321' title='bbox 734 4561 898 4611; x_wconf 74' lang='lat' dir='ltr'>terras</span> <span class='ocrx_word' id='word_1_322' title='bbox 921 4560 1292 4626; x_wconf 88' lang='lat' dir='ltr'>occupantes,</span> <span class='ocrx_word' id='word_1_323' title='bbox 1317 4555 1471 4626; x_wconf 89' lang='lat' dir='ltr'>ignis</span> <span class='ocrx_word' id='word_1_324' title='bbox 1491 4548 2088 4626; x_wconf 82' lang='lat' dir='ltr'>depascit,atqueuni-</span> 
     </span>
    </p>
   </div>
   <div class='ocr_carea' id='block_1_48' title="bbox 447 4634 1678 4719">
    <p class='ocr_par' dir='ltr' id='par_1_48' title="bbox 447 4634 1678 4719">
     <span class='ocr_line' id='line_1_48' title="bbox 447 4634 1678 4719; baseline -0.003 -16"><span class='ocrx_word' id='word_1_325' title='bbox 447 4634 616 4703; x_wconf 86' lang='lat' dir='ltr'>versa</span> <span class='ocrx_word' id='word_1_326' title='bbox 648 4646 1035 4719; x_wconf 86' lang='lat' dir='ltr'>prosternitur</span> <span class='ocrx_word' id='word_1_327' title='bbox 1066 4645 1397 4700; x_wconf 75' lang='lat' dir='ltr'>daemonum</span> <span class='ocrx_word' id='word_1_328' title='bbox 1430 4644 1678 4700; x_wconf 87' lang='lat' dir='ltr'>insania.</span> 
     </span>
    </p>
   </div>
   <div class='ocr_carea' id='block_1_49' title="bbox 520 4820 2090 4895">
    <p class='ocr_par' dir='ltr' id='par_1_49' title="bbox 520 4820 2090 4895">
     <span class='ocr_line' id='line_1_49' title="bbox 520 4820 2090 4895; baseline -0.003 -13"><span class='ocrx_word' id='word_1_329' title='bbox 520 4824 753 4882; x_wconf 80' lang='lat' dir='ltr'>CLXXI.</span> <span class='ocrx_word' id='word_1_330' title='bbox 789 4824 950 4878; x_wconf 90' lang='lat' dir='ltr'>Tunc</span> <span class='ocrx_word' id='word_1_331' title='bbox 990 4838 1124 4895; x_wconf 90' lang='lat' dir='ltr'>ergo</span> <span class='ocrx_word' id='word_1_332' title='bbox 1174 4821 1495 4877; x_wconf 88' lang='lat' dir='ltr'>invidiosus</span> <span class='ocrx_word' id='word_1_333' title='bbox 1546 4826 1602 4876; x_wconf 88' lang='lat' dir='ltr'>et</span> <span class='ocrx_word' id='word_1_334' title='bbox 1650 4820 1842 4893; x_wconf 85' lang='lat' dir='ltr'>gravis</span> <span class='ocrx_word' id='word_1_335' title='bbox 1890 4838 2090 4878; x_wconf 86' lang='lat' dir='ltr'>rumor</span> 
     </span>
    </p>
   </div>
   <div class='ocr_carea' id='block_1_50' title="bbox 448 4910 2088 4987">
    <p class='ocr_par' dir='ltr' id='par_1_50' title="bbox 448 4910 2088 4987">
     <span class='ocr_line' id='line_1_50' title="bbox 448 4910 2088 4987; baseline -0.003 -16"><span class='ocrx_word' id='word_1_336' title='bbox 448 4917 519 4971; x_wconf 89' lang='lat' dir='ltr'>ad</span> <span class='ocrx_word' id='word_1_337' title='bbox 542 4912 912 4987; x_wconf 87' lang='lat' dir='ltr'>imperatoris</span> <span class='ocrx_word' id='word_1_338' title='bbox 944 4928 1114 4967; x_wconf 87' lang='lat' dir='ltr'>aures</span> <span class='ocrx_word' id='word_1_339' title='bbox 1145 4911 1425 4983; x_wconf 87' lang='lat' dir='ltr'>pervenit,</span> <span class='ocrx_word' id='word_1_340' title='bbox 1459 4912 1711 4966; x_wconf 87' lang='lat' dir='ltr'>referens</span> <span class='ocrx_word' id='word_1_341' title='bbox 1734 4910 2088 4967; x_wconf 90' lang='lat' dir='ltr'>Christiano-</span> 
     </span>
    </p>
   </div>
   <div class='ocr_carea' id='block_1_51' title="bbox 446 4999 2088 5072">
    <p class='ocr_par' dir='ltr' id='par_1_51' title="bbox 446 4999 2088 5072">
     <span class='ocr_line' id='line_1_51' title="bbox 446 4999 2088 5072; baseline -0.004 -11"><span class='ocrx_word' id='word_1_342' title='bbox 446 5022 575 5061; x_wconf 87' lang='lat' dir='ltr'>rum</span> <span class='ocrx_word' id='word_1_343' title='bbox 606 5008 821 5059; x_wconf 85' lang='lat' dir='ltr'>sectam</span> <span class='ocrx_word' id='word_1_344' title='bbox 853 5003 912 5056; x_wconf 91' lang='lat' dir='ltr'>in</span> <span class='ocrx_word' id='word_1_345' title='bbox 943 5002 1226 5072; x_wconf 86' lang='lat' dir='ltr'>majorem</span> <span class='ocrx_word' id='word_1_346' title='bbox 1259 4999 1698 5055; x_wconf 88' lang='lat' dir='ltr'>multitudinem</span> <span class='ocrx_word' id='word_1_347' title='bbox 1729 5016 2007 5064; x_wconf 87' lang='lat' dir='ltr'>crescere,</span> <span class='ocrx_word' id='word_1_348' title='bbox 2031 5005 2088 5056; x_wconf 89' lang='lat' dir='ltr'>et</span> 
     </span>
    </p>
   </div>
   <div class='ocr_carea' id='block_1_52' title="bbox 443 5088 2081 5166">
    <p class='ocr_par' dir='ltr' id='par_1_52' title="bbox 443 5088 2081 5166">
     <span class='ocr_line' id='line_1_52' title="bbox 443 5088 2081 5166; baseline -0.004 -16"><span class='ocrx_word' id='word_1_349' title='bbox 443 5093 693 5166; x_wconf 87' lang='lat' dir='ltr'>singulis</span> <span class='ocrx_word' id='word_1_350' title='bbox 725 5092 931 5147; x_wconf 91' lang='lat' dir='ltr'>diebus</span> <span class='ocrx_word' id='word_1_351' title='bbox 964 5090 1183 5163; x_wconf 86' lang='lat' dir='ltr'>augeri.</span> <span class='ocrx_word' id='word_1_352' title='bbox 1207 5091 1386 5153; x_wconf 88' lang='lat' dir='ltr'>Quam</span> <span class='ocrx_word' id='word_1_353' title='bbox 1414 5089 1485 5144; x_wconf 93' lang='lat' dir='ltr'>ob</span> <span class='ocrx_word' id='word_1_354' title='bbox 1504 5106 1741 5144; x_wconf 87' lang='lat' dir='ltr'>causam</span> <span class='ocrx_word' id='word_1_355' title='bbox 1760 5088 1855 5144; x_wconf 85' lang='lat' dir='ltr'>ille</span> <span class='ocrx_word' id='word_1_356' title='bbox 1883 5090 2081 5144; x_wconf 85' lang='lat' dir='ltr'>statim</span> 
     </span>
    </p>
   </div>
   <div class='ocr_carea' id='block_1_53' title="bbox 441 5177 2080 5252">
    <p class='ocr_par' dir='ltr' id='par_1_53' title="bbox 441 5177 2080 5252">
     <span class='ocr_line' id='line_1_53' title="bbox 441 5177 2080 5252; baseline -0.004 -13"><span class='ocrx_word' id='word_1_357' title='bbox 441 5184 816 5239; x_wconf 79' lang='lat' dir='ltr'>Auﬁdienum</span> <span class='ocrx_word' id='word_1_358' title='bbox 848 5180 1156 5252; x_wconf 68' lang='lat' dir='ltr'>prmeidem</span> <span class='ocrx_word' id='word_1_359' title='bbox 1192 5179 1389 5245; x_wconf 89' lang='lat' dir='ltr'>mittit,</span> <span class='ocrx_word' id='word_1_360' title='bbox 1421 5178 1519 5250; x_wconf 91' lang='lat' dir='ltr'>qui</span> <span class='ocrx_word' id='word_1_361' title='bbox 1554 5195 1668 5233; x_wconf 90' lang='lat' dir='ltr'>non</span> <span class='ocrx_word' id='word_1_362' title='bbox 1719 5177 1911 5234; x_wconf 89' lang='lat' dir='ltr'>solum</span> <span class='ocrx_word' id='word_1_363' title='bbox 1968 5196 2080 5233; x_wconf 90' lang='lat' dir='ltr'>non</span> 
     </span>
    </p>
   </div>
   <div class='ocr_carea' id='block_1_54' title="bbox 440 5268 2082 5342">
    <p class='ocr_par' dir='ltr' id='par_1_54' title="bbox 440 5268 2082 5342">
     <span class='ocr_line' id='line_1_54' title="bbox 440 5268 2082 5342; baseline -0.002 -15"><span class='ocrx_word' id='word_1_364' title='bbox 440 5272 686 5327; x_wconf 88' lang='lat' dir='ltr'>ulterius</span> <span class='ocrx_word' id='word_1_365' title='bbox 719 5269 987 5342; x_wconf 85' lang='lat' dir='ltr'>progredi</span> <span class='ocrx_word' id='word_1_366' title='bbox 1020 5274 1238 5324; x_wconf 88' lang='lat' dir='ltr'>sectam</span> <span class='ocrx_word' id='word_1_367' title='bbox 1272 5268 1506 5332; x_wconf 88' lang='lat' dir='ltr'>sineret,</span> <span class='ocrx_word' id='word_1_368' title='bbox 1530 5284 1729 5322; x_wconf 90' lang='lat' dir='ltr'>verum</span> <span class='ocrx_word' id='word_1_369' title='bbox 1762 5268 1961 5337; x_wconf 85' lang='lat' dir='ltr'>etjam</span> <span class='ocrx_word' id='word_1_370' title='bbox 1986 5285 2082 5323; x_wconf 88' lang='lat' dir='ltr'>ca-</span> 
     </span>
    </p>
   </div>
   <div class='ocr_carea' id='block_1_55' title="bbox 438 5355 2081 5433">
    <p class='ocr_par' dir='ltr' id='par_1_55' title="bbox 438 5355 2081 5433">
     <span class='ocr_line' id='line_1_55' title="bbox 438 5355 2081 5433; baseline -0.003 -17"><span class='ocrx_word' id='word_1_371' title='bbox 438 5367 570 5433; x_wconf 89' lang='lat' dir='ltr'>ptos</span> <span class='ocrx_word' id='word_1_372' title='bbox 605 5361 927 5427; x_wconf 89' lang='lat' dir='ltr'>reduceret,</span> <span class='ocrx_word' id='word_1_373' title='bbox 963 5362 1346 5427; x_wconf 89' lang='lat' dir='ltr'>avocaretque</span> <span class='ocrx_word' id='word_1_374' title='bbox 1377 5374 1409 5411; x_wconf 92' lang='lat' dir='ltr'>a</span> <span class='ocrx_word' id='word_1_375' title='bbox 1440 5356 1671 5427; x_wconf 88' lang='lat' dir='ltr'>pietate.</span> <span class='ocrx_word' id='word_1_376' title='bbox 1717 5355 1819 5411; x_wconf 85' lang='lat' dir='ltr'>Hic</span> <span class='ocrx_word' id='word_1_377' title='bbox 1882 5357 2081 5428; x_wconf 86' lang='lat' dir='ltr'>itaque</span> 
     </span>
    </p>
   </div>
   <div class='ocr_carea' id='block_1_56' title="bbox 439 5444 2080 5522">
    <p class='ocr_par' dir='ltr' id='par_1_56' title="bbox 439 5444 2080 5522">
     <span class='ocr_line' id='line_1_56' title="bbox 439 5444 2080 5522; baseline -0.002 -17"><span class='ocrx_word' id='word_1_378' title='bbox 439 5454 749 5522; x_wconf 86' lang='lat' dir='ltr'>postquam</span> <span class='ocrx_word' id='word_1_379' title='bbox 782 5447 1133 5504; x_wconf 89' lang='lat' dir='ltr'>Chersonem</span> <span class='ocrx_word' id='word_1_380' title='bbox 1183 5445 1357 5511; x_wconf 89' lang='lat' dir='ltr'>venit,</span> <span class='ocrx_word' id='word_1_381' title='bbox 1407 5444 1881 5516; x_wconf 86' lang='lat' dir='ltr'>Christianosque</span> <span class='ocrx_word' id='word_1_382' title='bbox 1922 5463 2080 5501; x_wconf 91' lang='lat' dir='ltr'>com-</span> 
     </span>
    </p>
   </div>
   <div class='ocr_carea' id='block_1_57' title="bbox 2156 634 3804 721">
    <p class='ocr_par' dir='ltr' id='par_1_57' title="bbox 2156 634 3804 721">
     <span class='ocr_line' id='line_1_57' title="bbox 2156 634 3804 721; baseline 0.002 -26"><span class='ocrx_word' id='word_1_383' title='bbox 2156 662 2246 696; x_wconf 89' lang='grc' dir='ltr'>τον</span> <span class='ocrx_word' id='word_1_384' title='bbox 2279 644 2368 713; x_wconf 77' lang='grc' dir='ltr'>ἦν,</span> <span class='ocrx_word' id='word_1_385' title='bbox 2401 644 2501 711; x_wconf 82' lang='grc' dir='ltr'>τὴν</span> <span class='ocrx_word' id='word_1_386' title='bbox 2531 642 2695 697; x_wconf 78' lang='grc' dir='ltr'>αὑτοῦ</span> <span class='ocrx_word' id='word_1_387' title='bbox 2724 648 2821 697; x_wconf 90' lang='grc' dir='ltr'>τοῦ</span> <span class='ocrx_word' id='word_1_388' title='bbox 2852 640 3046 705; x_wconf 79' lang='grc' dir='ltr'>ὕδατος</span> <span class='ocrx_word' id='word_1_389' title='bbox 3079 634 3301 700; x_wconf 74' lang='grc' dir='ltr'>ἔνδειαν.</span> <span class='ocrx_word' id='word_1_390' title='bbox 3326 643 3390 699; x_wconf 75' lang='grc' dir='ltr'>Εἰ</span> <span class='ocrx_word' id='word_1_391' title='bbox 3420 646 3523 721; x_wconf 86' lang='grc' dir='ltr'>γάρ</span> <span class='ocrx_word' id='word_1_392' title='bbox 3553 666 3637 707; x_wconf 89' lang='grc' dir='ltr'>τις</span> <span class='ocrx_word' id='word_1_393' title='bbox 3668 644 3804 716; x_wconf 80' lang='grc' dir='ltr'>ὅλην</span> 
     </span>
    </p>
   </div>
   <div class='ocr_carea' id='block_1_58' title="bbox 2156 732 3806 809">
    <p class='ocr_par' dir='ltr' id='par_1_58' title="bbox 2156 732 3806 809">
     <span class='ocr_line' id='line_1_58' title="bbox 2156 732 3806 809; baseline 0.002 -24"><span class='ocrx_word' id='word_1_394' title='bbox 2156 732 2256 799; x_wconf 74' lang='grc' dir='ltr'>τὴν</span> <span class='ocrx_word' id='word_1_395' title='bbox 2290 732 2498 808; x_wconf 77' lang='grc' dir='ltr'>ἡμέραν</span> <span class='ocrx_word' id='word_1_396' title='bbox 2527 736 2596 806; x_wconf 73' lang='grc' dir='ltr'>τῇ</span> <span class='ocrx_word' id='word_1_397' title='bbox 2627 737 2731 785; x_wconf 81' lang='grc' dir='ltr'>τῶν</span> <span class='ocrx_word' id='word_1_398' title='bbox 2765 738 2965 808; x_wconf 79' lang='grc' dir='ltr'>χειρῶν</span> <span class='ocrx_word' id='word_1_399' title='bbox 3021 732 3264 809; x_wconf 80' lang='grc' dir='ltr'>ἐργασίᾳ,</span> <span class='ocrx_word' id='word_1_400' title='bbox 3298 734 3387 789; x_wconf 79' lang='grc' dir='ltr'>καὶ</span> <span class='ocrx_word' id='word_1_401' title='bbox 3444 739 3523 806; x_wconf 80' lang='grc' dir='ltr'>τῷ</span> <span class='ocrx_word' id='word_1_402' title='bbox 3577 735 3806 808; x_wconf 78' lang='grc' dir='ltr'>καμάτῳ</span> 
     </span>
    </p>
   </div>
   <div class='ocr_carea' id='block_1_59' title="bbox 2161 819 3807 900">
    <p class='ocr_par' dir='ltr' id='par_1_59' title="bbox 2161 819 3807 900">
     <span class='ocr_line' id='line_1_59' title="bbox 2161 819 3807 900; baseline 0.003 -26"><span class='ocrx_word' id='word_1_403' title='bbox 2161 823 2565 896; x_wconf 81' lang='grc' dir='ltr'>προστετηκὼς,</span> <span class='ocrx_word' id='word_1_404' title='bbox 2599 820 2813 896; x_wconf 78' lang='grc' dir='ltr'>ἔλεγον,</span> <span class='ocrx_word' id='word_1_405' title='bbox 2847 819 3047 884; x_wconf 77' lang='grc' dir='ltr'>ὕδατος</span> <span class='ocrx_word' id='word_1_406' title='bbox 3090 823 3350 899; x_wconf 85' lang='grc' dir='ltr'>βραχεῖάν</span> <span class='ocrx_word' id='word_1_407' title='bbox 3409 845 3529 878; x_wconf 90' lang='grc' dir='ltr'>τινα</span> <span class='ocrx_word' id='word_1_408' title='bbox 3580 824 3807 900; x_wconf 76' lang='grc' dir='ltr'>σταγόνα</span> 
     </span>
    </p>
   </div>
   <div class='ocr_carea' id='block_1_60' title="bbox 2163 905 3807 986">
    <p class='ocr_par' dir='ltr' id='par_1_60' title="bbox 2163 905 3807 986">
     <span class='ocr_line' id='line_1_60' title="bbox 2163 905 3807 986; baseline 0.001 -23"><span class='ocrx_word' id='word_1_409' title='bbox 2163 905 2349 963; x_wconf 90' lang='grc' dir='ltr'>λαϐεῖν</span> <span class='ocrx_word' id='word_1_410' title='bbox 2388 909 2711 981; x_wconf 78' lang='grc' dir='ltr'>ἐθελήσειεν,</span> <span class='ocrx_word' id='word_1_411' title='bbox 2746 910 2883 964; x_wconf 84' lang='grc' dir='ltr'>ὥστε</span> <span class='ocrx_word' id='word_1_412' title='bbox 2927 912 3026 979; x_wconf 79' lang='grc' dir='ltr'>τὴν</span> <span class='ocrx_word' id='word_1_413' title='bbox 3079 911 3138 966; x_wconf 79' lang='grc' dir='ltr'>ἐκ</span> <span class='ocrx_word' id='word_1_414' title='bbox 3184 915 3282 966; x_wconf 86' lang='grc' dir='ltr'>τοῦ</span> <span class='ocrx_word' id='word_1_415' title='bbox 3328 912 3499 966; x_wconf 92' lang='grc' dir='ltr'>κόπου</span> <span class='ocrx_word' id='word_1_416' title='bbox 3548 911 3807 986; x_wconf 72' lang='grc' dir='ltr'>ἀναψύξαι</span> 
     </span>
    </p>
   </div>
   <div class='ocr_carea' id='block_1_61' title="bbox 2161 995 3809 1074">
    <p class='ocr_par' dir='ltr' id='par_1_61' title="bbox 2161 995 3809 1074">
     <span class='ocr_line' id='line_1_61' title="bbox 2161 995 3809 1074; baseline 0.002 -22"><span class='ocrx_word' id='word_1_417' title='bbox 2161 998 2556 1074; x_wconf 74' lang='grc' dir='ltr'>ταλαιπωρίαν,</span> <span class='ocrx_word' id='word_1_418' title='bbox 2591 998 2690 1053; x_wconf 83' lang='grc' dir='ltr'>ούκ</span> <span class='ocrx_word' id='word_1_419' title='bbox 2720 995 2941 1054; x_wconf 77' lang='grc' dir='ltr'>ἔλαττον</span> <span class='ocrx_word' id='word_1_420' title='bbox 2974 1000 3001 1053; x_wconf 90' lang='lat'>6</span> <span class='ocrx_word' id='word_1_421' title='bbox 3031 1005 3279 1063; x_wconf 88' lang='grc' dir='ltr'>τοιοῦτος</span> <span class='ocrx_word' id='word_1_422' title='bbox 3312 1002 3347 1069; x_wconf 73' lang='grc' dir='ltr'><strong>ἢ</strong></span> <span class='ocrx_word' id='word_1_423' title='bbox 3381 998 3626 1062; x_wconf 79' lang='grc' dir='ltr'>σταδίους</span> <span class='ocrx_word' id='word_1_424' title='bbox 3656 1002 3809 1056; x_wconf 90' lang='grc' dir='ltr'>πέντε</span> 
     </span>
    </p>
   </div>
   <div class='ocr_carea' id='block_1_62' title="bbox 2162 1086 3807 1166">
    <p class='ocr_par' dir='ltr' id='par_1_62' title="bbox 2162 1086 3807 1166">
     <span class='ocr_line' id='line_1_62' title="bbox 2162 1086 3807 1166; baseline 0.003 -25"><span class='ocrx_word' id='word_1_425' title='bbox 2162 1087 2251 1141; x_wconf 82' lang='grc' dir='ltr'>καὶ</span> <span class='ocrx_word' id='word_1_426' title='bbox 2308 1087 2702 1163; x_wconf 86' lang='grc' dir='ltr'>τεσσαράκοντα</span> <span class='ocrx_word' id='word_1_427' title='bbox 2754 1087 3035 1165; x_wconf 83' lang='grc' dir='ltr'>προελθὼν</span> <span class='ocrx_word' id='word_1_428' title='bbox 3120 1088 3203 1157; x_wconf 79' lang='grc' dir='ltr'>ἃν,</span> <span class='ocrx_word' id='word_1_429' title='bbox 3266 1086 3411 1166; x_wconf 79' lang='grc' dir='ltr'>ὕδωρ</span> <span class='ocrx_word' id='word_1_430' title='bbox 3494 1089 3807 1164; x_wconf 79' lang='grc' dir='ltr'>κομίσαιτο.</span> 
     </span>
    </p>
   </div>
   <div class='ocr_carea' id='block_1_63' title="bbox 2166 1174 3811 1256">
    <p class='ocr_par' dir='ltr' id='par_1_63' title="bbox 2166 1174 3811 1256">
     <span class='ocr_line' id='line_1_63' title="bbox 2166 1174 3811 1256; baseline 0.001 -26"><span class='ocrx_word' id='word_1_431' title='bbox 2166 1177 2307 1249; x_wconf 86' lang='grc' dir='ltr'>Πρὸς</span> <span class='ocrx_word' id='word_1_432' title='bbox 2356 1182 2522 1231; x_wconf 88' lang='grc' dir='ltr'>ταῦτα</span> <span class='ocrx_word' id='word_1_433' title='bbox 2572 1174 2911 1251; x_wconf 84' lang='grc' dir='ltr'>συναλγήσας</span> <span class='ocrx_word' id='word_1_434' title='bbox 2964 1199 3023 1232; x_wconf 86' lang='grc' dir='ltr'>τε</span> <span class='ocrx_word' id='word_1_435' title='bbox 3052 1178 3234 1240; x_wconf 78' lang='grc' dir='ltr'>αὐτοῖς</span> <span class='ocrx_word' id='word_1_436' title='bbox 3267 1180 3295 1232; x_wconf 87' lang='lat'>6</span> <span class='ocrx_word' id='word_1_437' title='bbox 3326 1180 3673 1256; x_wconf 79' lang='grc' dir='ltr'>πατριάρχης</span> <span class='ocrx_word' id='word_1_438' title='bbox 3721 1178 3811 1234; x_wconf 82' lang='grc' dir='ltr'>καὶ</span> 
     </span>
    </p>
   </div>
   <div class='ocr_carea' id='block_1_64' title="bbox 2168 1262 3814 1342">
    <p class='ocr_par' dir='ltr' id='par_1_64' title="bbox 2168 1262 3814 1342">
     <span class='ocr_line' id='line_1_64' title="bbox 2168 1262 3814 1342; baseline 0.002 -23"><span class='ocrx_word' id='word_1_439' title='bbox 2168 1262 2550 1335; x_wconf 79' lang='grc' dir='ltr'>συνδακρύσας,</span> <span class='ocrx_word' id='word_1_440' title='bbox 2586 1264 2698 1319; x_wconf 77' lang='grc' dir='ltr'>εἶτα</span> <span class='ocrx_word' id='word_1_441' title='bbox 2726 1265 2815 1320; x_wconf 78' lang='grc' dir='ltr'>καὶ</span> <span class='ocrx_word' id='word_1_442' title='bbox 2845 1270 2923 1337; x_wconf 81' lang='grc' dir='ltr'>τῷ</span> <span class='ocrx_word' id='word_1_443' title='bbox 2954 1271 3069 1337; x_wconf 85' lang='grc' dir='ltr'>Θεῷ</span> <span class='ocrx_word' id='word_1_444' title='bbox 3112 1266 3528 1342; x_wconf 78' lang='grc' dir='ltr'>εὐχαριστήσας,</span> <span class='ocrx_word' id='word_1_445' title='bbox 3560 1268 3648 1323; x_wconf 80' lang='grc' dir='ltr'>καὶ</span> <span class='ocrx_word' id='word_1_446' title='bbox 3695 1270 3814 1323; x_wconf 72' lang='grc' dir='ltr'>ἱκα-</span> 
     </span>
    </p>
   </div>
   <div class='ocr_carea' id='block_1_65' title="bbox 2167 1353 3816 1432">
    <p class='ocr_par' dir='ltr' id='par_1_65' title="bbox 2167 1353 3816 1432">
     <span class='ocr_line' id='line_1_65' title="bbox 2167 1353 3816 1432; baseline 0.003 -26"><span class='ocrx_word' id='word_1_447' title='bbox 2167 1358 2273 1415; x_wconf 81' lang='grc' dir='ltr'>νῶς</span> <span class='ocrx_word' id='word_1_448' title='bbox 2313 1355 2407 1415; x_wconf 79' lang='grc' dir='ltr'>τὰς</span> <span class='ocrx_word' id='word_1_449' title='bbox 2440 1354 2653 1409; x_wconf 77' lang='grc' dir='ltr'>ἐκείνων</span> <span class='ocrx_word' id='word_1_450' title='bbox 2687 1355 2866 1431; x_wconf 74' lang='grc' dir='ltr'>ψυχὰς</span> <span class='ocrx_word' id='word_1_451' title='bbox 2898 1353 3455 1431; x_wconf 81' lang='grc' dir='ltr'>παραμυθησάμενος,</span> <span class='ocrx_word' id='word_1_452' title='bbox 3478 1356 3597 1432; x_wconf 82' lang='grc' dir='ltr'>Ούχ</span> <span class='ocrx_word' id='word_1_453' title='bbox 3626 1354 3816 1418; x_wconf 80' lang='grc' dir='ltr'>ἁπλῶς</span> 
     </span>
    </p>
   </div>
   <div class='ocr_carea' id='block_1_66' title="bbox 2171 1443 3816 1520">
    <p class='ocr_par' dir='ltr' id='par_1_66' title="bbox 2171 1443 3816 1520">
     <span class='ocr_line' id='line_1_66' title="bbox 2171 1443 3816 1520; baseline 0.002 -23"><span class='ocrx_word' id='word_1_454' title='bbox 2171 1443 2313 1498; x_wconf 76' lang='grc' dir='ltr'>οὕτω</span> <span class='ocrx_word' id='word_1_455' title='bbox 2370 1443 2457 1497; x_wconf 82' lang='grc' dir='ltr'>καὶ</span> <span class='ocrx_word' id='word_1_456' title='bbox 2516 1443 2753 1520; x_wconf 79' lang='grc' dir='ltr'>ἀλόγως,</span> <span class='ocrx_word' id='word_1_457' title='bbox 2806 1445 2974 1513; x_wconf 78' lang='grc' dir='ltr'>εἶπεν,</span> <span class='ocrx_word' id='word_1_458' title='bbox 3009 1444 3231 1499; x_wconf 84' lang='grc' dir='ltr'>ἐνταῦθά</span> <span class='ocrx_word' id='word_1_459' title='bbox 3290 1467 3355 1517; x_wconf 84' lang='grc' dir='ltr'>με</span> <span class='ocrx_word' id='word_1_460' title='bbox 3403 1447 3431 1500; x_wconf 97' lang='lat'>6</span> <span class='ocrx_word' id='word_1_461' title='bbox 3475 1447 3604 1507; x_wconf 84' lang='grc' dir='ltr'>Θεὸς</span> <span class='ocrx_word' id='word_1_462' title='bbox 3667 1468 3816 1518; x_wconf 69' lang='grc' dir='ltr'>συνε-</span> 
     </span>
    </p>
   </div>
   <div class='ocr_carea' id='block_1_67' title="bbox 2170 1528 3813 1607">
    <p class='ocr_par' dir='ltr' id='par_1_67' title="bbox 2170 1528 3813 1607">
     <span class='ocr_line' id='line_1_67' title="bbox 2170 1528 3813 1607; baseline 0.002 -22"><span class='ocrx_word' id='word_1_463' title='bbox 2170 1533 2423 1607; x_wconf 84' lang='grc' dir='ltr'>χώρησεν</span> <span class='ocrx_word' id='word_1_464' title='bbox 2473 1528 2825 1603; x_wconf 80' lang='grc' dir='ltr'>ἐκϐληθῆναι,</span> <span class='ocrx_word' id='word_1_465' title='bbox 2878 1531 3003 1588; x_wconf 83' lang='grc' dir='ltr'>ἀλλ’</span> <span class='ocrx_word' id='word_1_466' title='bbox 3051 1532 3188 1588; x_wconf 80' lang='grc' dir='ltr'>ὥστε</span> <span class='ocrx_word' id='word_1_467' title='bbox 3230 1534 3319 1588; x_wconf 82' lang='grc' dir='ltr'>καὶ</span> <span class='ocrx_word' id='word_1_468' title='bbox 3366 1534 3623 1589; x_wconf 84' lang='grc' dir='ltr'>κοινωνὸν</span> <span class='ocrx_word' id='word_1_469' title='bbox 3688 1535 3813 1607; x_wconf 86' lang='grc' dir='ltr'>ὑμῖν</span> 
     </span>
    </p>
   </div>
   <div class='ocr_carea' id='block_1_68' title="bbox 2170 1620 3819 1696">
    <p class='ocr_par' dir='ltr' id='par_1_68' title="bbox 2170 1620 3819 1696">
     <span class='ocr_line' id='line_1_68' title="bbox 2170 1620 3819 1696; baseline 0.002 -22"><span class='ocrx_word' id='word_1_470' title='bbox 2170 1620 2407 1696; x_wconf 88' lang='grc' dir='ltr'>γενέσθαι</span> <span class='ocrx_word' id='word_1_471' title='bbox 2439 1626 2545 1676; x_wconf 85' lang='grc' dir='ltr'>τῶν</span> <span class='ocrx_word' id='word_1_472' title='bbox 2579 1620 2938 1695; x_wconf 81' lang='grc' dir='ltr'>παθημάτων,</span> <span class='ocrx_word' id='word_1_473' title='bbox 2962 1622 3051 1676; x_wconf 85' lang='grc' dir='ltr'>καὶ</span> <span class='ocrx_word' id='word_1_474' title='bbox 3094 1621 3378 1696; x_wconf 76' lang='grc' dir='ltr'>ὑπομονῆς</span> <span class='ocrx_word' id='word_1_475' title='bbox 3436 1623 3674 1696; x_wconf 85' lang='grc' dir='ltr'>μάλιστα</span> <span class='ocrx_word' id='word_1_476' title='bbox 3728 1623 3819 1678; x_wconf 84' lang='grc' dir='ltr'>καὶ</span> 
     </span>
    </p>
   </div>
   <div class='ocr_carea' id='block_1_69' title="bbox 2173 1709 2759 1786">
    <p class='ocr_par' dir='ltr' id='par_1_69' title="bbox 2173 1709 2759 1786">
     <span class='ocr_line' id='line_1_69' title="bbox 2173 1709 2759 1786; baseline 0.002 -22"><span class='ocrx_word' id='word_1_477' title='bbox 2173 1709 2452 1786; x_wconf 84' lang='grc' dir='ltr'>καρτερίας</span> <span class='ocrx_word' id='word_1_478' title='bbox 2486 1709 2759 1774; x_wconf 82' lang='grc' dir='ltr'>ὑπόθεσιν.</span> 
     </span>
    </p>
   </div>
   <div class='ocr_carea' id='block_1_70' title="bbox 2244 1800 3821 1877">
    <p class='ocr_par' dir='ltr' id='par_1_70' title="bbox 2244 1800 3821 1877">
     <span class='ocr_line' id='line_1_70' title="bbox 2244 1800 3821 1877; baseline 0 -21"><span class='ocrx_word' id='word_1_479' title='bbox 2244 1801 2474 1856; x_wconf 86' lang='lat' dir='ltr'>CLXIX.</span> <span class='ocrx_word' id='word_1_480' title='bbox 2508 1801 2731 1854; x_wconf 84' lang='grc' dir='ltr'>Ἔπειτα</span> <span class='ocrx_word' id='word_1_481' title='bbox 2767 1802 2948 1872; x_wconf 87' lang='grc' dir='ltr'>μέντοι</span> <span class='ocrx_word' id='word_1_482' title='bbox 2979 1800 3067 1854; x_wconf 83' lang='grc' dir='ltr'>καὶ</span> <span class='ocrx_word' id='word_1_483' title='bbox 3102 1800 3179 1863; x_wconf 77' lang='grc' dir='ltr'>εἷς</span> <span class='ocrx_word' id='word_1_484' title='bbox 3210 1800 3380 1876; x_wconf 80' lang='grc' dir='ltr'>εὐχὴν</span> <span class='ocrx_word' id='word_1_485' title='bbox 3426 1802 3699 1877; x_wconf 80' lang='grc' dir='ltr'>τρέπεται,</span> <span class='ocrx_word' id='word_1_486' title='bbox 3730 1802 3821 1856; x_wconf 81' lang='grc' dir='ltr'>καὶ</span> 
     </span>
    </p>
   </div>
   <div class='ocr_carea' id='block_1_71' title="bbox 2175 1885 3825 1967">
    <p class='ocr_par' dir='ltr' id='par_1_71' title="bbox 2175 1885 3825 1967">
     <span class='ocr_line' id='line_1_71' title="bbox 2175 1885 3825 1967; baseline 0.001 -25"><span class='ocrx_word' id='word_1_487' title='bbox 2175 1885 2343 1943; x_wconf 86' lang='grc' dir='ltr'>δεῖται</span> <span class='ocrx_word' id='word_1_488' title='bbox 2368 1887 2458 1943; x_wconf 78' lang='grc' dir='ltr'>σὺν</span> <span class='ocrx_word' id='word_1_489' title='bbox 2491 1887 2673 1950; x_wconf 80' lang='grc' dir='ltr'>αὐτοῖς</span> <span class='ocrx_word' id='word_1_490' title='bbox 2690 1892 2787 1943; x_wconf 88' lang='grc' dir='ltr'>τοῦ</span> <span class='ocrx_word' id='word_1_491' title='bbox 2803 1894 2956 1957; x_wconf 78' lang='grc' dir='ltr'>Θεοῦ,</span> <span class='ocrx_word' id='word_1_492' title='bbox 2971 1888 3109 1944; x_wconf 84' lang='grc' dir='ltr'>ὥστε</span> <span class='ocrx_word' id='word_1_493' title='bbox 3126 1896 3242 1953; x_wconf 90' lang='grc' dir='ltr'>τοῖς</span> <span class='ocrx_word' id='word_1_494' title='bbox 3262 1890 3424 1945; x_wconf 82' lang='grc' dir='ltr'>αὑτοῦ</span> <span class='ocrx_word' id='word_1_495' title='bbox 3449 1891 3825 1967; x_wconf 84' lang='grc' dir='ltr'>ὁμολογηταῖς</span> 
     </span>
    </p>
   </div>
   <div class='ocr_carea' id='block_1_72' title="bbox 2178 1974 3825 2056">
    <p class='ocr_par' dir='ltr' id='par_1_72' title="bbox 2178 1974 3825 2056">
     <span class='ocr_line' id='line_1_72' title="bbox 2178 1974 3825 2056; baseline 0.003 -26"><span class='ocrx_word' id='word_1_496' title='bbox 2178 1979 2364 2051; x_wconf 80' lang='grc' dir='ltr'>πηγὴν</span> <span class='ocrx_word' id='word_1_497' title='bbox 2396 1975 2587 2039; x_wconf 77' lang='grc' dir='ltr'>ὕδατος</span> <span class='ocrx_word' id='word_1_498' title='bbox 2618 1974 2895 2050; x_wconf 79' lang='grc' dir='ltr'>διανοῖξαι’</span> <span class='ocrx_word' id='word_1_499' title='bbox 2924 1977 3014 2032; x_wconf 84' lang='grc' dir='ltr'>καὶ</span> <span class='ocrx_word' id='word_1_500' title='bbox 3048 1979 3075 2032; x_wconf 91' lang='lat'>6</span> <span class='ocrx_word' id='word_1_501' title='bbox 3106 1980 3343 2050; x_wconf 78' lang='grc' dir='ltr'>πατάξας</span> <span class='ocrx_word' id='word_1_502' title='bbox 3379 1978 3575 2056; x_wconf 88' lang='grc' dir='ltr'>πέτραν</span> <span class='ocrx_word' id='word_1_503' title='bbox 3610 1979 3661 2035; x_wconf 83' lang='grc' dir='ltr'>ἐν</span> <span class='ocrx_word' id='word_1_504' title='bbox 3696 1979 3825 2056; x_wconf 82' lang='grc' dir='ltr'>ἐρή-</span> 
     </span>
    </p>
   </div>
   <div class='ocr_carea' id='block_1_73' title="bbox 2184 2064 3827 2147">
    <p class='ocr_par' dir='ltr' id='par_1_73' title="bbox 2184 2064 3827 2147">
     <span class='ocr_line' id='line_1_73' title="bbox 2184 2064 3827 2147; baseline 0.002 -28"><span class='ocrx_word' id='word_1_505' title='bbox 2184 2088 2291 2139; x_wconf 86' lang='grc' dir='ltr'>μῳ,</span> <span class='ocrx_word' id='word_1_506' title='bbox 2336 2065 2424 2120; x_wconf 85' lang='grc' dir='ltr'>καὶ</span> <span class='ocrx_word' id='word_1_507' title='bbox 2474 2064 2737 2141; x_wconf 79' lang='grc' dir='ltr'>έρῥύησαν</span> <span class='ocrx_word' id='word_1_508' title='bbox 2792 2064 2979 2136; x_wconf 77' lang='grc' dir='ltr'>ὕδατα,</span> <span class='ocrx_word' id='word_1_509' title='bbox 3033 2066 3191 2130; x_wconf 78' lang='grc' dir='ltr'>αὐτὸς</span> <span class='ocrx_word' id='word_1_510' title='bbox 3242 2067 3468 2147; x_wconf 77' lang='grc' dir='ltr'>ἄφθονον</span> <span class='ocrx_word' id='word_1_511' title='bbox 3510 2069 3599 2124; x_wconf 80' lang='grc' dir='ltr'>καὶ</span> <span class='ocrx_word' id='word_1_512' title='bbox 3641 2068 3827 2131; x_wconf 80' lang='grc' dir='ltr'>αὐτοῖς</span> 
     </span>
    </p>
   </div>
   <div class='ocr_carea' id='block_1_74' title="bbox 2180 2152 3829 2235">
    <p class='ocr_par' dir='ltr' id='par_1_74' title="bbox 2180 2152 3829 2235">
     <span class='ocr_line' id='line_1_74' title="bbox 2180 2152 3829 2235; baseline 0.003 -27"><span class='ocrx_word' id='word_1_513' title='bbox 2180 2160 2277 2209; x_wconf 88' lang='grc' dir='ltr'>τοῦ</span> <span class='ocrx_word' id='word_1_514' title='bbox 2309 2152 2501 2217; x_wconf 80' lang='grc' dir='ltr'>ὕδατος</span> <span class='ocrx_word' id='word_1_515' title='bbox 2531 2154 2759 2231; x_wconf 86' lang='grc' dir='ltr'>παρέχει</span> <span class='ocrx_word' id='word_1_516' title='bbox 2806 2156 2904 2224; x_wconf 76' lang='grc' dir='ltr'>τὴν</span> <span class='ocrx_word' id='word_1_517' title='bbox 2955 2156 3245 2232; x_wconf 84' lang='grc' dir='ltr'>χορηγίαν.</span> <span class='ocrx_word' id='word_1_518' title='bbox 3279 2155 3418 2227; x_wconf 87' lang='grc' dir='ltr'>Ἤδη</span> <span class='ocrx_word' id='word_1_519' title='bbox 3467 2160 3568 2235; x_wconf 75' lang='grc' dir='ltr'>γὰρ</span> <span class='ocrx_word' id='word_1_520' title='bbox 3612 2160 3829 2213; x_wconf 86' lang='grc' dir='ltr'>πάντων</span> 
     </span>
    </p>
   </div>
   <div class='ocr_carea' id='block_1_75' title="bbox 2183 2244 3838 2323">
    <p class='ocr_par' dir='ltr' id='par_1_75' title="bbox 2183 2244 3838 2323">
     <span class='ocr_line' id='line_1_75' title="bbox 2183 2244 3838 2323; baseline 0.002 -24"><span class='ocrx_word' id='word_1_521' title='bbox 2183 2249 2250 2318; x_wconf 79' lang='grc' dir='ltr'>τῇ</span> <span class='ocrx_word' id='word_1_522' title='bbox 2311 2244 2448 2319; x_wconf 79' lang='grc' dir='ltr'>εὐχῇ</span> <span class='ocrx_word' id='word_1_523' title='bbox 2508 2246 2933 2319; x_wconf 69' lang='grc' dir='ltr'>προσκειμένων,</span> <span class='ocrx_word' id='word_1_524' title='bbox 2968 2248 2996 2301; x_wconf 89' lang='grc' dir='ltr'>ὁ</span> <span class='ocrx_word' id='word_1_525' title='bbox 3036 2248 3382 2323; x_wconf 83' lang='grc' dir='ltr'>πατριάρχης</span> <span class='ocrx_word' id='word_1_526' title='bbox 3437 2244 3570 2322; x_wconf 77' lang='grc' dir='ltr'>τῇδε</span> <span class='ocrx_word' id='word_1_527' title='bbox 3620 2248 3838 2303; x_wconf 84' lang='grc' dir='ltr'>κάκεῖσε</span> 
     </span>
    </p>
   </div>
   <div class='ocr_carea' id='block_1_76' title="bbox 2184 2329 3841 2412">
    <p class='ocr_par' dir='ltr' id='par_1_76' title="bbox 2184 2329 3841 2412">
     <span class='ocr_line' id='line_1_76' title="bbox 2184 2329 3841 2412; baseline 0.002 -23"><span class='ocrx_word' id='word_1_528' title='bbox 2184 2329 2677 2408; x_wconf 75' lang='grc' dir='ltr'>περιϐλεψάμενος,</span> <span class='ocrx_word' id='word_1_529' title='bbox 2702 2334 2870 2407; x_wconf 89' lang='grc' dir='ltr'>ἀμνόν</span> <span class='ocrx_word' id='word_1_530' title='bbox 2903 2356 3024 2389; x_wconf 88' lang='grc' dir='ltr'>τινα</span> <span class='ocrx_word' id='word_1_531' title='bbox 3063 2336 3183 2412; x_wconf 80' lang='grc' dir='ltr'>ὁρᾷ,</span> <span class='ocrx_word' id='word_1_532' title='bbox 3215 2339 3282 2408; x_wconf 74' lang='grc' dir='ltr'>δι,</span> <span class='ocrx_word' id='word_1_533' title='bbox 3314 2338 3405 2391; x_wconf 91' lang='grc' dir='ltr'>τὸν</span> <span class='ocrx_word' id='word_1_534' title='bbox 3438 2334 3606 2408; x_wconf 79' lang='grc' dir='ltr'>δεξιὸν</span> <span class='ocrx_word' id='word_1_535' title='bbox 3639 2358 3841 2411; x_wconf 86' lang='grc' dir='ltr'>μετεω-</span> 
     </span>
    </p>
   </div>
   <div class='ocr_carea' id='block_1_77' title="bbox 2190 2420 3841 2499">
    <p class='ocr_par' dir='ltr' id='par_1_77' title="bbox 2190 2420 3841 2499">
     <span class='ocr_line' id='line_1_77' title="bbox 2190 2420 3841 2499; baseline 0.002 -22"><span class='ocrx_word' id='word_1_536' title='bbox 2190 2424 2408 2499; x_wconf 86' lang='grc' dir='ltr'>ρίζοντα</span> <span class='ocrx_word' id='word_1_537' title='bbox 2436 2420 2596 2491; x_wconf 83' lang='grc' dir='ltr'>πόδα,</span> <span class='ocrx_word' id='word_1_538' title='bbox 2629 2426 2718 2478; x_wconf 80' lang='grc' dir='ltr'>καὶ</span> <span class='ocrx_word' id='word_1_539' title='bbox 2752 2424 2931 2499; x_wconf 84' lang='grc' dir='ltr'>ὥσπερ</span> <span class='ocrx_word' id='word_1_540' title='bbox 2965 2424 3150 2498; x_wconf 84' lang='grc' dir='ltr'>ἐκείνῳ</span> <span class='ocrx_word' id='word_1_541' title='bbox 3182 2423 3566 2481; x_wconf 82' lang='grc' dir='ltr'>ὑποδεικνύντα</span> <span class='ocrx_word' id='word_1_542' title='bbox 3607 2427 3670 2481; x_wconf 88' lang='grc' dir='ltr'>τὸ</span> <span class='ocrx_word' id='word_1_543' title='bbox 3704 2428 3841 2481; x_wconf 87' lang='grc' dir='ltr'>ὑπο-</span> 
     </span>
    </p>
   </div>
   <div class='ocr_carea' id='block_1_78' title="bbox 2188 2508 3841 2589">
    <p class='ocr_par' dir='ltr' id='par_1_78' title="bbox 2188 2508 3841 2589">
     <span class='ocr_line' id='line_1_78' title="bbox 2188 2508 3841 2589; baseline 0.003 -24"><span class='ocrx_word' id='word_1_544' title='bbox 2188 2512 2431 2584; x_wconf 89' lang='grc' dir='ltr'>κείμενον</span> <span class='ocrx_word' id='word_1_545' title='bbox 2466 2508 2679 2589; x_wconf 72' lang='grc' dir='ltr'>ἔδαφοςο</span> <span class='ocrx_word' id='word_1_546' title='bbox 2715 2510 2892 2567; x_wconf 79' lang='grc' dir='ltr'>οὐδενὶ</span> <span class='ocrx_word' id='word_1_547' title='bbox 2935 2515 3040 2588; x_wconf 81' lang='grc' dir='ltr'>γὰρ</span> <span class='ocrx_word' id='word_1_548' title='bbox 3073 2514 3101 2567; x_wconf 89' lang='grc' dir='ltr'>ὁ</span> <span class='ocrx_word' id='word_1_549' title='bbox 3133 2513 3302 2586; x_wconf 83' lang='grc' dir='ltr'>ἀμνὸς</span> <span class='ocrx_word' id='word_1_550' title='bbox 3348 2516 3455 2569; x_wconf 83' lang='grc' dir='ltr'>τὼν</span> <span class='ocrx_word' id='word_1_551' title='bbox 3507 2513 3694 2570; x_wconf 78' lang='grc' dir='ltr'>ἄλλων</span> <span class='ocrx_word' id='word_1_552' title='bbox 3750 2537 3841 2570; x_wconf 88' lang='grc' dir='ltr'>τε-</span> 
     </span>
    </p>
   </div>
   <div class='ocr_carea' id='block_1_79' title="bbox 2193 2596 3847 2678">
    <p class='ocr_par' dir='ltr' id='par_1_79' title="bbox 2193 2596 3847 2678">
     <span class='ocr_line' id='line_1_79' title="bbox 2193 2596 3847 2678; baseline 0.002 -23"><span class='ocrx_word' id='word_1_553' title='bbox 2193 2599 2369 2664; x_wconf 80' lang='grc' dir='ltr'>θέατο.</span> <span class='ocrx_word' id='word_1_554' title='bbox 2393 2601 2499 2655; x_wconf 89' lang='grc' dir='ltr'>Καὶ</span> <span class='ocrx_word' id='word_1_555' title='bbox 2532 2596 2827 2673; x_wconf 88' lang='grc' dir='ltr'>συμϐαλὼν</span> <span class='ocrx_word' id='word_1_556' title='bbox 2853 2603 2952 2670; x_wconf 77' lang='grc' dir='ltr'>την</span> <span class='ocrx_word' id='word_1_557' title='bbox 2985 2599 3107 2675; x_wconf 78' lang='grc' dir='ltr'>ὄψιν</span> <span class='ocrx_word' id='word_1_558' title='bbox 3142 2603 3169 2655; x_wconf 88' lang='grc' dir='ltr'><strong>ὁ</strong></span> <span class='ocrx_word' id='word_1_559' title='bbox 3202 2603 3573 2678; x_wconf 86' lang='grc' dir='ltr'>πατριάρχης,</span> <span class='ocrx_word' id='word_1_560' title='bbox 3605 2608 3683 2674; x_wconf 82' lang='grc' dir='ltr'>τῷ</span> <span class='ocrx_word' id='word_1_561' title='bbox 3712 2604 3847 2658; x_wconf 83' lang='grc' dir='ltr'>ὑπο-</span> 
     </span>
    </p>
   </div>
   <div class='ocr_carea' id='block_1_80' title="bbox 2194 2686 3845 2770">
    <p class='ocr_par' dir='ltr' id='par_1_80' title="bbox 2194 2686 3845 2770">
     <span class='ocr_line' id='line_1_80' title="bbox 2194 2686 3845 2770; baseline 0.002 -27"><span class='ocrx_word' id='word_1_562' title='bbox 2194 2686 2460 2764; x_wconf 85' lang='grc' dir='ltr'>δειχθέντι</span> <span class='ocrx_word' id='word_1_563' title='bbox 2516 2689 2669 2761; x_wconf 83' lang='grc' dir='ltr'>τόπῳ</span> <span class='ocrx_word' id='word_1_564' title='bbox 2725 2690 2860 2762; x_wconf 87' lang='grc' dir='ltr'>μετά</span> <span class='ocrx_word' id='word_1_565' title='bbox 2912 2694 3018 2744; x_wconf 81' lang='grc' dir='ltr'>τῶν</span> <span class='ocrx_word' id='word_1_566' title='bbox 3073 2690 3354 2766; x_wconf 88' lang='grc' dir='ltr'>παρόντων</span> <span class='ocrx_word' id='word_1_567' title='bbox 3411 2691 3708 2770; x_wconf 75' lang='grc' dir='ltr'>ἐφίσταται,</span> <span class='ocrx_word' id='word_1_568' title='bbox 3753 2692 3845 2747; x_wconf 72' lang='grc' dir='ltr'>καί</span> 
     </span>
    </p>
   </div>
   <div class='ocr_carea' id='block_1_81' title="bbox 2193 2777 3839 2858">
    <p class='ocr_par' dir='ltr' id='par_1_81' title="bbox 2193 2777 3839 2858">
     <span class='ocr_line' id='line_1_81' title="bbox 2193 2777 3839 2858; baseline 0.002 -27"><span class='ocrx_word' id='word_1_569' title='bbox 2193 2799 2372 2855; x_wconf 83' lang='grc' dir='ltr'>φησιν.</span> <span class='ocrx_word' id='word_1_570' title='bbox 2407 2779 2490 2833; x_wconf 91' lang='grc' dir='ltr'>Ἐν</span> <span class='ocrx_word' id='word_1_571' title='bbox 2524 2777 2752 2851; x_wconf 85' lang='grc' dir='ltr'>ὀνόματι</span> <span class='ocrx_word' id='word_1_572' title='bbox 2788 2782 2884 2833; x_wconf 89' lang='grc' dir='ltr'>τοῦ</span> <span class='ocrx_word' id='word_1_573' title='bbox 2924 2779 3125 2854; x_wconf 86' lang='grc' dir='ltr'>Κυρίου</span> <span class='ocrx_word' id='word_1_574' title='bbox 3164 2783 3322 2853; x_wconf 80' lang='grc' dir='ltr'>ἡμῶν</span> <span class='ocrx_word' id='word_1_575' title='bbox 3356 2781 3533 2850; x_wconf 86' lang='grc' dir='ltr'>Ἰησοῦ</span> <span class='ocrx_word' id='word_1_576' title='bbox 3581 2785 3839 2858; x_wconf 76' lang='grc' dir='ltr'>Χριστοῦ,</span> 
     </span>
    </p>
   </div>
   <div class='ocr_carea' id='block_1_82' title="bbox 2193 2866 3839 2943">
    <p class='ocr_par' dir='ltr' id='par_1_82' title="bbox 2193 2866 3839 2943">
     <span class='ocr_line' id='line_1_82' title="bbox 2193 2866 3839 2943; baseline 0.001 -21"><span class='ocrx_word' id='word_1_577' title='bbox 2193 2866 2418 2930; x_wconf 79' lang='grc' dir='ltr'>ἐνταῦθά</span> <span class='ocrx_word' id='word_1_578' title='bbox 2470 2888 2584 2940; x_wconf 89' lang='grc' dir='ltr'>μοι,</span> <span class='ocrx_word' id='word_1_579' title='bbox 2616 2867 2789 2937; x_wconf 88' lang='grc' dir='ltr'>τέκνα,</span> <span class='ocrx_word' id='word_1_580' title='bbox 2821 2866 3060 2943; x_wconf 81' lang='grc' dir='ltr'>ὀρύξατε.</span> <span class='ocrx_word' id='word_1_581' title='bbox 3094 2867 3197 2924; x_wconf 83' lang='grc' dir='ltr'>Καὶ</span> <span class='ocrx_word' id='word_1_582' title='bbox 3245 2866 3431 2937; x_wconf 77' lang='grc' dir='ltr'>ἐπειδὴ</span> <span class='ocrx_word' id='word_1_583' title='bbox 3479 2868 3638 2924; x_wconf 80' lang='grc' dir='ltr'>αὐτόν</span> <span class='ocrx_word' id='word_1_584' title='bbox 3686 2890 3745 2923; x_wconf 88' lang='grc' dir='ltr'>τε</span> <span class='ocrx_word' id='word_1_585' title='bbox 3788 2873 3839 2906; x_wconf 74' lang='grc'>⁸³</span> 
     </span>
    </p>
   </div>
   <div class='ocr_carea' id='block_1_83' title="bbox 2192 2955 3835 3031">
    <p class='ocr_par' dir='ltr' id='par_1_83' title="bbox 2192 2955 3835 3031">
     <span class='ocr_line' id='line_1_83' title="bbox 2192 2955 3835 3031; baseline 0.001 -21"><span class='ocrx_word' id='word_1_586' title='bbox 2192 2957 2281 3010; x_wconf 88' lang='grc' dir='ltr'>τὸν</span> <span class='ocrx_word' id='word_1_587' title='bbox 2315 2955 2503 3024; x_wconf 88' lang='grc' dir='ltr'>τόπον,</span> <span class='ocrx_word' id='word_1_588' title='bbox 2538 2956 2612 3017; x_wconf 82' lang='grc' dir='ltr'>εἷς</span> <span class='ocrx_word' id='word_1_589' title='bbox 2642 2957 2700 3010; x_wconf 82' lang='grc' dir='ltr'>’ὀν</span> <span class='ocrx_word' id='word_1_590' title='bbox 2734 2957 2761 3009; x_wconf 89' lang='grc' dir='ltr'>ὁ</span> <span class='ocrx_word' id='word_1_591' title='bbox 2809 2958 2975 3030; x_wconf 85' lang='grc' dir='ltr'>ἀμνὸς</span> <span class='ocrx_word' id='word_1_592' title='bbox 3017 2955 3227 3031; x_wconf 63' lang='grc' dir='ltr'>ἵστατο,</span> <span class='ocrx_word' id='word_1_593' title='bbox 3258 2959 3349 3012; x_wconf 82' lang='grc' dir='ltr'>καὶ</span> <span class='ocrx_word' id='word_1_594' title='bbox 3394 2959 3456 3013; x_wconf 87' lang='grc' dir='ltr'>τὸ</span> <span class='ocrx_word' id='word_1_595' title='bbox 3499 2956 3690 3031; x_wconf 84' lang='grc' dir='ltr'>κύκλῳ</span> <span class='ocrx_word' id='word_1_596' title='bbox 3728 2964 3835 3014; x_wconf 76' lang='grc' dir='ltr'>πᾶν</span> 
     </span>
    </p>
   </div>
   <div class='ocr_carea' id='block_1_84' title="bbox 2191 3040 3840 3123">
    <p class='ocr_par' dir='ltr' id='par_1_84' title="bbox 2191 3040 3840 3123">
     <span class='ocr_line' id='line_1_84' title="bbox 2191 3040 3840 3123; baseline 0.001 -25"><span class='ocrx_word' id='word_1_597' title='bbox 2191 3048 2569 3120; x_wconf 80' lang='grc' dir='ltr'>περιέσκαψαν,</span> <span class='ocrx_word' id='word_1_598' title='bbox 2623 3040 2806 3099; x_wconf 87' lang='grc' dir='ltr'>λαϐὼν</span> <span class='ocrx_word' id='word_1_599' title='bbox 2858 3051 3108 3123; x_wconf 75' lang='grc' dir='ltr'>σκαφεῖον</span> <span class='ocrx_word' id='word_1_600' title='bbox 3160 3048 3187 3102; x_wconf 91' lang='lat'>6</span> <span class='ocrx_word' id='word_1_601' title='bbox 3235 3042 3604 3123; x_wconf 84' lang='grc' dir='ltr'>πατριάρχης,</span> <span class='ocrx_word' id='word_1_602' title='bbox 3646 3046 3840 3121; x_wconf 81' lang='grc' dir='ltr'>κρούει</span> 
     </span>
    </p>
   </div>
   <div class='ocr_carea' id='block_1_85' title="bbox 2189 3132 3840 3213">
    <p class='ocr_par' dir='ltr' id='par_1_85' title="bbox 2189 3132 3840 3213">
     <span class='ocr_line' id='line_1_85' title="bbox 2189 3132 3840 3213; baseline 0.001 -25"><span class='ocrx_word' id='word_1_603' title='bbox 2189 3134 2279 3188; x_wconf 90' lang='grc' dir='ltr'>τὸν</span> <span class='ocrx_word' id='word_1_604' title='bbox 2325 3133 2490 3187; x_wconf 90' lang='grc' dir='ltr'>τόπον</span> <span class='ocrx_word' id='word_1_605' title='bbox 2541 3132 2662 3197; x_wconf 78' lang='grc' dir='ltr'>ἔνθα</span> <span class='ocrx_word' id='word_1_606' title='bbox 2708 3136 2737 3187; x_wconf 85' lang='grc' dir='ltr'>ὁ</span> <span class='ocrx_word' id='word_1_607' title='bbox 2779 3134 2949 3207; x_wconf 89' lang='grc' dir='ltr'>ἀμνὸς</span> <span class='ocrx_word' id='word_1_608' title='bbox 3000 3132 3303 3207; x_wconf 85' lang='grc' dir='ltr'>ὑπεδείκνυ,</span> <span class='ocrx_word' id='word_1_609' title='bbox 3354 3136 3543 3213; x_wconf 77' lang='grc' dir='ltr'>κούφῳ</span> <span class='ocrx_word' id='word_1_610' title='bbox 3590 3136 3697 3190; x_wconf 85' lang='grc' dir='ltr'>τινὶ</span> <span class='ocrx_word' id='word_1_611' title='bbox 3744 3136 3840 3191; x_wconf 81' lang='grc' dir='ltr'>καὶ</span> 
     </span>
    </p>
   </div>
   <div class='ocr_carea' id='block_1_86' title="bbox 2196 3221 3840 3301">
    <p class='ocr_par' dir='ltr' id='par_1_86' title="bbox 2196 3221 3840 3301">
     <span class='ocr_line' id='line_1_86' title="bbox 2196 3221 3840 3301; baseline 0.002 -24"><span class='ocrx_word' id='word_1_612' title='bbox 2196 3224 2454 3299; x_wconf 86' lang='grc' dir='ltr'>μετεώρῳ</span> <span class='ocrx_word' id='word_1_613' title='bbox 2482 3227 2560 3294; x_wconf 80' lang='grc' dir='ltr'>τῷ</span> <span class='ocrx_word' id='word_1_614' title='bbox 2586 3221 2874 3297; x_wconf 82' lang='grc' dir='ltr'>κρούματι’</span> <span class='ocrx_word' id='word_1_615' title='bbox 2907 3223 2998 3278; x_wconf 85' lang='grc' dir='ltr'>καὶ</span> <span class='ocrx_word' id='word_1_616' title='bbox 3046 3232 3391 3300; x_wconf 88' lang='grc' dir='ltr'>παραχρῆμα</span> <span class='ocrx_word' id='word_1_617' title='bbox 3437 3222 3633 3287; x_wconf 78' lang='grc' dir='ltr'>διειδὲς</span> <span class='ocrx_word' id='word_1_618' title='bbox 3690 3222 3840 3301; x_wconf 77' lang='grc' dir='ltr'>ὕδωρ</span> 
     </span>
    </p>
   </div>
   <div class='ocr_carea' id='block_1_87' title="bbox 2111 3298 3845 3391">
    <p class='ocr_par' dir='ltr' id='par_1_87' title="bbox 2111 3298 3845 3391">
     <span class='ocr_line' id='line_1_87' title="bbox 2111 3298 3845 3391; baseline 0.002 -27"><span class='ocrx_word' id='word_1_619' title='bbox 2111 3298 2152 3364; x_wconf 80' lang='lat' dir='ltr'>C</span> <span class='ocrx_word' id='word_1_620' title='bbox 2191 3315 2226 3381; x_wconf 81' lang='grc' dir='ltr'>ἡ</span> <span class='ocrx_word' id='word_1_621' title='bbox 2260 3319 2331 3387; x_wconf 86' lang='grc' dir='ltr'>γῆ</span> <span class='ocrx_word' id='word_1_622' title='bbox 2365 3312 2453 3365; x_wconf 87' lang='grc' dir='ltr'>καὶ</span> <span class='ocrx_word' id='word_1_623' title='bbox 2500 3308 2606 3380; x_wconf 81' lang='grc' dir='ltr'>ἡδὺ</span> <span class='ocrx_word' id='word_1_624' title='bbox 2653 3317 2793 3366; x_wconf 87' lang='grc' dir='ltr'>πιεῖν</span> <span class='ocrx_word' id='word_1_625' title='bbox 2839 3298 3151 3367; x_wconf 81' lang='grc' dir='ltr'>ἀναδίδωσι’</span> <span class='ocrx_word' id='word_1_626' title='bbox 3197 3298 3287 3369; x_wconf 82' lang='grc' dir='ltr'>καὶ</span> <span class='ocrx_word' id='word_1_627' title='bbox 3333 3318 3515 3384; x_wconf 88' lang='grc' dir='ltr'>τοῦτο,</span> <span class='ocrx_word' id='word_1_628' title='bbox 3550 3312 3641 3369; x_wconf 74' lang='grc' dir='ltr'>σὺν</span> <span class='ocrx_word' id='word_1_629' title='bbox 3692 3298 3845 3391; x_wconf 65' lang='grc' dir='ltr'>ὁρμῇ</span> 
     </span>
    </p>
   </div>
   <div class='ocr_carea' id='block_1_88' title="bbox 2195 3400 3849 3480">
    <p class='ocr_par' dir='ltr' id='par_1_88' title="bbox 2195 3400 3849 3480">
     <span class='ocr_line' id='line_1_88' title="bbox 2195 3400 3849 3480; baseline 0.001 -25"><span class='ocrx_word' id='word_1_630' title='bbox 2195 3400 2441 3476; x_wconf 76' lang='grc' dir='ltr'>ἐκχυθὲν,</span> <span class='ocrx_word' id='word_1_631' title='bbox 2473 3401 2718 3474; x_wconf 87' lang='grc' dir='ltr'>ποταμὸν</span> <span class='ocrx_word' id='word_1_632' title='bbox 2766 3401 2958 3476; x_wconf 89' lang='grc' dir='ltr'>ἀθρόον</span> <span class='ocrx_word' id='word_1_633' title='bbox 3008 3407 3174 3456; x_wconf 85' lang='grc' dir='ltr'>ποιεῖ.</span> <span class='ocrx_word' id='word_1_634' title='bbox 3209 3404 3431 3457; x_wconf 82' lang='grc' dir='ltr'>Πάντων</span> <span class='ocrx_word' id='word_1_635' title='bbox 3483 3401 3575 3457; x_wconf 79' lang='grc' dir='ltr'>οὖν</span> <span class='ocrx_word' id='word_1_636' title='bbox 3619 3403 3849 3480; x_wconf 85' lang='grc' dir='ltr'>χαιρόν-</span> 
     </span>
    </p>
   </div>
   <div class='ocr_carea' id='block_1_89' title="bbox 2191 3487 3853 3567">
    <p class='ocr_par' dir='ltr' id='par_1_89' title="bbox 2191 3487 3853 3567">
     <span class='ocr_line' id='line_1_89' title="bbox 2191 3487 3853 3567; baseline 0.002 -22"><span class='ocrx_word' id='word_1_637' title='bbox 2191 3511 2299 3545; x_wconf 90' lang='grc' dir='ltr'>των</span> <span class='ocrx_word' id='word_1_638' title='bbox 2351 3488 2438 3544; x_wconf 88' lang='grc' dir='ltr'>ἐπὶ</span> <span class='ocrx_word' id='word_1_639' title='bbox 2489 3495 2567 3562; x_wconf 77' lang='grc' dir='ltr'>τῷ</span> <span class='ocrx_word' id='word_1_640' title='bbox 2615 3487 2789 3561; x_wconf 79' lang='grc' dir='ltr'>ὕδατι,</span> <span class='ocrx_word' id='word_1_641' title='bbox 2834 3491 2861 3544; x_wconf 92' lang='lat'>6</span> <span class='ocrx_word' id='word_1_642' title='bbox 2909 3490 3277 3567; x_wconf 83' lang='grc' dir='ltr'>πατριάρχης,</span> <span class='ocrx_word' id='word_1_643' title='bbox 3324 3497 3430 3547; x_wconf 85' lang='grc' dir='ltr'>Τοῦ</span> <span class='ocrx_word' id='word_1_644' title='bbox 3481 3498 3732 3567; x_wconf 88' lang='grc' dir='ltr'>ποταμοῦ</span> <span class='ocrx_word' id='word_1_645' title='bbox 3778 3494 3853 3548; x_wconf 69' lang='grc' dir='ltr'>τὰ</span> 
     </span>
    </p>
   </div>
   <div class='ocr_carea' id='block_1_90' title="bbox 2195 3578 3847 3657">
    <p class='ocr_par' dir='ltr' id='par_1_90' title="bbox 2195 3578 3847 3657">
     <span class='ocr_line' id='line_1_90' title="bbox 2195 3578 3847 3657; baseline 0.001 -24"><span class='ocrx_word' id='word_1_646' title='bbox 2195 3581 2494 3655; x_wconf 76' lang='grc' dir='ltr'>ὁρμήματά</span> <span class='ocrx_word' id='word_1_647' title='bbox 2598 3578 2938 3657; x_wconf 76' lang='grc' dir='ltr'>εὐφραίνουσι</span> <span class='ocrx_word' id='word_1_648' title='bbox 3038 3581 3138 3649; x_wconf 82' lang='grc' dir='ltr'>τήν</span> <span class='ocrx_word' id='word_1_649' title='bbox 3242 3579 3405 3636; x_wconf 88' lang='grc' dir='ltr'>πόλιν</span> <span class='ocrx_word' id='word_1_650' title='bbox 3504 3585 3602 3636; x_wconf 91' lang='grc' dir='ltr'>τοῦ</span> <span class='ocrx_word' id='word_1_651' title='bbox 3686 3586 3847 3652; x_wconf 86' lang='grc' dir='ltr'>Θεοῦ,</span> 
     </span>
    </p>
   </div>
   <div class='ocr_carea' id='block_1_91' title="bbox 2196 3664 2402 3743">
    <p class='ocr_par' dir='ltr' id='par_1_91' title="bbox 2196 3664 2402 3743">
     <span class='ocr_line' id='line_1_91' title="bbox 2196 3664 2402 3743; baseline 0.015 -22"><span class='ocrx_word' id='word_1_652' title='bbox 2196 3664 2378 3743; x_wconf 79' lang='grc' dir='ltr'>ἔλεγεν</span> <span class='ocrx_word' id='word_1_653' title='bbox 2390 3712 2402 3724; x_wconf 93' lang='grc'><strong>.</strong></span> 
     </span>
    </p>
   </div>
   <div class='ocr_carea' id='block_1_92' title="bbox 2267 3754 3847 3836">
    <p class='ocr_par' dir='ltr' id='par_1_92' title="bbox 2267 3754 3847 3836">
     <span class='ocr_line' id='line_1_92' title="bbox 2267 3754 3847 3836; baseline 0.001 -23"><span class='ocrx_word' id='word_1_654' title='bbox 2267 3758 2467 3813; x_wconf 86' lang='lat' dir='ltr'>CLXX.</span> <span class='ocrx_word' id='word_1_655' title='bbox 2485 3757 2753 3811; x_wconf 85' lang='grc' dir='ltr'>Ἐντεῦθεν</span> <span class='ocrx_word' id='word_1_656' title='bbox 2786 3760 2820 3825; x_wconf 82' lang='grc' dir='ltr'>ἡ</span> <span class='ocrx_word' id='word_1_657' title='bbox 2853 3754 3018 3816; x_wconf 87' lang='grc' dir='ltr'>πόλις</span> <span class='ocrx_word' id='word_1_658' title='bbox 3038 3757 3163 3833; x_wconf 87' lang='grc' dir='ltr'>περὶ</span> <span class='ocrx_word' id='word_1_659' title='bbox 3192 3756 3350 3812; x_wconf 81' lang='grc' dir='ltr'>αὐτὸν</span> <span class='ocrx_word' id='word_1_660' title='bbox 3379 3764 3521 3812; x_wconf 77' lang='grc' dir='ltr'>πᾶσα</span> <span class='ocrx_word' id='word_1_661' title='bbox 3542 3759 3847 3836; x_wconf 70' lang='grc' dir='ltr'>συνέρρεον,</span> 
     </span>
    </p>
   </div>
   <div class='ocr_carea' id='block_1_93' title="bbox 2197 3844 3850 3923">
    <p class='ocr_par' dir='ltr' id='par_1_93' title="bbox 2197 3844 3850 3923">
     <span class='ocr_line' id='line_1_93' title="bbox 2197 3844 3850 3923; baseline 0.002 -24"><span class='ocrx_word' id='word_1_662' title='bbox 2197 3846 2284 3899; x_wconf 86' lang='grc' dir='ltr'>καὶ</span> <span class='ocrx_word' id='word_1_663' title='bbox 2313 3849 2381 3918; x_wconf 80' lang='grc' dir='ltr'>τῇ</span> <span class='ocrx_word' id='word_1_664' title='bbox 2407 3852 2506 3914; x_wconf 85' lang='grc' dir='ltr'>οῆς</span> <span class='ocrx_word' id='word_1_665' title='bbox 2539 3852 2911 3918; x_wconf 83' lang='grc' dir='ltr'>πνευματικῆς</span> <span class='ocrx_word' id='word_1_666' title='bbox 2944 3845 3151 3917; x_wconf 77' lang='grc' dir='ltr'>ἐκείνης</span> <span class='ocrx_word' id='word_1_667' title='bbox 3175 3844 3523 3909; x_wconf 83' lang='grc' dir='ltr'>διδασκαλίας</span> <span class='ocrx_word' id='word_1_668' title='bbox 3544 3847 3850 3923; x_wconf 86' lang='grc' dir='ltr'>γλυκύτητι</span> 
     </span>
    </p>
   </div>
   <div class='ocr_carea' id='block_1_94' title="bbox 2196 3931 3855 4011">
    <p class='ocr_par' dir='ltr' id='par_1_94' title="bbox 2196 3931 3855 4011">
     <span class='ocr_line' id='line_1_94' title="bbox 2196 3931 3855 4011; baseline 0.003 -24"><span class='ocrx_word' id='word_1_669' title='bbox 2196 3936 2330 4008; x_wconf 83' lang='grc' dir='ltr'>πρὸς</span> <span class='ocrx_word' id='word_1_670' title='bbox 2359 3935 2457 4002; x_wconf 75' lang='grc' dir='ltr'>τὴν</span> <span class='ocrx_word' id='word_1_671' title='bbox 2488 3931 2666 4003; x_wconf 84' lang='grc' dir='ltr'>ἀληθῆ</span> <span class='ocrx_word' id='word_1_672' title='bbox 2712 3933 2891 3988; x_wconf 88' lang='grc' dir='ltr'>πίστιν</span> <span class='ocrx_word' id='word_1_673' title='bbox 2923 3934 3124 3997; x_wconf 86' lang='grc' dir='ltr'>πάντας</span> <span class='ocrx_word' id='word_1_674' title='bbox 3170 3934 3424 4011; x_wconf 75' lang='grc' dir='ltr'>ἐπήγετο,</span> <span class='ocrx_word' id='word_1_675' title='bbox 3458 3936 3532 3997; x_wconf 84' lang='grc' dir='ltr'>ὼς</span> <span class='ocrx_word' id='word_1_676' title='bbox 3574 3937 3662 3991; x_wconf 75' lang='grc' dir='ltr'>καὶ</span> <span class='ocrx_word' id='word_1_677' title='bbox 3711 3937 3855 3993; x_wconf 83' lang='grc' dir='ltr'>πολ-</span> 
     </span>
    </p>
   </div>
   <div class='ocr_carea' id='block_1_95' title="bbox 2182 4020 3848 4097">
    <p class='ocr_par' dir='ltr' id='par_1_95' title="bbox 2182 4020 3848 4097">
     <span class='ocr_line' id='line_1_95' title="bbox 2182 4020 3848 4097; baseline 0.004 -22"><span class='ocrx_word' id='word_1_678' title='bbox 2182 4021 2326 4083; x_wconf 83' lang='grc' dir='ltr'>λοὺς</span> <span class='ocrx_word' id='word_1_679' title='bbox 2358 4020 2476 4076; x_wconf 80' lang='grc' dir='ltr'>ὅσαι</span> <span class='ocrx_word' id='word_1_680' title='bbox 2508 4023 2710 4094; x_wconf 76' lang='grc' dir='ltr'>ἡμέραι</span> <span class='ocrx_word' id='word_1_681' title='bbox 2745 4022 3110 4097; x_wconf 87' lang='grc' dir='ltr'>βαπτίζεσθαι,</span> <span class='ocrx_word' id='word_1_682' title='bbox 3146 4023 3221 4085; x_wconf 79' lang='grc' dir='ltr'>εἰς</span> <span class='ocrx_word' id='word_1_683' title='bbox 3253 4024 3635 4087; x_wconf 86' lang='grc' dir='ltr'>πεντακοσίους</span> <span class='ocrx_word' id='word_1_684' title='bbox 3664 4046 3725 4080; x_wconf 90' lang='grc' dir='ltr'>τε</span> <span class='ocrx_word' id='word_1_685' title='bbox 3751 4027 3848 4081; x_wconf 89' lang='grc' dir='ltr'>τὸν</span> 
     </span>
    </p>
   </div>
   <div class='ocr_carea' id='block_1_96' title="bbox 2195 4104 3853 4185">
    <p class='ocr_par' dir='ltr' id='par_1_96' title="bbox 2195 4104 3853 4185">
     <span class='ocr_line' id='line_1_96' title="bbox 2195 4104 3853 4185; baseline 0.004 -21"><span class='ocrx_word' id='word_1_686' title='bbox 2195 4111 2421 4183; x_wconf 86' lang='grc' dir='ltr'>ἀριθμὸν</span> <span class='ocrx_word' id='word_1_687' title='bbox 2466 4104 2747 4183; x_wconf 76' lang='grc' dir='ltr'>ἀναϐῆναι,</span> <span class='ocrx_word' id='word_1_688' title='bbox 2799 4112 2888 4165; x_wconf 79' lang='grc' dir='ltr'>καὶ</span> <span class='ocrx_word' id='word_1_689' title='bbox 2946 4113 3045 4181; x_wconf 77' lang='grc' dir='ltr'>τὴν</span> <span class='ocrx_word' id='word_1_690' title='bbox 3119 4108 3386 4167; x_wconf 76' lang='grc' dir='ltr'>εὐσέϐειαν</span> <span class='ocrx_word' id='word_1_691' title='bbox 3453 4116 3571 4168; x_wconf 86' lang='grc' dir='ltr'>καθ’</span> <span class='ocrx_word' id='word_1_692' title='bbox 3621 4116 3853 4185; x_wconf 66' lang='grc' dir='ltr'>ἑκάστην</span> 
     </span>
    </p>
   </div>
   <div class='ocr_carea' id='block_1_97' title="bbox 2194 4197 3850 4280">
    <p class='ocr_par' dir='ltr' id='par_1_97' title="bbox 2194 4197 3850 4280">
     <span class='ocr_line' id='line_1_97' title="bbox 2194 4197 3850 4280; baseline 0.004 -27"><span class='ocrx_word' id='word_1_693' title='bbox 2194 4197 2514 4256; x_wconf 78' lang='grc' dir='ltr'>ἐπιδιδόναι.</span> <span class='ocrx_word' id='word_1_694' title='bbox 2550 4198 2713 4254; x_wconf 79' lang='grc' dir='ltr'>Ούπω</span> <span class='ocrx_word' id='word_1_695' title='bbox 2742 4199 2919 4254; x_wconf 84' lang='grc' dir='ltr'>τοίνυν</span> <span class='ocrx_word' id='word_1_696' title='bbox 2953 4199 3189 4263; x_wconf 86' lang='grc' dir='ltr'>ἐνιαυτὸς</span> <span class='ocrx_word' id='word_1_697' title='bbox 3238 4204 3336 4272; x_wconf 80' lang='grc' dir='ltr'>τήν</span> <span class='ocrx_word' id='word_1_698' title='bbox 3384 4203 3669 4280; x_wconf 78' lang='grc' dir='ltr'>ὑπερορίαν</span> <span class='ocrx_word' id='word_1_699' title='bbox 3718 4203 3850 4277; x_wconf 82' lang='grc' dir='ltr'>ἐμέ-</span> 
     </span>
    </p>
   </div>
   <div class='ocr_carea' id='block_1_98' title="bbox 2192 4287 3845 4365">
    <p class='ocr_par' dir='ltr' id='par_1_98' title="bbox 2192 4287 3845 4365">
     <span class='ocr_line' id='line_1_98' title="bbox 2192 4287 3845 4365; baseline 0.004 -22"><span class='ocrx_word' id='word_1_700' title='bbox 2192 4311 2327 4365; x_wconf 89' lang='grc' dir='ltr'>τρει,</span> <span class='ocrx_word' id='word_1_701' title='bbox 2376 4289 2466 4344; x_wconf 82' lang='grc' dir='ltr'>καὶ</span> <span class='ocrx_word' id='word_1_702' title='bbox 2517 4287 2934 4362; x_wconf 86' lang='grc' dir='ltr'>οἷκοδομοῦνται</span> <span class='ocrx_word' id='word_1_703' title='bbox 2989 4290 3083 4362; x_wconf 72' lang='grc' dir='ltr'>μὲν</span> <span class='ocrx_word' id='word_1_704' title='bbox 3139 4292 3239 4345; x_wconf 86' lang='grc' dir='ltr'>ὑπὸ</span> <span class='ocrx_word' id='word_1_705' title='bbox 3288 4296 3395 4346; x_wconf 79' lang='grc' dir='ltr'>τῶν</span> <span class='ocrx_word' id='word_1_706' title='bbox 3445 4293 3845 4349; x_wconf 86' lang='grc' dir='ltr'>πιστευσάντων</span> 
     </span>
    </p>
   </div>
   <div class='ocr_carea' id='block_1_99' title="bbox 2196 4376 3846 4456">
    <p class='ocr_par' dir='ltr' id='par_1_99' title="bbox 2196 4376 3846 4456">
     <span class='ocr_line' id='line_1_99' title="bbox 2196 4376 3846 4456; baseline 0.004 -25"><span class='ocrx_word' id='word_1_707' title='bbox 2196 4376 2481 4448; x_wconf 83' lang='grc' dir='ltr'>ἐκκλησίαι</span> <span class='ocrx_word' id='word_1_708' title='bbox 2510 4378 2601 4432; x_wconf 90' lang='grc' dir='ltr'>τὸν</span> <span class='ocrx_word' id='word_1_709' title='bbox 2634 4377 2864 4452; x_wconf 86' lang='grc' dir='ltr'>ἀριθμὸν</span> <span class='ocrx_word' id='word_1_710' title='bbox 2894 4378 3051 4433; x_wconf 83' lang='grc' dir='ltr'>πέντε</span> <span class='ocrx_word' id='word_1_711' title='bbox 3079 4381 3169 4434; x_wconf 86' lang='grc' dir='ltr'>καὶ</span> <span class='ocrx_word' id='word_1_712' title='bbox 3214 4376 3616 4454; x_wconf 82' lang='grc' dir='ltr'>ἐϐδομήκοντα,</span> <span class='ocrx_word' id='word_1_713' title='bbox 3645 4382 3846 4456; x_wconf 81' lang='grc' dir='ltr'>τεμένη</span> 
     </span>
    </p>
   </div>
   <div class='ocr_carea' id='block_1_100' title="bbox 2196 4465 3849 4545">
    <p class='ocr_par' dir='ltr' id='par_1_100' title="bbox 2196 4465 3849 4545">
     <span class='ocr_line' id='line_1_100' title="bbox 2196 4465 3849 4545; baseline 0.004 -26"><span class='ocrx_word' id='word_1_714' title='bbox 2196 4487 2253 4520; x_wconf 87' lang='grc' dir='ltr'>τε</span> <span class='ocrx_word' id='word_1_715' title='bbox 2283 4465 2528 4521; x_wconf 71' lang='grc' dir='ltr'>εἱδώλων</span> <span class='ocrx_word' id='word_1_716' title='bbox 2591 4468 2680 4520; x_wconf 86' lang='grc' dir='ltr'>καὶ</span> <span class='ocrx_word' id='word_1_717' title='bbox 2736 4468 2856 4521; x_wconf 87' lang='grc' dir='ltr'>ναοὶ</span> <span class='ocrx_word' id='word_1_718' title='bbox 2911 4470 3311 4543; x_wconf 87' lang='grc' dir='ltr'>καθαιροῦνται,</span> <span class='ocrx_word' id='word_1_719' title='bbox 3337 4470 3427 4525; x_wconf 79' lang='grc' dir='ltr'>καὶ</span> <span class='ocrx_word' id='word_1_720' title='bbox 3456 4471 3544 4543; x_wconf 60' lang='grc' dir='ltr'>ξ,τά</span> <span class='ocrx_word' id='word_1_721' title='bbox 3599 4492 3849 4545; x_wconf 75' lang='grc' dir='ltr'>παραπε-</span> 
     </span>
    </p>
   </div>
   <div class='ocr_carea' id='block_1_101' title="bbox 2199 4554 3850 4634">
    <p class='ocr_par' dir='ltr' id='par_1_101' title="bbox 2199 4554 3850 4634">
     <span class='ocr_line' id='line_1_101' title="bbox 2199 4554 3850 4634; baseline 0.004 -25"><span class='ocrx_word' id='word_1_722' title='bbox 2199 4556 2404 4632; x_wconf 77' lang='grc' dir='ltr'>φυκότα</span> <span class='ocrx_word' id='word_1_723' title='bbox 2460 4556 2676 4617; x_wconf 86' lang='grc' dir='ltr'>τούτοις</span> <span class='ocrx_word' id='word_1_724' title='bbox 2738 4554 2906 4629; x_wconf 80' lang='grc' dir='ltr'>ἄλση,</span> <span class='ocrx_word' id='word_1_725' title='bbox 2940 4556 3027 4611; x_wconf 81' lang='grc' dir='ltr'>ἐπὶ</span> <span class='ocrx_word' id='word_1_726' title='bbox 3070 4556 3214 4612; x_wconf 84' lang='grc' dir='ltr'>πολὺ</span> <span class='ocrx_word' id='word_1_727' title='bbox 3252 4562 3351 4634; x_wconf 76' lang='grc' dir='ltr'>γῆς</span> <span class='ocrx_word' id='word_1_728' title='bbox 3381 4557 3747 4634; x_wconf 85' lang='grc' dir='ltr'>διικνούμενα,</span> <span class='ocrx_word' id='word_1_729' title='bbox 3779 4564 3850 4617; x_wconf 85' lang='grc' dir='ltr'>τὸ</span> 
     </span>
    </p>
   </div>
   <div class='ocr_carea' id='block_1_102' title="bbox 2119 4646 3852 4730">
    <p class='ocr_par' dir='ltr' id='par_1_102' title="bbox 2119 4646 3852 4730">
     <span class='ocr_line' id='line_1_102' title="bbox 2119 4646 3852 4730; baseline 0.005 -33"><span class='ocrx_word' id='word_1_730' title='bbox 2119 4665 2165 4730; x_wconf 82' lang='lat' dir='ltr'><strong>D</strong></span> <span class='ocrx_word' id='word_1_731' title='bbox 2195 4649 2301 4719; x_wconf 76' lang='grc' dir='ltr'>πῦρ</span> <span class='ocrx_word' id='word_1_732' title='bbox 2350 4646 2724 4717; x_wconf 75' lang='grc' dir='ltr'>κατανέμεται,</span> <span class='ocrx_word' id='word_1_733' title='bbox 2778 4646 2868 4699; x_wconf 88' lang='grc' dir='ltr'>καὶ</span> <span class='ocrx_word' id='word_1_734' title='bbox 2914 4652 3057 4700; x_wconf 75' lang='grc' dir='ltr'>πᾶσα</span> <span class='ocrx_word' id='word_1_735' title='bbox 3098 4652 3204 4701; x_wconf 81' lang='grc' dir='ltr'>τῶν</span> <span class='ocrx_word' id='word_1_736' title='bbox 3246 4646 3519 4721; x_wconf 88' lang='grc' dir='ltr'>δαιμόνων</span> <span class='ocrx_word' id='word_1_737' title='bbox 3566 4646 3852 4705; x_wconf 80' lang='grc' dir='ltr'>καταϐάλ-</span> 
     </span>
    </p>
   </div>
   <div class='ocr_carea' id='block_1_103' title="bbox 2200 4733 2630 4805">
    <p class='ocr_par' dir='ltr' id='par_1_103' title="bbox 2200 4733 2630 4805">
     <span class='ocr_line' id='line_1_103' title="bbox 2200 4733 2630 4805; baseline 0.005 -17"><span class='ocrx_word' id='word_1_738' title='bbox 2200 4733 2346 4788; x_wconf 89' lang='grc' dir='ltr'>λεται</span> <span class='ocrx_word' id='word_1_739' title='bbox 2377 4736 2411 4803; x_wconf 82' lang='grc' dir='ltr'>ἡ</span> <span class='ocrx_word' id='word_1_740' title='bbox 2449 4734 2630 4805; x_wconf 87' lang='grc' dir='ltr'>μανία.</span> 
     </span>
    </p>
   </div>
   <div class='ocr_carea' id='block_1_104' title="bbox 2267 4823 3841 4906">
    <p class='ocr_par' dir='ltr' id='par_1_104' title="bbox 2267 4823 3841 4906">
     <span class='ocr_line' id='line_1_104' title="bbox 2267 4823 3841 4906; baseline 0.002 -26"><span class='ocrx_word' id='word_1_741' title='bbox 2267 4825 2812 4893; x_wconf 57' lang='grc' dir='ltr'>ΟΙλΧΧΙἽηνικαῦτα</span> <span class='ocrx_word' id='word_1_742' title='bbox 2841 4823 2930 4879; x_wconf 77' lang='grc' dir='ltr'>οὖν</span> <span class='ocrx_word' id='word_1_743' title='bbox 2961 4824 3247 4903; x_wconf 66' lang='grc' dir='ltr'>ἐπίφθονός</span> <span class='ocrx_word' id='word_1_744' title='bbox 3269 4847 3327 4881; x_wconf 88' lang='grc' dir='ltr'>τε</span> <span class='ocrx_word' id='word_1_745' title='bbox 3356 4827 3443 4882; x_wconf 74' lang='grc' dir='ltr'>ταὶ</span> <span class='ocrx_word' id='word_1_746' title='bbox 3464 4828 3653 4904; x_wconf 88' lang='grc' dir='ltr'>βαρεῖα</span> <span class='ocrx_word' id='word_1_747' title='bbox 3677 4831 3841 4906; x_wconf 70' lang='grc' dir='ltr'>φήμη</span> 
     </span>
    </p>
   </div>
   <div class='ocr_carea' id='block_1_105' title="bbox 2188 4910 3850 4991">
    <p class='ocr_par' dir='ltr' id='par_1_105' title="bbox 2188 4910 3850 4991">
     <span class='ocr_line' id='line_1_105' title="bbox 2188 4910 3850 4991; baseline 0.004 -25"><span class='ocrx_word' id='word_1_748' title='bbox 2188 4912 2289 4974; x_wconf 71' lang='grc' dir='ltr'>’τὰς</span> <span class='ocrx_word' id='word_1_749' title='bbox 2318 4918 2415 4967; x_wconf 89' lang='grc' dir='ltr'>τοῦ</span> <span class='ocrx_word' id='word_1_750' title='bbox 2453 4910 2720 4986; x_wconf 83' lang='grc' dir='ltr'>βασιλέως</span> <span class='ocrx_word' id='word_1_751' title='bbox 2752 4913 2915 4975; x_wconf 81' lang='grc' dir='ltr'>ἀκοὰς</span> <span class='ocrx_word' id='word_1_752' title='bbox 2950 4914 3262 4991; x_wconf 72' lang='grc' dir='ltr'>ὑποτρέχει,</span> <span class='ocrx_word' id='word_1_753' title='bbox 3296 4914 3573 4972; x_wconf 84' lang='grc' dir='ltr'>ἐπιδοῦναι</span> <span class='ocrx_word' id='word_1_754' title='bbox 3616 4918 3684 4973; x_wconf 78' lang='grc' dir='ltr'>τὰ</span> <span class='ocrx_word' id='word_1_755' title='bbox 3711 4923 3850 4991; x_wconf 60' lang='lat' dir='ltr'>X9:-</span> 
     </span>
    </p>
   </div>
   <div class='ocr_carea' id='block_1_106' title="bbox 2194 5000 3845 5078">
    <p class='ocr_par' dir='ltr' id='par_1_106' title="bbox 2194 5000 3845 5078">
     <span class='ocr_line' id='line_1_106' title="bbox 2194 5000 3845 5078; baseline 0.005 -24"><span class='ocrx_word' id='word_1_756' title='bbox 2194 5005 2419 5055; x_wconf 82' lang='grc' dir='ltr'>στιανῶν</span> <span class='ocrx_word' id='word_1_757' title='bbox 2454 5001 2530 5063; x_wconf 66' lang='grc' dir='ltr'>εἷς</span> <span class='ocrx_word' id='word_1_758' title='bbox 2559 5000 2770 5070; x_wconf 72' lang='grc' dir='ltr'>πλῆθος</span> <span class='ocrx_word' id='word_1_759' title='bbox 2804 5002 3035 5077; x_wconf 87' lang='grc' dir='ltr'>ἀριθμοῦ</span> <span class='ocrx_word' id='word_1_760' title='bbox 3064 5006 3432 5078; x_wconf 78' lang='grc' dir='ltr'>κρεῖττον,καὶ</span> <span class='ocrx_word' id='word_1_761' title='bbox 3462 5008 3579 5071; x_wconf 78' lang='grc' dir='ltr'>καθ’</span> <span class='ocrx_word' id='word_1_762' title='bbox 3611 5007 3845 5077; x_wconf 71' lang='grc' dir='ltr'>ἑκάστην</span> 
     </span>
    </p>
   </div>
   <div class='ocr_carea' id='block_1_107' title="bbox 2193 5086 3848 5171">
    <p class='ocr_par' dir='ltr' id='par_1_107' title="bbox 2193 5086 3848 5171">
     <span class='ocr_line' id='line_1_107' title="bbox 2193 5086 3848 5171; baseline 0.005 -29"><span class='ocrx_word' id='word_1_763' title='bbox 2193 5086 2436 5159; x_wconf 73' lang='grc' dir='ltr'>αὔξεσθαι</span> <span class='ocrx_word' id='word_1_764' title='bbox 2465 5091 2561 5158; x_wconf 75' lang='grc' dir='ltr'>την</span> <span class='ocrx_word' id='word_1_765' title='bbox 2596 5091 2804 5165; x_wconf 64' lang='grc' dir='ltr'>⁹ἡμέραν</span> <span class='ocrx_word' id='word_1_766' title='bbox 2840 5088 3184 5150; x_wconf 86' lang='grc' dir='ltr'>διδάσκουσα.</span> <span class='ocrx_word' id='word_1_767' title='bbox 3217 5093 3333 5171; x_wconf 71' lang='grc' dir='ltr'>Ἐφ’</span> <span class='ocrx_word' id='word_1_768' title='bbox 3364 5096 3409 5166; x_wconf 81' lang='grc' dir='ltr'>ᾧ</span> <span class='ocrx_word' id='word_1_769' title='bbox 3442 5091 3507 5163; x_wconf 78' lang='grc' dir='ltr'>δή</span> <span class='ocrx_word' id='word_1_770' title='bbox 3549 5095 3636 5150; x_wconf 82' lang='grc' dir='ltr'>καὶ</span> <span class='ocrx_word' id='word_1_771' title='bbox 3670 5094 3848 5171; x_wconf 74' lang='grc' dir='ltr'>Αὐφι-</span> 
     </span>
    </p>
   </div>
   <div class='ocr_carea' id='block_1_108' title="bbox 2194 5175 3842 5258">
    <p class='ocr_par' dir='ltr' id='par_1_108' title="bbox 2194 5175 3842 5258">
     <span class='ocr_line' id='line_1_108' title="bbox 2194 5175 3842 5258; baseline 0.007 -27"><span class='ocrx_word' id='word_1_772' title='bbox 2194 5175 2369 5233; x_wconf 86' lang='grc' dir='ltr'>διανὸν</span> <span class='ocrx_word' id='word_1_773' title='bbox 2399 5179 2589 5234; x_wconf 76' lang='grc' dir='ltr'>αὐτίκα</span> <span class='ocrx_word' id='word_1_774' title='bbox 2617 5181 2708 5234; x_wconf 87' lang='grc' dir='ltr'>τὸν</span> <span class='ocrx_word' id='word_1_775' title='bbox 2738 5181 2986 5255; x_wconf 83' lang='grc' dir='ltr'>ἡγεμόνα</span> <span class='ocrx_word' id='word_1_776' title='bbox 3017 5182 3221 5245; x_wconf 82' lang='grc' dir='ltr'>ἐκεῖνος</span> <span class='ocrx_word' id='word_1_777' title='bbox 3252 5183 3535 5257; x_wconf 79' lang='grc' dir='ltr'>ἐκπέμπει,</span> <span class='ocrx_word' id='word_1_778' title='bbox 3572 5184 3709 5241; x_wconf 83' lang='grc' dir='ltr'>ὥστε</span> <span class='ocrx_word' id='word_1_779' title='bbox 3759 5189 3842 5258; x_wconf 79' lang='grc' dir='ltr'>μὴ</span> 
     </span>
    </p>
   </div>
   <div class='ocr_carea' id='block_1_109' title="bbox 2196 5265 3845 5351">
    <p class='ocr_par' dir='ltr' id='par_1_109' title="bbox 2196 5265 3845 5351">
     <span class='ocr_line' id='line_1_109' title="bbox 2196 5265 3845 5351; baseline 0.005 -30"><span class='ocrx_word' id='word_1_780' title='bbox 2196 5268 2358 5340; x_wconf 83' lang='grc' dir='ltr'>μόνον</span> <span class='ocrx_word' id='word_1_781' title='bbox 2405 5266 2546 5341; x_wconf 78' lang='grc' dir='ltr'>μηδὲ</span> <span class='ocrx_word' id='word_1_782' title='bbox 2590 5265 2891 5345; x_wconf 79' lang='grc' dir='ltr'>περαιτέρω</span> <span class='ocrx_word' id='word_1_783' title='bbox 2938 5270 3221 5347; x_wconf 84' lang='grc' dir='ltr'>προελθεῖν</span> <span class='ocrx_word' id='word_1_784' title='bbox 3277 5273 3412 5328; x_wconf 74' lang='grc' dir='ltr'>αὐτὰ</span> <span class='ocrx_word' id='word_1_785' title='bbox 3459 5281 3845 5351; x_wconf 79' lang='grc' dir='ltr'>συγχωρῆσαι,</span> 
     </span>
    </p>
   </div>
   <div class='ocr_carea' id='block_1_110' title="bbox 2190 5355 3848 5440">
    <p class='ocr_par' dir='ltr' id='par_1_110' title="bbox 2190 5355 3848 5440">
     <span class='ocr_line' id='line_1_110' title="bbox 2190 5355 3848 5440; baseline 0.006 -30"><span class='ocrx_word' id='word_1_786' title='bbox 2190 5355 2335 5411; x_wconf 83' lang='grc' dir='ltr'>ἀλλά</span> <span class='ocrx_word' id='word_1_787' title='bbox 2364 5358 2451 5412; x_wconf 81' lang='grc' dir='ltr'>καὶ</span> <span class='ocrx_word' id='word_1_788' title='bbox 2482 5358 2609 5420; x_wconf 79' lang='grc' dir='ltr'>τοὺς</span> <span class='ocrx_word' id='word_1_789' title='bbox 2640 5357 2749 5429; x_wconf 77' lang='grc' dir='ltr'>ἤδη</span> <span class='ocrx_word' id='word_1_790' title='bbox 2783 5362 3139 5435; x_wconf 86' lang='grc' dir='ltr'>χειρωθέντας</span> <span class='ocrx_word' id='word_1_791' title='bbox 3172 5361 3542 5440; x_wconf 83' lang='grc' dir='ltr'>ἐπαναγαγεῖν,</span> <span class='ocrx_word' id='word_1_792' title='bbox 3574 5365 3661 5418; x_wconf 81' lang='grc' dir='ltr'>καὶ</span> <span class='ocrx_word' id='word_1_793' title='bbox 3701 5364 3848 5420; x_wconf 84' lang='grc' dir='ltr'>ἀπο-</span> 
     </span>
    </p>
   </div>
   <div class='ocr_carea' id='block_1_111' title="bbox 2192 5443 3847 5527">
    <p class='ocr_par' dir='ltr' id='par_1_111' title="bbox 2192 5443 3847 5527">
     <span class='ocr_line' id='line_1_111' title="bbox 2192 5443 3847 5527; baseline 0.007 -28"><span class='ocrx_word' id='word_1_794' title='bbox 2192 5453 2383 5515; x_wconf 85' lang='grc' dir='ltr'>στῆσαι</span> <span class='ocrx_word' id='word_1_795' title='bbox 2416 5451 2512 5516; x_wconf 76' lang='grc' dir='ltr'>τῆς</span> <span class='ocrx_word' id='word_1_796' title='bbox 2546 5443 2836 5511; x_wconf 73' lang='grc' dir='ltr'>εὐσεϐείας.</span> <span class='ocrx_word' id='word_1_797' title='bbox 2872 5450 3041 5511; x_wconf 78' lang='grc' dir='ltr'>οὗτος</span> <span class='ocrx_word' id='word_1_798' title='bbox 3070 5450 3268 5523; x_wconf 85' lang='grc' dir='ltr'>τοίνυν,</span> <span class='ocrx_word' id='word_1_799' title='bbox 3300 5454 3398 5521; x_wconf 84' lang='grc' dir='ltr'>τήν</span> <span class='ocrx_word' id='word_1_800' title='bbox 3450 5458 3705 5527; x_wconf 80' lang='grc' dir='ltr'>Χερσῶνα</span> <span class='ocrx_word' id='word_1_801' title='bbox 3741 5475 3847 5511; x_wconf 82' lang='grc' dir='ltr'>κα-</span> 
     </span>
    </p>
   </div>
   <div class='ocr_carea' id='block_1_112' title="bbox 1779 5616 2488 5681">
    <p class='ocr_par' dir='ltr' id='par_1_112' title="bbox 1779 5616 2488 5681">
     <span class='ocr_line' id='line_1_112' title="bbox 1779 5616 2488 5681; baseline 0.007 -12"><span class='ocrx_word' id='word_1_802' title='bbox 1779 5616 2037 5681; x_wconf 33' lang='lat' dir='ltr'>,VARl/E</span> <span class='ocrx_word' id='word_1_803' title='bbox 2077 5617 2488 5674; x_wconf 89' lang='lat' dir='ltr'>LECTIONES.</span> 
     </span>
    </p>
   </div>
   <div class='ocr_carea' id='block_1_113' title="bbox 509 5749 1507 5825">
    <p class='ocr_par' dir='ltr' id='par_1_113' title="bbox 509 5749 1507 5825">
     <span class='ocr_line' id='line_1_113' title="bbox 509 5749 1507 5825; baseline -0.002 -15"><span class='ocrx_word' id='word_1_804' title='bbox 509 5756 553 5791; x_wconf 82' lang='grc'>⁶⁰</span> <span class='ocrx_word' id='word_1_805' title='bbox 582 5752 753 5810; x_wconf 89' lang='lat' dir='ltr'>Num.</span> <span class='ocrx_word' id='word_1_806' title='bbox 786 5769 877 5825; x_wconf 86' lang='lat' dir='ltr'>xx,</span> <span class='ocrx_word' id='word_1_807' title='bbox 910 5752 963 5807; x_wconf 82' lang='lat'>6.</span> <span class='ocrx_word' id='word_1_808' title='bbox 997 5749 1145 5808; x_wconf 86' lang='lat' dir='ltr'>Psal.</span> <span class='ocrx_word' id='word_1_809' title='bbox 1179 5768 1388 5824; x_wconf 81' lang='lat' dir='ltr'>Lxxxu,</span> <span class='ocrx_word' id='word_1_810' title='bbox 1420 5752 1507 5809; x_wconf 84' lang='lat'>20.</span> 
     </span>
    </p>
   </div>
   <div class='ocr_carea' id='block_1_114' title="bbox 1585 5747 2205 5810">
    <p class='ocr_par' dir='ltr' id='par_1_114' title="bbox 1585 5747 2205 5810">
     <span class='ocr_line' id='line_1_114' title="bbox 1585 5747 2205 5810; baseline 0.003 -3"><span class='ocrx_word' id='word_1_811' title='bbox 1585 5751 1627 5786; x_wconf 74' lang='grc' dir='ltr'>σί</span> <span class='ocrx_word' id='word_1_812' title='bbox 1661 5749 1737 5807; x_wconf 87' lang='lat' dir='ltr'>al.</span> <span class='ocrx_word' id='word_1_813' title='bbox 1770 5749 1947 5807; x_wconf 80' lang='lat' dir='ltr'>inser&#39;</span> <span class='ocrx_word' id='word_1_814' title='bbox 1983 5747 2205 5810; x_wconf 75' lang='grc' dir='ltr'>ἑστῶτα.</span> 
     </span>
    </p>
   </div>
   <div class='ocr_carea' id='block_1_115' title="bbox 2282 5752 3336 5824">
    <p class='ocr_par' dir='ltr' id='par_1_115' title="bbox 2282 5752 3336 5824">
     <span class='ocr_line' id='line_1_115' title="bbox 2282 5752 3336 5824; baseline 0.003 -14"><span class='ocrx_word' id='word_1_815' title='bbox 2282 5754 2328 5790; x_wconf 66' lang='grc'>⁸³</span> <span class='ocrx_word' id='word_1_816' title='bbox 2357 5754 2519 5811; x_wconf 89' lang='lat' dir='ltr'>deest</span> <span class='ocrx_word' id='word_1_817' title='bbox 2548 5752 2608 5811; x_wconf 93' lang='lat' dir='ltr'>in</span> <span class='ocrx_word' id='word_1_818' title='bbox 2639 5752 2719 5811; x_wconf 84' lang='lat' dir='ltr'>al.</span> <span class='ocrx_word' id='word_1_819' title='bbox 2795 5754 2841 5789; x_wconf 76' lang='grc'>⁸³</span> <span class='ocrx_word' id='word_1_820' title='bbox 2864 5754 2910 5791; x_wconf 70' lang='grc'>⁵⁸</span> <span class='ocrx_word' id='word_1_821' title='bbox 2937 5752 3093 5813; x_wconf 72' lang='lat' dir='ltr'>Psal&#39;</span> <span class='ocrx_word' id='word_1_822' title='bbox 3125 5771 3251 5824; x_wconf 80' lang='lat' dir='ltr'>XLV,</span> <span class='ocrx_word' id='word_1_823' title='bbox 3280 5756 3336 5814; x_wconf 85' lang='lat'>5.</span> 
     </span>
    </p>
   </div>
  </div>
