4118 6340
212 402 349 469 597

994 406 1525 471 CLEMENTINA.
1557 438 1635 452 —
1664 400 2010 467 EPITOME
2055 400 2158 463 DE
2203 396 2475 462 GESTIS
2520 394 2586 459 S.
2634 392 2895 458 PETRI.

3527 388 3647 452 598

213 531 516 608 ταλαϐὼν,
547 535 635 593 καὶ
663 534 910 602 πολλοὺς
938 543 1046 595 τῶν
1078 544 1409 617 Χριστιανῶν
1438 539 1673 601 πολλαῖς
1726 539 1881 616 βασά-

2001 552 2197 625 plures
2230 550 2537 608 tormentis
2591 546 2795 604 multis
2849 563 2914 603 ac
2945 539 3121 601 variis
3155 541 3364 615 affecit,
3414 542 3649 613 quando

212 649 346 691 νοις
376 628 469 683 καὶ
500 626 776 691 ποικίλαις
808 623 1123 703 ὑποϐαλὼν,
1161 630 1274 685 ἐπεὶ
1304 632 1507 693 πάντας
1635 628 1882 706 προθέσει

220 717 507 794 μάρτυρας
538 718 931 793 γεγενημένους
962 719 1125 795 ἑώρα,
1156 722 1246 773 καὶ
1276 722 1413 796 πρὸς
1457 720 1681 795 μυρίους
1724 737 1883 792 παρε-

215 808 626 880 σκευασμένους
656 808 936 877 θανάτους,
982 808 1036 862 τί
1078 812 1227 863 ποιεῖ
1257 829 1270 879 ;
1304 811 1597 885 Ἀπέχεται
1654 809 1746 882 μὲν
1786 813 1882 862 τοῦ

215 893 773 969 πλήθους,δεδοικὼς
800 898 875 970 μή
902 898 990 952 καὶ
1008 898 1115 953 ἀπὸ
1132 904 1230 953 τοῦ
1248 897 1441 961 τέλους
1608 898 1881 975 μάρτυρας

218 984 483 1049 πλείονας
511 985 839 1063 ἐργάσηταιο
886 988 975 1041 τὸν
1022 985 1193 1042 αἶ’τιον
1223 986 1280 1042 δὲ
1314 988 1476 1061 μόνον
1517 986 1759 1057 κολάζει,
1792 988 1879 1042 καὶ

218 1075 401 1129 πάντα
450 1076 621 1148 θυμὸν
668 1077 805 1129 κατά
848 1083 949 1144 τῆς
1001 1076 1264 1153 μακαρίας
1312 1076 1519 1147 ἐκείνης
1575 1082 1671 1131 τοῦ
1729 1075 1878 1148 Κλή-

223 1185 425 1239 μεντος
476 1164 665 1241 ἀφίησι
712 1172 977 1241 κεφαλῆς.
1030 1163 1251 1234 Ἐπειδὴ
1299 1163 1356 1220 δὲ
1402 1167 1573 1221 πάντα
1618 1169 1683 1235 ἦν
1734 1165 1881 1238 αὗτῷ

217 1259 422 1331 κοῦφα,
472 1254 561 1308 καί
611 1254 686 1316 εἰς
736 1251 888 1309 οὐδὲν
940 1255 1281 1330 λογιζόμενα,
1334 1256 1422 1310 καὶ
1469 1256 1556 1333 ἀφ’
1605 1257 1678 1309 ὧν
1720 1255 1876 1310 αὐτὸν

222 1340 434 1418 ἔπασχε
482 1340 692 1415 μᾶλλον
743 1340 975 1398 πλείονα
1017 1349 1136 1407 τοῖς
1187 1341 1383 1407 ἄλλοις
1434 1345 1728 1420 παρείχετο
1778 1345 1877 1411 τήν

221 1429 549 1509 ἀσφάλειαν,
592 1432 858 1505 σύντομον
906 1431 1233 1509 ἀπαλλαγήν
1281 1434 1428 1506 αὐτῷ
1475 1439 1572 1488 τοῦ
1624 1433 1743 1509 βίου
1791 1432 1878 1487 καί

217 1525 454 1597 ταχεῖαν
506 1520 827 1594 ἐπινοεῖται,
879 1522 968 1577 καὶ
1019 1522 1093 1584 εἷς
1149 1521 1316 1597 μέσην
1364 1524 1454 1577 τὸν
1502 1524 1744 1597 μάρτυρα
1780 1523 1877 1591 τήν

220 1608 499 1675 θάλασσαν
551 1610 787 1687 ἀγαγὼν,
838 1611 926 1666 καὶ
978 1609 1212 1688 ἄγκυραν
1264 1610 1488 1686 σιδηρᾶν
1541 1616 1638 1666 τοῦ
1666 1614 1878 1687 τραχή-

220 1699 326 1756 λου
362 1697 616 1773 ἐκδήσας,
645 1700 865 1770 καθίησι
911 1706 991 1773 τῷ
1038 1702 1204 1776 βυθῷ,
1251 1700 1399 1764 ὅπως
1454 1698 1593 1775 μηδὲ
1624 1698 1876 1775 λείψανον

219 1788 453 1861 ἐκείνου,
486 1790 672 1868 φησὶν,
706 1787 1063 1868 ὑπολειφθείη
1097 1796 1456 1865 Χριπιανοῖς.

1994 659 2199 699 omnes
2224 639 2520 713 proposito
2551 642 2607 693 et
2636 637 2960 693 intentione
3006 639 3293 706 martyres
3348 631 3534 687 fuisse
3562 630 3648 687 vi-

1993 731 2098 796 dit,
2132 734 2480 802 paratosque
2510 743 2637 782 esse
2669 727 2737 781 ad
2770 724 2929 779 mille
2973 728 3210 787 mortes,
3273 721 3414 794 quid
3463 721 3648 776 facit?

1991 820 2262 875 Abstinet
2291 816 2529 888 quidem
2562 814 2847 887 apopulo,
2866 813 3087 867 veritus
3120 827 3193 866 ne
3223 812 3400 865 etiam
3429 826 3496 865 ex
3526 808 3646 880 pri-

1991 908 2254 963 moribus
2285 905 2503 961 multos
2537 906 2750 960 faceret
2781 907 3106 973 martyres:
3144 900 3337 956 solum
3373 916 3507 954 vero
3540 916 3645 953 au-

1991 1001 2207 1053 ctorem
2261 995 2548 1068 reprimit,
2590 1008 2941 1063 omnemque
2974 992 3231 1046 furorem
3263 988 3530 1043 immittit
3583 988 3642 1042 in

1990 1087 2226 1142 beatum
2278 1084 2421 1139 i’llud
2483 1082 2797 1138 Clementis
2847 1084 3040 1152 caput.
3098 1084 3276 1134 Porro
3320 1095 3455 1133 cum
3504 1077 3643 1132 huic

1991 1175 2150 1230 omni
2182 1177 2377 1229 essent
2406 1171 2552 1227 levia
2580 1176 2637 1225 et
2668 1170 2889 1225 nullius
2922 1167 3227 1232 momenti,
3260 1166 3402 1239 quin
3449 1166 3642 1237 potius

1990 1279 2058 1318 ex
2072 1262 2155 1317 eis
2174 1279 2298 1334 quas
2313 1261 2436 1332 ipse
2456 1259 2803 1332 patiebatur,
2820 1257 3043 1313 caateris
3067 1256 3641 1329 praeberetmajorem

1990 1352 2287 1418 fiduciam,
2313 1352 2541 1405 brevem
2564 1348 2615 1403 ei
2641 1353 2697 1402 et
2716 1346 2962 1401 celerem
2985 1344 3272 1417 excogitat
3313 1344 3641 1399 discessum

1990 1459 2019 1498 e
2049 1440 2183 1506 vita,
2216 1444 2389 1512 atque
2436 1438 2688 1492 adducto
2740 1440 2992 1507 martyre
3041 1434 3100 1488 in
3153 1432 3406 1488 medium
3459 1448 3638 1497 mare,

1992 1529 2360 1600 anchoraque
2392 1528 2576 1582 ferrea
2607 1526 2678 1581 ad
2705 1524 2920 1579 collum
2951 1524 3078 1594 ejus
3108 1522 3372 1594 religata,
3398 1521 3455 1574 in
3508 1536 3640 1592 pro-

1989 1620 2239 1674 tundum
2270 1615 2560 1672 demittit:
2596 1616 2697 1685 Ne,
2722 1612 2934 1685 inquit,
2969 1612 3126 1667 illius
3158 1611 3245 1667 vel
3271 1610 3529 1682 reliquias
3559 1626 3641 1664 re-

1990 1710 2267 1764 maneant
2297 1704 2667 1762 Christianis.

293 1880 557 1936 CLXXII.
590 1876 747 1935 Ἀλλ’
778 1880 806 1933 ὁ
838 1880 933 1975 μὲν
966 1878 1189 1955 ἔρῥιπτο
1216 1879 1351 1934 κατὰ
1377 1884 1475 1935 τοῦ
1505 1877 1877 1955 πελάγους·τὸ

2058 1884 2319 1940 CLXXII.
2352 1885 2540 1954 Atque
2568 1881 2666 1937 ille
2695 1881 2932 1952 quidem
2963 1879 3023 1934 in
3046 1878 3317 1951 pelagum
3344 1878 3639 1950 projectus

217 1964 282 2023 δὲ
302 1972 414 2022 τῶν
435 1972 770 2043 Χριστιανῶν
793 1966 1007 2037 πλῆθος
1025 1968 1110 2023 ἐπὶ
1133 1972 1228 2022 τοῦ
1249 1966 1504 2043 αῗγιαλοῦ
1526 1968 1880 2044 έστὼς,ἐθρή-

213 2078 352 2113 νουν
378 2054 645 2126 ἐλεεινῶς,
671 2054 1142 2134 ὠλοφύροντο,καὶ
1167 2056 1539 2134 ὁίκτροτάταις
1563 2063 1765 2135 φωναῖς
1792 2060 1879 2111 ἀν·-

212 2143 454 2202 εκάλουν
483 2145 576 2200 τὸν
616 2144 986 2222 πατριάρχην.
1021 2144 1331 2217 Κορνήλιος
1379 2143 1436 2201 δὲ
1474 2147 1563 2201 καὶ
1595 2141 1799 2209 Φοῖϐος
1829 2147 1878 2200 οἱ

218 2234 470 2309 μαθηταὶ
547 2232 663 2296 ο’ίας
721 2234 784 2289 τὸ
860 2233 1030 2299 πάθος
1088 2234 1283 2309 ἀπῄτει
1337 2236 1515 2313 φωνὰς
1580 2235 1667 2290 καὶ
1726 2234 1879 2290 αὐτοὶ

217 2325 581 2401 βοῶντες,καὶ
633 2323 733 2378 οῦκ
785 2317 1006 2400 ἔχοντες
1055 2322 1086 2378 ὅ
1128 2346 1180 2378 τι
1232 2332 1333 2394 τῆς
1384 2331 1663 2402 συμφορᾶς
1710 2327 1878 2395 ποιή-

212 2434 414 2468 σονται
460 2412 827 2488 παραμύθιον,
886 2412 1182 2485 Εὐξώμεθα
1239 2410 1427 2475 πάντες
1479 2411 1828 2486 ὁμοθυμαδὸν
1866 2455 1880 2481 ,

218 2503 402 2573 εἶπον,
438 2500 575 2557 ὥστε
604 2501 700 2556 κᾶν
755 2498 1141 2577 ἀναδειχθῆναι
1191 2505 1326 2575 ἡμῖν
1376 2502 1437 2557 τὸ
1464 2507 1562 2557 τοῦ
1610 2503 1881 2576 μάρτυρος

217 2589 511 2665 λείψανον.
560 2591 660 2645 Καὶ
708 2593 1163 2667 προσευχομένων
1213 2590 1406 2659 αὐτῶν,
1467 2593 1513 2664 ᾧ
1559 2597 1667 2647 τῶν
1720 2592 1882 2667 μεγά-

220 2680 349 2736 λων
382 2701 501 2748 σου,
532 2678 794 2751 Δέσποτα,
838 2679 1130 2755 τεραστίων
1177 2683 1221 2717 ⁸⁵
1243 2727 1257 2752 ,
1310 2680 1793 2757 θαυματουργεῖταί
1829 2702 1884 2735 τι

218 2770 497 2825 κάνταῦθα
549 2773 593 2806 ⁵⁸
642 2770 771 2831 Θεὸς
819 2774 916 2824 τοῦ
960 2771 1198 2832 Μωσέως
1228 2768 1679 2846 παραδοξότερον.
1721 2772 1882 2825 Ὑπο-

221 2858 420 2937 φεύγει
456 2859 549 2932 μὶν
582 2860 686 2934 γὰρ
716 2861 750 2928 ἡ
782 2858 1021 2914 θάλασσα
1046 2858 1377 2935 προσωτέρω
1409 2856 1653 2921 σταδίους
1686 2857 1879 2934 σχεδὸν

222 2948 334 3003 οὐκ
363 2945 622 3010 ἐλάττους
652 2952 759 3003 τῶν
810 2944 998 3004 εἴκοσι.
1049 2947 1441 3025 Προσελθὸντες
1475 2945 1532 3003 δὲ
1573 2949 1636 3003 τὸ
1668 2947 1881 3018 πλῆθος

222 3034 325 3091 διὰ
353 3036 524 3113 ξηροὖ
553 3041 650 3092 τοῦ
682 3034 930 3115 ἐδάφους
962 3044 1065 3107 τῆς
1094 3039 1407 3110 θαυμαστῆς
1436 3059 1531 3092 σου
1568 3038 1658 3091 καὶ
1698 3043 1878 3109 τοῦτο,

219 3127 456 3202 Χριστὲ,
515 3124 818 3199 δυνάμεως·
880 3126 1183 3203 εὑρίσκουσι
1245 3126 1392 3181 λίθον
1453 3126 1504 3181 ἐν
1566 3124 1693 3181 εἷ’δει
1752 3132 1882 3182 ναοῦ

218 3214 375 3288 παρᾶ
400 3218 501 3283 τῆς
531 3217 629 3284 σῆς
674 3214 991 3291 ἀποῤῥήτου
1042 3214 1234 3293 σοφίας
1282 3217 1671 3289 πεποιημένον,
1702 3217 1791 3271 καὶ
1820 3217 1882 3271 τὸ

225 3279 563 3381 μαρτυρικὸν
588 3279 597 3284 1
621 3279 797 3378 σῶμα¹
822 3279 1131 3379 ’λαμπρῶςι
1166 3303 1218 3359 ἐν
1277 3304 1423 3375 αῦτῷ
1472 3279 1747 3377 κείμενον,
1792 3305 1881 3359 καὶ
1913 3279 1956 3349 C

216 3399 326 3462 τῆν
372 3394 591 3469 βαρεῖαν
642 3392 849 3464 ἐκείνην
899 3394 1160 3469 ἄγκυραν,
1209 3391 1425 3470 ἔγγιστά
1467 3415 1573 3448 που
1602 3398 1698 3449 τοῦ
1728 3393 1884 3450 λίθου

220 3481 323 3536 καὶ
354 3481 520 3551 αὐτὴν
550 3481 830 3556 κειμένην.

307 3572 603 3628 CLXXIII.
634 3569 795 3627 Ἀλλ’
836 3570 1188 3651 ἀπεκαλύφθη
1223 3570 1522 3649 Κορνηλίῳ
1550 3574 1640 3628 καὶ
1671 3569 1881 3646 Φοίϐῳ,

224 3658 371 3714 ὥστε
407 3661 484 3732 μὴ
512 3659 578 3714 τὸ
609 3658 863 3734 λείψανον
897 3660 1095 3725 ἐκεῖθεν
1120 3668 1493 3734 μετακινῆσαι,
1519 3659 1701 3724 καλῶς
1734 3662 1784 3717 έν
1805 3668 1885 3734 τῷ

230 3749 387 3823 βυθῷ
418 3748 682 3821 κείμενον·
716 3751 806 3803 καὶ
837 3748 921 3805 ὅτι
950 3752 1066 3805 καθ’
1097 3751 1324 3821 έκάστην
1356 3752 1596 3806 ἐνιαυτοῦ
1630 3772 1881 3827 περιτρο-

221 3837 339 3904 πήν
403 3834 454 3890 ἐν
512 3840 592 3908 τῷ
648 3841 824 3911 καιρῷ
880 3844 981 3907 τῆς
1030 3843 1128 3892 τοῦ
1199 3838 1468 3914 μάρτυρος
1524 3837 1881 3907 τελειώσεως,

222 3926 591 4001 ὑπο-χωρήσει
618 3926 745 4001 παρ’
776 3923 913 3988 ὅλας
943 3928 1077 3981 ἑπτὰ
1102 3928 1312 4003 ἡμέρας
1353 3933 1468 3988 τοῖς
1508 3932 1822 4003 προσιοῦσιν
1846 3931 1880 3996 ἡ

223 4011 493 4084 θάλασσα,
525 4018 665 4087 πεζῇ
686 4015 776 4069 καὶ
800 4012 970 4089 βάδην
994 4015 1178 4077 αὐτοῖς
1204 4016 1367 4091 μέχρι
1393 4020 1490 4070 τοῦ
1510 4014 1768 4089 λειψάνου
1785 4017 1881 4084 τήν

225 4100 471 4178 πάροδον
514 4102 895 4178 ἐπιτρέπουσα.
936 4106 1103 4179 Ὅπερ
1144 4102 1373 4173 έτησίως
1397 4103 1448 4174 ἐξ
1471 4103 1674 4159 ἐκείνου
1695 4105 1783 4159 καὶ
1808 4105 1883 4166 εἰς

226 4189 389 4266 δεῦρο
412 4190 671 4261 τελεῖται,
698 4193 797 4261 τήν
844 4189 1138 4265 ἐπιδημίαν
1175 4200 1275 4262 τῆς
1311 4192 1473 4247 αὖτοῦ
1517 4195 1739 4266 μνήμης
1772 4196 1885 4267 (25)

224 4280 397 4335 οἱονεί
444 4301 567 4335 τινα
614 4280 740 4356 ὅρον
794 4280 922 4357 ἔχον
967 4282 1056 4336 καὶ
1104 4282 1463 4359 προθεσμίαν.
1498 4284 1765 4337 Ἐντεῦθεν
1798 4280 1884 4336 αἶ’-

225 4390 377 4444 ρεσις
408 4370 536 4445 παρ’
565 4368 748 4432 αὐτοῖς
780 4377 943 4443 πᾶσα,
995 4372 1084 4425 καὶ
1134 4368 1471 4443 ἑλληνισμὸς
1501 4370 1883 4444 καταλέλυται,

222 4463 333 4513 τῶν
394 4458 446 4513 ἐν
502 4463 570 4532 τῇ
627 4464 724 4513 τοῦ
787 4458 1058 4537 μάρτυρος
1118 4463 1307 4534 μνήμῃ
1372 4459 1717 4534 τελουμένων
1777 4460 1887 4515 ἐκεῖ

228 4548 477 4620 σημείων
555 4547 644 4601 καὶ
710 4554 817 4602 τῶν
863 4549 1148 4622 θαυμάτων
1208 4551 1282 4610 εἷς
1339 4549 1625 4623 ἐπίγνωσιν
1684 4548 1884 4612 πάντας

1988 1978 2115 2029 est:
2175 1972 2634 2028 Christianorum
2691 1975 2886 2025 autem
2942 1967 3283 2033 multitudo,
3340 1966 3400 2020 in
3442 1965 3636 2022 littore

1988 2068 2172 2133 stans,
2194 2060 2645 2126 lamentabatur,
2665 2059 2875 2113 misere
2898 2056 3178 2128 ejulabat,
3203 2060 3260 2110 et
3282 2054 3638 2110 miserandis

1990 2151 2311 2206 admodum
2337 2149 2579 2205 vocibus
2620 2144 3638 2218 inclamabatjpatriarcham.Corne-

1988 2240 2104 2295 lius
2124 2256 2256 2295 vero
2276 2244 2333 2294 et
2360 2239 2613 2293 thbus
2636 2236 2928 2308 discipuli,
2960 2235 3163 2306 quales
3191 2250 3361 2288 voces
3401 2233 3457 2287 id
3482 2233 3637 2304 quod

1992 2329 2387 2401 perferebatur
2406 2326 2760 2400 postulabat,
2784 2330 2842 2380 et
2866 2325 2978 2397 ipsi
3010 2341 3113 2396 per
3134 2323 3446 2378 clamorem
3472 2322 3639 2377 emit-

1989 2422 2140 2486 tunt,
2175 2434 2279 2473 nec
2308 2417 2526 2472 habent
2546 2431 2724 2487 quam
2756 2414 3074 2469 infortunio
3100 2413 3347 2467 afferant
3378 2410 3641 2467 consola-

1996 2508 2230 2573 tionem,
2255 2511 2429 2577 atque
2454 2506 2652 2560 aiunt:
2688 2505 2935 2559 Oremus
2958 2502 3153 2558 cuncti
3188 2518 3303 2555 uno
3334 2499 3554 2567 animo,
3578 2505 3644 2554 ut

1993 2596 2162 2652 nobis
2194 2595 2535 2651 ostendatur
2568 2592 2839 2665 martyris
2870 2608 3102 2663 corpus.
3129 2594 3196 2644 Et
3218 2606 3353 2645 cu'n
3387 2592 3640 2654 orarent,

1995 2702 2028 2741 o
2053 2700 2269 2756 magna
2311 2688 2412 2738 tua
2443 2680 2749 2748 miracula,
2794 2680 3033 2736 Domine
3060 2678 3072 2733 !
3107 2680 3191 2733 ibi
3220 2683 3373 2734 Deus
3420 2677 3643 2748 aliquid

1992 2775 2213 2844 majore
2243 2772 2627 2827 admiratione
2657 2771 2899 2843 dignum
2935 2770 3077 2837 edit,
3110 2785 3287 2840 quam
3318 2767 3473 2839 quod
3522 2767 3643 2821 Mo-

1992 2880 2086 2921 ses
2114 2864 2180 2918 ⁶⁷.
2234 2863 2366 2917 Etin
2426 2877 2585 2916 mare
2626 2858 2824 2932 procul
2872 2858 3090 2915 recedit
3129 2856 3335 2929 viginti
3378 2857 3494 2911 fere
3524 2859 3645 2911 sta-

1993 2952 2107 3008 dia.
2139 2952 2431 3007 Accedens
2463 2955 2657 3005 autem
2689 2948 2853 3021 plebs
2881 2964 2983 3020 per
3012 2948 3203 3002 sicum
3260 2946 3477 3013 solum,
3530 2945 3639 3001 hoc

1993 3058 2226 3113 quoque
2241 3039 2528 3095 mirabilis
2541 3044 2650 3093 tua:
2667 3038 2957 3110 potentias,
2978 3033 3233 3091 Christe!
3254 3034 3474 3089 invenit
3490 3033 3639 3105 lapi-

1993 3130 2124 3186 dem
2157 3130 2215 3183 in
2248 3130 2433 3184 forma
2463 3126 2665 3198 templi
2698 3128 2769 3181 ab
2803 3124 3079 3181 inell‘abili
3112 3128 3213 3178 tua
3235 3123 3522 3193 sapientia
3565 3122 3643 3177 ef-

1995 3220 2236 3285 fectum,
2268 3222 2326 3272 et
2358 3216 2630 3287 martyris
2651 3232 2862 3286 corpus
2895 3213 3205 3285 magniﬁce
3237 3212 3298 3266 in
3330 3228 3395 3266 eo
3413 3212 3641 3282 jacens,

1994 3323 2344 3381 gravemque
2359 3304 2519 3360 illam
2534 3304 2851 3359 anchoram
2874 3301 3130 3374 proxime
3145 3318 3352 3357 saxum
3376 3305 3432 3356 et
3450 3300 3642 3371 ipsam

1995 3397 2248 3470 positam
2260 3438 2274 3449 .

2064 3573 2469 3630 CLXXIII.Sed
2491 3570 2753 3628 Cornelio
2784 3574 2840 3625 et
2885 3570 3104 3647 thbo
3160 3567 3486 3624 revelatum
3539 3570 3649 3635 est,

1994 3680 2066 3720 ne
2096 3663 2257 3718 illinc
2286 3662 2671 3717 transferrent
2701 3676 2937 3731 corpus,
2970 3658 3125 3729 quod
3158 3656 3438 3729 praeclare
3470 3657 3651 3711 situm

1993 3756 2118 3809 erat
2146 3752 2207 3807 in
2241 3751 2560 3823 profundo;
2587 3766 2653 3804 ac
2678 3749 2799 3804 fore
2832 3753 2895 3802 ut
2926 3764 3027 3818 per
3060 3745 3330 3819 singulos
3360 3762 3649 3800 annorum

1992 3841 2295 3906 circuitus,
2325 3845 2587 3911 tempore
2618 3855 2733 3909 quo
2750 3841 2972 3908 martyr
3005 3840 3189 3890 morte
3207 3838 3650 3889 consummatus

1994 3936 2102 3996 est,
2138 3945 2298 3984 mare
2329 3926 2662 3983 adventuris
2695 3927 2924 3981 cederet
2973 3941 3075 3995 per
3122 3928 3342 3994 septem
3394 3923 3648 3993 integros

1996 4020 2143 4086 dies,
2168 4017 2645 4091 permitteretque
2678 4014 2793 4069 illis
2844 4014 3070 4068 aditum
3120 4012 3368 4083 pedibus
3408 4014 3463 4066 et
3492 4010 3647 4066 lento

1996 4109 2182 4181 gradu
2216 4123 2404 4177 usque
2426 4106 2496 4160 ad
2521 4121 2752 4176 corpus.
2775 4102 2937 4168 Quod
2968 4100 3271 4155 annuatim
3292 4101 3364 4154 ab
3388 4098 3486 4153 illo
3507 4103 3650 4153 tem—

1996 4213 2137 4268 pore
2168 4195 2359 4249 adhuc
2407 4194 2727 4265 perficitur,
2761 4191 3051 4260 habetque
3088 4187 3248 4243 velut
3295 4186 3648 4260 praefinitum

1996 4284 2317 4339 terminum
2350 4300 2415 4337 ac
2441 4280 2765 4353 praestitum
2799 4282 3033 4348 tempus
3065 4277 3381 4331 adventum
3404 4291 3655 4331 comme-

1998 4373 2342 4428 morationis
2365 4370 2660 4439 martyris.
2694 4368 2842 4423 Hinc
2866 4368 3061 4422 omnis
3084 4366 3237 4437 apud
3270 4382 3369 4420 eos
3390 4363 3650 4428 haeresis,

1996 4468 2054 4517 et
2082 4468 2279 4516 Graeca
2306 4460 2510 4532 religio
2534 4473 2734 4513 eversa
2765 4461 2853 4512 est
2879 4473 2892 4517 ;
2922 4472 3052 4509 cum
3088 4454 3256 4525 signa
3286 4456 3342 4508 et
3370 4449 3653 4507 miracula

2000 4569 2127 4624 quae
2158 4550 2239 4605 ibi
2263 4550 2321 4603 in
2340 4547 2621 4604 memoria
2648 4545 2923 4615 martyris
2966 4544 3240 4608 eduntur,
3284 4546 3526 4597 cunctos
3574 4539 3645 4593 ad

228 4636 747 4711 χειραγωγούντων,
795 4638 886 4691 καὶ
938 4642 1188 4711 καθαρῶς
1244 4637 1540 4712 ἐναγόντων
1600 4640 1737 4714 πρὸς
1783 4639 1881 4707 τὴν

1994 4639 2386 4712 cognitionem
2410 4637 2789 4699 adducant,et
2806 4633 2974 4705 plane
3004 4633 3074 4686 ad
3107 4630 3408 4686 veritatem
3438 4626 3644 4699 impel-

230 4725 513 4795 ἀλήθειαν.
560 4722 745 4779 Οὐδενὶ
788 4728 889 4802 γὰρ
938 4730 982 4763 ⁶⁸
1027 4727 1129 4781 ὑπό
1176 4748 1323 4788 τινος
1376 4725 1673 4797 ἀνηκέστου
1721 4732 1886 4781 κακοῦ

232 4812 592 4885 πιεζομένων,
622 4820 723 4883 τῆς
762 4819 859 4869 τοῦ
908 4813 1103 4878 ὕδατος
1153 4815 1356 4871 ἐκείνου
1409 4813 1767 4889 μεταλήψεως
1797 4818 1885 4871 καὶ

1996 4729 2139 4784 lant.
2161 4725 2391 4785 Nemini
2409 4726 2564 4780 enim
2581 4723 2812 4779 illorum
2832 4722 2931 4793 qui
2946 4718 3259 4775 insanabili
3276 4717 3470 4797 aliquo
3489 4714 3644 4771 malo

1999 4819 2423 4888 premerentur,
2457 4813 2569 4869 alia
2590 4830 2649 4868 re
2679 4828 2852 4882 quam
2884 4826 3046 4881 aqua:
3078 4807 3238 4862 illius
3275 4804 3643 4878 perceptione

1605 4969 1836 5025 VARl/E
1875 4967 2277 5026 LECTIONES.

303 5092 350 5126 ⁸⁵
380 5089 455 5147 al.
487 5084 819 5161 θαυμασίων.
894 5086 940 5121 ⁵⁵
973 5085 1135 5142 deest
1164 5083 1223 5140 in
1256 5084 1330 5141 al.
1433 5086 1477 5121 ⁵⁷
1504 5086 1681 5141 Exod.
1716 5102 1829 5141 xxv.
1907 5084 1983 5141 al.
2014 5084 2193 5140 inser.
2215 5086 2345 5137 τῶν.

1618 5227 2000 5284 VARIORUM
2038 5225 2269 5284 ΝΟΤίΕ.

305 5357 421 5429 (24)
454 5353 594 5429 ΪΑπὸ
630 5357 728 5429 τοῦ
782 5349 998 5429 τέλους.
1052 5354 1137 5408 Ea:
1186 5352 1544 5424 primoribus.
1599 5352 1702 5408 Vel
1752 5369 1928 5419 cum.

234 5426 527 5496 Perio'nio,
551 5427 786 5483 tandem.
819 5426 953 5482 Cor.

310 5501 425 5572 (25)
452 5492 561 5559 TT};
589 5497 751 5551 αὐτοῦ
844 5497 1047 5566 νήμης.
1088 5492 1241 5548 Infra
1269 5495 1528 5566 Martyrii
1577 5511 1739 5549 num.
1793 5494 1886 5561 25,

327 5573 395 5621 τῆ
426 5530 610 5621 ἡμέρα
634 5575 736 5621 τῆς
765 5516 1045 5621 digium-2w:
1076 5563 1260 5619 αὐτοῦ.
1295 5570 1457 5621 Acta.
1490 5572 1547 5621 et
1587 5565 1886 5621 Freculfus

238 5572 300 5655 ἐν
319 5565 610 5654 ’τῇ’ἡμέρᾳ
625 5575 736 5655 τῆς
759 5565 1045 5655 ,ἀθλήσεως
1076 5565 1457 5655 αῦτοῦληΔοια,
1490 5572 1568 5648 et.
1587 5565 1887 5655 Freculfus

237 5644 333 5702 die
373 5638 663 5714 ’ραέεἱὸνιίε
717 5642 860 5714 θῙιωςἐ
903 5638 1194 5714 Gregorio
1246 5638 1608 5714 Turonensi;
1669 5640 1731 5714 i7}
1802 5638 1889 5714 die

242 5707 614 5775 soleﬁmitatis
649 5707 788 5785 ejus.
820 5707 1103 5767 Graeci’ad
1134 5710 1201 5764 24
1256 5709 1531 5768 Novemb.
1587 5707 1636 5762 ἐν
1665 5712 1732 5782 τῇ
1791 5711 1887 5761 τοῦ

1999 5347 2155 5422 ἁγίου
2186 5350 2392 5422 μνήμῃ.
2424 5347 2570 5422 Male
2600 5361 2736 5417 ergo
2781 5343 2937 5422 apud
2988 5339 3379 5422 Nicephorum
3412 5356 3497 5405 ιιι,
3536 5337 3639 5422 βξ,

1997 5402 2435 5493 ξειῐᾶλπαράδοξον
2471 5415 2526 5471 δέ
2555 5438 2603 5470 τι
2656 5402 2753 5483 τῗῆς
2815 5402 3035 5485 μνήμης
3092 5402 3436 5483 ἐνισταμένης
3486 5402 3638 5479 αὐτῷ

1997 5483 2307 5565 ἐπιγίνεται,
2340 5483 2636 5565 verterunt
2686 5489 2768 5543 sic
2794 5483 3046 5565 ξρθηαο
3095 5500 3271 5565 supra
3311 5483 3659 5553 opinionem'

1993 5556 2302 5634 praesentis
2360 5563 2667 5634 memorice
2716 5557 2975 5634 quiddam
3050 5556 3277 5634 accidit.
3339 5560 3486 5625 Lego
3530 5569 3636 5634 ego

1996 5626 2180 5703 αὐτοῦ,
2213 5640 2271 5691 et
2298 5634 2550 5706 explico:
2583 5626 2787 5706 Editur
2814 5631 2997 5706 autem
3034 5626 3635 5706 miraculumuquoties

1997 5697 2251 5765 adventat
2279 5697 2393 5762 dies
2423 5722 2529 5778 quo
2560 5703 2721 5759 illius
2750 5702 3019 5760 memoria
3040 5700 3359 5757 celebratur.
3392 5697 3522 5752 Co'r.
