4118 6340
458 368 579 432 899

1250 366 1325 429 .s.
1371 362 1817 429 GLEMENTIS
1862 361 1888 425 ι
1932 359 2125 423 acM.
2172 358 2404 421 pou'r.
2452 359 2713 424 epsaa
2754 361 3021 426 ouem.

3740 360 3865 426 6’00

460 506 518 559 et
546 499 887 575 aspersione
932 515 1079 573 opus
1123 499 1233 556 fuit
1253 501 1321 555 ad
1357 498 1545 556 morbi
1577 514 1710 554 eum
1761 493 2099 568 occupantis

2223 494 2306 545 τοῦ
2338 490 2632 566 ῥαντισμοῦ
2659 492 2827 548 πλέον
2860 492 3069 565 ἐδέησε,
3098 493 3233 572 πρὸς
3280 492 3379 563 τήν
3409 497 3506 549 τοῦ
3535 491 3862 571 κατέχοντος

464 591 892 665 depulsionem.

532 680 812 736 CLXXIV.
847 680 957 737 Sed
989 680 1109 735 haec
1155 679 1387 753 quidem
1430 678 1573 734 talia
1598 681 1756 744 sunt,
1791 681 1848 732 et
1879 676 1960 729 ita
1999 674 2102 728 ha-

458 770 640 828 bent:
668 768 815 824 illud
844 786 977 825 vero
1012 768 1181 842 longe
1209 766 1857 840 majus,sufﬁciensque
1878 766 1949 820 ad
1978 780 2107 819 con-

460 859 754 914 ﬁrmanda
785 858 1187 930 praecedentia.
1222 857 1367 912 Nam
1395 872 1550 926 cum,
1578 859 1639 911 ut
1678 853 1944 925 superior
1973 869 2105 907 ora-

463 947 545 1001 tio
569 946 902 1014 declaravit,
925 945 983 1001 in
1017 946 1256 1019 pelagus
1288 950 1506 1018 martyr
1545 944 1849 999 immissus
1897 946 2006 1012 est,
2051 946 2108 995 et

464 1034 526 1093 in
560 1036 726 1091 sinus
775 1052 1063 1108 aquarum
1114 1036 1429 1107 projectus,
1463 1039 1637 1105 atque
1686 1049 1846 1088 mare
1873 1030 2107 1103 longius

469 1125 776 1193 abscessit,
799 1126 940 1179 dum
985 1124 1152 1196 quasi
1188 1124 1297 1180 sub
1322 1124 1527 1195 pedem
1561 1124 1661 1178 dat
1690 1121 1908 1188 locum,
1938 1125 1993 1191 et
2018 1120 2105 1174 in-

466 1214 574 1270 dex
605 1214 862 1286 corporis
894 1213 1237 1270 mirabiliter
1267 1212 1539 1279 efﬁcitur,
1588 1229 1653 1267 ac
1707 1209 1923 1266 volenti
1974 1208 2111 1263 facit

466 1308 812 1378 potestatem
846 1303 1149 1375 gradiendi
1180 1319 1282 1374 per
1311 1301 1669 1374 profundum
1696 1301 1934 1371 ;ingens
1956 1303 2111 1353 certe

468 1392 933 1450 Christianorum
992 1390 1305 1447 multitudo
1336 1396 1477 1445 tunc
1520 1390 1589 1444 ad
1605 1389 1863 1460 corporis
1885 1392 2109 1460 specta-

472 1482 672 1538 culum
718 1481 1089 1553 properabat.
1131 1482 1338 1535 Postea
1367 1496 1497 1534 vero
1531 1481 1588 1533 et
1636 1478 1927 1533 maximus
1985 1477 2111 1532 dies

467 1572 652 1627 festus
685 1570 1035 1626 miraculum
1065 1570 1332 1634 induxit;
1358 1575 1459 1623 aut
1488 1568 1681 1639 potius
1723 1567 1829 1623 hoc
1860 1566 2110 1621 miracu-

470 1658 593 1714 lum
626 1660 778 1714 diem
812 1659 1027 1713 festum
1054 1659 1242 1714 eﬂ‘ecit
1266 1677 1278 1725 ;
1304 1658 1459 1729 quod
1492 1674 1628 1725 non,
1660 1656 1839 1711 semel
1866 1655 2109 1721 editum,

468 1748 681 1803 deinde
711 1747 903 1818 desiit,
936 1748 1036 1803 sed
1070 1764 1171 1818 per
1194 1747 1656 1818 unumquodque
1686 1745 1803 1800 ami
1850 1744 2111 1799 curricu-

2212 579 2368 635 αὐτὸν
2400 583 2601 645 πάθους
2636 582 2926 658 ἀπαλλαγή
2934 605 2980 639 ν.

2285 672 2559 727 CLXXIV.
2587 671 2761 727 Ἀλλὰ
2780 677 2945 727 ταῦτα
2966 674 3058 746 μὲν
3080 670 3146 742 δὴ
3160 676 3383 728 τοιαῦτα
3402 673 3490 728 καὶ
3514 672 3685 736 οὕτως
3710 669 3863 750 ἕχον-

2211 776 2297 811 τα³
2324 756 2493 813 έκεῖνο
2529 757 2585 813 δὲ
2605 760 2695 814 καὶ
2719 759 2835 816 λίαν
2860 759 3057 833 πολλῷ
3082 767 3288 834 μεῖζον,
3310 762 3399 816 καὶ
3441 762 3622 816 ἱκανὸν
3643 762 3711 816 τὰ
3729 782 3865 837 προ-

2215 841 2453 903 λαϐόντα
2488 850 2877 905 πιστώσασθαι.
2931 848 3150 919 Ἐπειδή
3201 851 3325 926 γὰρ,
3376 853 3449 912 ὡς
3484 849 3703 925 ὁλόγος
3731 851 3865 931 φθά-

2218 955 2312 997 σας
2372 934 2669 1007 ἐδήλωσεν,
2734 940 2810 1002 εὶς
2873 934 3109 1015 πέλαγος
3168 939 3195 993 ὁ
3256 941 3461 1015 μάρτυρ
3520 939 3721 1017 ἐφίετο,
3777 941 3867 995 καὶ

2218 1022 2292 1085 εἷς
2324 1022 2528 1081 ὑδάτων
2576 1026 2792 1103 μυχοὺς
2844 1026 3089 1105 ἔρριπτο,
3132 1026 3168 1097 ἤ
3225 1049 3284 1083 τε
3332 1025 3570 1091 θάλασσα
3617 1023 3869 1083 ὑπέϐαινε

2218 1113 2569 1190 πορρωτέρω,
2626 1118 2867 1193 καθάπερ
2928 1118 3029 1172 ὑπὸ
3084 1114 3224 1172 πόδα
3280 1121 3558 1192 χωροῦσα,
3620 1119 3865 1189 μηνυτὴς

2215 1207 2312 1256 τοῦ
2344 1201 2602 1277 λειψάνου
2633 1203 2951 1279 παραδόξως
2981 1205 3360 1281 γινομένη,καὶ
3419 1206 3575 1280 βυθὸν
3624 1205 3865 1275 πεζεύειν

2218 1294 2296 1362 τῷ
2332 1291 2654 1366 βουλομένῳ
2684 1294 3022 1370 παρέχουσα*
3053 1292 3198 1349 πολὺ
3238 1294 3421 1367 μέντοι
3468 1291 3681 1364 πλῆθος
3710 1316 3865 1363 τηνι-

2217 1385 2387 1434 καῦτα
2419 1388 2755 1457 Χριστιανῶν
2784 1384 2920 1457 πρὸς
2968 1385 3066 1452 τὴν
3114 1388 3211 1438 τοῦ
3257 1382 3516 1457 λειψάνου
3556 1383 3671 1448 θέαν
3705 1383 3869 1454 ἠπεί-

2219 1492 2402 1546 γοντο.
2436 1471 2581 1525 Μετὰ
2609 1474 2653 1508 ⁸³
2683 1469 2742 1526 δὲ
2768 1477 2935 1527 ταῦτα
2967 1473 3057 1527 καὶ
3087 1475 3122 1541 ἡ
3151 1472 3378 1547 μεγίστη
3407 1473 3567 1548 ἑορτὴ
3604 1473 3669 1527 τὸ
3691 1477 3871 1546 θαῦμα

2219 1558 2402 1636 ἤγετο·
2438 1559 2610 1615 έκεῖνο
2639 1559 2695 1615 δὲ
2736 1560 2946 1634 μᾶλλον
3004 1562 3173 1617 ἐποίει
3221 1563 3320 1632 τὴν
3369 1560 3582 1637 ἐορτὴν,
3616 1562 3677 1617 οὐ
3706 1574 3873 1638 γεγο-

2219 1649 2311 1710 νὸς
2365 1649 2523 1719 ἅπαξ,
2565 1649 2679 1704 εἶτα
2712 1650 3079 1723 παυσάμενον,
3122 1649 3268 1705 ἀλλὰ
3295 1652 3413 1715 καθ’
3442 1650 3668 1721 εκάστην
3698 1650 3872 1705 ἐνιαυ-

2220 1742 2316 1792 τοῦ
2341 1735 2593 1809 περίοδον
2646 1737 2853 1812 ὁμοίως
2904 1738 3259 1812 τελούμενον,
3306 1740 3395 1793 καὶ
3442 1740 3538 1802 τὰς
3584 1734 3793 1802 ἀσεϐεῖς
3825 1743 3874 1777 το

467 1837 592 1892 lum
642 1836 1095 1907 perﬁciebantur
1122 1838 1324 1892 eodem
1366 1835 1558 1904 modo,
1609 1834 1848 1905 piasque
1879 1834 2108 1888 animas

2223 1827 2402 1902 ψυχὰς
2463 1826 2763 1902 συγκαλοῦν
2825 1828 2900 1891 εἷς
2962 1828 3232 1884 ἑστίασιν.
3294 1829 3441 1883 Ἐπεὶ
3492 1828 3671 1883 τοίνυν
3731 1828 3876 1885 οὕτω

470 1926 826 1982 convocabat
856 1926 927 1980 ad
954 1925 1215 1997 epulum.
1246 1925 1389 1980 Cum
1420 1924 1692 2005 equidem
1724 1922 1847 1977 haec
1887 1922 1967 1978 ita
2019 1938 2114 1977 es-

467 2018 617 2081 sent,
649 2018 707 2069 et
743 2030 947 2069 omnes
977 2014 1129 2069 circa
1157 2013 1505 2068 Chersonem
1529 2010 1841 2067 Christiani
1864 2011 1934 2065 ad
1954 2010 2113 2066 mira:

2220 1915 2501 1986 ταῦτα,καὶ
2549 1916 2601 1970 οἱ
2646 1916 2781 1970 κατὰ
2828 1921 3085 1992 Χέρσῶνα
3126 1918 3317 1978 πάντες
3374 1917 3683 1995 Χριστιανοὶ
3735 1920 3874 1994 πρὸς

2221 2004 2319 2072 τὴν
2378 2008 2473 2057 τοῦ
2531 2003 2805 2077 θαύματος
2860 2008 3157 2081 πανήγυριν
3216 2006 3446 2076 ἓτησίως
3505 2005 3819 2083 συνέτρεχον
3854 2052 3871 2079 ,

468 2103 551 2159 rei
590 2103 914 2159 solemnem
963 2102 1120 2157 diem
1176 2102 1491 2174 quotannis
1544 2104 1957 2157 concurrerant
1988 2118 2001 2167 ;
2032 2099 2109 2155 ibi

2223 2094 2627 2169 θαυματουργεῐ
2673 2114 2725 2148 τι
2776 2092 3045 2159 κάνταῦθα
3099 2095 3254 2165 Θεὸς,
3299 2099 3407 2149 τῶν
3452 2095 3871 2172 προγεγονότων

468 2192 647 2249 etiam
680 2192 838 2248 Deus
867 2191 1242 2259 miraculum,
1276 2189 1665 2247 anterioribus
1694 2188 1882 2262 magis
1924 2188 2111 2261 inopi-

467 2296 614 2336 num
653 2284 710 2335 et
737 2280 1104 2346 admirabile,
1133 2284 1425 2352 operatur.

538 2368 788 2424 CLXXV.
821 2369 969 2424 Nam
1000 2368 1086 2423 vir
1129 2368 1368 2438 quidam
1417 2368 1748 2440 religiosus,
1804 2383 1922 2421 una
1976 2382 2110 2421 cum

471 2474 667 2525 uxore,
703 2461 759 2512 et
788 2456 948 2529 prole
1007 2457 1287 2528 mascula,
1321 2456 1600 2512 miraculo
1622 2458 1748 2528 jam
1802 2456 1976 2524 edito,
2037 2456 2108 2509 ad

470 2546 744 2619 martyris
764 2562 995 2619 corpus,
1016 2547 1128 2618 ipsi
1152 2563 1383 2619 quoque
1402 2563 1531 2601 cum
1549 2546 1762 2618 populo
1784 2545 2110 2601 confluente

469 2635 711 2709 profecti
742 2642 900 2691 sunt.
950 2636 1134 2708 Igitur
1183 2652 1380 2707 aequor
1409 2652 1439 2690 e
1489 2635 1733 2707 vestigio
1786 2634 2109 2705 trajiciunt,

470 2724 878 2796 templumque
898 2723 957 2779 in
978 2724 1113 2779 sinu
1146 2725 1274 2794 ejus
1295 2724 1547 2796 positum
1570 2723 1886 2796 attingunt,
1908 2738 2111 2795 paren-

466 2818 556 2870 tes
586 2830 765 2869 manu
804 2829 1052 2884 puerum
1084 2812 1365 2868 ducentes
1394 2831 1406 2868 :
1449 2818 1727 2885 cumque'.
1755 2812 1907 2866 intra
1962 2815 2109 2866 tem-

466 2902 634 2975 plum
684 2902 939 2969 fuerunt,
964 2905 1022 2957 et
1052 2906 1317 2958 sanctum
1350 2901 1514 2957 illum
1549 2900 1845 2956 tumulum
1897 2899 2111 2955 ambie-

466 2995 623 3059 runt,
656 2996 784 3046 tum
816 2990 931 3046 alia
958 2996 1226 3046 sanctum
1258 2991 1474 3062 precati
1504 2994 1661 3055 sunt,
1683 2994 1807 3044 tum
1842 3006 1944 3061 pro
1973 2993 2109 3045 nato

466 3084 750 3153 rogarunt
770 3097 837 3135 ea
866 3096 992 3151 quas
1024 3084 1294 3152 parentes
1326 3081 1583 3135 decebat.
1616 3080 1836 3135 Precati
1853 3094 2011 3151 ergo,
2044 3095 2109 3133 ac

468 3169 803 3243 sepulcrum
858 3169 1145 3224 ferventer
1181 3168 1496 3224 exosculati
1526 3172 1581 3224 et
1637 3167 1942 3239 complexi,
1994 3167 2107 3238 ipsi

2224 2179 2675 2258 παραδοξότερον.

2292 2362 2539 2419 CLXXV.
2574 2362 2740 2435 Ἀνὴρ
2772 2362 2875 2435 γὰρ
2903 2382 2986 2423 τις
3019 2356 3275 2431 θεοσεϐὴς
3297 2363 3409 2435 ἅμα
3430 2361 3749 2437 γυναικίκαὶ
3776 2360 3884 2438 ἆῤ-

2221 2448 2331 2525 ῥενι
2360 2448 2655 2523 τέκνῳ,τοῦ
2686 2449 2957 2523 θαύματος
2981 2447 3090 2520 ἤδη
3115 2448 3469 2523 τελουμένου,
3488 2452 3623 2527 πρὸς
3644 2452 3704 2507 τὸ
3732 2472 3877 2524 μαρ-

2216 2538 2433 2613 τυρικὸν
2480 2541 2650 2595 έκεῖνο
2688 2540 2776 2594 καὶ
2830 2539 2982 2594 αὐτοὶ
3030 2544 3191 2613 σῶμα
3241 2540 3375 2613 μετὰ
3400 2544 3499 2595 τοῦ
3546 2540 3868 2617 συρρέοντος

2218 2626 2461 2699 πλήθους
2492 2629 2761 2704 ἐχώρουν.
2792 2629 2861 2682 Τὸ
2891 2627 3128 2704 πέλαγος
3153 2626 3245 2683 οὖν
3273 2630 3332 2684 ὲκ
3363 2629 3531 2692 ποδὸς
3564 2624 3868 2701 διαϐάντες,

2216 2718 2305 2772 καὶ
2335 2718 2425 2772 τὸν
2460 2720 2509 2773 ὲν
2550 2719 2712 2793 μυχῷ
2761 2717 2955 2773 τούτου
3004 2713 3397 2781 καταλαϐόντες
3425 2717 3575 2788 ναόν,
3612 2725 3713 2789 τῆς
3748 2740 3870 2794 χει-

2219 2808 2311 2882 ρὸς
2343 2802 2637 2880 λαϐόμενοι
2684 2811 2781 2862 τοῦ
2828 2804 3021 2869 παιδὸς
3070 2807 3121 2861 οἱ
3167 2806 3413 2884 πατέρες,
3466 2808 3583 2863 ἐπεὶ
3611 2812 3707 2862 τοῦ
3735 2813 3872 2863 ναοῦ

2218 2894 2366 2951 ἔνδον
2402 2897 2667 2971 ἐγένοντο,
2701 2895 2790 2950 καὶ
2821 2897 2920 2964 τὴν
2970 2895 3124 2971 ἁγίαν
3160 2894 3363 2966 εκείνην
3400 2897 3740 2971 περιστάντες
3775 2916 3873 2950 σο-

2221 2987 2332 3060 ρὸν,
2363 2984 2430 3039 τά
2457 3006 2516 3040 τε
2564 2984 2709 3039 ἄλλα
2741 2982 2952 3040 έδέοντο
2980 2990 3078 3039 τοῦ
3111 2984 3386 3060 ἀγίου,καὶ
3434 2986 3567 3062 ὑπὲρ
3611 2990 3709 3040 τοῦ
3739 2994 3877 3039 παι·-

2220 3072 2309 3136 δὸς
2336 3072 2628 3151 έλιπάρουν
2681 3072 2781 3128 ὅσα
2824 3073 3056 3149 πατέρας
3107 3074 3271 3136 είκός.
3321 3074 3617 3149 Εὐξάμενοι
3660 3072 3755 3129 οὖν
3781 3076 3877 3129 καὶ

2220 3165 2434 3237 θερμῶς
2494 3164 2585 3218 τὸν
2633 3162 2799 3237 τάφον
2853 3161 3329 3238 περιπτυξάμενοι,
3390 3162 3542 3218 αὐτοὶ
3605 3164 3702 3236 μὲν
3758 3160 3874 3233 ἤδη

465 3226 862 3331 quidem,jam
879 3261 1113 3329 peracta
1131 3257 1482 3323 celebritate,
1502 3226 1844 3329 cunctisque
1868 3226 2109 3312 domum

2223 3259 2316 3321 τῆς
2381 3252 2740 3327 πανηγύρεως
2792 3248 3133 3322 τελεσθείσης
3166 3295 3179 3321 ,
3238 3251 3327 3307 καὶ
3404 3248 3587 3307 οἷειαδε
3662 3252 3878 3307 πάντων

468 3347 870 3417 redeuntibus,
904 3351 1057 3402 retro
1084 3347 1295 3402 iterum
1336 3363 1468 3401 cum
1500 3344 1715 3419 populo
1749 3346 1850 3417 qui
1875 3361 2112 3401 concur-

470 3439 626 3491 rerat
649 3436 1081 3491 abscesserunt.
1114 3435 1262 3490 Puer
1285 3439 1477 3490 autem
1496 3434 1645 3489 clam
1670 3438 1959 3506 parentes,
1979 3450 2109 3488 nes-

470 3523 559 3580 cio
588 3540 705 3594 quo
738 3524 909 3578 modo
948 3524 1107 3579 solus
1138 3524 1290 3596 apud
1324 3522 1656 3595 sepulcrum
1706 3522 1940 3579 relictus
1988 3526 2109 3590 est;

472 3610 714 3668 omnino
743 3611 801 3666 id
822 3611 1395 3684 incomprehensibili
1448 3612 1539 3666 Dei
1582 3610 1943 3683 providentia
1992 3611 2111 3666 dis-

469 3704 741 3773 ponente,
774 3705 840 3755 ut
888 3702 1075 3773 magis
1116 3700 1430 3755 honoraret
1459 3717 1592 3755 eum
1626 3701 1725 3772 qui
1768 3700 2023 3756 animam
2058 3705 2114 3756 et

470 3805 682 3861 corpus
712 3805 815 3861 pro
844 3789 972 3861 ipso
1002 3788 1252 3844 libenter
1288 3789 1545 3844 dederat.
1587 3789 1656 3843 Et
1693 3806 1845 3860 aqua
1874 3788 2111 3861 quidem

469 3879 541 3933 ad
568 3878 802 3951 propria
822 3894 1111 3945 remeans,
1135 3877 1495 3949 profundum
1517 3877 1755 3943 obtexit,
1780 3877 2113 3950 iterumque

466 3966 737 4023 effectum
768 3970 859 4022 est
888 3965 1151 4038 pelagus.

537 4054 818 4110 CLXXVI.
847 4058 922 4110 At
950 4058 1220 4126 parentes
1252 4054 1489 4126 paulum
1515 4070 1550 4108 a
1578 4070 1815 4126 corpore
1841 4053 2109 4126 digressi,

464 4147 531 4198 ut
553 4144 677 4215 jam
711 4143 897 4199 ﬁlium
932 4160 1131 4199 secum
1157 4160 1271 4198 non
1300 4142 1594 4209 viderunt,
1628 4144 1699 4197 ad
1723 4142 2113 4216 investigatio-

464 4247 599 4287 nem
640 4233 768 4304 ejus
797 4236 1030 4288 vertunt
1051 4249 1146 4288 se:
1205 4248 1270 4287 ac
1302 4236 1452 4288 retro
1482 4232 1744 4287 conversi
1781 4237 1843 4287 ut
1886 4231 2110 4288 inveni-

464 4324 594 4377 rent
623 4337 891 4393 puerum,
933 4324 1180 4376 cernunt
1210 4337 1370 4376 mare
1395 4338 1601 4377 rursus
1636 4337 1763 4375 esse
1801 4338 1927 4376 eam
1956 4322 2106 4376 viam

466 4426 597 4482 quae
622 4410 693 4465 ad
725 4426 937 4482 corpus
964 4410 1237 4481 deinceps
1269 4410 1539 4465 duceret:
1575 4409 1889 4481 statimque
1947 4426 2111 4466 cons-

467 4502 757 4564 ternatur,
785 4499 1118 4565 turbantur,
1160 4502 1621 4568 commoventur,
1655 4499 1845 4553 acrius
1877 4500 1948 4553 ad
1989 4499 2108 4554 nati

2222 3340 2599 3410 ἐπαντιόντων,
2656 3339 2830 3394 ὀπίσω
2874 3339 3037 3395 πάλιν
3075 3340 3209 3415 μετὰ
3233 3345 3331 3395 τοῦ
3368 3338 3801 3416 συνδραμοῦντος
3826 3343 3877 3377 ἠ

2218 3428 2464 3500 πλήθους
2496 3428 2763 3505 ἐχώροον.
2795 3430 2865 3483 Τὸ
2894 3427 3106 3483 παιδίον
3141 3427 3199 3483 δὲ
3225 3429 3353 3492 τοὺς
3381 3430 3633 3492 τεκόντας
3683 3426 3875 3502 λαθὸν,

2220 3517 2319 3572 οὐκ
2362 3515 2461 3572 οἶδ’
2519 3516 2686 3585 ὅπως,
2739 3516 2900 3591 μόνον
2951 3519 3096 3594 παρὰ
3135 3522 3205 3591 τῇ
3266 3517 3413 3595 σορῷ
3458 3516 3873 3585 κατελέλειπτο,

2220 3606 2438 3669 παντως
2469 3609 2567 3675 τῆς
2598 3605 2985 3677 ἀκαταλήπτου
3031 3606 3288 3681 προνοίας
3317 3611 3413 3661 τοῦ
3458 3611 3592 3663 Θεοῦ
3622 3606 3712 3662 καὶ
3742 3610 3876 3661 τοῦ-

2218 3718 2280 3751 το
2312 3697 2844 3768 οικονομησαμένης,
2871 3695 2962 3749 ’ίνα
2989 3698 3199 3769 τιμήσῃ
3228 3694 3395 3751 πλέον
3424 3697 3518 3750 τὸν
3547 3696 3637 3750 καὶ
3686 3697 3875 3772 ψυχὴν

2220 3786 2502 3858 καὶσῶμα
2549 3782 2617 3838 δι’
2669 3785 2825 3839 αὑτὸν
2876 3782 3053 3855 ἡδέως
3101 3784 3453 3860 προθέμενον.
3508 3785 3611 3841 Καὶ
3657 3785 3721 3839 τὸ
3775 3785 3876 3856 μὲν

2221 3870 2388 3947 ὕδωρ,
2419 3872 2815 3950 ἐπαναστρέφον
2850 3873 2925 3935 εἷς
2953 3874 3021 3928 τὰ
3046 3873 3239 3946 οἰκεῖα,
3268 3871 3535 3928 ἐκάλυπτε
3557 3872 3650 3929 τὸν
3686 3871 3875 3951 βυθόν,

2219 3962 2308 4016 καὶ
2340 3961 2575 4036 πέλαγος
2610 3960 2718 4037 έγίν
2727 3982 2835 4019 ετο.

2290 4052 2563 4108 CLXXVI.
2589 4052 2650 4104 Οἱ
2672 4051 2894 4127 πατέρες
2919 4046 2976 4105 δὲ
3001 4052 3191 4127 μικρὸν
3218 4050 3323 4107 ἀπὸ
3346 4055 3444 4106 τοῦ
3464 4048 3724 4124 λειψάνου
3745 4066 3885 4125 προ·-

2220 4139 2491 4211 ελθόντες,
2516 4140 2592 4202 ὡς
2615 4138 2724 4211 ἤδη
2748 4139 2839 4195 τὰν
2858 4137 3026 4195 παῖδα
3046 4147 3173 4217 παρ’
3212 4140 3395 4202 αὐτοῖς
3421 4140 3528 4215 οὐχ
3555 4140 3765 4214 ἐώρων,
3798 4139 3882 4201 είς

2221 4227 2435 4303 ἔρευναν
2479 4228 2642 4283 αὐτοῦ
2679 4231 2984 4305 τρέπονται·
3026 4230 3117 4284 καὶ
3157 4230 3332 4285 ὀπίσω
3375 4227 3715 4307 στραφέντες,
3739 4227 3884 4284 ὥστε

2217 4316 2279 4372 τὸ
2306 4315 2518 4372 παιδίον
2537 4317 2971 4394 εύρεῖν,πέλαγος
2998 4320 3164 4394 ὁρῶσι
3187 4317 3352 4374 πάλιν
3377 4321 3477 4388 τήν
3503 4317 3589 4373 ἐπὶ
3605 4318 3668 4373 τὸ
3691 4317 3885 4391 λείψαο

2217 4428 2307 4461 νον
2361 4407 2481 4477 έξῆς
2531 4406 2814 4485 φέρουσαν·
2866 4408 2957 4462 καὶ
3007 4407 3198 4463 αὐτίκα
3239 4402 3595 4483 θορυϐοῦνται
3631 4450 3645 4477 ,
3677 4407 3880 4481 ταράτ-

2216 4516 2420 4565 τονται,
2472 4493 2820 4564 κλονοῦνται,
2872 4496 3198 4569 θερμότερον
3231 4497 3443 4571 ὁρμῶσι
3474 4496 3612 4572 πρὸς
3640 4497 3739 4565 τήν
3773 4500 3877 4550 τοῦ

466 4586 907 4658 indagationem
961 4592 1387 4658 prorumpunt:
1443 4587 1494 4641 is
1535 4593 1730 4642 autem
1791 4587 1849 4641 in
1882 4587 2108 4643 tumulo

2223 4581 2408 4646 παιδὸς
2474 4586 2718 4654 ζήτησιν·
2769 4584 2830 4638 τὸ
2875 4581 2931 4638 δὲ
2979 4582 3083 4658 ἄρα
3128 4586 3193 4654 ἦν
3245 4584 3295 4639 έν
3350 4588 3417 4657 τῇ
3453 4588 3600 4660 σορῷ
3638 4584 3874 4663 καταλε-

466 4674 706 4731 relictus
728 4675 935 4731 fuerat.
968 4676 1230 4747 Cumque
1258 4680 1391 4747 post
1410 4675 1663 4730 multum
1692 4676 1948 4732 laborem
1974 4693 2111 4748 pue-

466 4780 598 4820 rum
640 4781 755 4819 non
798 4768 1158 4837 repererunt,
1191 4765 1291 4820 sed
1314 4764 1374 4819 in
1402 4764 1582 4820 maris
1612 4765 1795 4820 fundo
1845 4766 2109 4822 desertus

462 4852 645 4908 fuisse
674 4851 816 4924 ipsis
843 4853 1003 4909 visus
1053 4860 1163 4920 est,
1218 4853 1300 4909 uti
1346 4869 1542 4909 revera
1571 4858 1716 4921 erat,
1752 4853 1994 4926 longum
2043 4871 2109 4909 ac

461 4942 734 4998 ﬂebiliter
755 4943 1242 5008 vociferabantur,
1277 4941 1461 4997 ﬁlium
1510 4941 1890 5015 appellantes,
1924 4947 1981 4998 et
2008 4959 2107 5015 pe-

458 5035 621 5087 ctora
640 5032 945 5097 feriebant,
966 5036 1142 5102 atque
1161 5031 1543 5103 deplorabant
1561 5031 1953 5087 calamitatem
1982 5049 2107 5103 qua:

463 5137 562 5177 eos
594 5120 979 5192 opprimebat.
1013 5122 1281 5191 Tumque
1306 5121 1376 5175 ad
1411 5125 1675 5175 sanctum
1708 5137 1777 5175 ea
1818 5120 2104 5187 dicebant,

464 5226 590 5281 quae
622 5210 856 5265 animus
880 5210 1077 5265 dolore
1110 5210 1327 5265 fractus
1353 5209 1833 5279 pronuntiaverit,
1860 5214 2105 5264 mortem

460 5298 571 5354 sibi
600 5316 703 5369 pro
734 5300 909 5355 rebus
939 5299 1326 5370 praesentibus
1357 5303 1651 5368 optantes:
1700 5298 1882 5352 donec
1915 5299 2106 5369 proxi-

463 5403 693 5442 morum
720 5387 1004 5455 nonnulli,
1030 5387 1351 5442 incidentes
1383 5387 1439 5442 in
1471 5404 1568 5443 eos
1591 5387 2107 5442 lamentationibus

2221 4672 2538 4745 λειμμένον.
2564 4671 2714 4727 Ἐπεὶ
2747 4669 2804 4727 δὲ
2846 4670 3034 4727 πολλᾶ
3079 4672 3360 4744 καμόντες,
3411 4672 3473 4727 τὸ
3520 4669 3732 4728 παιδίον
3766 4671 3877 4748 οὐχ

2222 4762 2406 4835 εὖρον,
2458 4758 2584 4816 ἀλλ’
2633 4760 2684 4814 έν
2734 4766 2814 4833 τῷ
2864 4762 3009 4837 βυθῷ
3056 4759 3474 4837 καταλελεῖφθαι
3524 4760 3709 4823 αὐτοῖς
3758 4760 3874 4816 ἐνο-

2224 4850 2411 4923 μίσθη,
2445 4848 2624 4925 ὥσπερ
2658 4848 2760 4926 ἄρα
2788 4851 2878 4904 καὶ
2910 4852 2999 4921 ἦν,
3060 4850 3261 4927 μακρόν
3311 4871 3370 4904 τε
3398 4848 3488 4904 καὶ
3533 4851 3721 4926 γοερὸν
3752 4850 3876 4905 ἆνε-

2220 4934 2364 4993 ϐόων
2407 4937 2845 5011 ἀνακαλούμενοι
2896 4940 2988 4993 τὸν
3050 4939 3183 5012 υἱὸν,
3239 4938 3328 4993 καὶ
3360 4940 3427 4993 τὰ
3457 4940 3627 5010 στήθη
3662 4938 3875 5009 ἔπαιον,

2219 5028 2307 5083 καὶ
2364 5029 2464 5097 τὴν
2520 5031 2896 5102 κατασχοῦσαν
2959 5027 3151 5090 αὐτοὺς
3203 5026 3623 5106 ἀνωλοφύροντο
3668 5046 3887 5106 σομφοῖ

2220 5120 2334 5191 ράν.
2369 5120 2500 5172 Εἶτα
2528 5118 2619 5171 καὶ
2650 5118 2787 5192 πρὸς
2814 5117 2905 5171 τὸν
2958 5117 3131 5192 ἅγιον,
3189 5118 3278 5171 οἷά
3306 5138 3408 5193 περ
3453 5117 3514 5171 ἃν
3558 5115 3874 5191 ὀδυνωμένη

2219 5207 2370 5281 ψυχὴ
2418 5207 2704 5284 φθέγξαιτο
2745 5209 2810 5276 ⁷³,
2847 5203 3054 5281 ἔλεγον,
3089 5206 3311 5269 θάνατον
3358 5207 3567 5267 ἑαυτοῖς
3608 5207 3722 5261 ἀντὶ
3764 5212 3874 5261 τῶν

2218 5295 2500 5370 παρόντων
2552 5294 2843 5371 εὐχόμενοι
2880 5314 2892 5326 ·
2943 5291 3049 5356 ἕως
3096 5300 3204 5349 τῶν
3263 5293 3502 5366 πλησίον
3545 5297 3687 5359 τινὲς
3716 5315 3877 5369 περι-

2219 5384 2472 5446 πεσόντες
2503 5388 2547 5420 ⁷³
2581 5384 2785 5455 αὐτοῖς,
2819 5381 3202 5456 ἐκλελυμένοις
3233 5384 3335 5440 ὑπὸ
3362 5390 3468 5440 τῶν
3504 5388 3715 5458 θρήνων
3738 5384 3869 5457 ἤδη,

1832 5510 2073 5566 VARI/E
2104 5510 2508 5567 LECTIONES.

538 5610 588 5686 εξ
612 5607 687 5664 al.
749 5605 991 5686 πολλοὺς
1025 5607 1111 5661 ἐπὶ
1143 5608 1263 5686 θέαν
1299 5607 1552 5684 ἐπήγετο.
1604 5609 1738 5682 μετά
1811 5611 1855 5646 ⁷ο
1885 5608 1959 5665 a1.
1994 5603 2250 5677 εὐσεϐεῖς,
2314 5613 2377 5664 ut
2406 5608 2545 5681 legit
2584 5608 2891 5680 interpres.
2969 5609 3012 5647 71
3042 5608 3118 5665 al.
3178 5607 3592 5686 συνδραμόντος.

470 5679 730 5758 θέγξοιτο.
808 5682 851 5716 ⁷³
885 5680 959 5737 al.
993 5679 1399 5758 περιτυχόντες.

3696 5611 3741 5646 τε
3789 5609 3866 5668 al.
