4090 6340
261 422 380 493 00!

1020 414 1547 493 CLEMENTINA.
1581 450 1659 474 —
1684 414 2033 494 EPI’I‘OME
2072 414 2177 493 Μ]
2222 416 2497 496 assus
2536 422 2603 496 s.
2646 414 2907 494 PETRI.

3535 404 3656 486 eo!

266 562 359 617 καὶ
387 558 576 619 πολλὰ
602 548 689 617 ὲπῖ
719 565 797 634 τῷ
822 560 977 627 πάθει
1007 562 1096 619 καὶ
1146 559 1295 618 αὖτοῖ
1348 560 1627 638 ἐκχέαντες
1676 559 1902 638 δάκρυα,

2029 566 2133 622 iam
2164 569 2472 636 confectos,
2532 566 2868 640 multasque
2922 563 3158 640 propter
3214 576 3415 618 casum
3446 558 3504 617 et
3533 548 3649 632 i'psl

270 650 721 727 παρεμυθήσαντό
770 672 829 707 τε
870 651 1084 721 αὐτοὺς,
1130 652 1218 707 καὶ
1270 653 1476 731 ὑφεῖναι
1543 659 1643 721 τῆς
1705 657 1912 728 μακρᾶς

273 738 459 811 λύπης
491 739 769 811 ἐποίησαν.
801 740 973 799 Ἀλλᾶ
1004 744 1136 816 πρὸς
1166 744 1263 810 τὴν
1299 741 1470 796 οἰκίαν
1506 742 1720 797 ἐκείνων
1754 741 1910 796 ἐπαν-

276 827 569 899 ελθόντων,
607 837 790 902 μεῖζον
850 831 939 885 καὶ
995 830 1157 886 πάλιν
1217 832 1280 886 τὸ
1335 834 1501 893 πάθος
1561 830 1785 907 ἐγίνετο,
1824 832 1913 886 καὶ

274 920 495 991 ἱμάτιον
532 919 688 997 ὀφθὶν
722 924 818 975 τοῦ
846 918 1056 988 παιδὸς,
1093 918 1196 975 εἶ’τε
1225 922 1343 976 τινὰ
1370 927 1475 976 τῶν
1516 921 1700 993 ἐκείνῳ
1750 924 1911 991 συνή-

271 1010 380 1063 θων
415 1008 493 1071 εἷς
540 1012 764 1081 μνήμην
793 1016 908 1071 τοῖς
954 1012 1211 1086 πατράσιν
1250 1008 1492 1083 ἐλθόντα,
1527 1010 1911 1086 χαλεπωτέραν

270 1096 457 1159 αὐτοῖς
491 1097 661 1154 ἐποίει
692 1100 793 1168 τήν
826 1099 1125 1178 συμφοράν.

344 1274 650 1333 CLXXVII.
669 1278 780 1333 Τοῦ
803 1275 1045 1332 ἐνιαυτοῦ
1068 1268 1125 1331 δὲ
1152 1274 1261 1348 ἤδη
1295 1277 1793 1354 περιελθόντος,καὶ
1814 1286 1912 1348 τῆς

268 1362 531 1441 λαμπρᾶς
555 1360 744 1439 ἑορτῆς
772 1365 981 1436 ἐκείνης
1002 1367 1215 1441 ἄγεσθαι
1238 1364 1400 1421 πάλιν
1433 1364 1763 1440 μελλούσης,
1780 1366 1915 1423 ἐκέν-

266 1474 348 1508 τει
396 1476 458 1508 τε
506 1453 698 1514 αὐτοὺς
742 1455 829 1509 ἐπὶ
876 1456 1041 1511 πλέον
1088 1457 1149 1510 τὸ
1197 1458 1387 1529 πάθος,
1419 1456 1508 1511 καὶ
1556 1452 1911 1533 σφοδρότερον

268 1542 437 1599 πάλιν
468 1548 563 1598 τοῦ
595 1541 786 1606 παιδὸς
818 1543 1208 1619 ἀνεμίμνησκε.
1241 1546 1339 1599 Καὶ
1372 1542 1507 1615 δῆτα
1554 1547 1687 1620 πρὸς
1736 1545 1911 1616 ἀλλή-

268 1631 429 1702 λους,
488 1634 708 1705 Ἴωμεν,
751 1633 899 1710 φασὶ,
947 1635 1081 1708 πρὸς
1128 1634 1219 1688 τὸν
1272 1634 1459 1711 τάφονο
1522 1631 1722 1707 ἴδωμεν
1774 1631 1828 1690 εἷ’
1860 1657 1912 1689 τι

265 1726 368 1776 του
396 1719 589 1784 παιδὸς
643 1720 1029 1779 ὑπολέλειπται
1081 1723 1353 1797 λείψανον,
1385 1720 1437 1778 εἷ’
1474 1746 1592 1786 πως
1639 1723 1734 1778 κᾶν
1785 1723 1913 1779 αὐτὸ

268 1810 636 1883 κομιούμεθα.
687 1816 864 1866 Ταῦτα
908 1814 997 1866 καὶ
1044 1810 1141 1867 ὅσα
1185 1818 1285 1867 τοῦ
1334 1814 1535 1873 πάθους
1596 1814 1730 1888 πρὸς
1791 1812 1913 1867 ἑαυ-

265 1898 398 1961 τοὺς
447 1898 991 1976 κοινολογησάμενοι,
1024 1902 1383 1978 προέρχονται
1434 1908 1532 1970 τῆς
1573 1901 1745 1963 οἰκίας
1790 1922 1911 1955 πεν-
1945 1939 1991 2004 Β

276 1988 292 2004 _»
340 1992 398 2004 .-
484 1987 501 2004 ς
762 1989 772 2004 .
1009 1990 1022 2004 ι
1116 1991 1130 2004 .
1223 1990 1237 2004 .
1296 1992 1307 2004 .
1484 1991 1497 2004 .
1558 1992 1572 2004 ι
1686 1995 1713 2004 ..
1825 1988 1849 2004 ..

270 1988 440 2052 θικῶς
484 1987 887 2062 ἒσκευασμένοι,
937 1990 1025 2043 καὶ
1073 1991 1170 2052 τὰς
1218 1990 1428 2066 ὁράσεις
1480 1991 1581 2046 ὑπὸ
1647 1995 1752 2046 τῶν
1822 1988 1911 2045 δα-

269 2078 453 2154 κρύων
524 2077 891 2149 ἐκτετηκότες,
946 2079 1032 2133 καὶ
1100 2081 1246 2155 παρά
1314 2081 1404 2134 τὸν
1474 2078 1714 2156 αἰγιαλὸν
1793 2081 1913 2157 ἀφι-

272 2171 547 2222 κνοῦνται.
579 2168 678 2222 Καὶ
730 2168 1012 2244 ὑποχωρεῖ
1059 2169 1153 2241 μὲν
1202 2167 1395 2229 εὐθέως
1440 2172 1473 2238 ἡ
1525 2168 1785 2241 θάλασσα,
1815 2172 1914 2237 τῆς

268 2253 611 2331 προθεσμίας
682 2252 1116 2328 καταλαϐούσης.
1177 2256 1561 2314 Ἀκολουθοῦσι
1643 2255 1699 2312 δὲ
1762 2257 1914 2313 αὐτοὶ

267 2349 504 2420 πρῶτοι,
544 2344 633 2399 καὶ
694 2346 827 2418 μετὰ
881 2344 1050 2408 πόδας
1107 2343 1280 2421 ἕτεροι
1334 2346 1619 2420 πάλιν,τῇ
1677 2344 1914 2421 θαλάσσῃ

267 2433 508 2507 καθάπερ
545 2432 733 2509 ὁδηγῷ
761 2437 1064 2511 χρώμενοι,
1114 2436 1213 2490 Καὶ
1260 2437 1351 2490 τὸν
1396 2435 1715 2509 αὐτομάτως
1763 2436 1917 2491 οἷκο-

272 2521 581 2595 δομηθέντα
624 2525 748 2579 ναὸν
800 2524 1022 2593 ἐκεῖνον,
1079 2523 1289 2597 μᾶλλον
1341 2522 1397 2580 δὲ
1463 2525 1564 2579 ὑπὸ
1628 2528 1726 2595 τῆς
1793 2532 1916 2596 σῆς,

254 2611 543 2689 Δέσποτα,
586 2613 775 2691 σοφίας
823 2611 1295 2689 δημιουργηθέντα
1330 2610 1744 2687 καταλαϐόντες,
1778 2615 1918 2690 ὀρῶ-

277 2723 331 2756 σι
387 2703 449 2756 τὸ
504 2700 742 2771 παιδίον,
775 2699 819 2756 ὣ
870 2707 964 2756 τοῦ
1022 2702 1323 2775 θαύματοςί
1386 2706 1487 2772 ζῶν
1539 2704 1627 2758 καὶ
1681 2701 1920 2776 ἀλλόμε-

272 2802 373 2842 νῠν
543 2791 689 2865 παρὰ
718 2794 795 2860 τῷ
823 2795 955 2861 ναῷ.
990 2790 1087 2845 Καὶ
1118 2795 1332 2866 πρῶτον
1366 2794 1408 2827 ’⁷⁵
1445 2792 1537 2865 μὲν
1590 2787 1916 2869 ἀμφιϐόλως

274 2878 433 2952 εἶχον
462 2878 596 2953 πρὸς
624 2879 691 2931 τὰ
739 2878 1010 2953 ὁρώμενα,
1041 2878 1384 2954 λογιζόμενοι
1439 2880 1514 2952 μὴ
1566 2879 1672 2955 οὐχ
1716 2882 1743 2934 ὁ
1790 2885 1918 2941 παῖς

269 2989 307 3040 ῃ
337 2967 402 3020 τὸ
458 2966 802 3045 φαινόμενον.
837 2968 987 3021 Ἐπεὶ
1048 2966 1104 3021 δὲ
1150 2968 1239 3022 καὶ
1286 2974 1402 3030 τοῖς
1441 2968 1771 3044 γνωρίσμασι
1829 2968 1918 3022 καὶ

274 3060 401 3117 τοῖς
434 3058 680 3130 σχήμασι
713 3056 973 3111 πάντοθεν
1004 3057 1078 3118 εἷς
1128 3057 1306 3111 πίστιν
1353 3056 1545 3119 αὐτοὺς
1593 3059 1654 3112 τὸ
1702 3055 1916 3112 παιδίον

270 3144 458 3219 ἐνῆγε,
488 3144 577 3199 καὶ
615 3150 806 3200 τοῦτον
867 3144 1066 3200 ἐκεῖνον
1113 3146 1245 3200 εἶναι
1294 3147 1384 3201 τὸν
1437 3147 1549 3200 υἱὸν
1587 3145 1916 3216 ἐπίστευσαν,

264 3229 656 3309 περιχυθέντες
684 3233 876 3295 εὐθέως
920 3234 1083 3305 αὐτῷ,
1118 3235 1205 3289 καὶ
1255 3233 1572 3312 ὀφθαλμοὺς
1613 3234 1701 3290 καὶ
1749 3235 1911 3312 χείλη

2023 658 2311 731 lacrymas
2341 660 2778 731 profundentes,
2812 654 3090 714 consolati
3134 656 3273 709 sunt
3313 667 3433 718 eos,
3461 650 3661 706 eil'ece-

2023 752 2275 819 runtque
2306 752 2371 804 ut
2400 750 2469 805 de
2492 765 2702 822 magno
2725 748 3122 817 diuturnoque
3141 756 3388 799 maerore
3412 738 3667 795 remitte-

1992 842 2170 901 _rent.
2204 838 2421 894 Verum
2479 842 2791 911 postquam
2849 835 2933 890 illi
2987 836 3230 889 domum
3291 828 3662 894 revenerunt,

2023 928 2233 983 iterum
2264 932 2319 984 et
2348 929 2532 998 major
2557 927 2836 999 aegritudo
2868 927 2992 981 orta
3012 928 3100 979 est
3131 940 3145 989 ;
3180 925 3352 994 atque
3381 918 3507 974 visa
3537 915 3661 972 nati

2022 1018 2227 1084 vestis,
2260 1019 2381 1074 sive
2410 1018 2680 1090 quaedam
2730 1033 2857 1089 quas
2914 1012 2999 1068 illi
3055 1009 3366 1067 familiaria
3397 1010 3562 1064 erant
3593 1005 3655 1061 in

2022 1112 2330 1179 parentum
2384 1106 2727 1164 memoriam
2814 1101 3189 1169 recurrentis,
3266 1097 3660 1154 molestiorem

2022 1196 2166 1270 ipsis
2189 1199 2509 1255 reddebant
2528 1198 2846 1268 jacturam.

2092 1287 2400 1343 CLXXVII.
2456 1288 2739 1343 Caeterum
2792 1299 2945 1339 anno
2969 1282 3092 1352 jam
3170 1277 3447 1348 confecto,
3523 1291 3659 1331 cum

2026 1375 2403 1449 splendidum
2431 1375 2575 1430 illud
2609 1376 2823 1430 festum
2855 1373 3070 1427 iterum
3109 1368 3451 1439 agitandum
3485 1368 3664 1432 esset,

2023 1465 2185 1538 ipsos
2216 1465 2399 1521 multo
2432 1464 2619 1537 magis
2650 1462 2945 1535 pungebat
2975 1463 3033 1515 et
3078 1456 3446 1513 excruciabat
3475 1454 3666 1521 dolor,

2023 1554 2543 1627 vehementiusque
2601 1568 2834 1608 rursum
2886 1549 3050 1622 pueri
3100 1543 3445 1602 memoriam
3498 1559 3666 1600 revo-

2024 1644 2209 1698 cabat.
2243 1644 2441 1713 Itaque
2472 1643 2625 1697 inter
2652 1658 2713 1698 se
2739 1640 3147 1696 aiuntzEamus
3178 1635 3247 1690 ad
3279 1632 3612 1706 sepulcrum
3646 1647 3661 1686 :

2020 1732 2325 1788 videamus
2356 1749 2497 1787 num
2551 1731 2757 1803 aliqua:
2806 1728 2910 1784 ﬁlii
2956 1725 3220 1797 reliquiae
3268 1720 3587 1794 supersint,
3619 1718 3670 1775 si

2025 1834 2139 1893 quo
2170 1825 2342 1893 pacto
2374 1824 2431 1876 et
2460 1820 2592 1876 illas
2624 1822 3010 1889 asportemus.
3051 1815 3180 1871 Haec
3211 1816 3269 1868 et
3301 1825 3666 1883 quaecunque

2026 1910 2303 1966 maestitia
2334 1910 2681 1983 suggerebat
2709 1908 2863 1963 inter
2892 1923 2952 1961 se
3001 1902 3299 1969 collocuti,
3329 1901 3503 1957 domo
3534 1915 3667 1971 pro-

2024 1999 2229 2070 deunt,
2268 1998 2503 2073 lugubri
2556 2002 2789 2063 ornatu,
2840 1993 3143 2065 oculisque
3174 1989 3580 2062 lacrymarum
3609 1986 3668 2044 vi

2025 2087 2419 2161 liquentibus;
2449 2092 2624 2158 atque
2653 2087 2725 2142 ad
2753 2085 2920 2140 littus
2950 2080 3389 2155 perveniunt.Et
3420 2076 3661 2149 quidem

2025 2178 2223 2233 statim
2255 2177 2470 2233 recedit
2499 2173 3044 2248 mare,przestitutus
3074 2170 3200 2226 dies
3230 2184 3365 2224 cum
3400 2164 3661 2221 advenis-

2026 2270 2131 2323 set.
2164 2268 2504 2339 Sequuntur
2534 2269 2728 2321 autem
2767 2262 2851 2317 illi
2901 2260 3098 2332 primi,
3147 2262 3321 2330 atque
3350 2272 3381 2312 e
3410 2254 3654 2325 vestigio

2027 2353 2124 2409 alii
2155 2355 2366 2417 denuo,
2398 2353 2545 2408 mari
2574 2356 2857 2423 tanquam
2889 2347 3116 2404 itineris
3146 2347 3292 2402 duce
3322 2346 3661 2399 utentes.Ac

2025 2442 2313 2515 templum
2344 2442 2486 2497 illud
2518 2458 2625 2497 sua
2655 2445 2860 2513 sponte
2891 2438 3264 2505 aediﬁcatum,
3296 2433 3414 2489 imo
3470 2449 3504 2487 a
3541 2434 3668 2499 tua,

2026 2531 2290 2597 Domine,
2320 2530 2607 2603 sapientia
2648 2529 2949 2586 conditum
2995 2525 3372 2597 attingentes,
3419 2522 3671 2576 cernunt

2027 2636 2344 2692 puerum,o
2372 2618 2722 2675 miraculum
2747 2619 2757 2673 l
2795 2617 2987 2671 vivum
3021 2618 3077 2670 et
3106 2612 3408 2670 salientem
3432 2610 3492 2665 in
3518 2613 3671 2665 tem-

2028 2708 2143 2781 plo.
2175 2710 2245 2765 Et
2269 2710 2457 2781 primo
2489 2707 2726 2780 quidem
2758 2708 2828 2762 de
2858 2705 2930 2761 iis
2961 2722 3089 2777 quas
3119 2701 3505 2759 cernebantur
3534 2713 3669 2754 am-

2028 2798 2664 2871 bigebant,reputantes
2690 2812 2835 2851 num
2857 2794 3015 2849 filius
3035 2796 3189 2849 esset
3217 2792 3275 2845 id
3303 2790 3458 2863 quod
3480 2804 3665 2861 appa-

2028 2891 2195 2943 reret.
2231 2888 2549 2959 Postquam
2604 2902 2737 2942 vero
2795 2884 3029 2940 indiciis
3086 2886 3143 2939 et
3199 2881 3460 2954 gestibus
3516 2892 3668 2950 puer

2029 2977 2266 3033 omnino
2298 2977 2383 3032 eis
2414 2976 2589 3031 ﬁdem
2622 2975 2776 3041 fecit,
2797 2974 3071 3045 huncque
3100 2970 3296 3043 ipsum
3328 2985 3455 3025 esse
3481 2966 3670 3021 filium

2029 3065 2424 3132 crediderunt,
2456 3064 2767 3120 confestim
2802 3060 3055 3134 amplexi
3085 3076 3243 3125 eum,
3272 3061 3329 3114 et
3388 3055 3573 3112 oculis
3605 3071 3672 3110 ac

2028 3152 2210 3209 labris
2241 3154 2621 3222 adhaerentes,
2655 3152 2938 3207 fleverunt
2968 3149 3090 3218 diu,
3136 3147 3225 3202 his
3284 3143 3554 3201 dulcibus
3583 3141 3670 3197 la-

2030 3243 2245 3315 crymis
2277 3260 2395 3314 pra:
2439 3242 2650 3314 gaudio
2708 3240 2931 3304 effusis,
2988 3252 3239 3308 eumque
3294 3232 3662 3289 vehementer

264 3322 627 3399 προσφύντες,
660 3320 875 3376 ἔκλαιόν
906 3343 965 3376 τε
1007 3324 1171 3398 μέχρι
1219 3311 1455 3395 πολλοῦ,
1488 3325 1555 3378 τὰ
1597 3311 1798 3399 γλυκέα
1847 3324 1913 3394 δὴ

2029 3330 2199 3402 quasi
2229 3332 2385 3387 nudo
2417 3331 2612 3386 animo
2645 3327 2933 3385 dosculati
2957 3329 3117 3382 sunt.

260 3414 439 3465 ταῦτα
468 3412 555 3488 ὑφ’
588 3408 791 3481 ἡδονῆς
844 3412 1175 3487 προχέοντες
1204 3414 1249 3449 ’⁷⁵
1302 3410 1522 3489 δάκρυα,
1554 3414 1643 3467 καὶ
1699 3415 1914 3489 θερμῶς

263 3500 431 3555 αὐτὸν
465 3499 645 3576 ὥσπερ
675 3504 855 3575 γυμνῇ
884 3502 953 3571 τῇ
981 3504 1134 3576 ψυχῇ
1167 3500 1511 3579 κατεφίλουν.

346 3589 683 3646 CLXXVIII.
711 3591 934 3644 Ἔπειτα
970 3590 1159 3663 μικρὸν
1193 3590 1414 3652 ἑαυτοὺς
1448 3586 1824 3662 ἀναλαϐόντες,
1849 3594 1914 3662 ἡ·

267 3678 464 3755 ρώτων
496 3674 734 3751 ἀκριϐῶς
763 3676 963 3733 ἕκαστα
990 3679 1052 3733 τὸ
1082 3677 1321 3749 παιδίον,
1342 3679 1491 3741 ὅπως
1514 3680 1659 3735 οὕτω
1685 3679 1919 3758 παραδό-

262 3770 379 3840 ξως
411 3764 642 3837 διεσώθη
655 3769 720 3839 ⁷⁸⁵,
732 3766 876 3829 τίνος
891 3766 1276 3846 φυλάττοντος,
1289 3769 1434 3831 τίνος
1447 3769 1735 3848 τρέφοντος
1746 3818 1759 3840 ,
1770 3770 1917 3833 τίνος

263 3853 602 3927 θάλποντος,
634 3855 781 3916 τίνος
814 3860 1230 3932 ζωογονοῦντος.
1269 3859 1337 3911 Τὸ
1386 3854 1475 3931 δὴ,
1504 3862 1571 3931 τῇ
1636 3859 1729 3932 μὲν
1790 3858 1919 3930 λαιᾷ

260 3942 421 4021 χειρὶ
450 3945 550 4013 τήν
582 3944 740 4019 σορὸν
772 3945 1023 4020 κατέχον,
1059 3946 1254 4019 θατέρᾳ
1283 3943 1341 4001 δὲ
1367 3948 1458 4001 τὸν
1510 3946 1560 4001 έν
1617 3947 1750 4021 αὐτῇ
1805 3949 1915 4004 κεί-

266 4053 432 4107 μενον
466 4030 836 4106 ὑποδεικνύον,
870 4032 1036 4095 Οὗτός
1069 4056 1163 4108 μοι
1192 4035 1281 4089 καὶ
1311 4042 1408 4105 τῆς
1445 4041 1589 4106 ζωῆς
1645 4036 1915 4113 πάροχος,

260 4120 451 4199 ἔλεγε,
478 4121 567 4176 καὶ
613 4122 865 4201 τροφεὺς,
912 4122 1003 4177 καὶ
1052 4121 1246 4201 φύλαξ,
1278 4125 1403 4200 παρ’
1451 4124 1624 4197 ἐαυτῷ
1677 4127 1917 4200 γνησίως

260 4211 354 4268 ἀεί
389 4232 451 4284 με
492 4216 671 4284 τηρῶν
711 4210 799 4265 καὶ
851 4210 1036 4273 καλῶς
1085 4212 1497 4286 τιθηνούμενος.
1532 4213 1771 4287 Θαύματι
1826 4214 1916 4270 οὖν

261 4303 325 4357 οἱ
383 4295 629 4363 τεκόντες
685 4300 987 4378 ἀπορρήτῳ
1028 4301 1119 4355 σὺν
1182 4299 1352 4376 ἡδονῇ
1413 4300 1725 4382 ληφθέντες,
1794 4305 1918 4366 τοὺς

258 4389 567 4468 προτέρους
620 4382 853 4465 θρήνους
914 4390 1005 4445 καὶ
1063 4392 1130 4445 τὰ
1197 4394 1490 4465 σκυθρωπᾶ
1551 4397 1646 4447 τοῦ
1710 4392 1917 4457 πάθους

257 4482 448 4537 ἐκεῖνα
480 4479 721 4556 ῥήματα,
755 4480 829 4541 εἷς
861 4477 1202 4556 φαιδρότητα
1238 4478 1326 4534 καί
1376 4480 1715 4557 εὐχαριστίαν
1765 4481 1915 4554 μετέ-

258 4565 462 4641 ϐαλον,
518 4568 856 4641 Θαυμαστὸς,
912 4567 1183 4643 λέγοντες,
1218 4567 1245 4622 ὅ
1306 4570 1436 4631 Θεὸς
1497 4569 1547 4624 ἐν
1595 4576 1712 4633 τοῖς
1742 4570 1920 4647 ἁγίοις

2096 3588 2429 3655 CLXXVIII.
2464 3597 2681 3653 Deinde
2712 3612 2843 3651 cum
2878 3592 3117 3666 paulum
3181 3588 3553 3661 collegissent
3582 3603 3667 3654 se,

2025 3687 2259 3761 singula
2290 3686 2595 3759 diligenter
2627 3688 2909 3757 rogarunt
2938 3696 3208 3755 puerum,
3234 3695 3348 3751 quo
3379 3676 3553 3732 modo
3578 3675 3660 3730 ita

2027 3775 2375 3832 mirabiliter
2406 3778 2671 3830 servatus
2703 3773 2932 3841 fuisset,
2965 3787 3079 3843 quo
3137 3765 3519 3831 custodiente,
3552 3780 3664 3834 quo

2028 3863 2345 3933 nutriente,
2374 3880 2490 3936 quo
2522 3864 2773 3929 fovente,
2824 3878 2939 3933 quo
2996 3859 3175 3915 vitam
3234 3856 3567 3929 praestante.
3598 3855 3675 3907 At

2027 3955 2127 4010 ille
2156 3953 2297 4009 laeva
2328 3953 2565 4025 quidem
2597 3969 2773 4008 manu
2804 3949 3063 4006 loculum
3093 3943 3506 4010 tenens,altera
3533 3958 3669 3997 vero

2033 4044 2093 4098 in
2126 4059 2192 4098 eo
2225 4043 2516 4113 jacentem
2551 4041 2904 4098 ostendens:
2939 4038 3043 4095 Hic
3074 4033 3455 4105 mihi,inquit,
3471 4036 3528 4088 et
3543 4032 3676 4087 vitae

2032 4127 2297 4203 largitor,
2331 4133 2388 4186 et
2416 4128 2607 4197 alitor,
2640 4133 2693 4185 et
2725 4132 2921 4183 custos
2945 4124 3073 4194 fuit,
3108 4125 3263 4198 apud
3293 4139 3355 4179 se
3382 4136 3515 4177 vere
3544 4136 3675 4193 per-

2033 4225 2210 4291 petuo
2242 4234 2334 4274 me
2364 4234 2716 4274 conservans
2748 4233 2814 4271 ac
2843 4213 3116 4288 praeclare
3149 4210 3469 4268 enutriens.
3501 4210 3679 4265 Mira-

2030 4307 2161 4363 culo
2194 4308 2373 4379 igitur
2420 4304 2795 4361 inenarrabili
2855 4308 3123 4376 parentes
3181 4316 3313 4356 cum
3372 4297 3674 4371 voluptate

2030 4397 2208 4468 capti.
2241 4396 2495 4451 lamenta
2518 4394 2727 4467 priora,
2760 4397 2818 4448 et
2845 4392 3037 4448 tristia
3072 4390 3173 4445 illa
3225 4387 3442 4444 doloris
3472 4387 3668 4451 verba,

2029 4484 2086 4539 in
2122 4483 2477 4539 hilaritatem
2506 4488 2561 4538 et
2590 4482 2908 4555 gratiarum
2958 4480 3241 4535 actionem
3275 4477 3669 4543 mutaverunt,

2029 4572 2290 4628 dicentes
2324 4590 2336 4627 :
2369 4570 2639 4627 Mirabilis
2668 4572 2807 4626 Deus
2835 4571 2896 4624 in
2923 4569 3123 4625 sanctis
3170 4567 3286 4622 suis
3315 4566 3359 4600 ⁷⁷
3393 4582 3407 4632 ;
3443 4567 3499 4619 et
3528 4579 3670 4617 con-

257 4658 454 4729 αὐτοῦ,
493 4656 584 4712 καὶ
615 4657 712 4712 ὅσα
743 4656 863 4728 ἑξῆς
910 4658 1305 4732 προστιθέντες.
1338 4659 1759 4734 Ἐπανέρχονται
1806 4661 1915 4715 τοί-

2033 4662 2339 4734 sequentia
2369 4661 2669 4717 addentes.
2710 4660 2913 4731 Itaque
2973 4656 3124 4713 beati
3178 4671 3243 4710 ac
3303 4651 3672 4708 aemulatione

253 4769 359 4803 νυν
423 4745 677 4823 μακάριοι
733 4745 821 4800 καὶ
881 4744 1121 4816 ζηλωτοὶ
1180 4747 1319 4823 πρὸς
1358 4748 1458 4816 τήν
1504 4747 1699 4801 οἰκίαν·
1734 4749 1793 4802 ’ὃν
1846 4750 1919 4811 ὡς

257 4836 456 4910 νεκρὸν
488 4834 767 4904 ἐπένθουν,
798 4834 889 4889 καὶ
935 4832 1103 4912 τάφον
1151 4835 1298 4909 αὐτῷ
1350 4833 1641 4891 θαλαττίου
1694 4834 1923 4913 γαστέρα

2032 4751 2193 4825 digni
2212 4752 2461 4808 redeunt
2487 4751 2725 4806 domum
2752 4765 2765 4804 :
2791 4764 2965 4821 quem
2990 4751 3057 4801 ut
3076 4740 3677 4811 mortuumlugebant

2032 4846 2089 4896 et
2114 4843 2205 4897 cui
2238 4840 2576 4914 sepulcrum
2606 4855 2733 4896 esse
2754 4841 3013 4894 ventrem
3047 4832 3251 4890 belluas
3284 4828 3676 4901 marinepras-

1613 4988 1855 5044 VARUE
1903 4989 2320 5047 LECTIONES.

335 5087 381 5123 7‘
406 5087 483 5144 al.
514 5089 726 5162 πρῶτα.
805 5086 850 5123 ⁷⁵
877 5085 954 5143 al.
988 5082 1292 5161 ἐκχέοντες.
1398 5087 1441 5121 ’¹⁶
1471 5085 1547 5142 al.
1579 5086 1906 5160 περιεσώθη.

2009 5090 2052 5123 ⁷⁷
2084 5088 2235 5146 Psal.
2269 5104 2439 5155 van,
2471 5088 2561 5142 36.

1624 5229 2002 5287 VARIORUM
2066 5231 2306 5286 NOT/E.

368 5339 461 5412 26)
492 5334 863 5413 ςᾼλλόμενονμ.
918 5338 996 5392 Ex
1039 5335 1387 5413 Ephremo.‘
1407 5337 1489 5413 At
1536 5335 1922 5413 Nicephorus,

253 5405 722 5483 παρακαθήμενον
784 5406 1033 5483 λᾴρμνακι.
1089 5405 1301 5483 ῘΠᾲῐὩΒ.
1359 5407 1522 5483 2421,
1555 5405 1637 5483 ,ἐν
1824 5412 1919 5460 τοῦ

254 5478 779 5559 ἀτί-ουλκαθῇμενον
830 5478 1078 5559 λάρνακι.
1134 5478 1483 5559 Gregorius,
1534 5478 1913 5559 dormientem.

249 5550 473 5628 Aspicit
504 5550 685 5626 ﬁlium
718 5554 870 5628 ineo
903 5550 1054 5615 ‘toco,
1088 5552 1191 5628 ubi
1236 5550 1361 5628 eum
1405 5550 1762 5628 dormientem
1784 5552 1915 5606 reli-

252 5622 479 5701 querat,
504 5622 718 5701 teipse
738 5622 915 5678 adhuc
945 5637 1147 5701 sopore
1174 5624 1366 5701 teneri.
1384 5624 1693 5701 Estimans
1731 5626 1916 5701 autem

253 5694 388 5756 eum
414 5712 524 5753 esse
552 5694 893 5767 defunctum,
948 5695 1169 5767 accessit
1213 5696 1485 5767 cominus,
1528 5696 1683 5767 quasi
1721 5694 1914 5750 collec-

253 5785 391 5829 tum
418 5765 651 5827 cadaver
683 5767 940 5824 exanime
969 5782 989 5831 ;
1021 5765 1111 5821 sed
1140 5781 1264 5823 cum
1292 5782 1417 5825 eum
1453 5765 1691 5823 dormire
1720 5780 1911 5837 cogno-

2030 5339 2214 5405 visset,
2246 5339 2546 5394 excitatum
2579 5334 2859 5402 velociter,
2900 5333 3275 5407 spectantibus
3320 5330 3556 5404 populis,
3598 5331 3685 5407 iu.-

2035 5400 2305 5466 cotuniem
2337 5410 2537 5463 levavit
2580 5410 2639 5463 in
2670 5400 2853 5469 ulnis,
2893 5400 3243 5474 ihlerrogans
3294 5400 3446 5461 {nter
3495 5400 3688 5457 oscula

2033 5483 2131 5536 ubi
2154 5497 2256 5553 per
2287 5482 2428 5536 anni
2458 5480 2654 5553 fuisse:
2686 5480 2889 5550 spatia.
2938 5480 3159 5553 Nescire
3196 5494 3249 5533 se
3297 5478 3395 5542 ait,
3427 5476 3478 5553 si
3505 5489 3688 5529 annus

2032 5548 2247 5624 inteyer
2272 5548 2685 5625 praeteﬁisset;
2712 5548 2929 5625 tantum
2981 5549 3243 5625 dormisse
3295 5548 3451 5625 suavi
3496 5560 3688 5625 δορονέ

2031 5627 2089 5679 in
2122 5618 2291 5680 um;
2321 5624 2494 5678 noctis
2528 5623 2702 5694 spatio
2750 5621 3079 5677 aestimabat.
3123 5620 3214 5675 Sic
3264 5624 3430 5675 vetus
3478 5618 3677 5674 codex.

2026 5696 2161 5753 ϐυτ.
