4090 6340
216 446 343 529 eos

1701 450 2144 518 LITURGICA.

3502 440 3621 507 606

852 684 1441 786 LITUBGIA
1524 691 1614 785 s.
1698 685 2407 783 CLEMENTIS
2475 632 2992 781 ROMANI.

618 899 878 950 Primum
906 898 1093 952 Oratio
1113 902 1240 953 ante
1266 899 1482 954 Pacem.

300 984 456 1039 Deus
476 983 576 1053 qui
606 1000 668 1039 es
701 1001 859 1040 mare
884 985 1176 1042 ineffabile
1198 988 1518 1052 charitatis,
1542 991 1598 1043 et
1626 987 1873 1058 abyssus

225 1072 761 1145 imperscrutabilis
790 1075 971 1146 pacis,
1022 1076 1152 1131 fons
1192 1077 1497 1142 bonorum,
1531 1080 1585 1130 et
1632 1074 1875 1146 largitor

227 1162 689 1233 dilectionis,qui
713 1164 896 1219 mittis
911 1181 1111 1236 pacem
1134 1166 1205 1220 ad
1229 1165 1356 1221 illos
1379 1166 1476 1237 qui
1494 1166 1668 1220 etiam
1692 1162 1875 1219 susci-

223 1251 587 1325 piuntzaperi
610 1251 780 1307 nobis
796 1252 905 1308 hoc
932 1256 1192 1325 tempore
1214 1271 1371 1309 mare
1395 1253 1740 1309 charititatis
1762 1256 1872 1306 tuas

226 1345 288 1397 et
319 1341 503 1413 irriga
533 1358 639 1396 nos
668 1341 904 1397 ﬂuentis
937 1343 1350 1410 ditissimis,ex
1384 1344 1645 1398 ubertate
1676 1340 1872 1414 gratia:

224 1436 367 1498 tuae,
402 1435 460 1485 et
489 1447 558 1485 ex
588 1430 848 1486 fontibus
900 1431 1266 1487 suavissimis
1315 1430 1690 1504 benignitatis
1738 1435 1871 1485 tuta.

224 1519 346 1574 Fac
379 1535 484 1574 nos
515 1517 665 1574 ﬁlios
707 1519 1154 1592 tranquillitatis
1186 1525 1243 1576 et
1274 1520 1529 1577 haeredes
1560 1520 1742 1593 pacis,
1777 1534 1874 1573 ac-

227 1608 415 1664 cende
443 1607 504 1662 in
534 1606 703 1663 nobis
749 1607 945 1680 ignem
978 1609 1278 1665 charitatis
1326 1615 1458 1675 tute,
1495 1614 1553 1664 et
1595 1610 1873 1664 fervorem

226 1697 453 1753 amoris
481 1697 725 1752 tui.Sere
743 1697 804 1752 in
837 1698 1005 1753 nobis
1032 1699 1301 1755 timorem
1325 1702 1578 1765 tuum,et
1596 1697 1877 1753 conﬁrma

224 1785 637 1841 inﬁrmitatem
668 1789 928 1843 nostram
957 1787 1197 1844 veritate
1243 1792 1363 1844 tua.
1397 1787 1741 1859 Constringe
1770 1802 1876 1841 nos

225 1878 448 1939 tecum,
496 1878 552 1928 et
600 1873 906 1930 nobiscum
954 1876 1224 1940 invicem,
1271 1893 1390 1932 una
1436 1877 1723 1947 ﬁrmaque
1772 1890 1877 1928 nec

227 1962 545 2019 dissoluhii
575 1964 901 2019 concordia.
938 1965 1154 2021 Praesta
1201 1966 1377 2021 etiam
1422 1970 1488 2021 ut
1528 1964 1695 2021 vacui
1721 1963 1874 2033 dolo,

229 2058 294 2107 et
322 2052 457 2123 puri
491 2051 561 2106 ab
582 2052 742 2106 omni
774 2051 1570 2120 livore,salutemusinvicem
1590 2055 1650 2108 in
1681 2053 1877 2109 osculo

229 2146 291 2198 et
312 2140 584 2212 amplexu
600 2140 760 2213 pacis
782 2145 839 2196 et
856 2142 1156 2198 charitatis
1174 2161 1287 2199 non
1308 2144 1545 2213 ﬁctaa,ut
1561 2159 1692 2197 cum
1707 2142 1878 2197 corde

229 2248 387 2303 puro
410 2236 466 2285 et
484 2228 680 2285 anima
701 2231 942 2301 munda,
966 2231 1061 2286 hic
1082 2233 1317 2304 quidem
1348 2232 1733 2288 arrhabonem
1749 2230 1877 2285 vita

228 2318 518 2375 membris
550 2319 766 2374 nostris
796 2319 1176 2388 misceamus,
1208 2325 1264 2377 et
1290 2321 1409 2376 iliic
1440 2322 1500 2376 in
1546 2321 1740 2375 futuro
1772 2337 1877 2375 saa-

230 2408 369 2464 culo
397 2407 627 2463 invitati
661 2408 852 2463 simus
883 2409 953 2463 ad
985 2410 1197 2465 festum
1230 2409 1375 2465 illud
1405 2414 1750 2482 perpetuum
1781 2410 1880 2465 de-

228 2496 507 2569 liciisque
536 2497 1110 2553 abundantissimnm
1146 2517 1159 2565 ;
1192 2503 1249 2555 et
1279 2497 1883 2572 triumphaliter~cele~

228 2587 478 2642 bremus
511 2590 586 2656 te,
611 2603 643 2641 o
671 2586 859 2653 beate,
891 2586 951 2642 in
984 2604 1160 2661 regno
1190 2589 1473 2659 tuo,quod
1506 2590 1565 2644 in
1595 2592 1877 2645 mternum

234 2679 559 2748 permanet,
592 2680 648 2730 et
679 2674 1013 2748 unignitum
1047 2676 1257 2733 Filium
1288 2681 1479 2745 tuum,
1512 2681 1568 2733 et
1590 2677 1873 2750 Spiritum

240 2770 417 2820 tuum
450 2768 742 2820 sanctum.

313 2854 571 2924 Populus.
598 2855 805 2909 Amen.

311 2942 591 2998 Sacerdos.
624 2943 756 2997 Pax.

314 3032 574 3102 Populus.
604 3031 673 3086 Et
704 3048 838 3086 cum
865 3032 1077 3104 spiritu
1111 3037 1230 3090 tuo.

314 3121 603 3176 Diaconus.
635 3120 744 3175 Det
773 3122 1183 3194 unusquisque
1214 3139 1437 3193 pacem.

307 3207 579 3279 Populus.
614 3210 848 3266 Omnes.

305 3299 605 3354 Diaconus.
640 3303 799 3370 Post,
832 3303 941 3355 etc.

296 3389 559 3459 Papa/us.
594 3391 798 3444 Coram
826 3393 881 3445 te
912 3389 1174 3446 Domine.

298 3476 557 3532 Sacerdos
606 3478 823 3533 elevans
870 3495 1070 3535 vocem.
1115 3479 1269 3535 Deus
1316 3478 1644 3548 invisibilis,
1693 3484 1751 3561 et
1789 3480 1879 3535 in-

218 3565 771 3637 comprehensibilis
802 3568 1115 3623 ineﬁ'abilis
1147 3574 1205 3624 et
1233 3570 1482 3636 inﬁnite,
1514 3571 1615 3642 qui
1645 3571 1703 3625 in
1738 3571 1879 3625 San-

1904 899 1959 961 Α
1989 909 2129 947 num
2162 896 2519 948 nostrarum.
2552 894 2733 949 Indue
2776 910 2882 948 nos
2934 892 3082 948 stola
3125 907 3270 946 nova
3317 887 3627 944 intertexta

1983 986 2190 1036 ornatu
2224 998 2452 1037 morum
2476 982 2852 1037 honestorum
2879 1000 2893 1049 ;
2927 986 2982 1037 et
3013 998 3113 1053 per
3141 978 3423 1051 Spiritum
3452 981 3624 1032 tuum

1982 1074 2253 1125 sanctum
2286 1071 2680 1142 perﬁcientem
2706 1071 2923 1139 omnia,
2948 1070 3046 1141 qui
3069 1069 3127 1123 in
3158 1068 3433 1123 omnibus
3468 1082 3625 1121 men-

1980 1158 2140 1213 tibus
2172 1160 2334 1230 puris
2365 1160 2609 1227 habitat,
2643 1166 2699 1215 et
2728 1162 2783 1215 in
2818 1159 3126 1214 animabus
3156 1157 3391 1212 mundis
3422 1156 3621 1211 sedem

1981 1245 2176 1316 habet,
2209 1249 2509 1303 sanctiﬁca
2539 1265 2644 1303 nos
2678 1264 2779 1320 per
2823 1246 3092 1319 gratiam,
3136 1243 3622 1305 misericordiam,

1982 1339 2040 1389 et
2082 1352 2338 1391 amorem
2389 1354 2526 1409 erga
2568 1338 2835 1392 homines
2876 1334 3161 1407 unigeniti
3215 1332 3339 1387 Filii
3386 1330 3472 1387 tui
3524 1347 3627 1402 per

1989 1440 2162 1495 quem
2194 1431 2251 1480 et
2279 1443 2411 1481 cum
2444 1444 2559 1498 quo
2590 1431 2644 1481 te
2675 1426 2840 1482 decet
2865 1425 3071 1498 gloria,
3101 1428 3210 1479 etc.

2054 1514 2314 1585 Papulas.
2347 1521 2553 1572 Amen.

2056 1604 2348 1658 Dz'aconus.
2381 1605 2615 1659 Stemus
2646 1606 2934 1660 decenter.

2056 1691 2318 1763 P0pulus.
2350 1692 2775 1749 Misericordiae.

2055 1781 2332 1837 Sacerdos.
2366 1782 2651 1839 Charitas.

2056 1872 2325 1942 Populus.
2358 1873 2428 1927 Et
2456 1889 2589 1928 cum
2622 1872 2831 1941 spiritu
2860 1876 2980 1929 tuo.

2053 1960 2332 2017 Sacerdos.
2365 1962 2610 2017 Sursum
2642 1964 2835 2018 corda.

2056 2052 2315 2121 Populus.
2353 2051 2646 2107 Habemus
2678 2052 2749 2107 ad
2785 2052 3115 2108 Dominum.

2060 2140 2335 2195 Sacerdos.
2372 2140 2600 2196 Gratias
2631 2157 2876 2214 agamus
2906 2142 3172 2197 Domino.

2060 2230 2320 2300 Populus.
2347 2229 2601 2302 Dignum
2633 2235 2689 2286 et
2709 2232 2939 2302 justum
2976 2236 3085 2287 est.

2061 2318 2342 2375 Sacerdos.
2397 2320 2475 2374 Te
2524 2320 2679 2376 enim
2737 2321 2900 2377 decet
2928 2319 3113 2394 gloria
3168 2324 3224 2376 et
3250 2319 3357 2375 tibi
3388 2318 3635 2375 debetur

1989 2406 2246 2463 laudatio
2281 2426 2293 2464 :
2328 2413 2383 2463 te
2414 2409 2579 2465 decet
2607 2409 2862 2482 hymnus
2885 2415 2941 2466 et
2961 2409 3231 2466 exaltatio
3261 2424 3636 2481 quocumque

1988 2500 2272 2568 tempore,
2324 2497 2574 2569 Patrem,
2623 2497 2861 2570 Filium,
2909 2502 2965 2554 et
3013 2498 3292 2571 Spiritum
3340 2503 3634 2568 sanctum,

1989 2586 2172 2641 Deum
2203 2586 2609 2658 verum,unius
2640 2592 2861 2644 natura;
2894 2588 3335 2655 excelsar,unius
3365 2587 3637 2642 substan-

1990 2661 2103 2743 tiae,
2138 2675 2236 2747 qui
2268 2677 2329 2731 iu
2358 2677 2629 2733 Personis
2661 2678 2849 2733 tribus
2898 2678 3159 2734 adoraris
3188 2681 3245 2733 et
3271 2676 3532 2732 laudaris
3562 2676 3635 2731 ab

1993 2764 2289 2832 omnibus,
2321 2782 2445 2837 quas
2478 2782 2581 2838 per
2612 2766 2959 2839 sapientiam
2990 2767 3199 2823 creasti
3243 2769 3300 2822 et
3328 2765 3636 2821 ordinasti.

2065 2853 2321 2909 Sacerdos
2352 2856 2569 2911 elevans
2593 2873 2790 2913 vocem.
2835 2857 3242 2913 Benedicimus
3270 2860 3328 2912 te
3358 2856 3635 2912 factorem

1994 2942 2339 2999 saeculorum
2363 2948 2419 2999 et
2438 2950 2752 3002 creatorem
2772 2945 3480 3019 naturarum,largitorem
3502 2944 3632 3000 vitae

1991 3036 2048 3085 et
2067 3032 2381 3088 Dominum
2402 3038 2803 3091 creaturarum
2827 3035 3146 3092 visibilium
3170 3041 3226 3091 et
3244 3033 3630 3090 invisibilum.

1992 3120 2131 3175 Cceli
2183 3121 2482 3191 coelorum,
2532 3129 2589 3179 et
2620 3141 2983 3197 quaecunque
3034 3126 3093 3179 in
3134 3124 3250 3180 illis
3303 3128 3461 3190 sunt,
3493 3139 3627 3178 cum

1991 3211 2218 3266 naturis
2256 3211 2443 3284 igneis
2474 3217 2531 3268 et
2560 3213 2965 3285 spiritualibus
2994 3217 3053 3268 te
3089 3211 3539 3285 gloriﬁcant.Sol
3571 3214 3630 3266 et

1990 3298 2133 3355 luna
2161 3300 2431 3356 cursibus
2461 3302 2587 3358 suis
2609 3306 2664 3357 te
2693 3307 3041 3358 venerantur
3073 3320 3087 3358 :
3116 3300 3291 3357 stellae
3321 3299 3631 3371 splendore

1992 3406 2097 3444 suo
2129 3394 2185 3444 te
2216 3390 2534 3461 praedicant
2566 3409 2580 3447 :
2613 3390 2873 3447 tonitrua
2916 3392 3077 3447 sonis
3120 3390 3244 3447 suis
3291 3393 3527 3459 terrent,
3558 3389 3633 3444 ad

1992 3478 2335 3533 mandatum
2366 3482 2535 3534 tuum
2584 3496 2596 3534 :
2649 3484 2844 3535 motus
2888 3480 2948 3535 in
2989 3497 3120 3537 aere
3149 3480 3421 3535 virtutem
3470 3482 3635 3535 tuam

1990 3565 2327 3636 signiﬁcant
2359 3585 2372 3622 :
2406 3585 2569 3639 aqua:
2600 3569 2659 3623 in
2690 3569 2948 3625 nubibus
2992 3573 3139 3624 nutu
3168 3572 3271 3625 tuo
3300 3571 3588 3638 coguntur
3620 3585 3634 3622 :

216 3654 336 3710 ctis
367 3658 704 3710 sanctorum
739 3656 984 3712 excelsis
1014 3657 1267 3729 habitas,
1309 3658 1369 3714 in
1402 3639 1620 3715 secreto
1651 3659 1877 3714 habita-
1910 3639 1953 3707 C
1991 3659 2146 3710 terra
2172 3660 2239 3710 et
2268 3672 2632 3729 quascunque
2662 3675 2839 3731 super
2867 3676 2994 3715 eam
3020 3662 3177 3724 sunt,
3217 3675 3250 3713 a
3277 3661 3333 3712 te
3358 3657 3635 3730 pendent,

217 3742 379 3813 culo,
413 3745 569 3815 quod
602 3745 879 3801 manibus
910 3746 1128 3801 factum
1188 3764 1303 3803 non
1336 3753 1446 3815 est,
1478 3766 1656 3819 supra
1702 3747 1875 3804 caelos

220 3831 534 3898 cmlorum,
568 3838 625 3888 et
650 3850 831 3905 supra
861 3834 1106 3906 quiquid
1140 3836 1411 3908 superius
1442 3835 1559 3891 illis
1598 3840 1723 3903 est;
1774 3836 1876 3909 qui

220 3921 488 3978 destruis
519 3938 754 3977 omnem
786 3922 1155 3979 altitudinem
1205 3926 1545 3996 passionum
1597 3925 1875 3980 extollen-

218 4016 347 4067 tem
379 4027 441 4066 se
470 4011 752 4066 adversus
783 4012 1087 4067 scientiam
1138 4018 1323 4079 tuam,
1360 4019 1415 4070 et
1462 4014 1719 4084 captivas
1749 4031 1872 4069 om-

221 4116 362 4155 nem
416 4099 765 4171 cogitionem
800 4101 870 4155 ad
920 4102 1168 4156 formam
1218 4102 1569 4158 humilitatis
1615 4106 1671 4159 et
1715 4103 1875 4157 adni-

218 4186 531 4243 hilationis
562 4192 695 4243 tuae.
746 4190 830 4243 Tu
874 4190 1229 4257 beatissime,
1277 4194 1333 4246 et
1381 4192 1539 4247 dives
1587 4192 1873 4246 donorum

219 4274 601 4344 sublimium,
634 4278 827 4349 aspice
860 4295 965 4333 nos
1013 4296 1044 4333 e
1096 4278 1256 4335 caelis
1287 4281 1405 4336 tuis
1437 4280 1789 4336 sublimibus
1819 4287 1875 4334 et

216 4363 573 4437 splendidis,
604 4370 662 4420 et
692 4381 760 4421 ex
791 4366 1151 4423 habitatione
1181 4369 1343 4440 regni
1374 4370 1459 4424 tui
1490 4370 1874 4425 aaterni.Mitte

213 4453 392 4509 nobis
424 4454 577 4509 dona
604 4455 805 4525 gratia:
826 4460 938 4510 tua:
964 4456 1193 4528 divinas,
1228 4458 1714 4513 inhabitationem
1746 4459 1871 4531 Spi-

216 4544 381 4598 ritus
411 4543 498 4597 tui
528 4544 713 4599 sancti
758 4544 898 4615 quia
939 4549 1002 4600 tu
1052 4546 1211 4601 dives
1251 4547 1783 4603 misericordiarum
1815 4552 1873 4603 et

218 4632 579 4704 magniﬁcus
608 4632 669 4687 in
691 4634 861 4689 donis
891 4639 947 4690 et
976 4634 1355 4706 amplissimae
1387 4634 1871 4705 clementiaz,tibi-

221 4737 344 4793 que
373 4720 619 4793 gloriam
669 4725 725 4777 et
752 4722 1074 4794 gratiarum
1124 4724 1410 4780 actionem
1444 4725 1765 4797 offerimus,
1815 4731 1872 4781 et

221 4808 533 4881 unigenito
565 4809 710 4865 Filio
738 4815 859 4882 tuo,
890 4816 999 4867 etc.

299 4898 561 4969 Populus.
592 4900 793 4955 Amen.

298 4978 578 5034 Sacerdos.
611 4979 855 5035 Domine
888 4982 1035 5036 Deus
1062 4986 1287 5053 potens,
1316 4983 1414 5055 qui
1443 4984 1604 5040 vides
1634 4985 1873 5041 abscon-

220 5066 371 5134 dita,
404 5071 461 5122 et
493 5068 688 5123 futura
735 5069 909 5125 etiam
952 5075 1246 5142 penetras,
1294 5073 1423 5127 fons
1470 5074 1598 5128 vitae
1629 5079 1686 5129 et
1714 5074 1873 5146 origo

219 5156 401 5211 beata
420 5155 805 5213 beatitudinis
826 5162 881 5213 et
900 5158 1175 5215 bonitatis
1205 5177 1217 5227 ;
1252 5160 1491 5233 largitor
1521 5162 1875 5234 puritatis,et

220 5261 259 5298 a
296 5260 411 5315 quo
442 5245 723 5300 sanctitas
755 5246 930 5303 habet
961 5249 1243 5321 originem
1270 5268 1283 5317 ;
1334 5250 1647 5307 thesaurus
1678 5270 1872 5307 rerum

217 5333 701 5406 pretiosarum,et
732 5336 862 5393 fons
890 5338 1187 5410 sapientiae
1209 5358 1228 5394 :
1252 5343 1415 5411 pater
1444 5339 1593 5395 lucis
1624 5346 1870 5411 ceterum,

218 5438 355 5493 quae
413 5427 504 5477 est
555 5428 687 5479 ante
736 5426 934 5482 omnia
981 5427 1193 5483 saecula
1244 5428 1301 5482 in
1356 5434 1410 5484 te
1461 5430 1870 5497 essentialiter,

215 5510 468 5582 aequalis
498 5512 760 5589 potentia
790 5518 846 5569 et
875 5514 1084 5587 gloria.
1108 5520 1183 5572 Te
1212 5518 1597 5589 deprecamur
1625 5521 1871 5575 sanctis-

217 5601 374 5655 sime
424 5588 684 5669 Domine,
756 5603 1055 5660 sanctiﬁca
1102 5610 1327 5661 mentes
1383 5612 1438 5661 et
1495 5608 1873 5681 cogitationes

220 5690 492 5744 omnium
518 5695 809 5763 nostrum,
844 5694 1066 5750 munda
1095 5694 1324 5751 animas
1354 5702 1411 5751 et
1458 5714 1701 5769 corpora
1747 5714 1872 5753 om-

214 5778 393 5840 nium
427 5782 716 5853 nostrum,
757 5781 985 5841 refrena
1027 5782 1521 5844 inordinationem
1572 5786 1875 5859 cogitatio-

1988 3747 2164 3813 atque
2195 3760 2228 3797 a
2259 3748 2315 3799 te
2346 3748 2753 3802 sustentantur
2785 3765 2798 3802 :
2835 3752 3059 3803 natura;
3088 3745 3419 3814 rationales,
3454 3749 3512 3801 et
3541 3762 3634 3801 ra-

1986 3832 2142 3887 tione
2174 3838 2457 3901 carentes,
2490 3833 2606 3890 illae
2659 3852 2787 3907 qua:
2829 3836 3235 3908 intelligentia,
3268 3839 3325 3891 et
3354 3852 3479 3907 quae
3510 3834 3634 3890 solo

1986 3937 2160 3976 sensu
2194 3924 2448 3993 praditaa
2482 3929 2752 3997 sunt,per
2771 3930 2826 3981 te
2856 3926 3139 3996 vivunt,et
3167 3925 3435 3998 potestati
3469 3924 3635 3995 regni

1984 4010 2070 4064 tui
2102 4010 2401 4067 obediunt.
2435 4014 2647 4084 Habes,
2682 4014 2949 4080 Domine,
3008 4014 3068 4069 in
3108 4013 3248 4069 cmlo
3280 4013 3379 4069 illo
3410 4012 3633 4069 excelso

1984 4098 2137 4169 quod
2171 4104 2259 4154 est
2288 4100 2608 4157 scabellum
2639 4104 2748 4158 sub
2773 4103 3021 4173 pedibus
3050 4103 3190 4170 tuis,
3228 4101 3527 4158 ministros
3550 4101 3637 4157 in-

1986 4188 2464 4253 numerabiles,et
2489 4190 2785 4246 inﬁnitum
2816 4207 3127 4246 numerum
3160 4190 3529 4247 laudantium
3555 4194 3638 4260 te,

1986 4277 2085 4348 qui
2110 4277 2179 4332 in
2214 4278 2550 4349 regionibus
2582 4280 2835 4335 materias
2857 4280 3216 4351 expertibus,
3254 4279 3414 4336 laudi
3445 4281 3626 4351 maje-

1983 4366 2121 4420 tatis
2152 4370 2284 4432 tuas,
2319 4371 2375 4421 et
2404 4368 2728 4423 ministerio
2758 4374 2859 4423 tuo
2903 4368 3008 4424 toti
3053 4369 3267 4424 addicti
3312 4373 3470 4437 sunt,
3501 4386 3629 4440 per-

1986 4471 2163 4510 sonas
2194 4456 2570 4528 scilicet,qua3
2601 4474 2668 4512 ex
2708 4456 2841 4529 igne
2872 4463 2927 4513 et
2958 4458 3168 4530 spiritu
3201 4464 3403 4514 creatae
3435 4463 3573 4514 sunt
3607 4474 3621 4513 :

1984 4560 2115 4615 quae
2140 4544 2384 4599 canticis
2415 4546 2679 4600 omnium
2701 4547 2937 4602 musicae
2960 4547 3473 4619 generum,laudes
3494 4551 3626 4601 tuas

1983 4648 2116 4686 cum
2148 4632 2399 4688 clamore
2429 4633 2742 4701 celebrant,
2792 4634 3011 4691 milleni
3060 4640 3116 4691 et
3164 4636 3355 4691 decies
3387 4633 3629 4701 milleni,

1986 4721 2087 4791 qui
2119 4721 2191 4775 ab
2233 4726 2444 4776 aeterno
2498 4722 2723 4777 fructus
2770 4722 3123 4779 laudationis
3178 4722 3285 4778 tibi
3340 4724 3630 4791 deferunt,

1984 4810 2224 4881 agmina
2252 4815 2308 4864 et
2338 4810 2571 4866 ordines
2603 4811 2999 4883 spiritualium
3031 4812 3090 4866 in
3114 4828 3252 4867 suos
3278 4812 3512 4867 ordines
3542 4810 3633 4866 di-

1983 4898 2391 4969 stributorum,
2425 4899 2529 4970 qui
2577 4900 2828 4972 hymnos
2852 4902 3149 4973 jucundos
3179 4901 3284 4955 tibi
3333 4901 3586 4957 offerunt
3615 4927 3629 4958 :

1981 4991 2165 5042 coetus
2195 4986 2561 5059 angelorum,
2591 4989 2945 5059 ordinesque
2975 4989 3482 5061 archangelorum,
3530 4990 3631 5060 qui

1982 5075 2088 5130 tibi
2123 5075 2223 5130 uni
2258 5076 2373 5130 Deo
2407 5076 2636 5132 laudem
2689 5095 2893 5134 novam
2926 5084 2983 5133 et
3018 5079 3443 5134 indesinentem
3488 5079 3629 5134 refe-

1984 5168 2122 5218 runt
2155 5181 2167 5218 :
2203 5165 2421 5219 Throni
2445 5170 2503 5220 et
2528 5166 2964 5223 Dominationes
2984 5168 3042 5221 in
3066 5167 3407 5223 ﬁrmissima
3435 5172 3491 5222 et
3512 5184 3629 5223 non

1981 5253 2363 5324 perturbabili
2379 5256 2689 5311 securitate
2719 5256 3148 5329 constituti,qui
3171 5255 3397 5312 cantica
3416 5256 3635 5311 trium-

1986 5340 2181 5411 phalia
2209 5341 2528 5398 concinunt
2548 5344 3053 5416 tibi,summopere
3084 5344 3633 5400 timendo.Archan-

1983 5430 2095 5501 geli
2130 5431 2180 5486 ei
2213 5431 2481 5500 virtutes,
2513 5434 2988 5505 Potestatumque
3009 5434 3428 5507 principes,qui
3448 5434 3635 5507 gloria

1984 5519 2349 5575 Thronorum
2386 5527 2759 5590 exornantur,
2785 5523 3100 5595 laudesque
3130 5528 3186 5580 et
3215 5524 3477 5580 encomia
3507 5525 3632 5596 dig-

1984 5607 2230 5662 nissima
2250 5614 2425 5679 prout
2446 5610 2609 5665 decet
2630 5611 2975 5683 diriguntad
2999 5613 3235 5669 inﬁmos
3256 5614 3475 5685 gradus
3496 5614 3628 5670 solii

1981 5696 2466 5769 tui.Principatus
2486 5699 2820 5771 spirituales
2847 5702 2946 5773 qui
2970 5720 3162 5759 coram
3187 5707 3241 5759 te
3261 5720 3394 5758 cum
3415 5702 3626 5759 timore

1982 5786 2335 5857 consistunt,
2386 5788 2787 5849 indesinenter
2835 5792 3203 5850 sanctiﬁcant
3244 5791 3465 5850 tonitru
3496 5808 3628 5849 sau-
