4090 6340
503 394 621 467 607

1326 406 1390 470 S.
1437 408 1877 472 CLEMENTIS
1922 409 1947 471 Ι
1992 406 2184 474 ROM.
2227 407 2459 472 PONT.
2505 405 2768 471 OPEBA
2809 404 3073 471 DUBIA.

3790 400 3914 465 608

499 537 693 596 citatis
722 542 853 595 tuae.
887 539 1102 599 Currus
1153 541 1359 616 igneus
1402 543 1740 600 animalium
1776 543 2142 617 quadruplici
2172 545 2227 611 Α
2331 544 2589 614 Populus.
2623 544 2825 597 Amen.

502 630 644 687 facie
673 631 1103 701 distinctorum,
1138 634 1741 707 similitudinibusque
1770 636 2012 692 diversis
2044 637 2141 692 do-

501 738 710 777 norum
741 721 936 794 gloriae
969 723 1350 791 diversorum,
1386 724 1649 779 decorem
1700 726 1860 798 regni
1903 725 1987 780 tui
2019 726 2138 780 cla-

508 815 703 866 mant:
727 812 963 883 agmina
986 812 1295 868 Cherubim
1316 813 1518 869 multis
1537 812 1719 869 oculis
1742 815 2137 886 praeditorum,

504 898 565 955 in
592 900 875 955 circulum
905 917 1072 955 voces
1112 902 1530 957 benedictionis
1562 902 1620 956 in
1652 903 1945 975 regionem
1978 908 2138 957 tuam

510 990 911 1046 absconditam
943 990 1228 1045 extollunt
1258 1008 1270 1044 :
1305 990 1609 1062 Seraphim
1663 992 1862 1047 multis
1893 992 2002 1047 alis
2048 992 2136 1046 in—

509 1078 839 1150 structi,qui
872 1068 1047 1133 facies
1075 1096 1212 1134 suas
1244 1079 1451 1135 iisdem
1485 1079 1591 1134 alis
1622 1081 1744 1136 suis
1766 1085 2079 1152 protegunt
2107 1099 2141 1136 a

509 1167 815 1241 splendore
846 1172 965 1240 tuo,
1021 1172 1078 1223 et
1107 1168 1281 1240 pedes
1311 1186 1449 1225 suos
1494 1170 1700 1241 pennis
1753 1186 1984 1241 quoque
2015 1170 2139 1225 suis

500 1261 726 1330 tegunt,
760 1260 824 1312 ut
851 1274 964 1313 non
998 1259 1319 1313 adurantur
1348 1259 1418 1313 ab
1449 1259 1653 1314 ardore
1681 1258 1833 1331 ignis
1862 1260 1946 1314 tui
1982 1260 2137 1314 inac-

501 1345 813 1411 cessibilis,
846 1350 902 1402 et
928 1346 1187 1403 volantes
1240 1348 1629 1420 undequaque
1658 1349 1920 1411 laudant,
1963 1353 2020 1404 et
2066 1349 2137 1403 ad

501 1434 848 1491 alterutrum
899 1436 1007 1491 alis
1059 1436 1402 1508 plaudentes
1461 1438 1831 1503 benedicunt,
1884 1442 1939 1492 et
1996 1437 2142 1492 alter

502 1523 667 1579 alteri
689 1525 1031 1580 conformati
1056 1524 1405 1597 gloriﬁcant:
1433 1533 1489 1581 et
1508 1544 1659 1581 unus
1681 1528 1752 1581 ab
1775 1526 1950 1582 altero
1972 1526 2139 1599 hym-

505 1628 647 1666 num
679 1612 1083 1684 suscipientes,
1134 1615 1333 1670 oribus
1361 1615 1567 1687 igneis,
1610 1613 1942 1688 linguisque
1974 1615 2139 1669 ﬂam-

507 1701 677 1766 meis,
704 1718 821 1757 una
848 1718 985 1757 voce
1006 1702 1308 1774 triplicata:
1360 1703 1839 1760 sanctiﬁcationis
1878 1704 2138 1773 laudant,

507 1788 783 1857 clamant,
816 1791 1223 1859 vociferantur,
1257 1798 1313 1848 et
1342 1792 1563 1849 dicunt.

572 1881 832 1950 Populus.
868 1880 1136 1947 Sanctus,
1162 1886 1418 1948 sanctus,
1453 1886 1712 1938 sanctus.

576 1986 837 2042 Sacerdos
867 1988 1183 2044 inclinatus.
1217 1990 1467 2045 Sanctus
1507 2004 1568 2044 es
1594 1990 1748 2044 Deus
1787 1989 1971 2055 Pater,
2006 2006 2139 2045 san-

506 2080 633 2131 ctus
664 2093 725 2131 es
760 2065 906 2133 Deus
938 2077 1069 2143 Fili,
1102 2084 1339 2134 sanctus
1387 2096 1448 2134 es
1478 2079 1727 2151 Spiritus
1760 2084 1979 2145 sancte,
2012 2079 2138 2134 Tri-

505 2165 658 2221 nitas
689 2168 890 2221 sancta
936 2170 993 2221 et
1044 2166 1311 2237 indivisa,
1344 2185 1499 2224 unus
1528 2168 1683 2224 Deus
1712 2168 1873 2224 solus
1916 2172 1973 2223 et
2003 2185 2141 2223 san-

506 2258 634 2310 ctus
664 2270 746 2321 es,
769 2255 1071 2327 in'natura
1094 2273 1107 2310 :
1134 2256 1231 2328 qui
1255 2257 1315 2312 in
1347 2257 1614 2314 Personis
1636 2258 1828 2313 tribus
1858 2257 2140 2323 adoraris,

510 2347 567 2398 et
593 2343 653 2398 in
685 2345 908 2399 unitate
938 2345 1277 2400 substantia:
1299 2345 1661 2417 gloriﬁcaris.
1694 2348 1753 2401 In
1786 2346 2144 2416 quibuscun-

510 2448 624 2503 que
653 2431 797 2488 locis
827 2437 884 2488 et
915 2434 1117 2488 mundi
1148 2434 1430 2506 partibus,
1463 2452 1576 2491 non
1610 2435 1912 2490 sufﬁciunt
1943 2436 2013 2489 ad
2044 2452 2139 2490 ex-

504 2519 822 2577 tollendam
853 2521 1125 2576 virtutem
1176 2523 1500 2593 majestatis
1530 2527 1661 2578 tuae.
1695 2524 1802 2589 Qui
1835 2522 2139 2594 plasmasti

500 2609 802 2665 hominem
836 2610 907 2665 ad
940 2610 1255 2679 imaginem
1290 2611 1616 2682 majestatis
1663 2616 1792 2677 tuas,
1827 2611 2141 2667 rationem-

501 2698 735 2771 queipsi
758 2699 1576 2772 indidisti,praascripsistique
1593 2706 1873 2773 tanquam
1892 2700 2142 2755 limitem

500 2804 535 2843 a
565 2787 809 2843 Domino
839 2788 1248 2855 constitutum,
1276 2806 1346 2844 ne
1374 2794 1724 2861 praeceptum
1757 2794 1924 2845 tuum
1958 2793 2142 2844 trans-

501 2876 870 2948 grederetur:
896 2877 995 2948 qui
1027 2894 1160 2932 cum
1192 2882 1465 2944 errasset,
1484 2878 2049 2950 contempsissetque
2068 2878 2143 2933 1e-

501 2979 634 3037 gem
653 2966 1195 3030 tuam,sententiam
1220 2966 1423 3021 mortis
1446 2966 1770 3037 incurrit,et
1789 2966 1846 3021 in
1872 2966 2141 3022 exsilium

497 3052 860 3109 inﬁrmitatis
891 3054 1173 3126 depulsus
1203 3060 1308 3112 est.
1334 3058 1419 3111 Tu
1449 3073 1582 3112 vero
1613 3060 1836 3112 creator
1859 3058 2007 3127 ejus,
2039 3056 2139 3110 bo-

499 3159 613 3197 nus
638 3146 695 3198 et
724 3143 1074 3209 misericors,
1109 3161 1224 3199 non
1257 3145 1519 3216 abjecisti
1551 3162 1750 3201 curam
1783 3147 1931 3216 ejus,
1964 3162 2139 3216 quam

500 3230 778 3302 habebas,
811 3233 911 3288 sed
944 3233 1141 3289 omnia
1170 3234 1243 3288 ad
1275 3233 1522 3289 salutem
1555 3235 1684 3305 ejus
1712 3234 2045 3304 instituisti,
2076 3250 2141 3288 eo

502 3284 777 3302 ___,
811 3284 911 3288 _-_
950 3284 1140 3289 ,πη
1173 3284 1243 3288 __
1276 3284 1522 3289 _____-___
1560 3284 1682 3305 η--
1712 3284 2045 3304 ___---__---,
2082 3284 2137 3288 η

500 3335 689 3390 usque
710 3323 776 3375 ut
790 3320 1001 3377 Filium
1018 3325 1185 3377 tuum
1208 3327 1489 3378 aeternum
1508 3326 1563 3378 et
1583 3321 1951 3393 unigenitum
1972 3326 2141 3377 tuum
2173 3284 2215 3352 C

506 3407 740 3464 miseris
770 3408 830 3464 in
862 3410 1175 3477 mundum,
1206 3410 1304 3482 qui
1328 3411 1823 3483 dispensationem
1857 3427 2025 3466 suam
2056 3426 2144 3465 sa-

507 3494 761 3552 lutarem
794 3502 1032 3570 propter
1059 3516 1193 3554 eum
1224 3498 1490 3571 explevit.

575 3603 808 3658 Elevan-s
837 3619 1035 3659 vocem.
1085 3608 1227 3660 Cum
1258 3621 1393 3677 ergo
1442 3608 1680 3677 paratus
1725 3610 1899 3674 esset;
1933 3622 2147 3661 secun-

510 3688 653 3743 dum
683 3689 1040 3745 voluntatem
1075 3708 1243 3746 suam
1274 3692 1345 3746 ad
1376 3693 1698 3764 gustandas
1732 3693 2053 3765 passiones,
2073 3694 2147 3748 ad

508 3778 939 3832 ascendendum
972 3778 1029 3832 in
1062 3795 1292 3834 crucem
1324 3784 1382 3835 et
1411 3780 1760 3852 patibulum,
1784 3786 2149 3853 mortemque

511 3866 878 3921 subeundam
911 3883 1013 3937 pro
1041 3868 1159 3923 vita
1186 3868 1367 3923 totius
1398 3870 1626 3934 mundi,
1668 3886 1736 3924 ea
1764 3886 2004 3940 vespera
2035 3887 2151 3941 qua

511 3955 1077 4011 consummationem
1109 3957 1603 4029 mysteriorum,et
1630 3958 1989 4014 mirabilium
2022 3975 2149 4030 per-

517 4044 887 4116 fecit,panem
912 4046 1134 4117 accepit
1162 4046 1221 4100 in
1253 4063 1485 4102 mamus
1516 4064 1655 4102 suas
1686 4063 1863 4119 puras
1893 4053 2146 4115 sanctas,

513 4136 571 4188 et
597 4133 817 4205 gratias
846 4149 1025 4205 agens
1048 4139 1102 4205 τι,
1133 4134 1447 4200 benedixit,
1479 4141 1508 4201 ’τ
1542 4135 1939 4205 sanctiﬁcavit,
1976 4142 2003 4202 1
2040 4136 2149 4191 fre-

517 4219 622 4291 git,
658 4221 930 4292 deditque
961 4224 1207 4279 initiatis
1236 4223 1346 4279 hoc
1376 4224 1503 4295 ejus
1541 4225 1838 4297 mysterio,
1871 4224 2151 4295 apostolis

515 4309 734 4365 sanctis
764 4310 963 4367 dicens
994 4328 1007 4366 :
1042 4312 1321 4385 Accipite,
1353 4318 1411 4369 et
1438 4315 1785 4370 manducate
1812 4331 1881 4370 ex
1909 4330 1994 4385 eo,
2016 4314 2153 4386 quia

512 4401 633 4453 Hoc
662 4403 751 4454 est
780 4416 992 4470 corpus
1024 4418 1240 4469 meum,
1266 4403 1419 4473 quod
1450 4420 1553 4474 pro
1586 4403 1749 4459 vobis
1779 4403 2067 4476 frangitur
2096 4407 2154 4458 et

515 4487 711 4557 datur,
754 4487 826 4541 ad
876 4488 1105 4543 veniam
1151 4489 1414 4545 omnium
1462 4490 1720 4545 ﬁdelium
1763 4490 2150 4562 plurimorum

512 4590 616 4648 pro
647 4576 863 4647 quibus
891 4576 1250 4646 immolatur,
1283 4583 1339 4633 et
1367 4579 1662 4645 dividitur,
1697 4581 1765 4635 ad
1801 4579 2155 4652 prOpitiatio-

2321 650 2596 706 Sacerdos.
2632 649 2870 714 Quando
2910 652 3103 703 autem
3137 646 3273 701 huic
3315 642 3455 717 pani
3494 642 3902 700 communica-

2248 740 2407 811 bitis,
2441 744 2498 794 et
2529 738 2765 793 calicem
2800 738 2955 792 hunc
2986 736 3111 791 vitae
3138 734 3895 806 usurpabitis,commemo-

2248 830 2530 885 rationem
2564 828 2768 882 mortis
2788 843 2927 881 meae
2953 822 3670 895 facietis,memoriamque
3701 838 3899 877 resur-

2248 918 2519 974 rectionis
2551 933 2691 971 mea
2723 915 3036 987 perﬁcietis
3063 914 3246 969 donec
3270 912 3524 968 veniam.

2317 1026 2576 1097 Populus.
2621 1024 2823 1079 Mortis
2874 1026 3008 1088 tuae,
3061 1022 3321 1087 Domine,
3375 1019 3719 1075 memoriam
3770 1018 3900 1091 agi-

2250 1131 2402 1170 IDUS.

2317 1203 2572 1259 Sacerdos
2601 1204 2817 1259 elevans
2844 1217 3045 1257 vocem.
3075 1197 3255 1255 Oculo
3290 1196 3670 1253 intellectuali
3700 1196 3902 1252 cordis

2248 1293 2636 1349 describimus
2652 1292 2956 1364 periodum
2974 1287 3433 1361 dispensationis
3454 1291 3569 1343 tuas
3587 1285 3905 1359 sapientis-

2248 1383 2429 1452 simae,
2449 1382 2672 1437 Christe
2701 1381 2942 1436 Domine
2974 1384 3188 1445 noster,
3210 1382 3267 1434 et
3294 1393 3363 1433 ea
3392 1375 3593 1433 omnia
3621 1393 3744 1447 que
3763 1392 3903 1448 ope-

2249 1476 2410 1527 ratus
2459 1488 2520 1526 es
2569 1487 2670 1543 per
2718 1469 3178 1525 incarnationem
3228 1472 3394 1523 tuam
3435 1466 3755 1522 salutarem
3789 1478 3899 1536 pro

2249 1560 2439 1617 salute
2462 1565 3245 1627 nostra,commemoramus:
3271 1556 3709 1628 generationem
3734 1558 3903 1610 tuam

2250 1666 2317 1706 ex
2348 1650 2513 1705 Patre
2543 1648 2883 1704 abscondito
2920 1666 2932 1703 :
2966 1647 3324 1703 nativitatem
3356 1650 3518 1700 tuam
3562 1657 3630 1700 ex
3660 1643 3903 1716 Virgine

2249 1737 2711 1810 inexplicabilem
2763 1756 2775 1792 :
2827 1741 3021 1791 ortum
3051 1740 3219 1791 tuum
3250 1733 3531 1791 eximium
3570 1738 3630 1788 et
3656 1730 3901 1804 praecla-

2248 1845 2379 1883 rum
2413 1844 2425 1881 :
2461 1826 2837 1883 elevationem
2868 1830 3031 1881 tuam
3064 1825 3122 1879 in
3154 1840 3322 1880 cruce
3349 1822 3667 1879 salutarem
3708 1826 3765 1876 et
3791 1821 3900 1876 ad~

2170 1915 2217 1979 B
2248 1917 2574 1973 mirandam
2602 1935 2614 1972 :
2640 1917 2953 1971 adventum
2976 1919 3145 1971 tuum
3166 1913 3387 1969 mundo
3404 1910 3581 1966 vitam
3614 1914 3898 1982 praestan-

2248 2009 2387 2072 tem,
2413 2005 2817 2061 excitationem
2849 2004 3273 2076 tuam|plenam
3297 1999 3577 2057 miraculo
3602 2016 3617 2054 :
3644 2014 3896 2055 resurre-

2250 2094 2500 2150 ctionem
2532 2098 2694 2149 tuam
2731 2092 3425 2165 gloriosam,plenamque
3452 2088 3613 2145 omni
3643 2088 3895 2161 gaudio:

2250 2182 2632 2239 elevationem
2679 2186 2844 2237 tuam
2891 2182 2950 2236 in
2984 2179 3259 2236 sublimia
3309 2197 3322 2235 :
3374 2177 3898 2248 excellentiamque

2251 2272 2530 2328 sessionis
2561 2276 2672 2327 tua:
2703 2271 2775 2325 ad
2806 2272 3102 2326 dexteram
3134 2267 3414 2341 genitoris
3442 2267 3529 2323 tui
3554 2283 3569 2333 ;
3619 2270 3900 2338 praeterea

2251 2360 2425 2415 etiam
2458 2360 2867 2415 revelationem
2916 2359 3078 2431 regni
3121 2358 3207 2413 tui
3236 2356 3493 2430 gloriosi,
3539 2372 3669 2428 qua
3702 2356 3901 2409 futura

2251 2453 2339 2506 est
2366 2448 2424 2503 in
2457 2450 2704 2503 adventu
2727 2453 2828 2503 tuo
2859 2447 3117 2504 secundo
3154 2465 3165 2502 :
3200 2446 3435 2517 quando
3459 2449 3522 2499 tu
3551 2460 3688 2500 cum
3712 2442 3900 2515 gloria

2249 2536 2528 2593 ineffabili
2561 2537 2907 2605 exoriens,et
2936 2538 2993 2592 in
3023 2536 3213 2592 turbis
3233 2534 3420 2609 igneis
3451 2533 3899 2606 legionibusque

2251 2626 2537 2682 ﬂammeis
2550 2626 2765 2681 circum
2773 2629 3344 2697 gestatus,tanqu‘am
3358 2622 3898 2696 fuigurtimendum

2250 2719 2307 2771 et
2336 2715 2695 2780 validum,ex
2716 2714 2952 2769 sublimi
2977 2713 3175 2785 gloria
3196 2718 3311 2770 tuae
3339 2711 3606 2784 prodibis
3630 2728 3643 2765 :
3666 2709 3897 2782 quando

2250 2808 2540 2860 statuetur
2559 2803 2770 2859 solium
2793 2802 3052 2859 terribile
3073 2801 3483 2874 majestatis,et
3501 2801 3672 2856 sedes
3697 2798 3899 2855 electis

2249 2895 2365 2949 tuis
2397 2892 2834 2949 collocabuntur
2868 2908 2881 2946 :
2915 2892 3147 2963 quando
3170 2890 3370 2963 populi
3394 2895 3452 2946 et
3482 2889 3747 2945 nationes
3768 2905 3899 2944 con'

2250 2984 2734 3056 gregabuntur,et
2760 2982 2832 3037 ad
2865 2981 3057 3036 locum
3082 2980 3295 3052 judicii
3319 2979 3697 3045 sistentur,ut
3716 2978 3901 3033 susci-

2250 3073 2371 3145 piat
2400 3071 2810 3143 unusquisque
2835 3070 3156 3125 secundum
3190 3085 3337 3141 opus
3360 3083 3538 3123 suum
3572 3085 3585 3122 :
3622 3070 3791 3137 atque
3816 3082 3901 3122 re-

2250 3160 2872 3231 tribueturunicuique
2884 3159 3209 3214 secundum
3225 3156 3897 3228 actionessuasgquando

2254 3251 2387 3306 libri
2417 3249 2770 3322 aperientur,
2801 3254 2858 3303 et
2886 3264 3083 3320 opera,
3112 3247 3289 3302 verba
3320 3251 3378 3303 et
3408 3246 3667 3301 actiones
3699 3245 3899 3301 discu-

2253 3340 2474 3395 tientur
2506 3355 2518 3392 :
2554 3338 2789 3409 quando
2816 3337 3219 3392 recitabuntur
3239 3334 3506 3401 crimina,
3530 3338 3586 3390 et
3616 3339 3903 3405 tanquam

2253 3426 2339 3484 sol
2367 3427 2733 3499 splendidus,
2765 3424 2956 3497 palam
2990 3425 3130 3479 ﬁent
3153 3423 3521 3494 abscondita,
3537 3422 3865 3479 clarissime
3891 3439 3907 3478 :

2254 3507 2486 3587 quando
2518 3528 2678 3569 mare
2699 3513 2853 3586 ignis
2906 3513 3244 3583 exundabit,
3276 3512 3663 3583 testuabitque
3705 3511 3907 3567 fumus

2255 3603 3091 3673 ﬂammarum,descendetque
3110 3602 3325 3658 ﬂuvius
3345 3601 3500 3674 ignis
3518 3601 3800 3669 ardentis,
3832 3599 3905 3655 ad

2255 3692 2679 3766 probationem,
2702 3696 2759 3748 et
2778 3707 3030 3761 examen
3058 3691 3249 3746 omnis
3276 3691 3469 3747 carnis
3494 3708 3507 3758 ;
3544 3689 3776 3762 quando
3802 3705 3906 3744 an-

2256 3782 2461 3854 gustiae
2474 3780 2858 3837 amarissima;
2875 3779 3302 3851 eruntiniquis:
3325 3783 3381 3835 et
3396 3782 3719 3851 praeparata
3736 3781 3909 3833 erunt

2256 3872 2410 3927 bona
2421 3875 2477 3925 et
2491 3868 3160 3939 deliciaajustiszquando
3175 3867 3576 3924 misericordia
3587 3866 3905 3934 auferetur,

2229 3990 2240 4000 -
2258 3964 2315 4015 et
2331 3958 2495 4030 impii
2507 3958 2809 4014 tradentur
2824 3956 3306 4029 gehennae,atque
3324 3956 3403 4027 pii
3420 3956 3600 4011 vitam
3620 3970 3829 4011 novam
3844 3954 3907 4009 in

2258 4056 2536 4103 aeternum
2570 4045 3267 4111 haereditabuntﬂuando
3287 4061 3396 4100 vox
3418 4043 3612 4099 valida
3634 4044 3908 4099 audietur

2258 4153 2382 4207 quae
2414 4140 2634 4205 partem
2665 4151 2842 4189 unam
2858 4134 2931 4189 ab
2953 4134 3138 4191 altera
3158 4133 3906 4206 separabit,transferetque

2259 4240 2441 4297 agnos
2473 4224 2543 4279 ad
2576 4224 2893 4291 dexteram,
2936 4226 2992 4278 et
3021 4223 3217 4279 haedos
3249 4222 3322 4278 ad
3347 4222 3670 4278 sinistram.
3695 4222 3774 4277 Te
3801 4223 3904 4279 de-

2259 4329 2568 4385 precamur
2614 4311 2851 4384 plenum
2901 4312 3323 4382 misericordia,
3354 4311 3615 4381 Domine,
3670 4311 3729 4365 in
3762 4310 3909 4367 hora

2259 4402 2359 4457 illa
2398 4402 2743 4468 decretoria,
2793 4400 3119 4473 multiplica
3154 4400 3525 4456 clementiam
3574 4405 3738 4456 tuam
3768 4413 3909 4470 erga

2262 4492 2597 4547 adoratores
2626 4494 2779 4558 tuos,
2803 4489 2861 4544 in
2888 4494 3148 4560 tempore
3175 4488 3274 4545 illo
3306 4488 3637 4559 terribili,et
3657 4487 3908 4544 tristitia!

2262 4579 2452 4652 pleno.
2486 4579 2781 4650 Propitius
2811 4583 2935 4633 esto
2982 4594 3120 4649 erga
3166 4577 3397 4633 animas
3444 4592 3745 4633 servorum
3776 4581 3909 4632 tuo-

512 4681 647 4722 nem
679 4665 1047 4733 delictorum,
1067 4667 1469 4723 remissionem
1500 4672 1869 4739 peccatorum
1898 4674 1956 4725 et
1976 4669 2155 4724 vitam
2185 4657 2232 4723 Ι)
2262 4685 2394 4725 rum
2420 4686 2433 4736 ;
2461 4668 2520 4723 in
2552 4668 2697 4724 hora
2724 4667 2826 4723 illa
2855 4666 3114 4735 terroris,
3161 4666 3393 4722 effunde
3444 4665 3910 4723 misericordiam

511 4759 807 4809 mternam.

582 4845 850 4912 Populus.
881 4846 1086 4900 Amen.

585 4932 864 4988 Sacerdos.
897 4937 1039 4989 Post
1067 4950 1293 4991 ccenam
1341 4934 1507 4992 illam
1550 4936 1881 5009 mysticam,
1915 4936 2154 4993 miscuit

515 5022 755 5078 calicem
785 5022 912 5078 vita:
943 5039 1012 5078 ex
1042 5023 1174 5078 vino
1207 5027 1262 5078 et
1284 5041 1437 5096 aqua
1470 5042 1483 5080 :
1518 5030 1574 5082 et
1596 5027 1668 5081 ad
1700 5027 1937 5094 te,Deus
1966 5031 2150 5098 pater,

514 5110 716 5167 oculos
746 5111 998 5180 elevans,
1031 5113 1252 5184 gratias
1294 5114 1429 5186 egit,
1468 5119 1495 5179 Τ
1526 5115 1838 5185 benedixit,
1872 5120 1901 5183 τι
1937 5116 2151 5172 sancti-

514 5201 727 5266 ﬁcavit,
762 5206 793 5269 ’ί
827 5205 883 5257 et
913 5202 1071 5257 dedit
1096 5202 1280 5257 turbes
1311 5203 1733 5275 discipulorum
1766 5222 2007 5262 suorum
2040 5205 2152 5261 ele-

514 5290 1285 5363 ctorum,apostolorumque
1316 5296 1652 5348 sanctorum
1686 5300 1741 5350 et
1771 5295 1916 5350 dixit
1947 5311 1958 5349 :
1990 5294 2151 5350 Accio

516 5377 655 5447 pite,
675 5377 855 5433 bibite
877 5395 944 5433 ex
972 5396 1037 5435 eo
1067 5396 1167 5434 vos
1194 5396 1398 5435 omnes
1419 5399 1430 5435 :
1450 5380 1552 5436 llic
1578 5389 1666 5438 est
1696 5385 1938 5457 sanguis
1964 5400 2153 5450 meus,

516 5466 611 5534 qui
646 5466 953 5521 conﬁrmat
1000 5472 1413 5523 testamentum
1466 5472 1669 5527 mortis
1701 5490 1841 5527 meae
1872 5491 1884 5528 :
1920 5474 2017 5545 qui
2053 5490 2153 5543 pro

516 5551 679 5606 vobis
711 5554 1029 5609 effunditur
1058 5562 1115 5610 et
1146 5573 1248 5626 pro
1298 5557 1499 5614 multis
1546 5560 1740 5630 datur,
1774 5568 1831 5615 et
1877 5561 2156 5618 dividitur

515 5641 587 5697 ad
619 5640 1084 5713 propitiationem
1116 5643 1484 5714 delictorum,
1515 5647 1918 5705 remissionem
1949 5665 2155 5721 pecca-

518 5737 735 5803 torum,
771 5736 827 5788 et
856 5731 1034 5789 vitam
1064 5736 1360 5790 aeternam.

2260 4763 2423 4815 tuam
2455 4774 2630 4828 super
2658 4756 2886 4828 eos,qui
2914 4772 3017 4828 per
3045 4770 3276 4811 crucem
3312 4759 3472 4811 tuam
3504 4754 3711 4812 salvati
3744 4758 3909 4812 sunt.

2263 4849 2325 4904 In
2355 4852 2615 4919 tempore
2635 4846 2734 4902 illo
2752 4844 3293 4914 timoris,miserere
3322 4843 3559 4900 illorum
3589 4844 3689 4915 qui
3719 4843 3906 4900 conﬁ-

2261 4940 2459 4993 tentur
2484 4935 2793 5009 passiones
2824 4939 2953 4991 tuas
2986 4952 2999 4990 :
3033 4937 3237 5006 tangat
3265 4937 3323 4989 te
3353 4949 3494 4989 cura
3520 4932 3780 5005 illorum,
3806 4932 3909 5005 qui

2262 5026 2538 5083 ﬁduciam
2561 5025 2783 5082 habent
2805 5041 2983 5098 super
3002 5039 3258 5080 amorem
3272 5027 3437 5078 tuum
3458 5039 3597 5096 erga
3615 5023 3910 5085 homines.

2261 5118 2320 5171 et
2348 5131 2517 5187 parce
2545 5114 2796 5185 peccatis
2824 5130 3061 5183 eorum;
3116 5114 3549 5169 commoveatur
3578 5112 3912 5186 benignitas

2261 5208 2383 5269 tua,
2409 5218 2544 5274 erga
2567 5201 2699 5257 illos
2723 5203 2822 5274 qui
2847 5201 3117 5259 invocant
3133 5217 3345 5258 nomen
3369 5205 3539 5258 tuum
3562 5206 3833 5259 sanctum
3855 5206 3915 5257 et

2263 5292 2495 5350 remitte
2523 5290 2736 5346 delicta
2763 5289 3109 5348 illorum.Ne
3136 5292 3474 5348 auferantur
3503 5291 3914 5349 miserationes

2263 5388 2375 5438 tua:
2408 5396 2511 5452 per
2539 5380 2685 5435 iram
2711 5385 3092 5451 tuam,neque
3111 5380 3344 5437 deﬁciat
3371 5380 3539 5438 nobis
3568 5382 3758 5455 gratia
3783 5386 3917 5449 tua.

2264 5474 2500 5542 propter
2527 5467 2970 5526 multitudinem
2995 5469 3229 5525 malitias
3251 5475 3487 5527 nostras.
3526 5471 3609 5527 Ne
3630 5470 3916 5527 excludas

2264 5556 2635 5614 clementiam
2655 5561 2840 5622 tuam,
2864 5563 3099 5630 propter
3119 5559 3489 5631 iniquitatem
3512 5564 3775 5618 nostram
3802 5577 3814 5617 :
3839 5574 3919 5616 ne

2264 5648 2525 5703 mutetur
2540 5649 2752 5703 natura
2764 5650 3130 5720 tua,propter
3144 5648 3611 5722 magnitudinem
3633 5649 3917 5722 insipiem

2264 5735 2481 5794 tiarum
2506 5736 2992 5796 nostrarum.Non
3014 5736 3233 5811 eligant
3251 5755 3361 5799 nos
3378 5737 3569 5813 angeli
3587 5738 3676 5796 tui
3696 5732 3913 5798 sancti.
