4090 6340
197 406 322 467 609

1681 391 2123 463 LITURGICA.

3480 402 3602 472 610

201 544 262 595 et
292 541 578 610 tanquam
631 536 942 595 fasciculos
990 536 1367 606 zizaniorum,
1427 537 1484 592 in
1517 538 1710 609 ignem
1742 551 1849 591 nos
1878 536 1934 601 Α
1964 536 2238 598 nostra,+
2274 549 2487 604 corpus
2539 533 2724 606 ipsius
2783 525 3011 592 Domini
3043 525 3143 594 Dei
3196 543 3250 594 et
3289 540 3599 600 salvatoris

204 625 543 698 projiciant.
567 625 688 679 Non
715 627 978 697 increpes
1002 627 1304 681 ministros
1327 626 1488 698 regni
1512 624 1595 679 tui
1621 629 1855 696 propter

207 715 418 770 sordes
430 714 1122 786 vestimentorum,neque
1134 719 1413 786 tanquam
1427 717 1854 782 contemptores

207 803 543 874 majestatis
572 807 686 858 tua:
717 819 824 858 nos
857 803 915 857 in
946 803 1218 859 tenebras
1265 803 1574 858 exteriores
1597 801 1851 874 ejiciant.

206 891 294 948 Ne
315 891 723 964 exstinguatur
738 891 940 947 lumen
962 891 1301 963 lampadum
1333 890 1774 956 nostrarum,ita
1792 893 1856 944 ut

205 986 376 1039 extra
404 981 555 1035 fores
585 980 830 1036 thalami
862 981 1142 1053 nuptialis
1178 982 1262 1037 tui
1313 996 1736 1036 remaneamus.
1772 979 1853 1033 Ne

200 1072 440 1142 justitia
467 1075 570 1124 tua
601 1069 770 1124 nobis
792 1070 1149 1136 adversetur,
1173 1086 1361 1141 neque
1387 1070 1444 1124 in
1469 1070 1738 1126 tenebras
1764 1085 1854 1124 ex-

207 1159 453 1215 teriores
480 1165 536 1214 et
565 1159 873 1214 stridorem
922 1160 1184 1215 dentium
1226 1159 1468 1231 projecti
1502 1159 1850 1215 cruciemur.

208 1248 434 1304 Exhibe
456 1247 737 1303 auxilium
753 1248 952 1319 gratiae
972 1253 1084 1303 tua;
1098 1264 1236 1319 erga
1259 1247 1540 1303 malitiam
1559 1253 1849 1302 nostram:

208 1338 448 1393 effunde
474 1337 715 1409 pelagus
746 1337 1138 1392 miserationis
1184 1341 1295 1392 tum
1326 1354 1502 1409 super
1530 1336 1852 1408 nequitiam

211 1431 501 1494 nostram,
532 1431 588 1481 et
613 1425 785 1481 ablue
818 1429 1016 1481 nostra
1037 1424 1302 1480 crimina.
1322 1426 1538 1481 Emitte
1559 1426 1855 1481 abundan-

208 1517 358 1572 tiam
389 1515 710 1571 clementiaa
739 1519 851 1569 tuae
881 1519 937 1570 et
959 1514 1174 1571 amoris
1198 1515 1284 1570 tui
1313 1531 1449 1587 erga
1479 1515 1767 1582 homines,
1800 1518 1857 1570 et

210 1605 343 1661 dele
364 1621 491 1675 quae
514 1605 573 1658 in
596 1603 766 1658 nobis
786 1603 918 1658 odio
940 1604 1117 1674 digna
1138 1608 1306 1658 sunt:
1331 1604 1854 1675 contine,Domine,

209 1693 620 1750 fortitudinem
644 1697 825 1759 tuam,
850 1696 906 1747 et
934 1691 1149 1748 blando
1171 1709 1307 1765 erga
1333 1710 1439 1748 nos
1465 1698 1702 1766 aspectu
1736 1711 1860 1748 mu-

210 1787 374 1839 tetur
401 1781 725 1854 indignatio
752 1785 874 1848 tua,
906 1780 1222 1852 vultusque
1251 1783 1336 1836 tui
1367 1782 1737 1838 serenitatem
1764 1783 1862 1838 de-

1963 622 2145 676 nostri
2171 623 2302 690 jesu
2333 622 2570 691 Christi,
2612 626 2681 680 ad
2716 627 3182 697 propitiationem
3228 630 3598 700 delictorum,

1964 710 2368 765 remissionem
2401 717 2790 782 peccatorum,
2824 721 2880 770 et
2904 717 3084 771 vitam
3109 723 3382 775 aeternam
3416 723 3603 779 susci-

1964 798 2271 870 pientium.

2034 888 2294 959 Populus.
2332 889 2537 943 Amen.

2037 977 2288 1032 Sacerdos
2308 978 2522 1032 elevans
2543 994 2739 1034 vocem.
2772 980 3049 1037 Similiter
3081 989 3138 1039 et
3167 985 3407 1042 mistum
3441 991 3596 1060 quod

1965 1066 2021 1119 in
2053 1065 2160 1121 hoc
2191 1065 2368 1120 calice
2396 1070 2501 1136 est,
2525 1067 2738 1122 efliciat
2769 1074 2795 1133 τι
2823 1072 3167 1142 sanguinem
3193 1076 3597 1144 puriﬁcantem

1964 1161 2020 1211 et
2051 1155 2570 1223 sanctilicantem,+
2606 1158 2948 1228 sanguinem
2979 1161 3268 1217 viviticum
3293 1172 3347 1218 et
3378 1165 3592 1221 saluta-

1964 1250 2172 1312 rem,1L
2224 1243 2568 1315 sanguinem
2621 1247 2938 1302 salvantem
2992 1251 3219 1306 animas
3273 1256 3329 1307 et
3357 1269 3597 1324 corpora

1964 1338 2181 1400 nostra,
2217 1334 2563 1404 sanguinem
2595 1334 2779 1404 ipsius
2814 1338 2909 1391 Dei
2959 1340 3155 1409 magni
3205 1345 3260 1393 et
3292 1341 3595 1400 salvatoris

1964 1422 2147 1478 nostri
2171 1423 2308 1478 Jesu
2341 1422 2572 1488 Christi,
2614 1425 2684 1478 ad
2730 1427 3198 1497 propitiationem
3226 1430 3592 1500 delictorum,

1965 1512 2367 1568 remissionem
2399 1517 2784 1582 peccatorum,
2813 1521 2868 1568 et
2914 1516 3089 1571 vitam
3123 1522 3398 1575 mternam
3431 1520 3596 1577 illum

1965 1600 2429 1672 suscipientium.

2038 1692 2294 1762 P0pulus.
2334 1694 2538 1745 Amen.

2039 1779 2294 1835 Sacerdos
2351 1781 2569 1834 elevans
2610 1797 2808 1836 vocem.
2873 1783 2941 1838 llt
2971 1800 3073 1855 per
3128 1788 3600 1844 communionem

213 1876 484 1928 monstra
512 1869 703 1937 nobis,
764 1875 830 1926 ut
876 1870 1121 1926 victores
1173 1871 1233 1925 in
1290 1887 1466 1926 causa
1492 1877 1855 1943 peccatorum
1887 1899 1936 1964 Β
1970 1869 2179 1924 horum
2235 1873 2733 1924 sacramentorum
2783 1871 3222 1942 viviﬁcantium,
3254 1877 3326 1931 ad
3366 1877 3606 1934 delicias

215 1965 556 2018 nostrorum
590 1975 784 2015 coram
805 1960 941 2016 sede
961 1959 1286 2030 majestatis
1307 1964 1417 2015 tuae
1440 1977 1857 2032 appareamus:

215 2067 600 2107 numeremur
628 2048 800 2104 etiam
832 2049 984 2104 inter
1011 2052 1242 2104 vocatos
1294 2051 1364 2104 ad
1395 2065 1639 2122 regnum
1669 2055 1858 2121 tuum,

215 2146 276 2197 et
301 2140 455 2195 inter
474 2139 745 2195 invitatos
767 2138 1200 2194 discumbentes
1233 2139 1386 2210 apud
1411 2144 1466 2194 te
1488 2138 1856 2209 collocemur,

211 2235 272 2286 et
301 2228 612 2301 splendore
638 2226 786 2283 lucis
814 2231 926 2283 tuas
971 2226 1194 2282 eximiae
1243 2244 1374 2282 cum
1404 2228 1698 2300 voluptate
1730 2245 1857 2300 per-

213 2321 504 2374 fruamur.
537 2321 847 2389 Propterea
876 2316 1132 2372 Ecclesia
1160 2321 1263 2372 tua
1292 2322 1438 2382 orat,
1471 2322 1527 2373 et
1557 2333 1693 2390 grex
1721 2324 1858 2374 tuus

214 2409 583 2480 deprecatur,
606 2411 662 2461 et
688 2406 928 2461 vocibus
950 2405 1404 2477 triumphalibus
1426 2411 1482 2461 te
1501 2405 1855 2478 interpellat,

213 2495 818 2566 misericordiamque,
850 2501 906 2550 et
957 2494 1324 2550 clementiam
1381 2512 1414 2550 a
1443 2499 1498 2551 te
1530 2495 1776 2566 ﬂagitat,
1803 2499 1860 2550 et

213 2587 482 2642 obsecrat
512 2589 566 2640 te
596 2584 814 2640 dicens.

285 2675 546 2746 Populus.
585 2673 878 2729 Miserere.

285 2767 587 2821 Diaconus.
623 2764 805 2830 Quam
836 2762 1098 2818 timenda
1127 2765 1216 2819 est
1245 2763 1364 2819 hac
1395 2764 1554 2820 hora.

286 2853 564 2909 Sacerdos.
600 2856 717 2908 Nos
748 2868 997 2923 quoque.

285 2942 556 2998 Sacerdos
610 2941 912 2997 inclinatus
967 2940 1099 2997 dicit
1145 2943 1443 2998 orationem
1495 2945 1857 2999 lnvocationis

217 3034 435 3104 Spiritu
462 3032 664 3087 sancti.

291 3120 682 3176 Obsecremus
706 3124 783 3186 te,
815 3120 1182 3176 sanctissime
1205 3122 1549 3185 Deus,mitte
1570 3122 1641 3177 ad
1666 3139 1770 3177 nos
1791 3138 1859 3177 ex

217 3208 550 3266 habitaculo
579 3207 740 3280 regni
773 3208 858 3263 tui
890 3209 1111 3279 aeterni,
1155 3212 1212 3265 et
1243 3226 1309 3265 ex
1341 3211 1572 3281 regione
1602 3227 1854 3282 praesen-

1971 1958 2094 2012 vitae
2127 1957 2374 2012 caelestis
2397 1958 2620 2012 aditum
2649 1959 2987 2026 habeamus,
3013 1979 3458 2036 mereamurque
3475 1983 3604 2022 eva-

1970 2049 2102 2102 dere
2133 2052 2378 2102 mortem
2411 2048 2727 2102 secundam
2754 2065 2766 2101 :
2793 2065 2978 2120 neque
3001 2055 3280 2121 tanquam
3309 2057 3390 2109 rei
3421 2056 3493 2110 ad
3512 2057 3604 2126 ju-

1968 2135 2187 2190 dicium
2221 2137 2593 2191 subeundum
2618 2153 3006 2207 praeparemur
3025 2156 3220 2195 coram
3250 2142 3456 2199 throno
3478 2144 3607 2216 glo-

1969 2226 2062 2279 riae
2095 2230 2204 2279 tua:
2233 2243 2244 2279 :
2276 2231 2334 2280 et
2359 2225 2774 2280 beatitudinem
2806 2225 2965 2281 illam
3014 2229 3086 2283 ab
3119 2230 3341 2301 angelis
3371 2249 3602 2288 annun-

1967 2314 2169 2368 tiatam
2214 2314 2565 2384 pastoribus,
2625 2314 2987 2385 spiritualem
3047 2317 3286 2384 scilicet,
3335 2320 3394 2374 in
3450 2325 3606 2376 terra

1969 2402 2186 2458 caelesti
2221 2403 2636 2474 suscipiamus,
2668 2421 2735 2459 ea
2757 2404 2815 2458 in
2847 2404 3079 2476 regione
3102 2406 3198 2461 ubi
3229 2408 3608 2466 tabernacula

1966 2492 2115 2546 lucis
2148 2493 2260 2546 ﬁxa
2290 2497 2465 2547 sunt:
2499 2491 2557 2546 in
2612 2493 2784 2547 domo
2832 2493 3078 2565 nuptiali
3136 2502 3430 2562 exornata,
3464 2503 3520 2554 et
3547 2499 3606 2554 in

1968 2580 2225 2638 convivio
2258 2582 2386 2636 vitae
2419 2581 2759 2652 spiritualis,
2807 2599 2939 2636 cum
2972 2582 3086 2639 illis
3137 2584 3474 2654 victoribus,
3507 2589 3606 2657 qui

1968 2672 2182 2725 festum
2214 2669 2330 2724 illic
2382 2676 2687 2740 peragunt,
2737 2669 2981 2726 feliciter
3029 2672 3387 2730 celebremus
3438 2681 3515 2746 te,
3548 2683 3604 2732 et

1967 2761 2116 2814 inter
2146 2759 2383 2831 agmina
2409 2775 2630 2827 eorum,
2664 2775 2943 2816 canamus
2975 2761 3081 2816 tibi
3120 2761 3362 2834 gloriam
3394 2769 3450 2823 et
3474 2765 3600 2821 lau-

1963 2851 2118 2907 dem.

2037 2940 2296 3011 Populus.
2328 2943 2535 2994 Amen.

2038 3029 2301 3084 Sacerdos
2334 3029 2650 3082 inclinatus.
2695 3031 3002 3100 Memento,
3042 3030 3304 3100 Domine,
3339 3033 3600 3090 Ecclesiae

1967 3125 2077 3174 tua:
2100 3123 2332 3188 sancte,
2349 3117 2630 3172 conﬁrma
2647 3117 3026 3173 fundamenta
3047 3119 3173 3190 ejus
3195 3121 3252 3176 in
3294 3122 3405 3178 ﬁde
3427 3129 3601 3194 recta,

1969 3213 2025 3263 et
2053 3223 2330 3263 conserva
2359 3223 2485 3261 eam
2517 3205 2576 3260 in
2625 3206 3045 3278 tranquillitate
3093 3214 3390 3280 perpetua,
3443 3215 3500 3266 et
3541 3213 3601 3268 in

214 3299 309 3354 tiae
339 3302 455 3354 tuae
484 3271 743 3365 excelsae,
773 3297 1054 3369 Spiritum
1084 3271 1252 3353 tuum
1278 3271 1569 3364 sanctum,
1602 3271 1857 3355 consub-
1891 3271 1932 3337 Ο
1969 3313 2107 3368 pace
2137 3294 2478 3350 abundanti.
2525 3271 2793 3350 Pastores
2822 3301 2878 3350 et
2920 3271 3601 3369 doctores.orthodoxos,

217 3387 556 3446 stantialem
577 3386 705 3456 tibi,
729 3390 784 3441 et
809 3386 1140 3457 operatione
1161 3387 1444 3459 aequalem
1470 3389 1603 3459 (27),
1629 3389 1728 3460 qui
1750 3407 1782 3444 a
1801 3393 1858 3446 te

216 3479 441 3548 absque
463 3475 627 3531 initio
649 3474 1037 3546 procedit,per
1049 3475 1415 3548 unigenitum
1439 3475 1853 3544 Filiumtuum,

215 3571 274 3621 et
303 3565 406 3636 qui
440 3579 787 3635 quocunque
809 3567 1069 3635 tempore
1091 3565 1264 3619 datur
1286 3565 1356 3620 iis
1381 3566 1480 3636 qui
1501 3566 1608 3619 tibi
1640 3565 1856 3638 accepti

215 3659 380 3722 sunt,
408 3670 624 3724 eosque
654 3652 756 3724 qui
786 3657 840 3708 to
869 3652 1067 3707 vident
1096 3659 1152 3708 et
1182 3653 1515 3725 intelligunt
1549 3655 1773 3725 perlicit
1802 3661 1858 3710 et

217 3746 628 3799 consummat:
665 3745 730 3796 ut
777 3740 1042 3806 illabens,
1095 3741 1598 3814 requiescensque,
1635 3743 1858 3799 habitet

215 3849 396 3904 super
427 3830 750 3887 oblationes
773 3831 912 3886 istas
939 3849 952 3885 :
976 3829 1190 3896 quibus
1215 3831 1592 3888 sanctificatis
1618 3849 1720 3904 per
1747 3834 1856 3888 vir-

213 3925 404 3977 tutem
439 3920 636 3992 gratiae
668 3925 780 3975 tua
811 3919 1072 3991 perﬁciat
1097 3919 1216 3974 haec
1249 3920 1543 3992 mysteria,
1563 3925 1734 3992 atque
1757 3921 1858 3979 illa

216 4015 614 4080 suscepturos.

287 4097 562 4153 Sacerdos.
595 4098 814 4153 Exaudi
847 4114 961 4165 me,
995 4097 1256 4154 Domine.

284 4188 546 4258 Papulas.
604 4187 773 4258 Kyrie
829 4186 1067 4257 eleison,
1147 4186 1314 4259 Kyrie
1390 4186 1628 4256 eleison,
1689 4189 1854 4262 Kyrie

211 4275 452 4333 eleison.

279 4364 538 4422 Sacerdos
567 4365 785 4421 elevans
816 4381 1015 4421 vocem.
1047 4365 1117 4420 Et
1147 4380 1354 4436 panem
1383 4365 1619 4436 quidem
1652 4367 1851 4438 istum,

208 4455 446 4525 efﬁciat,
479 4469 689 4525 corpus
710 4454 1025 4523 viviﬁcum,
1060 4459 1086 4518 τ
1121 4469 1334 4524 corpus
1357 4453 1587 4510 caeleste
1613 4459 1669 4512 et
1699 4457 1855 4512 salu-

205 4547 353 4614 tare,
387 4548 416 4610 τι
450 4559 661 4615 corpus
694 4543 928 4600 salvans
965 4542 1194 4598 animas
1239 4547 1492 4612 nostras,
1525 4548 1583 4599 et
1610 4561 1852 4618 corpora

278 4665 398 4740 (27)
432 4667 716 4740 [avocatio
745 4670 1009 4740 ejusdem
1059 4669 1361 4740 sententiae
1390 4673 1498 4738 est,
1550 4687 1614 4725 ac
1645 4687 1848 4729 omnes
1880 4645 1926 4710 D

209 4738 448 4814 relique
478 4738 654 4811 Syrse,
684 4737 944 4814 quarum
965 4737 1286 4814 nullaeam
1310 4737 1615 4814 lectionem
1649 4760 1850 4814 reprae-

206 4813 426 4885 sentat,
439 4826 629 4885 quam
657 4811 1184 4885 editoresMissalis
1204 4812 1498 4867 Chaldaici
1519 4811 1844 4885 elegerunt:

206 4885 264 4954 et
292 4880 345 4936 si
375 4879 603 4954 aliquos
627 4884 855 4940 codices
877 4884 1152 4949 vidimus,
1176 4899 1321 4953 quos
1342 4901 1409 4940 ex
1429 4879 1849 4943 comm'emora-

205 4952 367 5008 tione
402 4952 588 5009 sancti
619 4954 874 5012 Maronis
905 4961 961 5011 et
991 4954 1121 5011 aliis
1149 4952 1399 5022 indiciis,
1425 4956 1847 5014 Maronitarum

205 5022 664 5081 orlbodoxorum
695 5043 823 5083 esse
853 5026 1175 5092 constabat,
1209 5027 1309 5097 qui
1329 5032 1577 5083 veterem
1602 5034 1658 5084 et
1689 5046 1847 5085 com-

205 5111 449 5151 munem
472 5099 748 5171 ompnibus
770 5097 1046 5171 Liturgiis
1068 5098 1316 5171 formam
1338 5099 1732 5156 continebant.
1752 5106 1846 5157 In-

206 5176 446 5240 vocatur
473 5169 728 5240 Spiritus
775 5168 1017 5227 sanctus
1064 5173 1129 5224 ut
1159 5168 1434 5224 illabatur
1479 5173 1747 5228 ccelitus:
1783 5177 1848 5228 ut

205 5238 627 5320 requiescat,ut
653 5242 878 5320 habitet
905 5258 1082 5320 super
1109 5240 1262 5295 dona
1290 5242 1604 5320 proposita,
1638 5250 1694 5299 et
1732 5243 1847 5320 illis

203 5311 401 5366 verbis
421 5313 770 5386 eXprimitur
797 5311 1276 5386 oratio,quo~rum
1299 5311 1415 5386 vim
1432 5315 1554 5386 jam
1578 5316 1848 5386 superius

201 5382 610 5457 exposuimus,
659 5403 791 5442 cum
842 5387 912 5441 ad
973 5382 1447 5457 signiﬁcandum’
1483 5382 1758 5457 illapsum
1791 5392 1850 5442 et

202 5454 715 5529 obumbrationem
738 5458 990 5529 Spiritus
1013 5454 1197 5529 sancti
1216 5456 1272 5508 in
1294 5454 1721 5529 MariaVirgine
1744 5460 1846 5514 ad-

202 5526 825 5601 hibeanturEil'ecturh
844 5529 1115 5601 exprimit
1137 5527 1396 5599 Liturgia
1415 5545 1517 5600 per
1537 5526 1711 5585 verba
1733 5531 1846 5585 duo

201 5607 382 5672 nam;
404 5600 698 5672 perﬁciat:
753 5607 810 5657 et
866 5600 1008 5665 τήν]
1063 5602 1270 5672 faciat:
1326 5615 1453 5672 quae
1495 5603 1849 5672 respondent

199 5670 420 5754 Graecis
447 5669 711 5754 131:3:an
733 5678 791 5730 et
811 5673 1040 5754 χτόιήρῃ.
1064 5669 1217 5754 Illud
1239 5671 1427 5754 magis
1449 5669 1847 5754 observatione

201 5743 474 5818 dignum,
509 5742 663 5820 quod
686 5742 756 5802 'in
807 5743 909 5802 illa
945 5742 1078 5818 ipsa
1123 5742 1486 5802 invocatione
1525 5745 1595 5802 de
1623 5743 1847 5820 Spiritu

1963 3386 2061 3457 qui
2091 3390 2366 3456 praesunt,
2393 3385 2451 3438 in
2480 3384 2919 3451 ea,castimonia
2939 3401 3166 3440 morum
3190 3403 3437 3444 exorna:
3464 3406 3606 3461 prae-

1965 3476 2133 3546 cipue
2161 3490 2292 3529 vero
2324 3473 2627 3528 dominum
2659 3473 2725 3527 N.
2760 3474 3150 3544 patriarcham
3177 3492 3189 3530 :
3216 3482 3272 3531 et
3293 3478 3598 3535 dominum

1966 3564 2033 3618 N.
2067 3564 2402 3634 episcopum
2437 3567 2723 3628 nostrum,
2766 3567 2823 3616 et
2870 3564 2943 3617 da
2973 3563 3087 3618 illis
3137 3571 3201 3619 ut
3229 3582 3362 3621 cum
3395 3568 3600 3623 decore

1968 3657 2205 3724 pascant
2235 3668 2384 3706 eam.
2419 3651 2704 3706 Memento
2727 3652 2923 3720 etiam,
2951 3653 3210 3725 Domine,
3231 3658 3601 3713 sacerdotum

1965 3741 2233 3798 Ecclesiae
2255 3745 2388 3807 tuae,
2412 3745 2468 3796 et
2493 3740 2871 3795 diaconorum
2895 3741 3096 3814 templi
3132 3744 3238 3813 tui,
3264 3750 3319 3800 et
3339 3746 3602 3802 omnium

1966 3832 2258 3898 ordinum,
2290 3829 2386 3900 qui
2418 3829 2490 3884 ad
2515 3829 2907 3885 ministerium
2939 3836 3107 3886 tuum
3133 3834 3416 3905 segregati
3441 3839 3604 3890 sunt.

1963 3925 2246 3976 Memento
2278 3919 2476 3984 etiam,
2509 3918 2768 3988 Domine,
2805 3919 2916 3974 mei
2949 3921 3198 3990 pastoris
3247 3922 3600 3994 insipientis,

1905 4034 1908 4036 ·
1965 4016 2020 4066 ct
2052 4009 2324 4082 pauperis
2355 4008 2501 4063 servi
2532 4008 2637 4077 tui,
2672 4008 2784 4062 mei
2818 4008 3052 4077 inquam
3097 4012 3418 4080 peccatoris
3448 4012 3598 4067 servi

1961 4099 2068 4169 tui,
2102 4115 2270 4169 quem
2307 4099 2488 4152 nubes
2520 4097 2780 4151 obscurae
2829 4096 3174 4152 delictorum
3207 4098 3592 4157 circumdant.

1963 4194 2071 4244 Per
2087 4188 2483 4260 aspersionem
2505 4186 2738 4257 hyssopi
2757 4190 2840 4240 tui
2866 4187 3084 4241 munda
3105 4204 3216 4253 me,
3242 4193 3298 4243 et
3319 4194 3597 4261 tanquam

1964 4279 2154 4334 nivem
2187 4275 2395 4331 dealba
2426 4291 2535 4343 me,
2582 4281 2897 4345 purgatum
2955 4293 2988 4330 a
3031 4277 3276 4333 maculis
3335 4283 3394 4334 et
3423 4281 3599 4336 naevis

1963 4367 2202 4440 peccati.
2218 4369 2524 4433 Memento,
2549 4363 2747 4431 etiam,
2775 4365 3035 4431 Domine,
3058 4367 3322 4424 omnium
3341 4368 3601 4426 ﬁdelium

1964 4457 2065 4530 qui
2095 4457 2154 4511 in
2185 4454 2572 4521 exsiliissunt,
2607 4457 2663 4508 et
2690 4454 3001 4524 eorumqui
3023 4471 3127 4526 pro
3147 4456 3259 4512 ﬁde
3280 4457 3602 4515 orthodoxa

1963 4561 2208 4617 agonem
2249 4542 2559 4598 sustinent.

1959 4676 2160 4728 sancto
2217 4668 2428 4742 dicitur
2468 4667 2644 4742 quia
2689 4677 2740 4721 te
2787 4666 2990 4742 absque
3039 4670 3199 4724 initio
3224 4670 3473 4742 procedit
3499 4687 3597 4742 per

1957 4745 2301 4813 unigenitum
2331 4741 2763 4813 Iv‘ilium__tuum_.j
2806 4740 2958 4813 quod
2993 4756 3106 4794 non
3149 4740 3370 4797 in'aliis
3405 4740 3593 4797 Litur-

1958 4810 2089 4888 giis,
2123 4815 2239 4888 im_o
2271 4829 2374 4888 n_ec
2405 4810 2675 4888 precibus
2706 4810 3196 4888 diversigeneris,
3244 4813 3415 4888 facile
3429 4829 3594 4888 repe-

1959 4880 2160 4942 Fiatur.
2196 4886 2256 4939 ln
2288 4880 2486 4938 Jacobi
2516 4885 2656 4952 Syra
2678 4886 2733 4936 et
2763 4880 2821 4935 in
2853 4880 3202 4950 quibusdam
3233 4884 3363 4940 aliis
3385 4880 3598 4940 dicitur

1957 4960 2052 5030 qui
2076 4975 2109 5012 α
2139 4965 2187 5011 te
2213 4954 2472 5030 procedit,
2494 4962 2544 5009 et
2566 4954 2721 5030 quia
2740 4953 2878 5007 Fz'lz'o
2910 4961 3021 5030 tuo,
3045 4969 3164 5026 qua
3194 4957 3274 5011 ad
3304 4958 3600 5030 essentiam

1957 5019 2228 5104 spectant;
2257 5036 2354 5081 aut
2403 5025 2469 5077 τὰ
2517 5019 2773 5104 96056.81}-
2821 5019 3068 5104 accipz'tS
3089 5097 3097 5104 .
3122 5044 3246 5096 qua:
3278 5032 3496 5104 rectam
3530 5029 3599 5104 de

1957 5096 2326 5173 processione
2367 5097 2552 5173 sancti
2605 5096 2858 5173 Spiritus
2894 5097 3243 5173 doctrinam
3303 5099 3380 5154 ita
3410 5100 3600 5173 expri-

1959 5166 2145 5238 munt,
2181 5176 2306 5224 uta
2359 5168 2569 5222 Graecis
2627 5166 3018 5240 schismaticis
3076 5170 3436 5240 rejiciantur.
3469 5166 3594 5226 Non

1958 5242 2352 5315 spernendum
2370 5256 2509 5315 sane
2533 5237 2932 5315 testimonium
2955 5239 3110 5294 istud
3133 5237 3239 5315 est,
3262 5242 3597 5315 qualiscun-

1957 5310 2066 5384 que
2092 5313 2327 5385 tandem
2362 5313 2438 5367 sit
2466 5310 2868 5385 ista_Liturgia
2895 5327 2907 5364 :
2949 5327 3087 5385 nam
3115 5314 3187 5367 ab
3222 5310 3594 5385 interpolato-

1959 5380 2119 5441 ribus
2135 5384 2280 5439 nihil
2302 5399 2533 5455 passam
2549 5380 2707 5456 illam
2722 5397 2849 5456 esse
2870 5382 3262 5439 certissimum
3275 5380 3393 5440 est.—
3406 5390 3591 5456 Atque

1958 5460 2038 5512 ita
2067 5452 2429 5512 constat—non
2454 5454 2606 5527 apud
2632 5452 2861 5506 Latinos
2887 5458 3084 5527 natam
3109 5457 3443 5527 opinionem
3467 5452 3594 5514 esse

1958 5532 2027 5584 de
2059 5527 2424 5601 processione
2453 5524 2701 5601 Spiritus
2731 5524 2919 5601 sancti
2953 5542 2986 5579 a
3019 5524 3181 5601 Patre
3212 5536 3270 5584 et
3299 5529 3462 5601 Filio,
3490 5547 3595 5586 seu

1957 5596 2316 5673 per'Filium,
2349 5599 2500 5673 quod
2535 5596 2687 5649 idem
2720 5611 2849 5649 esse
2869 5596 3595 5673 _Grreci_agnoscunt,'cum

1956 5668 2016 5728 in
2047 5673 2238 5744 media
2259 5673 2443 5744 Syria,
2471 5670 2624 5744 inter
2653 5683 2752 5723 eos
2783 5668 3078 5744 quietiam
3105 5668 3242 5726 sunt
3262 5690 3295 5727 a
3326 5673 3598 5731 Romanis

1954 5743 2225 5802 Ecclesiae
2254 5739 2686 5811 communione,
2723 5743 2899 5796 testes
2931 5739 3091 5798 illius
3122 5745 3507 5816 reperiantur.
