4090 6340
554 392 665 451 6H

1374 387 1437 445 S.
1485 378 1925 446 CLEMENTIS
1968 384 1991 443 Ι
2038 376 2228 444 ROM.
2276 383 2506 445 PONT.
2555 380 2817 447 OPERA
2863 378 3131 449 DUBIA.

3823 388 3931 451 612

627 522 888 579 Sacerdos
918 518 1144 576 elevans
1171 535 1370 575 vocem.
1402 519 1471 573 Et
1500 517 1814 573 Ecclesiam
1846 522 2030 586 tuam,
2080 518 2193 572 Do-
2224 518 2279 583 Α
2308 517 2573 590 disperge
2605 524 2662 574 et
2691 520 2947 592 dissipa:
2982 537 3159 587 regna
3190 522 3451 590 profana,
3472 524 3531 576 et
3561 520 3806 578 haereses
3833 522 3936 579 im-

556 612 735 678 mine,
768 627 944 682 quam
976 608 1287 681 possedisti
1316 608 1387 662 ab
1431 605 1616 673 initio,
1658 611 1714 661 et
1760 605 2059 661 redemisti
2093 624 2194 677 per

556 700 902 773 sanguinem
935 697 1217 770 unigeniti
1242 696 1371 752 Filii
1394 696 1477 750 tui
1504 695 1764 765 benedic,
1797 699 1854 749 et
1877 694 2098 766 depelle
2122 696 2193 750 ab

557 808 625 846 ea
653 789 1112 845 conﬂictationes
1143 788 1435 841 haereseon
1486 784 1968 856 perniciosarum,
2002 801 2131 854 quae
2161 801 2195 838 a

557 879 860 951 spiritibus
891 878 1108 950 peccati
1133 876 1511 941 suscitantur,
1534 878 1590 929 et
1608 874 1675 928 ad
1703 890 1831 949 eam
1854 873 2192 944 demergen-

557 969 692 1025 dam
717 968 777 1023 in
799 968 1077 1041 abyssum
1102 964 1439 1036 impietatis,
1458 963 1802 1019 excitantur.
1826 961 2103 1033 Propulsa
2122 962 2193 1016 ab

555 1058 677 1127 illa,
712 1057 972 1121 Domine,
1004 1054 1297 1118 scandala,
1329 1056 1385 1107 et
1414 1052 1589 1117 rixas,
1623 1055 1680 1106 et
1708 1068 1989 1122 prmserva
2010 1067 2133 1105 eam
2162 1067 2196 1105 a

554 1146 753 1218 virgis,
788 1144 1145 1217 flagellisque
1174 1143 1314 1208 tuis,
1337 1145 1507 1211 atque
1529 1157 1562 1195 a
1592 1139 2030 1206 tentationibus,
2064 1139 2194 1209 qui—

554 1238 669 1291 bus
698 1252 800 1306 per
818 1233 1217 1290 inﬁrmitatem
1243 1228 1821 1286 succumbat.Libera
1842 1244 1969 1283 eam
1989 1246 2022 1283 a
2044 1230 2194 1283 fame

557 1341 776 1392 amara,
810 1341 845 1379 a
874 1322 1223 1394 captivitate,
1257 1325 1313 1375 et
1355 1318 1727 1374 mortalitate.
1782 1318 1864 1372 Da
1903 1318 2078 1373 etiam
2108 1316 2193 1371 illi

554 1418 819 1486 tempora
847 1410 1179 1481 tranquilla,
1232 1413 1287 1465 et
1335 1407 1712 1477 abundantia,
1745 1406 2193 1478 praeclaramque

482 1506 488 1511 ’
552 1503 703 1558 aeris
726 1501 1090 1573 temperiem,
1115 1504 1378 1569 segetum
1391 1497 1803 1567 fructuumque
1821 1500 2192 1567 proventum,

551 1608 687 1647 cum
737 1588 1202 1645 accumulatione
1249 1587 1513 1642 omnium
1569 1586 1896 1642 bonorum:
1956 1585 2090 1653 quia
2129 1589 2191 1639 tu

546 1681 739 1735 bonus
760 1696 845 1745 es,
868 1684 924 1734 et
948 1694 1124 1749 super
1143 1693 1346 1732 omnes
1368 1676 1607 1747 largiter
1627 1675 1931 1729 effundens
1951 1690 2193 1728 munera

545 1773 666 1837 tua,
700 1768 1062 1839 gratiamque
1091 1771 1253 1821 tuam
1287 1764 1657 1835 dispensans,
1694 1763 1915 1833 tibique
1942 1761 2188 1834 gloriam

544 1862 601 1913 et
629 1858 951 1929 gratiarum
986 1855 1269 1911 actionem
1297 1853 1620 1908 offerimus.

617 1947 876 2017 Populus.
910 1950 1116 2000 Amen.

619 2035 875 2091 Sacerdos
931 2035 1249 2089 inclinatus.
1320 2036 1626 2097 Memento,
1673 2030 1931 2095 Domine,
1987 2047 2186 2085 eorum

546 2125 643 2196 qui
676 2125 735 2179 in
765 2124 1097 2196 virginitate
1119 2139 1260 2194 pure
1281 2121 1501 2191 vivunt,
1526 2122 1972 2192 conjugatorum
2000 2123 2187 2193 casto-

546 2231 700 2285 rum,
723 2213 1118 2285 orphanorum
1141 2216 1202 2267 et
1218 2212 1550 2277 viduarum,
1573 2226 1893 2282 pauperum
1914 2214 1969 2264 et
1985 2225 2189 2281 egeno-

542 2320 697 2371 rum,
728 2307 787 2359 et
815 2319 1015 2357 eorum
1048 2300 1147 2372 qui
1178 2301 1456 2371 adjuvant
1484 2298 1799 2354 Ecclesiam
1833 2302 2016 2352 tuam.
2053 2296 2184 2351 Illo-

542 2409 672 2449 rum
704 2392 879 2447 etiam
911 2392 1008 2462 qui
1040 2390 1251 2445 addicti
1286 2393 1425 2444 sunt
1454 2387 1775 2443 ministerio
1824 2392 2183 2453 sanctorum,

541 2487 600 2537 et
659 2482 936 2551 adjuvant
966 2479 1371 2534 necessitatem
1424 2477 1748 2549 patientes:
1797 2477 1893 2546 qui
1934 2476 2186 2531 offerunt

540 2568 884 2635 oblationes,
916 2574 974 2623 et
1006 2566 1281 2639 praeclare
1312 2572 1647 2638 cperantur.

613 2659 876 2730 Populus.
910 2657 1081 2728 Kyrie
1111 2654 1347 2711 eleison.

613 2746 871 2802 Sacerdos
900 2747 1120 2800 elevans
1148 2760 1349 2799 vocem.
1402 2743 1468 2797 Et
1498 2744 1564 2798 ad
1567 2744 1708 2814 juva
1757 2760 1858 2815 per
1888 2744 2180 2799 dexteram

542 2840 706 2890 tuam
737 2837 1054 2906 potentem,
1086 2834 1476 2902 conﬁrmaquc
1498 2833 1732 2887 brachio
1760 2838 1857 2887 tuo
1892 2832 2042 2898 forti,
2062 2849 2183 2888 om-

544 2941 647 2980 nes
677 2924 777 2995 qui
807 2924 866 2977 in
898 2922 1155 2978 Ecclesia
1200 2927 1302 2977 tua
1330 2927 1534 2977 sancta
1575 2920 1856 2976 catholica
1904 2927 2179 2993 perpetuo

538 3012 862 3069 oblationes
894 3011 1227 3078 offerunt,et
1259 3010 1551 3064 memoriae
1581 3013 1915 3064 sanctorum
1942 3014 2176 3065 tuorum

537 3100 975 3157 communicant
1000 3117 1013 3165 ;
1036 3096 1645 3169 quieleemosynarum
1666 3098 1950 3154 fructibus
1967 3115 2178 3170 egenos

538 3190 906 3245 abundanter
930 3192 1281 3257 sustentant,
1308 3190 1365 3242 et
1386 3186 1769 3258 indigentiam
1791 3187 2021 3260 explent
2042 3206 2177 3259 pau-

538 3295 766 3351 perum.
801 3284 883 3334 Da
913 3278 1030 3333 illis
1061 3276 1483 3332 abundantiam
1508 3276 1812 3342 bonorum,
1847 3294 1947 3348 pro
1976 3277 2169 3348 dispo-

536 3369 749 3424 sitione
779 3369 1044 3423 cordium
1075 3382 1275 3423 eorum
1303 3384 1315 3422 :
1339 3370 1395 3422 et
1421 3383 1523 3438 pro
1546 3366 1712 3421 donis
1734 3365 2172 3437 temporalibus,

535 3458 609 3512 da
628 3456 747 3513 illis
777 3457 1133 3512 afﬂuentiam
1166 3456 1634 3511 benedictionum
1662 3454 2083 3510 ditissimarum
2118 3460 2175 3509 et

536 3545 1018 3601 inamissibilium
1045 3560 1058 3600 :
1091 3548 1147 3600 et
1175 3562 1276 3614 pro
1304 3544 1774 3616 possessionibus
1806 3560 1918 3598 non
1953 3560 2176 3615 perma-

534 3635 831 3700 nentibus,
865 3651 1126 3706 praepara
1147 3633 1262 3688 illis
1286 3632 1526 3689 delicias
1548 3634 1827 3703 beatas,et
1848 3635 2171 3689 mercedem

529 3722 1126 3794 inconsumptibilem,
1150 3728 1208 3777 et
1231 3739 1473 3777 munera
1505 3722 1719 3777 amoris
1736 3738 1871 3794 erga
1905 3722 2174 3778 homines

528 3813 636 3884 tui,
678 3813 948 3882 bonaque
997 3809 1292 3865 uberrima
1337 3810 1689 3866 haereditatis
1738 3816 1887 3866 tuae:
1943 3811 2080 3882 quia
2108 3816 2171 3866 tu

526 3902 719 3958 bonus
737 3916 819 3969 es,
843 3905 899 3955 et
919 3899 1080 3954 dives
1101 3900 1158 3953 in
1174 3900 1537 3966 muneribus,
1553 3897 1867 3971 largusque
1882 3900 2168 3955 donorum

528 3994 805 4046 tuorum:
836 3993 893 4045 et
924 3988 1027 4043 tibi
1058 3987 1302 4060 gloriam
1336 3992 1394 4043 et
1423 3988 1742 4059 gratiarum
1777 3988 2062 4045 actionem
2084 3991 2171 4045 of-

532 4080 797 4137 ferimus.

600 4169 859 4239 Papulas.
888 4170 1091 4223 Amen.

598 4257 856 4312 Sacerdos
884 4258 1203 4313 inclinatus.
1264 4256 1576 4321 Memento,
1637 4254 1901 4323 Domine,
1963 4271 2163 4327 regum

521 4345 977 4402 orthodoxorum
1012 4347 1143 4416 (28),
1196 4346 1271 4400 da
1311 4344 1428 4401 illis
1476 4344 1778 4399 victoriam
1812 4344 1881 4398 de
1911 4343 2166 4401 inimicis

520 4434 665 4501 suis,
691 4438 749 4489 et
767 4434 980 4490 virtute
1004 4433 1389 4506 omnipotenti
1412 4438 1513 4489 tua
1533 4434 1740 4489 robora
1759 4432 1910 4503 illos,
1934 4438 1989 4489 et
2003 4450 2167 4490 arma

516 4522 675 4578 illos.

2220 1890 2268 1955 B

2308 606 2433 677 pias
2461 608 2778 679 comprime
2799 610 3032 664 dextera
3049 617 3149 664 tua
3172 611 3389 681 potenti
3413 628 3424 664 :
3447 610 3654 665 hebeta
3682 610 3923 683 gladium

2303 702 2561 764 acutum,
2597 715 2666 753 ne
2698 698 2999 754 immineat
3027 698 3347 754 cervicibus
3385 700 3578 771 gregis
3624 700 3748 754 tui:
3782 717 3929 756 com-

2305 801 2470 856 pesce
2503 787 2885 859 captivitates,
2917 788 3122 857 caedes,
3155 793 3213 843 et
3244 787 3394 843 bella
3423 804 3456 842 a
3486 787 3716 860 populis
3747 795 3803 844 et
3825 790 3924 844 ha:-

2303 874 2547 930 reditate
2568 880 2668 930 tua
2691 893 2703 931 :
2730 893 2917 948 neque
2948 876 3196 948 aspicias
3216 877 3586 947 iniquitatem
3617 894 3819 932 eorum
3838 878 3931 949 qui

2302 962 2669 1034 unigenitum
2696 964 2903 1019 Filium
2928 970 3093 1019 tuum
3115 965 3381 1020 dividunt
3407 985 3419 1021 :
3455 966 3559 1022 sed
3582 966 3929 1038 reliquorum

2303 1058 2613 1121 memento,
2644 1054 2743 1124 qui
2769 1054 3016 1110 retinent
3038 1055 3211 1109 ﬁdem
3238 1055 3708 1122 orthodoxam,et
3726 1057 3801 1110 da
3822 1054 3925 1111 illis

2303 1142 2649 1213 atquenobis
2663 1142 2931 1198 virtutem
2951 1143 3425 1216 insuperabilem,
3446 1150 3503 1199 et
3525 1144 3693 1199 nobis
3715 1150 3771 1199 et
3792 1144 3925 1216 ipsis

2302 1232 2550 1286 concede
2579 1236 2841 1303 tempora
2868 1233 3165 1302 quietis,ct
3195 1233 3680 1305 tranquillitatem
3706 1232 3928 1299 salutis,

2302 1336 2402 1390 per
2413 1320 2657 1392 gratiam
2679 1325 2737 1375 et
2760 1321 3217 1378 misericordiam
3236 1326 3293 1376 et
3315 1337 3574 1378 amorem
3595 1337 3734 1394 erga
3755 1322 3936 1377 homi-

2302 1424 2404 1463 nes
2426 1410 2710 1481 unigeniti
2736 1409 2857 1464 Filii
2881 1410 2987 1481 tui,
3011 1426 3114 1482 per
3135 1427 3310 1482 quem
3331 1414 3387 1466 et
3407 1427 3542 1466 cum
3566 1428 3681 1483 quo
3702 1416 3759 1466 te
3780 1413 3930 1467 decet

2301 1495 2485 1568 gloria
2514 1503 2569 1552 et
2602 1498 2806 1566 honor,
2834 1504 2948 1555 etc.

2370 1588 2629 1656 Populus.
2663 1590 2865 1643 Amen.

2370 1675 2628 1731 Sacerdos
2683 1678 3001 1731 inclinatus.
3052 1682 3261 1733 Eorum
3319 1678 3494 1733 etiam
3535 1678 3803 1734 omnium
3831 1679 3927 1750 qui

2300 1764 2586 1835 agonibus
2609 1766 2732 1821 suis
2761 1765 2866 1821 tibi
2888 1765 3252 1838 placuerunt,
3277 1772 3333 1822 et
3352 1783 3649 1823 summam
3672 1768 3928 1824 moribus

2298 1852 2421 1907 suis
2447 1853 2691 1924 gloriam
2720 1855 3012 1909 consecuti
3037 1859 3192 1921 sunt,
3218 1856 3304 1911 fac
3331 1856 3543 1910 bonam
3570 1855 3936 1925 memoriam,

2298 1942 2562 2009 Domine,
2592 1942 2701 1998 hoc
2723 1948 2979 2015 tempore
3003 1961 3015 1998 :
3041 1948 3271 2016 patrum
3296 1944 3785 2016 patriarcharum,
3809 1962 3934 2017 pro-

2298 2031 2625 2103 phetarum,
2644 2031 3059 2104 apostolorum,
3075 2034 3541 2105 praedicatorum,
3557 2034 3926 2090 annuntiato-

2297 2136 2448 2189 rum,
2480 2121 2983 2194 evangelistarum,
3034 2122 3278 2177 Joannis
3323 2123 3619 2194 Baptistae,
3652 2120 3927 2195 Stephani

2294 2209 2543 2278 diaconi,
2574 2216 2630 2265 et
2684 2212 2989 2267 Genitricis
3051 2212 3145 2267 Dei
3206 2213 3416 2280 Mariae,
3477 2229 3610 2267 cum
3660 2213 3929 2268 omnibus

2296 2298 2535 2354 sancﬁs.

2363 2388 2591 2443 Elevans
2614 2404 2808 2445 vocem.
2841 2389 3054 2444 Eorum
3075 2388 3173 2459 qui
3193 2390 3508 2444 certamine
3530 2389 3803 2445 athletico
3826 2406 3923 2445 suo

2294 2477 2550 2549 perfecti,
2580 2483 2637 2533 et
2666 2494 2846 2551 agone
2866 2479 3114 2547 justitim
3162 2478 3556 2534 consummati
3607 2485 3771 2534 sunt.
3813 2479 3923 2535 Me-

2295 2570 2489 2621 mento
2522 2567 2719 2637 etiam,
2745 2566 2987 2622 Domine
3017 2582 3241 2634 eorum,
3274 2567 3451 2638 quiin
3484 2567 3735 2640 singulis
3750 2568 3929 2641 regio-

2292 2653 2465 2710 nibus
2487 2660 2542 2710 et
2562 2655 2892 2711 civitatibus
2915 2656 3258 2727 placuerunt
3287 2656 3414 2723 tibi,
3436 2657 3538 2728 qui
3562 2658 3786 2713 exitum
3809 2659 3928 2713 vitae

2291 2742 2654 2815 inculpatum
2686 2744 2967 2799 habentes
2999 2762 3065 2799 ex
3095 2746 3203 2800 hoc
3234 2746 3454 2801 mundo
3487 2746 3752 2818 profecti,
3772 2747 3843 2802 ad
3872 2750 3924 2801 te

2289 2838 2689 2904 pervenerunt,
2723 2836 2779 2887 et
2799 2834 2868 2887 ad
2892 2833 3154 2890 cmlestes
3176 2835 3379 2890 domos
3390 2834 3596 2891 elevati
3619 2841 3800 2890 sunt:
3823 2836 3924 2890 Pa-

2287 2928 2443 2977 trum
2476 2922 2850 2993 antiquorum
2884 2926 2940 2977 et
2969 2924 3452 2994 patriarcharum,
3487 2924 3821 2995 principum
3844 2924 3924 2978 fa-

2287 3010 2603 3081 miliarum,
2632 3011 2728 3080 qui
2753 3012 3027 3081 mysteria
3054 3011 3323 3068 viderunt
3344 3016 3401 3067 et
3430 3011 3814 3069 revelationes
3835 3028 3927 3085 pe-

2286 3104 2678 3171 netraverunt,
2702 3116 3130 3156 mconomorum
3150 3100 3567 3172 spiritualium,
3591 3102 3927 3173 praedicato-

2286 3206 2414 3243 rum
2447 3188 2854 3261 gloriosorum,
2887 3195 2944 3244 et
2972 3189 3317 3245 dilectorem
3346 3190 3452 3244 tibi
3489 3191 3925 3262 deprecantium

2205 3262 2247 3329 C
2284 3283 2360 3343 te,
2393 3278 2611 3349 tibique
2657 3282 3026 3347 acceptorum
3085 3284 3142 3334 et
3196 3280 3670 3351 dispensatorum
3715 3280 3924 3335 domus

2284 3372 2417 3422 tuae.
2452 3368 2746 3439 PrOpitius
2776 3372 2918 3435 esto,
2951 3367 3213 3434 Domine,
3244 3368 3652 3439 iniquitatibus
3687 3368 3924 3437 nostris,

2284 3474 2385 3528 per
2412 3458 2703 3512 orationes
2733 3473 2954 3512 eorum.
2989 3462 3065 3512 Da
3094 3457 3259 3513 nobis
3309 3462 3374 3511 ut
3406 3474 3541 3513 cum
3576 3458 3691 3514 ﬁde
3722 3459 3925 3514 ortho-

2283 3547 2449 3610 doxa,
2482 3547 2805 3602 secundum
2836 3550 3093 3601 exactam
3118 3546 3439 3602 doctrinam
3461 3563 3688 3613 eorum,
3720 3564 3925 3619 sequa-

2282 3652 2415 3690 mur
2443 3636 2673 3691 illorum
2696 3635 2959 3706 vestigia,
2984 3636 3282 3705 simusque
3304 3635 3560 3691 hzeredes
3581 3637 3922 3707 promissio-

2282 3741 2422 3778 num
2455 3742 2581 3796 quae
2606 3724 2675 3779 ad
2700 3739 2795 3778 eos
2820 3724 2985 3778 factae
3005 3728 3162 3790 sunt,
3188 3724 3613 3795 participesque
3635 3724 3920 3781 mercedis

2281 3828 2482 3868 eorum
2509 3831 2521 3881 ;
2556 3819 2613 3869 et
2634 3830 2766 3868 cum
2798 3811 2879 3867 eis
2911 3812 3192 3878 laetemur,
3236 3812 3427 3883 adepti
3460 3829 3705 3868 coronas
3737 3815 3918 3869 victo-

2282 3905 2400 3973 riae,
2424 3900 3215 3973 atqueinteragminaeorum
3238 3918 3519 3957 canamus
3540 3902 3645 3957 tibi
3670 3902 3916 3974 gloriam

2282 4000 2339 4050 et
2367 3993 2600 4048 laudem
2632 3996 2689 4046 et
2718 3990 3017 4063 unigenito
3052 3989 3192 4046 Filio
3224 4000 3346 4046 tuo.

2350 4082 2613 4152 Populus.
2652 4082 2854 4134 Amen.

2348 4171 2610 4226 Sacerdos
2653 4169 2977 4224 inclinatus.
3029 4171 3568 4224 Commemoramus
3614 4186 3817 4226 coram
3864 4175 3919 4227 te

2275 4262 2384 4317 hoc
2416 4266 2693 4331 tempore,
2725 4256 2989 4323 Domine,
3022 4261 3285 4327 pastores
3328 4274 3495 4313 veros
3541 4263 3601 4313 et
3646 4260 3916 4315 doctores

2275 4352 2553 4416 sinceros,
2586 4363 2789 4403 omnes
2822 4346 3013 4401 Patres
3057 4344 3269 4402 electos
3300 4351 3357 4402 et
3402 4347 3627 4417 beatos,
3662 4350 3917 4405 maxime

2273 4456 2405 4496 vero
2436 4434 3250 4511 Ignatium,Dionysium,cum
3273 4436 3513 4508 reliquis
3527 4437 3758 4493 dilectis
3774 4439 3915 4494 tuis.

2344 4529 2571 4585 Elevans
2602 4541 2795 4581 vocem.
2829 4524 2939 4579 Eos
2984 4525 3085 4595 qui
3125 4542 3303 4596 super
3350 4531 3572 4597 petram
3604 4527 3915 4582 inconcus-

593 4613 823 4668 Elevans
843 4628 1040 4668 vocem.
1066 4612 1308 4667 Ordines
1347 4611 1520 4667 etiam
1548 4610 1791 4678 militiae,
1830 4611 2024 4682 copias
2043 4611 2161 4667 bel-
2194 4628 2239 4691 D
2272 4636 2397 4679 sam
2428 4614 2811 4673 confessionis
2837 4613 3187 4685 apostolicae,
3220 4614 3675 4683 aediﬁcaverunt,
3710 4621 3769 4671 et
3798 4620 3913 4671 sta-

521 4701 688 4767 licas,
720 4702 989 4773 viresque
1036 4717 1365 4771 regnorum,
1403 4718 1525 4769 quae
1557 4700 1666 4755 sub
1691 4701 1835 4772 jugo
1866 4701 2162 4758 servitutis

522 4790 713 4846 crucis
732 4794 843 4845 tuae
865 4789 1123 4845 victricis
1144 4788 1519 4859 inclinantur,
1544 4793 1600 4843 et
1620 4789 1853 4861 signum
1878 4789 2163 4861 unigeniti

519 4879 649 4933 Filii
680 4880 766 4933 tui
802 4883 1017 4945 tenent,
1068 4884 1342 4949 tanquam
1392 4894 1557 4932 arma
1599 4877 1826 4942 salutis,
1856 4880 2079 4949 'adjuva
2107 4885 2163 4935 et

517 4968 695 5037 salva,
734 4968 993 5025 Domine.
1025 4967 1471 5039 Conjurationes
1503 4966 1763 5038 gentium
1790 4968 2158 5024 inimicarum

589 5074 701 5145 (28)
731 5079 1018 5142 Memento,
1071 5076 1326 5140 Domine,
1376 5090 1566 5144 regum
1592 5074 2058 5145 iorthodoxorum.
2094 5078 2157 5131 In

519 5144 648 5200 aliis
680 5144 858 5216 hujus
889 5147 1115 5218 generis
1148 5144 1434 5217 formulis,
1472 5144 2014 5218 qualesoccurrunt
2043 5165 2157 5203 non

524 5216 1055 5288 pauczmquasdam
1086 5224 1302 5274 tractas
1332 5234 1401 5273 ex
1422 5216 1608 5272 veteri
1641 5217 1949 5288 disciplina
1979 5220 2158 5275 fuisse

526 5286 802 5361 Credibile
831 5296 952 5344 est:
992 5292 1159 5346 istam
1196 5307 1307 5345 non
1340 5289 1657 5361 item.N_am
1689 5286 1919 5361 planam
1952 5296 2008 5361 et
2030 5307 2158 5361 per-

525 5358 788 5442 spicuam
807 5360 1125 5442 orationem
1139 5362 1397 5442 continet
1410 5377 1510 5431 pro
1530 5358 1875 5442 Q‘hristianis
1888 5358 2159 5442 principi-

527 5430 660 5497 bus,
682 5433 744 5484 ut
764 5430 1016 5487 inimicis
1038 5434 1169 5487 ﬁdei
1192 5430 1519 5500 superiores
1545 5432 1686 5484 ﬁant
1708 5430 1899 5485 divino
1922 5430 2155 5499 auxilio,

523 5504 581 5579 et
637 5516 739 5579 pro
797 5502 1061 5579 ﬁdelium
1115 5504 1517 5579 debellatione,
1572 5502 1725 5572 quod
1775 5517 1900 5579 qua
1939 5502 2157 5579 ratione

520 5568 1180 5644 Christianismoribus,
1214 5574 1440 5644 legibus
1470 5568 1731 5644 ipso-rum
1769 5568 2155 5644 Orientalium

513 5639 943 5722 ecclesiasticis,
978 5650 1033 5699 et
1061 5639 1338 5722 exemplis
1386 5639 1692 5698 convenire
1736 5642 1940 5722 possit,
1972 5643 2157 5722 expli-

511 5728 642 5773 care
671 5711 837 5772 facile
866 5729 979 5771 non
1009 5719 1116 5773 est.
1150 5711 1295 5774 Nam
1325 5730 1491 5773 orare
1533 5729 1637 5789 pro
1668 5711 2154 5785 principibusia-

2273 4707 2586 4763 biliverunt
2628 4704 2821 4767 ﬁdem,
2876 4703 3372 4775 extenderuntque
3421 4709 3479 4759 et
3525 4704 3915 4761 dilataverunt

2270 4796 2588 4853 tentorium
2619 4791 2887 4847 Ecclesiae
2930 4796 3065 4858 tum,
3098 4809 3131 4846 a
3180 4792 3394 4848 ﬁnibus
3448 4810 3632 4865 usque
3662 4795 3734 4850 ad
3768 4795 3913 4849 ﬁnes

2270 4891 2471 4942 terrae:
2504 4883 2602 4956 qui
2650 4882 3080 4937 aediﬁcaverunt
3128 4880 3273 4936 ovile
3320 4887 3488 4937 tuum
3544 4884 3605 4938 in
3639 4884 3912 4940 universa

2268 4980 2422 5032 terra
2478 4972 2819 5029 babitabili:
2876 4971 2974 5042 qui
3030 4970 3090 5024 in
3149 4970 3329 5043 pratis
3378 4971 3805 5043 spiritualibus,
3856 4977 3912 5028 et

2270 5082 2542 5137 ﬁdelibus
2588 5079 2758 5148 jubet
2804 5076 3133 5131 Christiana
3190 5076 3413 5148 religio,
3473 5083 3531 5132 ct
3572 5078 3913 5135 testimonia

2272 5154 2453 5209 multa
2474 5156 2755 5215 veterum,
2781 5153 2853 5221 ut
2881 5148 3281 5202 Alexandrinae
3315 5150 3576 5204 Historiae
3610 5150 3802 5221 palam
3830 5150 3912 5205 fa-

2268 5226 2450 5287 ciunt,
2485 5228 2541 5276 et
2569 5218 2910 5293 zEgyptiacaa
2953 5236 3183 5293 quoque
3216 5221 3508 5293 Liturgiaz,
3550 5218 3627 5276 ad
3651 5239 3801 5291 quas
3831 5223 3912 5275 vi-

2268 5296 2459 5352 denda
2488 5309 2614 5363 qua:
2643 5289 2997 5364 notavimus.
3033 5289 3231 5364 Neque
3266 5292 3364 5347 ulli
3385 5289 3465 5348 ἐκ
3495 5311 3607 5364 quo
3642 5289 3912 5349 Mubame

2269 5366 2403 5447 da_ni
2435 5360 2626 5447 rerum
2662 5362 2719 5447 in
2751 5360 2986 5447 Oriente
3018 5360 3379 5447 poititi‘sunt,
3428 5360 3726 5447 .Joacobitze,
3762 5364 3911 5420 tales

2268 5436 2563 5511 principes
2588 5432 3167 5511 habuerunttquales
3191 5434 3298 5511 hac
3316 5432 3913 5511 orationedesignau-

2267 5506 2382 5569 tur,
2417 5507 2567 5572 quod
2601 5506 2821 5556 notavit
2849 5507 2906 5560 in
2939 5509 3365 5562 Commentario
3424 5508 3494 5561 ad
3530 5506 3684 5563 hunc
3712 5506 3910 5563 lucum

2268 5574 2575 5651 Barsalibi,
2608 5573 2707 5644 qui
2756 5573 2936 5651 etiam,
2985 5576 3648 5651 abbreviarigdiptycha,
3679 5579 3789 5634 hac
3840 5580 3912 5634 de

2267 5663 2445 5725 causa
2473 5649 2743 5725 testatur,
2770 5646 2899 5725 llaec
2923 5646 3102 5721 igitur
3118 5648 3373 5725 formula
3400 5646 3554 5709 inter
3582 5646 3910 5724 singulares

2267 5724 2323 5777 et
2352 5718 2665 5777 inusitatas
2693 5717 2925 5778 videtur
2949 5717 3305 5792 reponenda.
