4090 6340
212 421 384 506 ,θη

1739 402 2185 471 LITURGICA.

3545 410 3661 477 614

253 548 617 624 evangelicis
646 544 1006 604 fortitudinis
1044 546 1465 617 tuae,paverunt
1494 559 1631 600 oves
1649 546 1783 599 tuas
1814 559 1905 598 ra-
1935 542 1988 609 Α
2019 542 2245 614 piorum
2269 542 2475 597 animae
2506 540 2795 615 primitias
2826 540 2952 599 vitaa
2982 543 3203 616 absque
3237 544 3434 602 labore
3463 565 3664 622 exspe-

251 640 529 707 tionales,
562 642 618 694 et
645 653 820 710 super
890 652 1072 708 aquas
1104 634 1319 706 quietis
1338 635 1704 689 deduxerunt
1726 648 1909 705 agnos

254 732 458 805 gregis
488 728 608 784 tui:
644 728 743 799 qui
775 742 971 782 coram
1006 725 1239 801 regibus
1269 728 1325 779 et
1354 722 1617 796 tyrannis
1639 722 1912 794 praedica-

252 824 470 878 verunt
483 815 860 889 Evangelium
878 820 1069 883 tuum,
1090 821 1148 869 et
1168 830 1363 869 coram
1376 812 1679 885 judicibus
1695 811 1911 882 iniquis

255 909 754 965 confirmaverunt
800 904 1142 977 religionem
1191 906 1394 958 tuam:
1428 901 1528 973 qui
1590 905 1794 972 gentes
1850 901 1908 954 in

253 997 518 1054 tenebris
541 994 887 1051 constitutas
901 993 1239 1047 direxerunt
1251 996 1426 1063 atque
1447 990 1909 1053 illustraverunt,

259 1087 591 1143 docuerunt
603 1098 714 1155 que
745 1082 874 1137 illas
905 1082 1059 1153 quod
1091 1081 1149 1135 in
1168 1080 1376 1135 umbra
1395 1079 1607 1135 erroris
1622 1079 1912 1147 sederent,

256 1174 499 1245 illisque
528 1173 1079 1227 demonstraverunt
1106 1168 1307 1224 lumen
1340 1168 1597 1223 scientia».
1636 1172 1769 1222 tua).
1804 1166 1913 1233 Qui

263 1262 496 1320 semina
511 1262 663 1317 bona
683 1259 818 1314 ﬁdei
839 1256 1343 1315 seminaveruntin
1366 1256 1537 1312 terris
1559 1257 1911 1321 animarum,

265 1357 327 1409 et
354 1352 750 1424 purgaverunt
779 1364 949 1420 agros
971 1346 1130 1419 sylva
1146 1346 1449 1418 spinarum
1472 1350 1530 1401 et
1559 1346 1913 1401 zizaniorum

267 1439 534 1514 peccati:
558 1438 658 1510 qui
688 1435 1326 1509 propriispassionibus
1357 1436 1713 1491 reduxerunt
1732 1434 1916 1506 capti-

267 1530 512 1585 vitatem
551 1526 752 1600 populi
788 1524 877 1581 tui
925 1542 956 1581 a
990 1529 1276 1598 potestate
1306 1524 1437 1579 duri
1468 1529 1525 1579 et
1563 1522 1828 1595 maligni,
1861 1529 1917 1578 et

271 1616 565 1691 sanguine
592 1616 881 1672 cervicum
932 1630 1173 1670 suarum
1210 1613 1606 1669 liberaverunt
1659 1628 1786 1668 eam
1846 1613 1916 1668 ab

270 1706 654 1781 oppressione
682 1703 915 1760 rebellis
962 1702 1162 1759 illius:
1217 1707 1293 1758 Ut
1337 1719 1440 1774 per
1482 1701 1918 1773 deprecationes

271 1812 479 1853 eorum
520 1793 973 1867 propitiatorias,
1014 1796 1071 1847 et
1099 1809 1200 1864 per
1252 1791 1683 1847 obsecrationes
1713 1807 1914 1847 eorum

2018 635 2180 686 ctant
2206 631 2341 701 (29),
2361 638 2417 686 et
2448 632 2691 703 spiritus
2713 634 3009 703 justorum
3041 636 3113 689 ad
3145 635 3319 690 ﬁdem
3350 639 3662 708 promissas

2020 720 2302 775 mercedis
2329 721 2541 790 pariter
2570 722 2916 778 attendunt:
2951 724 3007 777 in
3040 739 3109 778 ea
3136 724 3369 797 regione
3401 727 3499 782 ubi
3526 744 3663 800 ope-

2020 808 2244 879 rariict
2276 808 2493 880 fatigati
2525 811 2860 881 paradisum
2893 811 3204 882 aspiciunt,
3230 818 3286 869 et
3312 814 3539 872 invitati
3590 818 3663 874 ad

2020 898 2257 969 nuptias
2288 915 2568 970 sponsum
2601 898 2891 953 coelestem
2938 894 3274 957 desiderant
3305 919 3319 958 :
3350 904 3449 959 ubi
3473 907 3665 963 vocati

2020 987 2091 1043 ad
2148 986 2497 1049 convivium,
2552 992 2615 1041 ut
2665 989 2983 1043 ascendant
3029 990 3459 1062 praestolantur,
3513 998 3569 1050 et
3599 999 3664 1050 ut

2021 1075 2229 1131 stolam
2249 1075 2407 1130 illam
2424 1092 2627 1131 novam
2651 1076 2849 1147 gloriae
2870 1078 3207 1149 acccipiant,
3232 1081 3500 1138 ardenter
3524 1100 3661 1139 con-

2020 1164 2361 1236 cupiscunt:
2396 1165 2549 1219 unde
2580 1165 2794 1220 absunt
2824 1167 3271 1234 moestiludines,
3302 1174 3358 1224 et
3388 1172 3489 1225 ubi
3512 1189 3660 1244 gau-

2023 1253 2118 1308 dia
2147 1253 2548 1325 reperiuntur:
2586 1270 2738 1308 unus
2770 1255 2923 1309 enim
2950 1256 3187 1311 omnino
3221 1263 3278 1312 et
3308 1258 3467 1315 solus
3496 1260 3658 1317 visus

2023 1346 2111 1398 est
2132 1358 2247 1397 non
2270 1341 2530 1397 irretitus
2545 1343 2916 1415 passionibus
2934 1346 3173 1415 peccati,
3211 1362 3280 1401 ex
3296 1347 3413 1403 illis
3435 1349 3533 1421 qui
3554 1349 3665 1404 hu-

2026 1449 2199 1487 mano
2230 1448 2468 1503 corpore
2491 1431 2678 1486 induti
2701 1432 2955 1501 fuerunt,
2980 1433 3197 1489 scilicet
3216 1436 3665 1495 JesusChristus

2026 1521 2302 1576 Dominus
2328 1524 2524 1575 noster
2553 1520 2889 1592 unigenitus
2940 1520 3123 1577 Filius
3167 1527 3305 1580 tuus
3348 1542 3448 1597 per
3481 1544 3657 1598 quem

2028 1627 2133 1665 nos
2148 1609 2326 1664 etiam
2349 1626 2653 1680 speramus
2676 1610 3138 1667 misericordiam
3163 1613 3461 1685 consequi,
3486 1620 3595 1671 etc.

2096 1700 2354 1770 Populus.
2387 1698 2647 1763 Quietem
2670 1703 2901 1770 praesta.

2095 1788 2360 1843 Sacerdos
2428 1788 2647 1842 elevans
2718 1804 2915 1843 vocem.
3001 1790 3197 1859 Aufer,
3285 1791 3541 1864 ignosce,
3619 1800 3675 1851 et

272 1883 663 1956 acceptabiles
719 1899 914 1939 coram
947 1887 1029 1949 te,
1067 1882 1351 1937 concedas
1382 1881 1550 1936 nobis
1582 1897 1773 1936 mores
1826 1897 1918 1936 ca-
1955 1916 2001 1979 B
2031 1877 2155 1933 dele
2188 1882 2423 1949 peccata
2485 1882 2703 1945 nostra,
2736 1877 2890 1933 Deus
2921 1895 3047 1949 quae
3106 1882 3514 1939 commisimus
3571 1902 3674 1956 per

275 1980 424 2042 stos,
456 1971 1133 2044 ctinculpabiles,ﬁdem
1156 1974 1393 2037 rectam,
1427 1974 1483 2024 et
1504 1969 1922 2041 incorruptam,

270 2064 457 2119 vitam
489 2066 735 2129 castam,
769 2077 956 2132 neque
972 2059 1398 2132 perturbationi
1417 2059 1748 2126 obnoxiam,
1772 2061 1929 2113 dona

276 2150 560 2209 sublimia
591 2155 647 2206 et
702 2154 924 2217 sancta,
985 2148 1395 2203 liberationem
1427 2164 1461 2203 a
1508 2142 1927 2203 tentationibu‘s

280 2242 545 2313 asperis:
577 2239 765 2295 exitus
786 2242 1017 2311 paratos
1048 2242 1106 2293 et
1132 2236 1579 2309 insuperabiles,
1612 2238 1785 2292 finem
1835 2237 1931 2291 bo-

280 2347 431 2387 num
471 2334 530 2385 et
583 2325 1029 2395 immutabilem,
1060 2327 1214 2382 bona
1260 2324 1629 2397 amplissima
1683 2331 1740 2381 et
1799 2342 1931 2397 pro-

282 2420 493 2485 missa,
551 2417 789 2473 delicias
856 2420 1289 2488 permanentes,
1344 2414 1738 2470 haereditatem
1798 2431 1930 2469 cum

283 2509 530 2573 sanctis,
560 2507 833 2562 fiduciam
865 2504 1060 2560 standi
1090 2520 1285 2559 coram
1317 2502 1462 2559 solio
1506 2508 1606 2559 tuo
1663 2503 1929 2570 terribili,

284 2598 431 2670 quia
456 2602 521 2651 tu
561 2595 894 2651 misericors
924 2610 1008 2662 es,
1037 2592 1239 2665 largus
1281 2592 1341 2647 in
1400 2592 1762 2660 muneribus,
1791 2593 1934 2648 tibi-

283 2702 402 2759 que
432 2683 676 2757 gloriam
707 2688 764 2738 et
789 2681 1023 2738 laudem
1053 2682 1393 2749 referemus,
1426 2687 1533 2737 etc.

357 2774 622 2845 Populus.
646 2777 853 2826 Amen.

358 2862 617 2918 Sacerdos
646 2861 970 2916 inclinatus.
994 2860 1073 2915 Ed
1109 2861 1178 2915 ad
1211 2859 1393 2915 altare
1421 2866 1588 2916 tuum
1631 2861 1934 2933 spirituale

281 2958 344 3009 et
373 2957 669 3017 sanctum,
703 2950 963 3018 Domine,
996 2952 1205 3020 praesta
1254 2948 1528 3021 quietem,
1591 2951 1933 3006 memoriam

282 3043 505 3097 bonam
521 3044 578 3095 et
594 3038 929 3095 felicitatem
952 3038 1227 3093 omnibus
1246 3038 1576 3105 animabus,
1595 3040 1936 3111 corporibus

288 3136 351 3187 et
379 3128 706 3202 spiritibus,
737 3131 991 3198 patrum,
1033 3126 1276 3181 fratrum
1316 3132 1374 3181 et
1404 3127 1789 3199 magistorum
1831 3146 1935 3184 no-

287 3224 549 3277 strorum
568 3217 853 3283 omnium,
869 3214 1258 3286 corporalium
1280 3221 1380 3270 aut
1393 3215 1810 3288 spiritualium,
1834 3217 1934 3289 qui

287 3312 354 3365 in
386 3307 724 3380 regionibus
753 3285 1223 3377 quibuscumque,
1247 3285 1598 3374 civitatibus,
1630 3311 1731 3362 aut
1760 3285 1935 3379 parti-
1967 3285 2009 3352 C

291 3400 411 3454 bus
441 3394 695 3451 defuncti
729 3398 889 3462 sunt,
921 3398 1020 3448 aut
1050 3393 1316 3448 suifocati
1340 3393 1398 3448 in
1432 3394 1600 3463 mari,
1624 3395 1711 3450 vel
1746 3395 1937 3450 flumi-

295 3486 500 3554 nibus,
532 3487 635 3539 aut
663 3484 720 3538 in
754 3482 961 3537 itinere
990 3482 1283 3549 obierunt,
1309 3487 1364 3537 et
1385 3499 1633 3553 quorum
1653 3485 1937 3540 memoria

294 3575 454 3629 facta
483 3589 598 3627 non
620 3577 709 3627 est
734 3571 790 3625 in
823 3569 1095 3626 Ecclesiis
1126 3587 1302 3643 super
1330 3575 1543 3626 terram
1576 3574 1932 3629 constitutis.

288 3663 401 3729 Tu,
433 3660 697 3730 Domine,
749 3667 961 3733 prasta
1007 3658 1123 3715 illis
1154 3660 1498 3715 memoriam
1564 3662 1799 3731 bonam,
1835 3664 1934 3735 qui

291 3750 555 3808 defuncti
587 3755 726 3807 sunt
756 3754 812 3806 et
842 3750 912 3805 ad
944 3753 1002 3805 te
1032 3749 1448 3821 migraverunt,
1489 3750 1546 3804 in
1597 3750 1709 3805 fide
1741 3751 1935 3808 ortho-

291 3841 462 3909 doxa,
498 3840 675 3895 simul
707 3855 840 3894 cum
872 3837 1008 3905 illis,
1034 3854 1284 3909 quorum
1315 3838 1555 3895 nomina
1584 3840 1643 3894 in
1676 3839 1935 3898 librotuo

288 3928 422 3984 vitae
442 3929 786 4000 consignata
810 3930 967 3982 sunt.

362 4018 594 4073 Elevans
622 4032 821 4073 vocem.
857 4015 977 4071 Illis
1018 4014 1292 4071 omnibus
1350 4016 1449 4087 qui
1500 4018 1767 4087 stadium
1810 4019 1936 4074 vitae

288 4105 691 4169 decurrentes,
749 4103 988 4175 perfecti
1041 4108 1097 4159 et
1126 4102 1385 4174 praeclari
1434 4120 1626 4160 coram
1670 4110 1726 4161 te
1757 4124 1934 4179 appa-

287 4198 538 4249 ruerunt
567 4197 623 4249 et
651 4210 718 4249 ex
744 4191 1086 4248 delictorum
1119 4191 1321 4265 pelago
1360 4192 1588 4249 liberati
1618 4196 1688 4250 ad
1718 4200 1775 4250 te
1805 4212 1935 4267 per-

285 4287 602 4350 venerunt,
631 4282 895 4355 patribus
926 4286 981 4338 et
1026 4282 1307 4337 fratribus
1339 4283 1553 4339 nostris
1611 4286 1935 4341 secundum

285 4388 522 4428 carnem
556 4376 616 4427 et
653 4370 927 4443 spiritum
964 4387 976 4426 :
1014 4370 1293 4426 fratribus
1324 4371 1565 4443 inquam
1599 4373 1814 4430 nostris
1853 4392 1937 4431 se-

288 4460 552 4516 cundum
609 4476 824 4532 corpus
854 4465 911 4515 et
968 4460 1293 4515 secundum
1351 4462 1631 4529 animam,
1680 4464 1934 4535 quietem

282 4549 789 4622 praesta,Domine,
823 4548 881 4603 in
910 4548 1046 4604 sinu
1078 4548 1179 4604 illo
1199 4549 1488 4621 spirituali
1508 4555 1565 4606 et
1586 4568 1817 4624 magno.
1856 4554 1934 4608 Da

2039 1966 2316 2021 remissas
2366 1965 2766 2037 cogitationes,
2824 1972 2882 2021 et
2918 1984 3044 2037 quae
3102 1985 3135 2022 a
3173 1970 3419 2040 pueritia
3476 1980 3676 2030 nostra

2039 2056 2109 2111 ad
2155 2057 2509 2109 senectutem
2563 2072 2771 2125 usque,
2820 2061 3020 2126 aperta
3050 2061 3106 2111 et
3135 2064 3270 2113 nota
3321 2066 3478 2129 sunt,
3523 2062 3678 2119 Deus

2040 2148 2271 2199 noster:
2357 2143 2682 2198 voluntaria
2730 2144 2848 2199 sive
2925 2144 3335 2216 involuntaria,
3411 2166 3480 2205 ea
3534 2168 3680 2223 pra:-

2040 2233 2239 2289 sertim
2273 2232 2489 2302 quibus
2539 2232 2599 2287 in
2653 2233 2862 2287 saeculo
2912 2233 3037 2289 sine
3091 2235 3223 2302 fine,
3272 2238 3680 2297 condemnatio

2043 2326 2363 2395 praeparata
2386 2325 2493 2377 est.
2530 2321 2613 2376 Da
2643 2321 2810 2377 nobis
2843 2326 2905 2376 ut
2936 2325 3169 2393 quando
3192 2325 3339 2394 justi
3379 2327 3440 2381 in
3470 2328 3678 2386 horrea

2040 2410 2246 2465 trictici
2260 2409 2614 2478 deferentur,
2629 2414 2684 2465 et
2699 2410 2864 2483 impii
2877 2412 3045 2482 quasi
3060 2411 3223 2483 palea
3240 2415 3677 2489 comburentur,
3766 2484 3773 2497 τ

2042 2506 2107 2556 ut
2137 2502 2288 2556 inter
2317 2501 2552 2572 agmina
2598 2505 2933 2556 sanctorum
2973 2506 3205 2557 tuorum
3256 2504 3565 2563 laudemus
3597 2512 3675 2575 te,

2042 2595 2250 2662 etcum
2282 2588 2504 2661 angelis
2535 2589 2652 2643 tuis
2674 2605 2954 2645 canamus
2985 2590 3278 2648 dicentes:
3328 2594 3675 2652 Benedictus

2041 2678 2140 2735 ille
2171 2679 2270 2751 qui
2299 2678 2456 2733 venit
2484 2679 2555 2732 ad
2587 2676 2835 2734 salutem
2856 2684 3135 2747 nostram,
3158 2686 3216 2736 et
3244 2699 3399 2738 nunc
3422 2684 3577 2739 venit
3606 2686 3679 2741 ad

2044 2768 2474 2824 innovationem
2507 2772 2792 2834 nostram,
2828 2774 2892 2823 ut
2918 2769 2975 2822 in
3012 2769 3120 2825 hoc
3142 2771 3292 2826 sicut
3321 2776 3376 2827 et
3400 2773 3460 2827 in
3484 2775 3677 2831 omni-

2044 2858 2177 2926 bus,
2192 2857 2262 2912 ab
2274 2856 2548 2912 omnibus
2566 2856 2986 2928 glorificeturet
3005 2858 3277 2915 laudetur
3291 2878 3501 2917 nomen
3514 2867 3683 2919 tuum

2044 2946 2450 3003 honorandum
2481 2950 2536 3001 et
2552 2946 2943 3017 benedictum,
2967 2952 3024 3002 et
3041 2947 3218 3003 simul
3240 2949 3470 3005 Domini
3495 2953 3677 3009 nostri

2042 3036 2183 3091 Jesu
2217 3034 2454 3099 Christi,
2486 3038 2542 3090 et
2565 3033 2817 3107 Spiritus
2846 3035 2929 3090 tui
2963 3038 3150 3092 sancti
3181 3055 3357 3107 nunc,
3381 3043 3492 3095 etc.

2116 3125 2380 3193 Populus.
2411 3123 2594 3179 Sicut.

2118 3213 2392 3269 Sacerdos.
2423 3213 2557 3268 Pax.

2115 3304 2372 3374 Papulas.
2409 3303 2475 3357 Et
2503 3319 2635 3357 cum
2666 3303 2876 3375 spiritu
2911 3307 3031 3359 tuo.

2115 3392 2397 3447 Sacerdos.
2430 3390 2834 3447 Misericordia:
2865 3391 2964 3447 Dei
2997 3393 3134 3460 sint,
3163 3398 3271 3450 etc.

2120 3482 2377 3553 Populus.
2411 3480 2477 3535 Et
2505 3497 2638 3535 cum
2670 3481 2877 3552 spiritu
2910 3486 3033 3538 tuo.

2117 3572 2410 3625 Diaconus.
2441 3569 2720 3641 Angelus,
2748 3574 2861 3625 etc.

2114 3668 2373 3725 Sacerdos
2415 3671 2625 3739 frangit
2669 3670 2927 3724 oblatam.
2987 3671 3255 3727 Diaconus
3309 3673 3443 3731 dicit
3493 3674 3691 3733 Catho-

2046 3760 2235 3816 licam.

2115 3849 2373 3904 Sacerdos
2394 3847 2529 3903 dicit
2552 3846 2863 3904 Orationem
2891 3858 3020 3905 ante
3048 3850 3216 3906 Pater
3244 3857 3460 3909 noster.

2116 3937 2269 3993 Deus
2301 3938 2397 4009 qui
2422 3954 2524 4008 per
2539 3937 2809 4009 spiritum
2831 3943 2999 3994 tuum
3022 3939 3253 3996 locutus
3273 3956 3335 3997 es
3358 3942 3416 3997 in
3439 3943 3685 4016 prophe-

2044 4027 2141 4092 tis,
2168 4029 2225 4081 et
2253 4025 2576 4097 praedicasti
2602 4043 2701 4096 per
2725 4027 3017 4098 apostolos
3039 4028 3362 4085 doctrinam
3389 4032 3688 4090 sufficien-

2044 4119 2161 4171 tem
2193 4116 2264 4170 ad
2287 4114 2690 4186 inspirandam
2722 4116 3017 4172 mentibus
3047 4118 3261 4173 nostris
3313 4121 3691 4193 sapientiam,

2046 4207 2103 4259 et
2140 4220 2243 4275 per
2262 4220 2361 4258 eos
2382 4204 2806 4259 commendasti
2831 4204 2975 4260 illud
2998 4206 3151 4277 quod
3182 4223 3392 4264 sensus
3411 4209 3694 4281 spiritua-

2042 4292 2129 4348 les
2150 4292 2358 4347 animae
2377 4297 2673 4364 purgaret,
2693 4297 2749 4347 et
2765 4295 2919 4364 quod
2947 4294 3097 4349 ostia
3117 4300 3316 4367 aperta
3335 4299 3542 4371 capitis
3564 4317 3693 4357 cor-

2048 4382 2205 4454 poris
2237 4381 2419 4437 nostri
2444 4381 2751 4436 mundaret
2781 4398 2792 4436 :
2830 4383 3207 4440 obsecramus
3228 4390 3285 4441 et
3305 4389 3691 4460 deprecamur

2047 4486 2305 4526 amorem
2344 4486 2482 4542 erga
2512 4469 2779 4526 homines
2810 4476 3000 4539 tuum,
3033 4477 3089 4528 et
3136 4473 3477 4531 charitatem
3526 4481 3689 4532 tuam

2043 4558 2336 4625 eximiam,
2368 4564 2434 4613 ut
2460 4558 2687 4630 aperias
2739 4577 2909 4615 aures
2935 4562 3196 4617 cordium
3254 4568 3586 4621 nostrorum
3615 4566 3689 4622 ad

280 4638 404 4694 illis
435 4637 711 4710 spiritum
741 4637 939 4709 gaudii
971 4638 1033 4694 in
1065 4637 1416 4694 habitaculis
1439 4640 1586 4695 lucis
1616 4646 1673 4695 et
1702 4640 1936 4714 laetitia,
1966 4659 2012 4722 D
2045 4648 2398 4703 audiendam
2442 4648 2774 4703 Orationem
2807 4648 3191 4716 Dominicam,
3234 4668 3358 4724 quae
3413 4656 3545 4725 ipsa
3595 4659 3690 4712 est

282 4729 345 4783 in
378 4726 775 4783 tabernaculis
804 4729 1023 4783 umbrae
1053 4732 1111 4783 et
1147 4728 1381 4800 quietis,
1414 4733 1470 4783 et
1499 4728 1792 4787 thesauris
1829 4750 1936 4787 vo-

282 4818 542 4888 luptum,
602 4818 759 4872 unde
806 4815 978 4889 longe
1023 4818 1188 4873 abest
1225 4817 1417 4873 omnis
1475 4819 1776 4890 maestitia,
1833 4823 1934 4878 ubi

357 4978 495 5045 (29')
529 4978 628 5035 Ubi
650 4979 873 5051 piorum
910 4978 1110 5051 animae
1137 4978 1426 5048 primitias
1455 4980 1580 5033 vitae
1610 4981 1809 5051 absque
1848 4982 1929 5036 la-

284 5050 417 5104 bore
443 5050 945 5121 expectanLLocus
969 5050 1160 5116 iste,et
1188 5066 1311 5119 quae
1326 5056 1654 5121 sequuntur
1682 5053 1752 5106 ad
1783 5070 1933 5107 com-

283 5136 528 5195 munem
558 5125 887 5195 Graecorum
933 5121 1264 5195 opinionem
1304 5120 1577 5195 videntur
1611 5124 1929 5195 referenda,

281 5193 386 5274 qui
418 5192 909 5274 animaspiorum
940 5208 1127 5263 usque
1157 5192 1227 5274 ad
1268 5192 1478 5274 .ultimi
1515 5194 1725 5274 judicii
1773 5192 1929 5274 diem

280 5263 504 5319 ccelesti
539 5263 906 5336 beatitudine
928 5279 1042 5319 non
1067 5264 1280 5336 perfrui
1313 5264 1688 5332 existimant;
1725 5282 1841 5336 qua
1861 5269 1931 5323 de

279 5352 366 5402 re,
393 5335 651 5390 maxima
690 5335 961 5391 Ferrariaa
991 5340 1048 5389 et
1098 5335 1396 5391 Florentia
1451 5335 1758 5391 contentio
1798 5339 1928 5406 fuit,

279 5412 349 5462 ut
378 5406 450 5461 de
481 5406 819 5479 Purgatorio
856 5424 869 5462 :
904 5406 1195 5479 quiaiduaa
1226 5406 1337 5461 illa:
1368 5409 1717 5479 quaestiones
1748 5411 1929 5464 maxi-

278 5494 444 5534 mam
462 5478 629 5551 Aiﬁnter
649 5494 711 5534 se
731 5478 951 5551 habent
965 5478 1328 5551 affinitatem.
1348 5482 1431 5551 De
1452 5478 1559 5533 hoc
1583 5486 1931 5551 argumento

278 5551 413 5606 fuse
442 5549 669 5606 dictum
700 5555 790 5606 est
820 5548 956 5605 alibi
986 5550 1087 5622 (a).
1134 5550 1286 5622 Sane
1330 5548 1761 5608 Graecorumde
1805 5553 1928 5608 ani-

276 5637 517 5682 marum
550 5626 684 5694 post
724 5625 971 5677 mortem
1006 5621 1356 5691 conditione,
1390 5622 1677 5680 absurdae
1723 5624 1929 5697 opina-

354 5747 442 5829 (α)
471 5748 631 5808 Perv.
663 5750 711 5812 t.
751 5749 820 5824 V,
850 5744 897 5810 l.
934 5761 1059 5821 vni,
1082 5762 1132 5807 ο.
1163 5744 1219 5808 9.

2045 4752 2222 4808 quam
2265 4736 2541 4791 Dominus
2599 4741 2657 4792 et
2687 4736 2840 4793 Deus
2877 4743 3072 4793 noster
3126 4741 3464 4813 unigenitus
3508 4742 3690 4800 Filius

2044 4830 2201 4893 tuus,
2235 4824 2479 4879 initiatis
2536 4826 2812 4897 mysterio
2862 4844 2966 4882 suo
3013 4831 3071 4884 et
3118 4829 3506 4887 familiaribus
3563 4832 3690 4890 suis

2042 4984 2247 5039 tiones.
2284 4984 2677 5040 Orientalibus
2701 4985 2927 5056 ignotas
2957 5003 3083 5042 esse
3112 4988 3504 5043 certissimum
3534 4988 3688 5045 vide-

2040 5059 2155 5131 tur.
2182 5057 2343 5120 Quod
2373 5074 2504 5111 vero
2540 5057 2836 5131 beatorum
2867 5058 3073 5131 animas
3104 5059 3394 5114 caelestem
3434 5059 3681 5131 gloriam

2042 5125 2271 5203 plenam
2306 5133 2480 5198 atque
2510 5130 2818 5203 perfectam
2866 5130 2935 5203 ad
2970 5129 3239 5203 ultimum
3274 5125 3466 5203 usque
3508 5132 3671 5203 judi-

2041 5199 2197 5252 cium
2230 5203 2579 5273 exspectent,
2613 5199 3389 5273 scripsitMosesABarcepha
3418 5202 3475 5257 in
3510 5199 3681 5259 'Tra-

2040 5274 2195 5344 ctatu
2228 5269 2293 5344 de
2325 5270 2610 5344 Paradiso,
2645 5269 2816 5344 atque
2848 5270 2927 5324 ita
2967 5270 3089 5344 ﬁeri
3122 5269 3332 5344 potuit,
3366 5282 3430 5329 ut
3477 5281 3682 5330 auctor

2040 5340 2216 5418 hujus
2233 5341 2493 5418 Liturgiae
2517 5342 2575 5395 in
2598 5340 2798 5418 eadem
2814 5343 3103 5418 sententia
3120 5340 3450 5411 f'uerit,cum
3470 5361 3685 5418 magna

2040 5414 2115 5465 sit
2136 5411 2487 5467 Mosisxllius
2515 5414 2667 5483 apud
2690 5413 2983 5468 Jacobitas
3001 5430 3137 5469 suos
3160 5418 3497 5472 auctoritas.
3524 5411 3682 5475 Nihil

2038 5487 2231 5537 tamen
2266 5483 2460 5565 obstat
2489 5483 2631 5565 quin
2683 5484 2929 5565 ligurata
2978 5484 3371 5565 haacpratio,
3398 5488 3469 5565 de
3510 5488 3684 5563 plena

2038 5559 2559 5627 consummataque
2591 5555 2951 5611 beatitudine
2974 5557 3160 5629 possit
3190 5559 3456 5635 intelligi.
