4118 6340
455 395 572 454 615

987 396 1051 456 s.
1097 381 1534 455 CLEMENTIS
1584 391 1604 451 1
1655 394 1846 459 ROM.‘
1889 393 2117 454 PONT.
2165 375 2422 454 opaea
2468 396 2729 456 DUBIA.
2766 429 2839 437 —
2886 391 3328 457 LITURGICA.

3734 391 3874 486 646_

456 526 702 595 traditit,
737 527 791 581 in
819 543 933 598 qua
964 527 1303 598 consignata
1334 529 1472 582 sunt
1500 529 1785 598 praecepta
1805 530 1861 582 et
1891 543 2092 581 norma
2127 527 2176 591 Α
2208 530 2264 581 et
2309 526 2612 599 sanguinis
2666 527 2850 583 sancti
2880 544 3005 598 qua:
3042 528 3096 582 in
3129 529 3211 583 eis
3270 532 3430 595 sunt,
3491 544 3850 586 mereremur

456 617 771 689 dirigendae
799 616 928 670 vita:
961 620 1209 686 nostris;
1251 621 1467 670 etcum
1499 615 1732 683 ﬁducia,
1782 616 1970 686 qualis
2006 616 2097 669 di-

455 705 634 762 lectos
665 705 816 760 ﬁlios
837 705 1021 771 decet,
1052 704 1389 760 invocemus
1418 708 1473 759 te
1498 709 1679 759 Deum
1711 705 1940 760 Patrem
1982 722 2097 760 cae-

456 795 680 863 lestem,
713 810 947 850 oremus
965 798 1021 850 et
1044 793 1343 849 dicamus:
1380 797 1548 848 Pater
1578 798 1794 861 noster,
1815 794 1914 864 qui
1948 810 2010 849 es
2037 793 2095 847 in

460 883 638 940 caelis.

527 901 582 940 au
626 927 638 940 .

527 901 788 1044 Pospulus.
821 971 1242 1041 Sanctiﬁcatur,
1273 976 1381 1027 etc.

528 1062 790 1119 Sacerdos
810 1063 1027 1117 elevans
1054 1077 1250 1116 vocem.
1283 1062 1450 1116 Pater
1479 1060 1695 1133 gratiae,
1727 1077 1760 1115 a
1809 1078 1923 1132 quo
1971 1079 2097 1134 pro-

456 1148 608 1208 cedit
636 1157 692 1207 et
711 1152 896 1207 oritur
925 1151 1204 1206 sanctitas
1254 1149 1489 1214 sanctis,
1523 1150 1792 1205 adveniat
1849 1167 2093 1222 regnum

455 1246 644 1312 tuum,
678 1241 831 1312 quod
863 1244 1098 1312 superat
1127 1239 1324 1294 omnia
1354 1255 1548 1310 regna,
1586 1239 1656 1292 ad
1714 1238 2092 1295 salvationem

454 1334 713 1386 nostram
741 1346 755 1385 :
791 1334 846 1385 et
867 1346 938 1384 ne
960 1329 1203 1384 inducas
1235 1345 1340 1383 nos
1362 1328 1420 1382 in
1451 1328 1851 1394 tentationem,
1885 1332 1986 1383 aut
2033 1329 2094 1384 in

456 1419 856 1476 confusionem
895 1423 951 1473 et
980 1417 1353 1472 afﬂictionem
1387 1417 1526 1472 :sed
1558 1415 1739 1472 libera
1769 1434 1874 1472 nos
1913 1436 1946 1472 a
1974 1418 2091 1473 vio-

455 1507 637 1563 lentia
653 1507 868 1563 diaboli
890 1511 944 1562 et
965 1506 1279 1578 spirituum
1303 1505 1714 1578 malignorum,
1747 1511 1804 1560 et
1834 1507 2093 1578 potentia

452 1597 774 1668 deceptoris
799 1615 811 1651 :
846 1597 983 1668 quia
1003 1602 1170 1651 tuum
1198 1601 1286 1652 est
1317 1595 1652 1666 imperium,
1673 1594 1857 1666 gloria
1903 1600 1959 1650 et
1989 1612 2087 1667 po-

450 1690 655 1754 testas,
679 1690 735 1741 et
757 1685 1040 1758 unigeniti
1066 1683 1190 1738 Filii
1212 1684 1318 1752 tui,
1343 1691 1400 1739 et
1420 1683 1669 1754 Spiritus
1693 1684 1776 1738 tui
1807 1685 2012 1739 sancti.

518 1776 777 1847 Populus.
811 1777 1014 1830 Amen.

518 1864 793 1920 Sacerdos.
829 1865 960 1920 Pax.

515 1955 782 2022 Populus.
817 1955 884 2008 Et
916 1969 1045 2008 cum
1081 1952 1288 2024 spiritu
1327 1955 1446 2006 tuo.

521 2044 810 2098 Diaconus.
842 2044 1009 2111 Ante,
1051 2046 1162 2097 etc.

521 2131 782 2203 Populus.
812 2131 1015 2186 Coram
1047 2133 1122 2199 te,
1156 2129 1418 2184 Domine.

521 2221 798 2276 Sacerdos.
834 2219 964 2275 Tibi
999 2218 1105 2274 soli
1135 2217 1496 2273 inclinantur
1519 2216 1664 2272 colla
1720 2216 1980 2271 omnium
2025 2217 2082 2272 in

445 2311 661 2381 quibus
691 2309 888 2365 anima
916 2309 1042 2362 vita:
1074 2312 1179 2375 est,
1226 2313 1283 2362 et
1313 2324 1346 2361 a
1375 2313 1429 2361 te
1459 2305 1759 2378 postulant
1791 2306 2082 2362 remissio-

441 2416 576 2454 nem
603 2400 865 2455 omnium
899 2397 1460 2470 praevaricationum,
1487 2413 1613 2466 quae
1645 2411 1746 2467 per
1785 2395 2078 2466 negligen-

439 2489 584 2544 tiam
621 2489 948 2544 commissas
979 2491 1140 2542 sunt.
1169 2487 1254 2540 Tu
1316 2491 1509 2540 autem
1565 2501 1665 2555 per
1717 2490 2079 2539 constantem

441 2577 903 2635 misericordiam
922 2581 1082 2631 tuam
1106 2575 1232 2630 dele
1257 2579 1310 2629 et
1332 2576 1494 2630 aufer
1514 2591 1715 2628 omnes
1745 2573 2080 2646 iniquitates

445 2672 696 2731 nostras,
729 2671 786 2722 et
809 2682 976 2738 parce
1007 2665 1175 2720 nobis
1198 2680 1299 2736 per
1330 2679 1586 2718 amorem
1613 2667 1780 2717 tuum
1813 2679 1945 2732 erga
1974 2661 2077 2717 ho-

446 2757 658 2812 mines.
691 2756 875 2811 Etiam
925 2759 1138 2827 praesta
1187 2752 1373 2819 nobis,
1411 2757 1472 2807 ut
1503 2769 1634 2806 cum
1676 2752 1879 2806 animae
1910 2757 2080 2806 cauta

442 2845 880 2918 praeparatione,
904 2850 960 2899 et
987 2843 1176 2899 cordis
1203 2842 1508 2908 munditie,
1535 2840 1749 2896 sanctis
1778 2840 1896 2895 tuis
1926 2856 2080 2894 com-

444 2935 836 3000 municemus,
878 2939 934 2989 et
964 2933 1082 2989 sint
1110 2931 1278 2988 nobis
1307 2931 1367 2985 in
1401 2931 1614 3002 pignus
1670 2928 1986 3001 voluptatis
2016 2929 2076 2983 in

438 3029 719 3080 aeternum
753 3039 1170 3096 permansurae,
1220 3037 1321 3092 per
1374 3019 1618 3091 gratiam
1653 3024 1709 3073 et
1747 3019 2077 3074 misericor-

436 3114 592 3170 diam
625 3118 682 3169 et
702 3128 957 3168 amorem
990 3127 1124 3183 erga
1154 3109 1423 3165 homines
1483 3106 1759 3178 unigeniti
1791 3105 1917 3161 Filii
1966 3106 2072 3172 tui,

433 3219 537 3276 per
564 3218 754 3273 quem,
777 3207 884 3257 etc.

499 3293 761 3363 Papulas.
793 3296 999 3346 Amen.

505 3381 780 3436 Sacerdos.
814 3381 952 3435 Pax.

503 3471 763 3541 Populus.
794 3470 859 3523 Et
891 3485 1024 3524 cum
1055 3467 1262 3540 spiritu
1297 3471 1413 3522 tuo.

503 3558 778 3614 Sacerdos.
810 3558 916 3613 Sit.

500 3650 794 3704 Diaconus.
827 3651 967 3701 Cum
999 3648 1225 3714 timore,
1260 3650 1366 3701 etc.

498 3737 773 3793 Sacerdos.
809 3737 1022 3791 Sancta
1053 3735 1294 3790 sanctis.

495 3827 756 3898 Populus.
791 3825 953 3880 Unus
985 3828 1154 3879 Pater
1183 3828 1444 3879 sanctus.

495 3917 789 3972 Diaconus.
831 3913 1068 3969 Stemus
1099 3913 1386 3968 decenter.

496 4005 760 4075 Populus.
796 4002 1022 4059 Gratias
1053 4001 1304 4073 agimus.

496 4093 776 4149 Sacerdos.
803 4093 986 4159 Nunc,
1022 4090 1287 4156 Domine,
1320 4089 1552 4160 quando
1583 4088 1821 4159 quidem
1855 4086 2068 4142 invita-

426 4187 518 4238 tos
539 4183 611 4238 ad
643 4198 885 4254 regnum
915 4187 1084 4236 tuum
1119 4179 1302 4234 fecisti
1333 4195 1460 4244 nos,
1487 4194 1590 4249 per
1638 4176 2065 4249 susceptionem

423 4276 924 4328 sacramentorum
939 4274 1174 4326 tuorum
1198 4273 1529 4324 sanctorum
1554 4271 1612 4322 et
1628 4267 2064 4333 viviﬁcantium,

422 4360 638 4432 quibus
651 4361 859 4433 dignos
882 4357 1200 4431 praestitisti
1225 4374 1350 4426 nos,
1379 4357 1461 4412 ita
1481 4361 1543 4412 ut
1560 4360 1783 4428 partem
1808 4355 2068 4427 corporis

2210 616 2489 685 accipere,
2523 621 2694 685 atque
2726 619 3162 674 communicare
3210 618 3355 690 ipsis
3388 635 3401 674 :
3434 618 3738 690 fecistique
3780 624 3847 675 ut

2208 720 2472 760 essemus
2502 705 2761 760 hazredes
2783 713 3116 784 sanctorum
3147 711 3403 777 tuorum,
3437 725 3695 775 oramus,
3740 710 3848 764 ob-

2207 809 2505 849 secramus
2535 798 2590 849 et
2620 794 3000 866 deprecamur
3029 799 3104 864 te,
3139 813 3170 850 ο
3201 795 3478 867 clemens,
3514 801 3578 852 ut
3609 815 3724 853 non
3747 814 3842 853 ex-

2207 883 2405 953 quiras
2426 900 2459 937 a
2477 885 2643 938 nobis
2661 884 3093 956 exactamﬁillam
3109 885 3569 942 observationem
3591 892 3647 942 et
3666 887 3843 943 casti-

2206 972 2481 1040 moniam,
2515 971 2666 1027 circa
2686 973 2786 1028 illa
2807 974 3101 1045 mysteria,
3135 991 3206 1030 ne
3227 976 3686 1031 condemnemur
3708 993 3841 1032 cum

2205 1058 2276 1114 iis
2309 1058 2409 1129 qui
2435 1064 2490 1114 te
2508 1077 2620 1115 non
2645 1066 2947 1130 noverunt,
2981 1062 3052 1116 ad
3075 1062 3368 1117 cruciatus
3395 1063 3548 1133 ignis
3568 1063 3844 1119 inexstin-

2204 1147 2440 1218 guibilis
2466 1166 2477 1199 :
2512 1149 2614 1204 sed
2645 1166 2747 1221 per
2775 1151 3023 1221 gratiam
3054 1155 3237 1217 tuam,
3272 1167 3404 1206 cum
3438 1151 3573 1207 ﬁliis
3603 1154 3839 1224 nuptia-

2204 1253 2335 1290 rum
2371 1241 2604 1292 tuarum
2623 1237 2918 1310 quiescere
2941 1241 3224 1310 nosjube,
3243 1243 3299 1294 et
3320 1256 3453 1295 cum
3485 1240 3650 1313 agnis
3672 1259 3843 1297 mun-

2204 1325 2293 1380 dis
2325 1326 2383 1381 in
2428 1327 2694 1398 paradiso
2721 1328 2806 1382 fac
2838 1345 2942 1383 nos
2972 1329 3362 1397 discumbere,
3390 1334 3456 1384 ut
3481 1347 3614 1386 cum
3641 1330 3756 1386 illis
3788 1335 3844 1385 et

2201 1415 2352 1470 inter
2381 1431 2478 1472 eos
2499 1417 2812 1472 otl'eramus
2843 1417 2946 1472 tibi
2977 1417 3223 1490 gloriam
3250 1423 3308 1474 et
3329 1411 3647 1491 gratiarum
3666 1420 3840 1476 actio-

2201 1521 2355 1561 nem.

2268 1621 2530 1691 Populus.
2563 1623 2766 1678 Amen.

2265 1711 2545 1765 Sacerdos.
2580 1711 2713 1766 Pax.

2263 1797 2521 1870 Populus.
2558 1801 2625 1855 Et
2652 1817 2786 1855 cum
2816 1801 3024 1872 spiritu
3046 1806 3166 1857 tuo.

2117 1905 2162 1968 Β
2266 1889 2548 1944 Diaconus.
2586 1890 2741 1946 Post.

2265 1980 2522 2049 Populus.
2557 1981 2758 2034 Coram
2781 1983 2852 2044 te,
2885 1979 3145 2035 Domine.

2265 2095 2553 2154 Sacerdos.
2588 2095 2795 2150 Coram
2827 2099 2904 2162 te,
2937 2095 3180 2151 Domine
3212 2097 3362 2152 Deus
3394 2101 3611 2162 noster,
3658 2097 3828 2153 incli-

2194 2183 2562 2238 namuscolla
2574 2184 2900 2238 animarum
2924 2188 2980 2239 et
3000 2200 3308 2256 corporum
3325 2189 3678 2252 nostrorum,
3695 2186 3830 2258 quia

2192 2288 2306 2326 non
2339 2289 2544 2327 sumus
2575 2272 2953 2338 sufﬁcientes,
2986 2274 3057 2328 ad
3115 2273 3473 2328 referendam
3507 2276 3828 2346 gratiarum

2191 2362 2474 2416 actionem
2511 2363 2799 2431 majestati
2842 2366 2976 2429 tuas,
3009 2361 3209 2433 quales
3269 2362 3611 2419 deberemus
3659 2365 3829 2420 retri-

2191 2450 2365 2504 buere
2400 2451 2467 2504 ad
2489 2455 2683 2522 grates
2710 2451 2963 2521 agendas
2981 2450 3110 2519 tibi,
3135 2452 3233 2506 sed
3266 2451 3372 2506 has
3396 2454 3824 2522 tantummodo,

2190 2539 2289 2608 qui
2321 2539 2518 2593 omnia
2546 2539 2698 2592 dona
2739 2555 3097 2610 quaecunque
3128 2539 3434 2605 habemus,
3467 2558 3536 2596 ex
3563 2545 3619 2597 te
3669 2547 3825 2600 sunt.

2191 2629 2270 2682 Da
2301 2629 2489 2693 nobis,
2523 2627 2784 2694 Domine,
2817 2645 2985 2683 voces
3039 2629 3330 2684 sermonis
3356 2630 3639 2703 dignitate
3693 2633 3826 2687 ani—

2188 2721 2398 2783 matas,
2424 2722 2487 2771 ut
2509 2717 2803 2770 sufﬁciant
2823 2717 2892 2770 ad
2913 2717 3259 2788 condignam
3279 2719 3827 2792 convenientemque

2182 2804 2269 2860 tui
2301 2804 2716 2860 laudationem.
2751 2805 2792 2860 O
2824 2804 3086 2860 Clemens
3117 2807 3218 2876 qui
3247 2807 3416 2862 nobis
3462 2806 3595 2863 licet
3650 2808 3825 2865 etiam

2186 2899 2337 2949 terra
2367 2893 2590 2966 indigni
2617 2893 2829 2960 simus,
2863 2893 3052 2949 claves
3090 2894 3352 2950 thesauri
3391 2896 3478 2950 tui
3528 2912 3826 2953 commen-

2184 2982 2355 3051 dasti,
2389 2988 2444 3037 et
2475 3000 2650 3056 super
2676 3000 2920 3054 regnum
2952 2988 3117 3038 tuum
3150 3000 3256 3040 nos
3306 3001 3439 3039 cum
3477 2987 3824 3043 auctoritate

2181 3071 2569 3142 praeposuisti,
2605 3077 2814 3143 praesta
2848 3073 3014 3127 nobis
3045 3077 3108 3127 ut
3130 3072 3189 3127 in
3232 3076 3352 3129 toto
3387 3075 3638 3130 decursu
3688 3076 3820 3132 vitae

2182 3164 2410 3229 nostrae,
2436 3159 2566 3231 puri
2615 3177 2808 3214 coram
2841 3164 2896 3215 te
2952 3177 3359 3232 appareamus,
3393 3167 3451 3218 et
3479 3180 3514 3218 a
3569 3163 3824 3220 vanitate

2105 3271 2146 3337 ρ
2186 3251 2501 3317 mundana,
2528 3249 3028 3322 acogitationibus
3059 3252 3325 3318 terrenis,
3349 3269 3382 3307 a
3413 3253 3668 3309 motibus
3691 3270 3825 3326 pas-

2185 3339 2438 3406 sionum,
2471 3343 2526 3393 et
2557 3339 2819 3394 remissis
2852 3340 3324 3410 cogitationibus,
3358 3358 3569 3397 sensus
3599 3349 3829 3399 nostros

2184 3427 2439 3483 occultos
2471 3432 2527 3482 et
2547 3427 2886 3483 manifestos
2910 3445 3134 3484 remove
3161 3446 3174 3484 :
3204 3433 3375 3501 atque
3407 3445 3509 3502 per
3538 3431 3830 3487 fortitudi-

2185 3533 2315 3571 nem
2341 3515 2608 3587 potentia:
2630 3520 2740 3570 tum
2759 3518 3001 3571 extende
3019 3533 3195 3588 super
3216 3535 3321 3574 nos
3339 3519 3635 3575 dexteram
3659 3525 3822 3576 tuam

2177 3606 2377 3660 omnia
2410 3605 2910 3676 complectentem,
2943 3606 3302 3677 benedicque
3320 3609 3500 3664 servis
3531 3614 3586 3664 et
3617 3610 3824 3664 adora-

2177 3694 2402 3748 toribus
2453 3694 2592 3764 tuis,
2642 3694 2744 3764 qui
2776 3694 3023 3749 salutem
3056 3696 3248 3767 adepti
3281 3701 3419 3750 sunt
3452 3714 3554 3768 per
3583 3714 3822 3754 nomen-

2176 3788 2344 3837 tuum
2377 3788 2661 3854 sanctum,
2697 3788 2751 3837 et
2783 3784 2869 3838 fac
2902 3800 3005 3838 nos
3037 3783 3254 3855 templa
3269 3784 3649 3842 habitationis
3682 3792 3818 3857 tum,

2176 3876 2233 3928 et
2255 3872 2442 3927 locum
2479 3872 2856 3927 habitationis
2877 3871 3071 3944 gloriae
3095 3878 3204 3928 tuae
3230 3890 3242 3929 :
3278 3875 3419 3929 utin
3445 3875 3656 3931 dieillo
3673 3893 3817 3932 novo

2176 3967 2232 4016 et
2262 3968 2494 4029 aeterno,
2528 3961 2586 4015 in
2621 3977 2795 4032 regno
2827 3967 2927 4016 tuo
2958 3961 3241 4029 letemur,
3281 3967 3338 4017 et
3387 3979 3487 4034 per
3519 3969 3573 4019 te
3635 3964 3813 4019 salve-

2178 4067 2330 4118 mur,
2354 4055 2410 4104 et
2441 4050 2758 4105 referamus
2789 4049 2894 4104 tibi
2918 4050 3162 4121 gloriam
3196 4056 3252 4106 et
3278 4051 3598 4123 gratiarum
3631 4053 3812 4110 actio-

2176 4156 2331 4207 nem,
2364 4144 2420 4194 et
2450 4139 2604 4193 Patri
2637 4143 2736 4195 tuo
2767 4144 2822 4194 et
2844 4139 3083 4211 Spiritui
3116 4144 3340 4206 sancto,
3374 4158 3548 4211 nunc,
3584 4147 3692 4198 etc.

2245 4227 2517 4300 Populus.
2558 4231 2761 4284 Amen.

2248 4319 2535 4373 Diaconus.
2571 4316 2835 4385 Benedic,
2871 4316 3129 4386 Domine,
3162 4323 3271 4374 etc.
