4090 6340
566 405 687 465 619

1664 402 2055 465 APPENDIX
2108 402 2209 460 AD
2255 401 2320 461 S.
2368 400 2873 464 CLEMENTEM.

3838 407 3938 468 σεο

569 536 724 609 quod
747 536 818 592 ad
849 536 1124 593 Davidem
1156 536 1317 591 dixit.
1343 537 1415 591 De
1440 539 1625 609 fructu
1664 538 1865 592 ventri:
1911 536 1994 591 tui
2016 549 2218 604 ponam

2336 530 2421 587 Ἐκ
2448 536 2657 607 καρποῦ
2687 538 2787 602 τῆς
2815 531 3031 595 κοιλίας
3059 553 3153 588 σου
3201 534 3439 609 θήσομαι
3490 532 3578 591 ἰπὶ
3625 538 3721 592 τοῦ
3771 534 3937 611 θρόνου

572 642 739 698 super
766 626 951 681 sedem
973 627 1232 697 tuam(a).
1266 626 1598 697 Iterumque
1631 642 1729 697 per
1749 625 1957 680 Isaiam
1977 623 2218 695 prophe-

576 718 720 778 tam,
754 716 906 785 quod
947 716 1099 785 Virgo
1131 717 1187 769 in
1221 723 1373 769 utero
1404 717 1690 785 concipiet,
1721 718 1769 769 et
1804 715 1989 785 pariet
2014 714 2215 783 ﬁlium,

573 811 627 858 et
657 803 935 858 vocabitur
960 820 1156 859 nomen
1186 805 1303 872 eius
1333 804 1655 858 Emmanuel
1684 803 1781 875 (ὁ).

648 891 742 947 ΙΙΙ.
766 894 811 946 Α
840 892 1187 949 Christianis
1211 910 1345 949 vero
1368 894 1496 948 ideo
1527 896 1584 948 et
1606 893 1796 965 magis
1844 890 2216 964 diligebatur,

578 981 716 1052 quia
763 981 1128 1054 singularum
1178 981 1482 1055 regionum
1534 997 1820 1054 pauperes
1870 980 2215 1036 nominatim

576 1070 829 1127 habebat
861 1071 1157 1143 Scriptos;
1190 1076 1247 1127 et
1274 1088 1374 1127 eos
1405 1088 1552 1143 quos
1582 1071 1956 1143 baptismatis
2004 1068 2216 1124 sancti-

577 1160 773 1215 monia
801 1159 1213 1227 illustraverat,
1247 1177 1359 1215 non
1392 1160 1622 1216 sinebat
1664 1159 1959 1232 publicam
1992 1158 2216 1213 mendi-

576 1248 807 1304 citatem
840 1248 1057 1305 subire.
1091 1249 1437 1314 Quotidiana
1454 1254 1647 1306 autem
1678 1249 2087 1321 pradicatione
2106 1264 2219 1303 me-

577 1336 800 1392 diocres
832 1354 897 1393 ac
947 1337 1154 1393 divites
1210 1338 1564 1393 admonebat
1620 1355 1690 1394 ne
1747 1342 2085 1409 paterentur
2111 1336 2218 1391 bac

575 1426 791 1497 ptismo
820 1425 1181 1481 illuminatos
1213 1442 1517 1498 pauperes,
1542 1444 1576 1482 a
1598 1427 1816 1482 Judaeis
1849 1430 1949 1483 aut
1985 1426 2220 1498 gentili-

577 1514 686 1570 bus
717 1514 982 1587 publicos
1012 1514 1173 1571 cibos
1204 1514 1482 1587 accipere,
1515 1520 1573 1571 et
1620 1515 1797 1571 vitam
1847 1514 2219 1587 baptismatis

576 1602 1009 1659 consecratione
1040 1604 1410 1677 mundatam,
1443 1603 1614 1661 donis
1661 1603 1969 1676 gentilium
2020 1602 2219 1675 inqui-

575 1706 723 1747 nam.

645 1783 741 1834 IV.
796 1780 920 1848 His,
951 1797 1271 1854 eorumque
1320 1781 1589 1853 pluribus
1642 1780 1921 1837 virtutum
1980 1780 2222 1837 ﬂoribus

2325 639 2440 675 σου.
2494 620 2590 674 Καὶ
2650 620 2798 683 αὖθις
2846 619 2934 677 διὰ
2980 622 3202 679 Ἠσαίου
3259 628 3355 678 τοῦ
3404 625 3711 703 προφήτουο
3760 628 3866 681 Ὅτι
3907 628 3935 695 ἡ

2324 710 2588 782 παρθένος
2636 709 2686 763 έν
2731 714 2921 787 γαστρὶ
2972 710 3230 786 λήψεται,
3278 713 3368 767 καί
3424 714 3629 784 τέξεται
3690 712 3823 783 υἱὸν,
3865 716 3938 770 καὶ

2325 796 2659 867 κληθήσεται
2687 799 2750 852 τὸ
2781 794 2955 872 ὄνομα
2986 798 3148 855 αὐτοῦ
3180 799 3558 874 Ἐμμανουήλ.

2400 892 2489 941 ΙΙΙ.
2526 888 2675 961 Παρὰ
2724 884 2779 942 δὲ
2818 893 3187 963 Χριστιανοῖς,
3241 886 3330 944 διὰ
3383 895 3544 945 τοῦτο
3599 890 3689 945 καὶ
3754 888 3940 964 μᾶλλον

2326 974 2598 1048 ἠγαπᾶτο,
2624 973 2809 1046 ἐπειδὴ
2843 976 2967 1040 τοὺς
2997 979 3112 1032 καθ’
3157 977 3382 1049 ἑκάστην
3424 980 3545 1023 ⁸²-⁸⁴
3594 978 3823 1054 ρεγεῶνα
3864 982 3945 1036 πέ-

2327 1084 2493 1133 νητας
2523 1066 2638 1119 κατ’
2670 1060 2846 1138 ὄνομα
2876 1065 2991 1142 εἶχε
3022 1067 3457 1143 γεγραμμένους’
3491 1066 3581 1123 καί
3613 1068 3706 1131 οὓς
3752 1073 3828 1141 τῷ
3864 1073 3947 1124 τοῦ

2332 1151 2701 1226 βαπτίσματος
2732 1153 2986 1228 ἁγιασμῷ
3023 1154 3296 1232 ἐφώτιζεν,
3331 1155 3392 1210 ού
3441 1158 3743 1232 συνεχώρει
3792 1154 3946 1231 δημο-

2329 1240 2445 1294 σίαν
2474 1240 2762 1312 ἀπαίτησιν
2816 1242 3086 1301 ὑπελθεῖν.
3120 1248 3207 1316 Τῷ
3246 1241 3305 1298 δὲ
3352 1246 3470 1299 καθ’
3517 1244 3727 1321 ἡμέραν
3766 1245 3949 1323 κηρύγ-

2333 1349 2460 1401 ματι
2505 1329 2633 1392 τούς
2679 1352 2737 1386 τε
2793 1332 3045 1408 μετρίους
3090 1334 3180 1387 καὶ
3226 1331 3524 1395 πλουσίους
3567 1332 3827 1390 ἐνουθέτει
3869 1338 3951 1389 τοῦ

2332 1419 2409 1489 μὴ
2446 1418 2725 1494 ἀνέχεσθαι
2756 1420 2884 1483 τοὺς
2914 1420 3355 1499 πεφωτισμένους
3385 1421 3618 1493 πένητας
3669 1425 3812 1500 παρὰ
3838 1425 3954 1480 Ἰου-

2332 1503 2496 1561 δαίων
2525 1507 2559 1575 ﬁ
2591 1506 2874 1579 Ἑλλήνων
2936 1507 3176 1583 δημόσια
3204 1508 3312 1585 σ’ἶψα
3359 1507 3686 1585 λαμϐάνειν,
3716 1513 3803 1569 καὶ
3850 1514 3952 1590 βίον

2327 1598 2396 1667 τῇ
2476 1600 2571 1650 τοῦ
2642 1597 3011 1671 βαπτίσματος
3075 1601 3393 1676 καθιερώσει
3458 1604 3855 1680 κεκαθαρμένον
3897 1604 3953 1671 ⁸⁵,

2332 1684 2659 1758 χαρίσμασιν
2684 1683 2967 1756 Ἑλλήνων
3002 1688 3333 1763 χραίνεσθαι.

2405 1775 2497 1829 IV.
2528 1773 2771 1841 Τούτοις,
2807 1775 2896 1829 καὶ
2924 1776 3131 1832 τούτων
3177 1775 3423 1833 πλείοσιν
3478 1776 3831 1856 ἀνδραγαθίας
3875 1780 3956 1835 ἄν·

577 1887 711 1927 cum
741 1871 878 1939 Deo,
910 1874 1036 1925 tum
1068 1871 1296 1927 cunctis
1327 1874 1535 1927 mentm
1584 1870 1841 1943 praeditis
1882 1870 2219 1926 hominibus

2336 1862 2443 1915 Θεσι
2480 1866 2559 1934 τῷ
2607 1883 2665 1917 τε
2711 1868 2825 1935 Θεῷ
2871 1864 2959 1919 καὶ
3008 1871 3165 1920 πᾶσιν
3215 1866 3523 1943 ἀνθρώποις
3573 1867 3856 1947 έχέφροσιν
3882 1868 3955 1923 εύ-

575 1958 873 2031 placebat:
900 1975 1033 2015 nam
1068 1964 1262 2016 mente
1283 1959 1614 2017 carentibus
1636 1959 1861 2032 placere
1892 1976 2007 2015 non
2030 1963 2219 2031 potest

2336 1952 2564 2025 ηρέστει.
2592 1956 2721 2014 Τοῖς
2751 1953 2854 2029 γὰρ
2893 1951 3202 2031 ἀλογίστοις
3231 1955 3472 2032 ἀρέσκειν
3520 1954 3802 2028 ἀδύνατον,
3840 1957 3956 2033 ὅπερ

573 2049 633 2104 id
667 2050 818 2121 quod
842 2049 955 2105 Deo
980 2048 1204 2121 placere
1229 2050 1525 2121 probatur.
1545 2053 1733 2121 Atque
1761 2047 1889 2105 ideo
1911 2048 2218 2104 hominum

576 2137 819 2194 rationis
841 2139 1165 2210 expertium
1215 2137 1598 2194 contumelias
1636 2137 1799 2193 veriti
1834 2154 1949 2193 non
1988 2143 2126 2193 sunt
2156 2136 2217 2205 ii,

576 2226 794 2299 quibus
843 2226 1037 2282 animo
1070 2227 1240 2293 sedit,
1275 2244 1644 2299 nequaquam
1688 2227 1894 2282 timere
1945 2225 2076 2281 illos
2122 2225 2221 2297 qui

572 2312 868 2385 plerisque
897 2312 1228 2385 displicent.
1261 2314 1383 2379 Quo
1416 2313 1633 2368 factum
1669 2316 1775 2382 est,
1806 2317 1871 2368 ut
1896 2312 2219 2370 Sisinnium

573 2400 943 2473 imperatoris
958 2406 1153 2457 Nervae
1165 2402 1419 2457 amicum
1438 2418 1550 2457 non
1572 2402 1834 2457 timuerit
1849 2401 2223 2458 beatissimus

576 2489 845 2547 Clemens
876 2489 1032 2547 sedis
1062 2494 1333 2546 Romanae
1365 2491 1699 2563 episcopus.

647 2670 715 2724 V.
748 2669 948 2741 Itaque
978 2684 1111 2724 cum
1144 2684 1247 2740 per
1276 2668 1463 2740 ipsius
1492 2669 1812 2724 doctrinam
1844 2686 2121 2726 conversa
2150 2670 2222 2726 ad

581 2761 759 2815 Deum
795 2757 1187 2814 uxorSisinnii
1230 2757 1555 2826 Theodora,
1584 2758 1856 2814 sedulum
1897 2758 2013 2814 Deo
2061 2759 2222 2815 exhi-

577 2848 740 2903 beret
770 2846 1186 2911 ministerium,
1208 2861 1337 2901 eam
1350 2845 1630 2918 zelotypia
1651 2846 1861 2901 ductus
1882 2848 2124 2903 maritus
2145 2847 2223 2902 la-

579 2936 745 3008 queis
762 2935 1053 2991 involvere
1066 2935 1794 3007 nitebatur,properantem
1808 2937 1880 2992 ad
1894 2936 2222 2992 ecclesiam.

576 3025 649 3080 Et
679 3024 916 3095 quidem
939 3023 1039 3078 illa
1061 3023 1574 3096 ingrediente,ipse
1596 3041 1697 3095 per
1716 3023 1898 3080 alium
1921 3024 2225 3082 introitum

579 3112 912 3183 adveniens,
950 3111 1125 3184 cmpit
1177 3111 1404 3168 curiose
1460 3112 1865 3184 inspicerezet
1911 3115 2147 3185 quando
2194 3132 2228 3171 a

579 3205 780 3258 sancto
802 3200 1092 3257 Clemente
1124 3201 1275 3257 facta
1306 3199 1414 3256 fuit
1435 3200 1908 3273 oratio,dixitque
1930 3201 2181 3274 pepulus
2206 3220 2219 3260 :

2325 2043 2404 2111 τῷ
2452 2044 2564 2111 Θεῷ
2630 2039 2908 2116 εὐάρεστον
2962 2040 3360 2101 ἀποδείκνυται.
3404 2043 3609 2101 Τούτου
3660 2044 3751 2102 οὖν
3798 2044 3955 2103 ἕνεκεν

2329 2126 2428 2182 ούκ
2474 2122 2743 2206 ἐφόϐησαν
2790 2132 2834 2167 ⁸⁸
2878 2131 2972 2193 τὰς
3029 2126 3212 2207 ὕϐρεις
3257 2137 3366 2189 τῶν
3416 2132 3719 2212 ἀλογίστων
3773 2135 3960 2211 ἀνθρώ-

2328 2238 2444 2271 πων
2475 2216 2687 2289 έκεῖνοι,
2720 2219 2801 2280 οἷς
2832 2221 2867 2289 ἡ
2909 2220 3104 2295 γνώμη
3158 2220 3422 2299 ἐτύγχανε
3464 2222 3594 2286 τοὺς
3641 2223 3957 2302 ἀπαρέσκον·

2328 2326 2422 2368 τας
2461 2308 2505 2343 ⁸⁷
2547 2304 2823 2370 πλείστοις
2854 2309 2899 2345 ⁸⁸
2950 2309 3025 2382 μὴ
3078 2306 3306 2383 δειλιᾷν.
3348 2313 3516 2371 "Oreo
3566 2313 3729 2390 χάριν
3780 2320 3956 2391 περιῆν

2326 2399 2405 2466 τῷ
2447 2397 2841 2471 μακαριωτάτῳ
2886 2394 3160 2471 Κλήμεντι
3204 2404 3284 2472 τῷ
3313 2405 3408 2456 τοῦ
3450 2400 3644 2476 θρόνου
3689 2401 3954 2477 Ῥωμαίων

2329 2482 2607 2626 ἓπισκόπῳ
2660 2485 2750 2541 τὸν
2809 2483 2968 2563 φίλον
3025 2491 3122 2543 τοῦ
3184 2486 3454 2564 βασιλέως
3487 2489 3696 2567 Νερούα
3749 2493 3824 2567 μὴ
3869 2512 3955 2569 φο-

2369 2577 2559 2626 εἷσθαι.

2369 2577 2559 2637 εἶσθαι.

2402 2666 2469 2718 V.
2497 2659 2715 2731 Ἐπειδὴ
2748 2663 2926 2718 τοίνυν
2950 2668 3018 2739 τῇ
3046 2663 3210 2720 αύτοῦ
3259 2662 3583 2741 διδασκαλίᾳ
3629 2670 3664 2740 ἡ
3701 2670 3835 2747 γυνὴ
3874 2672 3958 2725 τοῦ

2333 2750 2602 2805 Σισιννίου
2644 2749 2918 2823 Θεοδώρα,
2953 2753 3335 2833 έπιστραφεῖσα
3364 2759 3408 2794 ⁸⁸
3447 2758 3583 2831 πρὸς
3632 2758 3787 2833 Θεὸν,
3819 2779 3965 2813 σπου-

2333 2836 2482 2893 δαίαν
2530 2839 2697 2896 ἐτέλει
2746 2843 2844 2909 τὴν
2896 2841 3259 2919 λειτουργίαν,
3307 2844 3510 2917 ταύτην
3554 2848 3583 2902 ὁ
3632 2846 3767 2924 ἀνὴρ
3819 2847 3967 2919 ζηλο-

2329 2931 2595 2999 τυπήσας,
2629 2927 2943 3006 παγιδεῦσαι
2993 2933 3424 3007 κατηγωνίζετο,
3454 2936 3593 3010 πρὸς
3638 2938 3743 3006 τὴν
3780 2936 3965 3007 έκκλη-

2333 3016 2449 3071 σίαν
2496 3016 2824 3073 σπεύδουσαν
2871 3022 2934 3076 ⁹⁰.
2971 3020 3069 3075 Καὶ
3119 3020 3184 3091 δη
3237 3023 3630 3100 εἰσερχομένης
3680 3028 3747 3096 θί,
3779 3026 3965 3087 ἐκεῖνος

2335 3105 2404 3160 δι’
2452 3106 2634 3182 ἑτέρας
2675 3105 2887 3163 εἰσόδου
2933 3112 3294 3188 καταφθάσας,
3327 3109 3529 3185 ἤρξατο
3581 3113 3965 3192 πολυπραγμο-

2332 3199 2463 3249 νεῖνο
2492 3194 2581 3249 καὶ
2614 3196 2773 3265 ἡνίκα
2801 3199 2945 3270 παρὰ
2971 3203 3070 3254 τοῦ
3119 3197 3275 3274 ἁγίου
3325 3199 3644 3274 Κλήμεντος
3692 3203 3833 3281 εὐχή
3881 3204 3968 3280 γέ-

577 3293 784 3356 Amen;
805 3306 871 3346 eo
886 3294 1143 3362 tempore
1166 3288 1459 3345 Sisinnius
1476 3305 1665 3345 caecus
1677 3294 1734 3345 et
1751 3291 1969 3347 surdus
1982 3291 2219 3348 effectus

2336 3304 2481 3359 γονε,
2510 3287 2607 3338 τοῦ
2654 3282 2789 3340 λαοῦ
2837 3264 3121 3362 εἰρηκότος
3163 3264 3226 3343 τὸ
3274 3264 3474 3362 Ἀμήν,
3527 3290 3555 3346 ὁ
3606 3264 3965 3355 Σισίνῖιοςιέν

581 3383 690 3450 est,
706 3384 771 3435 ut
793 3395 981 3451 neque
1001 3378 1194 3435 videre
1216 3394 1403 3450 neque
1420 3378 1620 3434 audire
1642 3384 1859 3451 posset.
1895 3380 2059 3434 Tunc
2089 3396 2225 3453 ergo

582 3467 729 3522 dixit
757 3468 938 3523 servis
960 3468 1120 3523 suis:
1148 3468 1495 3523 Prehendite
1527 3484 1618 3523 me
1647 3466 1707 3523 in
1741 3484 1952 3524 manus
1981 3473 2223 3539 vestras,

582 3560 640 3613 et
668 3560 829 3612 extra
858 3556 1104 3627 educite,
1129 3557 1408 3628 quoniam
1441 3557 1594 3612 oculi
1627 3558 1739 3612 mei
1762 3558 1892 3613 caeci
1909 3558 2041 3612 facti
2065 3563 2223 3628 sunt,

584 3648 640 3701 et
670 3661 839 3700 aures
859 3644 1073 3700 mezein
1108 3648 1333 3699 tantum
1365 3645 1818 3715 obsurduerunt,
1852 3650 1918 3703 ut
1948 3646 2093 3702 nihil
2122 3664 2225 3719 pe-

585 3732 745 3790 nitus
775 3733 976 3789 audire
1006 3731 1249 3788 valeam.

654 3904 743 3962 VI.
776 3904 939 3959 Tunc
967 3901 1116 3959 servi
1147 3902 1275 3973 ejus
1306 3900 1629 3958 circuibant
1647 3919 1779 3959 cum
1798 3903 1896 3961 illo
1929 3922 2031 3976 per
2045 3910 2226 3962 totam

582 3992 910 4061 ecclesiam,
929 3993 987 4047 in
1023 3990 1212 4046 medio
1234 3991 1454 4046 orantis
1476 3990 1700 4062 populi,
1731 3994 1988 4049 virorum
2011 3996 2228 4067 pariter

580 4088 639 4139 et
661 4081 1106 4149 mulierum,nec
1124 4084 1320 4151 portas
1341 4096 1488 4151 quas
1528 4079 1775 4152 ingressi
1818 4083 2045 4139 fuerant
2065 4089 2224 4157 pote-

578 4174 712 4226 rant
742 4169 1262 4238 contingereUnde
1275 4168 1416 4223 dum
1437 4167 1549 4240 ipsi
1579 4170 1905 4241 vagahundi
1932 4173 2223 4247 oberrant,

576 4258 908 4329 iterumque
936 4275 1107 4330 gyros
1160 4262 1363 4329 agunt,
1396 4257 1468 4313 ad
1517 4256 1880 4315 Theodoram
1925 4262 2223 4319 dominam

578 4364 770 4413 suam,
804 4348 903 4402 ubi
936 4347 1053 4402 Deo
1105 4362 1306 4419 preces
1339 4346 1636 4413 fundebat,
1670 4356 2059 4419 pervenerunt
2088 4369 2221 4408 cum

576 4438 814 4494 domino
845 4454 972 4492 suo.
997 4437 1133 4501 Quae
1149 4452 1279 4491 cum
1304 4436 1542 4492 vidisset
1566 4452 1759 4493 servos
1789 4455 1928 4495 suos
1954 4457 2072 4496 una
2087 4458 2221 4498 cum

576 4525 814 4581 domino
846 4541 1046 4580 eorum
1076 4528 1355 4581 excaecato
1386 4524 2075 4599 circumagentes,primo
2098 4531 2222 4603 qui-

2331 3371 2512 3445 τούτῳ
2568 3372 2774 3451 τυφλός
2802 3395 2861 3430 τε
2915 3376 3003 3431 καὶ
3063 3378 3245 3455 κωφὸς
3304 3378 3792 3451 ἀπετελέσθη,τοΰ
3843 3384 3970 3456 μήτε

2336 3460 2485 3546 όρᾷν,
2540 3462 2678 3534 μήτε
2735 3461 2945 3519 ἀκούειν
2997 3462 3268 3524 δύνασθαι.
3318 3467 3450 3523 Τότε
3504 3466 3596 3524 οὖν
3657 3468 3810 3546 λέγει
3864 3476 3969 3531 τοῖς

2337 3545 2558 3611 δούλοις
2617 3550 2797 3607 αὐτοῦ.
2836 3547 3036 3608 Λάϐετέ
3096 3574 3163 3627 με
3210 3553 3286 3617 είς
3334 3556 3429 3618 τὰς
3460 3563 3651 3634 χεῖρας
3685 3545 3859 3633 ὑμῶν,
3888 3557 3967 3613 καί

2337 3636 2616 3714 έξαγάγετε
2646 3636 2766 3711 ἔξω,
2801 3640 2881 3696 ὅτι
2914 3641 2965 3696 οἰ
2995 3639 3272 3720 ὀφθαλμοί
3306 3664 3410 3717 μου
3458 3645 3662 3725 τυφλοὶ
3708 3648 3966 3725 γεγόνασι,

2334 3726 2424 3781 καὶ
2453 3727 2508 3781 αἱ
2536 3728 2690 3783 ἀκοαί
2726 3750 2829 3803 μου
2861 3729 2935 3792 εἰς
2962 3734 3217 3787 τοσοῦτον
3269 3731 3663 3812 ἐκωφώθησαν,
3693 3735 3780 3794 ὅτι
3828 3734 3967 3793 οὐδέν

2332 3818 2394 3872 τὸ
2426 3816 2652 3874 σύνολον
2684 3817 2896 3874 ἀκούειν
2939 3815 3191 3894 δύναμαι.

2405 3909 2499 3964 VI.
2532 3908 2661 3962 Τότε
2690 3907 2745 3962 οἳ
2776 3905 2963 3972 παῖδες
2995 3912 3159 3965 αύτοῦ
3188 3918 3447 3989 περιῆγον
3486 3914 3599 3987 μετ’
3631 3912 3796 3970 αὐτοῦ
3840 3913 3904 3970 δι’
3931 3915 3968 3951 ﬂ

2335 3995 2472 4067 ὅλης
2501 4004 2600 4066 τῆς
2631 3995 2924 4068 ἐκκλησίας
2955 3998 3006 4053 ἐν
3038 3999 3187 4072 μέσῳ
3215 4004 3311 4055 τοῦ
3343 4000 3645 4075 εὐχομένου
3694 4003 3854 4073 λαοῦ,
3888 4004 3969 4058 ἀν-

2336 4083 2477 4161 δρῶν
2510 4107 2567 4140 τε
2595 4085 2682 4140 καὶ
2714 4091 3001 4161 γυναικῶν,
3033 4088 3122 4143 καὶ
3172 4091 3267 4151 τὰς
3310 4088 3472 4163 θύρας
3522 4090 3640 4146 ὅθεν
3691 4088 3966 4163 εἰσέϐησαν

2332 4170 2654 4230 καταλαϐεῖν
2686 4177 2730 4212 9³
2760 4174 2857 4230 ούκ
2885 4173 3158 4233 ἐδύναντο.
3190 4179 3351 4234 ’Όθεν
3385 4178 3437 4235 ἐν
3467 4184 3547 4252 τῷ
3596 4182 3971 4257 περιέρχεσθαι

2334 4262 2525 4326 αὐτοὺς
2581 4261 2976 4335 πλανηθέντας,
3025 4266 3114 4321 καὶ
3170 4269 3337 4323 πάλιν
3395 4268 3674 4326 κυκλεύειν
3724 4274 3789 4343 ⁸⁸,
3840 4273 3966 4347 πρὸς

2332 4350 2612 4431 Θεοδώραν
2660 4355 2761 4423 τήν
2800 4354 2987 4429 κυρίαν
3028 4354 3228 4428 αὐτῶν,
3270 4355 3391 4412 ἔνθα
3435 4362 3515 4430 τῷ
3560 4360 3677 4431 Θεῷ
3737 4359 3968 4437 προσηύ-

2330 4462 2482 4518 χετο,
2517 4442 2607 4496 σὺν
2638 4446 2716 4514 τῷ
2765 4439 2996 4517 δεσπότῃ
3042 4442 3217 4499 αὐτῶν
3268 4445 3644 4521 παρεγένοντο.
3672 4450 3833 4511 Ἦτις
3872 4450 3965 4504 tw-

2332 4537 2524 4606 ρακυῖα
2546 4530 2673 4593 τοὺς
2715 4532 2908 4601 ἑαυτῆς
2965 4529 3162 4593 παῖδας
3227 4533 3360 4605 μετὰ
3411 4538 3508 4589 τοῦ
3553 4534 3744 4611 κυρίου
3795 4536 3963 4591 αὐτῶν

574 4614 708 4670 dem
740 4613 1052 4669 declinavit
1072 4617 1371 4685 aspectum
1393 4629 1616 4680 eorum,
1649 4618 1865 4686 putans
1883 4618 2037 4688 quod
2061 4636 2219 4691 aper-

2336 4617 2699 4699 τυφλωθέντος
2758 4623 2801 4657 ⁹⁵
2848 4621 3223 4695 περιάγοντας,
3282 4626 3497 4697 πρῶτον
3566 4625 3662 4699 μέν
3741 4623 3967 4697 ἐξέκλινε

573 4703 649 4760 tis
680 4703 864 4760 oculis
893 4702 1085 4776 ipsam
1112 4702 1414 4775 aspiceret.
1435 4702 1572 4759 Dein
1597 4702 1757 4758 misit
1776 4719 1961 4761 unum
1984 4721 2013 4762 e
2037 4707 2218 4764 servis

571 4792 716 4865 suis,
748 4793 998 4849 utsciret
1018 4792 1153 4864 quid
1174 4791 1284 4849 sibi
1303 4790 1676 4859 vellent,cum
1703 4792 1940 4849 domino
1964 4793 2214 4852 circum-

569 4889 793 4939 euntes.
814 4881 901 4937 Illi
925 4880 1522 4937 dixeruntzDominus
1555 4885 1771 4953 noster,
1810 4882 1950 4937 dum
1984 4883 2108 4940 vult
2129 4885 2213 4941 vi-

569 4970 704 5027 dere
734 4970 885 5041 quod
908 4970 958 5026 ei
980 4969 1205 5025 licitum
1228 4987 1343 5025 non
1366 4974 1473 5036 est,
1499 4974 1556 5025 et
1585 4969 1839 5026 alienum
1867 4972 2213 5045 mysterium

567 5058 791 5128 audire,
814 5063 1131 5115 excaecatus
1162 5063 1274 5128 est,
1304 5064 1362 5115 et
1382 5059 1599 5115 surdus
1619 5058 1880 5127 effectus;
1911 5061 2079 5118 nobis
2109 5080 2211 5120 au-

565 5151 684 5205 tem
714 5147 1041 5221 imperavit,
1062 5151 1129 5204 ut
1159 5145 1323 5202 illum
1354 5146 1490 5203 hinc
1522 5148 2048 5223 quomodocumque
2069 5156 2210 5209 edu-

636 5275 713 5347 (a)
746 5273 898 5331 Psal.
930 5290 1117 5343 cxxxx,
1151 5275 1236 5330 11.
1312 5273 1388 5347 (b)
1419 5272 1528 5331 Isa.
1562 5290 1660 5342 vn,
1693 5276 1780 5332 14.

2323 4710 2422 4778 τὴν
2483 4709 2601 4765 θέαν
2650 4709 2824 4765 αὐτῶν
2876 4711 2939 4781 9⁸,
2970 4709 3269 4782 νομίζουσα
3319 4709 3401 4765 ὅτι
3449 4732 3549 4788 περ
3598 4713 3967 4789 ἠνεῳγμένοις

2324 4793 2565 4871 ὄμμασιν
2614 4800 2869 4869 θεάσηται
2918 4800 3104 4867 αὐτήν.
3156 4799 3251 4853 Καὶ
3304 4802 3595 4875 πεμψάσης
3626 4805 3669 4840 ³⁷
3717 4800 3809 4858 ἕνα
3857 4808 3963 4858 τῶν

2321 4885 2529 4943 παίδων
2558 4888 2721 4957 αὐτῆς
2743 4888 2879 4963 πρὸς
2907 4887 2969 4942 τὸ
3000 4890 3195 4963 γνῶναι
3225 4887 3279 4943 τί
3311 4890 3412 4964 ἄρα
3444 4887 3650 4953 θέλοιεν
3694 4892 3831 4964 μετὰ
3871 4896 3962 4946 τοῦ

2320 4978 2511 5053 κυρίου
2586 4976 2757 5031 αὐτῶν
2833 4971 3276 5052 περιερχόμενοι,
3338 4978 3486 5033 εἷπον
3545 4981 3608 5017 ³⁸·
3668 4985 3721 5034 ‘0
3777 4979 3962 5056 κύριος

2318 5067 2499 5138 ἡμῶν,
2532 5062 2704 5129 θέλων
2737 5065 2865 5139 ὁρᾷν
2897 5063 3029 5141 ὅπερ
3060 5063 3216 5120 αὐτὸν
3253 5063 3352 5121 ούκ
3380 5066 3500 5138 έξῆν
3534 5070 3596 5142 '9,
3624 5068 3712 5125 καὶ
3750 5068 3963 5125 ἀκούειν

2318 5151 2616 5229 ἀλλοτρίου
2676 5151 2997 5229 μυστηρίου,
3073 5152 3542 5235 ἀποτετύφλωται,
3612 5158 3706 5214 καὶ
3781 5160 3969 5238 κωφὸς
4054 5200 4055 5203 η

1927 5367 2166 5427 νΔΗΙΑἙ
2204 5367 2614 5432 LECTIONES.

632 5452 758 5492 "-"
918 5449 1353 5535 3a0"'éxae'tov.
1530 5451 1605 5535 al:
1652 5453 2094 5535 ,κεκαθαρμένωςκ
2172 5462 2217 5500 ⁸⁸
2275 5462 2349 5521 al.
2429 5449 2794 5535 Epo§ﬁe~qeam
2871 5457 2915 5497 ⁸⁷
2972 5458 3050 5535 al.
3126 5456 3618 5535 anapeqoutvoug
3676 5457 3966 5523 πλείστους

558 5514 738 5583 ὄντας.
814 5522 857 5556 ⁸⁸
915 5523 1263 5579 Concinnior
1318 5522 1464 5579 mihi
1518 5523 1744 5581 videtur
1799 5514 1966 5586 lectio
2026 5514 2481 5590 duorum—'mss:
2521 5514 2672 5589 To'iic'
2713 5526 3182 5637 impoacxouévouc
3240 5514 3965 5600 bisléoveﬁgwsvrﬂlﬁ

559 5596 655 5637 nui
710 5609 853 5637 mare
912 5595 1113 5637 ferunt,
1148 5604 1378 5637 ςηπίηιηρ
1430 5611 1656 5637 numne)
1714 5596 1894 5637 nluroc
1973 5602 2085 5637 nm
2182 5605 2227 5637 se
2284 5603 2333 5637 οι
2409 5597 2731 5637 ηιηφοιςκηηη
2921 5601 2970 5637 ιιι
3046 5599 3305 5637 ,τρωπρηυ
3405 5606 3446 5637 ει
3493 5604 3543 5637 ..ι
3609 5602 3964 5637 ..2..ὶιι.,.ζ...-

559 5596 655 5667 qui
699 5595 1117 5667 agrejerunt,
1147 5604 1378 5667 euntque
1430 5611 1656 5667 numero

1710 5596 1913 5668 plures.
1973 5602 2104 5658 Cor.
2182 5605 2227 5641 ⁸9
2283 5603 2360 5661 al.
2409 5597 2753 5656 πιστεύσασα.

2920 5599 3001 5658 8.1.
3045 5599 3331 5674 ἀπιοῦσαν.
3405 5606 3449 5643 ’ί
3609 5602 3964 5674 εἰσελθούσης

555 5656 601 5702 ⁵³
659 5656 1057 5741 ᾳΙῘλαϐόντες,
1102 5656 1577 5741 αὐτόν’-περιῆγον
1628 5656 1752 5741 διῗΔ
1795 5670 1840 5704 9³
1889 5669 1962 5725 al.
2012 5656 2515 5741 eiﬁloovwebpsiv.
2592 5673 2636 5707 9‘
2683 5673 2758 5729 al.
2809 5656 3355 5741 nAavoiutvoucaal
3402 5656 3959 5736 κοκῖἐύὲένῗῖί

554 5732 902 5820 τυφλωθέντα
931 5733 1113 5810 αὐτόν,
1188 5738 1231 5774 ⁸⁸
1261 5738 1336 5794 al.
1368 5732 1551 5795 αὐτοῦ.
1628 5738 1673 5774 ⁸⁷
1702 5736 1777 5793 al.
1813 5732 2301 5820 μεταπεμψαμένη.

2402 5745 2422 5781 ⁸
2454 5743 2527 5801 al.
2560 5741 2728 5802 εἶπεν.
2804 5746 2848 5784 π
2876 5745 2950 5804 al.
2982 5741 3116 5822 ἅπερ
3146 5744 3294 5821 αὐτῷ
3329 5745 3429 5806 οὐκ
3458 5744 3653 5823 ἔξεστι.
