4090 6340
272 401 394 461 621

1441 401 1922 465 MARTYRIUM
1965 402 2029 463 S.
2077 402 2278 464 CLEM
2288 403 2383 463 EN
2394 403 2542 464 TIS.

3575 403 3697 461 622

275 532 638 607 ἆπειργάσθη’
673 534 811 606 ἡμῖν
836 555 895 589 τε
925 533 1221 605 ἐκέλευσεν,
1247 532 1339 588 ’ίνα
1367 539 1558 590 τοῦτον
1602 532 1836 590 ἐντεῦθεν
1866 536 1928 573 λου

2046 553 2311 593 caremus
2337 555 2352 606 ;
2384 537 2486 594 sed
2517 554 2632 593 non
2664 536 2832 593 licuit
2862 536 3029 594 nobis
3061 552 3195 593 eum
3226 534 3363 591 hinc
3381 533 3499 591 ullo
3526 540 3693 609 pacto

278 623 533 676 ὁπωσοῦν
566 622 935 698 ἐξαγάγωμενο
969 623 1057 676 καὶ
1092 623 1153 677 οὐ
1186 626 1603 700 συγκεχώρηται
1651 627 1789 698 ἡμῖν
1840 624 1935 679 αύ-

240 776 245 779 ς
275 712 373 765 τὸν
405 710 635 767 ἐντεῦθεν
666 713 917 766 ὁπωσοῦν
949 712 1183 789 ἐκφέρειν
1213 718 1253 768 ί.

355 802 478 857 VII.
513 801 697 854 ἹΙνίκα
730 798 786 854 δὲ
816 804 975 855 τοῦτο
1008 804 1028 837 ²
1058 799 1119 855 τὸ
1170 799 1421 876 διήγημα
1450 804 1483 870 ἡ
1518 798 1771 875 Θεοδώρα
1804 802 1928 856 ὑπε-

284 887 473 961 δέξατο
503 892 525 925 ³
568 889 713 965 παρὰ
753 893 849 943 τοῦ
896 887 1113 959 παιδὸς,
1144 890 1505 965 κατέστρωσεν
1553 893 1575 926 ⁴
1616 890 1807 959 ἑαυτὴν
1855 890 1929 952 εἷς

282 978 478 1054 εὐχὴν,
524 977 614 1031 καὶ
688 978 823 1050 μετά
880 976 1123 1054 δακρύων
1174 981 1196 1015 ⁸
1239 979 1384 1054 παρὰ
1430 983 1528 1033 τοῦ
1577 976 1709 1034 Θεοῦ
1755 976 1930 1034 ἐδέετο

273 1063 372 1120 ἵνα
403 1066 430 1119 6
462 1064 598 1142 ἀνὴρ
631 1066 796 1135 αὐτῆς
843 1064 1039 1129 ἐκεῖθεν
1089 1064 1292 1141 δυνηθῇ
1338 1065 1593 1137 ἐξελθεῖν.
1626 1067 1720 1121 Καὶ
1771 1088 1928 1143 στρα-

276 1160 441 1231 φεῖσα
488 1154 625 1230 πρὸς
670 1153 798 1216 τοὺς
854 1151 1050 1217 παῖδας
1106 1155 1231 1217 τοὺς
1284 1154 1536 1216 συνόντας
1566 1154 1731 1226 αὐτῷ,
1761 1155 1926 1210 εἶπεν·

273 1241 590 1313 Ἀπέλθετε,
639 1243 728 1297 καὶ
804 1245 1309 1320 χειραγωγήσαντες
1357 1244 1446 1298 τὸν
1513 1243 1698 1319 κύριον
1754 1243 1927 1315 ὑμῶν,

274 1332 578 1407 ἀπαγάγετε
609 1332 684 1394 είς
714 1331 805 1386 τὸν
842 1332 1012 1386 οἴκονο
1048 1331 1157 1407 ἐγὼ
1199 1334 1300 1407 γὰρ
1340 1334 1437 1401 τὴν
1493 1332 1685 1408 εὐχὴν,
1716 1334 1776 1400 ἣν
1827 1333 1927 1406 ήρ-

248 1418 480 1491 Ἑάμην,
515 1420 575 1473 οὐ
609 1422 684 1493 μὴ
715 1419 1050 1487 καταλείπω,
1082 1419 1230 1476 ἀλλὰ
1278 1420 1567 1499 προσφέρω
1607 1422 1701 1489 τὴν
1751 1421 1930 1475 θυσίαν

277 1530 388 1581 μου
414 1514 493 1581 τῷ
524 1510 724 1583 Κυρίῳ,
757 1510 847 1564 καὶ
879 1508 1281 1586 πληρουμένων
1313 1515 1420 1565 τῶν
1466 1510 1799 1584 μυστηρίων,
1830 1530 1927 1564 κα-

270 1599 533 1675 ταφθάνω
568 1599 727 1671 ὑμᾶς.
755 1599 887 1654 Τότε
910 1598 1095 1654 τοίνυν
1126 1598 1372 1667 ἀπῆλθον
1406 1600 1457 1653 οἱ
1497 1596 1684 1659 παῖδες
1734 1619 1927 1674 χειρα-

273 1692 587 1763 γωγοῦντες
647 1688 805 1742 αὐτὸν
855 1691 896 1760 θ,
946 1688 1034 1743 καὶ
1098 1688 1467 1764 ἐξερχόμενοι,
1527 1688 1806 1764 ἀπήγαγον
1851 1688 1927 1749 εἷς

270 1778 370 1832 τὸν
416 1779 590 1831 οἷκον⁶
642 1778 731 1831 καὶ
792 1778 1221 1851 ὑποστρέψαντες
1270 1778 1406 1851 πρὸς
1444 1778 1543 1845 τήν
1592 1777 1780 1852 κυρίαν
1834 1776 1928 1831 αύ-

270 1871 407 1938 τῶν,
440 1865 641 1943 τυφλὸν
676 1864 1008 1942 ἀπήγγειλαν
1042 1866 1131 1921 καὶ
1159 1867 1339 1944 κωφὸν
1386 1865 1544 1921 αὐτὸν
1604 1866 1763 1920 εἰσέτι
1816 1863 1929 1920 διαο

275 1960 460 2026 μεῖναι
494 1958 534 2012 ⁷.
568 1957 628 2009 Ἡ
662 1952 718 2009 δὲ
747 1952 997 2031 Θεοδώρα
1051 1954 1137 2009 ἐπὶ
1185 1954 1374 2009 πλεῖον
1418 1959 1497 2026 τῷ
1547 1959 1661 2025 Θεῷ
1718 1952 1928 2025 δεήσεις

269 2045 364 2097 καὶ
400 2042 603 2119 δάκρυα
633 2042 861 2119 ἐξέχεεν,
898 2042 1049 2105 ὅπως
1080 2048 1176 2097 τοῦ
1209 2041 1398 2119 ἀνδρὸς
1450 2043 1617 2111 αὐτῆς
1652 2045 1715 2097 τὸ
1764 2043 1927 2097 αὐτοῦ

270 2131 433 2195 ἔλεος
466 2131 858 2204 ἀντιλήψηται.
894 2133 991 2187 Καὶ
1026 2130 1092 2201 δή
1133 2140 1235 2201 τῆς
1279 2131 1596 2194 ἀπολύσεως
1645 2134 1925 2208 γεγονυίας

266 2222 577 2296 προσέπεσε
602 2226 680 2292 τῷ
714 2221 967 2296 μακαρίῳ
1014 2220 1129 2291 Κλή
1148 2242 1297 2294 μεντι
1341 2223 1376 2291 ἡ
1430 2218 1704 2297 Θεοδώρα,
1738 2220 1927 2297 λέγου-

268 2331 341 2367 σα
370 2313 413 2382 ⁸,
444 2309 537 2365 τὸν
570 2306 735 2385 ἄνδρα
782 2309 949 2378 αὐτῆς
994 2310 1482 2385 περιεργαζόμενον
1531 2310 1598 2365 τὰ
1646 2310 1929 2385 ἀπόρῥητα

265 2404 382 2454 τῶν
419 2398 730 2471 μυστηρίων
764 2403 861 2452 τοῦ
894 2398 1164 2454 Δεσπότου
1194 2400 1375 2469 Ἰησοῦ
1416 2403 1671 2475 Χριστοῦ,
1702 2398 1929 2477 τυφλώ-

271 2510 357 2543 σει
406 2492 712 2563 περιπεσεῖν
760 2491 873 2541 τῶν
946 2486 1266 2565 ἀμφοτέρων
1342 2484 1666 2565 ὀφθαλμῶν,
1713 2491 1821 2542 τῶν
1871 2507 1931 2542 τε

270 2576 544 2653 ἑκατέρων
578 2572 731 2631 ὤτων
762 2576 826 2630 τὸ
859 2576 1173 2630 ἀκουστικὸν
1205 2576 1452 2652 παραυτὰ
1481 2575 1766 2632 ἀπολέσαι.

349 2668 499 2724 VIII.
533 2669 846 2735 Τηνικαῦτα
896 2662 987 2719 οὗν
1023 2665 1050 2719 6
1086 2665 1347 2737 μακάριος
1397 2661 1654 2735 Κλήμης,
1690 2664 1931 2739 προχέαις

277 2756 505 2831 δάκρυα,
552 2755 876 2830 προτρέπειν
924 2751 1125 2828 ἤρξατο
1176 2756 1196 2789 ³
1242 2754 1369 2814 τοὺς
1415 2752 1813 2826 συμπαρόντας,
1840 2750 1932 2807 ’ίνα

274 2840 631 2917 ὁμοθυμαδὸν
674 2842 821 2918 παρά
868 2846 964 2896 τοῦ
1016 2841 1215 2915 Κυρίου
1259 2841 1608 2911 αἰτήσωνται,
1653 2840 1802 2903 ὅπως
1854 2846 1933 2914 τῷ

274 2932 432 3007 ἀνδρὶ
465 2932 630 3001 αὐτῆς
662 2934 762 3002 τήν
797 2952 854 2985 τε
884 2930 1051 2999 ἀκοὴν
1081 2930 1374 3005 χαρίσηται
1423 2931 1512 2984 καὶ
1567 2932 1665 2998 τὴν
1726 2929 1929 3005 ὅρασιν

276 3021 594 3096 Θαρσαλέως
623 3020 803 3075 τοίνυν
841 3021 868 3074 ὁ
918 3020 1182 3093 μακάριος
1232 3020 1467 3092 Κλήμης
1520 3019 1653 3091 μετὰ
1697 3020 1797 3087 τήν
1846 3018 1931 3073 εύ-

272 3113 389 3187 χήν
425 3108 789 3185 συνεπορεύθη
822 3111 890 3181 τῇ
922 3108 1134 3183 γυναικὶ
1166 3107 1300 3182 πρὸς
1345 3108 1435 3162 τὸν
1488 3106 1694 3174 ἐκείνης
1746 3105 1931 3182 ἄνδρα,

271 3201 368 3255 καὶ
420 3200 566 3273 εὗρεν
621 3197 805 3267 αὐτὸν,
847 3196 1205 3271 ἀνεῳγμένων
1254 3200 1362 3250 τῶν
1412 3199 1455 3233 ¹⁰
1507 3196 1793 3269 ὀμμάτων,
1842 3194 1932 3249 ού-

2042 626 2328 682 emittere.

2110 804 2231 860 VII.
2265 808 2582 875 Postquam
2615 808 2812 860 autem
2861 803 3011 859 hanc
3056 802 3451 860 narrationem
3507 801 3687 858 Theo-

2042 893 2180 948 dora
2212 910 2245 947 a
2284 909 2458 963 puero
2489 893 2768 965 suscepit,
2802 894 3112 964 prostravit
3141 908 3203 948 se
3250 892 3311 947 in
3341 891 3685 961 orationem,

2040 984 2097 1035 et
2126 996 2258 1035 cum
2294 980 2567 1053 lacrymis
2597 998 2631 1037 a
2657 981 2772 1037 Deo
2804 981 3065 1053 rogabat,
3118 984 3186 1036 ut
3232 980 3369 1036 inde
3415 979 3503 1036 vir
3557 978 3688 1049 ejus

2042 1076 2237 1140 posset
2267 1070 2439 1126 exire.
2474 1070 2878 1141 Conversaque
2925 1070 2997 1124 ad
3029 1086 3248 1138 servos,
3295 1068 3392 1139 qui
3440 1084 3575 1124 cum
3621 1082 3688 1123 eo

2042 1162 2207 1210 erant
2239 1172 2251 1212 :
2286 1156 2473 1226 Abite,
2507 1157 2725 1228 inquit,
2759 1174 2937 1212 manu
2966 1158 3247 1213 ducentes
3268 1156 3574 1211 dominum
3600 1170 3690 1211 ve-

2040 1249 2252 1312 strum,
2276 1245 2515 1300 domum
2540 1245 2799 1301 reducite
2827 1262 2839 1301 :
2872 1261 2978 1318 ego
3007 1245 3163 1302 enim
3184 1260 3382 1316 preces
3420 1260 3568 1317 quas
3598 1242 3690 1298 in-

2039 1334 2237 1389 choavi
2271 1352 2384 1389 non
2417 1333 2764 1405 relinquam,
2798 1334 2898 1390 sed
2932 1335 3169 1390 offeram
3200 1333 3446 1389 Domino
3478 1332 3693 1389 sacriﬁ-

2040 1423 2193 1478 cium
2218 1423 2756 1495 meum,completis
2773 1440 2906 1479 vero
2928 1422 3359 1496 mysteriis,vos
3383 1438 3685 1493 assequar.

2039 1513 2202 1568 Tunc
2231 1512 2410 1585 igitur
2450 1513 2850 1568 discesserunt
2881 1512 3087 1567 famuli
3121 1528 3299 1567 manu
3334 1511 3687 1567 deducentes

2038 1619 2195 1666 eum,
2224 1610 2280 1657 et
2308 1602 2527 1673 egressi
2560 1602 2914 1658 reduxerunt
2950 1603 3225 1657 domum:
3255 1602 3585 1671 reversique
3613 1599 3686 1655 ad

2038 1690 2337 1746 dominam
2371 1707 2562 1756 suam,
2593 1690 2760 1745 illum
2794 1689 3214 1745 nuntiaverunt
3243 1705 3458 1744 eiscum
3481 1693 3539 1744 et
3559 1704 3686 1743 sur-

2038 1780 2176 1833 dum
2207 1779 2396 1834 adhuc
2427 1779 2918 1850 permansisse.At
2939 1778 3244 1834 Theodore
3266 1777 3454 1850 magis
3476 1775 3686 1849 magis-

2039 1883 2151 1941 que
2181 1868 2295 1924 Deo
2325 1867 2763 1939 deprecationes
2807 1870 2864 1922 et
2904 1866 3191 1938 lacrymas
3230 1866 3455 1932 eﬂ‘udit,
3485 1869 3548 1920 ut
3578 1880 3683 1921 suo

2035 1957 2157 2011 viro
2180 1956 2580 2012 misericordia
2596 1956 2722 2027 ejus
2741 1954 3285 2026 subveniret.Atque
3307 1955 3457 2011 facta
3477 1954 3683 2009 dimis-

2038 2046 2219 2108 sione,
2293 2044 2504 2099 accidit
2551 2043 2719 2099 beato
2753 2042 3033 2099 Clementi
3080 2043 3404 2112 Theodora,
3461 2042 3683 2111 dicens,

2038 2133 2315 2189 maritum
2328 2149 2504 2188 suum
2519 2133 2659 2188 dum
2674 2132 3016 2188 abscondita
3028 2132 3440 2205 mysteriorum
3453 2130 3686 2188 Domini

2035 2226 2063 2277 J
2071 2240 2174 2277 esu
2198 2221 2409 2277 Christi
2434 2220 3135 2294 perscrutatur,incidisse
3150 2220 3208 2276 in
3231 2221 3537 2278 orbitatem
3560 2236 3685 2276 am~

2038 2312 2243 2367 borum
2277 2311 2599 2381 oculorum,
2643 2310 2960 2384 statimque
3015 2310 3325 2383 utriusque
3366 2308 3526 2366 auris
3565 2308 3684 2365 vim

2038 2400 2311 2457 audiendi
2343 2399 2628 2457 amisisse.

2108 2667 2255 2722 VIII.
2280 2667 2445 2722 Tunc
2466 2666 2645 2739 igitur
2664 2666 2869 2722 beatus
2886 2665 3153 2722 Clemens
3165 2665 3367 2722 effusis
3388 2663 3682 2737 lacrymis,

2040 2756 2261 2812 hortari
2292 2756 2466 2827 coepit
2486 2772 2583 2811 eos
2616 2754 2719 2827 qui
2736 2756 3000 2827 aderant,
3030 2760 3095 2810 ut
3122 2772 3154 2809 a
3182 2755 3430 2811 Domino
3473 2755 3683 2812 unani-

2042 2845 2215 2900 miter
2235 2844 2748 2917 postularent,viro
2767 2845 2895 2915 ejus
2916 2844 3183 2899 auditum
3208 2845 3474 2901 redderet
3503 2861 3570 2900 ac
3601 2845 3685 2899 vi-

2042 2951 2195 2991 sum.
2230 2935 2521 2989 Audacter
2551 2934 2747 3005 itaque
2790 2934 2853 2989 B.
2900 2933 3164 2990 Clemens
3204 2939 3336 3006 post
3364 2934 3687 2990 orationem

2042 3023 2294 3096 perrexit
2323 3039 2452 3077 cum
2486 3022 2729 3078 muliere
2751 3023 2822 3077 ad
2844 3023 3033 3078 virum
3061 3024 3211 3093 ejus;
3231 3027 3287 3078 et
3311 3022 3531 3077 invenit
3552 3038 3687 3077 eum

2044 3112 2259 3182 apertis
2290 3112 2473 3167 oculis
2502 3112 2646 3166 nihil
2669 3111 2883 3174 videre,
2925 3126 3115 3183 neque
3144 3111 3321 3166 etiam
3356 3126 3688 3166 sermonem

2044 3200 2360 3265 ullatenus,
2384 3205 2485 3255 aut
2508 3199 2690 3254 ullum
2714 3215 2925 3254 sonum
2950 3199 3151 3254 audire
3176 3215 3189 3253 :
3226 3198 3323 3253 ubi
3346 3202 3403 3254 et
3423 3197 3688 3270 permisti

274 3287 367 3343 δὶν
403 3293 445 3326 υ
481 3289 713 3362 ὁρῶντα,
747 3282 869 3341 οὔτε
904 3286 996 3359 μὲν
1030 3284 1197 3361 λόγου
1224 3285 1285 3339 τὸ
1315 3285 1584 3356 παράπαν,
1621 3280 1742 3339 οὕτε
1786 3285 1928 3346 τινὸς

2046 3305 2246 3346 omnes
2278 3289 2594 3360 ejulatibus
2612 3289 3079 3361 perstrepebant;
3112 3302 3217 3342 nec
3237 3286 3542 3343 Sininnius
3568 3284 3686 3344 ullo

274 3377 431 3455 ἤχου
485 3376 767 3432 ἀκούοντα·
820 3370 946 3430 ἔνθα
1000 3375 1089 3429 καὶ
1149 3379 1440 3449 συμμιγεῖς
1499 3373 1828 3452 ὀλοφυρμῶν
1880 3375 1924 3411 ¹²

278 3469 510 3529 ἅπαντες
568 3467 892 3540 περιήχουν,
924 3460 986 3518 ού
1032 3484 1178 3525 τινος
1210 3464 1237 3518 ὁ
1279 3462 1547 3525 Σισίννιος
1599 3464 1928 3517 παντάπασιν

278 3556 386 3612 οὐκ
415 3558 675 3631 ἠκροᾶτο.

360 3651 446 3701 ΙΧ.
480 3644 609 3698 Τότε
666 3644 781 3711 οὗν,
838 3640 1021 3703 κλίνας
1078 3640 1145 3695 τὰ
1201 3640 1399 3715 γόνατα
1445 3641 1580 3715 πρὸς
1630 3641 1722 3695 τὸν
1776 3640 1925 3708 Θεὸν,

276 3732 387 3814 ἔφη
422 3734 451 3788 6
486 3732 749 3809 μακάριος
804 3729 1059 3803 Κλήμης·
1094 3729 1257 3806 Κύριε
1288 3730 1469 3799 Ἰησοῦ
1511 3730 1728 3805 Χριστὲ,
1764 3730 1791 3783 6
1832 3729 1930 3791 τὰς

274 3823 437 3885 κλεῖς
485 3825 581 3891 τῆς
638 3820 915 3896 βασιλείας
956 3823 1063 3874 τῶν
1120 3818 1361 3895 οὐρανῶν
1403 3817 1652 3880 δεδωκὼς
1679 3819 1759 3889 τῷ
1798 3819 1929 3872 ἀπο-

280 3912 471 3985 στόλῳ
529 3933 643 3982 σου,
692 3907 1002 3981 διδασκάλῳ
1052 3905 1109 3963 δὲ
1154 3907 1271 3983 έμῷ
1330 3908 1540 3984 Πέτρῳ,
1591 3908 1679 3962 καὶ
1740 3907 1926 3962 εἰπών·

281 4006 461 4073 "Amp
509 4000 565 4054 ἂν
619 3999 853 4072 ἀνοίξῃς,
900 3995 1188 4069 ἠνέῳκται,
1239 3996 1327 4051 καὶ
1388 3996 1521 4071 ἅπερ
1568 3995 1809 4070 κλείσῃς,
1841 3996 1930 4051 κέ-

280 4088 553 4159 κλεισται,
585 4088 645 4143 σὺ
671 4088 966 4163 πρόσταξον
1017 4083 1110 4140 τίνοι
1141 4083 1486 4161 διανοιχθῶσι
1531 4089 1610 4156 τῷ
1662 4085 1932 4159 ἀνθρώπῳ

278 4178 462 4251 τούτῳ
480 4180 596 4220 ¹³-¹⁴
616 4178 669 4231 αἱ
696 4175 975 4243 ἀκοαί,καὶ
999 4175 1049 4228 οἱ
1075 4172 1464 4252 ὀφθαλμοὶ,δτι
1490 4171 1552 4226 σὺ
1575 4173 1932 4249 εἶπας·“Ἀπερ

2037 3380 2212 3437 modo
2243 3378 2538 3435 audiebat.

2110 3646 2202 3701 IX.
2236 3647 2401 3701 Tunc
2430 3643 2611 3716 igitur
2651 3643 2900 3716 genibus
2955 3643 3121 3699 ﬂexis
3177 3644 3249 3699 ad
3306 3643 3513 3708 Deum,
3541 3642 3688 3699 dixit

2040 3736 2245 3792 beatus
2300 3733 2595 3789 Clemens:
2621 3732 2863 3788 Domine
2905 3734 3042 3789 Jesu
3073 3732 3317 3800 Christe,
3350 3732 3447 3803 qui
3493 3730 3683 3788 claves

2040 3825 2203 3897 regni
2234 3823 2509 3880 caelorum
2532 3820 2744 3877 dedisti
2764 3822 3024 3894 apostolo
3047 3826 3168 3893 tuo,
3188 3822 3468 3893 magistro
3487 3826 3683 3877 autem

2041 3929 2171 3970 meo
2212 3913 2397 3980 Petro,
2421 3916 2479 3966 et
2518 3911 2743 3968 dixisti:
2771 3916 3128 3984 Quacunque
3159 3912 3465 3983 aperueris,
3496 3912 3685 3982 aperta

2038 4008 2192 4072 sunt,
2241 4007 2293 4058 et
2349 4015 2690 4074 quaecunque
2742 4001 3012 4057 clauseris
3066 4001 3257 4056 clausa
3298 4007 3425 4055 sunt
3455 3999 3570 4071 (a);
3620 4002 3687 4054 tu

2043 4092 2290 4164 praecipe
2319 4094 2379 4146 ut
2425 4090 2764 4161 aperiantur
2818 4088 2959 4145 huic
3007 4088 3229 4145 homini
3287 4104 3458 4145 aures
3513 4091 3689 4161 atque

2044 4179 2194 4237 oculi
2223 4204 2237 4247 ;
2270 4179 2550 4251 quoniam
2571 4183 2635 4233 tu
2656 4176 2856 4233 dixisti
2882 4194 2894 4233 :
2919 4178 3262 4249 Quaecunque
3277 4178 3557 4249 petieritis
3574 4192 3690 4233 cre-

283 4268 347 4323 ἂν
400 4266 659 4336 αἰτήσητε
704 4264 1063 4327 πιστεύοντες,
1115 4260 1370 4334 λήψεσθε.
1422 4262 1520 4315 Καὶ
1572 4261 1702 4331 αὕτη
1758 4282 1851 4316 σου
1898 4264 1928 4331 ἡ

2046 4269 2251 4334 dentes,
2274 4267 2557 4338 accipietis
2582 4266 2679 4338 (ὁ).
2703 4267 2771 4321 Et
2792 4266 2912 4322 haec
2933 4272 3036 4323 tua
3054 4266 3362 4339 promissio
3394 4270 3694 4338 permanet

283 4354 582 4431 ἐπαγγελία
613 4352 853 4427 διαμένει
885 4352 961 4415 εἰς
992 4351 1163 4406 αἰῶνα
1212 4350 1423 4405 αἰώνων
1457 4352 1595 4403 ¹⁵-¹⁶.
1631 4350 1732 4407 Καὶ
1778 4350 1928 4420 ἡνίκα

2047 4359 2107 4413 in
2139 4356 2417 4413 saeculum
2446 4354 2663 4412 saeculi.
2694 4354 2959 4427 Cumque
2987 4372 3190 4412 omnes
3220 4356 3647 4429 responderunt
3677 4370 3693 4411 :

283 4446 482 4507 πάντες
540 4435 886 4517 ἀπεκρίνοντο
964 4444 1026 4510 ¹’⁷,
1082 4441 1282 4511 Ἀμήν,
1344 4436 1734 4513 διηνοίχθησαν
1797 4442 1837 4475 ¹⁸
1885 4441 1928 4493 ol

2047 4450 2252 4513 Amen,
2296 4445 2480 4517 aperti
2509 4449 2645 4500 sunt
2691 4444 2843 4500 oculi
2891 4444 3151 4513 Sisinnii,
3193 4445 3451 4517 itemque
3498 4458 3692 4499 aures.

288 4533 571 4613 ὀφθαλμοὶ
606 4532 877 4587 Σισιννίου
908 4530 998 4585 καὶ
1030 4530 1085 4584 αἱ
1117 4527 1293 4585 ἀκοαί.
1329 4529 1430 4584 Καὶ
1474 4526 1601 4582 ἰδὼν
1646 4530 1736 4583 τὸν
1790 4529 1928 4603 ἅγιοκ

2049 4536 2115 4590 Et
2132 4534 2334 4589 videns
2356 4540 2625 4589 sanctum
2647 4532 3004 4589 Clementem
3028 4538 3278 4590 stantem
3298 4549 3430 4589 cum
3449 4534 3695 4605 conjuge

284 4624 585 4696 Κλήμεντα
641 4621 731 4675 σὺν
788 4624 858 4693 τῇ
918 4621 1107 4674 ἑαυτοῦ
1166 4617 1449 4689 ἱστάμενον
1482 4617 1717 4691 γυναικὶ,
1752 4616 1928 4688 ἐξέστη

2046 4641 2173 4691 sua,
2194 4626 2388 4677 mente
2408 4622 2640 4687 excidit,
2662 4626 2939 4693 reputans
2961 4622 3244 4694 quidnam
3285 4621 3394 4677 hoc
3420 4626 3595 4689 esset;
3627 4637 3695 4677 ao

287 4714 361 4790 τῇ
397 4712 621 4783 διανοίᾳ,
656 4708 1012 4785 λογιζόμενος
1057 4706 1109 4762 τί
1157 4706 1257 4781 ἄρα
1306 4702 1388 4775 εἷή
1445 4709 1633 4775 τοῦτρ,
1666 4705 1753 4759 καὶ
1808 4706 1928 4760 ὑπο-

2049 4710 2393 4768 existimans
2423 4709 2480 4765 id
2512 4709 2706 4781 ipsum
2731 4710 3106 4782 praestigiosis
3138 4711 3365 4766 artibus
3389 4714 3445 4766 et
3470 4708 3695 4765 illusio-

291 4808 436 4859 νοῶν
465 4805 628 4857 τοῦτο
662 4798 790 4853 αὐτὸ
821 4801 1106 4873 γοητικαῖς
1156 4794 1371 4871 τέχναις
1415 4792 1806 4869 έμπεπαῖχθαι,
1834 4792 1928 4869 ἤρ-

2052 4801 2227 4855 nibus
2262 4799 2530 4855 effectum
2580 4797 2783 4866 fuisse,
2826 4799 2999 4871 coepit
3029 4798 3281 4855 clamare
3311 4798 3491 4854 servis
3522 4796 3645 4853 suis
3677 4815 3691 4855 ε

292 4896 421 4965 ξατο
471 4892 682 4965 κράζειν
746 4890 789 4926 ιθ
836 4892 953 4947 τοῖς
1014 4882 1233 4944 δούλοις
1292 4882 1457 4937 αὐτοῦ
1512 4884 1573 4919 ³ο·
1634 4886 1928 4958 Κρατήσατε

2054 4890 2267 4945 Tenete
2287 4888 2641 4943 Clementem
2671 4888 3191 4960 episcopumznam
3218 4893 3279 4943 ut
3300 4887 3700 4960 ingrederetur

295 4981 590 5053 Κλήμεντα
660 4977 749 5030 τὸν
832 4974 1146 5030 έπίσκοπονο
1204 4968 1292 5025 διὰ
1346 4971 1447 5045 γὰρ
1522 4975 1618 5025 τοῦ
1685 4969 1928 5035 εἷσελθεῖη

2057 4978 2127 5032 ad
2161 4992 2401 5032 uxorem
2426 4992 2636 5047 meam,
2662 4977 2889 5049 magica
2918 4992 3027 5033 sua
3054 4981 3179 5033 arte
3208 4976 3353 5033 mihi
3377 4976 3699 5033 caecitatem

292 5071 435 5146 πρὸ,
463 5069 560 5137 τήν
613 5066 843 5142 γυναῖκά
890 5084 1013 5137 μου,
1044 5064 1113 5136 τῇ
1168 5062 1373 5136 μαγικῇ
1422 5057 1586 5115 αύτοῦ
1632 5060 1797 5138 τέχνῃ
1842 5062 1942 5131 τήν
2054 5065 2303 5122 induxit.

293 5156 548 5234 πήρωσίν
586 5176 679 5230 μοι
712 5153 999 5229 ἐπήγαγεν.

370 5286 452 5360 (α)
484 5284 699 5343 Matth.
738 5299 852 5354 xv1,
890 5281 973 5337 19.
1051 5278 1125 5352 (b)
1158 5278 1340 5336 Marc.
1372 5293 1490 5350 ur,
1520 5279 1609 5334 22.

1672 5366 1914 5425 VARI/E
1952 5369 2257 5427 LECTION
2265 5368 2365 5427 ES.

378 5466 448 5506 ¹⁰⁰
505 5464 669 5520 deest
722 5463 784 5517 in
837 5459 911 5517 a1.
955 5461 1008 5531 ,ί
1070 5456 1145 5531 a_l.
1206 5449 1497 5531 ἐκϐαλεῖν.Δ
1528 5457 1577 5531 ,³
1630 5457 1810 5531 deest
1844 5458 1905 5513 in
1963 5458 2039 5531 gl,
2116 5460 2138 5494 ι
2169 5459 2270 5531 Δελ,
2346 5453 2594 5531 gmw”.
2628 5528 2637 5531 Α
2671 5458 2694 5495 ι
2738 5458 2824 5531 ει,
2896 5453 3138 5531 ἔστησεν.
3213 5462 3236 5499 ⁸
3293 5452 3468 5523 deest
3512 5465 3572 5523 in
3631 5465 3706 5524 αι,

301 5537 327 5575 ⁸
357 5538 525 5593 deest
553 5536 613 5591 in
643 5533 737 5605 al.
796 5534 815 5569 ⁷
843 5531 917 5605 al.
952 5525 1244 5605 Stauévew.
1304 5530 1341 5605 7'
1374 5529 1448 5588 81.
1482 5526 1713 5605 λέγορσα
1742 5526 2002 5605 πάντατὰ
2048 5524 2326 5605 συμϐαντα
2370 5524 2449 5601 τῷ
2493 5527 2643 5605 ἀνδρὶ
2692 5529 2882 5605 αὐτῆς,
2914 5524 3019 5586 καῖ’
3052 5531 3136 5605 ὅτι
3183 5533 3385 5605 τυφλός
3434 5535 3544 5592 ἔστι
3590 5542 3709 5601 τοῖς

310 5605 623 5685 ἐφθςιλμοῖς
654 5604 745 5685 me?
774 5602 956 5685 υεευφδς
985 5598 1103 5685 τοῖς
1134 5598 1461 5685 diei-Ia?“
1491 5598 1778 5685 ἀὶιδρεαςβ
1812 5598 2128 5685 Miami
2172 5598 2717 5685 ⁰.ςιτ.πιδετθὲψάτοο
2764 5598 2838 5685 __‘°
2869 5598 2961 5685 ζειι·
2994 5604 3214 5685 .αὐτῷο.
3254 5598 3296 5647 ε’
3323 5608 3443 5685 μισ,
3478 5598 3707 5685 μηδὲναὲ

310 5621 623 5686 οφθαλμοις
654 5621 745 5659 και
774 5621 956 5679 κωφος
985 5623 1103 5664 τοις
1134 5621 1256 5657 ωσι.
1296 5621 1461 5655 ιαυτα
1491 5621 1721 5660 ακουσας
1750 5621 1778 5653 ο
1812 5621 2094 5678 μακαριος,
2173 5621 2194 5640 υ
2220 5621 2297 5660 αι,
2328 5621 2717 5697 προετςεψατο.
2796 5621 2838 5639 ιν
2886 5621 2961 5661 ω.
3013 5621 3180 5678 at»,th
3254 5621 3296 5647 ,ι
3347 5621 3421 5665 al.
3478 5621 3707 5683 μηδένα.

305 5682 356 5719 ¹²
385 5680 463 5736 81.
495 5682 744 5788 συμμιγῆ
778 5672 1113 5753 ὀλοφυρμόν.
1191 5674 1313 5715 ¹³-¹⁴
1345 5673 1419 5728 81.
1450 5675 1547 5725 τοῦ
1576 5670 1865 5746 ἀνθρώπου
1910 5671 2127 5733 τούτου.
2206 5675 2327 5719 ¹⁸-¹⁶
2357 5674 2433 5734 a1.
2464 5677 2682 5738 αιῶνος.
2760 5676 2804 5714 ¹τ
2836 5675 2912 5733 81.
2968 5674 3117 5735 εἶπον
3152 5677 3238 5738 τό.
3317 5682 3361 5720 ⁸⁸
3392 5681 3469 5741 al.
3528 5682 3709 5742 inser.

306 5751 529 5810 εὐθέως.
630 5752 652 5789 ⁹
679 5750 757 5809 81.
788 5744 1052 5805 κελεύειν.
1126 5743 1171 5782 ²⁰
1200 5744 1276 5803 al.
1304 5742 1492 5810 αὐτοῦ,
1522 5743 1612 5800 καὶ
1644 5740 1844 5810 λέγειν.

306 5761 529 5815 εὐθέως.
606 5761 652 5789 ι’
679 5761 757 5809 at.
788 5761 1052 5805 κελεύειν.
1126 5761 1171 5782 ιν
1200 5761 1276 5803 a1.
1304 5762 1492 5815 αυτου,
1522 5761 1612 5800 και
1644 5761 1844 5823 Λέγειν.
