4118 6340
503 439 621 498 623

1600 432 1996 494 APPENDIX
2039 430 2143 490 AD
2185 430 2251 490 S.
2296 429 2806 490 CLEMENTEM.

3790 425 3911 485 624

578 573 645 629 X.
678 572 766 628 Illi
812 588 965 635 vero.
1020 586 1167 644 quos
1197 571 1457 641 jusserat
1489 568 1841 625 Clementem
1872 565 2150 621 constrin-

2339 567 2401 617 X.
2438 562 2665 616 Ἐκεῖνοι
2722 557 2798 632 δὲ,
2831 561 2915 622 οἷς
2974 557 3219 614 ἰκέλευσε
3267 556 3360 612 τὸν
3412 554 3529 627 Κλή
3544 576 3707 629 μεντα
3753 576 3914 612 κατα-

509 678 643 735 gere
673 678 739 717 ac
766 662 1016 728 trahere,
1040 641 1152 732 ipsi
1186 658 1491 714 columnas
1531 658 1865 728 adjacentes
1898 654 2150 727 ligabant

2267 650 2500 727 σφίγγειν
2534 653 2577 686 ²¹
2610 670 2669 704 τε
2714 648 2803 704 καὶ
2851 647 3051 721 σύρειν,
3082 646 3235 702 αὐτοὶ
3275 645 3403 708 τοὺς
3447 641 3732 721 κειμένους
3786 644 3910 700 στύ-

508 756 565 808 et
584 751 908 816 trahebant;
963 750 1276 821 aliquando
1308 748 1546 819 quidem
1578 763 1646 801 ex
1676 744 2053 800 interioribus
2083 743 2155 797 ad

509 841 812 903 exteriora,
837 840 1149 910 aliquando
1187 854 1320 893 vero
1368 838 1441 893 ab
1489 835 1873 892 exterioribus
1910 834 1979 889 ad
2005 832 2156 887 inte-

508 929 661 985 riora
699 947 712 985 :
753 928 862 984 hoc
891 934 1086 983 autem
1136 926 1248 998 ipsi
1293 926 1466 981 etiam
1516 924 1775 980 Sisinnio
1831 922 2155 986 videbatur,

506 1019 660 1089 quod
684 1024 952 1073 sanctum
976 1017 1330 1072 Clementem
1346 1014 1589 1085 ligatum
1604 1017 1867 1068 tenerent
1879 1026 1945 1066 ac
1962 1009 2155 1065 trahe-

506 1112 654 1163 rent.
675 1108 753 1161 Ad
774 1122 946 1177 quam
982 1105 1041 1160 Β.
1079 1104 1346 1161 Clemens
1384 1103 1556 1160 dixit:
1579 1101 1804 1157 Duritia
1847 1100 2039 1155 cordis
2069 1099 2154 1153 tui

508 1195 567 1250 in
599 1193 824 1266 lapides
864 1209 1145 1266 conversa
1192 1198 1308 1266 est:
1334 1191 1473 1261 quia
1506 1190 1675 1266 enim
1722 1188 1947 1261 lapides
1988 1192 2156 1259 putas

507 1283 637 1323 esse
661 1262 827 1337 deos,
862 1264 1085 1337 lapides
1117 1264 1348 1319 trahere
1378 1262 1620 1318 sortitus
1652 1277 1735 1316 es.

579 1355 672 1412 ΧΙ.
706 1355 807 1411 Ille
831 1370 961 1410 vero
993 1352 1161 1425 quasi
1192 1352 1383 1407 vincto
1419 1349 1733 1419 insultans,
1767 1349 2154 1420 dicebatzEgo

504 1448 561 1499 te
591 1443 800 1499 faciam
830 1443 889 1497 in
912 1440 1244 1513 exemplum
1262 1440 1526 1495 omnium
1554 1437 2043 1512 praestigiatorum
2065 1437 2152 1491 in-

502 1532 889 1590 terimi.Tunc
901 1536 1137 1587 sanctus
1158 1528 1444 1598 Clemens,
1469 1544 1603 1583 cum
1625 1527 1915 1582 dedissset
1937 1526 2154 1581 oratio-

506 1638 662 1688 nem,
698 1626 755 1676 et
781 1620 943 1676 uxori
966 1621 1095 1691 ejus
1126 1618 1538 1685 benedixisset,
1582 1616 1756 1684 abiit;
1807 1616 1917 1671 hoc
1965 1615 2153 1671 eidem

504 1712 814 1777 mandans,
850 1727 921 1765 ne
952 1710 1024 1764 ab
1055 1710 1311 1764 oratione
1329 1707 1445 1763 ullo
1470 1708 1640 1761 modo
1664 1710 1938 1773 cessaret,
1972 1706 2153 1759 donec

501 1798 897 1855 visitationem
929 1814 1097 1854 suam
1131 1797 1411 1852 Dominus
1442 1796 1500 1851 in
1522 1796 1711 1850 virum
1734 1796 1862 1865 ejus
1885 1794 2153 1865 dignare-

499 1891 597 1943 tur
623 1889 947 1944 ostendere.
980 1886 1165 1942 Flenti
1190 1887 1368 1958 igitur
1402 1889 1459 1941 et
1488 1884 1677 1940 oranti
1716 1883 2048 1947 Theodorae,
2078 1882 2148 1936 ad

503 1993 805 2047 vesperam
838 1976 1108 2049 apparuit
1138 1975 1377 2047 quidam
1406 1974 1493 2029 vir
1522 1972 1733 2029 canitie
1762 1971 2149 2037 venerandus,

507 2066 771 2137 dixitque
808 2082 821 2120 :
868 2066 1106 2137 Propter
1138 2070 1190 2120 te
1220 2081 1401 2119 sanus
1430 2063 1541 2118 erit
1579 2062 1912 2129 Sisinnius;
1946 2064 2012 2115 ut
2041 2060 2151 2114 im-

502 2154 734 2226 pleatur
777 2156 933 2227 quod
965 2154 1109 2209 dixit
1138 2154 1316 2209 frater
1347 2168 1511 2207 meus
1557 2150 1769 2206 Paulus
1801 2148 2100 2223 apostolus
2134 2165 2147 2203 :

508 2245 956 2315 Sanetiﬁcabitur
976 2246 1064 2298 vir
1084 2241 1321 2313 inﬁdelis
1349 2258 1447 2312 per
1473 2240 1763 2295 mulierem
1791 2238 2019 2311 ﬁdelem
2049 2237 2149 2310 (α).

500 2334 722 2405 Hisque
752 2333 923 2387 dictis
951 2331 1222 2388 discessit
1250 2330 1321 2386 ab
1353 2331 1480 2400 ejus
1512 2333 1770 2400 aspectu.
1805 2326 2152 2383 Undeindu-

500 2422 667 2478 bium
698 2426 755 2477 et
783 2420 1160 2492 perspicuum
1184 2424 1291 2487 est,
1313 2419 1547 2475 beatum
1567 2422 1803 2473 Petrum
1819 2415 2150 2489 apostolum

500 2509 621 2566 illic
650 2510 1014 2582 apparuisse.

572 2779 695 2835 XII.
714 2779 779 2835 Et
800 2794 933 2834 vero
954 2778 1153 2834 statim
1184 2776 1478 2832 Sisinnius
1519 2776 1743 2832 vocavit
1766 2776 1838 2831 ad
1863 2790 1923 2830 se
1955 2775 2147 2831 Theo-

504 2869 729 2934 doram,
745 2867 944 2938 aitque
962 2865 1046 2921 illi
1071 2883 1084 2921 :
1108 2866 1361 2921 Obsecro
1384 2869 1440 2921 te
1473 2869 1538 2921 ut
1562 2880 1731 2935 roges
1762 2869 1939 2919 Deum
1961 2867 2148 2929 tuum,

504 2974 577 3013 ne
610 2958 899 3012 irascatur
919 2954 1395 3026 mihi.ZeIotypia
1414 2953 1569 3009 enim
1595 2953 1680 3008 tui
1702 2954 1914 3008 ductus
1944 2952 2150 3007 adveni

502 3050 561 3100 et
578 3044 881 3117 ingressus
904 3061 1034 3100 sum
1065 3048 1197 3116 post
1214 3049 1269 3098 te
1292 3044 1351 3099 in
1396 3042 1722 3110 ecclesiam;
1747 3047 1805 3097 et
1834 3041 1974 3113 quia
1993 3039 2150 3095 volui

509 3134 706 3190 videre
730 3150 856 3206 quae
893 3132 1357 3201 celebrabantur,
1400 3132 1747 3203 auditorque
1790 3147 1917 3186 esse
1946 3146 2149 3185 eorum

504 3240 633 3295 quas
665 3222 1032 3289 dicebantur,
1076 3221 1267 3277 visum
1300 3221 1518 3293 pariter
1563 3225 1619 3276 et
1643 3218 1909 3275 auditum
1955 3218 2145 3275 amisi.

503 3312 671 3369 Nunc
702 3328 833 3367 vero
865 3290 1343 3383 quandoquidem
1372 3310 1496 3365 haec
1523 3326 1615 3365 me
1641 3324 1982 3380 recuperare
2011 3306 2147 3362 fecit
2175 3290 2217 3356 Ο

502 3399 817 3455 Clementis
834 3401 1249 3467 adventus,ora
1269 3416 1403 3459 eum
1427 3403 1493 3453 ut
1514 3399 1708 3455 veniat
1727 3398 1796 3453 ad
1819 3413 2151 3467 me,meque

502 3489 679 3543 faciat
717 3488 1016 3543 veritatem
1052 3504 1383 3559 agnoscere.
1419 3488 1613 3543 Etnim
1657 3486 1803 3541 mihi
1850 3486 2151 3556 servisque

504 3577 651 3631 meis
675 3594 777 3648 pro
808 3582 963 3631 certo
983 3578 1480 3648 putabatur,quod
1504 3577 1857 3631 Clementem
1874 3592 2007 3629 cum
2022 3576 2150 3644 ejus

502 3663 730 3719 clericis
752 3664 1020 3735 ligarent,
1056 3682 1306 3735 eumque
1323 3664 1864 3720 distraherent:sed
1890 3662 1969 3718 illi
2000 3662 2147 3734 lapi-

504 3752 606 3809 des
636 3756 693 3815 et
713 3752 1017 3809 columnas
1040 3753 1340 3825 ligasse,et
1357 3752 1740 3824 hucillucque
1765 3752 2013 3808 traxisse
2042 3768 2152 3808 no-

504 3848 773 3898 scuntur.

573 4112 718 4167 XIII.
772 4112 937 4167 Tune
982 4111 1288 4168 Theodora
1336 4111 1613 4183 profecta,
1648 4110 1903 4167 narravit
1949 4115 2152 4168 sancto

504 4199 785 4255 Clementi
810 4200 1005 4256 omnia
1038 4218 1163 4273 quae
1193 4201 1435 4271 viderat,
1477 4204 1534 4255 et
1581 4217 1706 4271 quea
1738 4217 1771 4255 a
1802 4203 2013 4257 marito
2047 4218 2152 4257 suo

507 4289 663 4345 dicta
685 4290 1191 4346 fuerant.Veniens
1214 4290 1408 4362 itaque
1429 4294 1669 4346 sanctus
1691 4291 1763 4346 ad
1802 4291 2151 4358 Sisinnium,

508 4393 644 4434 cum
684 4378 902 4433 honore
941 4384 1252 4451 susceptus
1282 4384 1387 4435 est.
1409 4382 1455 4435 Α
1477 4396 1590 4451 quo
1621 4379 1843 4435 audivit
1883 4396 2154 4451 quaecun-

506 4483 617 4538 que
646 4467 717 4546 αεὶ
741 4467 1179 4523 azdiﬁcationem
1213 4469 1425 4525 animae
1450 4469 1850 4541 pertinebant:
1882 4474 1941 4525 et
1969 4470 2153 4524 credi-

505 4556 594 4611 dit
623 4556 762 4626 Deo,
795 4558 1318 4629 corroboratusque
1354 4562 1444 4613 est
1476 4573 1490 4612 :
1524 4563 1582 4613 et
1626 4557 1801 4630 ccepit
1847 4558 1920 4613 ad
1964 4574 2155 4630 genua

501 4643 815 4702 Clementis
844 4646 1092 4718 advolvi,
1123 4654 1181 4703 et
1210 4647 1465 4702 clamare
1498 4663 1511 4701 :

568 4828 704 4885 XIV.
739 4828 969 4885 Gratias
1011 4846 1121 4902 ago
1164 4847 1298 4885 vero
1350 4830 1460 4885 Deo
1504 4834 1561 4884 et
1610 4829 2015 4901 omnipotenti,
2049 4833 2148 4905 qui

498 4933 593 4973 me
645 4918 775 4974 ideo
805 4920 1109 4975 excaecat/it
1165 4923 1230 4973 ut
1284 4919 1539 4984 videam,
1580 4922 1637 4973 et
1691 4917 1821 4975 ideo
1878 4921 2145 4977 auditum

498 5006 742 5062 abstulit
772 5012 837 5062 ut
868 5009 1111 5063 auribus
1143 5007 1454 5080 percipiam
1490 5006 1807 5077 veritatem,
1833 5025 2009 5079 quam
2041 5011 2145 5066 ali-

498 5097 734 5166 quando
755 5097 1092 5152 deridebam
1126 5114 1227 5168 per
1255 5095 1671 5167 ignorantiam,
1693 5101 1749 5150 et
1779 5096 1886 5151 hoc
1909 5099 2144 5169 quidem

568 5210 646 5283 (a)
678 5216 701 5266 Ι
732 5213 862 5269 Cor.
895 5230 995 5284 vn,
1028 5215 1115 5269 14.

2266 738 2395 800 λους
2432 737 2752 811 δεσμοῦντες
2784 736 2985 793 εἴλκον’
3019 736 3152 791 ποτὶ
3184 736 3279 808 μὲν
3312 731 3521 790 ἔνδοθεν
3554 733 3630 796 εἰς
3674 734 3741 789 τὰ
3789 732 3911 805 ἔξω,

2264 828 2396 883 ποτὶ
2454 825 2511 882 δὲ
2569 827 2628 882 ἐκ
2682 832 2789 882 τῶν
2849 824 2949 897 ἔξω
2981 825 3055 887 εἷς
3085 825 3153 881 τὰ
3185 822 3309 879 ἔσω⁶
3344 828 3506 879 τοῦτο
3540 820 3598 878 δὲ
3626 824 3716 878 καὶ
3765 823 3912 895 αύτῷ

2263 922 2342 988 τῷ
2377 916 2633 988 Σισιννίῳ
2664 913 2856 983 ἐδόκει,
2890 914 2973 969 δτι
3001 935 3102 990 περ
3132 914 3223 969 τὸν
3257 915 3408 988 ἅγιον
3442 911 3736 985 Κλήμεντά
3764 910 3913 968 δεδε-

2269 1004 2426 1077 μένον
2455 1003 2634 1059 εἷλκόν
2666 1025 2723 1058 τε
2749 1005 2839 1059 καὶ
2869 1009 3123 1079 κατεῖχον
3157 1005 3223 1059 ⁵³³.
3258 1002 3401 1078 Πρὸς
3426 1002 3483 1057 'o'v
3519 1003 3547 1056 6
3582 1003 3734 1078 ἅγιος
3765 1001 3916 1071 10‘6-

2270 1114 2375 1166 μης
2404 1098 2448 1131 ²³
2479 1093 2608 1171 ἔφη·
2647 1095 2708 1148 ἹΙ
2737 1090 3049 1167 σκληρότης
3079 1098 3179 1160 τῆς
3210 1088 3431 1166 καρδίας
3460 1111 3555 1145 σου
3598 1090 3675 1153 εἷς
3729 1090 3913 1155 λίθους

2266 1183 2493 1259 ἐτράπη’
2527 1181 2712 1252 ἐπειδὴ
2744 1183 2844 1259 γὰρ
2876 1181 3002 1244 τοὺς
3035 1179 3226 1245 λίθους
3263 1178 3505 1252 δοξάζεις
3553 1180 3687 1237 εἶναι
3731 1179 3909 1251 θεοὺς,

2266 1273 2449 1334 λίθους
2480 1272 2656 1346 σύρειν
2689 1269 3055 1345 κεκλήρωσαι.

2335 1368 2427 1418 XI.
2462 1362 2695 1423 Ἐκεῖνος
2748 1357 2823 1431 δὲ,
2878 1360 2955 1421 ὡς
3001 1356 3156 1428 δῆθεν
3208 1356 3497 1433 δεδεμένου
3552 1358 3914 1434 κατακαυχώ-

2268 1470 2422 1523 μενος
2468 1452 2531 1522 ²⁴,
2578 1446 2778 1525 ἔλεγεν·
2812 1448 2951 1524 Ἐγώ
3001 1468 3059 1502 σε
3110 1452 3255 1502 ποιῶ
3305 1446 3382 1509 εἷς
3430 1444 3735 1523 ὑπόδειγμα
3777 1447 3912 1501 πάν-

2261 1561 2368 1593 των
2402 1542 2508 1593 τῶν
2541 1538 2758 1613 γοήτων
2791 1537 3475 1613 ἀναιρεθῆναι.Τηνικαῦτα
3505 1535 3534 1590 6
3568 1536 3724 1610 ἅγιος
3757 1534 3914 1607 Κλή-

2267 1649 2393 1700 μης,
2428 1624 2678 1688 δεδωκὼς
2710 1625 2899 1702 εὐχὴν,
2933 1624 3021 1679 καὶ
3053 1624 3357 1701 εὐλογήσας
3385 1625 3485 1693 τήν
3514 1622 3721 1679 ἐκείνου
3770 1622 3911 1697 σύμ-

2263 1710 2400 1784 ϐιον,
2434 1715 2690 1790 ἀπῲχετο
2717 1717 2781 1787 ²⁸,
2812 1718 2971 1768 τοῦτο
3022 1710 3398 1786 ἐντειλάμενος
3449 1712 3607 1787 αὐτῇ,
3645 1714 3722 1786 μὴ
3768 1712 3911 1767 παύ-

2263 1806 2445 1859 σασθαι
2501 1805 2563 1859 τὸ
2606 1804 2853 1880 παράπαν
2908 1810 3005 1873 τῆς
3058 1809 3397 1879 προσευχῆς,
3454 1802 3652 1877 μέχρις
3698 1801 3759 1856 ἃν
3808 1802 3911 1870 τήν

2261 1900 2385 1970 παρ’
2414 1893 2577 1948 αύτοῦ
2623 1892 2897 1966 ἐπίσκεψιν
2955 1893 2982 1947 6
3014 1890 3210 1968 Κύριος
3261 1890 3337 1953 εἷς
3386 1892 3478 1946 τὸν
3524 1887 3691 1967 ἄνδρα
3740 1890 3912 1960 αύτῆς

2258 1983 2562 2057 καταξιώσῃ
2612 1980 2894 2054 ἀναδεῖξαι.
2944 1979 3223 2055 Κλαιούσῃ
3272 1980 3449 2035 τοίνυν
3497 1979 3588 2035 καὶ
3638 1978 3914 2055 εύχομένῃ

2258 2076 2326 2145 τῇ
2359 2070 2631 2143 Θεοδώρᾳ,
2659 2071 2793 2144 πρὸς
2822 2070 3043 2145 ἑσπέραν
3095 2068 3259 2148 ἐφάνη
3310 2090 3395 2132 τις
3443 2068 3575 2137 ἀνὴρ
3622 2072 3691 2142 τῇ
3739 2067 3915 2139 πολιᾷ

2259 2159 2563 2233 αἰδέσιμος,
2622 2160 2710 2215 καὶ
2762 2159 2895 2213 εἴπεο
2948 2157 3046 2213 Διὰ
3108 2159 3166 2213 σὲ
3219 2158 3381 2233 ὑγιὴς
3430 2153 3603 2212 ἔσεται
3650 2157 3678 2211 6
3726 2156 3915 2212 Σισίν-

2258 2266 2393 2309 νιος’
2455 2246 2604 2309 ὅπως
2673 2246 2945 2319 πληρωθῇ
3019 2244 3152 2319 ὅπερ
3228 2242 3329 2323 ἔφη
3401 2246 3430 2299 6
3488 2242 3722 2323 ἀδελφός
3802 2265 3913 2317 μου

2260 2335 2475 2398 Παῦλος
2524 2338 2552 2391 6
2602 2335 2927 2397 ἀπόστολος*
2985 2334 3395 2410 Ἀγιασθήσεται
3451 2333 3479 2388 ὁ
3531 2334 3667 2409 ἀνὴρ
3718 2333 3747 2387 6
3782 2330 3914 2388 ἄπι-

2260 2447 2383 2487 στος
2442 2423 2530 2479 διὰ
2583 2425 2682 2493 τὴν
2736 2428 2961 2499 γυναῖκα
3012 2423 3110 2491 τὴν
3167 2423 3387 2492 πιστήν.
3447 2421 3545 2477 Καὶ
3601 2426 3770 2478 ταῦτα
3831 2423 3919 2479 εί-

2258 2515 2399 2583 πὼν,
2430 2512 2489 2568 ἐκ
2515 2519 2615 2582 τῆς
2644 2508 2818 2586 ὅψεως
2848 2511 3015 2581 αὐτῆς
3048 2511 3419 2587 ἀνεχώρησεν.
3459 2513 3614 2574 Ὅθεν
3670 2510 3915 2589 ἀναμφί-

2260 2598 2425 2658 ϐολον
2486 2602 2719 2677 ὑπάρχει
2772 2600 2862 2656 καὶ
2914 2597 3223 2669 κατάδηλον
3279 2599 3371 2654 τὸν
3417 2600 3681 2677 μακάριον
3732 2599 3915 2656 έκεῖσε

2260 2693 2461 2766 Πέτρον
2492 2692 2580 2745 τὸν
2609 2689 2918 2745 ἀπόστολον
2943 2691 3191 2765 φανῆναι.

2332 2788 2445 2836 XII.
2483 2780 2577 2835 Καὶ
2612 2777 2678 2847 δὴ
2714 2778 2935 2849 ἐξαυτῆς
2968 2776 3187 2832 ἐκάλεσε
3223 2778 3361 2853 πρὸς
3408 2777 3593 2834 ἑαυτὸν
3646 2778 3673 2833 6
3725 2777 3918 2834 Σισίνο

2258 2891 2368 2933 νιος
2411 2871 2509 2938 τὴν
2555 2864 2860 2942 Θεοδώραν,
2891 2866 2981 2921 καὶ
3025 2860 3171 2941 λέγει
3218 2866 3376 2940 αὐτῇι
3425 2865 3629 2940 Δέομαί
3678 2888 3773 2923 σου
3816 2864 3918 2923 ἵνα

2257 2958 2531 3032 ὶκετεύσῃς
2572 2958 2662 3012 τὸν
2713 2955 2842 3012 Θεόν
2892 2976 3007 3028 σου,
3038 2959 3136 3009 τοῦ
3186 2955 3263 3027 μὴ
3308 2954 3619 3031 ὀργισθῆναί
3675 2976 3790 3028 μοι.
3835 2956 3916 3012 Σὶ

2258 3050 2361 3125 γὰρ
2398 3046 2801 3118 ζηλοτυπήσας,
2833 3043 3208 3119 παρεγενόμην
3259 3043 3349 3099 καὶ
3399 3039 3729 3120 παρεισέϐην
3780 3046 3916 3088 ³⁸-²⁷

2256 3137 2480 3192 κατόπιν
2514 3158 2609 3190 σου
2641 3135 2717 3197 εἷς
2746 3136 2845 3204 τὴν
2879 3131 3191 3203 ἐκκλησίαν.
3226 3131 3323 3187 Καὶ
3364 3130 3453 3188 διὰ
3498 3134 3561 3188 τὸ
3609 3130 3781 3189 θέλειν
3836 3156 3915 3208 με

2258 3230 2384 3301 ὁρᾷν
2408 3227 2473 3280 τὰ
2499 3223 2803 3298 τελούμενα
2832 3226 2898 3292 ⁵³⁸,
2930 3222 3020 3277 καὶ
3077 3221 3346 3298 ἀκροατὴν
3395 3222 3525 3277 εἶναι
3574 3227 3680 3277 τῶν
3741 3220 3911 3300 λεγο-

2260 3318 2458 3389 μένων,
2487 3317 2585 3385 τήν
2616 3335 2674 3369 τε
2703 3313 2868 3381 ἀκοὴν
2903 3312 3016 3385 ἅμα
3046 3311 3135 3365 καὶ
3180 3312 3279 3379 τήν
3331 3310 3514 3388 ὅρασιν
3546 3314 3592 3349 ³⁸
3621 3310 3907 3370 ἀπώλεσα.

2258 3406 2388 3460 Νυνὶ
2438 3402 2514 3474 δὲ,
2550 3400 2736 3472 ἐπειδὴ
2769 3404 2814 3439 ³⁰
2840 3405 2938 3456 τοῦ
2986 3400 3153 3455 ταῦτά
3204 3421 3271 3473 με
3320 3401 3713 3471 ἀνακτήσασθαι
3742 3404 3775 3470 ἡ
3806 3408 3913 3458 τοῦ

2258 3492 2576 3567 Κλήμεντος
2654 3490 3016 3567 ἀπειργάσατο
3087 3489 3374 3563 παρουσία,
3435 3487 3660 3560 δεήθητι
3738 3489 3913 3545 αὐτοῦ

2260 3583 2410 3645 ὅπως
2439 3580 2570 3657 ἔλθῃ
2598 3580 2735 3657 πρός
2770 3601 2858 3653 με,
2887 3578 2976 3633 καὶ
3008 3581 3211 3653 ποιήσῃ
3247 3599 3312 3652 με
3338 3580 3439 3647 τήν
3471 3576 3731 3649 ἀλήθειαν
3765 3583 3916 3654 γνῶ-

2258 3694 2345 3726 ναι
2374 3674 2436 3734 “,
2469 3668 2617 3726 Ἐπεὶ
2666 3669 2755 3723 καὶ
2814 3668 2938 3740 ἐμοὶ
2995 3666 3084 3722 καὶ
3138 3672 3256 3729 τοῖς
3312 3664 3467 3721 παισί
3513 3687 3617 3739 μου
3650 3664 3918 3744 ἀσφαλῶς

2261 3760 2535 3835 ἐνομίζετο
2563 3758 2656 3816 τὸν
2689 3756 2804 3828 Κλή
2818 3778 2982 3831 μεντα
3012 3754 3288 3829 δεσμεύειν
3316 3756 3406 3810 σὺν
3429 3760 3549 3818 τοῖς
3580 3755 3744 3810 αὐτοῦ
3772 3754 3920 3828 κλη-

2262 3856 2457 3929 ρικοῖς,
2491 3850 2580 3904 καὶ
2634 3852 2824 3903 τοῦτον
2874 3846 3196 3921 περισύρειν·
3232 3843 3360 3899 ἀλλ’
3410 3842 3559 3900 οὗτοι
3613 3842 3801 3907 λίθους
3855 3867 3921 3901 τε

2260 3941 2348 3997 καὶ
2406 3938 2666 4015 στυλάρια
2695 3939 2741 3975 ³³
2773 3934 3116 4010 δεσμοῦντες,
3146 3931 3325 3991 ἕλκειν
3379 3955 3440 3990 τε
3490 3934 3581 3989 καὶ
3631 3931 3922 3990 ἀνθέλκειν

2259 4028 2675 4106 καταφαίνονται
2707 4030 2776 4085 ³³.

2331 4124 2473 4175 XIII.
2515 4120 2820 4187 Τηνικαῦτα
2884 4117 2920 4184 ἡ
2971 4111 3244 4187 Θεοδώρα,
3293 4114 3636 4188 πορευθεῖσα,
3705 4109 3923 4187 διηγή-

2263 4230 2390 4265 σατο
2447 4208 2621 4262 πάντα
2675 4207 2809 4281 ἅπερ
2870 4200 2998 4273 εἶδε,
3058 4202 3148 4257 καὶ
3205 4203 3340 4279 ἅπερ
3417 4201 3520 4257 ὑπὸ
3586 4205 3685 4257 τοῦ
3741 4200 3919 4271 αὐτῆς

2263 4292 2499 4371 συμϐίου
2548 4293 2792 4365 ἐλαλήθη
2846 4296 2914 4365 ⁸⁸,
2961 4296 3041 4365 τῷ
3103 4291 3243 4366 ἁγίῳ
3309 4290 3613 4365 Κλήμεντι.
3669 4296 3919 4365 Παραγε-

2260 4387 2491 4459 νόμενος
2520 4382 2609 4438 οὖν
2642 4384 2670 4437 6
2702 4384 2857 4457 ἅγιος
2880 4382 3017 4456 πρὸς
3045 4383 3138 4436 τὸν
3172 4379 3462 4452 Σισίννιον,
3500 4379 3635 4452 μετᾶ
3668 4384 3838 4450 τιμῆς
3873 4380 3922 4415 ⁸⁸

2265 4472 2563 4549 ὑπεδέχθη.
2623 4472 2757 4547 Παρ⁹
2812 4468 2874 4525 οὗ
2928 4470 3182 4541 ἀκηκοὼς
3238 4468 3439 4543 ὅσαπερ
3498 4468 3635 4543 πρὸς
3694 4463 3919 4522 οἰκοδο-

2268 4566 2374 4638 μὴν
2431 4569 2531 4631 τῆς
2586 4564 2771 4635 ψυχῆς
2827 4562 2872 4597 ³⁸
2923 4557 3238 4630 συνέτεινεν,
3289 4555 3567 4612 ἐπίστευσε
3638 4560 3719 4628 τῷ
3769 4557 3924 4629 Θεῷ,

2182 4652 2349 4723 Πκαὶ
2403 4654 2446 4688 ³⁷
2506 4649 2823 4723 ἐστερεώθηο
2878 4647 2967 4702 καὶ
3025 4644 3225 4719 ἤρξατο
3281 4650 3397 4708 τοῖς
3468 4644 3657 4721 γόνασι
3720 4646 3764 4683 ³³
3812 4649 3921 4700 τοῦ

2260 4738 2581 4813 Κλήμεντος
2611 4733 3142 4813 προσκυλινδεῖσθαι,
3174 4734 3265 4789 καὶ
3299 4734 3453 4810 βοᾷν·

2330 4834 2479 4886 XIV.
2518 4827 2840 4902 Εὐχάριστῶ
2886 4830 2963 4897 τῷ
3012 4823 3259 4895 ἀληθινῷ
3305 4828 3421 4896 Θεῷ
3470 4826 3522 4860 ³⁸
3573 4823 3665 4877 καὶ
3720 4844 3925 4879 παντο-

2256 4918 2502 4995 κράτορι,
2533 4918 2591 4979 ὃς
2634 4913 2723 4969 διὰ
2767 4914 2927 4969 τοῦτό
2982 4934 3048 4986 με
3077 4911 3438 4990 τετύφλωκεν,
3467 4910 3559 4966 ἵνα
3594 4908 3816 4986 ὅψωμαι
3847 4915 3917 4985 ⁸ο,

2255 5006 2343 5062 καὶ
2412 5004 2498 5061 διὰ
2553 5009 2712 5059 τοῦτο
2774 5004 2873 5073 τήν
2943 5003 3110 5071 ἀκοὴν
3178 4999 3453 5078 ἀφείλετο,
3508 4998 3582 5055 ’ἶν’
3649 5000 3920 5056 ένωτίσωο

2260 5116 2353 5171 μαι
2402 5097 2501 5166 τὴν
2552 5093 2833 5165 ἀλήθειαν,
2867 5095 2935 5163 ἧς
2966 5113 3097 5149 ποτε
3128 5090 3197 5146 δι’
3234 5087 3453 5167 ἄγνοιαν
3502 5088 3806 5167 κατεγέλων
3843 5094 3914 5127 “-

1845 5310 2079 5370 VARIE
2135 5312 2548 5370 LECTIONES.

567 5404 610 5439 ²¹
668 5413 1112 5481 αμίκατασχεῖν.
1190 5410 1236 5444 ²²
1288 5408 1360 5481 al.
1430 5406 1721 5481 κατέχουσι
1779 5407 1866 5462 καὶ
1924 5406 2165 5467 ἕλκουσι.
2242 5413 2286 5447 ⁸³
2344 5409 2421 5466 al.
2482 5409 2660 5465 inser.
2722 5405 2869 5465 ἰδών.
2949 5409 2995 5442 ³⁸
3053 5406 3127 5463 al.
3198 5408 3300 5459 τοῦ
3377 5401 3530 5481 ἁγίου

3606 5402 3799 5475 καυχώ
3807 5420 3875 5475 με
3885 5432 3913 5444 -

491 5492 602 5553 νρς.
635 5546 645 5553 _
680 5480 723 5512 ³⁵
756 5472 1061 5553 Exemplar
1088 5482 1249 5546 2124,
1285 5478 1360 5539 εἰς
1392 5472 1648 5553 eaeaeae
1682 5477 2025 5553 ἐπισκοπεῖον
2058 5482 2224 5539 ἀπίει.
2262 5483 2336 5538 Ad
2365 5482 2702 5553 episcopium
2734 5498 2897 5553 suum
2925 5480 3089 5553 abiit.
3122 5482 3250 5553 Cor.
3291 5472 3457 5553 _“-"’
3499 5472 3573 5553 al.
3625 5472 3913 5553 εἰσῆλθον.

492 5614 666 5691 ρίους.
742 5622 788 5655 ⁸³
848 5624 900 5677 al

595 5546 669 5601 θ¹ο
729 5543 1032 5625 ῖξλούμένα
1093 5543 1382 5625 μυστήρια.
1462 5551 1508 5625 ἓν
1566 5550 1640 5625 al.
1678 5549 1884 5625 ,ᾃρᾳσιν
1938 5554 2027 5609 καὶ
2086 5555 2273 5624 ἀκοήν.
2352 5543 2607 5625 ξοίάοθέι.
2673 5553 2731 5607 in
2791 5552 2864 5607 al.
2916 5547 3435 5625 ,Μαι-ἐπιγνῶναι.
3514 5546 3665 5625 δίει,
3709 5543 3915 5625 quia-

536 5616 666 5705 ξουε.
742 5622 796 5705 εί
848 5616 908 5705 al
972 5616 1403 5705 κατεφαίνοντο...
1458 5624 1503 5657 δι
1538 5623 1625 5705 31.
1666 5616 1925 5705 emet»,
1980 5616 2485 5705 63:6_r06_&v6_965‘
2524 5622 2708 5705 αρτῇς.
2778 5625 2833 5705 ,τε
2879 5622 2979 5705 al."
2998 5616 3686 5705 _1rollﬁc"rtyﬁc-n“.al;
3719 5619 3913 5705 ψθχῇς

492 5640 666 5705 praui.
742 5640 788 5655 συ
848 5640 900 5677 al
982 5643 1379 5699 κατεφαινοντο.
1458 5640 1503 5657 θ’
1552 5640 1625 5677 al.
1674 5640 1925 5695 εοηΛωυη
1982 5640 2084 5680 ὑπο
2133 5640 2229 5681 του
2280 5640 2474 5699 ανορος
2524 5640 2708 5689 αυτης.
2786 5640 2833 5659 ”
2882 5640 2955 5679 al.
3004 5640 3226 5690 ποΛΛης
3264 5640 3316 5675 τι

490 5708 716 5781 ξιξτίζδο,
754 5694 796 5728 ⁸⁷
840 5696 914 5749 8J-
1056 5692 1204 5777 3;ch
1252 5697 1511 5781 ψυχῆς.Η
1538 5695 1585 5729 ³⁸
1628 5692 1703 5781 αξ.
1756 5696 1900 5781 πόσῒς.
1925 5768 1939 5781 .
1978 5700 2040 5781 ³9,
2071 5699 2146 5755 al.
2321 5702 2399 5768 τῷ
2432 5692 2694 5781 ἀληθινιξ.
2772 5696 2817 5731 ⁸ο
2841 5694 2917 5751 al.
2951 5687 3175 5768 ὅψωμαι
3206 5640 3365 5748 aint}:

3375 5730 3388 5746 .
3466 5690 3515 5726 ιι
3541 5688 3620 5747 al.
3654 5687 3705 5743 έν
3735 5687 3775 5765 ᾖ
3799 5687 3905 5759 an,

489 5756 750 5833 ἀλήθειάν
782 5784 915 5820 ποτε
953 5756 1023 5821 διἲ
1050 5756 1275 5843 ἄγνοιαν
1296 5756 1628 5840 κατεγέλων,
1661 5763 1713 5819 ἐν
1745 5765 1882 5843 αύτῇ
1914 5768 2144 5833 ἀκούσας
2178 5756 2434 5844 δέξξυμάιο
2468 5756 2558 5821 κάῖ
2589 5756 2773 5823 τοῦτο.
