4118 6340
217 372 338 432 625

1369 376 1852 441 MARTYRIUM
1898 377 1964 440 S.
2010 378 2484 440 CLEMENTIS.

3515 380 3631 441 626

217 502 307 558 καὶ
366 507 533 559 τοῦτο
592 505 685 577 μὲν
746 502 996 578 ἐνόμιζον
1054 503 1246 580 ψευδὲς
1298 507 1583 583 ὑπάρχειν,
1629 507 1759 585 ὅπερ
1801 512 1843 577 ἦε

1985 511 2264 582 putabam
2300 510 2512 566 falsum
2544 527 2692 578 esse,
2728 512 2883 582 quod
2914 527 3115 567 verum
3148 515 3307 579 erat;
3339 512 3631 569 existima-

219 592 443 663 ἀληθὲς,
510 590 727 648 ἐδόκουν
790 591 847 649 δὲ
903 595 964 649 τὸ
1020 592 1257 667 ἔμπαλιν
1314 594 1533 669 ἀληθὲς,
1593 598 1622 652 ὃ
1677 595 1868 671 ψευδὲς

218 679 504 756 ἐτύγχανε·
564 683 626 736 τὸ
695 682 887 744 σκότος
964 683 1208 757 ἐνόμιζον
1270 688 1407 762 φῶς,
1474 685 1564 739 καὶ
1632 688 1695 740 τὸ
1754 692 1869 761 φῶς

218 770 409 832 σκότος
473 766 875 843 ὑπελάμϐανον.
928 770 1082 829 Ἀλλ’
1127 773 1449 849 ἐκαθαρίσθη
1510 776 1537 828 6
1590 780 1713 837 νοῦς
1764 797 1867 847 μου

218 857 275 912 ἑκ
331 863 428 913 τοῦ
489 858 779 933 μολυσμοῦ
826 866 925 929 τῆς
975 858 1407 933 εἶδωλομανίας.
1464 862 1709 932 Ἀληθῶς
1764 866 1865 940 γάρ

217 945 386 1020 ἔγνων
446 950 494 983 ⁴²
573 947 703 1010 τοὺς
777 946 1035 1021 δαίμονας
1110 949 1542 1020 ἐξαπατήσαντας
1624 955 1669 989 ⁶³
1738 951 1865 1014 τοὺς

216 1035 553 1109 ἀνθρώπους*
606 1036 753 1098 ὅπως
800 1042 904 1091 τῶν
961 1039 1037 1111 μὴ
1082 1039 1442 1093 πιστευόντων
1492 1041 1582 1094 τὸν
1634 1042 1859 1117 Χριστὸν

212 1122 339 1177 εἶναι
390 1125 523 1179 Θεὸν
576 1124 897 1201 κυριεύσωσι
949 1125 1139 1202 πέτραι
1186 1126 1275 1181 καὶ
1328 1126 1493 1198 λίθοι,
1545 1128 1721 1206 κωφοὶ
1771 1130 1859 1183 καὶ

209 1209 431 1283 ἄλαλοι,
466 1211 653 1289 ὥσπερ
685 1213 863 1287 κάμοῦ
913 1214 1279 1291 ἐπεκράτησαν
1334 1216 1498 1291 μέχρι
1529 1224 1631 1285 τῆς
1675 1214 1855 1292 δεῦρο.

209 1304 381 1355 Ταῦτα
427 1302 526 1356 καὶ
574 1302 642 1356 τὰ
688 1302 1043 1380 παραπλήσια
1089 1307 1135 1340 ⁴⁴
1179 1309 1275 1359 τοῦ
1326 1306 1595 1359 Σισιννίου
1626 1304 1857 1383 φάσκον-

203 1409 310 1456 τος,
371 1390 525 1466 χαρᾶ
582 1390 797 1466 μεγάλη
878 1392 1093 1469 γέγονεν
1130 1437 1143 1449 .
1203 1393 1514 1449 Ἐπίστευσε
1584 1395 1687 1469 γὰρ
1764 1395 1855 1449 σὺν

204 1478 341 1551 πάσῃ
395 1481 469 1547 τῆ
526 1479 693 1535 αὐτοῦ
746 1479 932 1553 οἷκίᾳο
990 1480 1081 1536 καὶ
1139 1479 1483 1543 ἐπιδεδωκὼς
1540 1484 1602 1537 τὸ
1655 1483 1855 1537 οἰκεῖον

206 1560 397 1638 ὄνομα,
447 1568 905 1644 προσεγγίζοντος
949 1572 993 1606 ⁸⁵
1040 1574 1138 1625 τοῦ
1188 1571 1398 1645 Πάσχα,
1450 1566 1744 1641 ἐϐαπτίσθη
1787 1574 1851 1609 ⁸⁸·

203 1656 588 1729 ἠριθμήθησαν
636 1654 695 1713 δὲ
743 1658 795 1711 οἳ
851 1657 1228 1734 βαπτισθέντες
1280 1659 1339 1713 ἐκ
1366 1664 1462 1714 τοῦ
1492 1656 1644 1715 οἷόιου
1690 1661 1854 1715 αὐτοῦ

206 1744 312 1816 ἅμα
338 1746 540 1807 πάντες
571 1743 759 1823 ἄνδρες
798 1767 859 1801 τε
906 1748 993 1802 καὶ
1046 1754 1289 1823 γυναῖκες
1334 1748 1424 1803 σὺν
1476 1754 1592 1811 τοῖς
1632 1748 1852 1818 νηπίοις

1979 600 2112 655 bam
2148 604 2342 655 autem
2390 616 2595 655 rursus
2626 616 2847 669 verum,
2901 601 3054 671 quod
3098 600 3312 656 falsum
3344 607 3499 656 erat:
3542 608 3629 657 te-

1978 689 2192 743 nebras
2209 688 2487 761 putabam
2520 688 2733 755 lucem,
2768 692 2825 742 et
2853 687 3041 743 lucem
3073 690 3344 744 tenebras
3378 690 3626 746 arbitra-

1976 776 2101 832 bar.
2136 778 2247 831 Sed
2283 782 2565 849 purgatus
2596 781 2683 831 est
2706 778 2939 831 animus
2970 794 3136 832 meus
3168 794 3201 831 a
3230 779 3504 833 sordibus
3532 779 3622 834 in-

1976 866 2106 921 sani
2140 865 2427 921 idolorum
2463 865 2680 921 cultus.
2707 868 2851 919 Vere
2883 866 3172 937 siquidem
3197 868 3403 937 agnovi
3434 868 3620 939 decipi

1975 970 2008 1008 a
2038 954 2402 1009 daemonibus
2435 954 2735 1019 homines;
2769 958 2833 1007 ut
2863 954 2921 1008 in
2970 969 3069 1009 eos
3100 954 3199 1025 qui
3232 972 3345 1009 non
3377 958 3623 1011 credunt

1973 1040 2272 1096 Christum
2296 1058 2423 1097 esse
2456 1047 2658 1111 Deum,
2691 1041 3066 1096 dominentur
3096 1048 3269 1113 petrae
3303 1060 3367 1097 ac
3398 1043 3621 1115 lapides

1972 1130 2175 1184 auditu
2225 1135 2488 1185 carentes
2534 1135 2589 1184 et
2634 1146 2791 1195 voce,
2836 1131 3331 1200 quemadmodum
3363 1138 3420 1187 et
3474 1133 3617 1187 mihi

1969 1217 2334 1288 imperarunt
2366 1235 2553 1290 usque
2604 1220 2662 1273 in
2696 1218 2854 1273 hunc
2908 1219 3083 1273 diem.
3119 1220 3235 1273 lsta
3282 1219 3618 1291 similiaque

1966 1307 2221 1363 Sisinnio
2254 1308 2601 1379 proferente,
2637 1308 2917 1379 gaudium
2964 1323 3244 1379 magnum
3279 1314 3471 1363 ortum
3504 1314 3611 1364 est.

1967 1395 2225 1451 Credidit
2244 1396 2400 1451 enim
2432 1412 2565 1451 cum
2588 1397 2746 1451 omni
2780 1396 2953 1451 domo
2976 1412 3112 1462 sua;
3146 1396 3475 1468 traditoque
3506 1415 3613 1453 suo

1966 1485 2221 1551 nomine,
2275 1486 2779 1557 appropinquante
2830 1485 3113 1539 Pascbate
3143 1485 3470 1555 baptizatus
3500 1491 3609 1542 est.

1964 1574 2263 1629 Numerati
2291 1580 2486 1629 autem
2507 1579 2647 1629 sunt
2668 1573 2769 1645 qui
2792 1573 3068 1645 baptizati
3094 1574 3327 1629 fuerunt
3351 1574 3421 1629 de
3438 1575 3611 1630 domo

1962 1665 2113 1733 ejus,
2144 1679 2349 1718 omnes
2380 1662 2557 1718 simul
2586 1663 2695 1717 viri
2725 1667 2782 1717 et
2802 1662 3079 1717 mulieres
3100 1678 3235 1716 cum
3262 1662 3606 1731 infantibus,

1962 1751 2372 1824 quadringenti
2422 1752 2627 1822 viginti
2679 1756 2817 1807 tres.
2850 1751 3133 1806 Caeterum
3184 1757 3421 1823 propter
3450 1751 3609 1807 hunc

201 1833 535 1904 τετρακόσιοι
567 1832 735 1890 εἷ’κοσι
772 1841 939 1912 τρεῖς.
990 1838 1086 1891 Διὰ
1125 1842 1315 1892 τοῦτον
1369 1835 1427 1892 δὲ
1454 1838 1545 1892 τὸν
1581 1839 1843 1893 Σισίννιον

272 1919 291 1939 Χ
310 1920 329 1939 Ἴ
382 1922 398 1939 \
469 1927 499 1938 α.
810 1929 838 1939 ι-
973 1924 987 1939 \
1060 1926 1093 1939 1‘
1208 1933 1249 1939 --
1362 1928 1374 1939 ι
1510 1931 1535 1939 .-
1577 1928 1603 1939 n
1703 1926 1721 1939 ς
1747 1929 1757 1939 ι

1959 1841 2281 1895 Sisinnium
2333 1840 2503 1894 multi
2551 1840 2893 1909 illustrium,
2939 1845 2997 1894 et
3034 1840 3354 1895 amicorum
3406 1841 3602 1896 Nervas

200 1919 398 1977 πολλοὶ
428 1927 542 1977 τῶν
575 1929 880 1999 περιφανῶν
901 1924 991 1980 καὶ
1014 1926 1185 2003 φίλων
1208 1928 1417 2000 Νερούα
1443 1931 1539 1981 τοῦ
1576 1926 1843 2003 βασιλέως

1958 1929 2323 2002 imperatoris
2354 1930 2424 1984 ad
2457 1929 2641 1985 Deum
2673 1928 2935 1985 conversi
2968 1933 3127 1983 sunt.

198 2010 329 2085 πρὸς
358 2015 403 2047 ⁸⁷
430 2012 529 2066 τὸν
562 2012 690 2067 Θεὸν
722 2012 1149 2091 ἐπεστράφησαν.

265 2100 377 2155 XV.
412 2102 541 2156 Κατ’
575 2100 782 2157 ἐκείνου
833 2100 890 2157 δὲ
934 2109 1032 2158 τοῦ
1080 2107 1272 2176 καιροῦ
1301 2105 1345 2140 ⁸⁸
1377 2104 1404 2157 6
1434 2104 1615 2177 κόμης
1662 2109 1767 2159 τῶν
1802 2108 1846 2142 ⁴⁹

201 2187 349 2250 θείων
410 2188 685 2267 ὄφιρικίων
755 2185 1029 2253 Πούϐλιος
1094 2194 1483 2265 Ταρκουτιανὸς
1518 2237 1531 2262 ,
1587 2194 1843 2267 ἑωρακὼς

198 2274 564 2352 ἀναρίθμητον
641 2277 855 2349 πληθὺν
942 2284 1022 2353 τῷ
1121 2282 1337 2355 Χριστῷ
1420 2281 1772 2336 πιστεύσασαν
1828 2327 1841 2352 ,

199 2365 636 2439 προσεκαλέσατο
686 2366 815 2430 τοὺς
866 2370 1168 2443 προστάτας
1222 2374 1329 2424 τῶν
1383 2370 1675 2446 ῥεγεώνων,
1726 2370 1843 2425 ἐπι-

202 2450 450 2518 δεδωκὼς
510 2458 559 2493 ⁶⁰
602 2455 785 2518 αὐτοῖς
840 2460 1123 2535 χρήματα,
1182 2459 1489 2535 παρέσεισεν
1549 2462 1592 2497 ⁸¹
1649 2459 1843 2523 αὐτοὺς

196 2540 286 2598 ⁴ἵνα
337 2545 605 2616 κινήσωσι
670 2544 910 2622 τάραχον
966 2551 1045 2619 τῷ
1102 2552 1405 2625 Χριστιανῷ
1461 2550 1507 2585 ⁸³
1566 2548 1791 2622 ὀνόματι
1829 2592 1842 2607 .

265 2654 417 2709 XVI.
461 2655 811 2715 Διοικοῦντος
860 2652 1038 2708 τοίνυν
1078 2654 1424 2727 Μαμερτίνου
1470 2658 1568 2709 τοῦ
1599 2654 1843 2731 ἐπάρχου

197 2742 287 2793 τοῦ
339 2739 638 2795 πολιτικοῦ
692 2741 881 2815 θρόνου
938 2744 1021 2812 ³³,
1080 2745 1261 2805 στάσις
1320 2743 1509 2818 γέγονε
1563 2749 1661 2799 τοῦ
1717 2746 1846 2799 Ῥω-

200 2826 363 2896 μαίων
421 2825 615 2900 δήμου
663 2828 745 2883 ἐπ’
793 2828 1019 2903 ὀνόματι
1068 2836 1164 2885 τοῦ
1210 2830 1549 2905 Κλήμεντος·
1585 2832 1671 2887 καὶ
1703 2834 1839 2908 πρὸς

193 2913 466 2985 ἀλλήλους
503 2918 885 2993 συγχυθέντες,
939 2917 1103 2975 ἄλλοι
1151 2924 1197 2957 ⁶⁴
1251 2924 1345 2993 μὲν
1398 2920 1609 2996 ἔλεγον·
1644 2923 1704 2976 Τί
1734 2923 1837 2997 γὰρ

193 3005 343 3057 κακὸν
396 3002 645 3081 ἔπραξεν,
708 3007 741 3076 ἢ
800 3008 853 3061 τί
910 3012 1018 3062 τῶν
1076 3007 1257 3064 καλῶν
1316 3010 1377 3064 ού
1434 3012 1834 3085 κατώρθωσεν;

194 3090 328 3154 ὅστις
376 3094 482 3169 γάρ
540 3094 817 3170 ἄρρωστος
869 3097 995 3173 παρ’
1044 3096 1209 3152 αὐτοῦ
1268 3096 1587 3175 έπεσκέφθη,
1640 3099 1834 3161 ῗάσεως

187 3176 363 3257 ἔτυχεν
395 3203 408 3217 ο
471 3181 625 3244 ὅστις
680 3185 816 3260 πρὸς
844 3185 1001 3239 αὐτὸν
1038 3184 1418 3259 λελυπημένος
1476 3190 1519 3223 ³⁸
1568 3187 1782 3257 ἀπῆλθε
1816 3232 1830 3257 ,

186 3242 383 3345 χαίρων
442 3242 831 3346 ἀνεχῶρησενν·
890 3272 1079 3328 οὐδένα
1136 3242 1273 3329 ποτὲ
1318 3242 1523 3349 ἔϐλαψε
1556 3322 1570 3346 ,
1625 3242 1829 3340 πάντας
1861 3242 1903 3309 C

186 3354 237 3411 δὲ
264 3358 571 3436 ὠφέλησεν.
606 3360 806 3417 Ἀλλοι
868 3360 924 3417 δὲ
971 3365 1237 3435 πνεύματι
1286 3359 1589 3437 διαϐυλικῷ
1638 3365 1833 3420 ἐκκαυ-

191 3444 381 3515 θέντες,
442 3446 708 3522 ἔκραζονο
767 3456 1060 3521 Γοητικαῖς
1106 3453 1326 3527 τέχναις
1385 3457 1552 3508 ταῦτα
1604 3458 1831 3524 ποιῶν,

189 3538 287 3588 τῶν
346 3537 483 3591 θεῶν
544 3539 705 3610 ἡμῶν
772 3541 871 3607 τὴν
928 3538 1176 3612 λατρείαν
1235 3540 1541 3615 ἀνατρέπεν
1592 3543 1684 3597 τὸν
1740 3543 1835 3597 Δία

192 3619 329 3699 λέγει
387 3627 511 3689 θεὸν
575 3628 651 3699 μὴ
715 3626 849 3681 εἶναι
880 3673 893 3686 .
943 3627 1209 3704 Ἡρακλέα
1285 3627 1342 3684 δὲ
1396 3631 1485 3685 τὸν
1566 3630 1832 3705 ἡμέτερον

192 3710 415 3788 φύλακα,
470 3714 774 3791 ἀκάθαρτον
831 3717 965 3772 εἶναι
1022 3716 1165 3794 λέγει
1224 3723 1458 3792 πνεῦμα·
1504 3718 1831 3797 ’Δφροδίτην

194 3801 283 3868 τὴν
343 3800 497 3858 ὁσίαν
554 3806 600 3841 ⁸⁵
656 3805 776 3859 θεὰν
810 3850 825 3877 ,
882 3806 1089 3882 πόρνην
1144 3807 1412 3883 γεγονέναι
1474 3808 1780 3871 ὑποτίθεται
1817 3828 1829 3840 ·

194 3889 389 3945 Ἐστίαν
461 3890 521 3947 δὲ
578 3893 678 3961 τὴν
742 3895 991 3970 μεγάλην
1049 3897 1167 3950 θεὰν
1228 3896 1357 3973 πυρὶ
1418 3896 1833 3967 κατηναλῶσθαι

197 3976 507 4057 βλασφημεῖ
541 4023 554 4037 .
612 3982 882 4046 Ὡσαύτως
958 3981 1015 4038 δὲ
1067 3984 1157 4039 καὶ
1225 3986 1324 4055 τὴν
1385 3984 1737 4061 εύαγεστάτην
1792 3989 1833 4022 ⁸⁷

192 4068 302 4128 θεὰν
353 4070 612 4140 Ἀθηνᾶν,
664 4071 924 4148 ¹Ἀρτεμίν
976 4094 1036 4128 τε
1082 4075 1170 4129 καὶ
1220 4080 1458 4149 Ἑρμῆν,
1508 4074 1620 4147 ἅμα
1659 4095 1718 4128 τε
1744 4074 1835 4129 καὶ

193 4154 276 4208 τὸν
328 4157 573 4232 Κρόνον,
630 4159 720 4213 καὶ
774 4162 866 4216 τὸν
928 4163 1094 4237 ’Δρεα
1157 4158 1483 4219 διαϐάλλει.
1545 4163 1723 4218 Πάντα
1778 4184 1837 4218 τι

196 4243 256 4297 τὰ
312 4241 556 4319 ὀνόματα
611 4252 715 4302 τῶν
772 4249 1054 4327 ἡμετέρων
1114 4253 1248 4306 θεῶν
1279 4295 1295 4322 ,
1350 4252 1439 4307 καὶ
1491 4252 1616 4314 τοὺς
1674 4252 1835 4314 ναοὺς

198 4328 519 4409 καθυϐρίζει.
583 4337 651 4392 Ἦ
707 4338 853 4393 θύσει
926 4344 1046 4401 τοῖς
1111 4342 1259 4403 θεοῖς
1315 4343 1476 4414 ἡμῶν
1512 4383 1526 4407 ,
1583 4342 1619 4410 ἢ
1678 4340 1835 4403 αὐτὸς

201 4416 551 4500 ἰξαλειφθείη.

263 4511 432 4569 XVII.
495 4512 627 4568 Τότε
680 4520 1027 4591 Μαμερτῖνος
1085 4518 1113 4572 6
1164 4524 1263 4586 τῆς
1310 4515 1526 4580 πόλεως
1576 4515 1834 4595 ἔπαρχος,

2023 2105 2137 2161 XV.
2174 2107 2235 2161 In
2268 2106 2367 2161 illo
2396 2110 2591 2160 autem
2623 2110 2883 2177 tempore
2908 2120 3102 2160 comes
3135 2122 3433 2161 sacrorum
3465 2106 3594 2161 offl-

1953 2195 2175 2249 ciorum
2195 2194 2437 2249 Publius
2457 2194 2875 2265 Tarquitianus
2901 2209 3035 2248 cum
3056 2193 3425 2249 innumeram
3450 2193 3601 2249 mul-

1952 2283 2263 2339 titudinem
2282 2283 2511 2339 Christo
2541 2283 2762 2338 videret
2781 2282 3118 2352 credidisse,
3142 2282 3443 2338 arcessivit
3463 2300 3601 2354 prae-

1953 2372 2133 2428 fectos
2163 2373 2491 2445 regionum,
2523 2376 2579 2427 et
2621 2372 2758 2427 data
2786 2372 2869 2427 eis
2918 2372 3163 2443 pecunia
3194 2371 3485 2443 persuasit
3535 2376 3601 2427 ut

1953 2461 2278 2517 tumultum
2336 2465 2769 2517 commoverent
2824 2461 3105 2516 adversus
3162 2476 3376 2516 nomen
3433 2460 3596 2517 Chri-

1952 2552 2232 2607 stianum.

2023 2656 2164 2713 XVI.
2222 2656 2685 2713 Administrante
2732 2656 2913 2729 igitur
2960 2656 3133 2712 Urbis
3190 2656 3593 2728 prmfecturam

1951 2746 2317 2815 Mamertino,
2343 2746 2549 2801 seditio
2588 2746 2739 2800 facta
2762 2750 2853 2800 est
2882 2745 3079 2817 populi
3115 2744 3360 2800 Romani
3390 2746 3461 2801 de
3490 2762 3594 2801 no-

1952 2835 2109 2890 mine
2130 2834 2464 2901 Clementis;
2498 2840 2669 2903 atque
2700 2833 2853 2889 inter
2873 2850 2934 2888 se
2958 2832 3205 2903 confusi,
3229 2832 3327 2887 alii
3356 2833 3591 2904 quidem

1948 2923 2237 2979 dicebant:
2262 2923 2408 2985 Quid
2441 2924 2595 2978 enim
2629 2922 2765 2977 mali
2798 2922 2951 2989 fecit,
2978 2926 3078 2977 aut
3108 2922 3246 2994 quid
3280 2939 3395 2976 non
3430 2922 3592 2977 bonas

1948 3013 2027 3066 rei
2061 3010 2281 3083 gessit?
2318 3012 2683 3083 Quicumque
2713 3012 2869 3066 enim
2913 3015 3165 3083 aegrotus
3195 3013 3267 3064 ab
3297 3027 3363 3065 eo
3393 3010 3593 3067 visita-

1944 3106 2040 3155 tus
2070 3106 2177 3170 est,
2213 3101 2525 3155 sanitatem
2575 3104 2665 3155 est
2714 3104 3099 3155 consecutus:
3151 3100 3488 3170 quicunque
3518 3100 3589 3153 ad

1944 3206 2077 3244 eum
2111 3188 2347 3244 tristitia
2391 3189 2631 3243 affectus
2674 3188 2837 3252 abiit,
2869 3188 3131 3260 gaudens
3162 3204 3427 3243 reversus
3466 3191 3587 3242 est:

1944 3278 2173 3333 nullum
2207 3294 2468 3347 unquam
2502 3276 2687 3343 laesit;
2736 3276 2854 3331 imo
2886 3274 3102 3346 profuit
3149 3275 3446 3330 omnibus.
3478 3276 3589 3329 Alii

1942 3372 2136 3421 autem
2162 3366 2451 3421 diabolico
2473 3366 2698 3419 accensi
2723 3363 2955 3435 spiritu,
2978 3362 3331 3419 clamabant:
3356 3364 3592 3435 Magicis

1942 3455 2169 3509 artibus
2218 3456 2328 3509 ista
2377 3452 2618 3521 faciens,
2679 3453 2921 3507 deorum
2974 3456 3309 3506 nostrorum
3367 3452 3591 3507 cultum

1942 3544 2188 3611 evertit;
2234 3542 2432 3597 Jovem
2482 3544 2657 3612 negat
2686 3556 2815 3595 esse
2864 3540 3079 3594 deum:
3124 3540 3427 3595 Herculem
3457 3556 3592 3596 vero

1942 3631 2248 3687 custodem
2283 3634 2572 3695 nostrum,
2623 3628 2765 3683 dicit
2816 3644 2945 3684 esse
2985 3628 3363 3684 immundum
3413 3629 3592 3701 spiri-

1941 3723 2070 3775 tum
2107 3736 2119 3773 :
2155 3719 2435 3774 Venerem
2468 3718 2638 3773 deam
2671 3722 2956 3782 sanctam,
3004 3716 3376 3773 meretricem
3408 3718 3592 3773 fuisse

1942 3810 2145 3864 docet:
2176 3808 2414 3863 Vestam
2448 3812 2644 3863 autem
2696 3823 2971 3879 magnam
3023 3808 3214 3875 deam,
3248 3806 3382 3878 igne
3414 3806 3592 3862 fuisse

1942 3902 2353 3967 consumptam
2404 3894 2815 3951 calumniatur.
2878 3894 3069 3951 Simili
3127 3910 3361 3967 quoque
3418 3896 3589 3950 modo

1942 3985 2379 4041 sanctissimam
2412 3986 2581 4040 deam
2606 3985 2949 4051 Minervam,
2972 3985 3111 4039 item
3139 3984 3407 4050 Dianam,
3441 3984 3593 4039 Mer-

1943 4073 2193 4142 curium,
2241 4073 2535 4144 simulque
2584 4073 2901 4127 Saturnum
2938 4077 2995 4127 et
3024 4074 3267 4127 Martem
3319 4072 3587 4127 infamat.

1942 4166 2129 4233 Atque
2160 4162 2358 4216 omnia
2384 4162 2625 4217 deorum
2649 4166 2983 4215 nostrorum
3009 4160 3267 4227 nomina,
3293 4165 3351 4216 et
3370 4162 3594 4233 templa

1945 4251 2318 4307 contumeliis
2368 4250 2566 4305 afficit.
2620 4252 2730 4304 Aut
2786 4249 3139 4305 sacriﬁcabit
3185 4249 3299 4305 diis
3353 4251 3592 4316 nostris,

1946 4343 2050 4395 aut
2080 4339 2205 4411 ipse
2236 4338 2517 4395 deleatur.

2019 4520 2196 4572 XVII.
2242 4517 2407 4571 Tunc
2455 4515 2838 4572 Mamertinus
2887 4514 3058 4571 Urbis
3105 4515 3430 4587 praefectus,
3478 4531 3595 4571 non

207 4598 276 4669 μὴ
335 4600 512 4678 φέρων
570 4607 669 4657 τοῦ
726 4601 907 4677 δήμου
960 4606 1060 4674 τήν
1121 4605 1342 4676 στάσιν,
1401 4606 1646 4662 ἐκέλευσε
1704 4608 1839 4683 πρὸς

1958 4607 2143 4662 ferens
2175 4605 2374 4676 populi
2406 4606 2779 4672 seditionem,
2814 4604 3001 4674 jussit
3031 4605 3102 4659 ad
3130 4620 3192 4659 se
3218 4604 3425 4658 adduci
3460 4604 3594 4657 bea-

204 4685 379 4743 ὶαυτὸν
439 4689 741 4767 ἀναχθῆναι
799 4695 843 4730 ⁸⁸
896 4693 987 4748 τὸν
1048 4695 1455 4767 μακαριώτατον
1526 4694 1834 4769 Κλήμεντά·

206 4774 358 4852 ὅνπερ
434 4777 808 4852 θεασάμενος,
866 4779 1067 4858 ἤρξατο
1145 4783 1319 4861 λέγειν
1360 4804 1373 4816 ·
1435 4786 1519 4856 Ἐξ
1597 4786 1838 4861 εὐγενοῦς

208 4864 295 4937 μὶν
328 4866 480 4941 ῥίζης
511 4867 915 4945 προελήλυθας’
949 4871 1081 4947 ὅπερ
1130 4874 1264 4945 ἡμῖν
1315 4875 1351 4943 ἡ
1402 4878 1510 4928 τῶν
1552 4876 1835 4947 Ῥωμαίων

202 4950 409 5023 πληθὺς
455 4963 867 5034 προσμαρτυρεῖ
920 4962 965 4995 ⁸³
996 4977 1009 4990 '
1071 4958 1217 5015 ἀλλὰ
1270 4960 1486 5032 πλάνην
1544 4961 1775 5033 ὑπέστης
1822 4981 1833 4994 ·

201 5042 284 5095 καί
340 5040 428 5098 διὰ
497 5049 660 5100 τοῦτο
737 5046 798 5102 ού
857 5046 1106 5126 φέρουσιν
1160 5051 1249 5086 ⁸ο·
1314 5047 1501 5119 ἐπειδὴ
1569 5049 1667 5105 οὐκ
1720 5048 1838 5105 οίδα

201 5127 314 5185 τίνα
359 5133 585 5209 Χριστὸν
639 5129 788 5211 σέϐῃ,
836 5137 925 5191 καὶ
977 5135 1186 5193 ἐναντία
1230 5142 1338 5194 τῶν
1368 5140 1412 5176 ⁶¹
1446 5138 1497 5193 έν
1525 5143 1641 5200 τοῖς
1688 5144 1838 5201 ναοῖς

1948 4696 2247 4751 tissimum
2275 4694 2661 4749 Clementem:
2689 4710 2863 4764 quem
2890 4692 3163 4759 intuitus,
3188 4692 3360 4764 ccepit
3382 4692 3591 4747 dicere:

1949 4786 1989 4840 E
2021 4784 2202 4839 nobili
2234 4784 2467 4854 quidem
2510 4783 2702 4838 radice
2734 4782 3039 4853 prodiisti;
3073 4784 3225 4852 quod
3276 4781 3447 4836 nobis
3478 4781 3595 4835 Ro-

1950 4889 2125 4928 mana
2171 4872 2335 4943 plebs
2376 4876 2722 4927 attestatur:
2775 4870 2876 4925 sed
2927 4884 3182 4925 errorem
3232 4868 3506 4924 subiisti:
3540 4876 3597 4923 et

1948 4962 2077 5017 ideo
2109 4978 2224 5015 non
2258 4961 2449 5015 ferunt
2474 4977 2487 5027 ;
2512 4960 2647 5030 quia
2677 4959 2871 5014 nescio
2895 4974 3068 5030 quem
3101 4956 3397 5012 Christum
3428 4956 3593 5023 colis,

1947 5054 2151 5106 contra
2198 5050 2337 5104 deos
2389 5048 2490 5119 qui
2534 5047 2594 5103 in
2641 5046 2881 5118 templis
2929 5046 3292 5101 honorantur
3318 5044 3595 5116 suscipis.

1948 5138 2229 5205 Quocirca
2275 5140 2504 5209 oportet
2534 5140 2599 5192 ut
2648 5136 2905 5208 deponas
2954 5150 3188 5190 omnem
3236 5132 3595 5206 superﬂuam

1548 5256 1783 5312 VARUE
1821 5254 2228 5312 LECTIONES.

272 5346 316 5382 ⁴²
338 5345 412 5443 al;
463 5345 727 5443 ἐπέγνωνέ
777 5352 826 5443 ξ³
884 5351 959 5436 al.
1018 5350 1513 5443 έὲαππῶπας.’“
1550 5355 1637 5443 ξι.
1699 5354 1874 5443 inrser.
1934 5351 2171 5439 τρύτοις.
2231 5352 2279 5443 ff
2338 5350 2412 5443 ql.
2451 5346 2943 5443 1ιιτροσεγγίσαντος.
2996 5338 3599 5443 ξ81.ιξϐαπτίσῖθηάύ-

205 5412 291 5507 ξξς
319 5418 407 5503 καὶ
458 5412 649 5501 πάντες
682 5422 733 5475 οἱ
773 5421 825 5476 ἐν
873 5426 953 5494 τῷ
1000 5412 1137 5496 οἷτκῳ
1185 5412 1383 5491 αὐτοῦ,
1420 5424 1512 5507 ἠρ.
1547 5421 1594 5482 δ.
1646 5445 1695 5480 ο.
1751 5423 1908 5499 βάπτ.
1964 5421 2172 5496 ἄνδρες.
2230 5424 2272 5457 ⁸⁷
2318 5421 2392 5477 al.
2448 5412 2757 5502 ἐπίστευσαν
2808 5419 2898 5507 καξ
2946 5417 3112 5507 πρός.1
3152 5419 3196 5453 ⁸⁸
3234 5412 3598 5507 Ιξαξέκείνου

211 5482 265 5568 δέ
292 5493 386 5568 τοῦ
413 5482 801 5568 καιροῦέΗίῐιο
831 5482 1295 5568 ἱοοῖρὶῑυνόρυά
1345 5482 1605 5563 Surium,
1657 5482 2007 5568 Novembris
2047 5482 2217 5568 axili.
2260 5494 2390 5568 (lor.
2443 5494 2488 5528 ‘9
2520 5495 2697 5568 .deest
2745 5492 2802 5568 in
2849 5491 2922 5568 al.
2974 5482 3019 5527 ιδ
3057 5490 3135 5568 al.
3164 5485 3595 5568 _mi"658wa‘oﬁ‘c.

213 5558 252 5595 ⁸⁸
440 5558 662 5643 ἔπεισεν.
723 5568 762 5622 f.
821 5558 1193 5643 παρέπεισεν,⁸
1223 5569 1267 5602 ⁵³
1326 5568 1401 5623 al.
1466 5558 1832 5643 Χριστιανικῷ
1888 5568 1956 5643 ⁵³.
1991 5565 2239 5639 ὑπάρχου
2294 5564 2385 5617 τὸν
2442 5560 2745 5643 πολιτικρν.
2778 5560 2968 5643 θρόνον
2992 5606 3003 5619 .
3054 5564 3097 5643 ξ⁴
3129 5561 3180 5643 al
3206 5603 3217 5615 .
3254 5558 3425 5643 ᾄλλος
3456 5559 3595 5643 αλλο

216 5635 327 5715 in:
350 5630 508 5687 αὐτοῦ
537 5632 750 5715 ἔλεγον·
773 5630 1001 5715 eme-8s
1022 5636 1329 5715 dwéleyovrj
1356 5630 1568 5715 TlAde.
1600 5641 1644 5675 ⁵⁸
1674 5641 1749 5715 al.
1785 5630 2222 5715 λυπυύμεγοξῗδθ
2253 5638 2415 5692 deest
2444 5636 2501 5692 in
2536 5634 2609 5691 al.
2642 5636 2683 5669 ⁵⁷
2716 5630 2878 5690 deest
2918 5634 2978 5690 in
3028 5633 3103 5689 al.
3136 5634 3179 5668 ⁸⁸
3224 5632 3297 5689 al.
3338 5632 3593 5706 ἀχθῆναι.

214 5700 257 5738 δ’
280 5702 351 5759 al.
384 5700 659 5783 μαρτυρεῖί
689 5710 735 5746 ⁸ο
765 5708 841 5765 al.
874 5708 1121 5787 φέρουσιν
1154 5700 1383 5782 σιὼπᾷν.
1415 5700 1469 5749 δί’
1493 5700 1707 5770 desunt
1731 5712 1791 5768 in
1823 5711 1899 5768 al.
