4118 6340
417 429 531 489 627

1515 421 1913 484 APPENDIX
1962 423 2063 482 AD
2111 421 2176 482 S.
2223 419 2727 482 CLEMENTEM.

3706 422 3825 482 628

418 558 913 633 superstitionem,
937 555 1209 629 colasque
1231 557 1369 613 deos
1385 556 1649 613 eximios.
1672 558 1833 612 Tunc
1851 555 2058 611 beatus

2210 554 2281 606 ὦν
2317 556 2449 615 θεῶν
2484 550 2749 628 ἀποδέχῃ.
2795 552 2886 607 Διὸ
2928 552 3217 617 ἀποθέσθαι
3269 574 3325 608 σε
3376 550 3459 608 δεῖ
3503 558 3674 608 πᾶσαν
3726 556 3825 623 τὴν

421 648 727 707 Clemens:
779 646 1071 718 Optarem,
1123 645 1337 718 inquit,
1386 652 1496 700 tuae
1551 644 1900 701 excellentiae
1934 661 2067 716 pru-

423 737 680 796 dentiam
716 737 787 791 ad
830 752 1017 791 meam
1065 735 1466 791 defensionem
1513 734 1827 801 attendere,
1859 737 1915 788 et
1954 750 2069 788 non

421 832 656 901 propter
675 825 1078 896 imperitorum
1102 825 1466 895 seditionem,
1494 824 1595 880 sed
1621 826 1855 895 propter
1878 839 2067 878 meam

426 915 750 973 doctrinam
783 930 1093 969 accusasse
1144 930 1256 969 me.
1290 914 1436 968 Nam
1485 913 1535 969 si
1567 929 1739 968 canes
1789 912 1957 966 multi
1991 910 2069 966 al-

426 1004 765 1061 latraverint
796 1020 903 1059 nos
942 1019 1005 1058 ac
1051 1002 1415 1068 disciderint,
1447 1019 1561 1057 non
1604 1004 1852 1073 possunt
1896 1000 2070 1056 etiam

428 1091 654 1148 auferre
693 1091 847 1162 quod
881 1090 1151 1147 homines
1196 1089 1511 1146 rationales
1544 1106 1792 1157 sumus;
1843 1090 2074 1161 ipsique

427 1183 733 1237 remanent
763 1195 937 1235 canes
986 1180 1112 1235 sine
1144 1179 1367 1234 ratione
1417 1178 1795 1234 oblatrantes.
1847 1177 2074 1233 Etenim

427 1269 635 1327 seditio
681 1284 911 1340 semper
939 1269 1013 1324 ab
1057 1268 1344 1340 imperitis
1387 1267 1677 1339 proficisci
1727 1268 2074 1337 ostenditur,

428 1359 569 1415 adeo
601 1362 665 1413 ut
704 1356 851 1412 nihil
892 1356 1105 1412 habeat
1138 1360 1349 1427 lutum,
1401 1372 1507 1411 nec
1538 1356 1711 1411 etiam
1745 1372 1944 1410 verum
1991 1371 2077 1411 re-

430 1452 729 1519 ctumque.
758 1446 1147 1512 Quamobrem
1180 1450 1476 1517 quaeratur
1502 1444 1719 1500 silentii
1749 1444 1995 1515 occasio,
2020 1444 2078 1499 in

432 1552 548 1609 quo
574 1551 678 1607 pro
710 1534 898 1591 salute
919 1552 1027 1591 sua
1048 1534 1222 1590 homo
1254 1534 1496 1590 rationis
1518 1534 1810 1606 particeps
1833 1534 1987 1605 apud
2020 1549 2082 1588 se

434 1623 765 1681 consultare
806 1640 872 1680 ao
903 1624 1188 1679 disserere
1224 1623 1485 1694 incipiat,
1519 1638 1634 1693 quo
1665 1638 1867 1677 verum
1897 1621 2081 1677 Deum

435 1713 713 1779 inveniat,
744 1712 837 1768 cui
867 1712 1042 1769 ﬁdem
1073 1728 1243 1768 suam
1273 1710 1449 1784 digne
1479 1711 1871 1767 commendet.

435 1800 525 1856 καὶ
612 1797 950 1874 διαλέγεσθαι
1034 1798 1332 1875 ἀπάρξηται
1367 1845 1381 1871 ,

442 1890 619 1966 ράθοι,

1436 1796 1528 1853 ’ίνα
1609 1798 1699 1852 τὸν
1782 1798 1962 1869 ἀληθῆ
2041 1798 2167 1853 Θεὸν
2247 1797 2441 1874 εὕροι,
2501 1799 2546 1871 ᾦ
2602 1800 2701 1868 τὴν

2178 643 2431 715 περιττὴν
2489 640 2955 715 δεισιδαιμονίαν,
3013 641 3102 697 καί
3175 648 3289 704 τοῖς
3366 642 3617 713 ἐξαισίοις
3684 646 3828 707 θεοῖς

2180 729 2455 802 λατρεύειν
2497 734 2563 788 ⁸³.
2622 732 2752 787 Τότε
2809 733 2835 786 6
2898 730 3158 809 μακάριος
3212 732 3446 804 Κλήμης
3507 732 3606 811 ἔφη
3643 753 3656 765 '
3722 734 3832 787 Ηό-

2179 819 2365 895 χόμην
2396 821 2494 888 τὴν
2526 827 2625 889 τῆς
2678 827 2777 890 σῆς
2833 821 3112 896 ὑπεροχῆς
3160 820 3418 898 φρόνησιν
3468 822 3830 898 προσανέχειν

2186 930 2288 983 μου
2318 908 2387 982 τῇ
2437 908 2730 983 ἀπολογίᾳ,
2781 910 2870 965 καὶ
2925 911 2999 983 μὴ
3044 911 3131 964 διὰ
3183 910 3361 964 στάσιν
3408 915 3516 965 τῶν
3574 909 3833 966 ἀπαιδεύ-

2182 1019 2312 1071 των,
2346 997 2491 1053 ἀλλὰ
2520 996 2608 1053 διὰ
2633 999 2723 1052 τὸν
2775 998 2903 1072 ἐμὸν
2954 998 3119 1074 λόγον
3168 999 3474 1075 γράψασθαί
3529 1022 3615 1073 με.
3662 1001 3835 1071 Ἐπεὶ,

2185 1085 2270 1141 ἐὰν
2302 1086 2455 1149 κύνες
2487 1088 2636 1159 ἡμᾶς
2666 1087 2871 1143 πολλοί
2902 1087 3265 1163 περιυλάξωσι
3315 1088 3403 1142 καὶ
3435 1090 3834 1165 κατασχίσωσι,

2190 1177 2264 1250 μὴ
2300 1174 2546 1231 δύνανται
2579 1174 2869 1255 ἀφελέσθαι
2914 1177 3005 1231 καὶ
3053 1177 3116 1231 τὸ
3158 1177 3293 1231 εἶναι
3342 1179 3490 1251 ἡμᾶς
3542 1182 3635 1251 μὲν
3679 1177 3840 1254 λογι-

2185 1264 2312 1327 κοῦς
2369 1266 2683 1342 ἀνθρώπους
2721 1310 2735 1336 ,
2793 1266 3028 1328 ἐκείνους
3087 1264 3144 1320 δὲ
3209 1266 3373 1329 κύνας
3432 1269 3476 1304 ⁸³
3528 1266 3840 1343 ἀλογίστως

2187 1353 2671 1419 καθυλακτοῦντας.
2732 1355 2835 1411 Καὶ
2885 1356 2986 1431 γὰρ
3043 1356 3077 1425 ἡ
3128 1354 3309 1417 στάσις
3359 1356 3439 1410 ἀεὶ
3486 1359 3632 1433 παρὰ
3680 1358 3840 1412 ἀπαι-

2190 1440 2389 1497 δεύτων
2482 1443 2873 1519 προερχομένη
2954 1441 3309 1499 διαδείκνυται
3370 1486 3384 1513 ,
3460 1444 3597 1499 ὥστε
3677 1443 3846 1519 μηδὲν

2194 1530 2428 1609 ἀσφαλὲς
2486 1535 2533 1568 ⁸⁸
2589 1529 2757 1607 ἔχειν,
2820 1535 2959 1606 μήτε
3018 1534 3125 1605 μὴν
3185 1531 3410 1603 ἀληθές.
3470 1535 3621 1589 Ὅθεν
3682 1541 3845 1609 σιγῆς

2196 1620 2459 1691 ζητείσθω
2514 1621 2800 1697 πρόφασις,
2864 1620 2914 1676 ἐν
3061 1622 3193 1695 ὑπὲρ
3252 1629 3351 1691 τῆς
3417 1622 3609 1677 ἑαυτοῦ
3662 1644 3844 1693 σωτη-

2200 1710 2315 1785 ρίας
2350 1710 2377 1763 6
2410 1709 2633 1785 λογικὸς
2666 1711 2966 1785 ἅνθρωπος,
2998 1710 3089 1765 καὶ
3120 1712 3237 1775 καθ’
3272 1711 3456 1766 ἑαυτὸν
3498 1710 3847 1787 βουλεύεσθαι

2780 1798 2969 1855 ἑαυτοῦ
3042 1799 3221 1855 πίστιν
3302 1804 3693 1876 σεμνοπρεπῶς
3751 1822 3851 1855 πα-

508 1978 702 2035 XVIII.
736 1979 900 2035 Tunc
940 1977 1183 2034 Publius
1212 1977 1656 2049 Tarquitianus,
1704 1977 1887 2033 missa
1935 1976 2082 2033 rela-

2261 1978 2457 2034 XVIII.
2516 1977 2646 2032 Τότε
2707 1972 2984 2039 Ποόϐλιος
3043 1979 3072 2033 6
3128 1980 3521 2054 Ταρκουτιανὸς
3577 1982 3655 2052 ⁵⁸,
3714 1978 3848 2033 ἀπο·

440 2068 598 2125 tione
628 2068 700 2123 ad
730 2068 1050 2138 Trajanum
1101 2067 1533 2139 imperatorem,
1571 2066 1641 2121 de
1673 2066 1907 2121 nomine
1940 2066 2087 2121 beati

440 2154 752 2213 Clementis
782 2155 1013 2223 detulit,
1062 2156 1302 2212 dicens:
1337 2155 1503 2210 Hunc
1535 2155 1893 2211 Clementem
1933 2154 2090 2210 sedi-

440 2244 610 2300 tiosis
645 2243 997 2300 clamoribus
1043 2244 1292 2316 populus
1324 2260 1436 2298 non
1489 2248 1679 2300 cessat
1708 2259 2002 2314 quaarere;
2038 2247 2093 2300 et

442 2333 556 2389 ﬁde
586 2333 763 2405 digna
808 2332 1071 2404 probatio
1112 2333 1393 2387 adversus
1443 2331 1602 2387 illius
1651 2335 1814 2404 gesta
1846 2331 2091 2386 inveniri

443 2438 560 2478 non
611 2425 821 2493 potest.
877 2421 1041 2476 Tunc
1071 2422 1358 2491 Trajanus
1408 2421 1725 2492 imperator
1772 2419 2091 2492 rescripsit,

445 2514 709 2584 oportere
738 2526 872 2565 eum
901 2509 989 2566 vel
1019 2510 1346 2566 consentire
1376 2509 1781 2580 sacriﬁcando,
1814 2515 1913 2565 aut
1945 2508 2097 2565 ultra

448 2615 609 2656 mare
667 2603 725 2654 et
780 2599 1027 2655 Pontum
1058 2599 1119 2655 in
1151 2599 1448 2655 desertum
1504 2598 1781 2655 Chersoni
1821 2599 2096 2670 adjacens

450 2687 732 2761 Oppidum
765 2686 1031 2760 relegari.

523 2865 669 2923 XIX.
703 2866 967 2940 Cumque
1014 2883 1083 2922 ex
1129 2867 1367 2939 Trajani
1408 2867 1583 2938 jussu
1616 2882 1709 2922 res
1757 2866 2101 2922 confirmata

454 2954 584 3024 fuit,
613 2956 905 3029 cogitabat
934 2956 1087 3028 apud
1120 2972 1183 3012 se
1202 2955 1607 3022 Mamertinus,
1639 2960 1895 3027 quonam
1928 2956 2099 3011 modo

455 3043 724 3102 Clemens
755 3043 1147 3101 voluntarium
1179 3061 1293 3100 non
1322 3048 1539 3117 peteret
1558 3044 1850 3111 exsilium,
1873 3045 1972 3100 sed
2003 3061 2102 3116 po-

452 3132 573 3190 tius
624 3133 737 3190 diis
768 3132 1054 3189 libamina
1098 3133 1413 3189 exhiberet.
1465 3133 1679 3189 Verum
1725 3134 1931 3189 beatus
1978 3132 2099 3188 Cle-

454 3239 620 3279 mens
643 3222 1031 3279 contendebat
1051 3226 1116 3278 ut
1136 3223 1324 3295 ipsius
1346 3239 1578 3296 quoque
1590 3221 1813 3295 judicis
1835 3222 2099 3277 animum

451 3312 523 3419 ad
555 3312 731 3368 {idem
760 3310 977 3419 Christi
1012 3312 1346 3412 adduceret,
1380 3311 1624 3411 ipseque
1653 3312 2004 3412 ostenderet,
2037 3326 2099 3367 se
2129 3352 2171 3419 C

450 3400 663 3474 eligere
694 3399 963 3456 exsilium
994 3402 1204 3472 magis,
1237 3416 1415 3472 quam
1456 3400 1680 3457 timere.
1713 3406 1958 3456 Tantam
1990 3401 2097 3457 ita-

451 3505 565 3561 que
606 3490 858 3561 gratiam
906 3490 1191 3546 Dominus
1239 3489 1521 3545 Clementi
1571 3489 1836 3562 prsabuit,
1889 3494 1955 3545 ut
1985 3490 2101 3545 Ma-

451 3579 737 3634 mertinus
767 3579 1073 3649 praefectus
1095 3578 1340 3650 lugeret,
1365 3595 1431 3633 ac
1462 3579 1699 3634 diceret:
1724 3583 1903 3634 Deum
1927 3596 2099 3650 quem

450 3670 514 3722 tu
551 3666 775 3721 sincere
805 3666 969 3733 colis,
1000 3666 1125 3738 ipse
1154 3667 1260 3722 tibi
1295 3683 1461 3739 opem
1510 3666 1654 3722 feret
1683 3668 1740 3722 in
1772 3667 1881 3723 hoc
1912 3667 2102 3723 exsilii

442 3754 703 3826 judicio:
738 3758 793 3810 et
815 3754 1118 3810 constituit
1142 3772 1363 3823 navem,
1389 3755 1735 3827 cunctisque
1756 3755 2103 3811 necessariis

451 3842 767 3915 impositis,
800 3842 1044 3898 dimisit.
1079 3842 1331 3899 Onerata
1360 3848 1554 3899 autem
1588 3849 1678 3900 est
1709 3844 1893 3900 navis.
1928 3844 2105 3908 Quin-

451 3933 626 3990 etiam
657 3949 689 3989 e
717 3931 932 4005 populo
963 3931 1232 3989 homines
1271 3931 1531 4005 religiosi
1562 3937 1618 3989 et
1649 3933 1885 4004 quidem
1930 3932 2101 3989 multi

454 4023 635 4079 secuti
666 4027 807 4079 sunt
836 4037 993 4078 eum.

523 4288 639 4346 XX.
672 4288 779 4346 Ubi
813 4292 1010 4345 autem
1045 4294 1435 4363 pervenerunt
1473 4290 1544 4345 ad
1576 4290 1763 4346 exsilii
1796 4290 2011 4361 locum,
2044 4292 2102 4346 in

452 4394 625 4451 opere
664 4378 921 4434 caedendi
969 4378 1301 4446 marmoris,
1355 4378 1511 4435 ultra
1557 4380 1673 4436 duo
1722 4379 1907 4435 millia
1936 4380 2104 4436 Chri-

451 4468 779 4524 stianorum
810 4466 929 4523 illic
978 4467 1216 4537 invenit,
1261 4469 1388 4540 jam
1438 4468 1537 4523 diu
1561 4467 1771 4541 judicii
1816 4468 2106 4524 sententia

450 4558 995 4613 condemnatorum.
1027 4556 1136 4622 Qui
1176 4561 1447 4613 sanctum
1478 4560 1535 4612 et
1563 4556 1845 4613 celebrem
1878 4558 2102 4630 episco-

450 4663 591 4720 pum
621 4646 976 4703 Clementem
1026 4645 1248 4713 intuiti,
1291 4662 1496 4702 omnes
1545 4646 1916 4703 concorditer
1965 4662 2098 4703 cum

2200 2064 2413 2127 στείλας
2468 2065 2733 2144 ἀναφορὰν
2805 2071 3047 2141 Τραϊανῷ
3104 2071 3183 2139 τῷ
3251 2066 3661 2143 αὐτοκράτορι,
3715 2068 3847 2139 ἀνή-

2198 2175 2329 2230 γαγε
2376 2155 2498 2229 περὶ
2546 2159 2642 2209 τοῦ
2693 2154 2959 2228 ὀνόματος
3012 2160 3112 2211 τοῦ
3165 2156 3431 2232 μακαρίου
3485 2156 3846 2230 Κλήμεντος,

2200 2243 2416 2319 φάσκων
2450 2263 2462 2276 ·
2516 2248 2713 2299 Τοῦτον
2790 2245 2880 2299 τὸν
2949 2244 3244 2317 Κλήμεντα
3317 2242 3632 2300 στασιώδεσι
3686 2265 3851 2321 κραυ-

2201 2337 2322 2407 γαῖς
2382 2336 2556 2401 ζητῶν
2619 2334 2647 2388 6
2701 2329 2879 2406 δῆμος
2937 2332 2999 2387 οὐ
3055 2331 3326 2388 παύεται·
3398 2335 3485 2388 καὶ
3544 2333 3853 2404 ἀξιόπιστος

2201 2418 2473 2491 ἀπόδειξις
2521 2421 2597 2483 εἷς
2646 2421 2711 2475 τὰ
2754 2423 2871 2477 κατ’
2923 2421 3081 2476 αὐτὸν
3134 2422 3415 2496 εὑρεθῆναι
3469 2421 3529 2476 οὗ
3581 2420 3805 2476 δύναται
3838 2464 3852 2477 .

2202 2515 2505 2581 Τηνικαῦτα
2548 2511 2806 2585 Τραϊανὸς
2864 2511 2892 2565 ὁ
2949 2510 3296 2587 αύτοκράνωρ
3349 2510 3670 2587 ἀντέγραψε,
3734 2508 3848 2565 δέον

2204 2598 2361 2655 αὐτὸν
2417 2600 2452 2669 ἢ
2513 2605 2776 2655 συναινεῖν
2830 2598 3046 2673 θύοντα,
3106 2601 3141 2669 ἢ
3202 2598 3363 2673 πέραν
3420 2606 3523 2669 τῆς
3578 2598 3853 2670 θαλάσσης

2204 2688 2293 2744 καὶ
2342 2694 2436 2744 τοῦ
2484 2688 2692 2744 Πόντου
2743 2688 2794 2744 ἐν
2846 2688 3039 2765 ἐρήμῳ
3086 2688 3455 2763 παρακειμένῃ
3502 2692 3568 2763 τῇ
3611 2692 3857 2766 Χερσῶνι

2204 2781 2249 2816 ⁸⁸
2278 2776 2437 2833 πόλει
2471 2777 2807 2855 ἐξορισθῆναι
2838 2780 2902 2834 ⁸⁷.

2277 2869 2420 2925 ΧΙΧ.
2488 2866 2585 2922 Καὶ
2663 2866 2827 2922 ὁπότε
2898 2871 2975 2938 τῷ
3048 2871 3143 2922 τοῦ
3198 2870 3463 2942 Τραϊανοῦ
3526 2864 3855 2939 κελεύσματι

2209 2953 2547 3031 ἰπεκυρώθη,
2604 2954 2983 3011 συνεσκέπτετο
3034 2956 3061 3010 ὁ
3118 2961 3460 3031 Μαμερτῖνος
3515 2957 3581 3025 ⁸⁸,
3634 2953 3784 3017 ὅπως
3824 2957 3854 3010 6

2208 3044 2442 3118 Κλήμης
2517 3044 2761 3099 ἑκούσιον
2823 3044 3110 3121 ὑπερορίαν
3173 3046 3248 3118 μὴ
3309 3045 3649 3115 αἰτήσηται,
3711 3041 3858 3100 ἀλλὰ

2213 3130 2425 3206 μᾶλλον
2457 3138 2573 3194 τοῖς
2624 3138 2768 3197 θεοῖς
2818 3130 3046 3194 σπονδὰς
3094 3133 3367 3209 ἐμπαρέξῃ
3394 3136 3457 3186 ⁸9.
3503 3131 3655 3189 Ἀλλ’
3688 3132 3716 3186 ὁ
3753 3154 3857 3205 μα-

2207 3223 2396 3296 κάριος
2445 3221 2689 3294 Κλήμης
2738 3221 3035 3297 ἠγωνίζετο
3098 3222 3189 3277 καὶ
3246 3222 3410 3277 αὐτοῦ
3455 3226 3552 3276 τοῦ
3603 3219 3860 3277 δικαστοῦ

2207 3312 2298 3366 τὸν
2347 3309 2608 3386 λογισμὸν
2660 3310 2735 3372 εἴς
2786 3311 2885 3379 τὴν
2934 3309 3114 3366 πίστιν
3163 3315 3259 3365 τοῦ
3307 3315 3540 3385 Χριστοῦ
3604 3331 3861 3386 μεταγα-

2209 3404 2346 3474 γεῖν,
2378 3400 2467 3453 καὶ
2519 3399 2704 3454 ἑαυτὸν
2756 3396 3030 3472 ἀποδεῖξαι
3079 3404 3453 3475 προαιρεῖσθαι
3509 3397 3727 3472 μᾶλλον
3761 3401 3860 3469 τὴν

2212 3488 2522 3564 ὑπερορίαν,
2555 3489 2591 3557 ἢ
2655 3486 3002 3551 δεδίττεσθαι.
3051 3488 3325 3558 Τοσαύτην
3371 3488 3550 3543 τοίνυν
3584 3490 3612 3543 ὁ
3657 3488 3863 3563 Κύριος

2209 3577 2369 3654 χάριν
2419 3576 2498 3650 τῷ
2546 3577 2821 3650 Κλήμεντι
2877 3576 3221 3653 παρέσχετο,
3279 3577 3418 3632 ὥστε
3473 3575 3861 3652 κατοδύρεσθαι

2210 3672 2551 3742 Μαμερτῖνον
2599 3666 2691 3720 τὸν
2744 3665 2982 3742 ἔπαρχον
3031 3669 3095 3735 7°,
3144 3665 3233 3720 καὶ
3283 3663 3481 3743 λέγειν·
3533 3671 3592 3723 '0
3645 3668 3776 3729 Θεὸς
3816 3668 3866 3738 ᾧ

2212 3754 2274 3809 σὺ
2333 3753 2643 3828 εἰλικρινῶς
2707 3754 3033 3831 λατρεύεις,
3094 3754 3254 3817 αὐτός
3326 3776 3408 3809 σοι
3490 3756 3751 3831 βοηθήσει
3813 3754 3867 3810 ἐν

2210 3844 2374 3915 ταύτῃ
2430 3848 2613 3922 γραφῇ
2670 3847 2767 3913 τῆς
2827 3843 3151 3919 ὑπερορίας·
3211 3844 3301 3898 καὶ
3355 3846 3631 3922 ἠφώρισεν
3690 3849 3865 3915 ναῦν,

2211 3931 2298 3987 καὶ
2344 3934 2516 3986 πάντα
2570 3934 2638 3986 τὰ
2693 3932 2957 4007 ἀναγκαῖα
3014 3936 3057 3973 ⁷1
3117 3927 3418 4001 ἐπιϐαλὼν,
3474 3931 3734 3988 ἀπέλυσεν
3790 3936 3865 3989 ⁷³.

2210 4024 2527 4099 Ἐφορτώθη
2590 4018 2648 4075 δὲ
2702 4023 2737 4092 ἡ
2796 4025 2941 4083 ναῦς.
2997 4020 3070 4076 Οὐ
3133 4022 3241 4094 μὴν
3298 4019 3445 4077 ἀλλά
3501 4022 3591 4076 καὶ
3650 4020 3710 4076 ἐκ
3765 4024 3866 4076 τοῦ

2216 4108 2351 4165 λαοῦ
2409 4105 2660 4172 εὐλαϐεῖς
2718 4107 2906 4187 ἄνδρες
2965 4113 3029 4180 ⁷³,
3082 4109 3172 4164 καὶ
3220 4108 3429 4166 πολλοὶ
3477 4107 3865 4180 ἠκολούθησαν

2212 4199 2379 4271 αὐτῷ.

2283 4290 2393 4345 XX.
2426 4288 2611 4343 Ἡνίιια
2642 4285 2699 4342 δὲ
2730 4282 3027 4343 κατέλαϐον
3079 4291 3124 4325 7‘
3164 4289 3256 4342 τὸν
3309 4286 3473 4343 τόπον
3521 4296 3621 4359 τῆς
3667 4287 3868 4364 ὑπερο-

2215 4374 2357 4451 ρίας,
2408 4375 2458 4431 ἐν
2511 4381 2577 4451 τῇ
2629 4376 2852 4453 ἐργασίᾳ
2894 4383 2996 4445 τῆς
3043 4380 3149 4430 τῶν
3224 4378 3526 4453 μαρμαίρων
3577 4375 3866 4450 λατομίας,

2212 4465 2512 4542 περαιτέρω
2567 4463 2663 4520 δύο
2712 4465 2981 4541 χιλιάδων
3032 4465 3389 4541 Χριστιανοὺς
3437 4466 3622 4531 αὐτόθι
3654 4469 3699 4504 ⁷⁵
3734 4488 3868 4522 κατ-

2214 4550 2378 4611 έλαϐε
2410 4599 2424 4625 ,
2503 4554 2893 4630 μακροχρονίῳ
2970 4558 3149 4632 γραφῇ
3227 4552 3709 4619 καταδικασθέντας
3769 4558 3813 4594 ⁷⁸
3850 4600 3867 4614 .

2214 4642 2442 4713 Οἵτινες,
2475 4644 2771 4720 ἑωρακότες
2799 4645 2891 4699 τὸν
2938 4645 3086 4719 ἅγιον
3135 4643 3224 4698 καὶ
3267 4640 3517 4717 ἀοίδιμον
3570 4642 3871 4718 Κλήμεντα

450 4736 671 4809 gemitu
694 4754 759 4793 ac
791 4737 925 4793 ﬂetu
959 4738 1323 4806 accedentes,
1366 4736 1679 4793 dixerunt:
1713 4736 1825 4793 Ora
1856 4753 1958 4809 pro
2008 4754 2090 4793 nol

2212 4737 2255 4771 ⁷⁷
2287 4733 2597 4804 ἐπίσκοπον,
2633 4734 2860 4795 ἅπαντες
2912 4729 3261 4806 ὁμοθυμαδὸν
3314 4732 3389 4795 εἷς
3431 4734 3724 4808 στεναγμὸν
3772 4734 3867 4789 καὶ

451 4825 563 4898 bis,
597 4830 795 4883 sancte
839 4826 1119 4899 pontifex,
1152 4830 1217 4882 ut
1263 4825 1428 4900 digni
1457 4826 1803 4897 :efﬂciamur
1852 4825 2102 4898 promis-

2212 4820 2448 4898 ὀδυρμὸν
2484 4824 2526 4859 ⁷⁸
2574 4818 2967 4898 προσελθόντες
3016 4818 3229 4897 ἔλεγον·
3284 4819 3441 4892 Εὗξαι
3494 4823 3626 4897 ὑπὲρ
3674 4824 3868 4895 ἡμῶν,

1807 5003 2049 5060 VARI/E
2106 5001 2511 5059 LECTIONES.

526 5119 573 5155 ⁶²
628 5117 703 5175 al.
873 5116 1031 5203 ἔθους
1072 5120 1242 5203 [ἡμῖν’.
1297 5120 1345 5203 ξξ
1398 5118 1568 5203 deest
1621 5118 1681 5174 in
1736 5117 1829 5203 111ζ
1854 5118 1931 5203 ,δῖ
1974 5114 2276 5203 Ἀριραλές.
2326 5134 2467 5203 ,ΥΠΕἾ
2508 5116 2639 5203 ξ424
2698 5112 2931 5203 ἀιρελές.
2991 5118 3119 5171 CO'r.
3178 5116 3223 5203 5"
3280 5114 3383 5200 al;
3434 5116 3792 5203 ἔξαμερτῖνος.
3835 5117 3868 5172 6

458 5184 1139 5274 {napxocnwndegstuiu‘v
1177 5191 1251 5247 al.
1301 5191 1359 5274 ‘7”
1394 5189 1632 5274 ibidem,
1682 5185 1981 5274 συνελθεῖν,
2028 5184 2238 5274 θόόντα,
2288 5187 2646 5274 Mensa/mm
2695 5184 2855 5241 πόλει
2904 5184 3386 5274 παρακειμένῃ
3434 5184 3696 5274 Χερσῶχι.
3732 5190 3869 5274 Ἰιε-

458 5260 573 5335 que
600 5260 679 5317 'in
731 5264 888 5344 [lctis
923 5262 1161 5344 “Iratinis
1212 5263 1570 5344 praeferenda
1613 5265 1701 5344 est
1747 5260 1941 5325 lectio,
1992 5262 2143 5343 ultra
2192 5277 2343 5344 mare
2389 5270 2441 5342 et
2471 5262 2742 5344 ,Ροτιῑιιιηνζ
2793 5260 3201 5344 οοῐῃῐῐιυτῐξίοΐί,
3251 5260 3399 5344 αιινᾳ
3426 5263 3865 5344 ητανεροηρωπ.

458 5328 562 5405 pro
595 5351 709 5405 quo
744 5334 1061 5399 Freculfus,
1114 5328 1264 5388 (raris
1304 5349 1457 5389 mare
1503 5334 1823 5397 Ponticum,
1873 5334 2138 5404 quamvis
2182 5332 2351 5387 aliter
2394 5332 2655 5385 videatur
2703 5330 2968 5411 Baronio:
3020 5331 3232 5385 Vocem
3285 5335 3477 5386 autem
3529 5328 3685 5385 πόλει
3718 5328 3865 5402 (quae

458 5405 621 5460 abest
651 5406 722 5458 ab
753 5405 934 5460 altero
970 5422 1079 5460 ms.
1111 5406 1274 5478 2437)
1299 5406 1562 5478 jungunt
1591 5421 1725 5459 cum
1757 5420 1893 5460 voce
1941 5402 2364 5478 ἐρήμῳ-ξηαπ)
2393 5402 2860 5478 _I\_Ietapbrastes,
2896 5402 3279 5478 Nicephorus,
3326 5406 3388 5478 et
3438 5404 3647 5478 Menses
3680 5420 3693 5457 :
3722 5420 3865 5478 cum

457 5491 595 5549 voce
642 5479 881 5549 Χερσῷνι
933 5479 1072 5531 Acta
1114 5475 1343 5549 ‘Lalina,
1392 5475 1618 5549 quique
1661 5492 1728 5531 ea
1776 5475 2107 5546 sequuntur
2152 5476 2331 5549 Beda,
2375 5475 2518 5549 Ado,

694 5543 740 5620 ῦξ
781 5544 1051 5620 κέλευσμα
1110 5543 1448 5620 ὲπεκυρώθη,
1508 5543 1790 5620 ἐσκέπτετο
1850 5543 2186 5620 Μαμερτῖνος
2220 5588 2232 5601 .
2292 5547 2337 5620 ξ’
2391 5546 2443 5620 al
2480 5588 2492 5600 .
2528 5543 2789 5620 _1tpocai§p
2824 5585 2836 5597 .

456 5551 495 5600 T
534 5542 730 5598 α’ίανοῦ
781 5544 1051 5618 κέλευσμα
1110 5542 1448 5621 ὲπεκυρώθη,

456 5563 555 5685 τγςν
616 5615 802 5685 χρείαν
866 5616 1149 5685 ἀναγκαῖα.
1210 5620 1255 5653 ⁷³
1313 5622 1448 5675 desu

454 5638 487 5672 τ

2616 5470 3080 5548 ΓθομΙῖυΞᾌᾼΙΒΙῷ.
3131 5474 3186 5548 “1
3216 5472 3289 5528 ul.
3338 5472 3401 5526 τὸ
3446 5477 3541 5548 τοῦ
3595 5470 3863 5548 βασιλέως

2968 5544 3049 5631 ηελιι
3085 5586 3118 5631 -.
3158 5542 3406 5631 δπξρχον
3444 5589 3461 5631 -.
3512 5547 3559 5631 31
3596 5542 3861 5631 ’⁸1ητεξδς

530 5637 555 5668 ν
616 5598 1783 5690 χρείανηάναγκαῖαξή-ίέδήᾶέέάῐὶίῃίαηαίί
1834 5598 2094 5690 ⁷³ᾑᾶέέέε
2144 5598 2331 5672 νὶᾖνᾶὶ.
2388 5598 2565 5690 7Vit-ul.
2597 5598 2908 5690 ’κατέλαβε
2968 5598 3143 5671 7"Val.
3205 5598 3351 5690 stipe;
3405 5598 3705 5679 αὖτόθιῑλ⁸
3745 5598 3858 5690 1921a:

460 5782 490 5816 σ

457 5685 772 5818 κεοχρὸνίῳ
821 5685 1003 5765 γραφῇ
1052 5685 1569 5757 καταδικασθέντας,
1616 5691 1751 5745 2421
1812 5689 2093 5773 μακρόνιοι
2145 5692 2393 5763 σχῶντας
2442 5688 2564 5759 (sic)
2626 5685 2908 5762 ὑπερορίαν
2936 5730 2951 5753 ,
3001 5690 3058 5771 et
3104 5685 3276 5759 paulo
3324 5692 3495 5760 post,
3545 5689 3886 5763 παραγενὲ-,

460 5782 490 5816 σ
526 5780 580 5815 αι
609 5759 836 5818 ἠξίωσεν
872 5778 972 5818 nro
1001 5758 1445 5818 ἀπεκατέστησεν.
1480 5766 1620 5818 Iam.
1653 5762 1695 5797 ⁷⁷
1727 5762 1893 5818 deest
1923 5779 1982 5818 1n
2008 5762 2083 5818 al.
2116 5761 2159 5796 ⁷³
2195 5760 2328 5818 μετὰ
2357 5760 2669 5818 στεναγμῶν
2699 5756 2790 5814 καὶ
2823 5753 3095 5818 68wqu-

526 5753 1445 5834 αῖῆξίωσεν’ρι’ὸ’ἀπεκατέστησεν.
1480 5753 1620 5818 Imb.
1653 5762 1695 5797 ⁷⁷
1727 5753 1893 5819 deest
1923 5753 1982 5819 in
2008 5762 2083 5818 al.
2116 5761 2159 5796 ⁷³
2180 5753 2328 5835 ’μετὰ
2357 5753 2669 5833 στεναγμῶν
2699 5753 2804 5814 καῖ’
2823 5753 3095 5833 ὀδυρμῶν.
