4090 6340
220 392 345 453 629

1374 394 1851 458 MARTYRIUM
1901 397 1966 458 S.
2016 398 2223 459 CLEM
2235 399 2488 461 ENTIS.

3510 403 3633 465 630

219 521 343 579 δσιε
372 522 629 602 ἱεράρχα,
674 521 766 580 ’ίνα
813 525 954 597 ἄξιοι
1001 523 1418 603 ἀποδειχθῶμεν
1457 535 1557 598 τῆς
1590 530 1732 603 παρὰ
1781 533 1875 584 τοῦ

1993 532 2154 588 sione
2184 532 2415 588 Christi.
2450 535 2605 599 Quos
2662 550 2795 590 eum
2852 535 3219 608 cognovisset
3248 536 3305 591 S.
3367 534 3630 594 Clemens

220 617 461 687 Χριστοῦ
495 613 840 691 ἐπαγγελίας.
891 615 994 679 Οὓς
1044 615 1296 691 ἐγνωκὼς
1342 620 1387 655 7°
1437 618 1465 671 6
1516 619 1664 695 ἀγιος
1715 616 1872 689 Κλή-

224 723 338 775 μης
397 700 487 758 διὰ
557 708 654 759 τοῦ
712 702 847 759 Θεοῦ
904 707 951 742 ⁸ο
1008 706 1489 783 ὑπερορισθὲντας,
1550 703 1648 785 ἔφη
1688 726 1700 740 ·
1760 707 1875 765 Οὐκ

222 790 588 867 ἀπροσφόρως
649 793 677 847 6
734 793 929 870 Κύριός
990 815 1057 866 με
1114 794 1337 850 ἐνταῦθα
1402 794 1822 866 ἀπεκατέστησεν
1854 840 1872 869 ,

214 876 311 933 ’ἱνα
340 882 386 918 ⁸1
421 881 777 957 συμμὲτοχος
819 882 1107 958 γενόμενος
1153 888 1259 938 τῶν
1310 883 1643 956 παθημάτων
1696 885 1870 957 ὑμῶν,

222 964 303 1022 ἔτι
360 969 699 1045 παρηγορίας
758 970 1102 1027 ὑποτύπωσιν
1161 972 1248 1027 καὶ
1312 973 1592 1045 ὑπομονῆς
1644 975 1871 1049 ἐμπαρ-

224 1055 349 1126 ιξω.

295 1165 438 1220 XXI.
484 1166 689 1239 Ἔμαθε
743 1162 801 1220 δὲ
852 1167 979 1241 παρ’
1035 1166 1235 1237 αὐτῶν,
1283 1166 1366 1222 ὅτι
1416 1168 1519 1223 ἀπὸ
1563 1168 1619 1239 ’ἐξ
1672 1168 1869 1241 μιλίων

219 1252 285 1307 τὸ
316 1249 466 1329 ὕδωρ
515 1252 601 1308 ἐπὶ
646 1259 754 1310 τῶν
807 1252 958 1310 ῗδίων
1009 1251 1177 1329 ὤμων
1229 1255 1504 1329 ἐκόμιζον.
1545 1257 1748 1313 Αὐτίκα
1778 1255 1868 1312 οὖν

220 1342 251 1397 6
288 1342 449 1416 ἅγιος
481 1341 717 1416 Κλήμης
762 1345 1131 1421 προετρέψατο
1172 1345 1390 1417 αὐτοὺς,
1443 1345 1638 1421 λέγων·
1690 1346 1870 1417 Εὐξώ-

222 1441 364 1504 μεθα
391 1432 484 1485 τὸν
524 1434 571 1468 ⁸³
618 1432 813 1508 Κύριον
854 1436 1014 1507 ἡμῶν
1066 1435 1270 1505 Ἰησοῦν
1322 1436 1572 1509 Χριστὸν,
1615 1432 1707 1489 ’ίνα
1753 1440 1870 1496 τοῖς

219 1519 599 1595 ὁμολογηταῖς
669 1528 771 1591 τῆς
855 1522 1019 1577 αὐτοῦ
1107 1523 1337 1586 πίστεως
1416 1526 1592 1596 νομὴν
1679 1521 1871 1586 ὕδατος

218 1604 483 1683 διανοίξῃ·
515 1610 604 1664 καὶ
644 1610 673 1665 6
720 1610 953 1681 πατάξας
1001 1613 1099 1680 τὴν
1152 1611 1346 1686 πέτραν
1398 1612 1451 1667 ἐν
1497 1612 1565 1687 τῇ
1593 1614 1637 1648 ⁸³
1678 1611 1870 1687 ἐρήμῳ

214 1701 316 1752 τοῦ
377 1703 530 1768 Σινᾶ,
588 1698 677 1755 καὶ
738 1698 1001 1777 ἐρρύησαν
1059 1699 1226 1756 ὕδατα
1269 1700 1347 1764 είς
1386 1700 1736 1771 πλησμονὴν,
1771 1701 1871 1756 αὐ-

215 1787 312 1849 τὸς
350 1788 489 1861 ἡμῖν
516 1787 578 1842 τὸ
628 1786 855 1867 ἄφθονον
905 1796 1048 1863 νᾶμα
1095 1787 1393 1865 παράσχοι,
1427 1790 1575 1853 ὅπως
1604 1794 1672 1865 τῇ
1704 1789 1868 1846 αὐτοῦ

214 1876 473 1952 χορηγίᾳ
520 1876 925 1955 εὐφρανθῶμεν.
972 1880 1067 1933 Καὶ
1118 1876 1183 1948 δὴ
1242 1886 1342 1948 τῆς
1398 1879 1598 1943 ἱκεσίας
1642 1878 1870 1955 πληρω-

216 1966 431 2037 θείσης,
491 1961 633 2021 ἔνθεν
690 1966 933 2032 κάκεῖθεν
986 1963 1382 2044 περιεϐλέψατο
1416 1988 1428 2001 ·
1488 1970 1579 2024 καὶ
1636 1967 1769 2025 εἶδεν
1827 1971 1873 2005 ⁸⁸

218 2054 396 2127 ἀμνὸν
441 2054 730 2129 ἱστάμενον
790 2058 854 2127 ⁸⁸,
913 2057 972 2119 ὃς
1026 2058 1118 2111 τὸν
1177 2054 1345 2127 δεξιὸν
1395 2054 1538 2113 πόδα
1567 2057 1870 2131 ἐκούφισεν,

220 2144 317 2198 οἶα
344 2144 435 2197 τὸν
466 2142 634 2199 τόπον
674 2142 754 2217 τῷ
803 2145 941 2221 ἁγίῳ
988 2142 1101 2216 Κλή
1116 2166 1265 2217 μεντι
1318 2143 1655 2208 ὑποδεικνύς.
1687 2146 1814 2201 Τότε
1845 2146 1872 2199 6

220 2232 383 2307 ἅγιος
442 2230 700 2305 Κλήμης,
759 2235 1054 2303 συννοήσας
1114 2236 1160 2271 ⁸⁸
1215 2234 1305 2289 τὸν
1364 2234 1559 2310 Κύριον
1612 2234 1763 2306 εἶναι,
1814 2234 1871 2289 ’ὸν

224 2320 400 2393 μόνος
453 2320 611 2383 αὐτὸς
658 2322 876 2386 τεθέατο
907 2324 950 2359 ⁸⁷
979 2323 1068 2377 καὶ
1111 2319 1295 2399 ἕτερος
1347 2320 1626 2385 παντελῶς
1678 2320 1874 2394 οὐδεὶς,

220 2409 496 2485 ἐπορεύθη
555 2412 691 2483 πρὸς
748 2411 840 2466 τὸν
897 2411 1083 2483 τόπον,
1142 2412 1231 2466 καὶ
1285 2412 1449 2467 εἶπεν·
1512 2414 1596 2467 Ἐν
1653 2411 1876 2485 ὀνόματι

217 2504 326 2556 τοῦ
379 2500 589 2574 [Ιατρὸς
638 2500 729 2555 καὶ
778 2504 876 2555 τοῦ
927 2501 1055 2555 Υἱοῦ
1102 2505 1195 2555 καῖ
1238 2501 1335 2556 τοῦ
1367 2502 1520 2577 ἁγίου
1569 2499 1881 2574 Πνεύματος

226 2587 499 2665 κρούσατε
545 2587 598 2643 ἐν
648 2589 728 2660 τῷ
775 2588 929 2662 τόπῳ
974 2588 1171 2661 τούτῳ.
1223 2589 1322 2643 Καὶ
1372 2586 1559 2658 ἐπειδὴ
1598 2590 1791 2652 πάντες
1826 2588 1878 2643 ὲν

228 2676 424 2749 κύκλῳ
464 2682 583 2739 τοῖς
633 2676 947 2740 σκαπανίοις
994 2674 1247 2752 ἔσκαψαν,
1305 2677 1394 2733 καὶ
1443 2677 1542 2733 οὐκ
1588 2678 1745 2733 αὐτὸν
1788 2680 1878 2733 τὸν

226 2766 400 2822 τόπον
431 2765 482 2820 ἐν
524 2767 569 2839 ᾦ
618 2767 646 2821 6
697 2766 868 2840 ἀμνὸς
919 2765 1069 2840 ἔστη,
1119 2762 1301 2821 λαϐὼν
1358 2769 1546 2842 μικρὸν
1602 2764 1879 2822 σκαλίδιον

231 2856 261 2911 6
294 2856 474 2932 ἅγιος,
507 2854 727 2934 ἐλαφρῷ
766 2855 1073 2931 κρούσματι
1104 2858 1147 2893 ⁸⁸
1176 2857 1266 2910 τὸν
1313 2855 1480 2911 τόπον
1511 2857 1601 2911 τὸν
1652 2857 1754 2911 ὑπὸ
1791 2857 1882 2912 τὸν

230 2942 377 3000 πόδα
422 2948 520 2999 τοῦ
575 2946 772 3018 ἀμνοῦ,
820 2940 1008 3018 ἔτυψεν
1057 2948 1119 3001 ⁸9.
1171 2946 1289 3000 ὅθεν
1341 2952 1683 3021 παραχρῆμα
1724 2947 1879 3021 πηγὴ

234 3028 672 3110 ὑπερϐλυούσαις
703 3036 747 3071 ⁹⁰
774 3039 895 3096 ταῖς
927 3032 1123 3111 φλεψὶν
1173 3034 1571 3111 εὐπρεπεστάτη
1622 3034 1878 3112 ἀνεφάνηο

232 3124 362 3195 ἥτις
397 3168 411 3195 ,
476 3121 568 3177 σὺν
629 3124 777 3199 ὁρμῇ
854 3123 1139 3198 ἐκχυθεῖσα
1172 3168 1185 3193 ,
1243 3122 1491 3196 ποταμὸν
1548 3122 1833 3179 ἀπετέλεσε
1868 3167 1880 3179 .

1985 626 2221 694 propter
2269 623 2445 678 Deum
2476 623 2657 679 fuisse
2704 624 3065 696 deportatos‘
3126 626 3244 681 ait:
3274 625 3400 680 Non
3434 627 3538 682 abs
3571 644 3631 683 re

1981 708 2264 765 Dominus
2286 726 2379 766 me
2410 710 2525 767 huc
2548 712 2846 782 perduxit;
2872 718 2938 769 ut
2966 715 3255 786 particeps
3287 714 3474 770 factus
3506 732 3633 787 per-

1982 798 2320 869 pessionum
2370 804 2719 869 vestrarum,
2754 803 2929 857 etiam
2988 802 3405 859 consolationis
3437 808 3493 859 et
3522 822 3629 876 pa-

1981 886 2196 943 tientiae
2228 887 2558 959 exemplum
2590 891 2925 961 praeberem.

2047 1168 2405 1229 XXI.Didicit
2431 1174 2625 1226 autem
2659 1171 2730 1226 ab
2763 1171 3029 1243 eis,quod
3062 1173 3133 1228 de
3162 1178 3322 1229 sexto
3344 1174 3615 1233 milliario

1981 1276 2195 1333 aquam
2230 1260 2355 1314 suis
2385 1260 2646 1314 humeris
2696 1260 3084 1330 deportarent.
3117 1262 3430 1317 Confestim
3487 1281 3622 1337 ergo

1979 1354 2219 1405 sanctus
2250 1348 2517 1403 Clemens
2557 1347 2890 1403 cohortatus
2920 1354 3009 1404 est
3037 1349 3167 1405 illos
3215 1351 3453 1407 dicens:
3488 1353 3624 1409 Ore-

1981 1454 2114 1493 mus
2143 1437 2454 1492 Dominum
2489 1441 2754 1492 nostrum
2795 1438 2999 1493 Jesum
3043 1438 3360 1508 Christum,
3393 1446 3457 1495 ut
3488 1440 3623 1496 fidei

1980 1544 2097 1583 suae
2129 1526 2564 1581 confessoribus
2620 1542 2827 1582 venam
2887 1543 3052 1597 aquae
3109 1528 3369 1599 aperiat;
3423 1533 3479 1584 et
3525 1529 3624 1600 qui

1980 1616 2268 1689 percussit
2293 1619 2514 1687 petram
2540 1615 2597 1669 in
2630 1615 2858 1671 deserto
2879 1616 3113 1683 Sinas,et
3142 1617 3434 1672 ﬂuxerunt
3462 1635 3624 1689 aqua:

1978 1703 2037 1759 in
2069 1703 2488 1759 abundantiam
2521 1704 2619 1774 (α),
2654 1703 2780 1775 ipse
2828 1705 2996 1762 nobis
3053 1705 3360 1777 cupiosum
3389 1705 3624 1763 laticem

1978 1793 2247 1865 praebeat,
2282 1808 2397 1863 quo
2450 1792 2638 1865 ipsius
2693 1794 3161 1865 suppeditatione
3218 1794 3501 1850 lmtemnr.
3555 1797 3624 1851 Et

1903 1898 2110 1967 Bvero
2157 1880 2445 1953 completa
2502 1880 2946 1953 supplicatione,
3003 1882 3138 1938 hinc
3195 1882 3451 1955 illucque
3509 1884 3619 1939 cir-

1982 1970 2344 2041 cumspexit;
2377 1975 2433 2025 et
2460 1970 2606 2025 vidit
2625 1986 2843 2043 agnum
2874 1976 3149 2040 stantem,
3182 1972 3284 2043 qui
3314 1974 3618 2029 dexterum

1981 2060 2186 2131 pedem
2236 2058 2466 2124 levavit,
2499 2063 2782 2130 tanquam
2832 2064 3035 2115 sancto
3092 2060 3374 2117 Clementi
3434 2062 3627 2118 locum

1984 2148 2317 2203 ostendens.
2350 2147 2513 2203 Tunc
2545 2148 2607 2202 S.
2668 2146 2933 2203 Clemens
2986 2155 3267 2221 reputans
3314 2150 3632 2207 Dominum

1985 2251 2134 2302 esse,
2171 2251 2344 2307 quem
2376 2234 2537 2291 solus
2568 2236 2694 2307 ipse
2724 2237 3043 2308 conspexit,
3077 2241 3133 2293 et
3163 2237 3362 2293 nullus
3394 2240 3634 2295 omnino

1989 2323 2174 2391 alius;
2209 2324 2280 2379 ad
2314 2323 2505 2379 locum
2537 2325 2831 2395 profectus
2862 2330 2970 2391 est,
2998 2341 3063 2380 ac
3093 2325 3269 2382 dixit:
3304 2326 3367 2382 In
3398 2328 3637 2383 nomine

1989 2412 2178 2469 Patris
2236 2418 2294 2468 et
2346 2412 2475 2468 Filii
2506 2416 2561 2467 et
2599 2412 2851 2485 Spiritus
2910 2414 3116 2485 sancti,
3150 2414 3378 2486 pulsate
3437 2415 3497 2470 in
3529 2415 3638 2472 hoc

1989 2501 2133 2558 loco.
2167 2503 2429 2573 Cumque
2456 2517 2659 2557 omnes
2690 2500 2986 2573 ligonibus
3010 2502 3067 2558 in
3100 2503 3300 2559 orbem
3331 2503 3635 2576 fodissent,

1991 2607 2105 2646 non
2138 2594 2333 2646 autem
2372 2588 2567 2645 locum
2615 2590 2811 2661 ipsum
2844 2591 2903 2645 in
2961 2608 3076 2662 quo
3127 2608 3315 2665 agnus
3359 2597 3641 2662 steterat;

1992 2674 2229 2736 sanatus
2261 2683 2494 2750 accepto
2546 2695 2720 2750 parvo
2752 2678 3203 2749 sarculo,locum
3246 2681 3347 2753 qui
3378 2690 3499 2738 eral
3530 2683 3639 2738 sub

1991 2769 2135 2842 pede
2166 2767 2300 2840 agni
2348 2768 2636 2839 percussit
2689 2768 2797 2823 levi
2858 2769 3014 2825 ictu:
3050 2770 3204 2825 unde
3244 2775 3480 2842 repente
3512 2771 3641 2828 fons

1991 2857 2155 2913 venis
2176 2857 2638 2912 redundantibus
2660 2857 3084 2929 pulcherrimus
3103 2860 3359 2916 emersit:
3384 2861 3483 2931 qui
3506 2877 3640 2916 cum

1992 2946 2215 3019 impetu
2247 2946 2470 3002 etI'usus
2498 2946 2685 3002 effecit
2722 2946 2986 3002 ﬂuvium.
3021 2949 3183 3004 Tunc
3225 2953 3466 3004 sanctus
3497 2966 3639 3004 cun-

1994 3036 2103 3091 etis
2134 3034 2586 3102 exsultantibus,
2647 3036 3084 3107 responsorium
3142 3036 3323 3093 dixit:
3371 3037 3641 3093 Fluminis

1993 3128 2229 3199 impetus
2260 3126 2545 3197 laetiﬁcum
2574 3126 2913 3182 civivitatem
2936 3129 3035 3183 Dei
3061 3127 3156 3199 (b).

227 3216 541 3283 Τηνικαῦτα
580 3213 608 3267 6
639 3213 788 3287 ἅγιος
818 3214 1032 3268 πάντων
1066 3210 1520 3290 ἀγαλλιωμὲνων,
1548 3216 1587 3250 ⁹¹
1641 3213 2031 3270 ὑπακουστικὸν
2080 3215 2213 3269 εἶπε·
2246 3218 2351 3269 Τοῦ
2400 3219 2652 3287 ποταμοῦ
2698 3216 2763 3269 τὰ
2810 3215 3107 3289 ὁρμήματά
3149 3213 3490 3289 εὐφραίνουσι
3538 3217 3637 3285 τὴν

229 3299 399 3358 πόλιν
429 3298 525 3357 τοῦ
556 3306 711 3358 Θεοῦ.

304 3412 482 3465 XXII.
541 3408 638 3462 Διά
693 3406 894 3478 ταύτην
955 3405 1045 3462 οῦν
1101 3409 1200 3479 τὴν
1260 3410 1489 3487 φήμην,
1540 3406 1886 3485 προσέδραμε

231 3505 381 3554 πᾶσα
426 3499 462 3567 ἠ
514 3495 769 3573 ἐπαρχία·
827 3495 916 3551 καὶ
975 3497 1028 3551 οἱ
1085 3495 1414 3568 ἐληλυθότες
1472 3497 1699 3559 ἅπαντες
1746 3498 1882 3571 πρὸς

229 3588 333 3655 τήν
368 3583 600 3662 διδαχὴν
628 3589 728 3641 τοῦ
776 3584 927 3662 ἁγίου
962 3584 1282 3658 Κλήμεντος
1332 3584 1738 3663 ἐπιστρὲφοντες
1761 3589 1883 3629 ⁹²-⁹³

224 3676 366 3753 πρὸς
413 3676 504 3730 τὸν
555 3672 777 3749 Κύριον·
831 3672 969 3729 ὥστε
1014 3676 1130 3728 καθ’
1177 3674 1386 3749 ἡμέραν
1422 3674 1762 3729 πεντακόσιοι
1792 3675 1881 3729 καὶ

225 3764 535 3842 περαιτέρω
589 3763 978 3839 βαπτιζόμενοι
1030 3763 1374 3839 ἀνεχώρουν.
1428 3764 1605 3824 Ἐντὸς
1654 3760 1712 3818 δὲ
1764 3764 1879 3826 ἑνὸς

231 3852 409 3920 ἔτους,
439 3851 726 3928 γεγόνασιν
761 3850 933 3907 ἐκεῖσε
972 3854 1117 3928 παρὰ
1143 3857 1249 3907 τῶν
1292 3856 1493 3907 πιστῶν
1545 3847 1880 3924 ἑϐδομηκον-

232 3941 463 3999 ταπέντε
518 3939 804 4012 ἱκκλησίαι
833 3985 848 4012 ,
892 3940 982 3996 καὶ
1030 3940 1201 3996 πάντα
1246 3940 1313 3996 τὰ
1370 3939 1574 3997 εἷ’δωλα
1622 3940 1878 4017 κατεθρύ-

235 4027 433 4103 ϐησαν,
465 4032 657 4093 πάντες
710 4030 761 4085 οὶ
808 4029 926 4085 ναοὶ
974 4036 1074 4100 τῆς
1120 4030 1437 4107 περι-χώρου
1484 4030 1878 4105 καθῇρέθησαν,

233 4120 414 4177 πάντα
439 4121 507 4174 τὰ
535 4118 676 4190 ἄλση
710 4117 799 4174 ἐπὶ
825 4116 1109 4192 τριακόσια
1156 4116 1315 4191 μίλια
1362 4115 1552 4174 διόλου
1603 4118 1655 4173 ἐν
1694 4118 1881 4191 κύκλῳ

230 4208 608 4276 κατεκόπησαν
638 4206 727 4262 καὶ
752 4207 1093 4281 κατεστρώθη
1103 4227 1217 4261 σαν.

310 4322 510 4373 XXIII.
554 4317 853 4385 Τηνικαῦτα
894 4316 940 4351 ⁹⁴
989 4311 1274 4391 ἐπίφθονον
1327 4311 1573 4391 διήγημα
1626 4311 1882 4390 διέδραμε

232 4406 377 4485 πρὸς
405 4406 496 4461 τὸν
534 4402 757 4481 βασιλέα
783 4402 1065 4479 Τραϊανὸν,
1088 4403 1164 4465 ὡς
1195 4402 1380 4457 αὐτόθι
1411 4403 1547 4475 πρὸς
1578 4402 1879 4478 ἀναρίθμη-

2066 3411 2235 3468 XXII.
2295 3411 2379 3467 Ob
2436 3411 2587 3467 banc
2640 3411 2822 3483 igitur
2879 3411 3119 3477 famam,
3158 3410 3456 3467 concurrit
3519 3414 3644 3467 tota

1993 3501 2322 3573 provincia;
2356 3500 2576 3571 quique
2608 3500 2915 3555 veniebant
2942 3501 3013 3554 ad
3067 3500 3121 3555 S.
3155 3499 3469 3555 Clementis
3500 3500 3640 3556 doc-

1993 3589 2237 3645 ctrinam
2272 3605 2475 3645 omnes
2505 3589 2988 3644 convertebantur
3025 3589 3097 3643 ad
3124 3588 3464 3657 Dominum;
3497 3590 3640 3646 adeo

1993 3682 2059 3732 ut
2088 3676 2342 3749 quotidie
2374 3676 2679 3749 quingenti
2710 3680 2769 3731 et
2797 3676 3052 3747 amplius
3083 3677 3417 3732 recederent
3450 3677 3639 3750 bapti-

1991 3768 2120 3822 zati.
2163 3768 2321 3822 Intra
2354 3783 2535 3822 unum
2570 3771 2763 3821 autem
2796 3782 3037 3837 annum,
3073 3766 3230 3821 factas
3288 3770 3428 3820 sunt
3454 3765 3574 3821 illic
3604 3784 3639 3822 a

1991 3856 2261 3911 ﬁdelibus
2320 3855 2694 3927 septuaginta
2741 3854 3001 3926 quinque
3041 3854 3314 3921 ecclesiae,
3353 3859 3409 3909 et
3439 3855 3639 3910 omnia

1990 3943 2145 3999 idola
2176 3943 2468 3999 confracta
2497 3947 2656 4013 sunt,
2691 3942 2890 3998 omnia
2917 3943 3137 4014 templa
3165 3942 3637 4013 circumjacontis

1990 4032 2245 4105 regionis
2276 4032 2468 4088 diruta
2499 4037 2880 4102 sunt,omnes
2910 4030 3026 4087 luci
3060 4048 3246 4103 usque
3274 4031 3342 4086 ad
3376 4034 3637 4087 trecenta

1991 4121 2263 4177 milliaria
2292 4120 2351 4175 in
2382 4120 2625 4176 circuitu
2656 4119 2871 4176 concisi
2903 4122 3041 4175 sunt
3069 4122 3126 4175 et
3155 4118 3277 4175 solo
3308 4118 3542 4190 aequati,

2062 4318 2266 4373 XXIII.
2301 4318 2464 4372 Tunc
2490 4315 2781 4371 invidiosa
2832 4314 3086 4371 narratio
3116 4315 3378 4387 pervenit
3402 4316 3474 4371 ad
3525 4316 3637 4372 im-

1993 4412 2315 4478 peratorem
2349 4405 2481 4475 Traj
2499 4403 2860 4475 anum,quod
2894 4403 3013 4459 illic
3044 4404 3116 4459 ad
3148 4404 3640 4461 innumerabilem

225 4475 326 4553 τόν
367 4475 581 4564 πλῆθος
639 4494 668 4547 6
724 4475 836 4547 τῶν
884 4496 1223 4566 Χριστιανῶν
1283 4490 1553 4563 ἐπηυξήΘη
1610 4475 1761 4553 λαός·
1793 4490 1875 4546 καῖ

1995 4475 2434 4550 multitudinem
2468 4494 2758 4549 adauctus
2790 4498 2946 4549 esset
3000 4493 3254 4565 populus
3285 4494 3641 4549 Christiano-

226 4583 514 4653 ἀπεστάλη
566 4585 610 4620 ”
658 4578 985 4660 Αὐφιδιανὸς
1018 4581 1045 4635 6
1075 4580 1318 4656 ἡγεμών·
1369 4580 1545 4648 ὅστις,
1590 4580 1875 4643 πλείστους

1993 4601 2145 4639 rum.
2179 4584 2247 4637 Et
2277 4585 2493 4638 missus
2524 4587 2613 4638 est
2642 4582 2990 4637 Auﬁdianus
3014 4599 3261 4654 presses:
3296 4583 3395 4653 qui
3422 4582 3639 4638 multos

227 4681 345 4731 τῶν
391 4674 722 4750 Χριστιανῶν
774 4668 1053 4748 διαφόροις
1106 4670 1353 4745 βασάνοις
1402 4667 1606 4724 ἀνελὼν
1643 4673 1707 4738 ⁸⁸,
1740 4671 1875 4745 ὁρῶν

1993 4672 2357 4728 Christianos
2389 4672 2633 4726 diversis
2664 4671 2967 4742 suppliciis
3018 4688 3146 4726 cum
3193 4671 3519 4737 occidisset,
3552 4671 3637 4725 vi-

232 4787 298 4821 τε
328 4766 371 4801 ⁸⁷
399 4761 529 4824 τοὺς
560 4760 758 4823 πάντας
806 4764 885 4831 τῷ
938 4757 1219 4835 μαρτυρίῳ
1254 4759 1386 4830 μετᾶ
1432 4764 1605 4834 χαρᾶς
1651 4778 1875 4832 προσερ.

1993 4762 2267 4832 deretque
2298 4776 2502 4815 omnes
2534 4760 2605 4814 ad
2664 4758 3007 4831 martyrium
3066 4775 3199 4814 cum
3232 4758 3446 4832 gaudio
3473 4774 3636 4814 acce-

232 4853 531 4931 χομινους,
580 4849 973 4925 παρεχώρησεν
1020 4852 1099 4918 τῷ
1144 4844 1368 4916 πλήθει,
1407 4843 1569 4919 μόνον
1611 4848 1700 4902 τὸν
1732 4848 1875 4923 ἅγιον

1993 4851 2150 4920 dere,
2179 4849 2354 4905 cessit
2413 4848 2797 4915 multitudini,
2829 4846 3019 4903 solum
3077 4853 3346 4904 sanctum
3376 4847 3641 4903 Clemen-u

238 4941 543 5014 Κλήμεντά
589 4938 676 4994 ἐπὶ
724 4938 787 4993 τὸ
839 4936 984 4991 θύειν
1033 4939 1076 4973 ³⁸
1129 4935 1469 5011 βιαζόμενος.
1521 4936 1619 4990 Καὶ
1668 4936 1875 5011 βλέπων

1994 4943 2111 4993 tem
2163 4953 2375 5009 cogens
2434 4938 2504 4992 ad
2582 4936 3054 4993 sacrificandum.
3115 4937 3183 4991 Et
3238 4936 3440 4991 videns
3495 4935 3638 4991 adeo

236 5031 421 5091 οὕτως
450 5026 736 5100 ἱδρυμένον
785 5025 837 5081 ἐν
890 5023 1099 5100 Κυρίῳ,
1148 5025 1238 5078 καὶ
1269 5027 1313 5061 ⁹⁹
1341 5025 1402 5078 τὸ
1452 5022 1687 5079 καθόλου
1732 5045 1875 5097 μετα-

1996 5026 2264 5084 stabilem
2295 5027 2355 5081 in
2387 5025 2654 5093 Domino,
2688 5042 2793 5081 nec
2821 5024 3058 5080 omnino
3091 5040 3261 5096 posse
3293 5042 3326 5080 a
3355 5023 3643 5079 sententia

232 5122 467 5189 τεθῆναι
496 5117 605 5192 οὐχ
633 5114 745 5170 οἶόν
776 5134 837 5170 τε
860 5116 946 5187 ιοο,
971 5112 1120 5189 λέγει
1147 5118 1164 5152 ¹
1184 5119 1301 5176 τοῖς
1334 5110 1515 5175 ῗδίοιςσ
1552 5114 1875 5190 Ἀπαχθήτιι

1998 5114 2297 5181 dimoveri,
2332 5114 2478 5169 dixit
2513 5114 2585 5169 ad
2642 5129 2817 5175 suos:
2877 5113 3217 5167 Abducatur
3268 5112 3328 5166 in
3380 5112 3641 5167 medium

317 5266 396 5342 (ιι)
423 5264 603 5324 Exod.
632 5278 773 5320 xvn.
807 5260 885 5334 (b)
914 5258 1046 5317 Psal
1075 5275 1202 5325 xnv,
1230 5258 1285 5312 5.

1593 5383 1838 5439 VARIJE
1887 5381 2294 5440 LECTIONES.

318 5516 501 5591 "al,
548 5510 827 5591 tgpaxdij'
902 5510 948 5591 ξθ
993 5508 1069 5591 al.
1127 5507 1219 5591 τὸν
1287 5505 1439 5591 Θεόν.
1494 5509 1559 5591 ι⁶¹
1594 5508 1701 5591 ‘91.,
1758 5504 1883 5562 ἀλλ’
1932 5504 2087 5591 331..
2121 5507 2167 5541 ⁸²
2225 5507 2300 5562 al.
2377 5503 2513 5591 πρὸς
2590 5503 2703 5591 τόν.
2802 5505 2885 5591 ⁸³η
2920 5503 2999 5591 al.‘
3070 5504 3163 5591 γῇ.
3257 5504 3304 5539 ⁸⁸
3360 5504 3493 5591 al.“
3514 5501 3640 5591 ἴδεν,

242 5590 299 5630 ³³
355 5588 429 5645 al.
488 5574 694 5642 ἰστῶτα
764 5584 810 5619 ⁸⁸
867 5582 943 5639 al.
1002 5578 1279 5649 ἐννοήσας.
1355 5581 1399 5615 ⁸⁷
1455 5580 1531 5635 al.
1590 5577 1857 5634 ἐθεάσατο.
1933 5579 1976 5614 ⁸⁸
2033 5578 2230 5650 idem,
2269 5574 2558 5650 κρούματρ
2618 5582 2745 5633 COT.
2796 5577 2885 5650 fl?
2950 5575 3025 5631 al.
3085 5574 3373 5650 ἔκρουσεν.
3450 5578 3493 5612 ⁸ο
3564 5578 3641 5650 al.

250 5654 859 5734 bucpelu§o6catc.“"
899 5646 1308 5734 Δεἰεοεῒκίιιηιιι.
1386 5650 2014 5734 θξξξεὶηξπὲστρεφον.
2080 5651 2136 5734 ‘9‘
2184 5646 2256 5734 al‘.
2307 5646 2609 5734 insegoﬁv.
2685 5646 3043 5734 “latoinser.
3077 5647 3202 5734 παρ’
3231 5646 3413 5733 αὑτοῦ.
3491 5650 3534 5684 ⁹⁶
3564 5649 3640 5716 al,

247 5717 487 5794 ἀηῖλιν.
519 5717 713 5784 '"al.
748 5722 822 5780 δι.
898 5725 942 5760 ³³
973 5723 1049 5782 al.
1086 5719 1343 5778 ἐπιθύειν.
1420 5724 1465 5760 θ’
1494 5724 1660 5781 deest
1685 5723 1745 5780 in
1776 5717 1850 5783 al'.
1910 5717 1997 5759 ’¹⁰⁰
2047 5721 2120 5778 al.
2176 5722 2252 5795 μὴ
2308 5717 2665 5798 βουλόμενον.
2746 5719 2939 5776 ‘Vide
2988 5736 3045 5775 n.
3095 5717 3163 5787 3,
3197 5724 3457 5795 proxime
3514 5738 3641 5798 seq.
