4118 6340
417 391 534 452 635

1493 394 1882 456 APPENDIX
1931 395 2034 454 AD
2081 394 2122 456 S
2194 394 2695 456 CLEMENTEM.

3698 395 3818 455 636

419 526 556 580 sede
589 540 891 580 successor
922 523 1147 579 fidelis:
1182 524 1496 583 Clementis
1547 527 1708 582 illius
1747 528 1916 598 cujus
1949 528 2061 582 huc

2191 522 2542 601 ιωτηριώδεις
2583 523 2810 601 διδαχάς
2841 525 2929 581 καὶ
2973 531 3181 601 σιγῶσα
3233 528 3333 602 βοᾷ
3377 525 3641 602 γεγονότα
3671 528 3814 580 ίε-ίθ.

419 627 608 685 usque
639 613 940 668 universus
998 615 1154 669 orbis
1201 614 1488 672 salutares
1545 617 1724 671 fuisse
1768 617 2065 671 doctrinas

421 701 510 758 vel
542 709 736 758 tacens
761 703 991 758 clamat:
1026 702 1462 775 Clementis,qui
1486 704 1615 759 vitis
1647 706 1860 760 Christi
1891 721 2062 759 verus

423 793 646 848 exstitit
679 791 919 863 palmes,
955 809 1057 862 per
1084 809 1258 862 quem
1291 794 1458 848 nobis
1489 795 1764 849 doctrinae
1797 813 1904 850 uva
1937 811 2062 848 ma—

419 887 741 946 turescens,
802 881 1036 951 pietatis
1102 885 1157 935 et
1213 881 1422 936 salutis
1481 887 1741 938 mustum
1788 884 2059 940 stillavit:

417 969 750 1038 Clementis,
785 985 931 1024 verae
962 969 1150 1034 scalis,
1184 988 1308 1040 quae
1341 988 1454 1025 non
1497 973 1564 1025 ad
1617 971 1780 1026 collis
1814 973 2064 1043 alicujus

419 1056 788 1112 altitudinem
823 1075 927 1113 nos
957 1058 1271 1124 evehit,sed
1296 1059 1572 1114 virtutum
1598 1061 2061 1126 ascensionibus,

417 1150 697 1216 tanquam
757 1148 1034 1217 gradibus
1084 1149 1464 1218 quibusdam,
1499 1149 1567 1203 ad
1627 1149 1835 1203 ccelum
1859 1155 1913 1204 et
1945 1167 2062 1204 cm-

414 1234 586 1289 lestia
618 1252 720 1290 nos
752 1237 1006 1290 traducit
1033 1253 1043 1289 :
1105 1236 1293 1302 scalae,
1327 1253 1453 1306 quae
1511 1236 1609 1291 illa
1639 1256 1671 1291 ιι
1700 1238 1911 1292 Jacobo
1941 1239 2065 1294 visa

416 1339 786 1393 nequaquam
819 1323 1059 1379 inferior
1087 1329 1176 1378 est
1205 1325 1280 1395 (a)
1307 1343 1319 1393 ;
1355 1342 1458 1379 nec
1488 1328 1735 1381 ostendit
1764 1327 1930 1381 nobis
1960 1345 2063 1381 an-

417 1412 576 1483 gelos
609 1429 711 1483 per
740 1429 868 1467 eam
901 1414 1281 1468 ascendentes
1305 1430 1370 1467 ac
1399 1402 1946 1483 descendentes,sed
1967 1416 2064 1470 ho-

420 1500 646 1556 minum
662 1501 889 1556 animas
903 1502 1115 1556 divinis
1130 1503 1378 1557 maxime
1395 1504 1894 1558 admonitionibus
1908 1504 2065 1559 velut

424 1606 454 1645 e
475 1591 754 1662 gradibus
778 1590 835 1645 in
861 1593 1078 1662 gradus
1101 1608 1202 1662 per
1221 1593 1467 1646 virtutes
1499 1593 1567 1646 ad
1603 1597 1782 1647 Deum
1817 1593 2061 1648 inducit.

495 1680 589 1734 III.
624 1680 801 1750 Cujus
835 1681 1070 1750 quidem
1120 1679 1467 1735 miraculum
1500 1697 1630 1735 cum
1665 1698 1779 1735 non
1801 1681 2067 1736 didiceri-
2095 1685 2106 1691 ’

419 1768 513 1836 tis,
548 1786 579 1823 o
611 1768 1004 1839 pulcherrime
1036 1773 1088 1823 et
1148 1769 1490 1824 ﬁdelissime
1549 1774 1751 1839 caatus,
1785 1771 1959 1840 quale
1990 1771 2067 1825 sit

417 1862 474 1913 et
503 1863 789 1928 quantum
823 1858 1043 1923 audire,
1067 1863 1346 1929 tanquam
1371 1858 1600 1928 pietatis
1631 1864 2063 1927 amantes,con-

418 1947 658 2012 tendite,
693 1951 751 2002 et
780 1947 851 2002 ad
908 1962 1233 2002 sermonem
1267 1947 1569 2016 exsultate,
1604 1965 1668 2002 ac
1699 1964 1869 2004 aures
1912 1949 2073 2004 incli-

425 2041 581 2102 nate,
614 2041 788 2107 atque
837 2041 1097 2091 nostram
1131 2041 1403 2091 accusata
1451 2036 1780 2091 tarditatem
1809 2055 1821 2092 :
1857 2038 2070 2093 etenim

427 2125 498 2180 de
529 2125 638 2179 hoc
691 2126 945 2195 gaudeo:
1004 2130 1254 2192 tantum,
1291 2141 1476 2195 usque
1534 2127 1603 2179 ad
1668 2127 1843 2181 finem
1903 2128 2069 2194 mihi,

427 2230 642 2285 quaso,
673 2214 756 2268 sic
783 2219 1068 2268 attentum
1129 2221 1354 2270 servate
1400 2216 1684 2281 animum,
1729 2231 1833 2270 nec
1864 2215 2072 2271 sinatis

425 2301 684 2375 aliquam
739 2302 915 2372 hujus
973 2303 1100 2357 vita;
1162 2320 1358 2358 rerum
1418 2304 1827 2376 cogitationem
1876 2304 2074 2360 subire

427 2395 681 2448 mentem
711 2396 985 2462 vestram,
1023 2397 1079 2446 et
1111 2391 1466 2448 alacritatem
1519 2393 1836 2449 emolllire:
1871 2410 2071 2450 verum

422 2480 686 2552 vigilanti
716 2481 1010 2536 intellectu
1041 2498 1105 2536 ac
1128 2497 1302 2537 sensu
1336 2498 1455 2537 rem
1494 2482 1741 2538 ﬁdeliter
1769 2483 2070 2556 suscipite.

426 2571 511 2625 Ita
541 2576 735 2624 autem
769 2571 961 2626 habet.

495 2659 587 2716 IV.
624 2659 938 2729 Postquam
971 2656 1284 2732 praeclarus
1316 2665 1372 2715 et
1401 2661 1777 2718 beatissimus
1808 2661 2072 2719 Clemens

429 2748 705 2804 doctrinae
737 2753 912 2820 atque
942 2750 1301 2821 apostolatus
1341 2767 1579 2806 cursum
1618 2752 1973 2822 perfecisset,
2006 2767 2073 2808 ac

429 2855 459 2893 e
490 2839 663 2892 rebus
686 2838 961 2892 humanis
986 2855 1086 2909 per
1107 2839 1364 2910 martyrii
1386 2841 1950 2895 consummationem
1973 2857 2073 2895 ex-

430 2927 722 2995 cessisset;
748 2927 900 2983 sicut
929 2927 1144 2982 etliber
1172 2927 1410 2999 gloriosi
1443 2930 1568 2999 ejus
1601 2931 1862 3001 martyrii
1883 2928 2072 2984 decla-

431 3023 539 3083 rat,
575 3033 746 3087 quem
783 3034 814 3071 a
847 3017 1008 3072 vobis
1039 3034 1151 3072 non
1185 3017 1438 3089 ignorari
1473 3033 1816 3089 persuasum
1852 3019 2071 3087 habeo;

433 3122 803 3177 nequaquam
857 3107 1089 3178 justum
1118 3122 1247 3162 esse
1298 3107 1587 3177 judicavit
1638 3108 1945 3174 Dominus,
1976 3107 2075 3178 qui

433 3195 1043 3268 gloriﬁcantesﬂipsum
1069 3196 1355 3268 gloriﬁcat
1375 3197 1472 3268 (b),
1491 3213 1606 3251 non
1628 3197 1881 3253 vicissim
1905 3196 2076 3268 glori-

2175 614 2489 686 Κλήμεντος
2561 619 2657 669 τοῦ
2737 614 2972 686 ἀληθοῦς
3021 614 3306 688 κλήματος
3379 623 3478 686 τῆς
3565 615 3816 689 ἀμπέλου

2171 708 2425 778 Χριστοῦ⁷
2459 701 2528 757 δι’
2559 703 2621 757 οὗ
2673 706 2807 776 ἡμῖν
2841 705 2868 758 ὁ
2897 712 2996 774 τῆς
3045 702 3392 766 διδασκαλίας
3445 705 3639 780 βότρυς
3684 725 3814 780 περ·

2171 793 2358 861 κάσας,
2412 792 2640 867 γλεῦκος
2700 788 2968 856 εὐσεϐείας
3026 794 3114 847 καὶ
3172 795 3441 870 σωτηρίας
3491 792 3814 864 ἐστάλαξενο

2175 881 2516 953 Κλήμεντος,
2546 889 2648 950 τῆς
2679 880 2918 950 ἀληθοῦς
2949 881 3239 955 κλίμακος,
3272 890 3371 952 τῆς
3405 882 3465 938 οὗ
3497 884 3634 958 πρὸς
3679 884 3817 958 γεώ-

2175 968 2342 1047 λοφόν
2374 991 2425 1024 τι
2476 971 2611 1044 ὕψος
2663 970 3109 1046 ἐπαναγαγούσης
3154 975 3326 1044 ἡμᾶς,
3371 971 3516 1027 ἀλλά
3560 977 3679 1034 ταῖς
3709 976 3816 1026 τῶν

2173 1059 2373 1135 ἀρετῶν
2409 1055 2747 1129 ἀναὲάσεσιν,
2790 1059 2969 1134 ὥσπερ
3016 1060 3124 1114 τισὶ
3176 1060 3420 1136 βαθμίσι,
3471 1060 3606 1136 πρὸς
3656 1061 3820 1136 οὐρα·

2172 1147 2259 1201 νόν
2293 1168 2350 1202 τε
2379 1149 2467 1201 καὶ
2491 1149 2558 1200 τά
2589 1147 2810 1222 οὐράνια
2841 1150 2874 1216 ἡ
2896 1153 3001 1220 μᾶς
3054 1143 3497 1218 διαϐιϐαζούσης·
3529 1147 3821 1220 κλίμακος,

2172 1237 2260 1290 καὶ
2317 1244 2418 1305 τῆς
2469 1232 2660 1290 Ἰακὼϐ
2717 1237 3005 1309 ὁραθείσης
3061 1233 3213 1291 οὐδὲν
3274 1234 3613 1306 ἀποδεούσης
3648 1285 3663 1310 ,
3723 1237 3823 1292 οὐκ

2173 1325 2444 1400 ἀγγέλους
2476 1324 2545 1379 δι’
2576 1325 2744 1394 αὐτῆς
2793 1324 3040 1387 ἀνιόντας
3093 1326 3181 1380 καὶ
3213 1326 3495 1388 κατιόντας
3541 1329 3678 1399 ἡμῖν
3713 1323 3820 1381 δει-

2173 1414 2433 1480 κνυούσης
2468 1458 2482 1484 ,
2541 1412 2686 1469 ἀλλὰ
2744 1414 3043 1485 ἀνθρώπων
3103 1415 3285 1490 ψυχὰς
3350 1421 3469 1477 ταῖς
3522 1414 3818 1476 θειοτάταις

2172 1506 2563 1579 παραινέσεσιν,
2608 1503 2683 1564 ὡς
2713 1502 2771 1557 ἐκ
2818 1504 3040 1578 βαθμῶν
3093 1503 3170 1566 εἷς
3223 1503 3466 1580 βαθμοὺς
3514 1501 3583 1558 δι’
3614 1503 3817 1577 ἀρετῶν

2172 1597 2251 1664 τῷ
2283 1597 2396 1663 Θεῷ
2417 1592 2885 1668 συνεισφερούσής.

2246 1683 2342 1738 III.
2376 1680 2598 1742 Οὕτινος
2630 1678 2695 1750 δὴ
2728 1681 2789 1736 τὸ
2819 1683 2997 1755 θαῦμα
3029 1683 3104 1754 μὴ
3141 1681 3425 1754 μαθόντες,
3454 1682 3500 1736 ὦ
3529 1679 3823 1736 κάλλιπον

2175 1770 2262 1824 καὶ
2320 1769 2639 1824 πιστότατον
2701 1771 3013 1843 ἄθροισμα,
3073 1770 3160 1825 xui
3221 1770 3335 1825 οἶόν
3384 1770 3493 1824 ἐστι
3550 1767 3640 1825 καί
3697 1769 3820 1824 ὅσον

2179 1860 2488 1931 ἀκηκοέναι,
2539 1859 2614 1920 ὡς
2663 1854 3018 1933 φιλευσεϐεῖς,
3050 1858 3394 1934 ἀγωνίζεσθε,
3443 1860 3532 1914 καὶ
3563 1878 3822 1934 προσκιρ-

2179 1954 2304 2003 τᾶτε
2330 1952 2427 2002 τοῦ
2476 1947 2667 2022 λόγου,
2717 1950 2806 2003 καὶ
2853 1950 2952 2017 τὴν
3004 1949 3171 2017 ἀκοὴν
3226 1947 3558 2020 ὑποκλίνετε,
3608 1947 3696 2003 καὶ
3727 1954 3827 2017 τῆς

2186 2035 2520 2113 βραδυτῆτος
2568 2039 2729 2109 ἡμῶν
2785 2037 3217 2110 καταμέμφεσθε·
3269 2036 3451 2113 χαίρω
3505 2034 3550 2091 δ’
3580 2035 3670 2091 οὖν
3702 2035 3828 2091 τοῦ-

2179 2147 2276 2180 του
2329 2122 2502 2180 ἕνεκα⁶
2569 2120 2756 2199 μόνον,
2820 2123 2984 2202 μέχρι
3042 2123 3235 2187 τέλους
3301 2146 3442 2198 μοι,
3502 2128 3827 2198 παρακαλῶ,

2183 2214 2356 2276 οὕτως
2413 2215 2804 2287 συντεταμένην
2844 2216 3118 2290 τηρήσατε
3163 2215 3262 2284 τήν
3315 2212 3576 2286 διάνοιαν,
3623 2215 3713 2268 καὶ
3750 2215 3826 2286 μή

2179 2325 2296 2359 τινα
2347 2304 2601 2379 βιωτικὸν
2663 2303 2930 2378 λογισμὸν
2984 2307 3062 2375 τῷ
3112 2307 3190 2376 νῷ
3249 2303 3400 2376 ὑμῶν
3467 2300 3826 2373 ὑπεισελθεῖν,

2181 2396 2267 2448 καί
2317 2394 2378 2448 τὸ
2421 2392 2701 2468 πρόθυμον
2736 2396 3012 2467 χαυνῶσαι
3064 2391 3275 2462 ἐάσητε*
3324 2391 3452 2447 ἀλλ’
3499 2390 3824 2467 ἐγρηγορότι

2179 2481 2440 2558 λογισμῷ
2488 2480 2578 2536 xui
2632 2483 2941 2560 φρονήματι
2987 2485 3148 2537 τοῦτο
3197 2485 3399 2544 πιστῶς
3452 2478 3776 2551 ὑποδέξασθε
3808 2523 3824 2538 .

2181 2577 2362 2626 Ἔστιν
2396 2569 2453 2625 δὲ
2483 2568 2676 2632 οὕτως.

2251 2662 2344 2716 IV.
2403 2663 2515 2716 Τοῦ
2568 2655 2823 2732 ἀοιδίμου
2880 2659 2969 2713 καὶ
3033 2657 3445 2734 μακαριωτάτου
3503 2658 3829 2730 Κλήμεντος

2179 2749 2268 2804 τὸν
2299 2755 2400 2818 τῆς
2434 2745 2782 2810 διδασκαλίας
2810 2747 2900 2802 καὶ
2932 2746 3242 2816 ἀποστολῆς
3271 2745 3475 2823 δρόμον
3519 2745 3830 2802 ἐκτελέσαν-

2180 2859 2292 2906 τος,
2324 2838 2414 2892 καὶ
2443 2841 2551 2891 τῶν
2582 2835 2713 2910 τῇδε
2743 2835 2832 2891 διὰ
2877 2840 2972 2905 τῆς
3001 2841 3096 2892 τοῦ
3148 2837 3445 2912 μαρτυρίου
3494 2835 3832 2898 τελειώσεως

2189 2925 2732 3001 μετακεχωρηκότος·
2768 2927 2842 2988 ὡς
2872 2926 2960 2979 καὶ
2991 2928 3025 2995 ἡ
3071 2929 3171 2979 τοῦ
3221 2923 3434 2995 ἐνδόξου
3483 2925 3646 2979 αὐτοῦ
3696 2944 3835 2998 μαρ-

2182 3015 2370 3091 τυρίου
2407 3010 2598 3090 βίϐλος
2646 3012 2980 3085 δεδήλωκεν,
3033 3015 3099 3084 ἢν
3163 3016 3238 3087 μὴ
3284 3014 3496 3089 ἀγνοεῖν
3551 3015 3688 3087 ὑμᾶς
3738 3014 3837 3068 πέ-

2184 3125 2433 3177 πεισμαι·
2469 3104 2530 3158 οὐ
2565 3101 2770 3158 δίκαιον
2802 3103 3046 3179 κέκρικεν
3082 3104 3109 3157 ὁ
3140 3099 3373 3173 δοξάζων
3403 3102 3532 3164 τοὺς
3585 3099 3841 3172 δοξάζον-

2185 3215 2279 3256 τας
2331 3193 2487 3247 αὐτὸν
2538 3192 2757 3268 Κύριος,
2814 3194 2888 3266 μή
2943 3189 3281 3262 ἀντιδοξάσαι
3326 3193 3418 3246 τὸν
3479 3191 3653 3253 οὕτως
3704 3190 3841 3267 ὑπὲρ

433 3285 604 3340 ﬁcare
637 3283 821 3352 illum,
856 3285 958 3357 qui
989 3302 1091 3357 pro
1126 3302 1323 3341 amore
1371 3302 1508 3358 erga
1537 3302 1670 3341 eum
1701 3287 1786 3341 sic
1817 3287 2075 3342 decerta-

2191 3290 2288 3353 τῆς
2326 3281 2400 3343 εἷς
2429 3281 2588 3336 αὐτὸν
2619 3264 2828 3357 ἀγάπης
2872 3280 3295 3357 ἀγωνισάμενον·
3345 3277 3493 3335 ἀλλὰ
3539 3279 3626 3335 καὶ
3669 3264 3841 3353 ὑπερλ-

435 3378 622 3442 verat;
648 3374 764 3430 imo
798 3375 1114 3431 admodum
1139 3375 1464 3447 glorificare
1494 3380 1550 3430 et
1571 3391 1850 3448 magnum
1873 3377 2080 3445 facere,

438 3479 690 3534 eumque
724 3468 787 3518 ut
819 3464 874 3518 in
909 3464 1048 3520 casio
1097 3464 1339 3537 angelis,
1374 3466 1453 3520 ita
1483 3465 1576 3520 hic
1627 3482 1857 3537 quoque
1887 3465 2084 3521 homi-

439 3551 613 3607 nibus
645 3550 1035 3608 clarissimum
1089 3555 1350 3623 reddere,
1384 3571 1487 3626 per
1534 3554 1950 3610 miraculorum
1984 3555 2084 3610 de-

439 3641 944 3706 monstrationem,
974 3647 1030 3697 et
1074 3643 1324 3698 maxime
1363 3645 1796 3699 venerandum:
1832 3644 2082 3699 miracu-

439 3729 650 3796 lorum,
687 3747 934 3802 quorum
969 3732 1200 3800 quidem
1233 3749 1398 3788 mens
1432 3734 1895 3805 magnitudinem
1929 3749 2084 3788 com-

439 3819 797 3891 prehendere
843 3837 956 3875 non
1008 3820 1182 3888 valet,
1245 3838 1349 3876 nec
1407 3822 1589 3877 oratio
1650 3822 2087 3877 multitudinem

440 3909 649 3976 dicere,
694 3925 798 3964 nec
831 3925 1042 3965 manus
1074 3927 1312 3965 exarare
1343 3910 1713 3966 inﬁnitatem.
1748 3915 1822 3967 Ut
1850 3928 1985 3984 ergo
2020 3928 2088 3966 ex

443 3999 676 4054 ﬁmbria
692 4015 954 4070 pannum
977 4000 1164 4071 ,juxta
1194 4001 1588 4073 proverbium,
1613 4001 1765 4057 intra
1793 4018 1894 4058 vos
1923 4017 2090 4073 repu-

444 4089 597 4156 tetis,
633 4090 690 4144 id
723 4090 874 4160 quod
908 4090 1148 4162 promisi
1181 4091 1451 4147 narrabo.

514 4182 580 4232 V.
607 4178 750 4233 Cum
775 4179 1139 4236 veneratione
1155 4179 1570 4253 dignissimum
1602 4196 1813 4253 corpus
1838 4181 2088 4236 sanctis-

445 4267 579 4323 simi
614 4268 884 4339 martyris
937 4268 1251 4325 Clementis
1310 4269 1367 4324 in
1404 4270 1769 4343 profundum
1808 4270 1985 4326 maris
2018 4269 2088 4324 ab

455 4355 655 4427 impiis
688 4355 804 4412 illis
833 4356 1154 4414 idololatria
1185 4361 1511 4431 projectum
1570 4359 1796 4431 fuisset,
1826 4358 2090 4430 illudque

443 4445 765 4516 excepisset
786 4446 1072 4518 templum
1105 4447 1163 4502 in
1193 4449 1482 4519 profundo
1515 4466 1548 4504 a
1577 4449 1689 4504 Deo
1715 4448 2089 4518 aadiiicatum,

445 4534 540 4590 hic
572 4552 802 4607 quoque
830 4536 1150 4592 maximum
1185 4538 1303 4592 edit
1331 4538 1683 4593 miraculum
1715 4539 1869 4593 Deus
1899 4536 2089 4592 admi-

2193 3371 2410 3443 δοξάσαι
2439 3371 2527 3425 καὶ
2562 3369 2878 3446 μεγαλῦναι,
2909 3371 3000 3424 καὶ
3045 3371 3121 3432 ὡς
3153 3370 3203 3425 ἐν
3252 3368 3466 3444 οὐρανῷ
3509 3373 3627 3431 τοῖς
3677 3370 3840 3444 ἀγγέ-

2193 3461 2351 3533 λοις,
2402 3459 2545 3514 οὕτω
2592 3459 2862 3524 κάνταῦθα
2904 3464 3022 3521 τοῖς
3071 3459 3378 3529 ἀνθρώποις
3450 3456 3838 3534 λαμπρότατον

2193 3550 2350 3605 αὐτὸν
2397 3551 2744 3620 καταστῆσαι,
2780 3546 2868 3603 διὰ
2914 3555 3016 3617 τῆς
3064 3552 3173 3603 τῶν
3223 3549 3672 3622 θαυματουργιῶν
3719 3546 3843 3602 έπι-

2195 3638 2452 3709 δείξεως,
2511 3638 2601 3692 καὶ
2678 3636 3142 3711 αἰδεσιμώτατονο
3205 3638 3704 3711 θαυματουργιῶν,
3764 3636 3843 3690 ὧν

2193 3733 2317 3790 νοῦς
2368 3729 2462 3800 μὲν
2508 3727 2571 3781 τὸ
2625 3725 2844 3803 μέγεθος
2897 3727 3140 3796 ἐννοῆσαι
3191 3727 3386 3797 ἀτονεῖ,
3441 3723 3604 3800 λόγος
3665 3723 3723 3780 δὲ
3777 3725 3848 3781 τὸ

2195 3817 2412 3886 πλῆθος
2445 3817 2635 3887 εἰπεῖν,
2687 3815 2776 3870 καὶ
2826 3817 2950 3892 χεὶρ
2996 3813 3316 3890 διαχαράεαι
3367 3816 3429 3870 τὸ
3481 3812 3850 3889 ἄπειροψῖνα

2197 3905 2287 3961 οῦν
2323 3906 2383 3960 έκ
2407 3910 2504 3960 τοῦ
2533 3903 2838 3982 κρασπέδου
2883 3906 2946 3960 τὸ
2996 3905 3217 3983 ὕφασμα
3247 3906 3293 3941 ³ο
3345 3904 3481 3976 μετά
3521 3905 3620 3973 τὴν
3649 3924 3850 3980 παροι-

2201 3993 2323 4069 μίαν
2357 3993 2579 4069 γνοίητε
2608 3993 2659 4047 έν
2696 3993 2846 4066 ὑμῖν,
2878 3993 2908 4047 ὃ
2937 3991 3025 4046 καὶ
3060 3990 3383 4068 ὑπεσχόμην
3417 3989 3779 4065 διηγήσομαι.

2266 4176 2334 4231 V.
2367 4177 2471 4228 Τοῦ
2501 4171 2805 4228 πανσέπτου
2855 4169 3112 4245 λειψάνου
3161 4173 3258 4225 τοῦ
3299 4169 3561 4226 πανοσίου
3592 4170 3853 4247 ἱερομάρ-

2197 4285 2355 4340 τυρος
2398 4262 2712 4335 Κλήμεντος
2765 4259 2816 4316 έν
2863 4261 2943 4333 τῷ
2984 4267 3083 4330 τῆς
3135 4256 3409 4330 θαλάσσης
3453 4259 3854 4339 ἀποῤῥιφέντος

2204 4355 2352 4428 βυθῷ
2381 4353 2525 4427 παρὰ
2552 4355 2658 4406 τῶν
2693 4350 2860 4405 ἀθέων
2893 4349 3103 4404 ἐκείνων
3149 4345 3584 4424 εἶδωλολατρῶν,
3616 4349 3706 4404 καὶ
3747 4350 3853 4405 τοῦ

2200 4441 2251 4497 ἐν
2306 4443 2451 4516 βυθῷ
2497 4437 2803 4514 θεοδμήτου
2850 4443 2979 4494 ναοῦ
3026 4441 3186 4492 τοῦτο
3238 4435 3670 4510 ὑποδεξαμένου,
3719 4439 3856 4493 θαυ-

2203 4535 2499 4606 ματουργεῖ
2552 4552 2604 4584 τι
2668 4528 2918 4604 μέγιστον
2978 4526 3244 4582 κάνταῦθα
3300 4527 3326 4581 ὁ
3384 4531 3492 4582 τῶν
3535 4527 3853 4600 θαυμασίων

448 4623 746 4679 rabilium.
772 4629 890 4679 Hoc
921 4625 1076 4680 enim
1110 4627 1282 4692 facto,
1316 4643 1448 4682 cum
1493 4627 1768 4698 discipuli
1815 4628 1943 4698 ejus
1973 4643 2077 4681 un

2200 4621 2350 4683 Θεός.
2383 4619 2590 4675 Τούτου
2618 4619 2718 4696 γὰρ
2754 4616 3068 4693 γεγονότος,
3099 4617 3188 4671 καὶ
3233 4620 3340 4671 τῶν
3394 4621 3652 4690 μαθητῶν
3684 4617 3858 4674 αὐτοῦ

451 4729 582 4768 cum
613 4712 884 4768 fidelibus
925 4713 1022 4784 qui
1055 4714 1173 4769 illic
1230 4721 1396 4770 erant
1446 4715 1927 4782 lamentarentur,
1956 4721 2011 4771 et
2036 4720 2101 4771 ut

450 4801 857 4858 sanctissimas
914 4802 1324 4875 gloriosissimi
1380 4803 1694 4860 Clementis
1738 4805 2014 4877 reliquias
2045 4805 2096 4860 ei

455 4893 804 4958 ostenderet,
840 4893 994 4963 quod
1035 4897 1092 4949 et
1143 4893 1360 4948 factum
1418 4898 1526 4961 est,
1561 4894 1741 4950 Deum
1803 4893 2100 4966 supplices

450 4987 720 5056 rogarent
746 4997 758 5037 :
784 4982 1050 5054 protinus
1081 4981 1434 5037 immensum
1467 4981 1609 5037 illud
1643 4982 1884 5055 pelagus
1915 4984 2097 5039 desis-

446 5075 576 5128 tens
607 5087 672 5127 ac
703 5071 1090 5139 retrocedens,
1123 5071 1309 5126 eii'ecit
1339 5076 1404 5126 ut
1431 5073 1625 5144 ipsum
1658 5071 1831 5127 etiam
1866 5073 2101 5145 profane

451 5161 592 5217 dum
627 5178 660 5215 a
691 5161 801 5233 piis
843 5160 988 5215 adiri
1042 5165 1239 5233 posset
1305 5178 1491 5233 usque
1547 5162 1617 5216 ad
1651 5161 1761 5215 tria
1790 5161 2089 5218 milliaria.

449 5251 648 5322 Itaque
678 5250 949 5323 ingressi,
982 5251 1330 5307 invenerunt
1374 5251 1614 5307 domum
1646 5251 1704 5307 in
1737 5251 1925 5323 ﬁgura
1951 5256 2098 5307 tem-

527 5377 602 5448 (a)
636 5377 776 5431 Gen.
812 5393 1009 5444 xxvm,
1050 5378 1131 5430 i2.
1167 5377 1244 5449 (ὁ)
1281 5379 1301 5432 I
1336 5376 1475 5450 Reg.
1510 5394 1572 5447 Ii,
1606 5377 1694 5431 30.

2209 4709 2300 4765 σὺν
2332 4714 2436 4764 τῶν
2471 4709 2639 4764 ἐκεῖσε
2669 4711 2873 4762 πιστῶν
2906 4709 2951 4744 ²¹
3007 4703 3372 4782 ὀδυρομένων,
3425 4704 3591 4777 δεῖξαί
3621 4727 3680 4762 τε
3721 4707 3858 4762 τοῦ-

2205 4821 2321 4862 τοις
2353 4800 2414 4853 τὸ
2443 4797 2693 4873 πανίερον
2727 4795 2978 4871 λείψανον
3012 4799 3108 4851 τοῦ
3135 4789 3460 4868 πανενδόξου
3510 4794 3860 4870 Κλήμεντος,

2208 4888 2238 4944 ὅ
2265 4911 2316 4944 τι
2347 4888 2435 4943 καὶ
2483 4889 2687 4964 γέγονε,
2733 4886 2870 4961 πρὸς
2921 4884 3049 4940 Θεὸν
3095 4883 3463 4955 ἱκετευόντων,
3510 4885 3746 4959 παρευθῦ
3783 4887 3857 4943 to‘

2208 4977 2426 5052 ἄπειρον
2458 4975 2629 5032 ἐκεῖνο
2677 4974 2912 5051 πέλαγος
2963 4971 3314 5052 ὑπολοφῆσαν
3364 4974 3452 5028 καὶ
3484 4973 3860 5045 είςκτούπίσω

2209 5062 2550 5137 ἀναποδίσαν,
2585 5063 2850 5134 είσιτητὸν
2895 5063 2985 5118 καὶ
3033 5061 3191 5118 αὐτὸν
3241 5063 3331 5118 τὸν
3387 5062 3546 5136 βυθὸν
3596 5069 3713 5126 τοῖς
3766 5064 3863 5119 εὖ·

2210 5151 2383 5211 σεϐέσι
2413 5154 2732 5226 πεποίηκεν,
2766 5153 2898 5230 ἄχρι
2946 5149 3144 5226 μιλίων
3193 5155 3379 5227 τριῶν.
3426 5150 3528 5208 Καὶ
3575 5149 3640 5222 δὴ
3676 5151 3861 5208 εἶσελ-

2209 5245 2390 5306 θόντες
2439 5243 2590 5320 εὗρον
2643 5244 2694 5301 ἐν
2746 5245 2990 5320 σχήματι
3049 5239 3176 5298 ναοῦ
3231 5239 3575 5318 μαρμαρίνου
3625 5241 3864 5316 οἴκημα,

1805 5493 2046 5548 VARIIE
2112 5491 2524 5549 LECTIONES.

535 5589 578 5624 ¹³
611 5590 655 5625 ιο
687 5590 726 5644 f.
755 5609 814 5662 γε
857 5589 1030 5643 ονέναι
1063 5591 1147 5646 vel
1179 5589 1479 5665 γεγονυίας.
1557 5592 1603 5627 ²⁰
1633 5591 1905 5648 Oratione
1937 5592 2008 5646 de
2028 5590 2301 5663 Gregorio
2339 5589 2774 5660 Thaumaturgo
2802 5584 3115 5656 Gregorius
3173 5584 3473 5657 Nyssenus
3527 5585 3680 5641 circa
3737 5601 3864 5641 me-

535 5677 620 5715 Jm
657 5677 668 5715 :
702 5660 788 5715 Ὡς
934 5660 1069 5715 κατὰ
1094 5663 1193 5715 τήν
1222 5661 1544 5715 παροιμίαν.
1576 5660 1705 5715 ὅλον
1734 5664 1870 5715 ἡμῖν
1900 5661 2121 5715 γένηται
2151 5659 2447 5715 καταφανὲς
2479 5658 2538 5715 ix
2564 5661 2662 5714 τοῦ
2694 5654 2999 5715 κρασπέδου
3027 5655 3090 5711 τὸ
3140 5654 3378 5715 ὕφασμα.
3425 5657 3561 5715 ΟΟΊ.
3645 5657 3685 5692 ¹¹
3736 5661 3862 5715 τοῖς

456 5661 620 5718 dium
657 5677 668 5716 :
702 5660 788 5720 Ὠξ

454 5732 626 5790 ὶκεῖσι
653 5737 886 5796 πιστοῖς.

888 5707 901 5733 ,
934 5660 1069 5716 κατὰ
1094 5654 1202 5730 τὴν
1222 5654 1544 5736 παροιμίαν,
1576 5660 1705 5717 ὅλον
1734 5664 1870 5734 ἡμῖν
1900 5661 2121 5737 γένηται
2141 5654 2447 5738 καταφανὲς
2479 5658 2538 5715 ix
2564 5661 2662 5714 τοῦ
2694 5654 2999 5734 κρασπέδου
3027 5655 3090 5711 τὸ
3140 5654 3378 5733 ὕφασμα.
3425 5657 3561 5715 Cm.
3645 5657 3685 5692 ¹¹
3736 5661 3862 5720 τοῖς
