4118 6340
210 429 328 489 637

676 427 1036 489 EPHRAIM
1080 426 1517 489 CHERSONIS
1560 423 1926 487 ARCHIEP.
1971 422 2073 483 DE
2121 423 2520 486 MIRACULO
2565 425 2629 485 S.
2676 420 3147 485 CLEMENTIS.

3490 419 3609 480 638

210 559 297 614 καὶ
330 557 511 613 αὐτόθι
563 558 616 613 ἐν
668 556 813 633 σορῷ
863 556 1041 631 λιθίνῃ
1085 556 1149 613 τὸ
1195 558 1453 631 πανάγιον
1505 554 1594 611 καὶ
1639 552 1848 627 ἔνδοξον

1980 554 2041 626 ili
2076 556 2407 621 marmorei,
2457 560 2514 612 et
2556 555 2675 611 illio
2723 555 2782 610 in
2823 571 2999 627 capsa
3024 553 3255 625 lapidea
3285 554 3606 625 repositum

214 648 626 719 ἀποτεθειμένον
672 651 767 700 τοῦ
820 648 1095 722 μάρτυρος
1144 644 1419 720 λείψανον.
1454 646 1545 708 Οἷς
1572 647 1691 720 ἆραι
1728 645 1855 719 βου-

213 737 467 809 λομένοις
498 736 562 789 τὸ
590 735 851 809 πανάγιον
886 735 946 790 ἐκ
987 736 1081 789 τοῦ
1118 737 1280 811 βυθοῦ
1328 734 1607 808 λείψανον,
1645 754 1856 808 νυκτωρ

215 826 434 887 ἐπιστάς
480 824 696 886 τούτοις
744 826 773 879 6
804 825 983 898 ἅγιος,
1034 824 1229 879 οὐτωσὶ
1280 822 1618 898 διηγόρευσε’
1658 823 1728 876 Τὸ
1763 823 1855 893 μὲν

216 912 470 987 λείψανον
508 914 629 987 ἆραι
666 914 741 986 μή
792 908 1001 983 δόξητε⁶
1054 913 1351 989 χαρίζομαι
1406 910 1461 967 δὲ
1494 912 1620 986 ὑμῖν
1657 912 1857 981 ταύτην

213 1004 309 1069 τήν
343 1000 530 1077 χάριν,
556 1001 627 1055 ’ἶν’
660 1001 867 1074 ἑκάστῳ
899 1001 1086 1077 χρόνῳ
1109 1002 1157 1055 έν
1278 1004 1375 1070 τῆς
1407 1000 1545 1073 ἐμῆς
1578 999 1859 1070 ἀθλήσεως

217 1090 400 1167 ἡμέρᾳ
432 1090 520 1145 ἐπὶ
549 1091 684 1145 ἑπτὰ
714 1092 923 1166 ἡμέρας
956 1092 1259 1167 ὑποχωρῶν
1295 1092 1323 1145 6
1360 1091 1542 1165 βυθὸς,
1577 1087 1664 1143 διὰ
1695 1090 1860 1165 ξηρᾶς

219 1179 457 1247 πεζεύειν
499 1225 512 1247 ,
574 1178 769 1254 μέχρις
846 1175 952 1234 ὧδε
1008 1180 1617 1253 παρασκευασθήσεται.
1682 1176 1780 1231 Καὶ
1835 1176 1862 1229 6

216 1264 384 1341 λόγος
416 1265 571 1342 ἔργον
604 1266 828 1342 ἐγένετο.
864 1273 1088 1321 ’Έκτοτε
1135 1267 1238 1343 γὰρ
1297 1267 1459 1341 μέχρι
1490 1269 1589 1335 τῆς
1620 1268 1861 1341 σήμερον

216 1357 426 1429 ἑκάστῳ
477 1356 661 1432 χρόνῳ
697 1357 761 1411 τὸ
821 1355 1125 1429 θαυμαστὸν
1181 1360 1341 1410 τοῦτο
1388 1354 1621 1409 τελεῖται
1676 1356 1861 1429 θεουρ-

214 1450 349 1521 γικῶ
359 1467 386 1506 ς
422 1444 767 1521 μεγαλούργη
778 1466 869 1517 μα.

282 1535 385 1590 νι.
419 1533 479 1586 Τί
528 1539 689 1588 τοῦτο
738 1538 836 1588 τοῦ
885 1533 1119 1595 Μωσέως
1167 1532 1441 1605 θαύματος
1493 1531 1862 1607 ἀτιμότερον;

215 1623 271 1676 Τί
303 1619 362 1676 δὲ
392 1627 491 1677 τοῦ
515 1622 823 1678 Ἐλισσαίου
871 1620 1185 1697 άδοξότερόν
1234 1642 1292 1676 τε
1320 1621 1409 1675 καὶ
1438 1620 1813 1695 ταπεινότερον
1848 1637 1863 1688 ς

218 1710 361 1767 πολὺ
396 1712 494 1784 μὲν
529 1710 619 1766 οὖν
669 1732 731 1786 γε
780 1708 1116 1785 ἐνδοξότερόν
1158 1732 1219 1765 τε
1261 1710 1351 1764 καὶ
1403 1708 1764 1783 ὑψηλότερον.
1812 1713 1866 1761 '0

222 1800 315 1872 μὲν
344 1803 452 1875 γὰρ
486 1796 669 1875 ῥάϐδῳ
699 1800 787 1855 καὶ
835 1805 938 1869 ζῶν
989 1801 1078 1855 καὶ
1127 1800 1263 1870 ἅπαξ
1310 1800 1407 1867 τὴν
1451 1797 1715 1862 θάλασσαν
1750 1794 1865 1851 δια-

218 1890 429 1965 σχίσας,
462 1884 649 1965 τρίϐον
694 1890 784 1943 τὸν
840 1890 1002 1964 βυθὸν
1053 1890 1431 1964 ἀπειργάσατο’
1462 1889 1489 1942 6
1521 1886 1578 1941 δὲ
1608 1886 1864 1948 ὡσαύτως
1897 1929 1944 1993 Β

250 1983 277 1993 -
420 1978 440 1993 ς
544 1984 572 1993 -
665 1978 679 1993 .
779 1980 815 1993 .-
892 1976 945 1993 ι..
1231 1979 1243 1993 .
1375 1978 1401 1993 ..
1481 1978 1501 1993 ..
1632 1977 1646 1993 π
1747 1976 1764 1993 ι

215 1983 281 2051 τῇ
334 1978 574 2051 μηλωτῇ
626 1978 718 2033 τὸν
779 1976 1051 2054 Ἰορδάνην
1110 1979 1312 2050 τεμὼν,
1367 1978 1502 2047 ἅπαξ
1559 1977 1648 2030 καὶ
1710 1976 1865 2036 οὗτος

214 2073 375 2122 τοῦτο
428 2068 969 2143 τεθαυματούργηκεν
1006 2086 1018 2099 ·
1072 2069 1146 2129 εἷς
1204 2068 1302 2135 την
1362 2065 1625 2141 προτέραν
1685 2064 1867 2141 ἀμφο-

216 2158 387 2232 τέρων
438 2161 547 2212 τῶν
596 2155 827 2222 ὑδάτων,
882 2157 1015 2229 μετὰ
1060 2158 1159 2224 τήν
1212 2150 1477 2226 διάϐασιν,
1507 2155 1662 2231 φύσιν
1709 2176 1867 2209 κατα-

218 2247 479 2316 στάντων,
508 2247 597 2299 καὶ
632 2244 825 2317 μηκέτι
854 2249 1016 2299 τοῦτο
1056 2244 1441 2320 πεπραχότων·
1476 2244 1634 2305 οὗτος
1681 2240 1738 2297 δέ
1764 2243 1817 2297 τί
1850 2262 1864 2312 ;

221 2336 355 2407 μετᾶ
386 2334 633 2405 θάνατον,
682 2333 772 2387 καὶ
825 2332 931 2409 οὐχ
980 2333 1137 2403 ἅπαξ,
1169 2332 1297 2387 ἀλλ’
1338 2330 1518 2387 ἔκτοτε
1572 2333 1736 2406 μέχρι
1768 2332 1866 2401 σή-

220 2444 404 2498 μερον.
439 2424 505 2477 Ὢ
532 2428 628 2477 τοῦ
660 2422 937 2495 θαύματος
964 2423 1053 2477 καὶ
1083 2429 1183 2491 τῆς
1222 2419 1381 2491 δόξης
1428 2425 1525 2475 τοῦ
1559 2420 1865 2496 μάρτυροςί

218 2510 333 2574 οἵας
369 2509 597 2587 εἴληχεν
632 2512 840 2584 ἑκάστῳ
885 2511 1071 2587 χρόνῳ
1102 2510 1153 2565 ἐν
1182 2514 1251 2584 τῇ
1292 2517 1390 2579 τῆς
1442 2507 1656 2581 ἐνδόξου
1706 2508 1868 2562 αὐτοῦ

217 2600 509 2671 ἀθλήσεως
566 2600 785 2675 ἡμέρᾳι
821 2600 940 2655 Ἐπὶ
996 2600 1128 2655 ἐπτᾶ
1186 2600 1312 2674 γὰρ,
1371 2599 1445 2661 ὡς
1504 2597 1866 2675 προέφημεν,

216 2690 453 2765 ἡμέραις
487 2690 812 2765 ὑποχωροῦν
860 2691 923 2744 τὸ
971 2689 1191 2765 ἄπειρον
1242 2688 1415 2743 ἐκεῖνο
1461 2685 1717 2763 πέλαγος,
1767 2707 1867 2740 πο-

218 2778 359 2853 ρείαν
395 2774 712 2833 εὐεπίϐατον
738 2784 857 2840 τοῖς
890 2774 1127 2833 εὐσεϐέσι
1160 2773 1475 2853 παρέχεται.

284 2873 408 2922 VII.
443 2866 646 2921 Τούτου
697 2865 787 2921 οὖν
847 2866 1021 2929 οὕτως
1065 2866 1374 2941 γινομένου,
1424 2867 1616 2926 πάντες
1659 2869 1766 2919 τῶν
1814 2863 1865 2919 ἐν

218 2958 352 3027 ἡμῖν
384 2950 723 3031 φιλευσεϐὧν
779 2954 1068 3031 ἐγχωρίων
1107 2954 1197 3009 καὶ
1247 2952 1491 3009 πολιτῶν
1528 2954 1628 3022 τῆς
1659 2956 1869 3029 Χερσῶ-

218 3066 328 3115 νος,
370 3048 538 3098 τοῦτο
588 3043 907 3113 ἀκηκοότες,
954 3044 1090 3118 πρὸς
1138 3044 1238 3111 τὴν
1284 3047 1383 3097 τοῦ
1425 3042 1698 3115 θαύματος
1747 3043 1868 3096 θέαν

219 3132 536 3207 ἠπείγοντο.
566 3133 691 3186 Μεθ’
724 3133 800 3186 ὧν
853 3132 943 3186 καί
994 3153 1078 3193 τις
1106 3132 1242 3207 ἀνὴρ
1274 3126 1501 3199 εὐσεϐὴς
1533 3131 1625 3185 σὺν
1667 3126 1873 3185 εὐσεϐεῖ

217 3220 432 3297 γυναικὶ
488 3221 577 3274 καὶ
635 3220 803 3293 τέκνῳ
862 3220 1039 3297 ἄρῥενι
1097 3223 1197 3289 τὴν
1259 3220 1345 3275 ἐπὶ
1374 3222 1466 3275 τὸν
1529 3220 1678 3296 ἁγίου
1727 3222 1870 3293 ἱερο-

1966 644 2240 716 martyris
2269 662 2479 717 corpus
2508 644 2948 700 sanctissimum
2987 647 3043 698 et
3072 642 3410 715 gloriosum.
3444 643 3604 707 Quod

1966 750 2101 789 cum
2119 749 2149 787 e
2173 734 2457 805 profundo
2475 733 2686 789 vellent
2708 733 2924 800 tollere,
2958 737 3128 786 noctu
3162 731 3280 785 illic
3306 748 3367 786 se
3392 732 3607 787 sistens

1970 828 2228 887 sanctus,
2266 824 2345 877 ita
2374 823 2586 877 edixit:
2624 823 2844 893 Corpus
2892 822 3126 893 quidem
3162 820 3336 875 nolite
3369 820 3607 877 tollere:

1970 909 2120 964 hanc
2166 916 2359 964 autem
2409 912 2573 966 vobis
2621 911 2872 965 concedo
2924 909 3192 981 gratiam,
3242 914 3304 964 ut
3361 910 3613 980 singulis

1970 999 2140 1054 annis
2170 1000 2263 1054 die
2294 1000 2633 1054 certaminis
2665 999 2776 1054 mei
2801 1015 2902 1070 per
2930 1004 3150 1069 septem
3189 999 3311 1053 dies
3342 1000 3615 1053 recedens

1972 1104 2153 1155 mare,
2190 1090 2452 1159 pedestre
2484 1089 2592 1144 iter
2622 1106 2723 1161 per
2768 1090 2991 1144 aridam
3023 1089 3095 1143 ad
3131 1088 3285 1143 hunc
3316 1106 3502 1159 usque
3533 1088 3617 1144 lo-

1973 1193 2103 1230 cum
2141 1182 2438 1248 prwparet.
2476 1178 2545 1232 Et
2574 1194 2767 1233 sermo
2797 1194 2969 1249 opere
3018 1177 3343 1249 completus
3375 1179 3501 1233 fuit.
3536 1179 3623 1233 Ab

1973 1281 2039 1321 eo
2071 1266 2359 1337 siquidem
2425 1271 2705 1337 tempore,
2742 1283 2929 1337 usque
2958 1266 3017 1321 in
3048 1266 3397 1321 hodiernum
3446 1267 3622 1335 diem,

1973 1353 2224 1426 singulis
2270 1354 2441 1409 annis
2482 1371 2761 1427 magnum
2802 1355 2909 1410 hoc
2952 1355 3302 1410 miraculum
3337 1356 3446 1411 Deo
3477 1372 3620 1427 ope-

1975 1450 2141 1499 rante
2168 1444 2479 1515 perﬁcitur.

2042 1533 2137 1588 VI.
2196 1532 2341 1596 Quid
2400 1532 2558 1587 istud
2630 1533 2910 1589 miraculo
2978 1534 3157 1589 Mosis
3214 1534 3617 1589 inhonoratius

1974 1626 2108 1677 est?
2136 1622 2282 1686 Quid
2314 1638 2446 1676 vero
2478 1621 2650 1677 Elisei
2683 1621 2999 1693 ignobilius
3030 1628 3083 1677 et
3112 1621 3621 1694 humilius?quin-

1976 1710 2093 1764 imo
2126 1708 2380 1765 nobilius
2403 1716 2457 1765 et
2479 1710 2781 1765 altius.llle
2813 1711 3100 1782 siquidem
3136 1711 3317 1782 virga,
3349 1717 3406 1765 et
3433 1711 3617 1779 vivus,

1975 1804 2032 1853 et
2061 1798 2262 1865 semel,
2297 1799 2441 1853 mari
2475 1801 2680 1868 scisso,
2712 1799 3004 1872 gurgitem
3036 1802 3146 1855 iter
3166 1800 3354 1854 eii‘ecit
3374 1798 3625 1869 (a):alter

1977 1902 2109 1941 vero
2135 1887 2405 1942 similiter
2426 1888 2634 1943 melote
2654 1888 2967 1943 Jordanem
2998 1905 3225 1955 secans,
3260 1887 3438 1943 semel
3479 1905 3623 1959 quo-

1976 1992 2089 2047 que
2116 1975 2240 2046 ipse
2271 1976 2381 2031 hoc
2412 1977 2546 2031 fecit
2577 1978 2927 2032 miraculum
2959 1979 3034 2048 (ὁ)
3064 1994 3077 2033 :
3118 1978 3405 2032 ambabus
3450 1977 3619 2047 aquis

1975 2068 2106 2135 post
2138 2065 2448 2120 transitum
2483 2066 2729 2121 redactis
2761 2067 2831 2121 ad
2860 2084 3028 2121 suam
3061 2071 3465 2131 naturam,nec
3487 2082 3619 2137 pos-

1974 2157 2068 2207 tea
2097 2153 2252 2208 idem
2281 2155 2555 2234 operatis.
2593 2155 2693 2209 Hic
2726 2161 2919 2210 autem
2952 2155 3089 2226 quid
3114 2155 3141 2209 ‘I
3172 2159 3311 2210 Post
3339 2158 3619 2223 mortem;

1976 2246 2033 2296 et
2061 2258 2176 2297 non
2224 2247 2425 2310 semel,
2473 2244 2572 2299 sed
2614 2245 2686 2299 ab
2734 2261 2799 2299 eo
2847 2250 3106 2312 tempore
3154 2260 3342 2316 usque
3371 2244 3430 2298 in
3464 2243 3622 2298 hunc

1976 2331 2205 2385 diem.0
2239 2330 2590 2386 miraculum
2620 2336 2677 2387 et
2706 2331 2950 2404 gloriam
2983 2332 3255 2404 martyris
3284 2332 3295 2385 ί
3330 2335 3619 2398 Quantam

1977 2425 2326 2475 consecutus
2352 2425 2461 2475 est-
2488 2420 2739 2492 singulis
2791 2425 2961 2476 annis
2991 2422 3083 2476 die
3112 2421 3349 2493 gloriosi
3382 2422 3472 2476 sui
3503 2437 3625 2475 cer-

1976 2509 2254 2565 taminis!
2292 2511 2517 2580 Septem
2545 2510 2699 2565 enim
2731 2510 2877 2575 dies,
2925 2509 3078 2565 sicut
3127 2516 3297 2565 antea
3342 2509 3620 2576 diximus,

1977 2599 2254 2653 secedens
2276 2598 2574 2654 infinitum
2605 2598 2749 2653 illud
2782 2598 3045 2671 pelagus,
3085 2599 3197 2670 piis
3247 2598 3464 2670 praebet
3512 2598 3623 2652 iter

1976 2689 2228 2744 transitu
2261 2688 2447 2743 facile.

2046 2866 2167 2922 VII.
2202 2867 2319 2922 Hoc
2363 2868 2544 2940 igitur
2593 2868 2674 2923 ita
2719 2869 2888 2933 facto,
2940 2868 3134 2923 cuncti
3165 2868 3318 2939 apud
3352 2884 3457 2922 nos
3488 2864 3621 2922 reli-

1978 2957 2124 3028 giosi
2157 2956 2356 3011 incolis
2387 2957 2640 3029 regionis
2670 2963 2727 3012 et
2765 2958 2918 3012 cives
2948 2956 3282 3023 Cbersonis,
3311 2956 3511 3010 audita
3540 2972 3622 3022 re,

1978 3048 2049 3102 ad
2082 3046 2394 3102 videndum
2428 3046 2775 3101 miraculum
2812 3051 3211 3118 properarunt.
3236 3050 3378 3099 Cum
3411 3045 3625 3115 quibus

1979 3138 2219 3210 quidam
2280 3153 2511 3208 quoque
2566 3136 2653 3189 vir
2704 3137 2835 3206 pius
2893 3152 3012 3191 una
3059 3152 3193 3189 cum
3226 3134 3321 3204 pia
3353 3150 3527 3187 uxore
3556 3150 3625 3189 ex

1980 3226 2141 3298 prole
2175 3226 2453 3292 mascula,
2490 3225 2641 3280 viam
2674 3228 2743 3279 ad
2792 3223 3141 3280 sacrosancti
3170 3222 3442 3294 martyris
3470 3227 3625 3277 tem-

223 3312 501 3386 μάρτυρος
549 3312 675 3364 ναὸν
725 3308 943 3380 διήνυον
1000 3308 1123 3365 ὁδὸν
1173 3310 1597 3384 προθυμότατα.
1647 3310 1749 3365 Καὶ
1798 3307 1864 3379 δὴ

1980 3314 2141 3387 plum
2184 3316 2492 3370 ducentem
2524 3331 2759 3369 summa
2808 3313 3103 3369 alacritate
3150 3316 3521 3382 peregerunt.
3552 3312 3622 3366 Et

214 3400 301 3453 τὸν
329 3399 504 3453 τόπον
546 3394 962 3467 καταλαϐόντες,
994 3399 1083 3453 καὶ
1131 3399 1192 3454 τὸ
1237 3401 1415 3470 θαῦμα
1464 3398 1622 3453 εἰσέτι
1670 3396 1867 3453 τελού-

218 3509 379 3560 μενον
420 3488 757 3559 θεασάμενοι,
789 3492 857 3561 τῇ
890 3488 1037 3563 χειρὶ
1086 3488 1175 3542 τὸν
1222 3485 1390 3542 παῖδα
1438 3482 1757 3559 λαϐόμενοι,
1788 3486 1865 3549 εἷς

212 3577 301 3631 τὸν
363 3576 420 3631 έν
475 3580 553 3647 τῷ
606 3577 754 3651 βυθῷ
802 3574 1104 3649 θεόδμητον
1159 3575 1356 3631 ἐκεῖνον
1406 3577 1528 3630 ναὸν
1579 3576 1863 3649 εἰσῄεσαν·

216 3666 304 3719 καὶ
484 3668 630 3739 σορῷ
676 3664 1061 3740 παραστάντες,
1114 3666 1362 3726 ἱκετικῶς
1408 3666 1499 3719 τὸν
1552 3667 1702 3740 ἅγιον
1751 3664 1865 3720 ἐλι-

214 3753 459 3825 τάνευον,
496 3755 902 3829 ἁμαρτημάτων
952 3755 1305 3830 συγχώρησιν
1358 3752 1426 3809 δι’
1474 3753 1639 3809 αὐτοῦ
1679 3751 1864 3809 λαϐεῖν

218 3842 609 3916 ἐξαιτούμενοι,
660 3842 748 3897 καὶ
796 3848 875 3914 τῷ
922 3841 1073 3897 παιδὶ
1132 3841 1352 3912 δοθῆναι
1412 3840 1658 3915 δεόμενοι
1721 3844 1863 3912 ζωὴν

220 3933 429 4007 μακράν
457 3932 548 3986 καὶ
580 3931 688 4001 ἀπή
702 3952 857 4004 μονα,
893 3930 1015 4007 βίου
1044 3953 1102 3987 τε
1131 3931 1440 4008 εὐμάρειαν,
1471 3931 1561 3986 καὶ
1606 3933 1694 3986 οἷα
1720 3932 1866 3995 είκὸς

214 4026 393 4097 γονεῖς
426 4020 515 4076 ἐπὶ
545 4022 719 4094 τέκνῳ
749 4020 1010 4075 αἰτεῖσθαι
1048 4024 1350 4096 μονογενεῖ.

283 4201 437 4257 VIII.
487 4200 577 4261 Ὠς
626 4196 717 4253 οῦν
761 4201 861 4268 τὴν
912 4199 1082 4276 εὐχὴν
1139 4197 1469 4269 τετελέκασι,
1527 4198 1616 4254 καὶ
1664 4197 1727 4254 18
1769 4204 1866 4255 τοῦ

218 4288 374 4363 άγίου
430 4288 841 4356 κατησπάσαντο
896 4287 1147 4363 λείψανον
1180 4333 1194 4357 ,
1256 4288 1333 4349 εἷς
1402 4288 1643 4343 τούπίσω
1700 4288 1863 4344 πάλιν

216 4377 458 4451 ἐξῄεσαν.
491 4383 585 4431 Ὠν
618 4376 956 4447 ἐξελθόντων,
988 4380 1051 4432 τὸ
1082 4375 1227 4453 ὕδωρ
1276 4376 1441 4432 πάλιν
1474 4378 1549 4439 εἰς
1596 4379 1696 4446 τήν
1728 4376 1864 4432 ἰδίαν

216 4473 403 4545 χώραν
462 4464 779 4543 ἐπέδραμεν.
826 4468 888 4521 Οἱ
940 4465 997 4522 δὲ
1049 4466 1523 4544 μεταστραφέντες,
1571 4466 1661 4521 καί
1699 4466 1865 4522 πέλα-

216 4578 309 4631 γος
337 4559 440 4625 τήν
494 4556 621 4632 πρὶν
670 4555 985 4627 θεασάμενοι
1036 4550 1243 4630 τρίϐον,
1290 4553 1423 4629 τῇδε
1469 4555 1683 4610 κάκεῖσε
1711 4577 1863 4631 περι-

1973 3421 2105 3460 vero
2152 3405 2345 3459 locum
2394 3405 2670 3467 assecuti,
2720 3408 2775 3457 et
2826 3401 3175 3457 miraculum
3229 3401 3382 3472 quod
3427 3400 3617 3455 adhuc

1975 3494 2171 3560 ﬁebat,
2222 3494 2438 3564 intuiti,
2496 3508 2744 3565 puerum
2802 3509 2980 3546 manu
3040 3490 3485 3563 prebendentes,
3530 3490 3620 3543 in-

1976 3583 2160 3654 gressi
2193 3588 2333 3638 sunt
2364 3581 2504 3636 illud
2534 3582 2589 3636 in
2624 3582 2910 3653 profundo
2958 3581 3239 3635 divinitus
3266 3580 3618 3633 aediﬁcatum

1976 3672 2261 3741 templnm
2290 3689 2302 3725 :
2339 3676 2514 3741 atque
2546 3671 2614 3725 ad
2652 3670 2905 3725 loculum
2938 3670 3300 3733 accedentes,
3342 3669 3621 3739 supplici-

1976 3765 2065 3816 ter
2094 3765 2359 3816 sanctum
2395 3760 2698 3828 rogabant,
2733 3764 2991 3831 petentes
3024 3758 3365 3813 delictorum
3396 3759 3623 3812 veniam

1978 3866 2079 3921 per
2109 3851 2299 3920 ipsum
2334 3850 2615 3919 accipere,
2664 3849 2907 3919 darique
2942 3847 3304 3919 postulantes
3332 3863 3509 3917 puero
3541 3847 3623 3899 vi-

1975 3942 2096 3993 tam
2130 3938 2363 4009 longam
2396 3942 2452 3991 et
2479 3937 2883 4007 illaesam,cum
2915 3935 3069 3991 facili
3103 3952 3293 3990 rerum
3315 3942 3619 4005 apparatu,

1975 4030 2032 4081 et
2053 4043 2179 4097 quae
2211 4030 2667 4082 consentaneum
2718 4030 2806 4082 est
2844 4031 3035 4097 petere
3067 4030 3336 4096 parentes
3368 4040 3469 4095 pro
3503 4022 3621 4079 ﬁlio

1974 4114 2168 4172 unico.

2046 4204 2195 4259 VIII.
2230 4204 2302 4260 Ut
2324 4220 2461 4277 ergo
2494 4220 2692 4276 preces
2725 4203 3022 4270 finierunt,
3044 4207 3099 4258 et
3130 4202 3315 4258 sancti
3348 4201 3622 4271 reliquias

1976 4292 2292 4350 exosculati
2325 4298 2483 4357 sunt,
2516 4297 2831 4348 retrorsum
2876 4296 3077 4363 postea
3125 4292 3439 4347 redierunt.
3483 4291 3626 4355 Oui—

1977 4383 2086 4437 bus
2109 4382 2542 4454 egressis,aqua
2575 4382 2783 4436 iterum
2818 4382 2889 4435 ad
2933 4398 3107 4435 suum
3136 4380 3326 4436 locum
3360 4382 3623 4435 recurrit.

1978 4472 2062 4526 Illi
2097 4477 2291 4526 autem
2321 4471 2602 4538 conversi,
2630 4476 2682 4525 et
2716 4476 3016 4526 cernentes
3048 4470 3287 4541 pelagus
3311 4486 3436 4524 esse
3469 4469 3620 4539 quod

1977 4559 2141 4631 prius
2191 4560 2302 4615 iter
2350 4564 2491 4626 erat,
2524 4559 2639 4613 huc
2670 4563 2726 4614 et
2756 4559 2893 4613 illuc
2918 4558 3463 4629 circumspiciendo,
3517 4556 3623 4610 filii

216 4651 568 4716 σκοποῦντες,
618 4646 717 4713 τήν
764 4649 862 4699 τοῦ
912 4645 1098 4699 τέκνου
1149 4646 1372 4715 ζήτησιν
1416 4643 1775 4721 ἐπεχείριζονσ
1808 4647 1864 4701 τὸ

1980 4648 2415 4720 inquisitionem
2448 4648 2971 4720 aggrediebantnr:
3007 4652 3065 4701 at
3090 4646 3185 4701 ille
3218 4647 3277 4700 in
3309 4663 3441 4700 arca
3459 4661 3623 4700 sanc-

217 4733 274 4790 δὶ
302 4736 372 4804 ἦν
403 4734 455 4789 ἐν
486 4737 554 4807 τῇ
584 4738 683 4788 τοῦ
713 4733 871 4808 ἁγίου
918 4733 1142 4809 λάρνακι
1187 4733 1555 4811 καταλειφθέν·
1588 4735 1677 4789 καὶ
1705 4738 1866 4790 τοῦτο

217 4824 279 4879 οὐ
307 4828 377 4898 τῇ
408 4828 515 4879 τῶν
565 4824 766 4900 γονέων
815 4821 979 4896 λήθῃ,
1030 4821 1176 4878 ἀλλὰ
1213 4827 1282 4897 τῇ
1325 4827 1423 4877 τοῦ
1470 4827 1605 4878 Θεοῦ
1652 4821 1869 4895 εὐδοκία

217 4912 474 4990 ἐγεγόνει,
517 4911 608 4967 ἵνα
653 4912 745 4967 καὶ
798 4911 1021 4967 ἐνταῦθα
1072 4911 1335 4986 μειζόνως
1385 4913 1747 4988 θαυμαστώσῃ
1773 4914 1865 4968 τὸν

224 5002 487 5078 μάρτυραο
512 5074 515 5075 ,

286 5023 297 5055 ι
368 5025 399 5057 υ
437 5024 487 5057 α.

286 5023 587 5154 Ιέ.ῇὶςδ’
638 5092 728 5147 οὗν
780 5092 830 5145 οἱ
862 5094 1041 5166 γονεῖς
1087 5091 1152 5145 τὸ
1198 5090 1379 5145 τέκνον
1429 5090 1538 5166 οὐχ
1584 5089 1865 5167 ηὕρισκον,

216 5180 305 5234 καὶ
338 5179 420 5235 ὅτι
453 5180 502 5235 έν
534 5185 611 5252 τῷ
660 5182 811 5256 βυθῷ
856 5180 1070 5241 τούτοις
1119 5178 1391 5250 έπελήσθη
1425 5180 1453 5234 6
1483 5185 1609 5243 παῖς
1656 5179 1865 5251 ἐνενόη-

219 5289 338 5337 σαν,
370 5270 423 5323 τί
471 5267 553 5325 δεῖ
594 5270 684 5325 καὶ
734 5268 931 5345 λέγειν,
978 5267 1105 5331 τούς
1152 5290 1211 5323 τε
1237 5273 1335 5323 τοῦ
1377 5270 1580 5346 πατρὸς
1611 5271 1863 5346 θρήνους,

217 5359 305 5411 καὶ
352 5360 445 5420 τὰς
490 5366 590 5428 τῆς
648 5359 856 5435 μητρὸς
903 5358 1151 5432 οἰμωγάς
1185 5377 1197 5425 ;
1233 5360 1407 5413 Πάσαν
1433 5362 1535 5436 γάρ
1566 5361 1666 5427 τήν
1724 5357 1866 5431 λαμ-

216 5447 355 5521 πράν
389 5446 593 5517 ἐκείνην
627 5448 819 5523 έορτήν
866 5447 941 5509 εἰς
988 5448 1184 5521 θρῆνον
1243 5449 1621 5521 μετεποίησαν.
1654 5447 1714 5501 Τί
1762 5449 1866 5525 γὰρ

218 5534 315 5589 οὐκ
340 5533 531 5611 ’ἔλεγον
566 5555 580 5606 ;
612 5536 664 5591 τί
709 5533 767 5591 δὲ
814 5534 915 5591 οὐκ
957 5532 1221 5611 ἔπραττον
1266 5542 1416 5606 ;τῶν
1462 5536 1559 5592 ὅσα
1608 5537 1749 5599 εἰκὸς
1798 5538 1865 5607 ἦν

288 5754 367 5828 (a)
396 5754 572 5813 Exod.
601 5772 713 5813 xiv.
790 5756 866 5831 (ὸ)
905 5755 979 5811 IV
1011 5756 1151 5830 Reg.
1184 5774 1271 5815 ιι..

1975 4737 2020 4793 ti
2053 4737 2286 4792 relictus
2313 4737 2540 4791 fuerat:
2600 4736 2777 4807 idque
2807 4752 2922 4790 non
2970 4735 3255 4790 oblivione
3290 4740 3615 4806 parentum,

1978 4828 2075 4882 sed
2112 4826 2207 4880 Dei
2237 4825 2535 4880 voluntate
2565 4825 2780 4879 factum
2830 4828 2939 4893 est,
2997 4828 3061 4878 ut
3089 4824 3182 4879 hic
3213 4839 3444 4895 quoque
3470 4838 3623 4877 mar-

1974 4918 2160 4988 tyrem
2193 4914 2380 4987 magis
2413 4913 2675 4969 redderet
2704 4911 3133 4967 admirabilem.

2048 5093 2140 5147 1X.
2175 5092 2321 5147 Cum
2361 5107 2497 5163 ergo
2531 5095 2800 5162 parentes
2832 5093 3036 5145 natum
3068 5106 3180 5145 non
3217 5089 3624 5157 invenirent,et

1977 5182 2332 5255 cogitassent
2360 5197 2393 5235 a
2424 5196 2485 5235 se
2516 5180 2695 5235 fuisse
2724 5195 2972 5252 puerum
3003 5178 3062 5233 in
3114 5179 3292 5233 maris
3335 5177 3621 5248 profundo

1977 5271 2265 5327 oblivione
2296 5269 2663 5336 mandatum,
2697 5269 2837 5340 quid
2870 5284 3018 5339 Opus
3048 5271 3136 5322 est
3155 5266 3345 5322 dicere
3366 5271 3423 5321 et
3440 5267 3621 5338 patris

1977 5359 2441 5428 lamentationes,
2457 5361 2513 5412 et
2543 5358 2749 5411 matris
2781 5355 3039 5411 ululatus
3061 5356 3088 5410 ‘I
3118 5354 3299 5411 Omne
3328 5356 3617 5427 siquidem

1977 5448 2119 5503 illud
2152 5448 2522 5518 splendidum
2554 5446 2767 5501 festum
2807 5450 3216 5501 converterunt
3244 5445 3300 5499 in
3334 5444 3617 5500 lamenta-

1974 5538 2215 5594 tionem.
2246 5535 2393 5600 Quid
2426 5533 2582 5590 enim
2627 5551 2743 5589 non
2792 5532 3104 5589 dicebant?
3161 5533 3300 5605 quid
3339 5550 3473 5590 vero
3504 5550 3618 5590 non
