4090 6340
454 356 571 418 639

1533 360 1930 422 APPENDIX
1972 362 2074 421 AD
2120 362 2187 423 S.
2232 360 2739 423 CLEMENTEM.

3749 363 3866 426 640

455 489 747 545 faciebant
780 493 803 545 Ρ
832 508 897 546 ex
929 490 1002 546 iis
1034 506 1161 562 quae
1194 507 1299 562 par
1329 496 1454 548 erat
1497 492 1583 548 vel
1616 493 1809 563 ipsum
1849 493 2102 565 lapidem

2220 492 2306 546 καὶ
2366 492 2518 556 λίθον
2564 490 2721 547 αὐτὸν
2766 498 2979 561 κινῆσαι
3035 492 3175 567 πρὸς
3219 490 3471 565 δάκρυον.
3522 494 3588 550 Ἡ
3637 492 3744 569 γὰρ
3780 515 3866 549 τε-

460 595 689 633 movere
720 580 788 633 ad
817 579 1119 651 lacrymas.
1154 580 1413 636 Genitrix
1444 582 1598 636 enim
1632 583 1819 638 oculis
1851 585 1921 638 ad
1946 600 2105 638 mare

458 668 727 733 intensis,
762 673 818 722 et
846 668 1119 724 manibus
1149 670 1209 723 in
1241 669 1423 725 altum
1456 671 1726 738 sublatis;
1762 672 2103 741 bujusmodi

456 773 627 812 voces
669 763 870 811 sancto
914 758 1147 813 emisit:
1199 759 1296 813 Hae
1343 766 1499 825 sunt,
1544 778 1575 815 ο
1622 767 1839 830 sancte,
1872 767 1982 816 tua:
2015 778 2103 816 re-

459 846 894 901 munerationes
920 847 946 899 ‘P
967 847 1136 901 Tales
1160 852 1273 901 tua:
1297 848 1709 904 retributiones
1730 865 1980 920 ergaeos
2003 850 2102 920 qui

461 952 494 989 a
526 942 581 988 te
614 935 876 989 studiose
907 936 1269 990 accurrunt?
1300 936 1393 990 Sic
1422 936 1677 992 laborem
1702 954 1733 992 a
1772 953 1865 991 me
1891 954 1957 991 ex
1988 954 2104 1007 quo

460 1024 676 1078 accessi
711 1028 1014 1094 sumptum
1050 1026 1376 1091 remetitus,
1404 1027 1729 1081 mercedem
1755 1026 1898 1080 mihi
1921 1027 2107 1080 reddi-

460 1112 639 1167 disti?
670 1111 914 1166 Ubinam
940 1117 1026 1166 est
1048 1113 1202 1167 {ilius
1226 1130 1391 1169 meus
1417 1118 1439 1168 Ρ
1467 1118 1738 1179 Quanam
1774 1116 1954 1169 maris
1984 1115 2103 1169 bel-

460 1200 559 1254 lua
586 1200 807 1256 viscera
839 1200 957 1254 nati
984 1201 1095 1255 mei
1120 1201 1437 1257 laceravit?
1458 1204 1597 1265 Quis
1630 1220 1759 1258 vero
1797 1204 2106 1259 vehemens

462 1289 676 1344 ﬂuctus
705 1288 1178 1360 insurgens,eum
1209 1291 1711 1363 vivum,tanquam
1747 1292 2105 1363 sepulcrum,

461 1378 737 1449 operuit?
767 1379 946 1441 Quem
973 1380 1098 1449 jam
1132 1378 1316 1434 oculis
1347 1381 1625 1451 aspiciam
1652 1384 1675 1435 Ρ
1716 1386 1825 1435 Pro
1862 1398 1976 1452 quo
2004 1399 2106 1436 au-

457 1470 575 1522 tem
607 1466 831 1521 orabo?
861 1466 1001 1529 Quis
1031 1484 1163 1522 vero
1194 1470 1512 1524 senectutis
1540 1486 1678 1524 mea:
1701 1470 1985 1526 efﬁcietur
2004 1471 2106 1525 ba-

462 1552 675 1608 culus?
707 1558 819 1609 Cur
848 1571 962 1620 me,
996 1560 1193 1611 sancte
1222 1573 1336 1611 non
1371 1557 1556 1613 fecisti
1602 1558 1822 1614 sociam
1872 1576 2000 1614 esse
2046 1559 2105 1614 in

463 1647 650 1697 morte
679 1642 785 1697 ﬁlii
818 1644 969 1711 mei;
1005 1648 1070 1698 ut
1100 1646 1597 1716 quemadmodum
1647 1648 1718 1702 ad
1775 1652 1832 1703 te
1887 1648 2107 1703 accessi

463 1747 643 1786 manu
675 1731 841 1786 illum
875 1737 1101 1800 tenens,
1132 1733 1213 1789 ita
1242 1739 1299 1789 et
1328 1734 1483 1790 ulnis
1513 1737 1782 1792 eumdem
1814 1737 2002 1792 ferens
2033 1737 2106 1792 ad

460 1819 677 1875 inferos
700 1820 897 1920 infeliir
917 1822 1357 1877 descenderem?
1386 1824 1429 1879 Ο
1471 1841 1627 1880 mare
1652 1829 1707 1880 et
1728 1826 2104 1897 profundum,
2138 1861 2185 1925 Β

462 1924 715 1979 quonam
745 1910 827 1963 tui
848 1910 978 1965 sinu
1014 1928 1204 1965 meum
1240 1913 1528 1967 detinebis
1552 1914 1737 1969 filium
1758 1914 1784 1968 ?
1806 1916 2105 1979 Quomodo

464 2002 657 2053 autem
682 2003 738 2052 et
767 2015 901 2053 eum
934 1999 1098 2055 ales?
1143 2000 1241 2055 Hei
1298 2002 1461 2067 mibi,
1509 2002 1589 2056 fili
1624 2004 1973 2071 miserande,
2021 2002 2103 2057 {ili

464 2093 596 2141 ante
627 2092 857 2158 tempus
906 2094 1101 2159 rapte:
1137 2090 1240 2159 fili,
1275 2107 1389 2161 qua
1428 2092 1649 2145 ratione
1680 2108 1713 2146 a
1745 2092 1889 2147 meis
1919 2092 2103 2147 oculis

464 2175 794 2231 recessisti?
840 2176 1061 2239 Quibus
1110 2179 1358 2250 pedibus
1412 2182 1711 2235 revertar?
1778 2182 2101 2244 Quemnam

461 2268 657 2319 autem
690 2265 875 2320 instar
903 2266 1037 2337 agni
1068 2267 1428 2324 exsilientem
1462 2269 1949 2342 contemplabor?

526 2446 596 2497 X.
631 2443 797 2498 Pater
823 2460 956 2500 vero
987 2462 1192 2503 rursus
1222 2448 1496 2503 manibus
1532 2464 1595 2503 os
1627 2449 1979 2521 percutiens,
2009 2448 2099 2503 1a-

457 2532 831 2587 mentabatur
858 2533 951 2588 his
980 2534 1203 2590 verbis:
1240 2536 1446 2605 Quare,
1480 2554 1511 2593 ο
1544 2539 1975 2605 sancte,orbum
2005 2553 2099 2593 me

448 2618 651 2676 liberis
674 2626 907 2693 repente
936 2624 1175 2679 ell‘ecisti
1198 2624 1225 2677 ?
1242 2625 1354 2679 Cur
1373 2626 1454 2680 sic
1478 2626 1669 2681 filium
1695 2643 1889 2681 meum
1913 2632 2099 2683 morte

452 2708 784 2765 miserrima
816 2711 959 2765 mori
992 2712 1359 2782 permisisti?
1388 2715 1511 2778 Qua
1542 2716 1612 2769 de
1645 2732 1821 2771 causa
1868 2716 1941 2771 iis
1968 2733 2096 2788 qua

452 2814 817 2869 speraveram
867 2802 1159 2856 contraria
1212 2802 1354 2855 mibi
1409 2803 1788 2875 obtigerunt?
1815 2810 1956 2859 Cum
1990 2806 2097 2860 bac

454 2903 557 2957 spe
587 2888 653 2941 ad
689 2893 743 2942 te
773 2890 1174 2944 accessimus?
1222 2892 1455 2946 Taliane
1502 2897 1642 2947 sunt
1688 2895 1835 2948 dona
1868 2895 1923 2949 in
1978 2910 2096 2959 eos,

455 2975 555 3045 qui
589 2977 657 3029 ad
695 2982 978 3049 martyres
1007 2995 1139 3033 cum
1172 2980 1457 3035 desiderio
1488 2982 1847 3037 adveniunt?
1888 2984 2101 3037 Revera

456 3081 571 3118 non
596 3070 677 3129 tu,
710 3067 806 3120 sed
845 3073 1211 3136 peccatorum
1262 3086 1519 3124 meorum
1554 3071 1815 3140 procella:
1856 3087 2100 3142 puerum

460 3155 604 3207 mari
627 3156 1014 3211 tradiderunt.
1049 3158 1091 3213 Ο
1124 3158 1203 3211 ﬁli
1240 3159 1341 3224 mi,
1375 3160 1507 3231 quis
1528 3162 1609 3214 tui
1636 3162 1849 3215 mortui
1872 3161 2102 3216 claudet

454 3242 652 3297 oculos
679 3244 841 3309 PQuis
872 3262 1004 3301 vero
1034 3250 1089 3301 te
1121 3247 1405 3318 sepeliet?
1431 3248 1711 3312 Quisnam
1746 3250 1971 3305 loculus
1994 3250 2103 3305 ele-

452 3330 890 3401 gantissimum,
943 3336 1565 3408 jucundissimumque
1605 3344 1771 3393 tuum
1827 3342 1983 3411 teget
2012 3344 2100 3393 ta-

454 3417 885 3475 bernaculum?
938 3424 1064 3477 Abl
1120 3442 1358 3493 prorsus
1408 3426 1623 3481 clausit
1669 3427 1906 3497 quidem
1969 3433 2103 3483 tuos

458 3508 657 3562 oculos
686 3526 844 3564 mare
877 3512 1105 3581 sepeliit
1140 3530 1273 3569 vero
1307 3520 1362 3569 te
1394 3530 1643 3587 gurges;
1679 3520 1735 3570 et
1762 3520 1960 3572 venter
1985 3518 2104 3586 pis-

466 3593 621 3649 cium
653 3596 759 3650 tibi
793 3600 1182 3655 conditorium
1216 3602 1345 3656 fuit.

530 3684 620 3737 XI.
660 3685 771 3739 Hoc
796 3686 989 3757 itaque
1012 3688 1267 3744 lamento
1290 3708 1422 3745 eum
1444 3696 1711 3762 parentes
1742 3692 2105 3766 plangerent,

461 3772 700 3843 quidam
724 3791 791 3828 ex
838 3776 911 3829 iis
963 3777 1059 3846 qui
1115 3777 1255 3833 illuc
1296 3786 1703 3846 convenerant,
1748 3782 1839 3835 vix
1870 3784 2105 3837 tandem

465 3864 1011 3933 persuaseruntillis
1030 3867 1449 3923 utdesisterenl
1473 3869 1903 3925 lamentatione.
1929 3874 2109 3941 Atque

464 3951 536 4005 ab
570 3950 790 4021 ejulatu
840 3970 1153 4025 parumper
1193 3962 1511 4023 cessantes,
1546 3959 1785 4012 domum
1819 3959 2107 4014 abierunt.

466 4040 750 4111 Tempore
782 4059 917 4111 ergo
953 4045 1313 4113 procedente,
1347 4051 1402 4100 et
1434 4047 1875 4102 advenientibus
1906 4049 2112 4103 diebus

471 4128 684 4199 quibus
708 4132 888 4184 sancti
915 4133 1193 4187 memoria
1218 4133 1562 4203 celebratur,
1596 4135 1715 4189 haec
1764 4136 1915 4191 inter
1938 4153 2000 4190 se
2024 4136 2111 4189 di-

473 4216 1078 4281 cebant,recordantes
1103 4222 1204 4275 filii
1237 4222 1360 4277 sui:
1389 4226 1649 4295 Agedum
1676 4225 2115 4296 proficiscamur

473 4304 545 4359 ad
571 4312 860 4375 sanctum,
896 4314 958 4362 ut
990 4310 1037 4364 si
1082 4310 1296 4381 aliquid
1342 4312 1723 4385 reliquiarum
1770 4313 1872 4367 filii
1906 4314 2113 4385 nostri,

470 4396 625 4468 quod
658 4396 782 4450 ﬁeri
821 4414 931 4451 non
967 4403 1172 4467 potest,
1208 4401 1956 4468 remanserit,tollamus,et
1980 4418 2113 4457 cum

470 4489 672 4540 sancto
704 4488 1123 4543 contendamus
1147 4489 1405 4559 judicio;
1440 4490 1524 4545 vel
1554 4496 1610 4545 et
1632 4494 1773 4547 forte
1797 4491 2118 4545 moriamur

2211 585 2397 651 κοῦσα,
2430 578 2557 643 τούς
2590 580 2905 659 ὀφθαλμοὺς
2934 582 3013 653 τῷ
3042 578 3263 657 πελάγει
3306 581 3575 637 ἐντείνασα
3606 584 3745 650 ²²-²⁴,
3776 584 3865 636 καὶ

2209 670 2304 731 τὰς
2337 675 2528 744 χεῖρας
2559 670 2694 745 πρὸς
2728 669 2859 742 ὕψος
2892 667 3138 745 διάρασα,
3168 668 3386 725 τοιάσδε
3425 675 3506 743 τῷ
3540 670 3683 746 ἁγίῳ
3716 672 3865 749 ἠφίει

2211 759 2391 836 φωνάς
2418 777 2429 789 ’
2480 756 2641 815 Αὖταί
2686 780 2781 813 σου
2806 802 2820 827 ,
2873 760 3029 833 ἅγιε,
3082 759 3134 812 αἱ
3183 754 3412 832 ἇμοιῦαί
3446 778 3459 828 ;
3490 759 3742 814 τοιαῦταί
3771 781 3866 815 σου

2210 852 2316 901 τῶν
2362 847 2518 919 πόθῳ
2563 848 2697 923 πρὸς
2754 848 2811 902 σὶ
2858 847 3310 924 προστρεχόντων
3360 848 3414 901 αἱ
3467 848 3866 923 ἀνταμείψειςς

2212 935 2367 989 Οὕτω
2417 936 2507 989 τὸν
2556 935 2724 989 κόπον
2772 935 3169 1010 ἆντιμετρήσας
3218 936 3276 990 ’ὀν
3330 935 3419 1012 ἀφ’
3471 939 3538 1005 ἧς
3571 937 3868 1012 παρεγενό-

2218 1046 2325 1095 μην
2378 1025 2676 1096 ὑπέμεινα,
2724 1025 2823 1092 τήν
2879 1024 3213 1096 ἀντιμισθίαν
3265 1045 3356 1096 μοι
3402 1022 3644 1087 δέδωκας
3695 1044 3710 1094 ;
3755 1030 3871 1080 Ποῦ

2219 1134 2322 1185 μου
2362 1114 2389 1167 ὁ
2438 1118 2566 1175 παῖς
2600 1131 2614 1181 ;
2650 1118 2814 1167 Ποῖον
2862 1118 2959 1167 τοῦ
3018 1112 3153 1185 ἐμοῦ
3205 1112 3395 1167 τέκνου
3449 1116 3516 1167 τὰ
3574 1113 3876 1190 σπλάγχνα

2215 1201 2402 1274 θηρίον
2458 1200 2729 1271 θαλάττης
2775 1200 3061 1277 ἐσπάραξεν
3092 1220 3106 1270 ;
3142 1206 3307 1256 ῙΙοῖον
3364 1199 3423 1256 δὲ
3481 1202 3662 1278 ῥόθιον
3720 1208 3877 1275 κῦμα

2214 1291 2636 1358 κατεπαναστᾶν,
2687 1292 2762 1352 ὡς
2810 1290 3000 1369 τάφος,
3054 1295 3229 1359 ζῶντα
3270 1294 3432 1346 τοῦτο
3466 1294 3511 1327 ³⁵
3543 1290 3813 1364 ἐκάλυψεν
3857 1311 3874 1360 ;

2214 1379 2340 1433 Τίνα
2384 1383 2500 1439 τοῖς
2551 1376 2859 1456 ὀφθαλμοῖς
2912 1376 3035 1453 ἄρτι
3082 1380 3343 1451 θεάσομαι
3378 1424 3391 1448 ,
3419 1379 3577 1454 Ὑπὲρ
3623 1376 3681 1433 δὲ
3720 1380 3876 1442 τίνος

2214 1466 2577 1541 προσεύξομαι
2630 1485 2643 1535 ;
2688 1466 2777 1529 Τίς
2826 1464 2883 1521 δέ
2930 1487 3033 1539 μου
3078 1470 3175 1521 τοῦ
3223 1468 3413 1542 γήρως
3455 1466 3546 1521 καὶ
3600 1467 3879 1542 βακτηρία

2215 1557 2497 1629 γενήσεται
2534 1558 2550 1591 ¹
2584 1556 2695 1611 ’Ίνα
2723 1554 2776 1609 τί
2810 1576 2896 1628 με,
2929 1556 2974 1609 ὦ
3023 1556 3164 1631 ἅγιε,
3199 1557 3274 1628 μή
3306 1560 3387 1627 τῷ
3415 1558 3515 1610 τοῦ
3551 1555 3743 1611 τέκνου
3772 1557 3875 1611 θαι-

2214 1643 2353 1715 νάτῳ
2381 1650 2711 1713 κοινωνῆσαι
2760 1642 3094 1714 πεποίηκας,
3150 1644 3226 1706 ὡς
3273 1643 3331 1698 ἂν
3386 1642 3566 1719 ὥσπερ
3615 1644 3751 1718 πρὸς
3808 1644 3876 1699 σὲ

2213 1736 2374 1787 τοῦτο
2423 1734 2493 1803 τῇ
2540 1733 2687 1809 χειρὶ
2746 1731 3051 1807 κατέχουσα
3103 1730 3461 1809 παραγέγονα,
3512 1732 3712 1787 οὑτωσὶ
3768 1732 3873 1786 κᾶν

2213 1822 2293 1893 τῷ
2334 1817 2434 1896 ᾅδῃ
2480 1820 2941 1899 άγκαληφοροῦσα
2989 1819 3168 1893 τούτῳ
3224 1823 3260 1891 ἡ
3320 1818 3579 1891 δύστηνος
3634 1816 3870 1876 καταϐέ-

2215 1905 2379 1981 ϐηκα.
2413 1913 2479 1964 Ὠ
2510 1909 2749 1974 θάλασσα
2778 1910 2867 1965 καὶ
2905 1911 3051 1986 βυθὶ,
3085 1910 3231 1982 ποίῳ
3262 1931 3357 1964 σου
3383 1908 3579 1982 κόλπῳ
3607 1912 3697 1965 τὸν
3732 1910 3869 1982 ἐμὸν

2213 1999 2450 2069 καθέξεις
2509 1999 2622 2053 υἱόν
2676 2019 2691 2068 ;
2746 2004 2868 2061 Πῶς
2918 1997 2976 2054 δὲ
3028 1998 3117 2054 καὶ
3176 1996 3392 2073 θρέψεις
3447 1997 3605 2053 αὐτόν
3662 1996 3875 2071 ;οἷ’μοι

2210 2087 2395 2142 τέκνον
2426 2086 2679 2158 ἐλεεινὸν,
2708 2089 2893 2143 τέκνον
2924 2089 3030 2163 πρὸ
3062 2087 3205 2161 ὥρας
3253 2084 3607 2161 ἀναρπασθέν·
3652 2084 3872 2155 τέκνον,

2211 2181 2327 2239 πῶς
2378 2174 2498 2239 ἔδυς
2544 2181 2652 2232 τῶν
2700 2176 2847 2249 ἐμῶν
2903 2176 3225 2255 ὀφθαλμῶν,
3271 2176 3452 2237 ποίοις
3509 2176 3666 2230 ποσὶν
3724 2176 3867 2230 ὑπο-

2212 2266 2423 2344 στρέφω
2482 2268 2527 2302 ²⁶
2580 2284 2594 2336 ;
2648 2265 2772 2321 Τίνα
2802 2263 2860 2320 δὲ
2914 2265 2988 2327 ὡς
3036 2265 3171 2339 ἄρνα
3230 2263 3621 2340 ἐπισκιρτῶντα
3677 2263 3870 2327 θεάσο-

2212 2376 2354 2428 μαις

2278 2447 2344 2502 Χ.
2378 2448 2432 2497 '0
2482 2441 2540 2499 δέ
2588 2464 2648 2519 γε
2694 2444 2874 2519 πατὴρ
2922 2447 3146 2499 τοιαῦτα
3191 2443 3380 2513 πάλιν,
3427 2446 3506 2514 τῷ
3551 2441 3702 2519 χειρὶ
3750 2442 3859 2511 τὴν

2206 2529 2329 2608 ὄψιν
2381 2532 2579 2605 παίων,
2640 2530 2918 2608 ὠδύρετο·
2977 2536 3093 2590 Ἵνα
3146 2533 3221 2605 τί,
3280 2534 3327 2588 ὧ
3383 2532 3540 2609 ἅγιε,
3598 2530 3860 2607 ἐξαίφνης

2207 2619 2409 2678 ἄπαιδά
2464 2642 2531 2695 με
2575 2621 2903 2691 κατέστησας
2937 2640 2952 2691 ;
2982 2625 3096 2677 Ἵνα
3138 2622 3193 2677 τί
3252 2622 3425 2683 οὕτως
3475 2619 3735 2693 οἰκτίστῳ
3765 2622 3857 2674 θα-

2204 2714 2350 2783 νάτῳ
2377 2712 2441 2766 τὸ
2471 2710 2599 2783 ἐμὸν
2648 2710 2831 2765 τέκνον
2859 2712 3032 2765 θανεῖν
3064 2712 3467 2786 παρεχώρησας
3500 2727 3515 2778 ;
3544 2711 3662 2767 Ἵνα
3705 2709 3759 2762 τί
3788 2709 3863 2761 τὰ

2208 2800 2412 2856 ἐναντία
2468 2801 2541 2855 ὧν
2592 2798 2802 2869 ἤλπισα
2857 2801 2950 2873 μοὶ
3005 2801 3327 2870 συνήντησεν
3376 2816 3392 2868 ;
3436 2797 3522 2853 ἐπὶ
3578 2796 3862 2858 τοιαύταις

2207 2889 2341 2964 πρὸς
2388 2889 2446 2943 σὶ
2492 2888 2938 2964 παραγεγόναμεν
2972 2907 2985 2957 ;
3018 2892 3269 2943 Τοιαῦται
3320 2892 3427 2942 τῶν
3486 2886 3641 2958 πόθῳ
3688 2906 3863 2961 προσ-

2210 2979 2524 3053 ερχομένων
2554 2983 2673 3039 τοῖς
2732 2976 2989 3053 μάρτυσιν
3040 2978 3094 3031 αἱ
3145 2974 3341 3053 δωρεαί
3375 2996 3389 3045 ;
3421 2978 3627 3037 Ὄντως
3680 2974 3740 3029 ού
3776 2974 3864 3043 σὺ,

2210 3065 2337 3121 ἀλλ’
2383 3067 2438 3120 αἱ
2482 3071 2590 3120 τῶν
2636 3065 2780 3138 ἐμῶν
2832 3066 3239 3141 ἁμαρτημάτων
3295 3063 3522 3120 θύελλαι
3551 3064 3643 3118 τὸν
3697 3060 3873 3118 παῖδα

2208 3159 2277 3230 τῇ
2311 3155 2550 3229 θαλάσσῃ
2578 3152 3045 3230 παραδεδώκασιν.
3092 3157 3160 3208 Ὢ
3205 3154 3391 3209 τέκνον
3445 3153 3600 3226 ἐμὸν,
3630 3151 3712 3215 τίς
3769 3172 3870 3206 σου

2210 3244 2338 3306 τοὺς
2386 3242 2703 3321 ὀφθαλμοὺς
2750 3244 2977 3299 θανόντα
3027 3247 3071 3281 ³⁷
3119 3242 3349 3316 καλύψει
3388 3262 3402 3311 ;
3449 3243 3540 3304 Τίς
3600 3238 3659 3297 δὲ
3711 3239 3871 3296 ἐντα-

2211 3335 2389 3412 φιάσει
2422 3351 2436 3401 ;
2474 3337 2611 3387 Ποῖα
2660 3330 2717 3387 δὲ
2768 3333 2926 3408 σορὸς
2976 3333 3039 3386 τὸ
3083 3330 3416 3407 περικαλλὲς
3459 3330 3551 3385 καὶ
3578 3329 3871 3406 τερπνότα-

2209 3442 2300 3478 τον
2358 3420 2688 3496 κατακρύψει
2739 3440 2833 3474 σου
2885 3422 3189 3494 σκήνωμα;
3237 3421 3306 3475 Ἢ
3358 3420 3572 3480 πάντως
3630 3415 3871 3490 ἐκάλυψε

2217 3510 2310 3585 μέν
2374 3532 2469 3565 σου
2524 3509 2651 3571 τοὺς
2708 3507 3024 3587 ὀφθαλμοὺς
3092 3506 3335 3563 θάλασσα
3367 3526 3381 3538 ·
3444 3507 3754 3585 ἐνεταφίασε
3808 3504 3870 3561 δὶ

2219 3599 2400 3667 βυθός’
2434 3600 2523 3653 καὶ
2547 3600 2753 3673 γαστὴρ
2786 3596 2993 3673 ἴχθύων
3026 3597 3191 3673 σοφός
3224 3618 3309 3652 σοι
3347 3595 3572 3673 ἐγένετο.

2286 3690 2377 3745 Χι.
2411 3687 2563 3742 Οὕτω
2597 3685 2643 3741 δ’
2673 3688 2763 3741 υῦν
2796 3688 3145 3758 κοπτομένων
3175 3691 3283 3741 τῶν
3312 3685 3575 3741 τεκόντων
3603 3683 3695 3739 τὰν
3736 3686 3872 3761 θρῆ-

2216 3798 2329 3850 νον,
2372 3782 2478 3831 τῶν
2530 3776 2699 3831 ἐκεῖσε
2745 3774 3106 3830 συνελθόντων
3154 3776 3322 3846 τινες,
3375 3774 3539 3847 μόλις
3588 3774 3721 3829 ποτὲ
3769 3778 3870 3828 τοῦ

2219 3868 2419 3941 θρήνου
2453 3866 2654 3919 ἀνεῖναι
2681 3864 2905 3925 τούτους
2953 3864 3256 3918 πεπείκασι.
3298 3862 3396 3917 Καὶ
3440 3858 3508 3930 δὴ
3557 3863 3656 3930 τῆς
3689 3860 3872 3932 οίμω-

2217 3961 2320 4031 γῆς
2348 3954 2443 4008 κᾶν
2476 3954 2611 4027 πρὸς
2647 3950 2833 4028 ὀλίγον
2883 3950 3238 4023 παυσάμενοι,
3272 3948 3455 4005 οἷ’καδε
3486 3947 3727 4025 ᾤχοντο.
3767 3953 3876 4004 Τοῦ

2221 4043 2310 4098 οῦν
2369 4042 2574 4117 χρόνου
2628 4038 3081 4118 προοδεύσαντος,
3133 4040 3223 4095 καὶ
3270 4044 3377 4095 τῶν
3432 4042 3530 4107 τῆς
3576 4043 3673 4093 τοῦ
3714 4038 3878 4113 ἁγίου

2226 4134 2451 4205 μνήμης
2484 4133 2709 4204 ἡμερῶν
2741 4125 3185 4199 καταλαϐουσῶν,
3208 4125 3397 4184 τοιάδε
3424 4128 3561 4204 πρὸς
3592 4124 3882 4196 ἀλλήλους

2223 4219 2430 4297 ἶλεγον,
2492 4220 2569 4281 είς
2629 4220 2926 4291 ἀνάμνησιν
2986 4222 3083 4273 τοῦ
3144 4215 3285 4273 ἰδίου
3330 4218 3517 4273 τέκνου
3574 4215 3876 4292 γενόμ-ενοι·

2224 4314 2390 4384 Δεῦρο
2423 4306 2489 4377 δὴ
2522 4308 2611 4362 καὶ
2660 4308 3013 4384 πορευθῶμεν
3053 4306 3188 4383 πρὸς
3236 4307 3328 4361 τὸν
3378 4307 3554 4381 ἅγιον,
3604 4304 3679 4365 ὡς
3725 4303 3784 4357 ἃν
3828 4301 3892 4357 εἷ’

2222 4398 2329 4454 πού
2360 4419 2411 4453 τι
2446 4396 2723 4471 λείψανον,
2758 4395 2888 4471 ὅπερ
2920 4393 3203 4465 ἀδύνατον,
3238 4394 3535 4473 ὑπελείφθη
3566 4398 3661 4448 τοῦ
3680 4393 3878 4448 τέκνου

2230 4491 2389 4562 ἡμῶν
2425 4482 2743 4559 λαϐώμεθα,
2776 4484 2866 4539 καὶ
2913 4485 3003 4540 τὸν
3056 4484 3205 4560 ἅγιον
3261 4481 3628 4556 δικασώμεθα,
3660 4478 3715 4535 εἷ’
3755 4501 3881 4542 πως

468 4572 609 4639 illic,
645 4574 848 4629 mortis
882 4576 1042 4647 pueri
1079 4578 1415 4649 participes.
1448 4583 1577 4634 Haec
1606 4579 1802 4651 itaque
1833 4579 2106 4645 dicentes,

2220 4578 2308 4634 καὶ
2368 4581 2631 4650 θανοῦμεν
2668 4575 2857 4646 ἐκεῖσε,
2909 4579 2988 4647 τῷ
3040 4576 3252 4647 θανάτῳ
3300 4577 3397 4628 τοῦ
3427 4570 3623 4635 παιδὸς
3678 4591 3877 4627 κοινω-

470 4663 733 4718 nondum
767 4665 930 4719 linito
962 4682 1249 4738 sermone,
1280 4668 1694 4738 profectionem
1745 4668 2114 4723 inchoarunt.

470 4752 735 4824 Cumque
794 4755 1200 4824 accessissent,
1260 4762 1317 4812 et
1365 4758 1437 4813 ad
1469 4757 1659 4813 locum
1694 4757 2116 4829 pervenissent,

2224 4669 2499 4738 νήσαντες.
2532 4666 2688 4720 Ταῦτ’
2737 4662 2827 4719 οῦν
2879 4663 3141 4733 εἰπόντες,
3175 4660 3329 4718 οὔπω
3357 4660 3516 4724 τέλος
3564 4664 3681 4722 τοῖς
3711 4659 3877 4734 λεγο-

2233 4758 2413 4829 μένοις
2471 4752 2762 4825 τεθείκασι,
2814 4754 2902 4809 καὶ
2950 4754 3050 4822 τὴν
3108 4751 3329 4829 πορείαν
3388 4750 3718 4825 ἆπήρξαντο.
3780 4747 3881 4803 Καὶ

472 4845 645 4913 atque
679 4843 1109 4901 retrocessisset
1131 4862 1325 4913 mare;
1352 4847 1467 4903 Deo
1495 4847 1577 4903 sic
1598 4847 1775 4903 etiam
1800 4846 2106 4902 bonorantt

2230 4843 2296 4915 δὴ
2330 4842 2782 4921 παραγεγονότες,
2834 4842 2923 4898 καὶ
2972 4843 3059 4897 τὸν
3106 4840 3274 4896 τόπον
3318 4834 3742 4906 καταλαϐόντες,
3788 4837 3885 4891 καὶ

474 4935 810 5003 martyrem,
844 4933 1015 5004 primi
1050 4934 1106 4987 in
1138 4935 1495 5005 profundum
1527 4936 1880 5005 insilierunt,
1912 4934 2121 4989 stimu-

474 5016 631 5075 lante
662 5020 765 5075 ﬁlii
787 5021 1074 5078 desiderio
1100 5039 1111 5079 ;
1142 5040 1356 5095 eosque
1378 5040 1629 5097 sequens
1656 5022 1967 5080 multitudo
1994 5039 2122 5095 per-

473 5108 581 5181 geh
590 5112 668 5164 at.

549 5286 669 5342 XII.
704 5288 772 5344 Et
829 5306 963 5345 cum
1020 5291 1092 5346 ad
1151 5290 1311 5345 omni
1369 5292 1527 5347 cultu
1577 5290 1820 5364 dignum
1852 5291 2127 5365 martyris

2229 4940 2328 5004 τῆς
2385 4932 2658 5002 θαλάσσης
2722 4931 3207 5007 ὑποχωρησάσης,
3260 4932 3535 5001 τιμῶντος
3591 4931 3689 4983 τοῦ
3748 4930 3887 4981 Θεοῦ

2230 5024 2498 5086 κάνταῦθα
2525 5023 2616 5077 τὸν
2671 5020 2934 5098 μάρτυρα,
2985 5018 3063 5093 τῷ
3108 5016 3203 5074 τοῦ
3251 5018 3441 5075 τέκνου
3487 5015 3643 5090 πόθῳ
3694 5013 3890 5071 δακνό-

2239 5131 2409 5186 μενοι,
2445 5114 2652 5184 πρῶτοι
2700 5114 2781 5182 τῷ
2833 5106 2980 5185 βυθῷ
3022 5104 3405 5179 ιὶσεπήδησανο
3456 5103 3792 5186 ἐφεπόμενόν
3828 5123 3893 5158 τε

2233 5200 2449 5263 τούτοις
2482 5200 2546 5254 τὸ
2578 5198 2793 5270 πλῆθος
2826 5198 3121 5274 ἐπήρχετο.

2311 5295 2428 5344 XII.
2462 5287 2560 5342 Καὶ
2593 5285 2659 5357 δὴ
2692 5288 2781 5342 τὸν
2824 5285 3123 5341 πάνσεπτον
3174 5286 3297 5341 ναὸν
3344 5276 3743 5345 καταλαϐόντες
3792 5286 3889 5337 τοῦ

1844 5390 2083 5445 νΑΒΙίΕ
2123 5388 2531 5445 LECTIONES.

550 5474 675 5559 δέ’-Υ
706 5476 793 5559 Silo
824 5477 1155 5545 legendum.
1177 5496 1289 5559 non
1322 5475 1613 5559 ἐκτείνασα,
1631 5482 1691 5531 ut
1712 5478 1969 5533 ediderat
1990 5476 2445 5559 Cotelerius,qui
2468 5480 2714 5559 verterat
2742 5476 3000 5559 extensis,
3021 5490 3210 5559 neque
3234 5472 3607 5559 enim-greace
3628 5468 3879 5556 ἐκτείνειν

483 5543 797 5620 ριρθτκλμούς
856 5543 1089 5615 dixeris,
1120 5552 1219 5603 sed
1274 5548 1537 5617 ἐντείνειν,
1568 5554 1870 5611 intendere,
1906 5568 2017 5603 non
2072 5543 2381 5605 extendere
2413 5549 2613 5603 oculos.
2663 5550 2832 5603 CLER.
2910 5548 2955 5581 ²⁶
2987 5547 3060 5601 al.
3115 5543 3358 5620 τοῦτον.-
3405 5545 3449 5579 ³⁸
3477 5543 3667 5620 [laicus
3723 5543 3883 5620 ποσῖν

480 5614 1030 5692 ῥποστρὲψω.ἲι1ἰουε
1062 5614 1365 5692 Commode
1396 5614 1673 5692 conversa
1702 5626 1841 5675 sunt
1872 5622 1989 5675 haec
2018 5622 2172 5692 apud
2204 5620 2589 5692 Surium.Sed
2618 5636 2723 5675 nos
2757 5636 2872 5676 non
2905 5620 3163 5675 solemus
3193 5618 3255 5675 in
3286 5616 3461 5672 ﬁdem
3483 5614 3877 5686 Interpretum

479 5688 772 5760 inquirere
807 5705 819 5744 :
854 5690 1136 5745 enitimur
1167 5690 1379 5746 melius
1411 5691 1792 5764 interpretari.
1829 5695 1962 5747 Co'r.
2048 5688 2091 5727 ⁵⁷
2119 5692 2192 5747 al.
2226 5689 2503 5753 θανόντος.
