4118 6340
217 424 323 483 641

676 423 1030 485 EPHRAIM
1076 424 1514 486 CHERSONIS
1559 426 1923 486 ARCHIEP.
1976 428 2073 486 DE
2120 428 2523 491 MIRACULO
2570 432 2635 491 S.
2681 431 3148 491 CLEMENTIS.

3495 432 3613 491 642

223 554 505 628 μάρτυρος,
554 553 599 607 ὦ
641 558 739 608 τοῦ
787 556 1086 627 θαύματοςί
1137 556 1302 630 ὁρῶσι
1349 556 1412 611 τὸ
1474 552 1611 609 ἴδιον
1667 556 1847 611 τέκνον

1978 560 2252 631 templum
2276 562 2742 633 pervenissent,o
2774 563 3123 619 miraculum
3151 564 3161 617 !
3197 564 3392 617 vident
3424 562 3611 619 ﬁlium

220 645 317 710 ζῶν
363 642 451 695 καὶ
500 639 724 719 φαιδρὸν
773 643 863 697 καὶ
915 642 1245 717 ἀλλόμενον.
1276 650 1363 706 Ὠς
1414 641 1471 698 δὲ
1519 644 1569 699 ἐν
1622 644 1858 717 θαύμασι

216 731 385 802 θαῦμα
432 731 837 807 περιτυχόντες,
872 731 1227 809 ἐκπλαγέντες
1270 754 1330 787 τε
1376 738 1455 804 τῷ
1495 733 1711 806 ἐξαισίῳ
1762 755 1858 806 με-

216 817 483 895 γαλουργή
498 840 648 892 ματι,
682 824 871 895 πρῶτα
904 822 997 894 μὲν
1036 822 1101 877 τὸ
1152 824 1294 876 θεῖον
1348 821 1642 898 έγέραιρον’
1677 819 1859 877 ἔπειτα

219 905 272 962 δὲ
297 909 387 963 τὸν
429 909 676 985 μάρτυρα
722 908 1165 986 εὖχαριστηρίοις
1213 916 1418 989 φωναῖς
1463 910 1852 989 έπευφήμιζον·

220 995 326 1050 εἶτα
369 1000 448 1068 τῷ
497 998 601 1069 νέῳ
650 996 929 1070 ἐπύθοντο,
960 1002 1077 1061 πῶς
1127 1000 1407 1070 σέσωσται,
1453 998 1601 1061 τίνος
1655 1004 1857 1075 ζωογο-

219 1090 455 1157 νοῦντος,
496 1086 644 1149 τίνος
694 1086 1081 1159 φυλάσσοντος,
1126 1088 1215 1143 καὶ
1264 1088 1415 1151 τίνος
1454 1088 1768 1165 τρέφοντος.
1803 1089 1858 1141 Ὁ

222 1172 275 1229 δέ
299 1195 359 1251 γε
385 1180 538 1241 παῖς,
669 1176 763 1247 μὲν
814 1181 914 1248 μιᾷ
958 1177 1108 1252 χειρὶ
1154 1176 1403 1253 κατέχων
1448 1178 1547 1246 τήν
1597 1175 1856 1252 λάρνακα,

220 1268 284 1335 τῇ
333 1261 392 1319 δὲ
438 1264 595 1340 ἑτέρᾳ
642 1262 1103 1321 ὃακτυλοδεικτῶν
1159 1267 1252 1322 τὸν
1315 1264 1521 1331 ἔνδοθεν
1589 1267 1857 1341 κείμενον,

218 1358 326 1414 τοῖς
375 1351 647 1429 ἐρωτῶσιν
700 1353 1130 1430 ἀνταπεκρίνετο·
1174 1355 1341 1419 Οὗτός
1393 1377 1497 1429 μου
1549 1356 1684 1429 μετὰ
1731 1357 1857 1411 Θεὸν

220 1440 302 1496 καὶ
352 1441 467 1511 ζωὴ
513 1441 602 1496 καὶ
632 1444 832 1520 τροφὴ,
863 1443 953 1499 καὶ
1002 1448 1111 1499 τῶν
1152 1442 1205 1499 ἐν
1245 1448 1315 1518 τῇ
1369 1442 1607 1518 Θαλάσσῃ
1654 1444 1857 1520 θηρίων

218 1530 547 1606 ἀμυντήριον
599 1530 857 1607 ἐγεγόνειο
910 1532 1067 1595 οὗτός
1124 1553 1191 1606 με
1237 1534 1354 1597 καθ’
1403 1533 1630 1604 ἑκάστην
1681 1532 1857 1603 ἐτιθη-

216 1624 356 1673 νεῖτο
388 1617 770 1695 λαμπρότατα.

282 1886 423 1943 XIII.
460 1885 525 1943 Οἱ
564 1884 609 1940 δ’
654 1883 743 1940 οὖν
792 1885 1056 1994 τεκόντες,
1088 1882 1283 1994 θάμϐει
1331 1888 1421 1943 καὶ
1469 1894 1616 1965 χαρᾷ
1664 1908 1857 1965 συσχε-
1893 1929 1940 1994 Β

221 1972 412 2045 θέντες,
444 1979 513 2049 τῇ
544 1996 602 2030 τε
638 1975 817 2030 πίστει
862 1974 1028 2031 πλέον
1083 1972 1464 2053 βεϐαιωθέντες
1507 1983 1604 2033 τοῦ
1667 1978 1863 2054 μάρτυ-

220 2082 329 2137 ρος,
363 2061 437 2117 δι’
469 2063 530 2118 οὗ
558 2063 649 2118 τὸν
682 2064 865 2138 νεκρὸν
897 2065 1218 2138 νομισθέντα
1249 2066 1361 2120 υἱὸν
1408 2071 1581 2135 ζῶντα
1629 2067 1860 2137 ἀπείλη-

221 2173 335 2230 φαν,
378 2152 509 2215 τοὺς
556 2154 853 2229 προτέρους
902 2156 1131 2231 θρήνους
1178 2154 1256 2217 εἷς
1313 2155 1655 2232 εὐχαριστίαν
1724 2156 1864 2231 έτρέυ

221 2244 407 2315 ψαντο,
440 2240 624 2297 τοιάδε
653 2247 733 2315 τῷ
765 2242 907 2319 ἁγίῳ
934 2238 1322 2318 ἰπιὸοώμενοι*
1355 2245 1446 2307 Ὦς
1483 2243 1705 2316 ἀληθῶς
1762 2247 1863 2319 ἄρα

221 2333 527 2405 θαυμαστὸς
560 2331 587 2386 ὁ
624 2332 752 2394 θεὸς
801 2331 853 2386 έν
896 2337 1014 2396 τοῖς
1058 2331 1238 2407 ἁγίοις
1286 2333 1471 2403 αὐτοῦ,
1514 2335 1601 2389 καὶ
1651 2332 1864 2407 θέλημα

216 2423 321 2474 τῶν
384 2415 739 2498 φοϐουμένων
815 2421 974 2477 αὐτὸν
1048 2427 1239 2493 ποιῶν,
1300 2424 1390 2478 καὶ
1460 2430 1562 2493 τῆς
1630 2420 1864 2493 δεήσεως

219 2507 390 2563 αὐτῶν
458 2509 773 2567 εἶσακοῦων.
823 2511 1067 2573 Ἐσωσας
1132 2514 1316 2584 ἡμῶν,
1350 2513 1528 2587 ’Δγιε,
1577 2513 1666 2567 τὸν
1721 2512 1861 2582 υἱὸν,

217 2596 499 2660 ἀπέδωκας
528 2601 664 2672 ἡμῖν
713 2600 802 2654 τὸν
854 2599 955 2655 οὐκ
1001 2599 1381 2673 ἐλπιζόμενον.
1414 2602 1482 2655 Ὠ
1539 2600 1731 2676 οὐρανὶ
1773 2600 1861 2655 καὶ

214 2693 305 2763 γῆ,
336 2687 429 2742 καὶ
460 2687 522 2742 σὺ
559 2688 704 2763 βυθὶ,
732 2690 760 2743 ὁ
790 2688 913 2766 πρὶν
949 2690 1034 2767 ὑφ’
1063 2692 1225 2763 ἡμῶν
1258 2688 1861 2766 έπαρώμενος,ἕκστηθι

214 2780 288 2846 τῷ
317 2776 454 2849 ὑπὲρ
488 2776 643 2854 φύσιν
670 2778 850 2851 τούτῳ
885 2777 1232 2854 μεγαλουργή
1246 2800 1393 2852 ματι.
1426 2778 1619 2840 Ἴλεως
1668 2776 1724 2833 δὲ
1772 2778 1861 2833 καὶ

215 2864 371 2927 αὐτὸς
423 2871 597 2941 γενοῦ,
648 2868 788 2941 ἅγιε,
837 2868 912 2921 ὧν
958 2868 1093 2941 πρὸς
1135 2868 1192 2921 σε
1238 2872 1305 2941 τῇ
1356 2866 1537 2941 θλίψει
1584 2867 1861 2943 τρυχόμε-

214 2974 293 3008 νοι
323 2952 627 3030 ἐπράξαμέν
660 2975 717 3009 τε
746 2955 835 3009 καὶ
876 2952 1119 3029 εἷὲτομεψ
1158 2958 1232 3028 μὴ
1283 2954 1679 3018 ἀνταποδώσεος
1728 2958 1864 3028 ἡμῖν

216 3044 309 3110 τὴν
366 3048 480 3098 τῶν
538 3043 904 3122 βλασφημιῶν
957 3042 1336 3101 ἀνταπόδοσιν.
1369 3047 1476 3102 Τὸν
1516 3045 1630 3099 υἱὸν
1659 3043 1863 3101 ἀπελά-

219 3125 410 3203 6ομεν,
442 3132 533 3186 τὸν
560 3132 748 3207 νεκρὸν
791 3130 879 3187 διὰ
926 3137 1022 3187 σοῦ
1068 3138 1159 3187 νῦν
1209 3133 1506 3188 ἀναστάντα
1554 3131 1861 3206 ἐδεξάμεθα,

217 3221 311 3289 τὴν
351 3224 455 3275 τοῦ
480 3223 667 3296 γήρως
701 3222 992 3298 βακτηρίαν
1157 3222 1382 3298 βοηθείᾳ
1423 3221 1585 3277 πάλιν
1637 3219 1861 3297 ἔχομεν.

218 3308 277 3363 Τί
301 3310 369 3365 τὰ
422 3308 607 3365 πολλᾶ
639 3296 909 3386 λέγομενξ
936 3311 1025 3365 τὸν
1081 3296 1165 3365 οὐή
1189 3313 1487 3386 τριήμερον
1535 3308 1659 3365 ἀλλ’
1690 3296 1863 3365 ένιαό-
1898 3296 1939 3362 C

220 3420 329 3453 σιον
381 3400 593 3475 νεκρὸν,
624 3399 712 3453 καὶ
758 3399 819 3453 οὐ
872 3397 1013 3471 λίθῳ
1062 3396 1189 3453 ἀλλ’
1229 3396 1381 3454 ὕδατι
1433 3398 1863 3473 καλυπτόμενον,

219 3488 305 3542 καὶ
337 3488 452 3563 οὐχ
483 3488 585 3542 ὑπὸ
618 3486 945 3557 σκωλήκων,
977 3487 1011 3541 ’ὰ
1038 3494 1141 3558 τῆς
1170 3492 1267 3542 τοῦ
1308 3489 1562 3560 σώματός
1612 3488 1723 3543 ἐστι
1772 3486 1867 3565 φύ-

219 3597 352 3639 σεως
406 3574 535 3646 ἴδια,
589 3574 974 3650 δαπανηθέντα,
1023 3575 1168 3632 ἀλλὰ
1220 3579 1313 3632 τὸν
1360 3577 1463 3633 ὑπὸ
1538 3576 1743 3653 ἰχθύων
1790 3578 1864 3639 ὡς

216 3664 547 3739 ἐνομίσαμεν
594 3660 1022 3739 καταϐρωθέντα,
1074 3670 1213 3721 σῶον
1268 3663 1355 3721 διὰ.
1418 3670 1518 3721 σοῦ
1588 3661 1866 3722 ἀπελάϐο-

217 3774 333 3826 μεν.
366 3752 507 3829 Εὖγε
534 3761 633 3823 τῆς
666 3754 914 3829 χάριτος,
950 3756 1073 3829 εὖγε
1102 3762 1203 3825 τῆς
1236 3753 1419 3827 δόξης,
1455 3753 1574 3831 εὖγε
1622 3763 1719 3825 τῆς
1774 3753 1865 3810 δυ-

211 3844 429 3916 νάμεως
478 3843 568 3897 καὶ
615 3850 715 3912 τῆς
767 3843 1066 3919 εὐεργεσίας
1115 3865 1236 3913 σου,
1288 3846 1427 3917 ἅγιε.
1471 3843 1629 3901 Οὕτω
1686 3844 1862 3898 τοίνυν

212 3931 299 3984 τὸν
348 3931 503 4006 ἅγιον
550 3931 685 4003 μετά
733 3928 976 4007 δακρύων
1027 3929 1531 4009 ἐπευφημήσαντες,
1561 3931 1653 3985 τὸν
1698 3929 1867 3985 παῖδα

213 4017 502 4097 ἀράμενοι,
536 4015 718 4074 οἴκαδε
759 4018 1139 4096 παρεγένοντο,
1172 4026 1301 4075 πᾶσι
1350 4020 1411 4075 τὸ
1460 4021 1638 4094 θαῦμα
1686 4017 1866 4092 ἐκδιη-

215 4108 509 4185 γούμενοι.

284 4199 432 4254 XIV.
463 4196 526 4251 Τί
582 4193 674 4252 οὗν
727 4197 864 4273 πρὸς
920 4201 1086 4252 ταῦτα
1135 4198 1225 4252 καὶ
1291 4200 1696 4273 παρισώσαιμεν
1727 4216 1741 4268 ;
1772 4198 1864 4253 τὸν

215 4284 404 4341 Ἠλίαν
444 4285 573 4363 φασί
601 4307 733 4342 ποτε
759 4287 852 4341 τὸν
880 4287 1066 4360 νεκρὸν
1101 4290 1273 4355 ζῶντα
1300 4287 1415 4341 υἱὸν
1457 4290 1525 4360 τῇ
1579 4284 1688 4357 ἰδίᾳ
1732 4287 1866 4341 ἀπο-

220 4371 401 4429 δοῦναι
467 4374 656 4450 μητρί·
708 4376 738 4430 ὃ
791 4374 929 4451 μέγα
975 4395 1035 4429 τε
1095 4374 1327 4450 ὑπάρχει
1381 4374 1470 4429 καὶ
1529 4374 1869 4451 ὑπερθαύμα-

219 4483 362 4520 στον.
399 4462 578 4518 Ἀλλᾶ
624 4464 714 4518 καὶ
765 4468 845 4536 τῷ
876 4461 1184 4518 Ἐλισσαίου
1242 4464 1393 4533 ποτὲ,
1443 4464 1518 4527 ὡς
1570 4466 1864 4541 ἱστοροῦσι,

222 4553 489 4625 μνήματι,
524 4551 627 4606 ὑπό
655 4572 814 4607 τινων
843 4550 1188 4630 ἀνδροφόνων
1241 4553 1560 4629 φονευθέντα
1610 4552 1745 4624 τινὰ,
1778 4551 1866 4606 καὶ

1968 665 2142 703 suum
2173 650 2457 707 viventem
2485 668 2550 706 ac
2577 651 2777 707 laetum
2808 658 2981 722 atque
3011 652 3394 707 exsilientem.
3434 653 3500 708 Ut
3529 670 3615 707 ve-

1966 753 2029 791 ro
2057 736 2116 792 in
2163 740 2462 795 miraculis
2497 741 2845 795 miraculum
2895 741 3282 807 offenderunt,
3331 741 3614 812 obstupe-

1968 831 2195 881 scentes
2244 844 2422 899 super
2472 845 2682 899 magno
2731 829 3054 900 eximioque
3111 845 3303 901 opere,
3354 829 3613 900 primum

1968 915 2203 985 quidem
2238 915 2352 971 Deo
2384 916 2664 972 honorem
2696 918 3015 984 dederunt;
3053 918 3263 971 deinde
3292 934 3425 972 vero
3457 934 3613 973 mar-

1967 1006 2153 1074 tyrem
2177 1002 2695 1059 acclamationibus
2717 1006 3107 1077 etgratiarum
3130 1004 3457 1060 actionibus
3480 1022 3613 1077 pro-

1968 1092 2152 1146 secuti
2206 1096 2362 1148 sunt.
2419 1094 2619 1148 Postea
2675 1093 3100 1149 adolescentem
3152 1094 3610 1165 interrogarunt,

1969 1186 2083 1251 'quo
2116 1187 2281 1252 pacto
2331 1186 2595 1237 servatus
2643 1182 2870 1248 fuisset,
2921 1199 3175 1253 quonam
3208 1182 3386 1237 vitam
3418 1183 3612 1255 dante,

1970 1285 2225 1339 quonam
2273 1269 2656 1341 custodiente,
2707 1275 2765 1325 et
2810 1286 3065 1341 quonam
3116 1271 3428 1326 nutriente.
3464 1275 3614 1327 Puer

1970 1361 2188 1427 autem,
2224 1375 2342 1413 una
2371 1358 2610 1430 quidem
2641 1375 2819 1414 manu
2852 1362 3056 1414 tenens
3087 1376 3302 1430 arcam,
3336 1359 3451 1415 alia
3478 1376 3613 1415 vero

1968 1445 2234 1502 indicans
2264 1446 2444 1519 digito
2473 1463 2608 1503 eum
2640 1446 2740 1519 qui
2773 1447 2933 1502 intus
2956 1448 3209 1518 jacebat,
3259 1448 3618 1520 interrogan-

1968 1534 2128 1589 tibus
2169 1534 2428 1591 vicissim
2474 1536 2809 1607 respondit:
2858 1535 2956 1591 Hic
2996 1538 3139 1591 mihi
3182 1540 3314 1607 post
3342 1537 3526 1593 Deum
3557 1542 3615 1592 et

1968 1623 2107 1692 vita,
2158 1628 2215 1678 et
2256 1623 2624 1691 alimentum,
2670 1628 2727 1679 et
2774 1626 3052 1680 adversus
3104 1625 3359 1681 marinas
3389 1626 3615 1682 belluas

1972 1713 2477 1784 propugnaculum
2527 1714 2781 1769 exstitit:
2816 1714 2911 1769 hic
2944 1730 3036 1769 me
3067 1712 3326 1785 quotidie
3356 1713 3615 1786 splendi-

1970 1801 2212 1857 dissime
2250 1802 2602 1857 nutricabat.

2041 1890 2189 1945 XIII.
2224 1890 2495 1947 Parentes
2526 1896 2745 1957 autem,
2778 1891 3162 1947 admiratione
3193 1908 3257 1947 ac
3288 1892 3488 1947 laetitia
3517 1892 3615 1948 de-

1972 1979 2138 2043 tenti,
2189 1985 2245 2035 et
2291 1980 2349 2034 in
2400 1981 2514 2035 ﬁde
2562 1982 2834 2053 martyris
2883 1982 3070 2052 magis
3119 1982 3469 2047 confirmati,
3515 1998 3616 2053 per

1973 2085 2145 2139 quem
2180 2068 2365 2123 filium
2399 2086 2571 2140 quem
2606 2074 2951 2140 putaverant
2981 2074 3296 2139 mortuum,
3327 2070 3619 2126 viventem

1973 2164 2331 2230 receperant,
2381 2160 2603 2230 priores
2647 2158 2839 2214 luctus
2886 2159 2943 2212 in
2976 2158 3295 2230 gratiarum
3329 2160 3615 2215 actionem

1972 2252 2401 2317 converterunt,
2434 2247 2687 2319 taliaque
2717 2246 3117 2302 acclamarunt
3145 2254 3344 2303 sancto
3372 2264 3384 2301 :
3429 2248 3615 2312 Quam

1971 2353 2101 2390 vere
2134 2336 2332 2407 utique
2360 2336 2639 2392 mirabilis
2673 2338 2804 2393 Deus
2833 2337 2892 2391 in
2935 2338 3134 2391 sanctis
3161 2336 3276 2391 suis
3307 2339 3405 2403 (α),
3440 2341 3495 2390 et
3524 2352 3615 2391 v0-

1974 2425 2238 2480 luntatem
2269 2427 2577 2481 timentium
2609 2443 2662 2481 se
2690 2428 2919 2495 faciens,
2960 2426 3500 2497 deprecationemque
3527 2441 3613 2481 eo-

1971 2531 2103 2569 rum
2131 2515 2435 2570 exaudiens
2467 2515 3078 2585 (b).Servasti,sancte,
3107 2514 3292 2569 ﬁlium
3318 2519 3615 2580 nostrum;

1971 2603 2273 2658 reddidisti
2307 2603 2475 2658 nobis
2521 2620 2695 2675 quem
2746 2620 2860 2658 non
2894 2604 3293 2674 sperabamus.
3329 2603 3373 2657 Ο
3404 2602 3614 2657 cmlum

1972 2696 2028 2748 et
2056 2696 2231 2758 terra,
2264 2696 2444 2764 tuque
2474 2709 2687 2764 gurges
2720 2692 2880 2763 prius
2912 2710 2945 2747 a
2976 2693 3143 2746 nobis
3172 2696 3483 2757 exsccrate,
3514 2692 3615 2745 ob-

1972 2786 2240 2853 stupesce
2260 2799 2437 2853 super
2467 2782 2573 2837 hoc
2595 2787 2863 2836 naturam
2894 2781 3200 2836 excedente
3232 2798 3443 2851 magno
3474 2797 3615 2851 ope-

1973 2888 2052 2925 re.
2087 2872 2220 2925 Esto
2251 2876 2447 2926 autem
2478 2875 2540 2925 tu
2573 2887 2864 2941 quoque,o
2904 2875 3121 2937 sancte,
3148 2869 3521 2940 propitius,in
3543 2868 3616 2923 iis

1973 2976 2100 3030 quae
2123 2964 2323 3014 contra
2354 2964 2407 3014 te
2438 2958 2749 3014 afﬂictione
2780 2959 3009 3013 contriti
3044 2975 3174 3013 cum
3214 2958 3616 3024 fecimus,tum

1973 3048 2267 3104 diximus:
2302 3065 2373 3103 ne
2420 3048 2709 3103 retribuas
2742 3048 2911 3102 nobis
2943 3048 3332 3101 conviciorum
3367 3046 3615 3100 retribu-

1972 3137 2210 3192 tionem.
2250 3137 2454 3191 Filium
2490 3136 2981 3207 recuperavimus,
3019 3140 3312 3189 mortuum
3344 3150 3495 3187 nunc
3518 3149 3619 3203 per

1973 3230 2029 3281 te
2059 3226 2405 3280 suscitatam
2452 3225 2803 3295 accepimus,
2856 3224 3128 3277 baculum
3170 3222 3484 3277 senectutis
3516 3226 3615 3276 tuo

1977 3314 2191 3368 auxilio
2239 3314 2449 3368 iterum
2500 3313 2803 3367 habemus.
2857 3311 3005 3377 Quid
3072 3310 3321 3365 dicimus
3384 3309 3617 3365 multa?

1976 3420 2089 3458 non
2120 3402 2459 3457 triduanum
2495 3403 2596 3457 sed
2627 3418 2888 3456 annuum
2922 3404 3241 3465 mortuum,
3276 3416 3376 3454 nec
3426 3399 3618 3470 lapide

1975 3492 2073 3546 sed
2106 3507 2257 3562 aqua
2288 3491 2601 3554 obtectum,
2637 3506 2740 3544 nec
2772 3507 2805 3544 a
2833 3488 3133 3543 vermibus
3157 3489 3326 3557 juxta
3357 3488 3619 3558 corporis

1977 3585 2245 3635 naturam
2299 3582 2737 3649 consumptum,
2798 3578 2895 3633 sed
2956 3594 2987 3630 a
3044 3576 3303 3648 piscibus
3355 3576 3617 3631 arbitrati

1974 3686 2183 3724 sumus
2215 3670 2575 3735 devoratum,
2611 3666 2834 3722 salvum
2867 3684 2970 3738 per
3004 3672 3053 3721 le
3084 3664 3430 3736 recepimus.
3461 3665 3618 3736 Euge

1973 3758 2220 3830 gratiam
2247 3775 2260 3825 ;
2297 3773 2443 3829 euge
2474 3755 2751 3827 gloriam;
2783 3772 2929 3826 euge
2961 3754 3274 3825 potentiam
3306 3758 3361 3808 et
3402 3753 3615 3808 benefi-

1975 3847 2125 3901 cium
2176 3852 2364 3911 tuum,
2413 3862 2443 3898 o
2492 3850 2709 3899 sancte.
2763 3844 2879 3898 Hoc
2928 3843 3105 3913 igitur
3144 3843 3314 3896 modo
3347 3845 3616 3895 sanctum

1975 3952 2106 3991 cum
2138 3934 2409 4007 lacrymis
2432 3938 2486 3989 et
2503 3932 3029 3988 acclamationibus
3048 3930 3616 4002 prosecuti,puerum

1973 4023 2271 4093 tollentes,
2330 4036 2598 4077 revenere
2642 4022 2923 4092 domum,
2984 4018 3207 4075 cunctis
3264 4018 3616 4073 miraculum

1973 4116 2331 4169 enarrantes.

2044 4200 2186 4255 XIV.
2232 4199 2379 4263 Quid
2428 4216 2563 4271 ergo
2621 4216 2755 4254 cum
2812 4198 2898 4252 his
2951 4195 3368 4253 conferemus?
3432 4193 3617 4249 Eliam

1976 4290 2143 4344 aiunt
2166 4288 2301 4344 olim
2327 4288 2513 4343 ﬁlium
2542 4294 2839 4342 mortuum
2865 4288 3033 4341 matri
3068 4286 3309 4357 propriis
3330 4284 3617 4339 viventem

1975 4378 2299 4434 reddidisse
2330 4380 2437 4447 (c);
2471 4378 2625 4448 quod
2660 4382 2715 4431 et
2746 4392 3026 4447 magnum
3057 4380 3145 4430 est
3170 4380 3227 4429 et
3247 4374 3412 4428 valde
3442 4370 3625 4427 admi-

1976 4467 2179 4523 rabile.
2214 4468 2324 4522 Sed
2357 4472 2415 4521 et
2445 4468 2722 4536 referunt,
2769 4466 2839 4519 ad
2870 4464 3041 4520 Elisei
3074 4463 3389 4535 aliquando
3433 4461 3622 4532 sepul«

1978 4573 2141 4613 crum
2174 4557 2488 4627 quemdam
2521 4556 2592 4609 ab
2616 4554 2913 4626 aliquibus
2932 4551 3621 4608 bomicidisinterfectum

216 4639 268 4695 ἒν
328 4639 481 4713 αὗτῷ
539 4640 779 4719 ῥιφέντα,
830 4641 983 4706 εὐθὺς
1042 4641 1393 4717 ἀνεγερθῆναί
1439 4663 1499 4697 τε
1543 4641 1631 4696 καὶ
1686 4647 1862 4711 ζῆσαι·

1978 4661 2043 4700 ac
2067 4645 2123 4698 in
2146 4661 2211 4699 eo
2234 4642 2783 4715 projectum,statim
2806 4641 3193 4696 resurrexisse
3213 4656 3278 4693 ac
3292 4638 3502 4693 vixisse
3524 4636 3621 4707 (d):

217 4730 247 4783 ὃ
281 4734 471 4803 μεῖζον
502 4734 599 4784 τοῦ
640 4731 909 4806 προτέρου
954 4728 1043 4784 καί
1088 4729 1479 4807 ἔξαισιώτερον.
1523 4731 1622 4785 Καὶ
1671 4732 1870 4806 Πέτρος

220 4816 279 4873 δὲ
337 4818 391 4875 έν
454 4825 568 4881 τοῖς
619 4821 734 4874 καθ’
763 4822 932 4893 ἡμᾶς,
984 4822 1019 4889 ἡ
1068 4824 1174 4874 τῶν
1242 4819 1563 4875 ἀποστόλων
1614 4821 1870 4896 κορωνὶς,

220 4910 318 4977 τὴν
378 4908 776 4985 πτωχοτρόφον
833 4908 1040 4978 ἐκείνην
1091 4910 1270 4985 χήραν
1315 4902 1544 4962 Ταϐιθὰν
1613 4907 1869 4964 θανοῦσαν

221 4994 470 5073 αῧθωρον
514 4997 799 5074 προσευχῇ
841 4996 1200 5070 έξανέστησεν.
1234 5002 1407 5051 Ταῦτα
1460 4998 1554 5070 μὲν
1604 4998 1693 5052 οὗν
1746 5000 1872 5052 θαυ-

226 5088 407 5159 μαστᾶ
454 5088 543 5142 καὶ
604 5086 988 5163 ὑπέρλαμπρα⁹
1045 5087 1107 5141 τὸ
1170 5082 1226 5139 δὲ
1272 5085 1440 5159 παρὸν
1503 5087 1702 5159 θαῦμα,
1747 5086 1871 5141 ὅσον

220 5175 434 5232 τούτων
468 5178 893 5253 ὑπερανέστηκεν
920 5176 932 5232 l

292 5268 414 5323 XV.
448 5267 550 5324 Καὶ
583 5265 683 5342 ὅρα
717 5265 1139 5341 μοιέπροσέχων
1188 5264 1250 5319 τὸ
1296 5264 1566 5341 ὑπέροχον
1610 5269 1706 5319 τοῦ
1755 5264 1878 5319 θαό-

1981 4734 2134 4805 quod
2181 4734 2370 4804 priore
2420 4733 2615 4801 majus
2663 4735 2751 4785 est
2794 4736 2970 4802 atque
3014 4727 3361 4783 mirabilius.
3400 4727 3463 4781 Et
3493 4742 3624 4780 vero

1981 4823 2134 4879 inter
2154 4839 2251 4877 eos
2284 4822 2382 4893 qui
2415 4821 2485 4875 ad
2520 4837 2625 4875 nos
2651 4820 2959 4891 pertinent,
2992 4820 3198 4874 Petrus
3231 4814 3627 4889 apostolorum

1984 4917 2192 4977 vertex,
2225 4910 2384 4965 illam
2419 4925 2741 4981 pauperum
2775 4908 3031 4963 altricem
3052 4908 3285 4962 viduam
3313 4904 3626 4959 Tabitbam

1986 5000 2507 5067 mortuam,eadem
2542 4998 2683 5053 hora
2714 4998 2983 5068 precibus
3007 4996 3309 5051 suscitavit
3336 4995 3401 5047 ad
3428 4994 3627 5046 vitam.

1988 5090 2114 5143 Ηίεο
2163 5088 2428 5158 equidem
2480 5086 2770 5141 mirabilia
2815 5090 2951 5140 sunt
2996 5089 3051 5139 et
3081 5084 3247 5153 longe
3279 5081 3627 5137 clarissima.

1984 5178 2055 5231 At
2086 5194 2339 5249 praesens
2372 5175 2722 5229 miraculum
2755 5179 3042 5245 quantum
3074 5190 3140 5227 ea
3166 5170 3507 5241 exsuperat!

2057 5265 2169 5319 XV.
2200 5266 2265 5319 Et
2292 5264 2419 5319 vide
2452 5263 2592 5317 mihi
2624 5268 2797 5333 atque
2830 5261 3128 5316 considera
3160 5258 3427 5313 miraculi
3450 5257 3632 5313 excel-

225 5375 422 5427 ματος.
456 5357 518 5414 Ὀ
569 5356 664 5429 μὲν
710 5355 923 5421 Ἠλίας,
972 5354 1044 5415 ὡς
1090 5354 1431 5431 προέφημεν,
1485 5352 1603 5429 ἄρτι
1654 5354 1865 5409 θανόντα

1988 5353 2249 5409 lentiam.
2302 5353 2453 5407 Elias
2511 5352 2771 5423 quidem,
2829 5354 2893 5405 ut
2944 5355 3076 5404 ante
3121 5348 3404 5413 diximus,
3463 5346 3634 5401 modo

218 5445 313 5498 τὸν
346 5443 513 5499 παῖδα
540 5445 631 5499 καὶ
664 5441 817 5499 οὔπω
846 5444 1246 5516 καταψυχέντα,
1279 5442 1405 5498 ἀλλ’
1438 5442 1600 5497 εἰσέτι
1644 5442 1707 5498 τὸ
1755 5444 1878 5519 θερ-

226 5532 329 5606 μὸν
360 5541 460 5603 τῆς
518 5534 729 5613 φύσεως
781 5531 1133 5604 διασώζοντα,
1168 5530 1533 5603 ἐξανέστησεν.
1566 5533 1629 5588 Ἠ
1681 5530 1737 5587 δὲ
1783 5535 1878 5587 τοῦ

1989 5447 2287 5499 mortuum
2321 5458 2592 5514 puerum,
2625 5441 2843 5512 quique
2876 5440 3136 5494 nondum
3186 5437 3504 5502 refrixerat,
3533 5436 3634 5490 sed

1990 5532 2181 5589 adhuc
2205 5535 2423 5587 naturae
2447 5530 2697 5586 calorem
2719 5529 3124 5596 conservabat,
3160 5525 3484 5584 suscitavit.
3518 5524 3633 5581 Eli-

302 5766 380 5845 (α)
408 5765 561 5825 Psal.
593 5784 764 5836 LXVII,
793 5767 883 5824 36.
961 5765 1035 5840 (ὁ)
1066 5765 1219 5825 Psal.
1255 5784 1434 5841 σχειν,
1468 5767 1549 5823 19.
1630 5767 1700 5841 (c)
1731 5767 1808 5825 III
1840 5767 1865 5824 ἱ

1978 5810 1980 5822 .
2010 5783 2146 5824 xvn.
2223 5763 2299 5837 (ἀ)
2332 5762 2407 5819 IV
2438 5762 2574 5836 Reg.
2612 5778 2735 5819 xm.
