4090 6340
542 381 660 441 643

1638 375 2031 435 APPENDIX
2077 374 2179 434 AD
2225 374 2289 433 S.
2338 373 2847 435 CLEMENTEM.

3822 380 3914 438 6M

543 513 641 569 δεῖ
671 516 865 569 autem
896 512 1081 568 virtus
1111 510 1343 566 duabus
1372 510 1445 565 de
1473 508 1666 564 causis
1689 506 2037 563 miraculum
2061 521 2153 577 per

2267 501 2610 572 _'E)\IO’G¢(OD
2678 502 2902 580 δύναμις
2968 503 3115 561 δυοῖν
3163 503 3336 562 εἵνεκα
3403 506 3590 562 αῑτιῶν
3639 508 3703 562 τὸ
3764 511 3913 580 θαῦμα

541 603 676 658 fecit
700 627 714 669 ;
746 619 865 657 una
894 600 1149 672 quidem,
1174 599 1489 654 ostendens
1519 597 1862 669 prophetam
1888 596 1988 668 qui
2021 595 2184 667 igno-

542 693 820 754 rabatur;
869 689 983 745 alia
1030 704 1187 755 vero,
1233 704 1345 742 non
1397 687 1719 741 concedens
1768 685 1979 740 caedem
2010 682 2183 738 etiam

542 786 675 852 post
705 784 972 835 mortem.
997 782 1204 833 Petrus
1229 783 1422 831 autem
1446 792 1556 829 sua
1574 774 1805 838 virtute,
1840 778 1896 827 et
1916 771 2184 842 precibus

543 886 742 925 eorum
764 868 919 940 quia
944 868 1121 922 vidua
1150 864 1430 920 beneficio
1454 864 1684 918 fuerant
1714 862 1903 917 affecti
1932 860 2183 931 sumptis

540 959 601 1012 in
634 957 936 1027 auxilium,
969 957 1094 1027 ipse
1123 970 1356 1026 quoque
1376 969 1503 1007 eam
1536 952 1707 1006 modo
1724 951 2061 1005 defunctam
2094 964 2183 1003 re-

540 1046 862 1103 suscitavit.
901 1047 973 1100 At
1012 1050 1250 1100 sanctus
1282 1046 1501 1113 martyr
1527 1040 1793 1095 Clemens
1819 1064 1833 1107 ;
1863 1055 1895 1093 ο
1929 1038 2180 1093 miracu-

537 1134 659 1190 lum
689 1134 699 1189 l
734 1152 849 1190 non
884 1138 1178 1187 mortuum
1213 1134 1524 1194 recentem,
1559 1129 1659 1184 sed
1691 1144 1974 1196 annuum,
2009 1125 2095 1180 vel
2117 1128 2182 1180 ut

536 1221 747 1277 melius
798 1222 1010 1287 dicam,
1060 1236 1194 1275 eum
1246 1218 1343 1289 qui
1392 1217 1451 1271 in
1503 1231 1855 1286 unoquoque
1886 1218 2179 1269 momento

534 1311 780 1381 ejusque
811 1309 1159 1365 tenuissima
1190 1311 1351 1379 parte
1381 1305 2010 1375 moriebatur,puerum
2043 1319 2179 1358 con-

529 1399 796 1455 servavit.
830 1400 899 1453 Et
946 1398 1108 1453 scitis
1159 1412 1360 1451 omnes
1410 1394 1509 1466 qui
1544 1394 1624 1449 rei
1657 1391 1981 1464 periculum
2018 1391 2179 1447 fecis-

526 1488 624 1553 tis,
658 1493 877 1560 quanto
911 1492 1169 1558 tempore
1200 1482 1516 1540 verisimile
1546 1488 1667 1538 erat
1688 1498 1936 1555 puerum
1959 1480 2019 1536 in
2052 1497 2178 1553 pro-

525 1578 706 1632 fundo
738 1584 857 1632 tam
887 1581 1047 1631 vasto
1080 1572 1432 1630 conservari.

597 1665 739 1720 XVI.
776 1670 987 1720 Verum
1039 1664 1183 1719 mihi
1244 1661 1553 1734 diligenter
1600 1659 2013 1727 consideranti,
2057 1677 2173 1715 non

528 1771 713 1810 unum
746 1759 1081 1810 mortuum:
1117 1753 1217 1807 sed
1267 1755 1485 1823 quanto
1533 1748 1815 1820 temporis
1846 1748 2032 1821 spatio
2058 1749 2169 1804 sci-

2292 592 2585 648 τετέλεκιψ
2618 594 2693 649 ἐνὶ
2730 596 2843 668 μὲν,
2876 594 3236 670 ἀγνοούμενον
3268 599 3556 674 προφήτην
3601 594 3909 666 δεικνύουσα,

2294 682 2461 758 ὲτὲρῳ
2506 680 2581 753 δὲ,
2619 685 2693 756 μὴ
2745 689 3102 759 συγχωροῦσα
3150 684 3310 760 φόνον
3362 686 3451 739 καὶ
3506 684 3640 759 μετά
3687 687 3905 740 θάνατον.

2292 772 2348 824 Ὀ
2380 770 2436 825 δέ
2464 794 2523 848 γε
2555 773 2758 847 Πέτρος
2786 777 2855 846 τῇ
2891 770 3000 844 ἰδίᾳ
3030 772 3274 846 δυνάμει,
3305 774 3393 828 καὶ
3440 775 3539 842 τὴν
3586 779 3691 829 τῶν
3739 774 3913 850 εὐεργε-

2290 859 2567 934 τουμένων
2612 861 2757 936 παρά
2803 864 2901 931 τῆς
2948 864 3127 937 χήρας
3174 862 3341 938 εὐχὴν
3390 864 3645 938 συνεργὸν
3691 858 3909 936 λαϐόμεο

2290 970 2405 1018 νος,
2456 948 2574 1026 ἄρτι
2623 951 2712 1005 καὶ
2763 950 2921 1014 αὐτὸς
2964 950 3165 1022 ταύτην
3211 953 3470 1007 θανοῦσαν
3528 951 3909 1024 ἐξανεστήσατο.

2289 1040 2346 1092 Ὀ
2396 1036 2453 1094 δέ
2497 1060 2558 1115 γε
2602 1040 2928 1116 ἱερομάρτυς
2980 1039 3235 1114 Κλήμης,
3280 1042 3325 1094 ὦ
3362 1045 3457 1096 τοῦ
3491 1040 3913 1112 θαύματοςίοῦχ

2289 1126 2569 1200 ἀρτιθανῆ,
2617 1126 2743 1183 ἀλλ’
2810 1128 3155 1199 ἐνιαυσιαῖον,
3207 1131 3241 1198 ἢ
3298 1128 3508 1203 μᾶλλον
3574 1130 3740 1185 εἷ’πεῖν
3816 1133 3913 1185 καθ’

2290 1216 2515 1287 ικάστην
2564 1219 2799 1292 στιγμὴν
2852 1218 2940 1271 καὶ
3000 1218 3201 1288 ταύτης
3266 1216 3345 1291 τῷ
3415 1218 3731 1291 λεπτοτάτῳ
3798 1220 3910 1274 ἀπο-

2286 1305 2583 1375 θνήσκοντα
2611 1303 2778 1360 παῖδα
2807 1303 3077 1376 διέσωζεν.
3114 1308 3215 1364 Καὶ
3250 1304 3359 1362 ἷ’στε
3406 1310 3599 1370 πάντες
3650 1309 3701 1362 oi
3750 1330 3913 1364 πεπειο

2287 1395 2509 1469 ραμένοι
2538 1392 2634 1449 τοῦ
2666 1397 3009 1471 πράγματος,
3041 1394 3206 1450 πόσον
3240 1395 3381 1458 εἰκὸς
3416 1397 3478 1465 ἧν
3506 1393 3673 1451 παῖδα
3701 1396 3753 1450 ἐν
3788 1398 3910 1452 οὕτω

2285 1481 2505 1556 ἀπλέτῳ
2541 1485 2687 1560 βυθῷ
2721 1480 3071 1554 διασώζεσθαι
3099 1484 3322 1562 χρόνον.

2356 1668 2497 1719 XVI.
2532 1660 2709 1719 Ἀλλά
2742 1684 2833 1736 μοι
2866 1657 3107 1738 ἀκριϐῶς
3139 1662 3570 1738 σκοποῦντι,οὑχ
3598 1661 3687 1718 ἕνα
3715 1664 3908 1737 νεκρὸν,

2281 1748 2409 1807 ἀλλ’
2435 1750 2565 1823 ὅσην
2619 1750 2762 1827 ὥραν
2815 1748 2967 1825 ἴσμεν
3018 1753 3068 1807 ἐν
3122 1749 3273 1807 ὕδατι
3305 1749 3472 1807 παῖδα
3500 1752 3801 1827 πνίγεσθαι,
3828 1754 3908 1807 τὸν

528 1862 661 1900 mus
692 1860 937 1915 puerum
969 1843 1028 1897 in
1061 1859 1213 1914 aqua
1243 1839 1534 1906 suffocari,
1568 1839 1625 1893 id
1657 1844 1889 1910 tempus
1915 1843 2148 1910 repeten

2280 1836 2478 1916 χρόνον
2554 1838 2988 1910 ἀναποδίζοντες,
3055 1841 3145 1896 καὶ
3208 1840 3405 1903 ταύτας
3473 1841 3908 1915 ἀναμετροῦντες,

521 1938 611 1989 tes
652 1949 835 2004 eaque
880 1929 1185 1988 intervalla
1232 1928 1621 1994 remetientes,
1670 1926 2033 1983 inveniemus
2086 1932 2153 1984 toi

2274 1930 2566 1993 τοσούτους
2598 1930 2819 2006 νεκροὺς
2859 1929 3134 1986 ἀνεστάναι
3183 1930 3274 1985 τὸν
3327 1930 3479 2005 ἅγιον
3527 1929 3904 2008 ἐφευρήσομεν.

522 2028 784 2078 mortuos
834 2039 867 2077 a
916 2025 1115 2077 sancto
1164 2019 1347 2074 fuisse
1389 2017 1721 2073 suscitatus.
1768 2016 2049 2087 Quodque
2078 2018 2168 2071 est

518 2111 949 2182 admirabilius,
1002 2126 1116 2165 non
1169 2109 1240 2163 ab
1289 2123 1575 2179 aquarum
1606 2106 1888 2161 duntaxat
1915 2105 2161 2160 suffoca-

516 2202 694 2271 tione,
723 2201 824 2257 sed
856 2205 914 2256 et
942 2216 976 2254 a
996 2197 1316 2255 bestiarum
1365 2194 1599 2251 laesione
1647 2210 1891 2265 puerum
1935 2196 2163 2249 tutatus

516 2294 628 2345 est.
661 2293 700 2341 0
733 2288 982 2361 gratiam
1010 2287 1022 2342 l
1067 2303 1099 2342 ο
1130 2286 1402 2341 virtutem
1433 2300 1560 2354 qua;
1593 2287 1837 2354 utraque
1866 2280 2160 2348 ostendit;

516 2383 573 2433 et
602 2395 765 2449 aquae
808 2376 1138 2449 compedes,
1189 2379 1246 2430 et
1278 2373 1605 2429 belluarum
1636 2370 2156 2443 propulsationem.

514 2467 603 2521 Ad
654 2466 773 2522 haec
817 2466 917 2537 qui
967 2464 1211 2521 dicitis?
1248 2463 1453 2519 Nonne
1494 2462 1603 2517 hoc
1648 2458 2000 2516 miraculum
2048 2458 2162 2516 alia

515 2555 802 2627 superat?
828 2553 949 2609 Nisi
982 2554 1112 2624 quis
1144 2569 1250 2607 nos
1272 2550 1423 2607 male
1456 2552 1778 2617 accuset,ut
1806 2548 1950 2603 illud
1984 2565 2161 2620 super

511 2642 797 2698 miracula
827 2641 1164 2714 prophetica
1194 2638 1549 2695 extollentes.
1574 2637 1745 2693 Nulla
1774 2654 1899 2692 eam
1930 2639 2002 2693 ob
2034 2654 2155 2692 rem

509 2750 615 2788 nos
649 2732 877 2787 macula
908 2731 1172 2802 attinget.
1226 2730 1452 2784 Etenim
1502 2732 1700 2799 aperte
1731 2727 1892 2782 scitis
1922 2743 2154 2782 sacrum

508 2827 820 2893 martyrem
854 2822 908 2874 in
942 2820 1144 2875 eadem
1176 2818 1357 2887 gloria
1399 2823 1455 2872 et
1485 2817 1543 2870 in
1576 2817 1783 2871 iisdem
1811 2817 2153 2871 tabernacu-

504 2909 577 2964 lis
609 2926 734 2965 esse
765 2926 896 2964 cum
928 2908 1144 2963 sanctis
1180 2903 1868 2978 martyribus,apostolis,
1906 2904 2151 2976 prophe-

505 3001 602 3066 tis,
636 2998 896 3070 ipsisque
926 2997 1169 3069 angelis.

577 3087 748 3143 XVII.
782 3088 916 3153 Sed,
969 3103 1001 3141 o
1052 3090 1372 3158 martyrum
1404 3082 1697 3155 splendor,
1731 3088 1788 3138 et
1818 3086 2152 3140 sanctorum

506 3177 706 3244 decus,
740 3174 1009 3248 primitiae
1055 3174 1530 3240 bierarcharum;
1563 3173 1689 3227 vide
1722 3172 1877 3227 hunc
1908 3176 1964 3227 et
1995 3189 2149 3228 nunc

2275 2018 2380 2072 Καὶ
2426 2020 2488 2074 τὸ
2538 2016 2604 2086 δὴ
2656 2017 3111 2095 θαυμαστότερον,
3155 2017 3237 2073 ὅτι
3292 2018 3352 2072 οὐ
3400 2025 3500 2087 τῆς
3551 2023 3656 2073 τῶν
3710 2017 3901 2073 ὑδάτων

2278 2105 2441 2178 μόνον
2468 2114 2792 2183 πνιγμονῆς,
2827 2104 2974 2162 ἀλλᾶ
3019 2107 3109 2162 καὶ
3156 2114 3253 2177 τῆς
3304 2105 3509 2183 θηρίων
3564 2102 3777 2184 βλάϐης
3824 2108 3903 2162 τὸν

2271 2191 2437 2250 παῖδα
2485 2193 2751 2266 διέσωζεν.
2798 2198 2863 2251 Ὠ
2912 2195 3157 2273 χάριτος,
3210 2193 3254 2250 ὢ
3309 2193 3589 2269 δυνάμεως
3639 2196 3907 2275 ἀμφότερα

2272 2280 2646 2358 δεικνυμὲνης,
2677 2285 2765 2340 καὶ
2812 2289 2891 2357 τῷ
2941 2283 3094 2340 ὕδατι
3142 2282 3369 2356 πέδησις
3420 2288 3486 2357 ⁵⁸⁸,
3519 2286 3608 2340 καὶ
3656 2290 3763 2340 τῶν
3818 2297 3905 2355 θη-

2272 2375 2401 2448 ρίων
2457 2375 2811 2449 ἀμυντήριον.
2866 2375 3008 2449 Πρὸς
3063 2378 3231 2430 ταῦτα
3279 2374 3331 2429 τί
3380 2394 3547 2451 φατε;
3592 2374 3713 2449 Οὐχ
3762 2375 3909 2449 ὑπὲρ·

2268 2483 2438 2518 κειται
2490 2464 2550 2518 τὸ
2599 2468 2779 2537 θαῦμα
2822 2468 2929 2518 τῶν
2966 2461 3192 2532 ἄλλων;
3228 2462 3293 2520 Ei
3328 2464 3402 2536 μή
3437 2484 3522 2525 τις
3553 2465 3704 2535 ἡμᾶς
3735 2468 3904 2524 κακῶς

2268 2550 2701 2625 καταμέμψοιτο,
2744 2551 2818 2612 ὡς
2867 2555 3220 2628 προφητικῶν
3269 2553 3429 2605 τοῦτο
3477 2550 3767 2623 θαυμάτων
3822 2550 3906 2604 ὑπ-

2267 2640 2571 2716 εξαίροντας
2596 2643 2661 2696 ²⁹.
2694 2637 2886 2701 Οὐδεὶς
2919 2641 3079 2713 ἡμῶν
3117 2643 3311 2712 μῶμος
3340 2637 3535 2693 τούτου
3578 2638 3741 2715 χάριν
3784 2650 3905 2702 καθ-

2266 2730 2474 2803 άψεται.
2537 2730 2636 2783 Καὶ
2720 2726 2899 2783 οἴδατε
2965 2728 3068 2804 γὰρ
3130 2732 3311 2805 σαφῶς
3368 2728 3460 2781 τὸν
3522 2729 3901 2802 ἱερομάρτυρα,

2263 2817 2353 2873 καὶ
2408 2818 2596 2885 ὁσίων,
2627 2817 2712 2871 καθ
2762 2816 3071 2891 μαρτύρων,
3120 2816 3209 2871 καὶ
3260 2814 3606 2885 ἀποστόλων,
3637 2817 3728 2871 καὶ
3780 2837 3902 2891 προ-

2264 2911 2471 2984 φητῶν,
2504 2907 2591 2961 καὶ
2624 2904 2870 2981 ἀγγέλων
2902 2905 3094 2973 αὐτῶν,
3128 2902 3391 2978 ὁμόδοξον
3444 2906 3706 2981 ὑπάρχειν
3753 2906 3904 2959 αὑτὸν

2261 3018 2350 3051 και
2384 3017 2575 3061 συσκην
2584 3017 2639 3049 ον
2650 3037 2662 3049 .

2331 3091 2496 3142 XVII.
2529 3083 2703 3155 ’Δλλ’,
2738 3086 2782 3138 ὧ
2816 3083 3101 3160 μαρτύρων
3131 3082 3427 3159 ἀγλάϊσμα,
3443 3083 3604 3138 ὁσίων
3635 3104 3687 3138 τι
3712 3080 3899 3160 ἐγκαλ-

2260 3171 2830 3249 λώπισμα,ἱεραρχῶν
2863 3170 3284 3249 ἀκροθίνιον,ἷ’δε
3312 3178 3473 3227 τοῦτο
3505 3172 3594 3227 καὶ
3624 3174 3691 3227 τὰ
3721 3178 3810 3226 νῦν
3841 3171 3899 3226 τὸ

500 3270 844 3338 praesentem
895 3269 1129 3333 coetum,
1182 3263 1341 3335 pium
1391 3267 1448 3317 et
1490 3261 1581 3316 Dei
1633 3267 1949 3332 amantem,
1983 3262 2082 3333 qui
2114 3278 2148 3316 a

2267 3264 2425 3338 παρὸν
2458 3262 2831 3337 σύνταγμα,τὸ
2862 3257 3070 3323 εὐσεϐὲς
3097 3261 3185 3316 καὶ
3218 3260 3490 3339 φιλόθεον,
3521 3262 3610 3315 καὶ
3640 3268 3760 3326 καθ’
3786 3262 3899 3316 Exi-

498 3354 625 3409 vitae
658 3353 935 3409 ﬂuctibus
968 3352 1226 3424 quotidie
1260 3351 1691 3422 submergitur;
1724 3350 1842 3405 tuis
1875 3351 2145 3421 precibus

497 3442 745 3498 illaesum
795 3441 1018 3497 custodi
1051 3446 1108 3495 et
1136 3457 1300 3496 serva
1330 3439 1682 3495 incolumem
1708 3457 1721 3507 ;
1755 3457 1820 3494 ac
1851 3441 2144 3495 daemones

498 3533 598 3603 qui
629 3531 817 3587 instar
847 3532 1099 3586 ferarum
1132 3530 1483 3584 immanium
1510 3528 2143 3602 insiliunt,anima3que

498 3619 861 3675 nobilitatem
893 3620 1270 3674 dcvoraturos
1302 3635 1363 3673 se
1392 3634 1520 3673 esse
1542 3618 2143 3686 minantur,interces-

497 3709 731 3765 sionum
758 3712 993 3763 tuarum
1018 3707 1216 3778 jaculo
1248 3706 1519 3778 expellas,
1573 3723 1605 3762 o
1644 3706 2033 3762 sanctissime.
2067 3712 2143 3763 At

495 3803 648 3854 certe
679 3803 734 3853 et
763 3814 885 3864 vos,
936 3802 991 3851 et
1039 3795 1381 3851 ﬁdelissima
1418 3795 1807 3867 congregatio,
1840 3795 1954 3849 huc
1985 3799 2139 3868 agite

496 3887 664 3958 mihi,
716 3887 987 3941 obsecro:
1042 3901 1142 3956 per
1190 3885 1343 3939 bona
1373 3884 1605 3954 Deoque
1636 3888 1799 3955 grata
1828 3900 2003 3953 opera
2033 3902 2138 3941 nos

492 3975 703 4047 dignos
734 3975 915 4030 sancti
950 3972 1175 4046 gratiis,
1209 3988 1274 4027 ac
1306 3971 1477 4027 donis
1508 3971 1921 4027 efﬁciamus.El
1948 3974 2135 4045 primo

490 4064 723 4135 quidem
776 4062 1117 4119 charitatem
1170 4078 1306 4133 erga
1352 4061 1533 4115 Deum
1576 4065 1633 4114 et
1662 4061 1811 4115 inter
1841 4079 1946 4116 nos
1977 4062 2135 4133 ipsos

491 4154 779 4208 sinceram
824 4169 890 4206 ac
924 4152 1405 4222 imperturbatum
1439 4165 1762 4216 servemus;
1823 4150 2031 4206 deinde
2061 4153 2133 4207 ab

490 4240 649 4296 omni
709 4239 1040 4310 maledicto,
1091 4238 1250 4294 omni
1300 4237 1623 4305 mendacio,
1664 4239 1822 4293 omni
1856 4240 2131 4311 perjurio,

486 4345 593 4384 nos
625 4343 1031 4399 repurgemus.

560 4415 755 4471 XVIII.
792 4418 934 4470 Ante
983 4415 1101 4469 haec
1148 4430 1281 4469 vero
1315 4418 1371 4469 et
1401 4418 1531 4485 post
1562 4414 1680 4468 bzec
1706 4412 2130 4490 eleemosynam

488 4505 794 4569 faciamus,
814 4520 941 4575 quae
968 4508 1024 4558 et
1056 4502 1243 4575 magis
1274 4504 1385 4557 scit
1417 4504 1593 4557 Deum
1627 4501 1873 4573 placare,
1907 4521 1972 4559 ac
1998 4523 2131 4578 pro-

2255 3372 2384 3421 στην
2416 3352 2517 3406 ὑπὸ
2538 3356 2643 3406 τῶν
2663 3355 2764 3405 τοῦ
2791 3350 2912 3427 βίου
2935 3348 3330 3424 κλυδωνισμῶν
3348 3352 3889 3425 καταποντιζόμενον·

2250 3446 2368 3502 ταῖς
2419 3445 2536 3502 σαῖς
2585 3437 2764 3501 λιταῖς
2812 3434 3050 3502 ἀϐλαϐὲς
3099 3439 3320 3519 φρούρει
3364 3461 3423 3495 τε
3469 3439 3558 3495 καὶ
3606 3442 3889 3516 περίσωζε·

2250 3530 2496 3591 καὶτοὺς
2534 3529 2661 3584 ὡσεὶ
2710 3531 2877 3603 θῆρας
2929 3528 3154 3604 ἀγρίους
3204 3527 3583 3601 ἐπιπηδῶντας
3633 3527 3893 3603 δαίμονας

2250 3618 2338 3673 καὶ
2386 3623 2704 3696 καταφαγεῖν
2754 3618 2816 3672 τὸ
2857 3620 2955 3686 τῆς
2988 3620 3169 3692 ψυχῆς
3202 3618 3411 3693 εὐγενὶς
3448 3618 3889 3691 ὲπαπειλοῦντας,

2248 3711 2325 3778 τῷ
2356 3710 2462 3760 τῶν
2493 3710 2597 3760 σῶν
2639 3700 2936 3780 πρεσϐειῶν
2990 3706 3223 3779 ἀκοντίῳ
3267 3704 3619 3778 ἀποδιώκοις,
3651 3704 3891 3765 πανόσιε.

2247 3793 2401 3852 Ἀλλ’
2432 3792 2523 3850 οὖν
2578 3794 2667 3849 καὶ
2719 3795 2894 3867 ὑμεῖς,
2935 3795 2980 3849 ὦ
3030 3795 3347 3850 πιστότατον
3399 3796 3691 3871 ἄθροισμα,
3747 3796 3894 3854 δεῖ)τᾶ

2252 3907 2345 3958 μοι
2376 3883 2694 3959 παρακαλῶ·
2731 3882 2802 3939 δι’
2833 3886 3040 3960 ἀγαθῶν
3076 3880 3247 3961 ἔργων
3278 3886 3365 3940 καὶ
3393 3886 3660 3964 θεοφιλῶν
3712 3889 3890 3959 ἀξίους

2246 3973 2466 4035 ἑαυτοὺς
2494 3978 2599 4027 τῶν
2630 3977 2727 4028 τυῦ
2759 3974 2915 4048 ἁγίου
2964 3974 3203 4048 χαρίτων
3252 3975 3344 4029 καῖ
3390 3972 3608 4051 δωρεῶν
3649 3975 3889 4053 ἐργασώ-

2249 4074 2402 4135 μεθα.
2436 4062 2533 4116 Καὶ
2581 4067 2770 4139 πρῶτα
2820 4062 2913 4135 μὲν
2959 4064 3058 4131 τήν
3103 4063 3240 4136 πρὸς
3290 4062 3417 4118 Θεὸν
3466 4066 3554 4118 καὶ
3601 4063 3889 4136 ἀλλήλους

2242 4150 2476 4227 ἀγάπην,
2510 4150 2777 4227 εἰλικρινῆ
2826 4151 2915 4205 καὶ
2963 4150 3239 4207 ἀθόλωτον
3288 4152 3671 4231 φυλαξώμεθα’
3711 4154 3893 4210 ἔπειτα

2241 4241 2417 4310 πάσης
2478 4237 2777 4316 λοιδορίας,
2830 4240 2919 4294 καὶ
2976 4242 3174 4303 παντὸς
3251 4240 3503 4316 ψεύδους,
3548 4245 3635 4298 καὶ
3713 4247 3891 4314 πάσης

2242 4327 2540 4404 ἐπιορκίας,
2576 4327 2793 4389 ἑαυτοὺς
2826 4327 3227 4404 ἐκκαθάρωμεν.

2311 4419 2506 4475 XVIII.
2524 4416 2636 4493 Πρὸ
2669 4414 2726 4471 δὲ
2754 4416 2960 4472 τούτων
2994 4418 3082 4471 καὶ
3109 4419 3243 4491 μετὰ
3261 4423 3561 4493 ταῦτα,τήν
3588 4420 3717 4493 ἐλεη
3730 4423 3891 4496 μοσύ-

2239 4528 2335 4577 νην
2376 4507 2853 4581 κατεργασώμεθα,
2886 4507 2921 4575 ἢ
2952 4506 3041 4561 καὶ
3077 4507 3290 4579 μᾶλλον
3320 4507 3432 4564 οἶδε
3458 4511 3548 4565 τὸν
3579 4512 3709 4567 Θεὸν
3740 4515 3892 4589 θερα-

485 4593 693 4665 pitium
748 4592 986 4647 reddere
1042 4590 1297 4661 peccatis
1345 4590 1578 4645 nostris.
1632 4590 1771 4656 Quis
1817 4593 1972 4647 enim
2002 4594 2130 4664 ejus

2267 4596 2441 4663 εεύειν,
2485 4594 2655 4650 ’ίλεών
2716 4616 2772 4650 τε
2818 4600 2995 4650 ποιεῖν
3044 4602 3162 4658 ταῖς
3210 4599 3499 4673 ἁμαρτίαις
3545 4603 3731 4673 ἡμῶν.
3790 4602 3888 4663 Τίς

485 4682 972 4752 oblitus,regnum
998 4679 1097 4735 Dei
1122 4678 1676 4751 possederit?Nemo
1700 4685 1964 4735 nostrum
1990 4699 2131 4753 prae-

482 4774 639 4825 texat
671 4774 1271 4842 paupertatem,nemo
1301 4768 1664 4835 viduitatem,
1684 4784 1789 4823 nec
1811 4767 2127 4827 liberorum

484 4859 888 4915 educationem
909 4874 931 4921 ;
964 4856 1204 4929 frigidas
1235 4857 1340 4912 has
1381 4856 1854 4928 perniciosaeque
1891 4873 2129 4917 excusa-

485 4949 696 5004 tiones.
721 4947 899 5002 Nemo
915 4951 1175 5001 vestrum
1206 4946 1381 5000 vidua
1409 4944 1509 4999 illa
1539 4946 1850 5017 pauperior
1878 4952 2134 5022 est,qua3

486 5035 630 5091 nihil
644 5034 801 5091 aliud
816 5039 1027 5107 praeter
1038 5033 1327 5108 pugillum
1346 5033 1543 5089 farinae
1556 5034 1990 5105 possidebat,ad
2011 5038 2133 5094 haec

482 5124 673 5181 alebat
684 5124 1248 5196 liberos,quzetamen
1265 5138 1433 5179 suam
1448 5121 1852 5178 autﬁliivitam
1866 5140 1980 5181 non
1995 5142 2134 5198 pm-

476 5212 615 5269 tulit
641 5213 1051 5269 misericordia
1097 5214 1193 5286 (a).
1218 5214 1300 5271 Ne
1333 5228 1648 5269 excusemus
1668 5215 2041 5272 excusationes
2070 5218 2132 5273 in

475 5303 713 5374 peccati:
727 5301 800 5374 (ὁ)
810 5303 969 5359 .Deu:
980 5318 1089 5358 non
1104 5301 1366 5358 irridetur
1376 5302 1443 5374 (υ)
1453 5300 1839 5373 .Aspiciamus
1853 5307 2045 5362 mente
2058 5307 2129 5362 ad

544 5426 624 5500 (a)
655 5426 731 5482 III
761 5429 898 5500 Reg.
930 5445 1066 5485 xvii.
1142 5428 1216 5502 (b)
1248 5427 1399 5486 Psal.
1432 5444 1554 5500 cn,
1585 5427 1639 5485 4.
1716 5427 1785 5501 (ε)
1819 5427 1944 5486 Gal.
1975 5448 2052 5501 v1,
2085 5432 2141 5490 7.

2239 4687 2342 4759 γὰρ
2393 4684 2595 4753 ταύτης
2645 4682 3063 4757 ἐπιλαθόμενος,
3117 4684 3392 4760 βασιλείαν
3437 4693 3571 4743 Θεοῦ
3619 4688 3889 4766 κληρονο-

2242 4775 2502 4845 μήσειενς
2545 4770 2749 4844 Μηδεὶς
2809 4775 2966 4846 ἡμῶν
3022 4769 3378 4850 προϐαλέσθω
3432 4778 3639 4846 πενίαν,
3691 4778 3887 4852 μηδεὶς

2241 4862 2491 4937 χηρείαν,
2527 4863 2665 4934 μήτε
2693 4858 3104 4939 παιδοτροφίαν,
3138 4863 3230 4925 τὰς
3264 4865 3476 4941 ψυχρὰς
3504 4867 3699 4929 ταύτας
3752 4888 3887 4944 προ-

2241 4952 2427 5029 φάσεις
2457 4950 2546 5005 καὶ
2579 4949 2881 5023 ὀλεθρίους.
2914 4948 3105 5013 Οὐδεὶς
3140 4953 3291 5025 ὑμῶν
3321 4960 3423 5022 τῆς
3454 4957 3633 5031 χήρας
3674 4955 3889 5028 ἐκείνης

2240 5041 2577 5117 πενέστερος,
2609 5046 2709 5109 τῆς
2746 5036 2914 5113 μηδὲν
2943 5036 3124 5113 ἕτερον
3157 5040 3202 5095 εί
3238 5043 3312 5115 μή
3347 5040 3515 5119 δράκα
3544 5065 3710 5116 κεκτη
3724 5046 3888 5120 μένης

2238 5125 2493 5205 ἀλεύρου,
2543 5129 2633 5183 καὶ
2678 5132 2847 5183 ταῦτα
2891 5126 3382 5209 παιδοτροφούοῃς,
3432 5132 3521 5188 καὶ
3570 5135 3645 5207 μὴ
3699 5156 3890 5212 προτι-

2243 5216 2492 5292 μησάσης
2547 5218 2646 5287 τὴν
2694 5213 2833 5272 ἰδίαν
2877 5218 3046 5289 ζωὴν,
3076 5218 3111 5288 ἦ
3143 5218 3213 5294 τῇ
3256 5222 3301 5257 ³ο
3344 5223 3441 5275 τοῦ
3487 5221 3702 5297 τέκνου,
3755 5224 3887 5301 ὑπὲρ

2236 5306 2328 5364 τὸν
2379 5304 2549 5366 ἔλεον.
2598 5307 2688 5376 Μὴ
2736 5308 3198 5386 προφασιζώμεθα
3243 5308 3539 5389 προφάσεις
3599 5311 3651 5367 ἐν
3706 5314 3886 5393 ἁμαρ-

1834 5577 2071 5636 νΑιιΙιΕ
2114 5582 2525 5644 LEGTIONES.

547 5690 593 5727 ²⁰
624 5689 665 5748 f.
698 5685 945 5763 πάδησιν,
1018 5694 1063 5730 ⁸⁸
1094 5694 1133 5750 f.
1168 5691 1570 5773 ὑπεραίροντας.
1648 5694 1695 5730 ³⁰
1724 5692 1765 5752 1.
1793 5693 1917 5767 τήν.
