4090 6340
945 659 1096 854 S.
1214 658 2200 852 BARNABAS
2335 657 3395 856 APOSTOLUS

1391 1141 2942 1299 PROLEGOMENA

720 1581 1184 1656 VETERUM
1236 1578 1818 1654 TESTIMONIA
1872 1578 1994 1652 DE
2049 1579 2122 1651 S.
2184 1577 2629 1653 BARNABA
2681 1577 2804 1651 ET
2859 1577 3078 1652 EJUS
3133 1577 3596 1653 EPISTOLA

1203 1760 1537 1831 (GALLAND.,
1574 1759 1684 1816 Vet.
1716 1759 1867 1817 Patr.
1904 1756 2167 1826 Bibtoth.,
2201 1759 2246 1826 Ι,
2281 1756 2402 1811 113.
2435 1755 2661 1825 Venet.,
2697 1756 2818 1812 176E

1489 1785 1537 1829 ι.,
1574 1759 1684 1816 Vet.
1716 1759 1867 1817 Patr.
1904 1756 2167 1826 Bibtoth.,
2201 1759 2246 1826 Ι,
2281 1756 2402 1811 113.
2435 1755 2661 1825 Venet.,
2697 1756 2856 1828 1765,
2888 1755 3104 1826 in-fol.)

2121 2069 2164 2125 Ι.

1199 2188 1466 2243 CLI-mens
1495 2189 1666 2241 Anax.
1702 2189 1925 2259 Στρωμ.
1959 2183 2059 2239 lib.
2093 2200 2156 2253 ιι,
2185 2200 2309 2256 cap.
2342 2184 2396 2252 6,
2430 2200 2562 2256 pag.
2591 2185 2715 2250 445,
2747 2184 2814 2240 ed

1495 2189 1666 2241 Anax.
1702 2189 1925 2259 Στρωμ.
1959 2183 2059 2239 lib.
2093 2200 2156 2253 ιι,
2185 2200 2309 2256 cap.
2342 2184 2396 2252 6,
2430 2200 2562 2256 pag.
2591 2185 2715 2250 445,
2747 2183 2884 2240 edit.
2919 2185 3101 2241 Oxon.

524 2333 726 2388 Merito
775 2332 952 2403 igitur
999 2331 1294 2386 Barnabas
1343 2328 1663 2399 apostolus,
1695 2329 1779 2382 Ex
1826 2343 1889 2382 ea
1936 2343 2100 2398 quam

2278 2323 2519 2386 Εἰκότως
2560 2322 2649 2379 οὗν
2703 2326 2729 2379 6
2787 2323 3093 2388 ἀπόστολος
3141 2321 3442 2400 Βαρνάϐας
3478 2329 3599 2406 Ἀφ’
3628 2328 3712 2400 οὗ,
3745 2351 3853 2406 φη-

451 2424 656 2494 accepi,
689 2422 901 2493 inquit,
929 2430 1110 2492 parte,
1141 2426 1274 2486 etc.,
1307 2421 1480 2490 Epist.
1509 2435 1636 2489 cap.
1664 2419 1714 2472 1.

1428 2423 1480 2472 It.
1509 2435 1636 2489 cap.
1664 2419 1714 2472 1.
2208 2413 2311 2481 σὶν,
2345 2409 2540 2468 ἔλαϐον
2573 2415 2791 2489 μέρους,
2821 2435 2873 2471 κ.
2903 2436 2955 2471 τ.
2990 2413 3043 2470 λ.

1693 2623 1858 2686 lum,
1888 2620 2045 2686 ibid.,
2078 2637 2204 2692 cap.
2235 2621 2292 2688 7,
2316 2636 2449 2691 pag.
2482 2621 2606 2674 447.

514 2769 582 2823 Et
614 2769 907 2823 Barnabas
937 2765 1233 2838 apostolus
1259 2782 1270 2820 :
1312 2767 1399 2821 Vae
1428 2767 1525 2835 qui
1562 2767 1687 2819 sunt
1719 2765 2088 2832 intelligente:

2269 2761 2369 2817 Καὶ
2411 2756 2690 2836 Βαρνάϐας
2741 2762 2768 2814 6
2819 2761 3147 2824 ἀπόστολος·
3179 2761 3314 2820 Οὐαὶ
3365 2764 3417 2818 οἱ
3465 2765 3672 2819 συνετοὶ
3717 2768 3849 2841 παρ’

443 2857 589 2929 apud
619 2874 671 2912 se
701 2860 861 2927 ipsos.
896 2858 1032 2927 Cap.
1067 2856 1118 2910 4.

818 2874 861 2911 .ς.
896 2858 1032 2927 Cap.
1067 2856 1118 2910 4.
2199 2851 2430 2912 ἑαυτοῖς.

1662 3049 1826 3112 IDEM,
1859 3046 2020 3114 ibid.,
2055 3063 2178 3117 cap.
2216 3047 2301 3111 15,
2335 3062 2463 3118 pag.
2497 3046 2620 3100 464.

504 3196 614 3249 Sed
648 3200 705 3250 et
756 3193 951 3258 David,
997 3198 1052 3248 et
1100 3198 1233 3248 ante
1281 3193 1460 3247 David
1511 3192 1757 3263 Moyses,
1811 3207 1911 3261 per
1963 3189 2084 3244 haec

2267 3184 2440 3243 Ἀλλὰ
2488 3185 2575 3240 καὶ
2622 3181 2809 3255 Δαϐἰδ,
2842 3187 2929 3240 καὶ
2975 3187 3080 3262 πρὸ
3129 3182 3302 3243 Λαϐἰδ
3345 3189 3371 3243 6
3423 3190 3688 3262 Μωυσῆς,
3733 3196 3845 3248 τῶν

429 3283 610 3338 trium
647 3285 986 3355 dogmatum
1019 3280 1770 3352 ostenduntcognitionem.
1798 3279 1925 3334 Haec
1958 3295 2035 3349 qu

2225 3280 2354 3348 ριῶν
2388 3273 2680 3351 δογμάτων
2709 3277 2806 3344 τὴν
2843 3281 3038 3352 γνῶσιν
3074 3276 3422 3354 ἐμφαίνουσιν
3474 3275 3562 3333 διὰ
3604 3279 3839 3339 τούτων.

430 3372 563 3428 dem
598 3373 914 3429 Barnabas.
950 3375 1084 3443 Cap.
1119 3371 1205 3427 10.

2189 3369 2362 3420 Ταῦτα
2397 3365 2489 3437 μὲν
2526 3366 2553 3419 6
2585 3359 2879 3441 Βαρνάϐας.

1650 3565 1811 3632 IDEM,
1843 3564 2002 3633 ibid.,
2035 3580 2162 3635 cap.
2199 3564 2286 3632 18,
2318 3579 2452 3636 pag.
2485 3563 2609 3620 472.

500 3709 739 3781 Mystice
798 3710 1050 3780 profecto
1101 3707 1428 3762 Barnabas:
1484 3707 1620 3761 Deus
1670 3708 1764 3776 qui
1817 3709 2074 3762 universo

2257 3701 2475 3776 Ἀμέλει
2539 3707 2812 3774 μυστικῶς
2866 3703 2893 3757 6
2955 3699 3245 3780 Βαρνάϐας·
3301 3704 3357 3757 '0
3408 3701 3464 3758 δὶ
3511 3706 3640 3768 Θεὸς
3680 3707 3707 3763 6
3737 3713 3835 3763 τοῦ

424 3799 631 3854 mundo
651 3798 987 3864 dominatur,
1021 3797 1230 3868 inquit,
1263 3795 1370 3862 det,
1405 3801 1513 3850 etc.
1543 3796 1682 3866 Cap.
1717 3794 1822 3849 ult.

2182 3793 2379 3853 παντὸς
2412 3793 2620 3864 κόσμου
2650 3790 2936 3865 κυριεύων,
2969 3793 3122 3870 φησὶ,
3155 3790 3294 3865 δῴη,
3327 3814 3381 3851 κ.
3411 3813 3461 3848 τ.
3497 3792 3551 3851 λ.

1645 3973 1810 4042 IDEM,
1847 3971 2002 4037 ibid.,
2039 3988 2164 4044 cap.
2196 3973 2287 4038 20,
2321 3987 2453 4043 pag.
2489 3972 2609 4026 489.

489 4089 613 4144 Non
646 4091 790 4145 mihi
837 4089 1102 4162 pluribus
1132 4089 1320 4144 verbis
1369 4105 1514 4159 opus
1545 4092 1651 4158 est,
1686 4087 1732 4142 si
1776 4088 2067 4142 adduxero

2252 4085 2323 4138 Οὕ
2377 4106 2467 4158 μοι
2515 4083 2596 4140 δεῖ
2642 4084 2910 4141 πλειόνων
2958 4085 3161 4162 λόγων,
3216 4092 3571 4166 παραθεμένῳ
3631 4091 3834 4169 μάρτυν

419 4182 626 4232 testem
671 4179 993 4234 Barnabam
1046 4178 1429 4250 apostolicum
1482 4178 1626 4247 (erat
1673 4181 1866 4231 autem
1918 4178 1967 4231 is
1998 4194 2027 4231 e

2216 4175 2268 4228 ὸν
2301 4173 2660 4228 ἀποστολικὸν
2694 4171 2992 4250 Βαρνάϐαν·
3030 4177 3057 4230 6
3091 4175 3146 4232 δὲ
3176 4183 3284 4233 τῶν
3315 4175 3692 4253 ἐϐδομήκοντα
3738 4183 3831 4252 ἦν,

421 4264 555 4318 LXX
585 4271 641 4320 et
671 4267 834 4321 Pauli
878 4268 1130 4337 adjutor)
1163 4267 1254 4321 his
1285 4266 1475 4322 verbis
1521 4267 1849 4321 dicentem:
1902 4267 2035 4320 Ante

2216 4264 2267 4316 αἱ
2312 4263 2566 4338 συνεργὸς
2617 4268 2712 4317 τοῦ
2773 4263 3009 4319 Παύλου·
3044 4268 3180 4320 κατὰ
3239 4266 3378 4338 λέξιν
3429 4268 3535 4324 ὧδέ
3573 4292 3689 4333 πως
3737 4270 3831 4327 λέ-

417 4370 582 4424 quam
612 4356 712 4410 Deo
748 4355 1049 4422 credamus,
1084 4361 1191 4410 etc.
1226 4356 1363 4427 Cap.
1400 4355 1484 4409 16.

2178 4373 2355 4427 γοντα*
2391 4352 2503 4427 Πρὸ
2536 4357 2632 4406 τοῦ
2664 4354 2813 4425 ἡμᾶς
2845 4358 3224 4427 πιστεῦσαιτῷ
3253 4361 3389 4429 Θεῷ,
3423 4380 3473 4415 κ.
3503 4379 3554 4415 τ.
3589 4356 3645 4416 λ.

1537 4505 1700 4570 lusu,
1734 4505 1890 4573 ibid,
1927 4504 2027 4560 lib.
2062 4522 2115 4570 v,
2150 4522 2274 4576 cap.
2309 4507 2361 4575 8,
2398 4522 2530 4577 pag.
2563 4507 2690 4560 677.

488 4621 566 4676 Ex
599 4622 838 4677 adverso
872 4625 1064 4677 autem
1090 4620 1374 4693 permittit
1397 4620 1548 4675 vesci
1573 4619 1662 4689 iis,
1698 4637 1821 4690 quae
1846 4620 2063 4675 habent

2241 4617 2518 4691 Ἐμπαλιν
2553 4616 2609 4672 δὲ
2642 4619 2916 4694 ἐπιτρέπει
2962 4618 3232 4698 διχηλοῦν
3279 4623 3367 4679 καὶ
3420 4628 3817 4702 μηρυκώμενον

414 4709 613 4765 ﬁssam
639 4710 919 4782 ungulam
957 4717 1011 4766 et
1043 4728 1171 4782 qua:
1204 4711 1535 4776 ruminant;
1572 4709 1932 4779 significans,
1968 4708 2026 4762 in

2204 4707 2378 4762 σΟίειν·
2428 4708 2672 4779 μηνύων,
2725 4709 2888 4786 φησὶν
2930 4711 2957 4763 6
3009 4708 3312 4786 Βαρνάϐας,
3357 4712 3658 4770 κολλάσθαι
3711 4714 3819 4771 δεῖν

411 4799 540 4869 quit
571 4799 882 4866 Barnabas,
922 4806 1164 4870 oportere
1195 4800 1478 4856 adhaerere
1515 4799 1584 4852 iis
1617 4797 1710 4868 qui
1739 4799 1928 4852 timent
1956 4799 2026 4853 Do

1846 4805 1928 4852 ent
1956 4799 2061 4853 Do-
2174 4797 2306 4870 μετὰ
2334 4801 2440 4851 τῶν
2475 4791 2830 4874 φοϐουμένων
2855 4799 2945 4853 τὸν
2981 4799 3202 4876 Κύριον,
3235 4823 3287 4860 κ.
3320 4823 3371 4859 τ.
3406 4802 3461 4859 λ.

412 4891 648 4954 minum,
673 4894 780 4944 etc.
816 4889 951 4962 Cap.
993 4891 1073 4943 l0.

1628 5037 1789 5103 lum,
1825 5037 1983 5105 ibid.,
2017 5055 2141 5110 cap.
2178 5041 2264 5108 10,
2293 5055 2424 5111 pag.
2457 5040 2584 5094 683.

479 5157 626 5220 Quin
659 5158 833 5212 etiam
869 5158 1185 5221 Barnabas,
1215 5155 1314 5227 qui
1348 5158 1402 5210 et
1424 5153 1546 5226 ipse
1569 5153 1905 5224 praedicavit
1933 5173 2057 5210 ver-

2241 5152 2415 5211 Ἀλλᾶ
2459 5154 2549 5208 καὶ
2598 5148 2960 5228 Βαρνάϐας,ὁ
3010 5156 3099 5211 καὶ
3147 5157 3306 5221 αὐτὸς
3356 5160 3693 5236 συγκηρύξας
3738 5166 3816 5235 τῷ

407 5245 546 5299 bum
579 5263 693 5302 una
712 5262 843 5302 cum
867 5250 1139 5318 Apostolo
1166 5245 1222 5298 in
1249 5241 1570 5298 ministerio
1594 5242 1854 5312 gentium
1879 5259 1891 5298 :
1912 5243 2022 5298 Sim

2199 5239 2516 5316 ἔποστόλῳ,
2545 5244 2681 5297 κατὰ
2709 5245 2809 5313 τήν
2845 5242 3116 5301 διακονίαν
3145 5253 3251 5302 τῶν
3282 5248 3443 5303 ἐθνῶν
3492 5251 3585 5305 τὸν
3627 5250 3814 5327 λόγον,

407 5334 631 5403 ρὶίσηιδ,
679 5335 887 5405 inquit,
923 5339 1069 5391 vobis
1115 5335 1313 5400 scribo,
1365 5337 1424 5386 ut
1455 5332 1804 5401 intelligatis.
1844 5332 2019 5386 Deind

2198 5333 2588 5408 Δπλουστερον,
2665 5334 2848 5409 φησὶν,
2927 5335 3053 5408 ὑμῖν
3147 5337 3357 5414 γράφω,
3416 5339 3504 5394 ἵνα
3579 5341 3813 5411 συνίητε.

409 5422 580 5494 paulo
614 5424 878 5490 inferius,
919 5428 1045 5495 jam
1081 5423 1360 5478 exhibens
1393 5420 1764 5474 manifestius
1799 5420 2024 5476 traditio

2201 5421 2275 5475 16'
2326 5417 2553 5494 ὑποϐὰς,
2588 5419 2695 5491 ἤδη
2749 5422 3067 5501 σαφέστερον
3110 5435 3412 5503 γνωστικῆς
3461 5427 3816 5503 παραδόσεως

408 5511 499 5565 nis
530 5511 801 5580 gnosticaa
851 5513 1182 5583 vestigium,
1229 5510 1405 5565 dicit:
1441 5509 1582 5577 Quid
1627 5510 1704 5562 eis
1742 5508 1876 5563 dicit
1904 5511 2023 5563 atiu

2196 5529 2314 5583 χνος
2361 5507 2813 5584 παρατιθέμενος,
2855 5508 3019 5587 λέγει’
3066 5513 3125 5568 Τί
3178 5513 3326 5590 λέγει
3377 5518 3404 5570 6
3455 5514 3625 5580 ἄλλος
3677 5539 3811 5594 προ-

406 5598 673 5674 propheta
718 5600 961 5669 Moyses?
1015 5601 1145 5654 Ecce
1198 5601 1309 5654 haec
1364 5598 1496 5651 dicit
1554 5597 1815 5651 Dominus
1872 5599 2011 5653 Deus

2191 5599 2341 5667 ιήτης
2400 5598 2634 5665 Μωυσῆς
2694 5596 2912 5668 αὐτοῖς;
2949 5599 3090 5656 Ἰδοὺ
3149 5602 3277 5659 τάδε
3327 5604 3469 5681 λέγει
3528 5607 3730 5679 Κύριος
3780 5608 3806 5661 ὁ

402 5689 610 5746 Intrate
637 5687 694 5742 in
725 5696 928 5744 terram
961 5689 1177 5754 bonam,
1212 5693 1319 5742 etc.
1355 5686 1493 5757 Cap.
1529 5686 1584 5738 6.

2186 5685 2308 5749 Ιεόςσ
2372 5683 2651 5748 Εἱσέλθετι
2708 5685 2785 5748 εἷς
2841 5689 2940 5757 τὴν
2999 5697 3102 5766 γῆν
3161 5695 3262 5764 τὴν
3315 5694 3541 5772 ἀγαθήν,
3573 5716 3626 5754 κ.
3658 5716 3710 5753 τ.
3748 5695 3801 5758 λ.
