4090 6340
184 359 290 420 649

967 360 1032 420 S.
1078 358 1488 422 BABNABAS
1533 359 2015 422 APDSTOLUS.
2049 393 2125 402 —
2153 361 2759 423 PROLEGOMBNA.

1841 537 1907 592 II.

3442 364 3563 424 650

631 643 931 699 Dammae.
965 644 1068 700 lib.
1107 661 1142 711 ι,
1173 649 1376 700 contra
1405 644 1658 713 Celsum,
1689 660 1844 699 num.
1874 645 1965 712 63,
1999 652 2130 699 tom.
2167 649 2209 700 Ι.
2237 663 2365 717 pag.
2397 647 2524 714 378,
2555 647 2683 702 edit.
2719 649 2897 702 Paris.
2932 648 3088 702 1733.

243 783 542 858 Γέγραπται
591 780 657 852 δὴ
691 783 742 837 ἐν
786 789 854 858 τῇ
905 781 1150 860 Βαρνάϐα
1197 784 1460 858 καθολικῇ
1515 783 1808 857 Ἐπιστολῇ

315 871 396 926 ὅτι
456 871 727 943 ἐξελέξατο
769 873 895 936 τοὺς
949 871 1119 936 ἰδίους
1174 875 1511 935 ἀποστόλους
1562 875 1809 945 Ἰησοῦς,

181 956 326 1023 ὄντας
360 963 490 1038 ὑπὲρ
535 969 704 1017 πᾶσαν
754 963 976 1037 ἀνομίαν
1025 964 1423 1039 ἀνομωτὲρους·
1467 966 1810 1035 Philocaliaa,

182 1069 296 1122 cap.
330 1053 421 1107 i7.

1990 787 2284 859 Scriptum
2335 806 2504 859 porro
2551 795 2638 845 est
2691 791 2749 844 in
2783 791 3057 846 Barnabas
3097 789 3385 846 catholica
3413 790 3545 861 Epi-

1921 875 2176 932 stola
2211 879 2507 948 Apostolos
2539 897 2573 933 a
2621 880 2762 934 Jesu
2813 880 2994 935 fuisse
3040 879 3274 950 electos,
3307 879 3406 951 qui
3439 879 3552 934 im-

1922 966 2083 1037 probi
2115 972 2280 1022 erant
2311 973 2373 1022 ut
2398 967 2544 1022 nulli
2577 968 2784 1041 magis.
2819 968 2954 1040 Cap.
2987 970 3041 1023 5.

909 1181 1073 1248 IDEM,
1107 1176 1236 1254 Περί
1267 1178 1476 1254 ἀρχῶν,
1519 1180 1614 1246 lib,
1660 1196 1741 1244 ιιι,
1771 1195 1810 1233 οι

1950 1187 1976 1245 ε,
2008 1196 2160 1234 num.
2193 1180 2244 1247 4,
2277 1184 2404 1235 tom.
2443 1181 2483 1250 Ι,
2513 1199 2642 1252 pag.
2679 1182 2806 1236 140.

239 1313 451 1368 Eadem
483 1329 716 1385 quoque
747 1314 1043 1369 Barnabas
1075 1313 1132 1367 in
1163 1312 1424 1384 Epistola
1455 1329 1563 1367 sua
1587 1312 1860 1379 declarat,
1895 1328 2028 1366 cum
2059 1313 2206 1367 duas
2239 1312 2359 1367 vias
2389 1329 2516 1368 esse
2547 1313 2704 1379 dicit,
2732 1330 2908 1368 unam
2930 1314 3097 1382 lucis,
3123 1314 3363 1371 alteram
3388 1320 3552 1372 tene-

176 1401 429 1468 brarum,
461 1402 676 1474 quibus
707 1407 764 1456 et
794 1418 1040 1473 praesse
1071 1405 1258 1457 certos
1287 1416 1554 1472 quosque
1586 1400 1822 1473 angelos
1853 1401 2025 1457 dicit:
2059 1402 2163 1456 viae
2207 1401 2443 1472 quidem
2491 1402 2659 1469 lucis,
2711 1402 2946 1474 angelos
2993 1403 3087 1458 Dei
3115 1428 3129 1470 ;
3178 1405 3552 1460 tenebrarum

174 1495 362 1546 autem
389 1489 516 1558 via,
546 1489 785 1562 angelos
813 1496 1056 1545 Satanae.
1084 1496 1224 1562 Cap.
1265 1489 1351 1544 48.

802 1635 938 1705 Lege
963 1635 1038 1689 sis
1068 1633 1304 1706 ejusdem
1335 1634 1584 1704 Origem's
1625 1634 1724 1688 lib.
1760 1651 1777 1687 1
1817 1631 2118 1705 Explanat.
2150 1632 2209 1687 in
2240 1633 2422 1705 Epist.
2459 1634 2530 1688 ad
2564 1634 2725 1689 Rom.
2759 1651 2796 1703 ι,
2829 1636 2920 1689 2-4.

409 2035 621 2092 Ruﬁno
657 2037 976 2107 interprete.

233 2142 370 2198 Post
389 2141 510 2198 hac
517 2143 644 2213 jam
669 2141 955 2214 scriptura
971 2145 1077 2212 est,
1098 2159 1223 2212 quas

166 2230 376 2286 dicitur
404 2235 582 2286 Actus
615 2230 730 2302 poli
759 2249 773 2298 ;
823 2232 920 2286 sed
971 2234 1026 2286 et
1054 2229 1224 2286 libel-

164 2319 250 2374 lus
273 2319 376 2391 qui
397 2319 725 2392 appellatur
742 2319 998 2374 Pastoris
1018 2363 1030 2388 ,
1051 2325 1107 2375 et
1124 2320 1226 2375 Re—

161 2409 365 2465 velatio
423 2409 594 2478 Petri,
663 2410 733 2464 de
780 2409 995 2480 quibus
1051 2425 1222 2479 quam

162 2499 415 2554 maxime
445 2499 764 2553 dubitatur.
818 2496 1023 2552 Fertur
1051 2498 1224 2553 etiam

163 2587 439 2644 Barnabas
467 2587 732 2659 epistola.

408 2856 619 2911 Ruﬁno
656 2857 972 2924 interprete.

228 2961 289 3015 In
351 2959 522 3014 libris
593 2960 1103 3028 lnformationum,
1163 2966 1224 3015 ut

158 3047 408 3104 breviter
436 3048 648 3119 dicam,
689 3051 1018 3106 universam
1071 3049 1221 3121 pari-

157 3139 240 3191 ter
268 3138 636 3208 Scripturam
667 3138 924 3193 divinam
955 3154 1224 3208 compen-

156 3226 336 3282 diosis
350 3226 859 3283 dissertationibus
872 3228 1218 3300 explanavit:

155 3314 208 3368 in
240 3315 464 3388 quibus
490 3331 561 3370 ne
589 3332 657 3371 ea
679 3317 913 3387 quidem
937 3334 1063 3388 quae
1087 3333 1219 3388 apo-

151 3406 373 3475 crypba
428 3421 462 3458 a
526 3403 876 3475 quibusdam
927 3405 1220 3460 habentur

151 3491 466 3560 praeteriit;
501 3495 567 3547 ut
594 3497 684 3547 est
721 3493 872 3548 Petri
901 3493 1213 3549 Revelatio.

1814 1803 1911 1857 III.

1250 1919 1559 1989 EUSEBIUS,
1595 1917 1739 1974 Hist.
1770 1918 1933 1988 eccl.,
1967 1919 2062 1973 lib.
2096 1935 2179 1988 ιιι,
2209 1934 2334 1989 cap.
2368 1919 2458 1972 25.

1409 2142 1490 2194 Ἑν
1522 2145 1636 2201 τοῖς
1668 2140 1845 2201 νόθοις
1884 2141 2266 2216 κατατετάχθω
2313 2140 2402 2193 καὶ

1334 2234 1439 2282 τῶν
1498 2228 1717 2283 Παύλου
1769 2230 2015 2303 Πράξεων
2047 2231 2080 2297 ἡ
2114 2229 2336 2305 γραφὴ;
2373 2227 2403 2281 ὅ

1332 2340 1390 2372 τε
1423 2318 1711 2393 λεγόμενος
1773 2319 2008 2389 Ποιμήν,
2049 2319 2136 2371 καὶ
2168 2321 2202 2386 ἡ
2234 2319 2400 2374 Ἀπο-

1333 2405 1568 2481 κάλυψις
1600 2405 1826 2482 Πέτρου,
1856 2407 1962 2484 καὶ-.
1997 2408 2133 2482 πρὸς
2187 2407 2402 2468 τούτοις

1333 2499 1367 2565 ἡ
1426 2495 1697 2574 φερομένη
1781 2482 2024 2571 Βαρνάϐα
2109 2494 2397 2566 ἐπιστολή,

1335 2588 1483 2659 Lege
1512 2586 1896 2658 Nicephorum,
1930 2585 2032 2641 lib.
2059 2603 2120 2653 ιι,
2149 2603 2274 2658 cap.
2308 2589 2399 2642 46.

1429 2729 1595 2798 IDBM,
1629 2729 1785 2797 ibid.,
1820 2729 1919 2784 lib.
1949 2745 2025 2796 v1,
2055 2745 2174 2801 cap.
2209 2731 2294 2784 14.

1401 2852 1488 2906 Ἐν
1537 2849 1595 2906 δὲ
1635 2857 1753 2914 ταῖς
1794 2853 2215 2922 Ὑποτυπώσεσι,
2250 2853 2396 2921 ξυνε-

1333 2940 1497 2995 λόντα
1527 2941 1912 3011 εἰπεῖν,πάσης
1941 2943 2040 3009 τῆς
2073 2938 2396 3011 ἐνδιαθήκου

1334 3036 1548 3107 Γραφῆς
1608 3030 1866 3102 ἐπιτετμη
1878 3029 2041 3102 μένας
2105 3030 2393 3100 πεποίηται

1333 3116 1633 3193 διηγήσεις
1672 3120 1745 3191 μή
1783 3115 1837 3172 δὲ
1866 3119 1960 3179 τὰς
2003 3117 2396 3194 ἀναλεγομένας

1329 3207 1634 3283 παρελθών·
1676 3209 1774 3275 τὴν
1833 3205 2030 3278 Ἰούδα,
2082 3205 2246 3282 λέγω,
2305 3209 2393 3262 καὶ

1327 3297 1423 3358 τὰς
1481 3296 1675 3358 λοιπὰς
1732 3296 2023 3359 καθολικάς
2080 3296 2390 3359 ἐπιστολάς·

2739 2036 2946 2091 Valesio
2975 2035 3311 2108 interprete.

2567 2142 2674 2197 Pro
2705 2159 2772 2197 su
2781 2142 2922 2213 priis
2942 2141 3193 2198 habendi
3221 2146 3358 2198 sunt
3378 2142 3556 2199 etiam

2495 2233 2672 2286 Actus
2704 2230 2889 2296 Pauli,
2922 2236 2977 2286 et
3004 2231 3152 2286 liber
3199 2231 3453 2288 Pastoris
3482 2233 3557 2288 ti-

2497 2319 2618 2375 tulo
2639 2320 2974 2391 inscriptus,
2995 2325 3052 2376 et
3064 2319 3356 2377 Revelatio
3371 2321 3555 2391 Petri;

2500 2411 2769 2466 Barnaba.’
2801 2409 2937 2465 item
2971 2409 3237 2481 epistola.

2561 2854 2720 2910 Idem
2751 2854 3062 2926 (Clemens)
3091 2856 3151 2909 in
3194 2853 3361 2910 libris
3390 2854 3557 2906 Ὑπο-

2487 2943 2802 3013 τυπώσεων,
2835 2945 3122 3010 omnium,
3146 2948 3210 2998 ut
3241 2961 3356 2998 uno
3378 2944 3551 2998 verbo

2489 3033 2701 3103 dicam,
2717 3032 3386 3104 utriusqueTestamenti
3404 3031 3555 3087 Scri-

2489 3127 2790 3192 pturarum
2810 3121 3284 3192 compendiosam
3298 3119 3555 3174 instituit

2487 3208 2948 3275 enarrationem;
3001 3226 3071 3264 ne
3138 3207 3256 3263 illis
3309 3207 3547 3278 quidem

2487 3298 2889 3366 praetermissis
2918 3297 3258 3368 Scripturis,
3302 3297 3373 3351 de
3418 3295 3550 3367 qui-

1325 3387 1424 3454 τήν
1479 3407 1538 3439 τε
1595 3380 1810 3460 Βαρνάϐα

1950 3385 1983 3439 ιὶ
2039 3387 2139 3455 τήν
2181 3386 2390 3460 Πέτρου
2480 3387 2594 3441 bus
2613 3386 2761 3441 inter
2778 3385 2992 3440 multos
3010 3384 3546 3457 ambigitur;Judm

1328 3473 1631 3548 λεγομένην
1684 3475 2046 3548 ἀποκάλυψιν.
2098 3477 2245 3548 Lege
2293 3477 2388 3531 Νί-

1324 3566 1635 3634 cephorum,
1669 3564 1767 3619 lib.
1802 3582 1877 3635 1v,
1909 3581 2036 3637 cap.
2067 3564 2156 3619 33.

2481 3474 2786 3544 epistolam
2838 3479 2896 3529 et
2958 3474 3246 3540 Barnabw,
3296 3490 3362 3530 ac
3413 3473 3547 3529 reli-

2479 3580 2622 3635 quas
2637 3562 2949 3619 catholicas
2961 3562 3238 3636 epistolas
3255 3563 3540 3635 intelligo,

2476 3661 2533 3708 et
2545 3652 2974 3709 Revelationem
2997 3669 3123 3725 quae
3138 3653 3353 3709 dicitur
3363 3651 3538 3708 Petri.

255 3821 448 3876 Alium
486 3821 659 3876 locum
686 3821 921 3877 Eusseu
952 3838 1020 3878 ex
1049 3820 1194 3878 Hist.
1229 3821 1402 3891 Eccl.,
1449 3822 1548 3877 lib.
1581 3839 1656 3887 v1,
1688 3839 1808 3893 cap.
1848 3824 1929 3893 13,
1961 3824 2216 3893 superius
2244 3823 2546 3878 retulimus
2584 3824 2728 3878 inter
2754 3828 2993 3880 veterum
3021 3822 3341 3878 testimonia
3371 3821 3438 3875 de

1541 3895 1800 3964 Epistolis
1829 3896 2170 3949 CLEMENTIS.

1811 4090 1907 4146 IV.

669 4205 1072 4276 HIERONYMUS,
1106 4207 1199 4262 lib.
1238 4211 1311 4263 De
1342 4206 1482 4262 viris
1511 4205 1862 4276 illustribus,
1895 4223 2016 4278 cap.
2048 4206 2103 4274 6,
2129 4221 2258 4262 cum
2287 4213 2464 4261 vetere
2493 4207 2676 4263 Graeco
2707 4206 3040 4279 interprete.

230 4381 514 4465 βαρνάϐας
562 4386 817 4462 Κύπριος,
879 4384 906 4437 ὁ
963 4383 1052 4437 καὶ
1113 4383 1307 4459 Ἰωσήρ
1367 4382 1618 4454 Λευίτης,
1681 4385 1814 4456 μετὰ

158 4475 389 4531 Παύλου
420 4478 527 4529 τῶν
558 4473 720 4538 ἐθνῶν
753 4469 1057 4532 ἀπόστολος
1086 4471 1452 4541 κατασταθεὶς,
1508 4471 1628 4544 μίαν
1675 4471 1812 4544 πρὸς

158 4563 472 4637 οἰκοδομὴν
517 4570 618 4631 τῆς
663 4559 986 4631 Ἐκκλησίας
1031 4559 1322 4629 ἐπιστολὴν
1357 4559 1650 4628 συνέταξεν,
1692 4559 1811 4626 ἥτις

161 4655 234 4716 εἰς
266 4655 370 4716 τὰς
410 4652 757 4728 ἀποκρύφους
789 4652 998 4727 γραφὰς
1031 4649 1467 4724 ἀναγινώσκεται.

1993 4387 2284 4441 Barnabas
2322 4387 2586 4458 Cyprius,
2619 4385 2718 4456 qui
2766 4388 2822 4440 et
2881 4383 3093 4456 .Ioseph
3144 4384 3389 4455 Levites,
3421 4399 3555 4440 cum

1924 4473 2102 4528 Paulo
2133 4476 2393 4547 gentium
2417 4474 2715 4546 apostolus
2737 4473 3059 4543 ordinatus,
3086 4490 3262 4528 unam
3290 4473 3359 4527 ad
3386 4472 3563 4526 aediﬁ-

1926 4562 2212 4618 cationem
2245 4563 2509 4619 Ecclesia:
2560 4562 2944 4634 pertinentem
2975 4561 3289 4632 Epistolam
3322 4578 3562 4633 compo-

1927 4651 2064 4717 suit,
2098 4668 2227 4722 qua:
2258 4653 2408 4706 inter
2439 4651 2797 4723 apocrypbas
2829 4651 3150 4720 scripturas
3181 4649 3411 4721 legitur.

232 4805 378 4870 Lege
403 4797 641 4870 Adonem
676 4799 1049 4862 Viennensem,
1083 4797 1143 4849 in
1175 4795 1314 4849 libro
1345 4794 1424 4849 De
1455 4792 1894 4860 festivitatibus,
1924 4793 1993 4847 ad
2029 4810 2091 4847 ιιι
2138 4794 2262 4848 Idus
2309 4795 2463 4855 Jun.;
2513 4793 2821 4858 Notlterum,
2878 4792 3222 4866 Freculfum,
3260 4795 3563 4850 Honorium

160 4869 477 4946 Augustod.

1123 5033 1281 5104 Iona,
1314 5030 1410 5085 lib.
1443 5043 1548 5082 xm
1577 5025 1901 5082 Comment.
1935 5025 1992 5081 in
2027 5027 2307 5084 Ezechiel.
2342 5046 2504 5095 XLIII,
2547 5031 2626 5085 19.

232 5182 514 5240 Vitulum
546 5186 740 5237 autem
776 5177 873 5250 qui
907 5192 1010 5250 pro
1040 5173 1210 5229 nobis
1239 5172 1578 5250 immolatus
1608 5177 1715 5240 est,
1748 5176 1806 5250 et
1841 5171 2026 5250 multna
2058 5171 2493 5250 Scripturarum
2516 5172 2663 5239 loca,
2717 5178 2773 5228 et
2820 5173 3108 5245 praecipue
3139 5173 3412 5228 Barnabae
3445 5174 3575 5246 Epi-

162 5257 324 5313 stola
358 5272 486 5327 quae
512 5253 760 5307 habetur
791 5243 849 5304 in
879 5243 1200 5319 scripturas
1232 5245 1615 5316 apocryphas,
1652 5243 1936 5299 nominat.
1971 5243 2106 5314 Cap.
2141 5245 2194 5298 8.

237 5372 399 5428 Idem
426 5374 827 5432 HIERONYMUS,
860 5365 1140 5419 adversus
1173 5360 1532 5432 Pelagianos,
1565 5358 1663 5414 lib.
1699 5376 1782 5426 ιιι,
1837 5375 1956 5428 cap.
2012 5359 2062 5432 ι,
2111 5359 2290 5413 locum
2336 5360 2394 5413 5.
2445 5358 2723 5414 Barnabas)
2765 5359 2830 5414 de
2876 5361 3148 5432 apostolis,
3202 5361 3485 5416 laudatum
3512 5361 3580 5418 ab

163 5445 436 5516 Origene,
469 5442 565 5494 lib.
600 5457 617 5492 ι
647 5431 831 5493 contr.
863 5435 1118 5501 Celsum,
1148 5448 1435 5504 perperam
1462 5434 1600 5485 citat
1629 5432 1727 5484 sub
1759 5432 1979 5485 nomine
2004 5431 2066 5482 Β.
2106 5433 2331 5499 lgna-lii.

234 5564 626 5615 NICEPHORUS
657 5555 759 5609 ΟΡ.
792 5555 847 5607 in
877 5553 984 5621 ﬁne
1013 5546 1497 5619 Chronographiae
1535 5545 1991 5621 su.£_Episwlani
2039 5545 2308 5621 Barnabaz
2354 5549 2608 5615 posuerat
2657 5547 2804 5602 inter
2853 5547 3020 5602 libros
3069 5552 3209 5604 Novi
3240 5548 3584 5615 Testamenti,

163 5633 388 5704 quibus
415 5627 814 5684 contradictum
842 5615 968 5695 fuit,
999 5631 1061 5678 ut
1084 5629 1229 5692 patet
1246 5615 1322 5675 cx
1351 5615 1629 5676 Anastasii
1657 5615 2083 5674 Bibliothecarii
2112 5618 2376 5673 versione.

514 5755 778 5817 ΡΑτιιοι..
826 5749 936 5812 Gn.
983 5748 1060 5812 ll.

3235 5749 3373 5847 21‘
