4090 6340
551 346 663 412 651
1723 361 1789 417 8.
1837 357 2166 418 ΒΑΒΝΑΒΑ

2324 356 2750 420 lPOSTOLUS
2763 403 2775 417 .
3833 363 3939 422 652

1277 665 2460 801 BECENTIORUM
2575 667 3222 801 JUDICIA

1031 928 1174 1011 DE
1231 928 1770 1017 EPISTOLA
1832 929 2221 1021 SANCTI
2288 931 2807 1016 BABNAB/E
2867 929 3460 1019 APOSTOLI.

2228 1291 2275 1348 l.

975 1425 1049 1503 (J.
1085 1425 1150 1484 B.
1186 1424 1688 1494 COTELEBIUS,
1723 1423 1930 1483 Patres
1958 1421 2305 1503 Apostolici,
2340 1429 2380 1482 t.
2421 1423 2464 1495 Ι,
2505 1442 2563 1500 ρ.
2598 1425 2656 1495 5,
2692 1423 2792 1483 ed.
2824 1421 3274 1483 Amstelodami
3308 1423 3510 1502 i724.)

613 1734 687 1790 De
709 1733 831 1790 vita
859 1743 910 1792 et
935 1738 1154 1790 nomine
1190 1736 1482 1792 Barnabas.
1536 1736 1801 1791 Refertur
1848 1753 1880 1790 a
1928 1740 1987 1790 Β.
2024 1736 2178 1790 Luca
2206 1743 2260 1807 Α
2289 1735 2551 1790 scribens
2577 1751 2590 1789 :
2621 1734 2698 1788 Ab
2725 1733 2978 1796 apostolis
3007 1734 3291 1788 Barnabas
3325 1733 3411 1788 vel
3450 1755 3472 1782 α
3504 1733 3656 1804 ﬁlius
3682 1737 3937 1792 consola-

537 1821 732 1879 Josem
766 1840 868 1879 seu
918 1824 1264 1896 Josephum,
1317 1824 1594 1892 Levitam,
1645 1841 1854 1896 genere
1901 1824 2177 1896 Cyprium
2289 1824 2453 1878 tionis
2485 1846 2511 1870 ››
2542 1831 2621 1877 est
2647 1827 2891 1889 vocatus,
2918 1839 3020 1893 pro
3049 1838 3108 1877 eo
3137 1821 3418 1894 quodcum
3440 1823 3695 1878 habuerit
3714 1842 3933 1896 agrum,

537 1911 849 1968 exstitisse.
881 1912 1110 1968 Scilicet
1141 1930 1208 1969 ea
1258 1912 1315 1967 in
1362 1913 1554 1968 insula
1605 1913 1841 1984 plurimi
1892 1913 2177 1984 degebant
2284 1928 2512 1982 cumque
2541 1912 2870 1978 vendiderit,
2912 1911 3154 1983 pretium
3201 1912 3316 1982 ejus
3363 1916 3491 1966 ante
3529 1912 3688 1984 pedes
3719 1922 3936 1986 aposto-

532 2000 759 2058 Judxi:
801 2019 835 2057 a
883 2002 1097 2073 quibus
1147 2007 1364 2074 postea,
1420 2002 1739 2073 imperante
1785 2003 2054 2070 Trajano,
2089 2002 2170 2056 uti
2288 2001 2489 2067 lorum,
2534 2001 2606 2056 ad
2654 2001 3074 2056 consolationem
3115 2015 3445 2071 pauperum,
3497 2003 3785 2072 posuerit;
3831 2021 3934 2059 nec

532 2088 817 2145 discimus
848 2107 948 2162 per
979 2091 1216 2146 Dionem
1239 2089 2170 2146 Cassiuminliistoriailliusim-
2284 2107 2396 2145 non
2447 2090 2528 2144 illi
2577 2090 2674 2161 qui
2722 2091 2778 2144 in
2844 2089 3207 2160 Hieronymo,
3259 2087 3430 2144 libro.
3480 2094 3556 2144 De
3610 2093 3933 2148 nominibus

528 2179 833 2250 peratoris,
867 2180 1179 2235 Eusebium
1212 2180 1270 2233 in
1305 2179 1592 2244 Chronico,
1615 2179 1906 2244 Orosium,
1941 2178 2041 2233 lib.
2067 2196 2168 2248 vn,
2281 2180 2590 2247 Hebraicis,
2623 2183 2855 2235 vertunt
2881 2178 3033 2247 ﬁlius
3059 2178 3475 2233 consolationis.
3520 2180 3607 2233 Ad
3641 2180 3932 2250 posterio-

528 2267 2166 2339 cap.12,atquehujusasseclam,pseudo-Hieronymum,
2281 2283 2402 2322 rem
2433 2284 2566 2322 vero
2595 2267 2770 2321 etiam
2807 2266 3296 2337 signiﬁcationem
3349 2267 3559 2322 adduci
3606 2273 3800 2340 potest
3830 2286 3931 2325 ex-

527 2358 778 2411 tractatu
802 2357 872 2412 de
894 2357 1036 2412 locis
1057 2374 1124 2412 ex
1147 2358 1305 2412 Actis
1346 2357 1766 2428 apostolorum,
1811 2356 2040 2410 inﬁnita
2070 2356 2168 2411 ho-
2279 2355 2486 2426 positio
2535 2356 2718 2411 sancti
2771 2355 3186 2426 Chrysostomi,
3237 2354 3480 2410 homilia
3529 2357 3590 2410 11
3644 2356 3704 2411 in
3735 2363 3931 2415 Acta:

528 2443 756 2499 minum
789 2445 1104 2501 multitudo
1127 2446 1401 2517 jugulata
1433 2447 1561 2514 fuit,
1595 2447 1851 2516 urbsque
1895 2444 2142 2500 Salamis

2310 2438 2568 2515 ιαρνάϐας,
2627 2441 2657 2496 ὅ
2724 2441 2862 2496 ἐστιν
2951 2441 3068 2502 υἱὸς
3152 2441 3571 2517 παρακλήσεως,
3636 2444 3737 2499 ὑπὸ
3819 2451 3925 2500 τῶν

526 2534 846 2604 peremptis
877 2534 1151 2590 omnibus
1180 2533 1406 2603 incolis,
1454 2535 1717 2589 funditus
1769 2551 1984 2589 eversa.
2017 2533 2140 2589 Dici

2314 2531 2591 2586 ποστόλων
2627 2530 3004 2603 ἐπωνομάσθηο
3037 2530 3126 2584 καὶ
3175 2528 3324 2585 δοκεῖ
3370 2553 3462 2603 μοι
3505 2533 3609 2586 ἀπὸ
3660 2541 3760 2602 τῆς
3811 2535 3929 2610 ἀρε-

524 2619 700 2676 etiam
735 2622 917 2678 Lucas
933 2622 1128 2678 Josem
1147 2640 1470 2694 cognomen
1488 2623 1763 2678 Barnabas
1789 2623 1860 2677 ab
1883 2622 2139 2694 apostoli:

2309 2628 2372 2689 ἧς
2403 2618 2678 2699 εἰληφέναι
2709 2619 2770 2674 τὰ
2802 2616 2994 2692 ὄνομα,
3029 2620 3102 2681 ὡς
3135 2619 3273 2696 πρὸς
3305 2625 3465 2674 τοῦτο
3509 2622 3696 2684 ἱκανὸς
3727 2621 3801 2676 ὢν
3835 2624 3924 2678 καὶ

518 2709 726 2765 tulisse
755 2714 895 2782 (quo
927 2711 1289 2783 signiﬁcetur
1336 2711 1451 2772 υἱὸς
1500 2710 1916 2786 παρακλήσεως,
1964 2711 2023 2766 id
2053 2717 2133 2767 est

2310 2707 2596 2780 [τιτήδειος.
2633 2711 2929 2782 Barnabas,
2982 2711 3076 2766 hoc
3131 2720 3210 2766 est
3268 2733 3297 2760 ‹‹
3323 2711 3474 2780 ﬁlius
3529 2715 3925 2771 consolationis

513 2798 666 2868 ﬁlius
694 2800 1087 2856 consolationis
1114 2813 1163 2856 et
1192 2800 1613 2857 exhortationis.
1649 2801 1973 2872 Utrumque
2002 2801 2158 2856 enim
2268 2809 2318 2856 et
2347 2802 2761 2867 exhortationis,
2795 2823 2824 2849 ››
2856 2801 2924 2855 ab
2974 2801 3231 2871 apostolis
3278 2803 3691 2871 cognominatus
3721 2809 3820 2858 est.
3855 2805 3927 2860 Et

517 2884 912 2962 παρακλήσεως
963 2890 1236 2958 denotat;
1291 2891 1556 2962 quamvis
1596 2890 1660 2944 B.
1707 2890 2054 2962 Hieronymo
2085 2890 2154 2944 ad
2267 2890 2408 2944 mihi
2435 2890 2672 2957 videtur,
2700 2907 2735 2946 a
2759 2890 2960 2946 virtute
3007 2905 3203 2946 nomen
3243 2893 3626 2962 assumpsisse,
3673 2892 3817 2964 quod
3850 2893 3921 2948 ad

516 2975 630 3031 Titi
663 2994 725 3044 ιι,
763 2977 847 3046 15,
882 2980 1068 3050 magis
1099 2979 1554 3035 consolationem
1589 2995 1763 3050 quam
1804 2979 2156 3034 exhortatio-
2266 2977 2415 3034 illud
2435 2983 2593 3050 aptus
2613 2987 2750 3036 esset
2767 2995 2830 3034 ac
2851 2979 3097 3046 idoneus,
3120 2979 3192 3034 ad
3216 2978 3661 3044 consolandum,
3683 2997 3916 3053 nempe,

517 3081 649 3121 nem
673 3071 858 3122 sonet.
885 3067 1087 3122 Tradit
1108 3068 1325 3140 quippe
1346 3072 1582 3124 sanctus
1605 3068 1989 3141 Augustinus,
2014 3067 2157 3124 alios
2188 3119 2232 3141 η
2265 3084 2331 3122 ac
2362 3067 2811 3124 exhortandum.
2852 3068 3087 3124 Accedit
3134 3067 3250 3123 huc
3289 3067 3682 3140 veriloquium
3712 3069 3918 3126 Hiero-

2185 3119 2233 3182 B
2264 3158 2643 3228 nymianum:
2677 3159 2991 3228 Barnabas,
3031 3158 3179 3227 ﬁlius
3225 3119 3520 3230 propheta;
3567 3158 3648 3213 ait
3676 3161 3919 3231 prophe-

511 3245 660 3300 latus
685 3260 828 3313 sum,
863 3244 1008 3302 alios
1038 3246 1354 3302 exhortatus
1384 3264 1524 3301 sum.
1573 3252 1639 3301 Et
1688 3252 1933 3318 utraque
1965 3246 2149 3302 versio
2261 3246 2372 3312 tiae,
2423 3246 2530 3301 hoc
2573 3251 2662 3302 est
2709 3246 3009 3318 propheta.
3058 3245 3482 3318 Prophetarum
3530 3245 3754 3304 scilicet
3787 3249 3912 3304 sive

511 3333 847 3388 cerniturin
869 3337 926 3388 S.
950 3333 1165 3389 Hilario
1192 3354 1204 3402 ;
1232 3336 1424 3406 quiad
1469 3337 1732 3406 ejusdem
1781 3334 1992 3407 psalmi
2023 3353 2147 3390 ver-
2259 3335 2562 3391 doctorum
2595 3339 2702 3402 est,
2737 3335 3031 3391 adhortari
3079 3340 3136 3390 et
3179 3334 3464 3391 consolari
3518 3335 3616 3391 Dei
3650 3335 3907 3408 plebem.

508 3420 762 3476 siculum
793 3423 884 3493 76,
905 3426 1001 3476 τοῦ
1028 3421 1396 3498 παρακαλέσαι
1423 3425 1612 3479 reddit
1673 3429 1732 3479 ut
1791 3425 2111 3480 exhortatur

2300 3424 2556 3494 iuocirca,
2588 3425 2714 3480 Act.
2759 3442 2850 3488 xv,
2881 3425 2972 3490 3'2,
3005 3424 3284 3479 habetur:
3321 3420 3523 3483 Ἰούδας
3568 3419 3626 3477 δὲ
3674 3421 3762 3477 καί
3817 3426 3915 3479 Σί-

505 3507 818 3580 locumque
848 3511 1108 3582 Apostoli
1141 3512 1189 3566 ΙΙ
1237 3512 1362 3568 Cor.
1419 3531 1456 3581 ι,
1506 3515 1558 3580 3,
1611 3513 1690 3568 ita
1739 3513 1942 3568 etfert:
1974 3515 2117 3568 Bene

2298 3532 2357 3572 ας
2389 3510 2474 3564 καὶ
2509 3510 2660 3565 αὐτοὶ
2690 3518 2963 3588 προφῆται
2996 3507 3165 3583 ὄντες,
3199 3508 3285 3565 διὰ
3317 3509 3488 3586 λόγου
3518 3511 3736 3567 πολλοῦ
3766 3534 3913 3588 παρ-

505 3595 683 3652 dictus
711 3598 848 3654 Deus
877 3603 929 3654 et
955 3603 1111 3671 pater
1142 3602 1361 3656 Domini
1389 3604 1562 3656 nostri
1588 3603 1710 3657 Jesu
1736 3602 1960 3667 Christi,
1984 3604 2116 3656 Pate

2300 3599 2510 3654 ιάλεσαν
2585 3600 2711 3662 τοὺς
2785 3598 3072 3678 ἀδελφοὺς,
3146 3601 3235 3654 καὶ
3305 3599 3677 3677 ἐπεστήριξαν.
3734 3602 3915 3660 Juxta

500 3685 939 3755 miserationum,
971 3693 1022 3744 et
1049 3689 1191 3745 Deus
1235 3691 1412 3744 omnis
1457 3690 1876 3760 exhortationis,
1927 3693 2021 3761 qui
2048 3707 2144 3746 ex-
2254 3695 2525 3745 nostrum
2580 3690 2992 3763 interpretem:
3053 3689 3221 3746 Iudas
3278 3695 3467 3746 autem
3517 3694 3567 3746 et
3626 3691 3800 3762 Silas,
3858 3702 3916 3748 et

501 3772 762 3830 hortatur
803 3792 902 3832 nos
947 3778 1008 3832 in
1057 3779 1208 3832 omni
1257 3779 1631 3834 tribulatione.
1694 3779 1800 3834 Ubi
1850 3779 2139 3851 Vulgata:
2252 3780 2359 3850 ipsi
2386 3796 2508 3834 eum
2553 3784 2733 3835 essent
2765 3780 3081 3852 propheta},
3130 3780 3292 3835 verbo
3339 3779 3585 3850 plurimo
3635 3783 3913 3837 consolati

497 3863 640 3918 Deus
696 3866 859 3919 totius
910 3867 1320 3934 consolationis,
1393 3869 1493 3938 qui
1546 3869 1858 3923 consolatur
1927 3885 2023 3923 nos
2081 3872 2141 3924 in
2249 3875 2379 3923 sunt
2409 3871 2632 3940 fratres,
2676 3877 2727 3924 et
2770 3870 3250 3940 conﬁrmaverunt.
3303 3869 3375 3923 Et
3419 3868 3441 3924 Ι
3500 3869 3630 3924 Cor.
3686 3887 3804 3938 xxv,
3835 3872 3906 3926 3:

498 3953 654 4007 omni
680 3953 1039 4010 tribulatione
1066 3963 1278 4021 nostra,
1309 3960 1369 4011 ut
1396 3958 1664 4027 possimus
1711 3966 1762 4011 et
1811 3958 1921 4024 ipsi
1946 3973 2105 4013 conso

2291 3957 2308 4010 )
2357 3953 2413 4009 δὲ
2455 3956 2811 4033 προφητεύων
2862 3955 3164 4031 ἀνθρώποις
3225 3952 3383 4009 λαλεῖ
3441 3953 3744 4028 οἰκοδομὴν
3812 3957 3906 4011 καὶ

499 4041 610 4095 lari
636 4057 724 4097 eos
751 4045 849 4113 qui
873 4045 935 4098 in
963 4047 1115 4100 omni
1142 4062 1396 4116 pressura
1416 4049 1562 4111 sunt,
1579 4063 1682 4116 per
1702 4047 2114 4102 exhortationen

2289 4042 2585 4119 αράκλησιν
2646 4043 2733 4098 καὶ
2803 4043 3165 4119 παραμυθίαν.
3223 4045 3370 4099 Nam
3443 4046 3541 4116 qui
3583 4047 3901 4118 prophetat,

500 4144 609 4199 qua
650 4130 1008 4188 exhortamur
1038 4138 1091 4188 et
1118 4136 1227 4204 ipsi
1255 4152 1294 4190 a
1324 4135 1447 4200 Deo,
1481 4140 1587 4190 etc.
1639 4134 1729 4190 Sic
1773 4135 1948 4190 etiam
1983 4138 2133 4206 apud
2245 4135 2557 4190 hominibus
2587 4136 2836 4205 loquitur
2865 4134 2934 4188 ad
2984 4133 3425 4203 aediﬁcationem,
3472 4137 3523 4188 et
3563 4133 3902 4190 exhortatio-

497 4216 852 4284 Luciferum,
883 4221 1050 4276 libro.
1086 4223 1157 4277 De
1178 4239 1288 4278 non
1307 4224 1817 4279 conveniendocum
1843 4224 2130 4292 haereticis,
2242 4240 2388 4291 nem,
2444 4232 2498 4298 et
2565 4226 3003 4280 consolationem.
3063 4222 3222 4278 Vers.
3285 4223 3348 4275 31
3409 4238 3421 4274 :
3479 4218 3714 4285 Δῦνασθε
3791 4223 3901 4297 γὰρ

495 4304 604 4362 hoc
635 4307 806 4363 modo
837 4308 1053 4365 citatur
1079 4312 1413 4383 Apostolus,
1439 4314 1608 4367 I-Iebr.
1638 4330 1724 4380 III,
1748 4313 1815 4368 13
1841 4330 1853 4368 :
1880 4313 1979 4369 Sed
2001 4331 2107 4369 con

2285 4312 2355 4363 ιϐ’
2384 4308 2473 4365 ἕνα
2519 4311 2707 4373 πάντες
2759 4308 3136 4388 προφητεύειν,
3163 4307 3255 4363 τίνα
3301 4310 3495 4371 πάντες
3560 4310 3900 4384 μανθάνωσι,

489 4395 750 4451 solamini
786 4403 1152 4470 vosmetipsos,
1203 4418 1305 4473 pro
1354 4419 1468 4473 quo
1516 4401 1795 4474 Vulgatus
1845 4404 2104 4474 interpre;

2284 4399 2329 4452 ui
2405 4399 2598 4462 πάντες
2673 4398 3109 4474 παρακαλῶνται.
3182 4400 3259 4454 Ex
3317 4399 3522 4455 eadem
3580 4399 3899 4458 versione:

490 4485 1244 4560 adhortamini.AGregorio
1274 4497 1467 4545 autem
1513 4491 1886 4557 Nazianzeno,
1914 4491 1970 4545 in
1995 4509 2124 4547 ora-
2160 4491 2201 4556 C
2239 4491 2474 4545 Potestis
2528 4491 2674 4545 enim
2734 4506 2917 4545 omnes
2961 4505 3063 4560 per
3128 4487 3381 4560 singulos
3429 4488 3774 4560 prophetare,
3833 4494 3901 4545 ut

491 4574 647 4630 tione
675 4575 764 4644 36,
796 4571 1144 4649 παράκλητος
1187 4578 1205 4632 Ι
1237 4579 1404 4633 Joan.
1438 4597 1500 4643 ιι,
1548 4581 1597 4646 1,
1643 4580 1951 4649 exponitur
1993 4599 2098 4654 παρ

1767 4580 1951 4634 mitur
1993 4599 2128 4654 παρ-
2237 4595 2420 4634 omnes
2449 4580 2680 4646 discant,
2713 4585 2764 4636 et
2792 4595 2978 4635 omnes
3005 4579 3382 4634 exhortentur.

486 4658 723 4733 αινέτης,
755 4663 1093 4720 exhortator.
1152 4666 1450 4737 Multaque
1510 4666 1726 4721 similia
1783 4669 2003 4738 passim
2037 4685 2125 4724 re-
2311 4668 2472 4723 Hunc
2503 4670 2829 4725 Barnabam
2859 4668 3151 4724 exstitisse
3185 4684 3368 4722 unum
3400 4683 3467 4721 ex
3489 4666 3627 4722 LXX
3652 4667 3888 4722 Domini

485 4749 692 4822 peries.
726 4751 986 4824 Denique
1036 4758 1274 4810 sanctus
1314 4756 1653 4810 Ambrosius
1703 4756 1760 4810 in
1803 4756 1942 4811 illud
1977 4757 2123 4828 psal.
2236 4757 2540 4829 discipulis
2571 4757 2936 4829 comprobari
2970 4760 3158 4828 potest
3200 4755 3535 4812 testimonio
3565 4753 3895 4810 Clementis

483 4854 674 4907 cxvm,
707 4841 815 4896 76:
850 4843 918 4898 Ut
945 4843 1259 4898 exhortetur
1279 4860 1385 4910 me,
1410 4844 1524 4898 ait:
1555 4845 1785 4914 Aliquid
1805 4846 2010 4901 codices
2032 4846 2122 4900 ha-
2232 4845 2624 4912 Alexandrini,
2653 4864 2786 4902 cum
2817 4845 2918 4901 lib.
2953 4863 2992 4901 ιι
3033 4851 3399 4911 Stromateon,
3447 4848 3573 4899 tum
3601 4844 3662 4899 in
3693 4848 3891 4915 Hypo-

483 4930 608 4984 bent
632 4931 693 4985 in
721 4932 820 4986 hoc
866 4932 998 4998 loco,
1054 4938 1119 4988 ut
1165 4933 1494 4988 consoletur
1548 4951 1660 4989 me.
1719 4935 1824 4988 Sed
1864 4937 2033 4989 etiam
2064 4937 2123 4989 in
2230 4935 2506 5006 typosibus
2536 4937 2690 5008 apud
2724 4935 3058 5002 Eusebium,
3093 4937 3230 4990 Hist.
3262 4934 3391 4989 eccl.
3423 4931 3527 4990 lib.
3561 4951 3599 5002 ι,
3635 4950 3765 5004 cap.
3792 4935 3887 4999 12,

476 5017 724 5089 Apostolo
781 5020 1013 5091 legimus
1089 5021 1525 5078 exhortationem
1588 5040 1692 5094 pro
1756 5025 2122 5080 consolatione
2231 5030 2287 5079 et
2316 5023 2415 5079 lib.
2448 5040 2515 5089 ιι,
2547 5041 2670 5096 cap.
2710 5027 2776 5092 i;
2827 5039 3074 5095 eamque
3123 5023 3498 5078 traditionem
3549 5026 3894 5093 sequuntur

475 5105 697 5176 dictam,
746 5112 799 5164 et
846 5109 1271 5166 consolationem
1314 5127 1414 5182 pro
1464 5113 1852 5168 exhortatione.
1903 5113 1983 5166 Ex
2026 5112 2119 5168 his
2229 5113 2589 5184 Epiphanius
2621 5114 2679 5168 in
2710 5114 2824 5169 ﬁne
2849 5118 2991 5168 tom.
3027 5111 3067 5177 l,
3099 5111 3199 5167 lib.
3234 5128 3274 5178 ι,
3304 5110 3577 5166 Adversus
3607 5110 3888 5176 hereses,

477 5195 707 5252 duabus
756 5197 1285 5268 significationibus
1307 5197 1722 5273 παρακλήσεως,
1757 5200 2005 5272 primam
2055 5201 2113 5256 in
2225 5207 2429 5257 auctor
2486 5202 2740 5258 Chronici
2791 5201 2927 5257 dicti
2987 5201 3381 5266 Alexandrini,
3442 5199 3774 5256 Dorotheus
3818 5198 3892 5254 in

476 5285 817 5356 explicando
841 5287 1075 5343 nomine
1095 5288 1369 5344 Barnabas
1393 5288 1703 5359 accipiunt,
1728 5289 2115 5346 OEcumenius
2224 5292 2478 5362 Synopsi,
2511 5296 2567 5346 et
2599 5291 2638 5345 ii
2668 5291 2768 5363 qui
2819 5291 3094 5346 Barnabae
3144 5306 3235 5345 res
3275 5292 3473 5362 gestas
3501 5289 3889 5360 conscripse-

476 5373 545 5428 ad
581 5375 714 5429 Act.
750 5391 823 5441 Iv,
857 5376 948 5443 36,
981 5377 1118 5432 dum
1145 5377 1199 5432 id
1225 5378 1480 5433 nominis
1501 5378 1621 5432 vult
1658 5394 1784 5434 esse
1817 5377 2108 5454 μαρτύριον
2224 5385 2382 5434 runt.
2417 5380 2628 5435 Contra
2674 5380 2875 5450 objicit
2921 5380 3076 5435 Beda
3118 5379 3178 5432 in
3226 5379 3346 5432 Act.
3407 5392 3498 5432 1v:
3537 5377 3741 5432 Mirum
3773 5393 3887 5447 quo

473 5460 669 5535 ἀρετῆς
701 5459 1155 5538 φιλοικτίρμονος
1214 5472 1270 5523 et
1313 5468 1720 5524 demonstrare
1767 5465 2088 5542 παραμυθίαι

2268 5469 2373 5524 nodo
2405 5471 2548 5524 hunc
2574 5469 2910 5536 Barnabam,
2941 5471 3042 5540 qui
3067 5475 3258 5539 postea
3287 5483 3410 5522 cum
3429 5466 3605 5521 Paulo
3627 5468 3883 5537 gentium

468 5549 555 5605 καὶ
589 5548 871 5625 οἰκτιρμόν
900 5554 1206 5619 ;Notkerus
1255 5556 1312 5610 in
1375 5556 1797 5628 Martyrologio,
1848 5564 2005 5613 tomo
2034 5558 2107 5615 Vl
2219 5563 2294 5612 est
2325 5559 2623 5614 ordinatus
2651 5560 2942 5632 apostolus,
2975 5574 3043 5614 ac
3072 5562 3192 5628 post
3241 5557 3466 5625 longum
3507 5557 3625 5623 eius
3674 5565 3876 5611 contu-

472 5648 740 5717 Antiqua:
771 5641 1036 5699 Lectionis
1061 5642 1286 5700 Henrici
1311 5645 1549 5716 Canisii,
1573 5647 1642 5702 ad
1670 5663 1732 5702 ιιι
1764 5647 1900 5703 idus
1922 5648 2104 5719 Junii,
2218 5638 2698 5719 bernium,denuo
2732 5650 3002 5722 Cyprum,
3048 5645 3194 5704 unde
3221 5653 3370 5703 ortus
3415 5649 3619 5718 fuerat,
3651 5643 3876 5719 pradi-
