4090 6340
169 439 291 499 653

1572 436 2182 499 PROLEGOMENA.

3455 444 3575 505 654

168 578 404 626 caturus
446 569 635 637 rediit,
697 569 976 637 Eusebius,
1036 572 1095 624 in
1144 569 1395 624 Historia
1441 570 1817 639 ecclesiatica,
1850 577 1901 641 Α
1932 570 2253 625 intercedat
2286 571 2505 625 ratione
2537 572 2921 637 auctoritatis,
2953 571 3307 629 Clementem
3337 574 3486 630 inter
3516 580 3576 631 et

169 660 239 716 tle
266 676 495 715 numero
523 676 633 715 esse
664 676 769 714 Lxx
804 660 1205 731 discipulorum
1248 661 1472 715 Domini
1520 660 1824 715 Saluatoris

170 750 485 805 arbitratur
501 766 520 809 ;
546 766 670 805 cum
698 750 992 820 manifeste
1018 750 1220 804 scribat
1253 754 1313 803 Β.
1350 753 1542 817 Lucas,
1568 765 1690 803 eum
1708 752 1826 820 post

173 840 546 895 ascensionem
596 840 842 905 Domini,
887 838 959 893 ad
1004 839 1397 910 diseipulatum
1461 838 1824 909 apostolorum

172 930 388 984 venisse
407 946 426 981 :
457 929 573 983 nisi
590 931 732 998 forte
749 927 1054 999 putandum
1070 932 1148 983 est
1171 944 1296 982 cum
1312 929 1474 997 prius
1496 929 1572 982 ita
1592 927 1828 998 discipu-

171 1018 353 1072 latum
381 1016 591 1074 Christi
618 1021 882 1082 secutum,
918 1021 975 1071 ut
1006 1016 1232 1071 necdum
1268 1018 1672 1071 renuntiaverit
1719 1032 1827 1070 om-

172 1106 344 1162 nibus
388 1121 513 1178 quae
553 1106 895 1177 possidebat:
941 1106 1081 1176 quod
1127 1110 1315 1160 utrum
1364 1106 1688 1173 evangelica:
1735 1104 1827 1159 do-

171 1196 374 1251 ctrinm
402 1196 729 1262 convenerit,
760 1196 934 1249 cuivis
952 1195 1221 1265 facillime
1247 1203 1413 1265 patet.
1450 1195 1658 1249 Verum
1693 1210 1831 1265 pace

170 1284 285 1338 viri
330 1283 696 1353 venerabilis,
753 1299 854 1338 nec
907 1284 1093 1338 Lucas
1141 1284 1279 1337 dicit
1330 1283 1650 1338 Barnabam
1703 1286 1834 1353 post

168 1373 581 1428 ascensionem
614 1372 837 1428 Domini
869 1373 1114 1443 ccepisse
1156 1373 1409 1439 credere,
1456 1390 1557 1427 nec
1606 1372 1835 1426 videtur

172 1478 417 1517 necesse
445 1466 509 1516 ut
537 1478 739 1516 omnes
771 1461 1043 1532 discipuli
1077 1461 1274 1516 omnia
1320 1478 1427 1516 sua
1479 1461 1831 1532 abjecerint:

172 1552 337 1625 quod
370 1552 647 1623 quamvis
674 1555 845 1614 esset,
884 1552 1073 1622 potuit
1104 1551 1309 1607 Noster
1341 1568 1541 1607 recens
1598 1549 1840 1606 hteredi“

170 1646 298 1696 tate
330 1640 606 1712 adeptum
652 1656 858 1711 agrum
907 1642 1175 1708 vendere,
1229 1657 1342 1711 quo
1402 1640 1712 1712 pecuniam
1764 1640 1834 1693 ad

170 1729 354 1802 pedes
385 1727 787 1800 apostolorum
819 1734 1083 1799 poneret.

241 1821 530 1873 Caeterum
564 1817 633 1872 de
670 1818 936 1872 Barnaba
976 1818 1160 1873 multa
1208 1823 1526 1874 narrantur
1581 1819 1639 1872 in
1682 1818 1836 1873 Novo

171 1908 591 1963 Testamento:
654 1906 807 1961 inter
863 1906 995 1973 alia,
1056 1910 1179 1962 Act.
1244 1927 1317 1973 χι,
1376 1908 1465 1977 29,
1529 1909 1616 1977 30,
1685 1907 1835 1976 quod

169 1995 494 2051 Christiani
545 1995 889 2050 Antiocheni
958 1996 1225 2051 miserint
1283 1997 1710 2068 eleemosynam
1765 1996 1836 2050 ad

172 2084 735 2156 Hierosolymitanos
768 2100 869 2155 per
900 2101 1109 2140 manus
1142 2084 1299 2141 illius
1328 2104 1339 2139 :
1374 2104 1440 2141 ex
1462 2103 1576 2157 quo
1618 2086 1836 2139 factum

173 2174 451 2244 arbitror,
489 2177 553 2227 ut
580 2172 760 2227 Graeci
791 2174 849 2227 in
907 2174 1269 2230 ordinatione
1312 2176 1508 2246 magni
1552 2175 1837 2230 moonomi

170 2264 459 2327 dicerent,
492 2258 679 2333 εὖχαῖς
712 2258 799 2313 καὶ
830 2255 1137 2335 πρεσϐείαις
1189 2266 1285 2315 τοῦ
1346 2262 1501 2337 ἁγίου
1558 2262 1645 2317 καὶ
1704 2283 1836 2316 παν-

174 2352 433 2427 ευφήμου
488 2343 733 2422 Βαρνάϐα
787 2354 882 2403 τοῦ
940 2349 1248 2405 ἀποστόλου
1318 2352 1406 2405 καὶ
1481 2353 1832 2427 γενναιομάρ-

166 2459 362 2514 τυρος,
409 2440 658 2510 precibus
706 2444 755 2495 et
799 2442 1273 2496 intercessionibus
1340 2446 1521 2498 sancti
1582 2446 1632 2497 et
1697 2444 1835 2498 cele-

170 2528 493 2584 bratissimi
523 2530 808 2595 Barnaba},
859 2530 1089 2600 apostoli
1133 2539 1184 2585 et
1226 2535 1472 2600 generosi
1517 2534 1796 2603 martyris
1824 2597 1837 2621 ,

166 2617 673 2691 quemadmodum
699 2618 891 2673 videre
934 2622 1023 2673 est
1074 2618 1131 2673 in
1180 2619 1351 2674 Joan.
1401 2620 1603 2675 Morini
1654 2617 1839 2683 Sacris

164 2706 619 2763 ordinationibus
650 2710 810 2777 parte
843 2724 903 2771 ιι,
940 2723 1070 2779 pag.
1106 2709 1227 2761 115.
1273 2708 1518 2780 Reliqua
1575 2711 1645 2765 ad
1698 2728 1835 2781 apo-

167 2795 395 2851 stolum
426 2794 606 2850 istum
638 2795 1009 2866 pertinentia,
1040 2813 1196 2868 vera,
1231 2798 1517 2870 fabulosa,
1554 2804 1611 2854 et
1662 2800 1834 2871 vulgo

169 2888 632 2957 cognoscuntur,
665 2888 723 2939 et
752 2885 823 2939 ad
857 2885 1187 2941 institutum
1222 2893 1489 2943 nostrum
1524 2906 1639 2944 non
1669 2889 1834 2945 valde

176 2972 441 3028 faciunt:
476 2988 657 3043 quare
687 2987 755 3027 ea
787 2974 969 3028 missa
1000 2975 1269 3031 facimus.

246 3063 503 3133 Epistola
530 3061 815 3116 Barnabas.
841 3062 1121 3118 Venimus
1152 3065 1222 3119 ad
1256 3066 1574 3137 Epistolam
1620 3083 1829 3122 nomen

170 3150 340 3206 illius
372 3149 791 3222 praeferentem,
822 3152 1113 3208 veteribus
1145 3152 1442 3209 laudatam
1465 3172 1637 3227 saepe,
1673 3154 1825 3211 desi-

173 3241 439 3295 deratam
475 3239 875 3310 superioribus
907 3240 1154 3307 saeculis,
1190 3248 1387 3298 nostro
1419 3244 1657 3299 feliciter
1702 3245 1827 3299 edi-

1939 661 2281 725 Barnabam,
2316 662 2485 730 cujus
2517 661 2775 732 Epistola
2824 667 3056 717 tantum
3108 664 3271 718 fama":
3323 682 3435 719 non
3485 670 3577 722 est

1935 754 2250 803 consecuta
2280 766 2344 803 ac
2376 749 2474 803 illa
2521 749 2857 805 Clementis.
2907 753 2983 806 Ad
3034 751 3153 807 haec
3199 759 3570 825 argumento,

1938 854 2052 909 quo
2081 837 2263 891 utitur
2293 843 2530 894 sanctus
2563 840 2953 911 Augustinus,
3012 839 3113 896 lib.
3145 859 3160 895 ι
3212 844 3421 897 Contra
3472 844 3573 899 ad-

1937 929 2246 981 versarium
2277 928 2407 998 legis
2450 932 2499 983 et
2543 930 2957 1000 prophetarum,
3009 946 3132 1001 cap.
3184 933 3271 998 20,
3326 936 3389 986 ut
3433 948 3577 1003 apo-

1938 1016 2155 1087 crypha
2180 1017 2289 1071 sub
2322 1017 2655 1073 nominibus
2698 1018 2938 1073 Andreae
2980 1018 3340 1091 Joannisque
3362 1021 3578 1093 scripta

1938 1104 2202 1161 exsibilet
2233 1111 2406 1178 atque
2435 1106 2739 1178 explodat:
2774 1107 2833 1162 Si
2862 1108 3093 1162 illorum
3123 1117 3314 1178 essent,
3364 1119 3578 1181 recepta

1938 1203 2113 1249 essent
2129 1197 2197 1249 ab
2228 1197 2464 1250 Ecclesia
2489 1221 2502 1261 ;
2530 1212 2616 1263 eo,
2667 1197 2930 1267 inquam,
2958 1203 3301 1269 argumento
3330 1199 3389 1253 in
3438 1216 3574 1256 sus-

1944 1282 2229 1354 picionem
2259 1283 2577 1355 illegitimas
2600 1284 2779 1355 prolis
2809 1286 2961 1340 venit
2992 1285 3268 1357 Epistola,
3293 1303 3425 1341 cum
3448 1289 3575 1358 jam

1943 1372 2042 1425 diu
2075 1372 2289 1442 rejecta
2314 1378 2369 1427 et
2400 1374 2469 1427 ad
2504 1374 2864 1445 apocryphas
2894 1373 3215 1445 scripturas
3263 1376 3580 1431 amandata

1946 1460 2137 1515 fuerit.
2162 1464 2504 1533 Apocrypha,
2539 1463 2732 1532 inquit
2762 1462 3167 1534 Hieronymus,
3199 1463 3368 1534 epist.
3400 1465 3455 1531 7,
3506 1465 3577 1519 ad

1946 1550 2183 1616 Laetam,
2217 1552 2354 1605 sciat
2384 1569 2494 1605 non
2524 1567 2716 1605 eorum
2744 1567 2857 1606 esse
2886 1568 3113 1620 quorum
3144 1553 3321 1606 titulis
3365 1569 3581 1622 przno-

1947 1642 2152 1694 tantur.
2188 1638 2548 1711 Quapropter
2576 1639 2871 1711 Origenes,
2905 1640 3005 1711 qui
3037 1640 3261 1711 putavit
3281 1658 3428 1712 opus
3460 1658 3583 1697 esse

1948 1726 2243 1797 Barnabas,
2277 1727 2522 1783 credidit
2550 1729 2725 1783 etiam
2758 1745 2885 1784 esse
2912 1729 3279 1785 canonicum.
3311 1728 3467 1796 Sunt,
3495 1730 3583 1785 in-

1948 1815 2075 1885 quit
2115 1817 2184 1871 ad
2236 1833 2384 1872 vers.
2434 1818 2524 1885 2/1,
2576 1834 2701 1887 cap.
2756 1836 2771 1871 1
2820 1816 3092 1888 Epistolas
3144 1819 3215 1873 ad
3265 1818 3582 1886 Romanos,

1943 1913 2217 1975 prxterea
2246 1906 2410 1976 (sicut
2440 1907 2500 1959 in
2525 1907 2718 1961 multis
2749 1906 3051 1976 Scriptura?
3080 1908 3210 1962 locis
3242 1909 3582 1979 invenimus)

1946 1996 2119 2047 etiam
2145 1997 2430 2065 utriusque
2457 1998 2653 2063 partis,
2710 1996 2793 2048 vel
2841 1996 3123 2067 utriusque
3168 1997 3297 2066 vix,
3339 1998 3581 2066 fautores

1946 2083 2171 2154 quidam
2190 2088 2240 2137 et
2268 2084 2542 2153 adjutores
2572 2084 2778 2153 angeli,
2812 2089 2944 2151 etc.,
2982 2084 3079 2139 ubi
3121 2084 3250 2153 quis
3282 2102 3393 2140 non
3425 2086 3584 2141 videt

1948 2172 2128 2228 alludi
2154 2174 2224 2227 ad
2258 2177 2434 2244 caput
2466 2174 2529 2227 18
2560 2178 2772 2229 nostrae
2793 2173 3079 2245 Epistolas,
3106 2174 3175 2229 de
3198 2174 3426 2229 duabus
3447 2174 3582 2242 viis,

1948 2263 2105 2317 etde
2145 2262 2369 2334 angelis
2417 2262 2649 2333 utrique
2697 2262 2799 2317 vim
2849 2262 3225 2334 prmpositis?
3272 2264 3403 2318 Jam
3447 2280 3581 2319 vero

1948 2351 2047 2407 lib.
2081 2370 2099 2407 1
2147 2356 2336 2407 contra
2387 2352 2601 2407 Celsum
2658 2351 2810 2406 idem
2865 2352 3248 2408 Adamantius
3302 2368 3500 2407 vocem
3551 2369 3585 2408 a

1948 2441 2213 2496 Barnaba
2243 2440 2416 2513 paulo
2439 2440 2643 2495 durius
2675 2440 2732 2494 in
2781 2439 3074 2511 apostolos
3123 2439 3433 2512 prolatam,
3485 2458 3582 2496 ne-

1949 2546 2241 2602 quaquam
2292 2530 2499 2599 rejicit,
2554 2530 2668 2583 imo
2718 2528 3011 2583 similibus
3057 2529 3368 2601 Scriptura:
3411 2530 3584 2586 dictis

1948 2621 2139 2674 munit
2182 2636 2247 2673 ac
2284 2620 2495 2687 ﬁrmat,
2554 2618 2906 2689 insuperque
2974 2617 3288 2689 Epistolam
3356 2636 3583 2674 sacram

1946 2725 2074 2764 esse
2125 2707 2338 2772 innuit,
2386 2712 2441 2761 et
2486 2712 2653 2763 vocat
2704 2706 3098 2773 Catholicam;
3171 2724 3283 2778 quo
3346 2708 3581 2779 quidem

1947 2798 2181 2853 nomine
2207 2796 2381 2851 etiam
2414 2796 2705 2851 indicatur
2729 2811 2857 2850 eam
2907 2795 3115 2851 saltem
3158 2813 3191 2851 a
3240 2795 3441 2850 multis
3477 2796 3583 2851 Ca-

1945 2885 2179 2941 tholicis
2202 2885 2381 2941 fuisse
2395 2884 2735 2951 admissam,
2763 2890 2936 2955 atque
2956 2884 3143 2940 instar
3161 2883 3581 2939 catholicarum

1941 2975 2291 3031 lectitatam:
2339 2991 2455 3029 non
2506 2973 2695 3029 solum
2750 2979 2944 3028 autem
2994 2974 3376 3045 signiﬁcatur,
3428 2974 3581 3045 quod

1944 3065 2108 3120 aiunt
2134 3082 2201 3119 ex
2232 3064 2467 3119 Leontio
2500 3062 2600 3117 lib.
2652 3064 2723 3117 De
2765 3064 2942 3128 sectis,
2986 3062 3209 3117 actione
3260 3063 3315 3127 ‘2,
3348 3079 3382 3116 a
3411 3061 3582 3132 cujus

1941 3154 2213 3226 opinione
2243 3152 2579 3207 nullatenus
2603 3150 3579 3221 dissentitmcumenius,scriptam

1942 3260 2069 3299 esse
2100 3243 2170 3297 ad
2202 3258 2404 3297 omnes
2430 3239 2795 3312 generaliter,
2829 3257 2941 3294 non
2973 3255 3107 3294 vero
3140 3240 3210 3294 ad
3234 3254 3412 3293 unam
3435 3255 3575 3310 gen-

172 3333 297 3382 tam
332 3344 368 3382 a
395 3326 535 3381 viris
564 3326 922 3383 doctissimis
951 3330 1186 3401 llugone
1216 3331 1488 3386 Menardo
1527 3337 1583 3387 et
1631 3334 1826 3389 Isaaco
1857 3317 1899 3384 C
1939 3336 2076 3387 tem.
2112 3331 2254 3385 Nam
2284 3330 2331 3385 si
2363 3329 2419 3383 id
2451 3333 2678 3384 tantum
2711 3328 3025 3383 declararet
3054 3343 3119 3382 ea
3158 3344 3281 3398 vox,
3324 3327 3414 3381 cui
3464 3343 3577 3381 un-

166 3415 402 3472 Vossio.
436 3415 750 3470 Dubitatur
780 3433 853 3471 an
885 3415 962 3472 sit
986 3420 1276 3489 genuinus
1305 3420 1477 3485 fetus,
1510 3438 1579 3476 an
1614 3439 1825 3494 suppo-

167 3506 350 3561 situs.
387 3504 798 3561 Existimatum
832 3506 1067 3576 quidem
1098 3508 1379 3564 Clementi
1410 3509 1821 3578 Alexandrino,

167 3594 409 3666 Origeni
444 3610 510 3648 ac
536 3592 905 3666 Hieronymo,
936 3597 1187 3652 summis
1218 3598 1380 3665 viris,
1428 3600 1643 3670 quibus
1688 3618 1824 3672 pro-

167 3689 376 3755 pterea
406 3682 551 3737 ﬁdes
602 3682 767 3737 facile
818 3684 1084 3755 abrogari
1134 3703 1246 3741 non
1297 3688 1484 3759 debet,
1544 3689 1684 3744 nihil
1732 3690 1824 3745 hic

166 3770 400 3827 fraudis
431 3769 788 3826 delitescere.
813 3774 885 3826 At
907 3774 1212 3843 Eusebius,
1263 3778 1495 3846 quando
1534 3779 1669 3833 Hist.
1693 3780 1820 3833 eccl.

163 3860 268 3916 lib.
329 3876 419 3927 ιιι,
472 3876 598 3931 cap.
646 3861 736 3931 25,
782 3860 1098 3932 Epistolam
1156 3863 1399 3919 collocat
1440 3865 1591 3920 inter
1644 3866 1822 3921 libros

168 3948 437 4019 spurios,
465 3944 515 3999 ἐν
548 3945 729 4008 νόθοις
779 3948 979 4005 dolum
1023 3951 1250 4007 videtur
1296 3953 1658 4024 suspicatus:
1711 3955 1824 4010 nisi

164 4038 213 4093 si
248 4037 392 4109 quis
450 4041 654 4091 notum
711 4036 978 4094 volumen
1034 4056 1098 4095 eo
1154 4040 1263 4097 loci
1319 4047 1584 4114 exponat,
1646 4048 1708 4098 ut
1765 4046 1823 4099 in

166 4124 572 4198 Amphilochii
612 4126 869 4198 Epistola
902 4128 1149 4183 iambica
1191 4130 1261 4185 ad
1309 4129 1633 4198 Seleucam,
1680 4133 1824 4187 illud

170 4215 334 4287 quod
369 4230 483 4269 non
515 4218 605 4269 est
633 4216 952 4287 genuinum
984 4234 1161 4272 sacra:
1189 4218 1656 4290 Scripturm,sive
1686 4220 1831 4276 alias

173 4309 482 4360 auctorem
521 4318 726 4358 verum
760 4304 929 4360 titulo
960 4307 1244 4377 prasferat,
1295 4309 1413 4363 sive
1462 4310 1827 4365 ementitum.

173 4394 345 4449 Certe
377 4392 471 4447 vix
500 4392 656 4448 credi
688 4398 896 4465 potest,
924 4396 1078 4466 quod
1095 4397 1237 4452 adeo
1259 4398 1507 4454 eximius
1534 4398 1832 4470 apostolus

177 4484 263 4537 vir
306 4481 511 4550 plenus
564 4482 773 4552 Spiritu
828 4487 1013 4539 saneto
1043 4494 1094 4540 et
1128 4486 1288 4555 ﬁdei,
1324 4494 1662 4560 segregatus
1717 4506 1834 4543 una

176 4586 316 4627 cum
349 4569 525 4626 Paulo
557 4587 589 4624 a
620 4580 817 4627 sancto
848 4572 1067 4645 Spiritu
1102 4574 1159 4629 in
1214 4592 1361 4647 Opus
1411 4576 1727 4649 Evangelii,
1779 4583 1836 4633 et

1934 3437 2109 3492 quam
2140 3419 2394 3475 venisset
2425 3418 2483 3471 in
2517 3422 2793 3483 mentem,
2839 3416 3084 3471 Joannis
3116 3416 3455 3485 secundam,
3506 3414 3577 3469 ad

1935 3526 2111 3565 unam
2173 3509 2436 3573 domum,
2496 3512 2553 3561 et
2596 3505 2850 3575 tertiam,
2902 3505 2973 3559 ad
3024 3521 3209 3560 unum
3282 3504 3582 3559 hominem

1934 3603 2217 3662 exaratas,
2242 3597 2299 3650 in
2322 3594 2740 3651 catholicarum
2765 3610 3007 3650 censum
3035 3595 3248 3649 referre
3268 3593 3296 3648 ‘?
3322 3593 3583 3648 Pruden-

1936 3690 2054 3744 tius
2084 3687 2279 3759 itaque
2310 3686 2526 3740 factum
2559 3686 2631 3739 ab
2663 3683 2881 3738 Isidoro
2916 3682 3132 3754 Hispal.
3158 3683 3263 3738 lib.
3304 3700 3359 3737 vx
3395 3681 3583 3750 Origi-

1936 3797 2090 3841 num,
2122 3793 2250 3847 cap.
2283 3777 2318 3828 2
2346 3775 2503 3845 (nam
2546 3773 2831 3828 confutari
2852 3789 2966 3827 non
3000 3776 3254 3827 meretur
3292 3770 3583 3826 sententia

1937 3867 2283 3937 Hebedjesu,
2318 3862 2573 3918 auctoris
2604 3860 2923 3928 Chaldaici,
2955 3860 3305 3915 afﬁrmantis
3330 3860 3390 3913 in
3414 3859 3581 3913 Cata-

1936 3956 2065 4027 logo
2102 3954 2405 4020 librorum,
2450 3949 2766 4005 catholicas
2831 3950 2958 4004 ideo
3030 3948 3217 4003 vocari
3287 3946 3575 4017 Epistolas

1938 4043 2159 4108 Jacobi,
2196 4042 2372 4106 Petri,
2402 4038 2644 4095 Joannis
2676 4042 2732 4094 et
2758 4038 2943 4106 Judae,
2991 4039 3143 4109 quod
3198 4038 3271 4091 ab
3324 4037 3394 4091 iis
3441 4052 3585 4107 apo-

1939 4133 2103 4191 stolis
2160 4131 2316 4186 omni
2379 4129 2708 4184 charactere
2757 4132 2813 4183 et
2866 4127 3067 4199 lingua
3125 4126 3346 4181 fuerint
3398 4124 3589 4180 consi-

1939 4224 2172 4296 gnatas),
2204 4219 2303 4290 qui
2334 4235 2466 4273 cum
2501 4216 2841 4289 prmdictum
2872 4215 3220 4271 vocabulum
3272 4213 3581 4287 posteriori

1942 4328 2118 4367 sensu
2178 4312 2503 4380 usurparet,
2567 4304 2882 4361 catholicas
2944 4308 3245 4376 nuncupat
3294 4301 3587 4375 Epistolas

1943 4400 2113 4467 Petri,
2138 4414 2251 4452 non
2280 4398 2415 4450 item
2430 4395 2655 4460 Jacobi,
2676 4394 3007 4461 Joannis,et
3029 4394 3220 4448 ludis:
3247 4406 3586 4465 quanquam

1941 4490 2109 4545 Judae
2139 4491 2194 4542 et
2221 4483 2418 4541 Jacobi
2451 4482 2839 4556 generaliores
2858 4484 2977 4538 sint
2999 4483 3191 4555 prima
3218 4482 3361 4537 Petri
3391 4499 3402 4536 :
3430 4478 3583 4534 unde

1945 4582 2210 4634 notatum
2266 4574 2437 4629 fuita
2469 4573 2721 4643 quodam
2772 4572 3088 4627 scholiaste
3138 4572 3209 4625 ad
3272 4568 3588 4641 Epistolam

174 4659 409 4731 collega
438 4659 704 4752 ejusdem
736 4660 980 4732 apostoli
1012 4662 1069 4717 in
1101 4664 1361 4735 gentium
1386 4666 1734 4737 apostolatu,
1766 4684 1831 4722 ea

1943 4665 2163 4736 Jacobi,
2197 4681 2307 4718 ms.
2344 4662 2519 4733 Regio
2547 4662 2689 4715 705:
2729 4660 3086 4734 Προτὲτακται
3119 4660 3153 4725 ἡ
3184 4662 3281 4711 τοῦ
3329 4650 3589 4711 Ἰακώϐου

174 4745 489 4817 scripserit
518 4763 641 4815 quae
682 4748 739 4801 in
780 4750 1060 4819 opusculo
1108 4753 1375 4822 prensanti
1419 4754 1829 4810 continentur:

176 4839 420 4889 coactas
452 4834 579 4889 dico
610 4835 937 4907 allegorias,
970 4839 1365 4896 enarrationes
1405 4842 1835 4913 Scripturarum

176 4924 389 4978 minus
421 4921 783 4995 verisimiles,
820 4925 1047 4982 fabulas
1084 4928 1154 4983 de
1186 4930 1562 5001 animalibus,
1609 4932 1836 5003 aliaque

176 5013 248 5068 de
284 5010 508 5082 quibus
541 5017 743 5082 postea
774 5030 1036 5087 agemus.
1072 5017 1201 5073 Haec
1240 5022 1456 5086 tamen,
1507 5021 1600 5073 vix
1651 5022 1837 5075 credi-

175 5101 352 5166 bilia,
417 5116 531 5154 non
582 5108 871 5158 remorata
920 5110 1056 5159 sunt
1110 5107 1412 5177 praedictos
1460 5108 1836 5176 Clementem,

178 5190 522 5262 Origenem,
580 5190 1035 5264 Hieronymum:
1097 5194 1249 5250 sicut
1322 5198 1493 5268 pauci
1542 5199 1683 5253 necvi
1740 5200 1840 5271 qui

178 5280 500 5335 honestam
534 5277 738 5334 faciem
772 5282 1039 5352 Epistolas
1071 5302 1103 5339 a
1133 5284 1425 5342 Clemente
1464 5287 1724 5342 Romano
1770 5289 1841 5343 ad

179 5365 528 5424 Corinthios
568 5368 961 5425 Romanorum
1015 5374 1249 5429 nomine
1296 5376 1633 5448 conscripta:
1685 5393 1843 5432 com-

184 5454 519 5522 maculant,
553 5473 666 5511 non
703 5458 1095 5530 impedierunt
1142 5463 1285 5535 quin
1332 5466 1477 5519 tanti
1525 5482 1592 5520 ea
1645 5467 1841 5532 fieret;

185 5544 471 5619 quamvis
502 5561 733 5617 magna,
767 5565 891 5605 meo
936 5552 1172 5623 quidem
1218 5554 1469 5626 judicio,
1522 5555 1848 5614 diti'erentia

262 5729 279 5763 ι
312 5728 447 5780 Act.
484 5742 559 5793 ιι,
588 5726 691 5795 24;
726 5744 850 5795 x111,
880 5730 932 5787 2.

1944 4752 2239 4820 Ἐπιστολὴ
2287 4756 2395 4804 τῶν
2442 4746 2647 4817 ἄλλων,
2693 4746 2776 4801 ὅτι
2822 4768 2880 4801 τε
2914 4750 3127 4823 πρῶτος
3180 4745 3470 4804 ἐπίσκοπος
3500 4743 3587 4811 ἦν,

1944 4844 2033 4897 καὶ
2094 4842 2174 4896 ὅτι
2232 4842 2329 4907 τῆς
2392 4839 2596 4910 Πέτρου
2649 4834 3063 4912 καθολικωτὲρα
3097 4856 3108 4867 ·
3167 4841 3284 4896 ταῖς
3341 4834 3439 4909 γὰρ
3496 4831 3595 4885 ἀνᾶ

1946 4938 2115 4985 πᾶσαν
2173 4931 2271 4997 τήν
2324 4935 2424 5003 γῆν
2494 4924 2907 5001 ὃιεσπαρμὲναις
2962 4924 3166 5001 ἐγράφη
3231 4920 3439 4977 δώδεκα
3494 4940 3593 4995 φυ-

1950 5020 2093 5081 λαῖς.
2154 5020 2272 5075 Hoc
2330 5024 2462 5071 est:
2514 5017 2695 5071 Posita
2747 5021 2825 5070 est
2874 5019 3000 5069 ante
3056 5016 3203 5068 alias
3286 5010 3601 5067 catholicas

1950 5111 2192 5179 Epistola
2220 5108 2442 5166 Jacobi;
2474 5114 2591 5160 tum
2625 5106 2756 5174 quia
2788 5107 2833 5157 is
2861 5106 3081 5174 primus
3128 5111 3245 5157 erat
3292 5103 3600 5172 episcopus,

1951 5204 2069 5253 tum
2099 5198 2230 5269 quia
2260 5198 2359 5250 illa
2390 5194 2758 5249 universalior
2786 5198 2860 5247 est
2907 5192 3135 5262 epistola
3187 5193 3339 5247 Petri
3385 5188 3600 5259 (prima

1953 5287 2193 5356 scilicet)
2216 5303 2233 5345 :
2265 5283 2545 5338 duodecim
2575 5283 2776 5353 quippe
2824 5282 3077 5336 tribubus
3133 5297 3229 5351 per
3283 5280 3604 5333 universum

1952 5378 2133 5433 orbem
2181 5374 2445 5444 dispersis
2490 5373 2693 5442 scripta
2741 5375 2818 5425 est
2878 5371 3131 5441 Denique
3196 5371 3250 5423 S.
3326 5367 3602 5436 Hierony-

1956 5482 2109 5529 mus,
2144 5466 2199 5518 in
2252 5462 2398 5516 libro
2467 5476 2642 5531 quem
2692 5460 2764 5514 De
2816 5458 3271 5530 interpretatione
3317 5456 3605 5511 nominum

1954 5556 2362 5621 Hebraicorum,
2415 5548 2679 5605 imitatus
2763 5547 3065 5604 Philonem
3146 5564 3210 5604 ac
3267 5545 3601 5619 Origeuem,
