4090 6340
543 352 665 413 655

1715 364 1776 421 S.
1827 363 2030 422 BARN
2044 363 2245 424 ABAS
2287 363 2771 425 APOSTOLUS.

3829 371 3920 434 656

543 489 890 561 composuit,
923 491 1072 546 inter
1100 491 1238 546 Novi
1279 493 1634 548 Testamenti
1680 493 1859 549 libros
1899 513 2010 550 non
2062 499 2178 549 sta-
2209 500 2263 562 Α
2291 496 2484 567 ginem
2516 497 2672 554 illius
2705 502 3003 571 repeteret,
3038 516 3070 554 ο.
3101 503 3461 571 temporibus
3482 503 3777 562 excidium
3811 521 3921 561 mox

544 577 756 633 tuisset
783 578 1101 649 Epistolam
1135 581 1431 646 Barnabas,
1473 582 1623 638 sicut
1656 584 1812 648 facit,
1847 601 2021 655 quam
2062 585 2183 655 ipse

544 681 676 722 cum
707 668 1052 740 apocryphis
1073 669 1389 741 Scripturis
1412 671 1659 743 legebat,
1693 672 1802 727 nisi
1835 673 2075 728 vidisset
2103 673 2184 727 ita

538 753 610 809 ab
641 753 884 827 Origene
915 757 1096 814 fuisse
1125 761 1446 815 actitatum.
1481 762 1757 816 Eamdem
1799 779 2030 832 quoque
2060 778 2183 816 sen-

535 843 780 899 tentiam
833 846 1325 917 deprehendimus
1376 849 1431 903 in
1484 850 1729 920 antiqua
1771 850 2179 905 Stichometria

537 932 758 1002 Latina,
789 951 916 1006 quae
954 940 1142 992 exstat
1187 937 1248 992 in
1295 939 1524 994 duobus
1567 939 1734 994 libris
1785 939 2180 994 mss...altero

536 1038 652 1078 non
685 1023 909 1095 pridem
940 1028 1330 1081 Puteanorum
1374 1029 1658 1094 Fratrum,
1710 1045 1863 1083 nunc
1907 1028 2179 1082 Christia-

535 1109 767 1168 nissimi
797 1113 968 1183 regis,
1001 1113 1180 1170 altero
1212 1116 1632 1172 monachorum
1666 1117 1862 1172 Sancti
1882 1116 2176 1172 Germani.

533 1199 658 1256 Illic
685 1200 944 1273 Epistola
973 1203 1248 1259 Barnabas
1315 1204 1634 1262 collocatur
1682 1211 1812 1278 post
1864 1205 2176 1277 Epistolam

531 1289 717 1358 Juda,
748 1294 884 1347 ante
909 1291 1158 1349 Joannis
1188 1293 1614 1350 Revelationem
1669 1300 1725 1350 et
1755 1299 1926 1351 Actus
1957 1298 2180 1367 aposto-

531 1377 746 1435 lorum.

598 1466 813 1524 Verum
842 1468 902 1524 in
934 1471 1132 1527 omnia
1161 1471 1391 1528 diversa
1420 1474 1645 1529 abierat
1678 1478 1998 1545 praeceptor
2049 1471 2176 1527 Ori-

529 1559 716 1631 genis,
779 1561 1045 1618 Clemens
1101 1560 1552 1632 Alexandrinus,
1599 1563 1815 1634 quippe
1861 1563 1960 1633 qui
2009 1579 2178 1634 opus,

531 1651 685 1722 quod
739 1651 922 1708 credit
966 1667 1093 1707 esse
1141 1651 1436 1719 Barnabaz,
1491 1652 1820 1724 impugnat,
1876 1653 2009 1706 licet
2040 1669 2176 1722 sup-

527 1754 751 1812 presso,
809 1740 1049 1797 honoris
1124 1757 1320 1808 causa,
1386 1741 1662 1809 nomine;
1747 1743 2056 1809 Pwdagogi
2113 1759 2177 1813 ιι,

527 1846 655 1901 cap.
675 1831 758 1885 10.
775 1831 837 1885 Id
858 1847 1027 1904 porro
1051 1846 1424 1902 nequaquam
1448 1831 1854 1899 commisisset,
1879 1831 1928 1885 si
1964 1831 2036 1884 ad
2074 1836 2178 1884 Ca-

527 1933 744 1974 nonem
765 1919 1051 1990 pertinere
1077 1919 1281 1974 fuisset
1302 1919 1732 1975 arbitratus.Ac
1754 1919 1898 1974 forte
1911 1919 2166 1990 suspicio

521 2007 637 2063 erit
659 2007 852 2076 alicui,
874 2007 1129 2064 variasse
1149 2008 1522 2085 Clementem,
1547 2013 1646 2064 aut
1667 2026 1730 2064 se
1750 2009 1821 2063 ad
1845 2008 2165 2063 multorum

524 2096 860 2169 opinionem
892 2098 1384 2164 accommodasse,
1418 2102 1543 2152 tum
1563 2114 1695 2152 cum
1726 2097 2162 2168 Scripturarum

523 2185 718 2241 Ganon
749 2190 937 2242 certos
968 2185 1183 2242 limites
1209 2187 1470 2242 nondum
1503 2193 1819 2258 acceperat.
1843 2187 1901 2240 Si
1925 2187 2161 2257 quidem

519 2273 581 2330 in
639 2273 805 2330 libris
855 2274 1302 2344 Ὑποτυπώσεων,
1366 2276 1645 2330 referente
1715 2274 1959 2330 Eusebio
2023 2277 2158 2329 Hist.

519 2361 623 2419 lib.
655 2381 734 2433 v1,
764 2380 896 2436 cap.
929 2365 1016 2434 14,
1049 2382 1166 2420 una
1214 2381 1348 2419 cum
1394 2365 1534 2418 Novi
1583 2364 1941 2418 Testamenti
1991 2364 2159 2419 libris

521 2457 888 2509 enarraverat
933 2452 1251 2526 Epistolam
1305 2454 1622 2520 Barnabas;
1674 2470 1849 2522 quam
1914 2454 2158 2507 fortasse

523 2541 1094 2614 pseudepigrapham
1122 2542 1380 2608 rebatur,
1413 2543 1645 2613 quando
1665 2543 2024 2597 confutabat.
2047 2543 2156 2596 Sed

519 2635 576 2688 et
605 2631 1011 2701 Hieronymus,
1044 2649 1224 2704 supra
1252 2633 1464 2688 citatus
1494 2634 1563 2687 de
1591 2633 1819 2687 notione
1840 2633 1998 2687 vocis
2019 2634 2158 2699 Apo-

517 2720 786 2792 cryphum
815 2737 918 2792 pro
950 2737 1120 2792 opere
1146 2722 1267 2776 talsi
1292 2721 1480 2788 tituli;
1507 2721 1772 2776 tamenin
1800 2721 1941 2776 locis
1960 2721 2157 2776 relatis

516 2807 671 2864 inter
699 2813 958 2864 veterum
991 2809 1370 2876 Testimonia,
1399 2810 1714 2881 Epistolam
1740 2810 2157 2881 apocrypham,

516 2914 629 2954 non
684 2898 1246 2970 pseudepigrapham
1299 2897 1438 2953 vult.
1490 2899 1818 2962 Quinetiam
1851 2917 1884 2952 a
1928 2898 2155 2955 Gelasio

515 2987 844 3060 apocrypha
874 3004 987 3042 non
1022 3005 1126 3059 pro
1176 2987 1696 3059 pseudepigraphis
1727 2989 2008 3042 duntaxat
2050 3005 2154 3043 su-

513 3081 777 3146 muntur,
806 3077 896 3133 vel
928 3094 1179 3152 quorum
1219 3079 1423 3133 secreti
1473 3081 1737 3132 auctores
1781 3083 1954 3148 atque
1991 3077 2152 3133 inco-

509 3168 678 3242 gniti,
707 3185 908 3225 verum
938 3185 1042 3241 pro
1063 3167 1336 3223 omnibus
1360 3183 1485 3237 quae
1508 3166 1645 3237 quia
1672 3173 1866 3221 notam
1891 3167 2148 3238 aliquam

2292 585 2821 657 subsequentibus;
2855 589 2935 643 ita
2966 587 3113 643 male
3145 605 3247 660 per
3278 593 3604 650 secundum
3631 593 3918 650 conclude-

2292 678 2449 728 retur
2478 676 2700 731 natales
2731 678 2990 745 ejusdem
3023 678 3360 750 contigisse,
3394 683 3592 738 statim
3620 687 3917 754 antequam

2290 761 2554 818 Clemens
2585 765 2766 820 libros
2797 783 2935 822 suos
2965 774 3356 839 componeret.
3375 771 3461 826 An
3492 772 3651 827 enim
3697 789 3918 828 necesse

2292 851 2418 916 fuit,
2454 856 2517 906 ut
2545 852 2760 925 ingenii
2795 860 3241 911 monumentum
3282 861 3708 932 apocryphum,
3762 860 3917 916 simul

2289 957 2354 994 ac
2384 957 2412 994 e
2445 943 2715 998 manibus
2746 944 3044 1016 scriptoris
3075 945 3309 1016 exierat,
3343 947 3500 1003 illico
3544 951 3614 1004 ad
3669 967 3916 1006 commu-

2291 1045 2420 1082 nem
2439 1030 2702 1086 notitiam
2728 1033 3063 1101 perveniret,
3087 1038 3257 1104 atque
3275 1051 3307 1088 a
3331 1035 3602 1091 Patribus
3616 1037 3918 1092 citaretur?

2289 1134 2354 1170 eo
2387 1119 2705 1189 praesertim
2739 1125 3017 1192 tempore,
3049 1138 3162 1192 quo
3193 1128 3251 1176 et
3281 1123 3634 1191 scribebant,
3660 1127 3918 1197 pauci,et

2290 1207 2388 1276 qui
2420 1225 2527 1262 sua
2553 1207 2762 1263 litteris
2793 1209 3253 1272 committebant,
3279 1211 3433 1267 solos
3453 1213 3573 1269 fere
3595 1215 3654 1268 in
3676 1215 3920 1270 testima

2290 1295 2452 1350 nium
2484 1297 2840 1353 adhibebant
2871 1315 3068 1354 sacros
3098 1299 3277 1354 libros
3304 1317 3317 1354 :
3344 1305 3408 1355 ut
3438 1319 3554 1356 non
3575 1320 3919 1359 commemo-

2290 1401 2410 1439 rem
2454 1385 2956 1442 luctuosissimam
2983 1387 3348 1444 voluminum
3399 1389 3918 1448 ecclesiasticorum

2288 1474 2578 1544 prioribus
2612 1476 2841 1532 sreculis
2861 1480 3228 1532 exaratorum
3243 1479 3562 1548 jacturam.
3585 1479 3790 1551 Itaque
3814 1498 3922 1537 me-

2287 1563 2383 1617 dia
2413 1563 2504 1617 via
2532 1563 2916 1620 incedendum
2949 1565 3212 1634 videtur;
3253 1572 3310 1622 et
3361 1569 3728 1624 referendum
3781 1587 3920 1644 opus

2288 1653 2358 1706 ad
2407 1657 2638 1723 tempus
2685 1654 2838 1724 quod
2889 1654 3040 1710 inter
3083 1660 3399 1728 utrumque
3449 1658 3796 1727 intercedit;
3848 1660 3924 1714 ita

2287 1745 2482 1796 tamen
2518 1748 2580 1795 ut
2611 1742 2680 1796 ad
2712 1743 2967 1814 primum
3008 1745 3196 1816 magis
3242 1747 3510 1802 accedat:
3565 1763 3748 1819 quam
3799 1765 3916 1804 rem

2287 1828 2587 1885 character
2617 1831 2866 1900 dicendi,
2899 1832 3277 1904 apostolicam
3307 1836 3719 1907 antiquitatem
3751 1838 3918 1894 redo-

2278 1917 2427 1985 lens,
2459 1935 2575 1974 non
2605 1920 2851 1976 obscure
2884 1921 3190 1990 signiﬁcat.

2347 2011 2954 2075 Quantaeauctoritatis.
2977 2012 3271 2078 Quantum
3296 2014 3367 2068 ad
3399 2015 3719 2071 secundam
3745 2015 3919 2072 inter-

2275 2097 2654 2167 rogationem,
2687 2099 2758 2154 de
2793 2100 3063 2170 praesenti
3085 2105 3344 2174 tempore
3371 2102 3534 2159 nulla
3563 2104 3750 2160 oritur
3774 2106 3921 2161 dim-

2273 2185 2480 2241 cultas.
2511 2187 2749 2242 Constat
2781 2187 2932 2243 inter
2971 2206 3192 2254 omnes,
3226 2191 3546 2262 Epistolam
3595 2193 3656 2248 in
3688 2210 3917 2250 canone

2271 2275 2466 2330 locum
2489 2292 2602 2330 non
2621 2276 2972 2332 habere.Nec
2987 2278 3180 2333 minus
3195 2285 3458 2335 constare
3475 2282 3915 2354 debet,dignam

2271 2381 2398 2419 esse
2415 2382 2623 2430 magna
2637 2367 3024 2435 veneratione,
3039 2384 3164 2439 quae
3181 2373 3408 2424 tantum
3430 2370 3486 2424 fu
3497 2372 3824 2427 eratzetatis
3837 2378 3919 2426 at-

2272 2470 2382 2523 que
2393 2453 2927 2510 existimationis.Si
2945 2460 3138 2510 autem
3157 2458 3595 2514 consideremus
3611 2460 3806 2531 prima
3817 2478 3918 2516 sae-

2270 2542 2420 2608 cula,
2455 2544 2688 2613 quando
2719 2559 2938 2597 canone
2969 2544 3193 2600 diverso
3244 2547 3561 2602 utebantur
3598 2548 3870 2605 Ecclesiae
3901 2575 3915 2614 ;

2269 2631 2425 2686 varia
2447 2631 2505 2685 in
2523 2631 2718 2687 studia
2749 2632 2917 2688 scissi
2949 2632 3183 2688 fuerunt
3207 2633 3541 2690 Christiani.
3567 2637 3629 2691 Id
3650 2647 3712 2692 ut
3735 2637 3915 2694 intel-

2267 2719 2504 2791 ligatur,
2545 2721 2849 2776 observare
2881 2726 3108 2792 oportet
3135 2722 3594 2794 Scripturarum,
3629 2742 3758 2797 quae
3812 2733 3916 2783 aut

2267 2826 2442 2864 sacra:
2461 2815 2618 2876 sunt,
2653 2814 2754 2864 aut
2784 2809 2932 2866 tales
2962 2815 3102 2865 sunt
3131 2810 3344 2866 habitze
3375 2830 3409 2868 a
3435 2814 3758 2886 nonnullis,
3795 2834 3914 2872 non

2268 2915 2442 2952 unam
2477 2899 2629 2969 apud
2662 2903 2896 2954 sanctos
2926 2899 3124 2955 Patres
3148 2901 3386 2972 reperiri
3408 2902 3782 2960 divisionem.
3819 2905 3913 2960 In-

2264 2988 2492 3042 terdum
2525 2986 2737 3058 duplex
2757 2986 3124 3043 solummodo
3149 2989 3214 3043 ﬁt
3243 2989 3578 3060 Scriptura;
3601 2996 3909 3061 canonica,

2264 3077 2431 3145 cujus
2454 3077 2704 3131 dictator
2727 3076 2976 3147 Spiritus
2998 3084 3256 3144 sanctus,
3282 3083 3338 3133 et
3358 3081 3712 3152 apocrypha,
3733 3084 3912 3154 cuius

2262 3171 2462 3220 auctor
2482 3165 2655 3221 homo
2677 3164 2857 3220 solus.
2883 3169 2969 3220 lta
2990 3166 3444 3238 Hieronymusin
3467 3170 3697 3239 Prologo
3717 3174 3908 3242 galea-

511 3237 720 3315 mereri
749 3237 1041 3325 videntur,
1083 3257 1200 3313 sive
1249 3255 1693 3327 suppositionis,
1746 3256 1864 3311 sive
1912 3237 2144 3322 erroris,
2179 3237 2220 3303 (ἶ
2262 3265 2334 3320 ιο,
2370 3255 2755 3326 Augustinus,
2791 3255 2828 3308 l.
2862 3272 2901 3308 II
2928 3259 3008 3310 De
3038 3255 3296 3311 doctrina
3326 3257 3664 3326 Christiana,
3696 3277 3828 3333 cap.
3852 3264 3908 3328 8,

511 3348 632 3402 sive
689 3347 1031 3419 impietatis.
1085 3346 1362 3401 abscondi
1409 3346 1620 3400 debent
1676 3350 1848 3416 atque
1896 3345 2153 3415 ignorari

515 3435 854 3511 (ἀποκρυφῆς
890 3431 1098 3506 μᾶλλον
1200 3433 1552 3507 ἀναγνώσεως
1598 3433 1734 3503 ἄξια,
1767 3435 1906 3489 dicit
1955 3439 2154 3488 auctor

517 3525 815 3598 Synopseos
859 3539 1034 3580 sacrae
1081 3524 1381 3595 Scriptura:
1429 3523 1684 3578 creditus
1750 3524 2148 3593 Athanasius),

514 3629 620 3670 nec
647 3613 707 3669 in
738 3612 970 3685 publica
997 3613 1214 3668 versari
1245 3613 1470 3678 notitia,
1503 3615 1656 3667 sicut
1705 3613 1838 3667 libri
1887 3614 2144 3668 canonici

508 3703 960 3776 Scripturarum,
1002 3701 1121 3756 etii
1152 3702 1526 3757 ecclesiastici
1571 3703 1825 3770 Patrum,
1858 3703 1958 3774 qui
2000 3703 2147 3758 inof-

505 3793 669 3848 fenso
701 3791 847 3864 pede
875 3791 1104 3846 decurri
1137 3797 1377 3862 queunt.
1404 3792 1590 3854 Quare
1623 3792 1772 3845 inter
1817 3793 2145 3863 apocrypha

502 3885 766 3938 recenset
793 3879 1107 3936 Clementis
1137 3878 1508 3933 Alexandrini
1557 3879 1858 3950 opuscula,
1913 3880 2141 3934 Tertul-

501 3970 666 4040 liani,
697 3968 986 4041 Cypriani,
1031 3968 1292 4033 Arnobii,
1346 3968 1646 4037 Lactantii,
1699 3969 1948 4032 Eusebii,
1998 3969 2137 4025 alio-

501 4075 653 4128 rum,
687 4058 956 4130 quamvis
987 4058 1247 4112 indubia.

570 4148 650 4202 Ex
688 4148 904 4219 quibus
953 4148 1228 4202 omnibus
1275 4147 1601 4211 conﬁcitur,
1655 4164 1766 4200 non
1817 4149 2132 4205 admodum

494 4235 714 4291 clarere
746 4241 944 4291 utrum
977 4240 1319 4308 praesentem
1347 4235 1659 4308 Epistulam
1684 4237 2017 4304 ailjudicare
2040 4241 2134 4294 de-

491 4324 737 4381 beamus
766 4326 1041 4380 Barnabe
1073 4324 1353 4396 apostolo,
1374 4342 1445 4379 an
1470 4324 1633 4379 alteri
1656 4325 1876 4380 homini
1897 4332 2127 4397 aposto-

486 4411 618 4482 lico,
657 4413 757 4487 qui
809 4421 912 4470 aut
958 4415 1234 4470 Barnabas
1293 4431 1504 4469 nomen
1565 4416 1969 4485 assumpserit,
2025 4424 2128 4472 aut

485 4501 762 4558 Barnabas
785 4503 960 4558 fuerit
990 4502 1372 4575 cognominis,
1407 4508 1579 4572 prout
1609 4520 1642 4557 a
1674 4503 1880 4574 primis
1929 4505 2124 4561 Chris-

2263 3349 2318 3398 ct
2350 3344 2628 3411 Isidorus,
2663 3346 2950 3414 Originum
2982 3344 3081 3398 lib.
3115 3351 3349 3417 v1,'cap.
3470 3347 3564 3403 Sic
3585 3349 3764 3404 etiam
3789 3352 3910 3407 duo

2262 3434 2912 3504 generaScripturarum
2939 3438 3236 3504 ponuntur
3257 3434 3315 3489 in
3338 3436 3603 3507 Eusebio,
3618 3439 3750 3494 Hist.
3769 3443 3907 3496 εδει.

2259 3523 2358 3577 lib.
2423 3541 2502 3589 In,
2561 3539 2688 3594 cap.
2738 3525 2789 3590 3,
2841 3520 3296 3596 ὁμολογουμένων
3351 3523 3440 3576 καὶ
3499 3523 3909 3601 ἀναντιῤῥήτων

2259 3617 2313 3665 et
2342 3614 2448 3663 τῶν
2483 3611 2556 3681 μή
2590 3609 2872 3677 τοιούτων,
2903 3611 2958 3665 in
2991 3611 3292 3666 Athanasii
3323 3629 3424 3666 seu
3482 3613 3724 3670 alterius
3757 3617 3914 3688 Syn-

2257 3702 2393 3770 opsi,
2452 3700 2878 3770 κανονιζομὲνων
2938 3705 2994 3754 et
3056 3699 3128 3770 μὴ
3187 3699 3616 3772 κανονιζομένων
3677 3705 3737 3759 in
3791 3707 3910 3778 Cy-

2257 3789 2367 3842 rilli
2405 3789 2910 3860 Hierosolymitani
2971 3794 3181 3860 quarta
3237 3791 3545 3861 catechesi,
3577 3793 3676 3859 τῆς
3708 3792 3908 3863 διαθή-

2249 3897 2353 3946 κης
2417 3877 2506 3930 καὶ
2563 3878 2709 3952 παρὰ
2763 3882 2919 3930 πᾶσιν
2998 3876 3456 3952 ὁμολογουμένων
3543 3886 3601 3936 et
3654 3881 3907 3957 ἀποκρύ-

2249 3987 2360 4042 φων
2393 3967 2501 4034 καὶ,
2542 3961 3062 4044 ἀμφιϐαλλομένων,
3126 3968 3182 4022 in
3234 3969 3493 4041 Gregorii
3544 3970 3907 4029 Nazianzeni

2245 4056 2501 4111 carmine
2556 4058 2647 4124 33,
2703 4055 2856 4108 Θείων
2915 4073 3015 4111 seu
3074 4054 3306 4128 γνησίων
3367 4063 3426 4114 et
3463 4058 3904 4134 παρεγγράπτων

2245 4164 2344 4201 seu
2381 4146 2454 4216 μὴ
2484 4144 2720 4218 γνησίων
2749 4164 2762 4212 ;
2787 4146 2940 4217 apud
2996 4145 3406 4219 Hieronymum
3465 4148 3716 4219 epistola
3752 4152 3902 4223 .129,

2242 4240 2298 4289 et
2331 4236 2385 4290 in
2427 4241 2601 4306 caput
2631 4253 2668 4289 ιι
2705 4235 2971 4305 Epistolas
3003 4235 3074 4290 ad
3107 4235 3328 4303 Titum,
3361 4240 3419 4291 et
3453 4239 3902 4296 Commentario

2238 4325 2296 4378 in
2330 4326 2608 4390 Psalmos,
2642 4324 2690 4379 si
2725 4330 2915 4378 tamen
2950 4324 3130 4393 hujus
3159 4323 3294 4379 libri
3318 4331 3519 4380 auctor
3541 4326 3901 4386 existiman-

2237 4414 2346 4468 dus
2378 4418 2486 4479 est,
2517 4413 2586 4466 ad
2607 4412 2901 4484 psalmum
2933 4429 3118 4478 cxux,
3150 4413 3649 4471 ecclesiastica-rum
3677 4422 3736 4473 et
3756 4436 3902 4490 apo-

2231 4503 2606 4573 rrypharum:
2652 4503 2805 4572 apud
2856 4502 3262 4557 Innocentium
3313 4519 3548 4574 papam,
3599 4507 3773 4577 epist.
3829 4510 3897 4573 3,

482 4592 695 4648 stianis
727 4592 963 4648 nomina
997 4591 1392 4663 apostolorum
1423 4592 1686 4646 affectata
1719 4594 1897 4647 fuisse
1960 4594 2126 4648 docet
2157 4604 2200 4666 Ι)
2233 4608 2358 4662 cap.
2393 4594 2447 4657 7,
2505 4596 2844 4655 receptarum
2900 4593 2958 4644 in
3002 4607 3210 4645 canone
3259 4608 3325 4646 ac
3377 4593 3896 4662 repudiandarunr.

482 4696 588 4736 nos
626 4681 937 4754 Dionysius
980 4680 1404 4735 Alexandrinus
1452 4685 1601 4751 apud
1661 4682 1971 4736 Eusebium
2018 4682 2118 4736 lib.
2231 4679 2556 4750 Aliquando
2589 4679 2794 4749 triplex
2826 4680 3124 4750 Scriptura
3153 4679 3528 4750 perhibetur:
3571 4685 3896 4754 canonica,

477 4786 575 4837 vn,
612 4787 736 4841 cap.
769 4773 858 4825 25.
892 4771 965 4826 Eo
989 4770 1177 4842 magis
1211 4769 1448 4835 inclino,
1474 4774 1820 4824 utccnseam
1847 4788 1959 4825 non
1991 4788 2118 4826 esse
2230 4770 2466 4822 omnino
2498 4768 2862 4839 recipienda:
2897 4769 3248 4839 apocrypha,
3277 4769 3508 4839 penitus
3523 4771 3892 4843 rejicienda;

475 4858 741 4929 apostoli.
777 4861 937 4924 Quod
968 4860 1018 4913 si
1061 4858 1191 4930 quis
1243 4859 1486 4913 certiora
1530 4861 1800 4929 proferat,
1852 4862 2112 4930 gratissi-
2226 4865 2282 4911 et
2305 4858 2500 4922 dubia,
2535 4858 2684 4912 inter
2706 4862 3016 4929 utramque
3038 4859 3230 4927 posita
3257 4875 3270 4922 ;
3297 4859 3369 4911 ab
3391 4857 3689 4930 aliquibus
3711 4861 3890 4918 vide-

473 4963 629 5003 mam
660 4947 757 5004 ille
789 4964 908 5003 rem
944 4947 1132 5003 faciet.
1169 4947 1284 5019 Ego
1317 4948 1469 5018 quod
1494 4947 1690 5003 nescio
1709 4949 1856 5003 scire
1887 4966 1979 5004 me
1999 4967 2110 5005 non
2224 4946 2357 5002 licet
2388 4945 2667 5015 admissa,
2703 4946 3004 5017 repudiata
3036 4946 3108 5000 ab
3139 4945 3270 5001 aliis
3301 4964 3314 5014 ;
3348 4947 3525 5002 mista
3571 4954 3630 5002 et
3675 4950 3892 5008 media

469 5051 714 5107 possum
746 5037 1025 5109 proﬁteri.
2222 5036 2371 5090 inter
2396 5051 2710 5106 genuinam
2743 5052 2809 5090 ac
2839 5035 3081 5090 notham
3105 5052 3118 5102 ;
3143 5051 3287 5089 verae
3311 5036 3594 5106 proxima,
3627 5039 3718 5093 cui
3738 5056 3890 5096 con-

536 5125 781 5196 Epistola
809 5128 1106 5193 Barnabas,
1141 5126 1357 5196 quando
1386 5128 1609 5196 scripta.
1642 5125 1805 5180 Dices
1834 5144 1845 5180 :
1899 5126 1958 5180 Si
1993 5145 2107 5183 non
2219 5125 2523 5178 tradicitur
2552 5123 2807 5192 quidem,
2843 5123 3028 5178 honor
3048 5129 3244 5178 tamen
3272 5123 3523 5179 habetur
3539 5129 3603 5179 ut
3637 5126 3893 5199 legatur

465 5217 554 5268 est
582 5215 849 5286 apostoli,
882 5217 1116 5287 quando
1147 5214 1363 5286 scripta
1394 5213 1548 5269 fuit?
1580 5221 1807 5284 quantae
1841 5215 2108 5271 habenda
2216 5213 2691 5278 catechumenis;
2727 5229 2898 5282 quam
2933 5212 3171 5266 demum
3204 5211 3336 5266 licet
3385 5229 3500 5267 non
3548 5215 3755 5271 eodem
3809 5218 3888 5275 in

462 5306 520 5356 et
549 5301 746 5358 habita
777 5305 1136 5360 auctoritatis
1158 5305 1185 5358 ‘?
1219 5309 1294 5358 De
1326 5304 1536 5374 primo,
1573 5308 1728 5374 patet
1750 5320 1816 5358 ex
1842 5305 2103 5375 Epistole
2215 5303 2397 5374 pretio
2429 5301 2680 5356 habeant
2710 5301 2987 5356 Catholici
3019 5317 3083 5355 ac
3115 5302 3480 5367 canonicam,
3515 5306 3579 5356 ut
3610 5319 3681 5358 ex
3710 5321 3777 5359 ea
3809 5305 3890 5361 ti-

460 5404 586 5460 cap.
620 5392 686 5446 16
705 5392 902 5448 data'n
936 5394 1115 5448 fuisse
1143 5400 1271 5464 post
1302 5393 1591 5448 excidium
1633 5392 2104 5464 Ilierosolymita-
2212 5393 2300 5446 dei
2335 5392 2608 5463 dogmata
2636 5391 3002 5457 confirment,
3037 5407 3150 5444 non
3184 5389 3311 5445 ideo
3347 5390 3880 5460 quemadmodum

457 5493 620 5534 num.
656 5479 864 5551 Liquet
893 5481 1068 5537 etiam
1098 5499 1166 5537 ex
1195 5481 1490 5537 Clemente
1526 5480 1938 5550 Alexandrino,
1969 5482 2099 5538 lau-
2211 5481 2602 5554 apocrypham
2643 5479 3073 5544 abominantur,
3126 5484 3300 5550 atque
3329 5496 3360 5534 e
3391 5478 3630 5550 templis
3663 5481 3879 5538 elimi—

456 5565 653 5622 datore
696 5568 988 5639 Epistolis,
1040 5575 1172 5624 ante
1221 5571 1394 5623 ﬁnem
1439 5570 1680 5624 secundi
1732 5570 1924 5625 saculi
1965 5590 2096 5643 pro-
2209 5574 2368 5636 nant,
2403 5569 2665 5640 quinimo
2696 5586 2829 5623 cum
2865 5570 3181 5623 reverentia
3212 5568 3532 5640 excipiunt,
3563 5585 3631 5623 ac
3670 5571 3730 5625 in
3759 5590 3872 5629 ec-

452 5654 650 5714 diiese.
685 5656 846 5714 Sicut
876 5663 1070 5714 autem
1104 5674 1204 5730 per
1234 5659 1488 5729 primum
1526 5675 1636 5713 non
1661 5660 1800 5713 bene
1816 5660 1947 5731 quis
1979 5661 2092 5716 ori-
2205 5658 2396 5716 clesiis
2427 5659 2496 5714 ad
2530 5657 2716 5731 plebis
2740 5658 3178 5714 aediﬁcationem
3200 5657 3484 5715 lectitant.
3515 5658 3631 5715 ista
3651 5662 3875 5720 edoce-
