4090 6340
267 436 391 499 687

1670 433 2283 499 PROLEGOMENA.

3549 432 3671 496 658

268 589 412 628 mur
441 572 514 628 ab
546 570 793 646 Origene
822 572 890 628 ad
919 572 1163 628 Joannis
1195 589 1268 642 ιν,
1300 573 1404 641 22;
1456 572 1727 640 Eusebio,
1779 573 1911 626 Hist.
1945 572 1998 637 Α
2031 571 2102 624 ab
2135 570 2479 642 Hieronymo
2511 569 2859 642 apocrypha,
2894 584 2998 624 seu
3029 570 3192 624 extra
3245 580 3547 635 canonem,
3598 565 3671 621 ad

259 659 368 716 lib.
407 678 491 728 ιιι,
525 677 647 733 cap.
681 663 737 732 3,
767 662 856 732 25,
887 662 976 732 31,
1009 666 1066 716 et
1107 661 1280 729 alibi;
1328 661 1645 717 Athanasio
1688 662 1750 715 in
1786 661 1915 732 Epi-

263 750 424 805 stola
455 749 691 819 Festali,
715 754 772 805 et
798 751 857 805 in
887 749 1123 822 επηορδὶ
1159 751 1357 806 divinae
1405 752 1744 822 Scriptura;
1779 752 1912 803 Am-

266 839 568 911 philochio
600 840 658 894 in
692 839 946 894 Iambico
976 841 1232 896 carmine
1263 842 1332 896 ad
1368 840 1694 908 Seleucum,
1728 839 1916 894 Hiero-

268 944 446 1000 nymo
480 928 540 982 in
573 929 1010 998 praefationibus
1041 929 1114 984 ad
1143 929 1366 998 Judith,
1390 934 1447 984 et
1477 931 1548 984 ad
1597 929 1708 984 tria
1764 929 1918 983 Salo-

268 1017 464 1072 monis
493 1015 824 1084 volumina;
855 1017 1151 1072 Rutino-in
1184 1019 1427 1089 Symboli
1455 1021 1812 1088 expositione,
1863 1021 1917 1071 et

270 1106 597 1178 Nicephoro
627 1105 1272 1179 Constantinopolitano
1323 1108 1379 1162 in
1413 1108 1636 1162 Canone
1665 1108 1915 1178 Scriptu-

266 1212 482 1250 rarum.
515 1195 690 1250 Porro
715 1196 1021 1268 utriusque
1067 1196 1242 1267 hujus
1299 1197 1603 1252 divisionis
1653 1198 1914 1250 membra

268 1284 749 1340 subdividuntur.
832 1285 895 1338 In
955 1285 1165 1356 prima,
1227 1285 1513 1340 canonica
1593 1285 1918 1356 Scripturas,

255 1373 433 1444 juxta
465 1372 813 1427 sententiam
853 1374 1041 1428 sancti
1069 1375 1401 1445 Augustini,
1441 1374 1564 1429 loco
1623 1375 1793 1429 citato
1850 1391 1917 1428 ex

263 1463 529 1517 Doctrina
558 1461 896 1531 Christiana,
947 1462 1033 1517 vel
1091 1463 1162 1517 ab
1221 1464 1495 1519 omnibus
1551 1464 1918 1535 accipiuntur

262 1549 540 1606 Ecclesiis
571 1549 891 1618 catholicis,
916 1552 1004 1607 vel
1037 1569 1070 1606 a
1112 1551 1378 1623 pluribus
1428 1558 1487 1608 et
1530 1554 1914 1625 gravioribus,

263 1639 355 1694 vel
388 1639 820 1712 apaucioribus
853 1641 1216 1711 minorisque
1247 1642 1630 1708 auctoritatis,
1666 1643 1749 1697 vel
1771 1643 1916 1697 forte

265 1746 302 1782 a
329 1727 604 1800 pluribus
638 1734 696 1782 at
729 1746 842 1783 non
867 1729 1253 1801 gravioribus,
1288 1735 1389 1785 aut
1416 1731 1663 1801 denique
1718 1731 1913 1786 forsan

264 1835 302 1874 a
330 1817 695 1890 gravioribus
726 1818 825 1872 sed
853 1835 967 1874 non
1000 1818 1305 1890 pluribus;
1342 1820 1540 1891 sicque
1581 1824 1682 1874 aut
1723 1819 1910 1874 omni-

265 1907 477 1976 modae,
509 1911 611 1961 aut
639 1907 901 1976 majoris,
944 1912 1045 1962 aut
1091 1908 1331 1978 aequalis
1380 1909 1744 1964 auctoritatis
1778 1924 1910 1963 cen-
1947 1944 1994 2007 Β

265 1995 385 2050 seri
416 1996 645 2050 debent.
675 1999 861 2060 Quam
894 1995 1348 2068 inaequalitatem
1399 1999 1766 2053 auctoritatis
1810 1999 1913 2052 Ju-

265 2084 411 2138 dwis
441 2101 557 2139 non
574 2085 755 2140 fuisse
783 2085 1105 2140 inauditam
1127 2084 1332 2157 colligo
1359 2101 1426 2140 ex
1458 2085 1916 2155 Philone,lib.De

263 2175 384 2228 vita
404 2174 830 2245 contemplativa
861 2173 1155 2244 ;Josepho,
1181 2173 1566 2230 librorcontra
1595 2176 1912 2246 Appionem,

264 2266 442 2334 atque
471 2262 906 2335 Hieronymo,in
938 2262 1374 2334 praefationibus
1405 2265 1474 2318 ad
1509 2265 1788 2336 Reges,ad
1806 2265 1913 2318 To-

262 2351 524 2422 biam,ad
552 2351 961 2421 Juditham,ad
993 2352 1180 2423 Opera
1211 2353 1544 2407 Salomonis
1575 2357 1633 2407 et
1677 2354 1748 2407 ad
1799 2353 1914 2407 Da—

265 2440 499 2495 nielem.
532 2441 617 2495 Ab
656 2441 862 2496 eodem
890 2441 1237 2512 Augustino,
1260 2441 1360 2496 lib.
1411 2458 1550 2496 xvm
1589 2443 1664 2496 De
1689 2443 1916 2497 civitate

261 2530 379 2596 Dei,
413 2545 537 2600 cap.
565 2530 654 2595 36,
707 2527 921 2600 duplex
966 2545 1152 2584 canon
1199 2530 1626 2601 Scripturarum
1686 2531 1912 2586 Veteris

263 2618 624 2673 Testamenti
656 2619 836 2673 statui
867 2617 1131 2682 videtur;
1165 2633 1365 2673 earum
1398 2636 1544 2690 quas
1580 2620 1760 2674 Judai
1810 2637 1912 2691 pro

262 2707 564 2762 canonicis
588 2707 827 2772 habent,
860 2710 917 2761 et
945 2724 1145 2762 earum
1180 2724 1327 2778 quas
1352 2708 1642 2764 Ecclesia:
1685 2726 1801 2780 qua
1843 2710 1913 2763 de

263 2812 326 2851 re
358 2795 726 2851 consulendac
759 2797 962 2851 lsidori
997 2797 1278 2868 Origines,
1307 2796 1405 2851 lib.
1440 2815 1516 2861 v1,
1568 2814 1694 2868 cap.
1746 2800 1795 2851 1.
1848 2799 1910 2852 In

263 2885 469 2940 eadem
499 2883 690 2956 prima
711 2884 1138 2940 divisionelibri
1172 2885 1484 2958 apocryphi
1515 2889 1731 2957 gradus
1754 2887 1913 2942 simi-

267 2973 403 3028 liter
433 2973 720 3038 obtinent,
753 2978 924 3044 prout
963 2975 1033 3028 ad
1065 2974 1365 3028 veritatem
1397 2991 1462 3028 ac
1495 2976 1908 3045 pietatem,fal-

266 3061 503 3118 sitatam
533 3065 591 3117 et
621 3063 979 3134 impietatem
1013 3063 1204 3134 magis
1225 3069 1327 3118 aut
1358 3064 1555 3118 minus
1575 3067 1908 3136 vergunLln

264 3151 527 3206 secunda
555 3151 774 3222 pariter
796 3151 1107 3218 divisione,
1142 3151 1331 3206 dubia:
1378 3152 1708 3223 Scriptores,
1757 3155 1909 3226 apud

259 3238 704 3294 Eusebiumlib.
730 3257 790 3308 ιι,
823 3255 948 3311 cap.
982 3241 1084 3306 23;
1116 3239 1215 3295 lib.
1251 3255 1336 3305 ιιι,
1368 3258 1496 3313 cap.
1526 3243 1560 3295 3
1591 3247 1648 3297 ct
1682 3245 1770 3305 25,
1818 3244 1911 3298 di-

2031 660 2294 715 Ecclesia)
2353 660 2795 715 aediﬁcationem
2852 656 3197 728 pertinens:
3257 673 3290 712 ι
3345 655 3672 728 Nicephoro

2025 749 2664 820 Constantinopolitano
2700 765 2811 802 non
2843 747 3138 813 canonica,
3173 761 3288 800 non
3319 743 3670 817 apocrypha,

2025 840 2124 896 sed
2159 839 2250 892 cui
2274 837 2723 893 contradicitur:
2761 857 2792 892 a
2825 837 2982 892 nullo
3015 835 3345 908 apocrypha
3367 833 3669 890 deterioris

2025 934 2195 997 notae,
2230 946 2377 983 noxa
2408 928 2652 996 scilicet,
2681 927 2968 996 haeretica,
2993 925 3208 997 impia;
3241 925 3410 995 cujus
3438 923 3670 996 generis

2025 1019 2253 1072 videtur
2284 1019 2464 1072 fuisse
2495 1015 2870 1087 Evangelium
2903 1014 3250 1085 inscriptum
3274 1011 3509 1067 nomine
3529 1013 3665 1068 Bar-

2027 1109 2219 1174 nabrc;
2255 1108 2407 1179 quod
2439 1107 2495 1160 in
2521 1105 2765 1161 concilio
2800 1105 3058 1158 Romano
3080 1118 3254 1174 opera
3274 1100 3484 1157 Gelasii
3503 1101 3668 1156 dam-

2029 1200 2230 1250 natum
2261 1201 2366 1250 est.
2399 1195 2544 1249 Vide
2574 1211 2752 1265 supra
2780 1192 2945 1246 initio
2980 1195 3248 1246 notarum
3290 1189 3349 1244 in
3397 1189 3671 1246 Constitu-

2025 1288 2197 1340 tiones
2242 1286 2566 1355 apostolicos
2615 1287 2714 1354 (1),
2765 1279 3090 1336 Indiculum
3138 1279 3592 1350 Scripturarum,
3640 1293 3672 1334 θ

2026 1374 2375 1428 bibliotheca
2405 1373 2578 1444 Regia
2606 1373 3035 1442 depromptum.

2099 1465 2304 1517 Titulus
2332 1463 2605 1534 Epistolaz.
2643 1463 2842 1516 Restat
2871 1460 3027 1513 aliud
3060 1457 3227 1525 nihil,
3260 1457 3372 1514 nisi
3404 1458 3475 1513 de
3499 1456 3670 1513 titulo

2027 1552 2291 1624 Epistola:
2321 1553 2635 1623 inquirere,
2667 1552 2735 1605 ad
2772 1566 2918 1620 quos
2953 1547 3166 1619 scripta
3197 1547 3386 1602 fuerit.
3411 1547 3522 1602 Res
3551 1561 3668 1601 non

2028 1642 2225 1714 magni
2253 1645 2341 1695 est
2375 1640 2672 1696 momenti.
2699 1640 2771 1694 Ut
2790 1637 2944 1693 enim
2969 1634 3671 1708 pra-clareTertullianus:

2023 1733 2182 1786 Nihil
2207 1732 2271 1786 de
2300 1732 2480 1786 titulis
2526 1734 2770 1795 interest,
2821 1745 2946 1782 eum
2994 1727 3065 1782 ad
3116 1741 3304 1780 omnes
3359 1725 3678 1796 scripserint

2022 1821 2269 1892 apostoli,
2329 1830 2445 1875 tum
2505 1820 2574 1874 ad
2621 1817 2901 1889 quosdam.
2950 1821 3033 1870 Ac
3108 1816 3253 1870 forte
3319 1810 3676 1890 ἀνεπίγραφος

2023 1927 2254 1981 semper
2281 1910 2502 1964 exstitit
2535 1927 2546 1976 ;
2581 1907 2814 1978 qualem
2847 1904 3140 1960 cernimus
3160 1902 3405 1959 Joannis
3425 1901 3672 1974 apostoli

2026 1999 2297 2070 primam.
2323 1997 2484 2060 Quod
2518 1997 2565 2051 si
2598 1996 2766 2052 aliter
2795 2013 2856 2050 se
2888 2011 2980 2049 res
3010 1993 3242 2064 habeat,
3269 1991 3575 2064 conjiciam
3603 2008 3672 2048 ex

2025 2092 2144 2142 tota
2171 2087 2451 2142 orationis
2481 2085 2651 2150 serie,
2683 2086 2753 2140 ad
2785 2082 3144 2139 Christianos
3197 2081 3467 2137 Hebraeos
3524 2080 3668 2136 mis-

2026 2194 2171 2243 sam,
2203 2182 2434 2230 tenaces
2460 2174 2709 2229 nimium
2743 2173 3060 2244 antiquata:
3092 2172 3259 2245 legis,
3293 2173 3363 2227 ad
3397 2171 3669 2227 Hebraeos

2023 2266 2368 2336 inscriptam
2389 2264 2589 2319 fuisse.
2627 2263 2886 2333 [lincque
2919 2261 3106 2333 potuit
3126 2261 3248 2316 ﬁeri
3290 2264 3377 2328 ut,
3433 2263 3668 2332 accepto

2026 2372 2259 2410 rumore
2288 2355 2358 2408 de
2390 2352 2650 2425 Epistola
2680 2352 2930 2423 quadam
2965 2351 3242 2405 Barnabaa
3273 2349 3344 2404 ad
3403 2349 3672 2404 Hebraeos

2023 2462 2056 2500 a
2089 2461 2151 2498 se
2176 2461 2288 2498 non
2320 2444 2464 2509 visa,
2498 2441 2890 2497 Tertullianus
2921 2457 3048 2511 cap.
3079 2441 3169 2506 20,
3194 2438 3294 2494 lib.
3341 2439 3414 2494 De
3454 2437 3672 2510 pudici-

2029 2534 2128 2602 tia,
2160 2531 2479 2604 Epistolam
2505 2531 2665 2585 Pauli
2699 2528 3038 2584 canonicam
3071 2529 3142 2582 ad
3175 2528 3463 2595 Hebraeos,
3478 2528 3549 2583 de
3567 2543 3676 2583 cu-

2017 2624 2120 2694 jus
2156 2626 2388 2676 auctore
2413 2637 2476 2673 ac
2508 2619 2853 2674 auctoritate
2882 2616 3306 2688 ambigebatur,
3333 2615 3674 2688 putaverita

2022 2711 2288 2767 Barnaba
2318 2709 2498 2765 fuisse
2528 2708 2906 2764 destinatam.
2929 2709 3116 2778 Atque
3145 2706 3431 2762 hactenus
3453 2706 3523 2762 de
3544 2705 3669 2778 Epi-

2021 2801 2188 2857 stola.

2091 2891 2327 2960 Antiqua
2346 2890 2538 2944 versio.
2570 2888 2750 2942 Vetus
2781 2891 2974 2942 autem
3006 2885 3405 2957 interpretatio
3453 2885 3666 2941 barba-

2021 2980 2162 3034 riem
2201 2979 2440 3050 ubique,
2472 2977 2688 3048 ubique
2710 2976 3122 3048 negligentiam
3156 2974 3435 3038 ostendit,
3470 2977 3676 3046 estque

2021 3069 2358 3139 imperfecta
2387 3072 2444 3121 et
2477 3066 2844 3131 mutila,tum
2861 3065 3109 3137 passim,
3135 3069 3260 3119 tum
3293 3062 3583 3136 pracipue
3603 3063 3676 3118 ad

2019 3159 2218 3221 finem,
2254 3157 2352 3210 ubi
2387 3155 2706 3227 posteriora
2734 3155 2925 3225 capita
2955 3157 3313 3223 resecantur,
3364 3152 3511 3208 forte
3541 3152 3683 3223 quia

2027 3245 2223 3298 minus
2271 3245 2441 3298 docta
2472 3243 2817 3297 videbantur
2846 3240 3348 3312 interpreti,atque
3377 3240 3448 3296 ad
3479 3256 3671 3296 mores

255 3327 597 3384 versitatem
629 3327 1016 3399 accipiunt'ex
1064 3328 1434 3399 proximitate
1486 3333 1555 3385 ad
1605 3332 1913 3387 canonicos
1941 3314 1988 3377 (ἶ
2028 3334 2217 3404 magis
2248 3331 2599 3403 pertinentia
2623 3349 2640 3383 :
2669 3330 2850 3400 igitur
2869 3329 3106 3384 omissis
3127 3327 3545 3400 iis,paucisque
3571 3343 3670 3385 vo-

251 3417 343 3473 vel
378 3417 450 3472 ad
477 3416 837 3489 apocryphas
859 3435 1012 3484 ;cum
1036 3434 1069 3471 a
1090 3415 1360 3488 pluribus
1385 3418 1654 3476 Ecclesiis
1678 3421 1909 3491 publice

251 3505 755 3570 lectitantur,cum
791 3507 861 3560 ab
883 3506 1143 3577 antiquis
1173 3507 1505 3562 doctoribus
1539 3510 1913 3580 reperiuntur

252 3594 535 3666 allegatis,
579 3610 832 3666 cumque
881 3594 1092 3666 spuria:
1136 3595 1410 3650 videntur
1464 3613 1529 3650 ac
1582 3598 1652 3652 de
1699 3599 1912 3669 quibus

254 3699 436 3754 quam
464 3683 717 3738 maxime
747 3683 1068 3738 dubitatur.

328 3771 429 3826 His
460 3771 537 3825 ita
564 3771 794 3843 positis,
824 3773 1115 3828 evanescit
1145 3773 1336 3828 omnis
1394 3774 1731 3831 difﬁcultas.
1779 3778 1912 3849 Epi—

258 3859 416 3916 stola
444 3859 723 3914 Barnabas
747 3860 820 3914 ab
849 3860 1093 3933 Origene
1137 3866 1193 3916 et
1237 3863 1589 3933 quibusdam
1642 3865 1916 3921 Ecclesiis

255 3948 544 4004 canonica
573 3953 840 4020 reputata
865 3949 974 4004 fuit
997 3967 1009 4016 ;
1043 3968 1076 4005 a
1099 3951 1394 4007 Clemente
1420 3953 1807 4010 Alexandrino
1829 3956 1915 4009 in-

258 4037 495 4094 terdum
537 4039 846 4106 canonica,
873 4038 1170 4094 interdum
1216 4040 1416 4106 dubia,
1457 4041 1754 4098 interdum
1801 4061 1916 4100 non

263 4126 569 4196 canonica,
603 4143 706 4182 seu
737 4128 1067 4200 apocrypha
1089 4129 1147 4183 in
1173 4129 1324 4184 bono
1347 4146 1524 4186 sensu
1545 4133 1743 4202 prima:
1774 4133 1917 4188 divi-

253 4214 442 4271 sionis
473 4216 546 4270 ab
577 4215 831 4271 Eusebio
863 4216 1062 4281 dubia,
1089 4216 1310 4288 spuria,
1337 4217 1513 4274 citata
1554 4220 1788 4290 quidem
1847 4223 1920 4277 ab

252 4303 540 4376 antiquis,
561 4309 620 4360 at
647 4303 907 4360 melioris
940 4317 1088 4360 notae
1117 4305 1462 4378 apocryphis
1495 4308 1878 4380 propinquior
1904 4327 1917 4367 :

591 4566 792 4618 Versus
823 4562 1248 4634 Scripturarum
1261 4579 1590 4620 sacrarum.

258 4646 530 4706 Genesis.
611 4695 625 4707 .
709 4693 720 4704 .
803 4693 814 4705 .
898 4692 909 4704 .
992 4693 1004 4704 .
1086 4695 1098 4706 .
1174 4652 1395 4708 Versus
1468 4670 1714 4708 MMMMD.

257 4739 512 4794 Exodus.
595 4781 607 4792 .
689 4780 702 4792 .
787 4781 796 4792 .
880 4782 892 4792 .
977 4781 987 4792 .
1069 4782 1081 4794 .
1165 4783 1176 4794 .
1259 4784 1271 4798 .
1355 4785 1367 4796 .
1479 4759 1743 4797 mumncc.

260 4826 606 4884 Leviticum.
688 4869 700 4882 .
784 4870 794 4881 .
879 4869 890 4882 .
973 4870 985 4882 .
1067 4870 1078 4882 .
1161 4871 1173 4882 .
1257 4871 1268 4882 .
1352 4873 1364 4884 .
1482 4847 1732 4888 umnccc.

255 4914 520 4972 Numeri.
604 4958 616 4971 .
700 4957 712 4970 .
795 4959 807 4971 .
890 4959 902 4970 .
986 4959 997 4971 .
1079 4959 1091 4971 .
1174 4959 1187 4971 .
1267 4960 1279 4972 .
1364 4961 1374 4972 .
1483 4936 1750 4975 MMMDCL.

259 5006 802 5064 Deuteronomium.
884 5049 896 5060 .
979 5047 992 5060 .
1074 5049 1086 5061 .
1167 5049 1179 5061 .
1265 5050 1276 5061 .
1361 5049 1373 5061 .
1493 5025 1736 5065 MMMCCC

253 5094 606 5153 JesuNave.
689 5136 702 5149 .
785 5135 797 5148 .
880 5138 891 5148 .
977 5138 988 5149 .
1073 5137 1084 5149 .
1167 5138 1178 5150 .
1261 5137 1372 5152 ..
1484 5114 1597 5153 MM.

249 5184 572 5241 Judicum.
682 5225 695 5238 .
775 5227 788 5240 .
876 5226 888 5240 .
969 5227 983 5240 .
1065 5228 1076 5240 .
1161 5227 1171 5239 .
1259 5229 1270 5241 .
1353 5228 1365 5240 .
1482 5204 1593 5241 MM.

249 5273 1587 5332 Ruth..........ccz..

248 5366 615 5436 Regnorum.
640 5363 870 5419 Primus
899 5363 1083 5419 liber.
1163 5405 1176 5420 .
1259 5405 1271 5417 .
1353 5408 1365 5419 .

366 5483 434 5494 —
650 5453 956 5508 Secundus
989 5451 1168 5509 liber.
1251 5495 1263 5508 .
1346 5495 1358 5508 .

1478 5382 1625 5420 ΝΜΟ.

1472 5471 1585 5510 ΜΜ.

337 5628 417 5698 (1)
446 5627 698 5698 Hujusce
729 5628 1070 5699 Patrologia‘,°
1097 5633 1138 5684 t.
1167 5633 1207 5698 l,
1239 5627 1348 5686 col.
1380 5631 1504 5684 467.

1942 4567 2355 4639 DRegnorum
2385 4564 2613 4620 Tertius
2639 4563 2806 4619 liber.
2883 4602 2898 4618 .
2984 4607 2996 4618 .
3077 4606 3090 4621 .
3173 4605 3185 4618 .

2019 3422 2195 3477 cibus
2227 3420 2482 3488 insertis,
2515 3420 2897 3491 colophonem
2929 3434 3030 3490 per
3071 3417 3439 3490 doxologiam
3481 3417 3671 3491 impo-

2023 3511 2126 3565 nit.
2167 3511 2354 3565 Suum
2389 3513 2584 3563 tamen
2620 3507 2702 3562 illi
2736 3506 2988 3562 versioni
3019 3507 3271 3578 pretium
3307 3521 3320 3561 :
3366 3507 3461 3563 cui
3508 3507 3677 3563 debe-

2023 3616 2155 3654 mus
2188 3600 2380 3670 priora
2402 3598 2612 3668 capita,
2637 3614 2771 3652 cum
2803 3613 2916 3652 non
2935 3596 3138 3667 paucis
3167 3596 3673 3655 emendationihus

2021 3688 2202 3744 Grzeci
2226 3691 2624 3753 contextus,ut
2651 3684 2794 3741 nihil
2830 3685 3020 3740 dicam
3043 3686 3115 3741 de
3143 3685 3493 3758 antiquitate
3515 3685 3674 3742 illius
3760 3697 3768 3703 '

2023 3794 2089 3832 ac
2119 3775 2516 3846 simplicitate.

2093 3867 2502 3922 Stichometria.
2538 3865 2816 3920 Caeterum
2849 3863 3129 3918 ineditam
3177 3863 3668 3934 Stichometriam,

2025 3956 2195 4025 cujus
2226 3954 2487 4023 memini,
2520 3953 2736 4024 placuit
2765 3953 2860 4007 hic
2890 3951 3438 4024 apponere,tametsi
3495 3953 3672 4007 muti-

2026 4046 2141 4100 lam
2186 4049 2243 4098 et
2272 4047 2642 4113 corruptam;
2677 4042 2814 4114 quia
2845 4058 2958 4096 non
3013 4041 3364 4096 mediocrem
3415 4041 3671 4096 fructum

2029 4131 2227 4186 aﬂ‘eret
2250 4129 2600 4201 legentibus,
2635 4133 2806 4199 atque
2837 4127 3266 4184 conferentibus
3297 4143 3432 4183 cum
3455 4127 3557 4182 illa
3578 4127 3673 4183 Ni-

2029 4219 2263 4292 cephori
2293 4216 2942 4288 Constantinopolitani,
2976 4233 3109 4272 cum
3161 4233 3303 4273 mss.
3349 4214 3670 4273 Bibliorum

2031 4309 2347 4379 codicibus,
2372 4323 2625 4378 cumque
2654 4305 2950 4362 laterculis
2967 4305 3423 4378 Scripturarum.

3300 4579 3487 4620 MMDC.

2129 4688 2195 4695 —-
2309 4655 2561 4718 Quartus
2594 4653 2807 4709 liber..
2891 4696 2919 4719 .,
2984 4697 2997 4708 .
3078 4695 3089 4707 .
3172 4694 3186 4707 .
3298 4667 3549 4709 Μκοαοα.

2201 4745 2505 4813 (Excidisse
2533 4742 2790 4799 videntur
2829 4743 2961 4797 libri
2987 4741 3488 4814 Paralipomenon.)

2023 4833 2240 4890 Psalmi
2274 4833 2550 4889 Davidici.
2633 4873 2644 4886 .
2726 4874 2738 4886 .
2822 4874 2834 4886 .
2917 4873 2928 4886 .
3011 4873 3023 4885 .
3105 4871 3117 4885 .
3198 4873 3211 4885 .
3322 4846 3572 4888 unum.

2021 4921 2348 4976 Proverbia.
2429 4963 2440 4976 .
2523 4962 2534 4976 .
2617 4962 2628 4974 .
2711 4961 2723 4974 .
2806 4965 2817 4976 .
2894 4963 2906 4975 .
2994 4961 3007 4974 .
3089 4961 3100 4974 .
3179 4961 3194 4977 .
3305 4934 3448 4976 MDC.

2020 5009 2416 5065 Ecclesiastes.
2516 5051 2529 5062 .
2613 5051 2625 5063 .
2708 5051 2720 5063 .
2801 5051 2814 5064 .
2897 5050 2910 5063 .
2991 5051 3003 5064 .
3085 5050 3098 5063 .
3179 5050 3192 5063 .
3303 5023 3392 5065 Dc.

2020 5098 2253 5154 Cantica
2284 5097 2666 5153 canticorum.
2705 5139 2717 5152 .
2799 5139 2810 5152 .
2894 5139 2907 5152 .
2987 5139 3001 5152 .
3081 5138 3093 5150 .
3175 5137 3188 5150 .
3301 5112 3414 5154 ccc.

2020 5186 2342 5260 Sapientia.
2419 5229 2433 5242 .
2513 5229 2526 5241 .
2612 5227 2623 5240 .
2706 5231 2718 5242 .
2801 5230 2813 5242 .
2895 5229 2907 5240 .
2987 5229 2999 5240 .
3080 5227 3092 5241 .
3175 5228 3187 5240 .
3299 5202 3365 5241 M.

2020 5275 2322 5349 Sapientia
2351 5276 2530 5332 Jesu.
2616 5318 2627 5329 .
2709 5318 2721 5330 .
2803 5318 2815 5329 .
2895 5315 2908 5328 .
2989 5316 3002 5328 .
3084 5315 3096 5328 .
3178 5317 3191 5331 .
3305 5289 3452 5331 uno.

2023 5365 2343 5421 Duodecim
2375 5363 2677 5437 Prophetas
2715 5407 2727 5420 .
2809 5405 2820 5416 .
2901 5406 2913 5418 .
2998 5405 3010 5418 .
3093 5406 3105 5418 .
3185 5406 3198 5420 .
3311 5364 3562 5421 Μικκαχῖ

2017 5455 3465 5511 Osee............nm.

339 5720 361 5741 ‘
403 5717 689 5774 Numerus
702 5717 989 5789 generalis
1001 5735 1133 5774 cum
1147 5719 1598 5791 particularihus
1612 5737 1724 5776 non
1741 5721 1985 5778 concord
1994 5726 2070 5778 at.
