4118 6340
256 395 378 461 66!

1659 385 2268 452 PROLEGOMENA.

3543 395 3664 460 662

341 530 506 589 Illius
538 546 683 604 sepe
712 529 982 588 meminit
1010 527 1458 594 Alexandrinus,
1483 525 1817 598 multosque
1848 539 1914 578 ex
1944 521 1998 588 Α
2031 523 2243 580 Christo
2273 533 2375 592 est,
2407 529 2466 583 in
2495 545 2655 601 quam
2686 531 2830 588 beati
2859 546 3045 588 omnes
3084 531 3183 605 qui
3228 530 3528 589 intrarunt.
3584 529 3669 588 Ex

268 639 340 678 ea
371 623 593 694 profert
621 620 797 692 locos,
821 620 1318 694 quemadmodum
1350 622 1406 672 et
1435 617 1729 688 Origenes,
1765 631 1909 685 quos

267 727 478 767 omnes
509 711 568 766 in
601 711 818 766 nostris
843 709 1345 766 observationibus
1372 706 1687 761 notivimus
1713 721 1725 758 :
1759 720 1911 758 eam-

269 816 384 871 que
406 799 550 855 citat
567 804 808 856 sanctus
831 797 1143 870 Gregorius
1163 797 1560 852 Nazianzenus
1579 794 1634 848 in
1666 793 1913 848 Philoco-

267 888 636 944 lia.Sanctus
668 888 1054 959 Hieronymus
1082 887 1140 941 in
1171 885 1318 940 libro
1355 890 1434 940 De
1464 884 1914 953 interpretatione

271 981 568 1033 nominum
613 978 1027 1042 Hebraicorum,
1079 981 1209 1046 post
1239 973 1678 1046 explicationem
1711 988 1912 1026 eorum

269 1084 398 1140 quae
423 1068 797 1140 reperiuntur
815 1067 872 1122 in
890 1065 1675 1139 Apocalypsi,interpretatur
1698 1078 1765 1116 ea
1787 1077 1913 1131 qua:

273 1161 507 1213 exstant
546 1156 604 1212 in
653 1159 839 1212 sancti
890 1156 1165 1211 Barnabas
1212 1153 1492 1226 Epistola,
1540 1153 1647 1206 hoc
1696 1151 1909 1205 modo:

269 1248 346 1302 De
389 1247 626 1317 Epistola
656 1247 951 1303 Barnabas.
984 1244 1276 1310 Abraham,
1332 1247 1494 1314 pater
1534 1242 1721 1296 videns
1751 1255 1916 1311 pepu-

265 1337 412 1400 tum,
444 1340 554 1390 etc.

339 1424 409 1480 Hi
441 1429 582 1480 sunt
600 1429 824 1480 veteres
844 1428 1112 1480 auctores
1145 1423 1246 1495 qui
1271 1423 1341 1477 de
1371 1421 1480 1476 hac
1511 1419 1757 1492 epistola
1779 1417 1915 1472 scri-

264 1517 517 1585 pserunt
547 1517 647 1569 aut
676 1514 1088 1570 meminerunt.
1121 1515 1255 1576 Quae
1308 1510 1546 1581 quidem
1584 1510 1717 1578 jure
1767 1509 1918 1561 inter

261 1602 599 1674 scripturas
630 1603 994 1675 apocryphas
1025 1619 1058 1657 a
1097 1601 1290 1656 citatis
1323 1599 1658 1654 auctoribu=
1694 1613 1912 1651 connu-

264 1695 554 1758 meratur,
588 1697 715 1746 tum
750 1691 906 1763 quia,
954 1709 1025 1746 an
1071 1689 1348 1746 Barnabe
1381 1688 1458 1743 sit
1488 1688 1773 1741 incertum
1806 1689 1914 1745 est.

257 1786 391 1836 tum
417 1779 555 1852 quia
575 1782 632 1836 in
653 1797 720 1836 ea
735 1781 1002 1852 quaedam
1022 1779 1394 1852 reperiuntur
1419 1793 1546 1848 qua:
1567 1775 1918 1830 difﬁcultate

2020 631 2136 686 quo
2168 616 2291 671 loco
2343 618 2654 689 legendum
2703 625 2791 676 est
2838 622 2991 694 apud
3026 621 3380 678 Clementem
3418 621 3667 677 Alexan-

2022 705 2257 760 drinum
2311 708 2343 774 ἡ
2405 706 2453 759 ἐν
2513 705 2846 782 δικαιοσύνῃ,
2906 716 2964 766 et
2993 712 3518 784 exponendum,ea
3545 727 3665 782 qua

2022 797 2084 850 in.
2127 797 2358 866 justitia
2416 803 2514 852 est.
2581 801 2637 854 ld
2689 799 2862 854 etiam
2913 805 3070 872 patet
3116 818 3182 855 ex
3215 801 3341 872 ipso
3370 799 3666 857 Clemente

2020 886 2430 954 Alexandrino,
2464 889 2563 943 lib.
2601 890 2999 952 IStromatum.
3033 891 3130 946 ubi
3166 891 3320 946 idem
3345 891 3530 958 locus,
3561 890 3664 946 sed

2021 975 2267 1048 longior,
2293 979 2507 1032 citatur
2536 995 2600 1033 ex
2634 981 2837 1034 eadem
2863 978 3104 1051 epistola
3135 980 3320 1035 sancti
3352 979 3666 1035 Clementis

2023 1067 2090 1120 ad
2145 1066 2496 1137 Corinthios,
2531 1069 2830 1124 nominato
2863 1073 3094 1124 tantum
3142 1073 3341 1124 sancto
3371 1069 3668 1124 Clemente

2022 1154 2176 1209 circa
2209 1156 2381 1209 finem
2415 1162 2738 1227 contextus,
2783 1157 2984 1229 paucis
3032 1158 3222 1212 verbis
3244 1157 3524 1224 mutatis;
3559 1157 3669 1212 hoc

2024 1244 2234 1298 modo:
2271 1267 2298 1293 «
2333 1247 2455 1300 llaec
2500 1251 2580 1300 est
2609 1251 2767 1316 porta
2817 1248 3059 1315 Domini,
3080 1247 3228 1318 justi
3274 1247 3565 1302 intrabunt
3611 1248 3671 1302 in

2023 1349 2145 1388 eam
2170 1352 2186 1386 :
2225 1356 2250 1380 η
2276 1333 2407 1388 Cum
2437 1351 2568 1402 ergo
2586 1336 2770 1390 multa:
2792 1340 2993 1408 aperta:
3017 1342 3132 1391 sint
3151 1344 3325 1406 portae
3346 1337 3403 1391 in
3423 1337 3666 1407 justitia,

2027 1421 2145 1478 haec
2157 1425 2264 1493 fuit
2288 1425 2346 1477 in
2373 1423 2667 1493 Christo,in
2688 1442 2854 1496 quam
2883 1426 3030 1480 beati
3047 1441 3231 1480 omnes
3252 1427 3348 1496 qui
3366 1427 3672 1496 intrarunt,

2023 1522 2077 1566 et
2104 1514 2210 1566 iter
2237 1529 2396 1567 suum
2430 1515 2764 1569 direxerant
2797 1518 2855 1569 in
2886 1517 3175 1570 sanctitate
3202 1515 3558 1585 cognoscendi
3574 1531 3670 1586 po-

2025 1606 2210 1656 testate
2257 1604 2511 1672 przrdita.
2567 1602 2768 1656 Αὐτίκα
2800 1604 2827 1656 ὁ
2863 1602 3096 1673 Κλήμης
3129 1601 3180 1656 ἐν
3211 1606 3279 1675 τῇ
3310 1604 3446 1678 πρὸς
3480 1608 3674 1674 Κοριν-

2026 1689 2176 1750 Θίους
2210 1689 2472 1763 ἐπιστολῇ
2521 1694 2655 1745 κατὰ
2707 1691 2851 1763 λὲξιν
2907 1691 3039 1768 φησὶ
3081 1691 3176 1753 τὰς
3229 1688 3488 1768 διαφορὰς
3539 1689 3679 1746 ἐκτι-

2028 1779 2247 1850 θέμενος
2294 1785 2400 1833 τῶν
2449 1781 2582 1834 κατά
2625 1782 2720 1849 τὴν
2777 1779 3101 1850 Ἐκκλησίαν
3157 1777 3425 1854 δοκίμων·
3454 1804 3480 1830 ‹‹
3533 1781 3682 1835 ’Ήτω

262 1870 514 1925 minime
543 1875 762 1926 carent.
793 1870 1094 1943 Siquidem
1132 1866 1430 1924 nonnullae
1464 1869 1603 1921 sunt
1631 1865 1691 1919 in
1725 1881 1791 1919 ea
1822 1881 1916 1917 sa-

2030 1867 2109 1928 τὶς
2157 1870 2367 1935 πιστὸς,
2421 1867 2538 1937 ἤτω
2589 1868 2812 1931 δυνατός
2868 1891 2949 1930 τις
3003 1873 3202 1942 γνῶσιν
3261 1869 3510 1940 ἐξειπεῖν,
3561 1867 3680 1938 ἤτω

261 1958 554 2024 lebrae,ad
589 1975 734 2030 quas
766 1960 963 2016 minus
996 1958 1151 2014 cauti
1184 1957 1475 2013 offendere
1506 1954 1754 2028 possint,
1774 1969 1919 2024 quas

258 2054 464 2103 tamen
495 2065 598 2120 pro
631 2048 868 2105 modulo
905 2048 1206 2121 explanavi
1234 2065 1246 2113 ;
1282 2063 1395 2101 non
1428 2061 1494 2101 eo
1528 2045 1763 2116 quidem
1797 2041 1921 2096 ani-

260 2138 560 2209 mo,quasi
593 2137 770 2194 velim
802 2155 932 2194 eam
966 2139 1040 2192 ab
1076 2137 1236 2192 omni
1270 2153 1425 2190 naevo
1457 2133 1813 2206 pertinacius
1835 2148 1923 2209 ex:

255 2243 508 2294 cusare;
544 2229 1057 2299 quemadmodum
1089 2225 1263 2282 hodie
1292 2225 1457 2280 video
1483 2207 1925 2292 nonnullos,qul

255 2321 463 2372 vetera
493 2317 760 2388 quadam
794 2321 1182 2372 monumenta
1211 2332 1245 2370 a
1275 2330 1338 2370 se
1365 2313 1540 2382 edita,
1564 2310 1924 2367 continentia

259 2421 462 2460 meras
494 2405 928 2461 nutricularum
963 2405 1204 2470 nenias,
1240 2419 1342 2458 seu
1373 2403 1567 2474 potius
1599 2400 1796 2471 aegroti
1828 2414 1920 2453 ve-

257 2493 406 2549 teris
439 2495 830 2566 somnia,qua
862 2495 932 2549 ad
968 2494 1223 2566 primum
1257 2491 1534 2546 intuitum
1564 2489 1704 2544 viris
1739 2487 1924 2542 doctis

261 2599 547 2639 nauseam
581 2587 1049 2650 moveant,tanta
1078 2581 1258 2638 animi
1290 2579 1660 2636 contentione
1692 2577 1924 2647 (quam-

259 2671 354 2726 vis
386 2673 514 2728 sine
546 2673 791 2744 ratione)
822 2672 1134 2728 defendere
1166 2674 1477 2732 conantur,
1539 2671 1602 2721 ut
1648 2665 1829 2721 velint
1859 2681 1926 2719 ea

262 2761 620 2832 scriptorum
649 2763 913 2818 omnium
939 2765 1198 2816 veterum
1222 2775 1287 2814 ac
1308 2757 1696 2813 recentiorum
1729 2759 1924 2809 aucto-

265 2850 428 2904 ritati
457 2851 736 2922 praeferri.
784 2851 897 2906 Nec
931 2851 989 2905 id
1039 2865 1271 2904 movere
1317 2861 1682 2918 quemquam
1734 2843 1922 2899 debet,

267 2939 423 3009 quod
482 2939 748 2996 Clemens
808 2938 1264 3003 Alexandrinus,
1322 2940 1380 2991 et
1437 2935 1734 3005 Origenes,
1795 2949 1925 2986 cum

266 3027 421 3083 hunc
447 3029 632 3084 citant
659 3029 993 3101 epistolam,
1037 3042 1345 3098 nunquam
1376 3041 1504 3080 eam
1534 3021 1926 3095 apocrypham

2031 1957 2197 2033 σοφὸς
2260 1957 2310 2010 ἐν
2359 1954 2617 2032 διακρίσει
2670 1956 2867 2034 λόγων,
2918 1956 3036 2026 ἤτω
3084 1958 3278 2034 γοργὸς
3324 1956 3375 2012 ἐν
3414 1955 3615 2034 ἔργοις,
3649 1984 3677 2009 ››

2035 2047 2093 2102 Id
2153 2052 2242 2102 est
2275 2064 2286 2102 :
2318 2053 2444 2104 Jam
2494 2049 2738 2104 Clemens
2768 2051 2826 2104 in
2855 2049 3105 2121 Epistola
3135 2050 3205 2104 ad
3227 2049 3537 2105 Corinthios
3594 2049 3684 2105 his

2032 2136 2218 2190 verbis
2249 2139 2452 2207 inquit,
2487 2153 2760 2208 exponens
2791 2137 3167 2210 differentiam
3214 2154 3404 2193 eorum
3431 2139 3527 2210 qui
3552 2140 3685 2192 sunt

2030 2226 2247 2296 probati
2281 2243 2337 2280 in
2368 2227 2604 2281 Ecclesia
2635 2245 2653 2280 :
2686 2251 2712 2274 «
2747 2228 2827 2281 Sit
2859 2228 3061 2300 aliquis
3089 2227 3375 2297 ﬁdelis,sit
3401 2229 3592 2296 potens
3624 2228 3685 2281 in

2031 2315 2356 2385 explicanda
2386 2317 2715 2382 cognitione,
2746 2319 2821 2371 sit
2850 2320 3068 2388 sapiens
3118 2318 3176 2371 in
3207 2316 3536 2371 discretione
3564 2331 3678 2370 ser-

2033 2420 2274 2466 monum,
2305 2405 2376 2458 sit
2407 2406 2705 2476 stupendus
2735 2407 2794 2460 in
2822 2405 3095 2476 operibus.
3128 2425 3154 2456 s
3179 2405 3435 2460 Tandem
3469 2408 3678 2460 notan-

2031 2494 2172 2548 dum
2203 2497 2290 2548 est
2321 2495 2606 2564 quosdam
2652 2493 3018 2549 existimasse
3049 2493 3170 2549 haec
3201 2494 3377 2550 verba
3407 2493 3674 2549 Clemen-

2033 2583 2110 2637 tis
2140 2581 2516 2636 Alexandrini
2550 2582 2650 2637 lib.
2711 2602 2748 2637 ιι
2805 2584 3156 2647 Stromatum,
3216 2583 3244 2636 ὁ
3274 2581 3442 2654 νόμος
3473 2583 3677 2656 ἀπαγο-

2036 2670 2174 2745 ρεύει
2216 2667 2434 2746 ἀδελφῷ
2484 2668 2761 2740 δανείζειν,
2807 2673 2864 2727 id
2915 2679 3022 2738 est,
3083 2674 3175 2727 lea:
3216 2672 3465 2744 prohibet
3507 2674 3679 2744 fratri

2032 2763 2297 2830 fenerari,
2329 2766 2460 2827 etc.,
2484 2761 2649 2816 citari
2670 2779 2738 2817 ex
2766 2762 3022 2834 Epistola
3051 2761 3350 2833 Barnabm,
3383 2763 3537 2834 quod
3561 2779 3678 2819 non

2033 2849 2116 2904 ita
2145 2854 2235 2904 est
2271 2867 2282 2904 :
2318 2850 2414 2904 sed
2451 2849 2622 2921 paulo
2657 2855 2792 2904 ante
2823 2849 3079 2904 citantur
3107 2850 3227 2905 haec
3255 2849 3432 2905 verba
3461 2866 3530 2905 ex
3550 2849 3683 2905 Bar-

2038 2939 2207 3005 naba,
2244 2956 2371 3010 qua:
2403 2939 2460 2993 in
2496 2940 2602 2994 hac
2643 2937 2899 3008 Epistola
2930 2938 3224 2994 habentur
3250 2939 3360 2994 sub
3401 2940 3577 2994 linem
3610 2937 3682 2992 il-

2039 3028 2174 3094 lius,
2238 3026 2456 3099 Ἀμέλει
2522 3031 2791 3098 μυστικῶς
2839 3027 2866 3079 ὁ
2920 3021 3214 3099 Βαρνάϐας
3266 3027 3327 3083 Ὁ
3373 3023 3430 3080 δὲ
3479 3025 3607 3088 Θεὸς
3653 3026 3681 3080 ὁ

268 3132 406 3172 esse
443 3118 718 3174 dixerint.
768 3119 1075 3190 Siquidem
1116 3114 1409 3187 ejusmodi
1461 3119 1730 3168 auctores
1779 3126 1918 3182 saepe

2036 3119 2133 3169 τοῦ
2181 3114 2377 3176 παντὸς
2427 3113 2635 3186 κόσμου
2683 3113 2977 3189 κυριεύων,
3029 3114 3198 3191 φησί,
3250 3111 3364 3186 δῴη
3413 3113 3502 3168 καὶ
3554 3115 3679 3187 ὑμῖν

264 3209 520 3259 utuntur
566 3205 917 3278 apocryphis
975 3222 988 3261 :
1046 3209 1110 3259 ut
1156 3203 1306 3258 libro
1365 3201 1585 3266 Enoch,
1646 3199 1927 3268 Pastoris,

2041 3206 2262 3274 γνῶσιν,
2314 3208 2449 3269 etc.,
2509 3220 2694 3274 usque
2745 3204 2813 3257 ad
2866 3202 2964 3257 illa
3015 3203 3206 3271 verba,
3261 3200 3477 3274 ἀγάπης
3522 3200 3681 3256 τέκνα

265 3293 524 3348 Matthiae
555 3265 968 3350 Traditionum
1006 3293 1176 3355 libro.
1199 3291 1350 3347 Petri
1382 3265 1930 3361 Apocalypsi,Evan;
1959 3265 2002 3330 (ἶ
2040 3265 2130 3344 aut
2191 3265 2456 3366 εἰρήνης,
2489 3265 2622 3357 etc.,
2677 3307 2802 3362 qua:
2860 3296 2998 3346 sunt
3044 3307 3112 3345 ex
3159 3265 3319 3346 textu
3365 3265 3678 3348 Clementis

271 3382 426 3452 gelio
456 3383 882 3456 Egyptiorum,
913 3387 970 3437 et
998 3380 1312 3437 similibus.
1353 3379 1544 3434 Unum
1574 3383 1770 3432 tamen
1804 3393 1924 3430 cer-

265 3476 397 3527 tum
429 3477 543 3542 est,
573 3472 726 3527 hanc
767 3470 1096 3544 epistolam,
1147 3486 1273 3541 quas
1307 3469 1478 3524 modo
1524 3485 1558 3522 a
1589 3467 1756 3521 nobis
1788 3465 1922 3528 exit,

267 3577 399 3616 eam
469 3577 598 3616 esse
659 3577 836 3632 quam
885 3563 1126 3615 sanctus
1185 3558 1598 3630 Hieronymus,
1658 3555 1925 3610 Clemens

264 3649 720 3713 Alexandrinus,
765 3653 820 3704 et
863 3649 1143 3721 Origenes
1194 3645 1333 3702 olim
1368 3663 1483 3717 prie
1515 3644 1791 3699 manibus
1821 3643 1922 3697 ha-

268 3739 528 3794 buerunt
557 3756 570 3806 ;
604 3754 738 3794 cum
771 3754 975 3793 omnes
1016 3735 1174 3792 locos
1231 3735 1304 3790 ab
1344 3733 1459 3788 illis
1488 3750 1556 3788 ex
1595 3748 1662 3788 ea
1692 3733 1923 3798 citatos,

267 3827 329 3882 in
360 3827 472 3882 hac
505 3845 681 3900 quam
715 3823 1241 3898 edimus,epistola,
1274 3823 1527 3894 reperire
1559 3821 1745 3877 liceat.
1766 3821 1835 3875 Et
1857 3836 1925 3876 ex

267 3915 492 3972 nostris
521 3915 1030 3972 observationibus
1081 3913 1460 3968 manifestum
1492 3911 1602 3966 erit
1633 3927 1646 3965 :
1683 3927 1798 3965 uno
1827 3926 1921 3964 ex-

269 4009 462 4078 cepto,
502 4005 600 4077 qui
650 4004 943 4078 profertur
970 4021 1004 4059 a
1033 4002 1329 4058 Clemente
1370 4000 1782 4066 Alexandrino,
1814 3999 1919 4053 lib.

271 4112 328 4149 vr
361 4095 718 4162 Stromatum,
774 4110 907 4148 cum
959 4108 1253 4163 exponens
1288 4089 1445 4144 hunc
1489 4087 1811 4144 Psalmistas
1841 4086 1922 4141 lo-

269 4201 408 4241 cum
442 4201 454 4238 :
493 4185 611 4240 Hac
637 4188 806 4256 porta
852 4183 1094 4249 Domini,
1138 4181 1273 4236 iusti
1319 4179 1610 4233 intrabunt
1653 4193 1753 4248 per
1780 4193 1920 4246 eam,

263 4274 353 4329 sic
385 4277 445 4328 et
481 4291 494 4328 :
527 4270 917 4347 Ἐξηγούμενος
947 4269 1009 4323 τὸ
1040 4268 1200 4343 ῥητὸν
1244 4270 1340 4320 τοῦ
1380 4267 1692 4342 ΙΙροφήτου,
1726 4263 1922 4339 Βαρνά-

267 4356 370 4423 6ας
402 4361 664 4438 ἐπιφέρει·
697 4357 934 4415 Πολλῶν
959 4355 1149 4411 πυλῶν
1176 4355 1549 4429 ἀνεῳγυιῶν,ἡ
1584 4352 1919 4425 δικαιοσύνη,

262 4450 403 4520 αὕτη
437 4450 575 4504 ἐστὶν
604 4451 638 4518 ἡ
673 4447 724 4502 ἒν
783 4451 1020 4523 Χριστῷ,
1067 4445 1117 4499 ἐν
1228 4445 1280 4498 οἱ
1331 4444 1582 4517 μακάριοι
1633 4443 1826 4504 πάντες
1870 4446 1922 4497 οἳ

265 4539 622 4604 εἷσελθόντες.
676 4540 740 4595 Id
789 4543 878 4594 est
937 4555 950 4592 :
1012 4541 1301 4592 Enarrans
1354 4534 1560 4588 dictum
1618 4535 1917 4605 Prophetaz,

2035 3381 2429 3449 Alexandrini,
2465 3381 2562 3452 qui
2596 3381 2832 3435 tandem
2865 3379 3189 3452 subjungit,
3231 3381 3437 3452 sufﬁcit
3466 3381 3563 3436 hoc
3590 3380 3675 3436 di-

2034 3486 2171 3535 cere,
2205 3469 2342 3540 quod
2373 3471 2462 3524 tea:
2489 3469 2744 3540 prohibet
2773 3467 2948 3542 fratri
2982 3470 3249 3538 fenerari,
3281 3485 3408 3540 quae
3437 3469 3675 3540 quidem

2034 3561 2209 3614 verba
2239 3575 2354 3614 non
2385 3562 2613 3613 exstant
2643 3558 2701 3611 in
2733 3555 2842 3612 hac
2872 3555 3280 3628 epistola,quae
3310 3561 3510 3613 sancto
3535 3558 3675 3613 Bar-

2034 3649 2198 3702 nabas
2227 3647 2554 3702 ascribitur.
2587 3645 2802 3700 Tenuis
2847 3646 3115 3716 quaedam
3147 3645 3465 3702 difficultas
3495 3648 3676 3702 restat

2034 3737 2188 3792 circa
2219 3737 2457 3791 nomina
2512 3735 2809 3801 llebraica,
2841 3752 2966 3805 quae
3015 3740 3254 3790 sanctus
3283 3735 3673 3807 Hieronymus

2033 3826 2249 3896 profert
2277 3842 2344 3880 ex
2374 3823 2630 3896 Epistola
2659 3823 2846 3879 sancti
2879 3825 3154 3879 Barnabas
3197 3824 3256 3878 in
3288 3823 3436 3880 libro
3465 3825 3542 3879 De
3569 3841 3672 3880 no-

2032 3915 2279 3970 minibus
2311 3916 2611 3969 Hebraicis.
2644 3913 2944 3984 Siquidem
2998 3930 3179 3968 unum
3210 3929 3433 3980 eorum,
3465 3929 3676 3986 nempe

2031 4004 2269 4072 Nahum,
2300 4004 2355 4057 in
2379 4000 2624 4074 epistola
2656 4002 3020 4057 desideratur
3051 4018 3062 4056 :
3099 4003 3184 4057 sic
3233 4001 3389 4056 enim
3421 4001 3504 4057 ait
3533 4018 3675 4058 san-

2034 4097 2165 4147 ctus
2216 4092 2620 4163 Hieronymus,
2671 4091 2961 4155 Manasses,
3009 4090 3229 4160 oblitus,
3263 4089 3499 4157 Nahum,
3552 4107 3673 4161 ger-

2031 4198 2181 4236 men.
2233 4182 2340 4235 Sed
2391 4197 2552 4236 error
2601 4180 2877 4251 obrepsnt,
2911 4183 2967 4233 et
3016 4179 3324 4251 legendum
3355 4181 3464 4245 est,
3507 4179 3674 4247 Nave,

2034 4274 2099 4325 ut
2128 4269 2379 4324 habetur
2411 4269 2470 4322 in
2528 4267 2636 4322 hac
2669 4266 2941 4338 Epistola,
2975 4267 3073 4338 qui
3133 4267 3244 4322 fuit
3282 4271 3447 4339 pater
3471 4267 3672 4340 Josue,

2025 4360 2195 4430 juxta
2223 4357 2604 4430 Septuaginta
2630 4375 2642 4424 ;
2672 4357 2760 4412 vel
2790 4357 2935 4425 Nan,
2968 4356 3122 4425 quod
3155 4356 3310 4411 idem
3341 4359 3430 4412 est
3459 4373 3673 4413 secun-

2033 4449 2174 4502 dum
2221 4451 2442 4502 textum
2476 4445 2843 4500 Hebraicum.
2880 4445 2946 4500 Et
2974 4445 3120 4501 ratio
3150 4449 3258 4516 est,
3293 4446 3432 4517 quia
3456 4445 3673 4502 Nahum

2036 4553 2150 4590 non
2185 4536 2479 4607 significat
2507 4551 2767 4606 germen,
2814 4535 2912 4588 sed
2952 4535 3362 4602 consolatorem,
3394 4538 3542 4590 teste
3579 4550 3674 4590 eo-

263 4631 553 4690 Barnabas
578 4632 731 4700 infer
771 4645 785 4684 :
822 4629 955 4683 Cum
985 4626 1181 4682 multa?
1207 4628 1376 4696 portae
1403 4624 1514 4677 sint
1543 4626 1766 4693 apertae,
1799 4640 1926 4694 quae
1955 4635 2000 4699 Ι)
2031 4626 2168 4679 dem
2201 4623 2571 4695 Hieronymo,
2602 4621 2731 4677 libri
2765 4622 2923 4678 citati
2955 4623 3142 4694 capite
3173 4624 3243 4678 de
3269 4624 3434 4688 Jona,
3465 4625 3522 4678 et
3552 4622 3670 4679 Na-

262 4727 346 4779 est
367 4722 609 4793 justitia,
635 4735 700 4774 ea
728 4721 809 4774 est
837 4718 894 4771 in
925 4715 1164 4783 Christo,
1195 4714 1257 4768 in
1284 4727 1451 4782 quam
1481 4713 1625 4766 beati
1653 4719 1780 4766 sunt
1806 4728 1916 4768 om-

263 4828 383 4883 nes,
414 4814 512 4883 qui
540 4811 671 4867 sunt
725 4807 974 4878 ingressi.
1008 4803 1113 4858 Sed
1164 4805 1323 4874 puto,
1357 4803 1456 4854 aut
1502 4799 1731 4871 lapsum
1796 4817 1924 4857 esse

266 4899 556 4957 memoria
567 4899 928 4956 Clementem
946 4890 1536 4956 Alexandrinum,aut
1556 4895 1706 4944 certe
1730 4889 1920 4946 locum

265 4993 674 5064 depravatum,
724 4989 780 5041 et
826 4983 1139 5056 legendum
1187 4994 1314 5035 esse
1335 4974 1604 5048 Κλκήμης
1639 4995 1752 5033 non
1785 4983 1920 5054 Βαρ-

263 5075 452 5142 νάϐας.
483 5079 632 5136 Nam
675 5076 768 5130 hic
824 5072 991 5129 locus
1040 5067 1291 5125 habetur
1338 5066 1398 5120 in
1434 5065 1680 5136 epistola
1709 5067 1916 5123 sancti.

262 5167 586 5229 Clementis
617 5166 689 5222 ad
714 5161 1066 5225 Corinthios,
1089 5156 1190 5212 ubi
1221 5155 1375 5210 idem
1407 5154 1568 5209 locus
1597 5154 1917 5211 Psalmista:

262 5260 578 5334 exponitur
630 5274 643 5310 ;
699 5277 725 5303 ‹‹
775 5251 919 5320 Αὕτη
952 5249 987 5316 ἡ
1020 5243 1168 5314 πύλη
1200 5246 1300 5298 τοῦ
1331 5241 1549 5317 Κυρίου,
1582 5239 1776 5296 δίκαιοι
1812 5242 1915 5296 εἷσ-

266 5328 579 5407 ελξῦσονται
613 5344 664 5399 ἐν
714 5341 874 5414 αὐτῇ.
904 5364 931 5391 ››
967 5333 1202 5392 Πολλῶν
1238 5328 1328 5386 οὖν
1366 5329 1554 5385 πυλῶν
1586 5331 1914 5407 ἀνεῳγυιῶν,

263 5444 302 5510 ὴ
337 5439 390 5494 ἐν
441 5435 752 5506 δικαιοσύνῃ
800 5429 935 5497 αὕτη
992 5423 1130 5480 ἐστὶν
1162 5433 1197 5490 ἠ
1230 5421 1281 5476 ἐν
1331 5424 1545 5495 Χριστῷ
1592 5419 1642 5474 ἐν
1743 5421 1911 5492 μακά-

269 5550 379 5606 ριοι
409 5527 605 5586 πάντες
638 5523 691 5578 οἱ
720 5517 1068 5578 εἰσελθόντες.
1117 5514 1176 5570 Id
1222 5516 1311 5606 est
1343 5527 1356 5566 :
1394 5532 1421 5606 ι(
1452 5511 1594 5606 ⁸Ηίεσ
1617 5519 1780 5606 porta
1810 5512 1913 5566 Do-

266 5600 565 5692 ininijusti
597 5613 890 5671 intrabunt
909 5611 969 5664 in
998 5621 1140 5663 eam.
1161 5625 1190 5654 »ι
1213 5604 1350 5659 Cum
1380 5601 1555 5668 igitur
1581 5600 1772 5692 multa?
1790 5616 1912 5692 por-

271 5725 340 5772 tae
385 5691 592 5783 apertae
637 5709 767 5774 sint,
818 5714 941 5774 quae
969 5700 1031 5752 in
1073 5693 1304 5767 justitia
1349 5697 1443 5759 est,
1497 5691 1692 5745 eadem
1737 5697 1786 5744 et
1826 5691 1910 5743 in-

2027 4713 2191 4768 hum.
2249 4713 2484 4781 Nahum,
2545 4713 2736 4782 inquit
2765 4710 3098 4778 consolator,
3149 4728 3182 4765 a
3219 4711 3412 4766 radice
3442 4723 3576 4780 om,
3609 4710 3669 4766 id

2033 4807 2124 4858 est
2153 4803 2443 4857 consolari.
2482 4803 2553 4856 At
2582 4802 2756 4871 Nave,
2787 4817 2889 4856 seu
2943 4801 3072 4856 Nun
3104 4803 3191 4856 est
3220 4799 3672 4872 germen,juxta

2031 4891 2302 4946 eumdem
2333 4889 3040 4962 Hieronymum,ejusdem
3065 4888 3147 4943 lib
3180 4905 3192 4943 :
3229 4906 3354 4960 cap.
3391 4890 3416 4943 1
3453 4905 3466 4945 :
3501 4890 3667 4960 Nave,

2028 4996 2247 5046 samem,
2278 4995 2501 5048 germen
2528 4978 2896 5050 pulchritudo,
2937 4995 2970 5032 a
3018 4979 3191 5035 verbo
3240 4976 3669 5050 conjugationis

2029 5067 2248 5139 Niphat
2276 5077 2398 5137 Περ,
2431 5067 2489 5122 id
2522 5073 2610 5122 est
2637 5083 2720 5136 ger
2735 5068 2993 5123 minabit.

2101 5156 2243 5210 Cum
2293 5161 2485 5212 autem
2519 5156 2638 5211 hac
2687 5156 2859 5211 unica
2906 5157 3128 5210 feratur
3157 5155 3341 5211 sancti
3395 5153 3672 5211 Barnabe

2028 5245 2300 5317 Epistola,
2334 5247 2658 5300 notandum
2691 5250 2886 5301 tamen
2915 5261 3044 5300 esse
3093 5245 3312 5316 putavi,
3343 5243 3671 5316 Epistolam

2027 5334 2212 5388 sancti
2239 5333 2398 5387 Pauli
2433 5335 2501 5388 ad
2526 5334 2791 5388 Hebraeos
2823 5350 2857 5388 a
2884 5331 3263 5398 Tertulliano,
3295 5331 3440 5387 libro
3469 5331 3546 5387 De
3568 5348 3674 5404 pu.

2024 5421 2237 5490 dicitia,
2265 5428 2468 5478 sancto
2501 5422 2772 5478 Barnabm
2827 5421 3092 5486 attribui,
3139 5426 3203 5476 ut
3231 5420 3452 5476 clarum
3486 5425 3575 5477 est
3601 5437 3672 5478 ex

2023 5511 2151 5581 ejus
2179 5512 2372 5566 verbis
2406 5529 2418 5566 :
2453 5513 2658 5566 Exstat
2682 5513 2831 5566 enim
2860 5516 2910 5566 et
2935 5513 3204 5566 Barnabas
3232 5511 3427 5566 titulus
3457 5510 3530 5566 ad
3553 5515 3666 5567 He-

2025 5602 2240 5662 braeos;
2273 5601 2402 5656 adeo
2431 5603 2564 5656 satis
2613 5603 2959 5656 auctoritatis
3004 5603 3140 5668 viro,
3180 5607 3243 5656 ut
3271 5616 3430 5674 quem
3459 5602 3668 5657 Paulus

2024 5691 2178 5760 juxta
2207 5706 2261 5746 se
2290 5691 2638 5746 constituerit
2663 5692 2716 5745 in
2750 5691 3104 5763 abstinentiae
3125 5694 3307 5747 tenore
3335 5708 3354 5746 :
3385 5712 3414 5740 «
3441 5690 3546 5746 Aut
3572 5706 3671 5763 ego
