4090 6340
480 394 599 457 663

1656 399 1717 461 S.
1766 399 1863 460 BA
1876 398 2187 460 RNABAS
2230 397 2718 460 APOSTOLUS.

3768 397 3890 459 664

484 531 759 595 solus,aut
788 529 1089 593 Barnabas,
1123 546 1232 585 non
1261 530 1521 584 habemus
1542 529 1640 586 hoc
1667 532 1933 602 operaudz'
1958 534 2132 601 potes-
2164 535 2217 598 Α
2248 530 2429 585 altera
2450 530 2816 600 paraznetica,
2849 530 2907 585 in
2940 546 3057 601 qua
3085 528 3361 602 praeclara
3389 534 3446 586 et
3488 529 3635 587 utila
3666 532 3895 587 monita

491 622 657 674 tatem
683 620 732 689 (Ι
765 621 886 674 Cor.
922 620 997 689 ix)
1021 638 1038 673 :
1067 642 1086 667 ιι
1111 628 1161 674 ει
1190 621 1376 691 utique
1396 622 1660 690 receptior
1682 622 1829 690 apud
1862 622 2123 675 Ecclesias

490 709 762 765 Barnabas
795 709 1023 779 epistola
1062 710 1161 762 illo
1190 710 1494 780 apocrypho
1518 714 1752 763 Pastore
1773 710 2123 763 mtechorum.

494 803 722 855 Monens
752 800 934 868 itaque
955 798 1268 869 discipulos,
1300 801 1516 853 amissis
1546 800 1797 854 omnibus
1828 801 2027 861 initiis,
2060 798 2128 853 ad

484 888 877 957 perfectionem
907 886 1081 956 magis
1112 890 1366 955 tendere;
1402 905 1501 941 nec
1529 905 1723 942 rursus
1770 888 2131 957 fundamenta

486 977 825 1045 paenitentia
847 976 1037 1046 jacere
1053 975 1120 1030 ab
1150 977 1403 1046 operibus
1425 981 1804 1031 mortuorum:
1832 1000 1857 1025 ‹‹
1884 979 2134 1047 lmpossi-

492 1065 599 1120 bile
626 1081 775 1119 enim
805 1073 901 1129 est,
933 1067 1137 1135 inquit,
1182 1082 1267 1119 eos
1306 1068 1401 1136 qui
1445 1067 1614 1121 semel
1643 1066 1955 1120 illuminati
1982 1071 2132 1131 sunt,

492 1159 545 1209 et
579 1154 781 1208 donum
808 1154 1019 1207 cccleste
1043 1158 1400 1221 gustaret-unt
1429 1164 1481 1208 et
1510 1157 1979 1225 partzcz'paverunt
2008 1155 2135 1225 Spi-

492 1245 660 1297 ritum
682 1247 1020 1307 sanctum,et
1046 1245 1265 1297 verbum
1290 1245 1384 1297 Dei
1404 1245 1566 1297 dulce
1582 1248 2110 1312 gustaverunt,»etc.
2126 1286 2138 1308 ,

496 1348 621 1403 qum
653 1333 830 1385 verba
854 1329 1042 1399 legere
1073 1330 1207 1385 licet
1253 1331 1308 1384 in
1361 1331 1619 1401 Epistola
1678 1332 1837 1385 Pauli
1900 1334 1970 1387 ad
2027 1332 2141 1385 He,

501 1420 707 1486 braaos,
742 1436 868 1491 cap.
899 1437 977 1473 v1.
1015 1420 1155 1474 llinc
1186 1419 1507 1490 capiendus
1538 1425 1625 1475 est
1654 1420 2008 1476 Philastrius
2039 1421 2138 1475 lib.

506 1509 580 1563 De
610 1509 931 1575 haeresibus,
966 1526 1095 1579 cap.
1135 1510 1205 1563 60
1238 1527 1249 1563 :
1284 1510 1417 1563 Sunt
1440 1510 1545 1563 alii
1573 1512 1669 1581 qui
1691 1512 2147 1581 epistolam‘teati

508 1600 677 1652 Pauli
704 1598 773 1652 ad
802 1599 1047 1653 Hebraeos
1082 1615 1189 1653 non
1229 1605 1481 1653 asserunt
1512 1616 1624 1653 esse
1644 1618 1663 1661 ;
1693 1601 1783 1653 sed
1807 1601 2014 1665 dicunt,
2046 1607 2147 1655 aut

509 1688 780 1743 Barnabaz
852 1702 965 1742 esse
1026 1688 1170 1741 beati
1234 1688 1494 1758 apostoli,
1538 1692 1633 1742 aut
1682 1688 1984 1744 Clementis.
2044 1682 2149 1744 Ubi

504 1775 661 1830 haud
693 1776 869 1831 dubie
908 1775 1333 1831 Tertullianum
1365 1776 1655 1849 intelligit.
1701 1778 1805 1833 Sed
1840 1778 1910 1833 de
1942 1778 2032 1832 his
2066 1796 2152 1833 sa-

506 1866 587 1920 tis
622 1883 635 1919 :
669 1883 825 1919 nunc
855 1869 1039 1920 restat
1067 1870 1132 1919 ut
1166 1866 1235 1920 de
1269 1866 1426 1920 illius
1460 1871 1827 1937 argumento,
1862 1867 1979 1921 sive
2010 1867 2150 1921 sub-

493 1956 652 2026 jecto
682 1954 933 2009 breviter
962 1970 1152 2025 agam.

574 2044 835 2114 Epistolw
880 2053 1286 2113 argumentum,
1336 2044 1550 2099 divisio.
1606 2046 1749 2098 Cum
1795 2043 1976 2099 Judaei
2016 2045 2145 2115 qui-

505 2131 639 2186 dam
671 2132 741 2186 ad
799 2131 972 2185 ﬁdem
1024 2131 1237 2186 Christi
1279 2133 1536 2187 conversi
1582 2132 2033 2205 galaticarentur
2062 2135 2152 2204 (ut

506 2237 642 2277 cum
671 2220 1029 2275 Tertulliano
1063 2220 1308 2291 loquar),
1343 2221 1449 2276 hoc
1480 2226 1585 2288 est,
1621 2221 1808 2293 legem
1839 2222 2149 2277 Mosaicam

506 2326 623 2365 una
655 2325 787 2363 cum
817 2308 1126 2380 Evangelio
1146 2310 1505 2364 retinendam
1529 2327 1656 2365 esse
1679 2311 2152 2382 putarent,idque

508 2398 711 2453 multis
742 2397 1085 2452 Christianis
1118 2399 1803 2469 persuaderent,sanctus
1833 2399 2148 2467 Barnabas,

508 2488 628 2543 sive
663 2486 794 2557 quis
825 2486 995 2556 alius,
1028 2492 1296 2541 sanctum
1348 2488 1592 2542 Paulum
1626 2488 1909 2557 imitatus,
1950 2505 2151 2542 eorum

511 2576 840 2632 doctrinam
873 2576 979 2630 hac
1013 2576 1255 2648 epistola
1286 2576 1601 2631 convellere
1646 2582 1907 2644 conatur,
1959 2580 2153 2633 docet-

512 2682 627 2738 que
656 2664 859 2719 multis
890 2665 1199 2734 Scriptura:
1234 2664 1395 2729 locis,
1431 2682 1495 2719 ac
1528 2666 1751 2736 ﬁguris.
1786 2666 1969 2737 legem
2005 2667 2156 2737 Moy—

513 2754 599 2809 sis
632 2754 757 2823 jam
792 2753 1128 2821 abrogatam
1163 2753 1486 2822 esse,eique
1518 2754 1890 2824 Evangelium
1926 2772 2154 2809 succes-

514 2842 683 2898 sisse.
706 2841 811 2895 Hic
836 2846 926 2896 est
956 2842 1134 2911 hujus
1163 2841 1418 2912 epistolze
1444 2858 1654 2913 scopus
1681 2860 1693 2908 ;
1728 2844 1797 2895 ad
1821 2860 1991 2913 quem
2020 2860 2156 2897 non-

516 2929 679 2986 nulla
709 2930 824 2997 hic,
858 2946 984 3000 qua:
1019 2947 1131 2985 non
1174 2936 1315 2983 sunt
1339 2929 1779 3001 προηγουμένου,
1825 2948 1925 2985 seu
1962 2932 2158 3003 praci-

519 3019 619 3091 pui
654 3020 1005 3091 argumenti,
1054 3019 1152 3073 sed
1183 3018 1359 3073 veluti
1402 3019 1728 3074 secundarii
1764 3024 2063 3089 tractatus,
2096 3026 2160 3074 ut

518 3109 589 3163 de
619 3109 871 3163 adventu
902 3107 1447 3178 Christi,passione,
1472 3109 1941 3173 etc.,referuntur
1976 3125 1987 3164 :
2023 3126 2157 3163 nam

514 3196 675 3252 illius
704 3196 893 3268 gratia
921 3201 1268 3263 tractantur,
1300 3213 1430 3251 cum
1455 3197 1524 3251 ad
1568 3196 2159 3268 ejusintelligentiam

515 3302 630 3341 non
663 3302 867 3358 parum
901 3286 1221 3353 conferant,
1249 3288 1419 3357 juxta
1450 3302 1669 3340 morem
1706 3290 2023 3349 oratorum,
2059 3287 2156 3357 qui
2192 3271 2233 3336 C

516 3374 809 3429 interdum
836 3372 948 3428 alio
979 3374 1407 3446 digrediuntur,
1433 3391 1547 3429 non
1580 3373 1865 3429 inutiliter
1895 3374 2156 3446 quidem,

515 3479 649 3517 cum
680 3463 737 3515 id
775 3461 1053 3533 plenioris
1074 3462 1477 3517 elucidationis
1500 3463 1686 3535 gratia
1709 3464 1892 3517 facere
1914 3462 2153 3518 soleant.

518 3551 639 3606 Sub
679 3552 854 3605 finem
887 3551 1140 3621 epistolae
1174 3552 1359 3605 multa
1402 3553 1567 3607 docet
1595 3552 1977 3619 Christianos,
2030 3569 2157 3623 quas

519 3640 588 3694 ad
624 3640 800 3695 vitam
835 3644 987 3694 recte
1017 3640 1433 3695 instituendam
1459 3640 1776 3711 plurimum
1803 3643 2155 3696 conducunt.

521 3726 664 3782 Hinc
697 3727 781 3793 lit,
818 3732 879 3781 ut
915 3727 1033 3781 haec
1064 3728 1309 3797 epistola
1355 3729 1411 3782 in
1452 3730 1600 3784 duas
1631 3734 1823 3800 partes
1856 3732 2160 3785 commode

522 3815 795 3871 distribui
846 3816 1029 3887 possit
1080 3835 1091 3871 :
1143 3833 1391 3887 quarum
1443 3817 1624 3871 altera
1656 3823 1746 3871 est
1785 3818 2157 3889 didascalica,

521 3921 652 3975 quae
680 3904 880 3960 multis
912 3904 1273 3977 argumentis
1295 3908 1459 3959 docet
1491 3906 1719 3960 nullum
1750 3923 1877 3961 esse
1907 3907 2161 3978 amplius

518 3992 669 4067 legis
700 3994 1048 4059 Mosaiczc,et
1066 3994 1441 4049 Judaicarum
1465 3996 1943 4050 caeremoniarum
1962 4012 2157 4051 usum:

2244 618 2452 674 salutis
2482 623 2539 672 et
2572 624 2856 690 praecepta
2884 619 3116 674 dantur.

2314 709 2480 763 Prior
2504 725 2633 778 pars
2662 709 2922 778 epistolae.
2980 708 3142 763 Prior
3185 724 3319 779 pars
3362 708 3552 780 capita
3580 708 3895 764 duodecim

2241 796 2664 867 complectitur.
2701 800 2762 849 ιη
2796 796 2983 867 primo
3016 798 3085 851 de
3114 797 3435 852 cessatione
3463 798 3896 853 sacrificiorum

2243 886 2502 941 Mosaicae
2554 884 2699 956 legis
2748 886 2976 957 agitur;
3010 885 3067 939 in
3116 886 3369 941 secundo
3413 887 3483 941 de
3520 887 3896 957 jejuniorum

2241 974 2503 1046 ejusdem
2528 973 2671 1046 legis
2693 973 3005 1029 abolitione
3030 993 3042 1042 ;
3077 973 3135 1029 in
3168 975 3334 1029 tertio
3356 974 3550 1046 agitur
3570 976 3641 1030 de
3666 976 3892 1030 instan-

2244 1064 2421 1129 tibus,
2455 1062 2880 1118 calamitatibus
2911 1064 3413 1134 admonenturque
3431 1064 3633 1120 ﬁdeles
3665 1066 3736 1119 ad
3782 1065 3897 1119 vir-

2244 1157 2435 1207 tutum
2469 1153 2751 1219 studium,
2786 1153 2940 1222 quod
2983 1152 3165 1207 Judaei
3198 1153 3322 1207 suis
3348 1154 3592 1223 jejuniis
3624 1159 3683 1209 et
3711 1171 3899 1209 caere-

2250 1240 2464 1295 moniis
2531 1242 3018 1312 postponebant;
3085 1240 3144 1295 in
3198 1246 3403 1313 quarto
3469 1248 3759 1298 tractatur
3825 1245 3901 1299 de

2251 1329 2463 1384 Christi
2524 1330 2799 1395 adventu,
2852 1329 3133 1384 missione
3192 1330 3611 1401 apostolorum,
3674 1332 3899 1388 Christi

2255 1419 2525 1489 passione
2562 1422 2619 1473 et
2649 1418 2994 1474 exaltatione
3025 1436 3037 1485 ;
3070 1419 3127 1473 in
3176 1421 3379 1491 quinto
3423 1420 3494 1475 de
3526 1420 3787 1477 hominis
3818 1438 3910 1476 re-

2258 1510 2556 1578 paratione
2597 1508 2962 1579 disputatur;
3002 1508 3057 1561 in
3110 1514 3269 1563 sexto
3322 1526 3526 1565 rursus
3583 1510 3654 1565 de
3685 1509 3905 1565 Christi

2259 1597 2615 1667 passione,et
2644 1597 2715 1651 de
2740 1597 3093 1667 quibusdam
3126 1596 3282 1653 illius
3313 1599 3778 1654 circumstantiis
3802 1619 3815 1665 ;
3839 1601 3903 1654 in

2260 1685 2507 1757 septimo
2540 1686 2609 1740 de
2638 1685 3038 1756 antiquatione
3077 1686 3539 1743 circumcisionis
3579 1689 3812 1754 veteris,
3845 1696 3907 1744 et

2262 1775 2332 1829 de
2354 1774 2796 1828 circumcisione
2812 1774 3043 1828 aurium
3069 1779 3124 1829 et
3148 1775 3375 1842 cordis;
3412 1777 3471 1831 in
3494 1782 3695 1832 octavo
3714 1778 3789 1832 de
3809 1795 3909 1834 es-

2263 1864 2346 1918 cis
2378 1862 2685 1935 prohibitis
2708 1862 2765 1917 in
2796 1863 2973 1916 veteri
3005 1862 3149 1935 lege,
3174 1864 3359 1936 deque
3388 1864 3623 1920 illarum
3656 1867 3912 1939 mystica

2260 1951 2775 2023 interpretatione;
2810 1952 2867 2006 in
2901 1969 3052 2007 nono
3091 1953 3162 2007 de
3194 1953 3482 2024 baptismo
3513 1962 3570 2011 et
3600 1972 3811 2021 cruce;
3846 1957 3909 2011 in

2259 2040 2480 2096 decimo
2504 2041 2576 2094 de
2610 2040 3011 2111 reprobatione
3037 2041 3235 2113 populi
3258 2044 3570 2108 Judaici,et
3594 2045 3909 2116 gentilium

2258 2130 2571 2197 electione;
2606 2130 2663 2183 in
2698 2128 3005 2184 undecimo
3037 2130 3107 2185 de
3128 2130 3503 2203 abrogatione
3532 2133 3773 2188 Sabbati
3802 2134 3911 2189 Ju-

2260 2220 2410 2275 daici
2442 2236 2456 2281 ;
2492 2219 2548 2272 in
2596 2217 2939 2273 duodecimo
2980 2219 3051 2273 de
3099 2220 3305 2292 templi
3351 2221 3581 2276 Judaici
3633 2222 3910 2294 repudia-

2260 2308 2417 2363 tione
2447 2324 2513 2362 ac
2543 2306 2937 2375 demolitione,
2987 2310 3045 2361 et
3074 2307 3143 2362 de
3176 2308 3377 2380 templi
3407 2310 3734 2381 spiritualis
3768 2312 3911 2366 aedi-

2264 2397 2552 2452 ﬁcaﬁone.

2336 2485 2580 2541 Secunda
2606 2501 2739 2556 pars
2767 2484 3028 2555 epistola.
3062 2486 3329 2541 Secunda
3358 2504 3493 2558 pars
3532 2489 3767 2544 duobus
3815 2507 3913 2545 ca-

2266 2575 2486 2647 pitibus
2545 2572 2884 2629 absolvitur.
2937 2574 2999 2628 In
3056 2574 3243 2645 primo
3275 2577 3467 2647 agitur
3512 2578 3583 2632 de
3614 2578 3708 2633 via
3739 2578 3914 2643 lucis,

2266 2665 2373 2719 hoc
2403 2668 2511 2729 est,
2556 2664 2624 2716 de
2657 2662 2729 2716 iis
2777 2679 2903 2733 qua
2962 2662 3293 2719 Christiano
3352 2666 3579 2737 agenda
3631 2674 3810 2736 sunt;
3852 2668 3913 2723 in

2268 2753 2447 2808 altero
2472 2753 2541 2807 de
2572 2752 2664 2805 via
2694 2752 3088 2817 tenebrarum,
3123 2752 3229 2807 hoc
3260 2759 3368 2819 est,
3402 2756 3472 2809 de
3519 2755 3592 2811 iis
3622 2773 3746 2826 qua:
3779 2758 3913 2812 ani-

2269 2860 2376 2896 ma":
2410 2841 2565 2896 fideli
2612 2841 2888 2913 fugienda
2930 2858 2995 2895 ac
3025 2841 3264 2897 vitanda
3294 2848 3433 2898 sunt
3464 2860 3476 2897 :
3511 2848 3637 2899 tum
3671 2846 3916 2901 demum

2268 2933 2536 3003 sequitur
2558 2930 2841 3002 epilogus.

2340 3025 2471 3075 Haec
2503 3026 2697 3075 autem
2729 3022 2975 3093 epistola
3004 3022 3075 3077 ab
3106 3022 3373 3093 Origene,
3394 3022 3496 3077 lib.
3532 3041 3549 3077 1
3579 3027 3770 3078 contra
3801 3024 3919 3079 Cel-

2270 3126 2392 3163 sum
2423 3109 2534 3163 sub
2564 3110 2763 3179 ﬁnem,
2814 3109 3131 3179 Catholica,
3182 3110 3238 3164 id
3283 3114 3372 3165 est
3425 3110 3773 3167 universalis
3819 3129 3919 3184 ap-

2279 3196 2531 3269 pellatur
2563 3215 2576 3255 :
2609 3199 2797 3253 Exstat
2826 3216 2957 3254 sane
2990 3202 3049 3253 in
3072 3200 3337 3254 Barnabas
3367 3200 3641 3255 catholica
3686 3202 3920 3271 epistola

2272 3287 2843 3359 scriptum,etc.,quia
2865 3305 2979 3343 non
3004 3288 3073 3342 ad
3107 3304 3283 3342 unam
3306 3293 3521 3343 certam
3554 3294 3923 3359 gentem,aut

2269 3375 2562 3430 nationem
2607 3377 2824 3448 scripta
2869 3382 2979 3443 est,
3031 3376 3130 3431 sed
3164 3378 3233 3431 ad
3268 3393 3471 3432 omnes
3501 3376 3867 3433 Christianos
3904 3396 3915 3432 :

2269 3465 2351 3518 ita
2380 3464 2534 3519 enim
2559 3464 2926 3519 deﬁniuntur
2946 3465 3242 3520 catholicae
3273 3466 3671 3537 apostolorum
3700 3467 3922 3537 episto-

2268 3551 2355 3620 lae,
2388 3558 2453 3607 ut
2486 3553 2860 3609 manifestum
2909 3558 2996 3609 est
3040 3569 3107 3608 ex
3161 3554 3418 3621 Leontio,
3470 3553 3573 3608 lib.
3610 3556 3685 3610 De
3740 3558 3918 3623 sectis,

2270 3658 2395 3712 cap.
2428 3644 2506 3694 2:
2554 3640 2847 3695 Καθολικαὶ
2902 3639 2958 3695 δὲ
3016 3640 3343 3710 ἐκλήθησαν,
3404 3638 3589 3710 ἐπειδὴ
3651 3642 3714 3696 οὐ
3783 3644 3918 3714 πρὸς

2267 3728 2321 3782 ἓν
2375 3725 2524 3790 ἔθνος
2575 3728 2902 3805 ἐγράφησαν,
2936 3730 3008 3790 ὡς
3058 3731 3112 3783 αἱ
3160 3735 3255 3783 τοῦ
3307 3729 3546 3800 Παύλου,
3578 3729 3725 3787 ἀλλᾶ
3774 3732 3930 3785 καθὸ-

2272 3817 2371 3871 λου
2398 3818 2534 3889 πρὸς
2566 3820 2758 3885 πάντα,
2810 3820 2864 3873 id
2910 3825 3017 3884 est,
3053 3820 3346 3878 Catholicae
3385 3821 3548 3878 dicit}?
3596 3832 3753 3889 sunt,
3785 3824 3925 3894 quod

2272 3925 2379 3962 non
2410 3908 2480 3962 ad
2510 3925 2679 3962 unam
2699 3910 2915 3979 scriptae
2945 3912 3069 3963 sunt
3098 3918 3329 3980 gentem,
3356 3913 3416 3965 ut
3446 3912 3613 3965 Pauli
3640 3913 3923 3983 Epistola’,

2271 3998 2363 4051 sed
2396 3998 2728 4067 generaliter
2756 3998 2826 4053 ad
2854 4014 3059 4055 omnes.

2158 4318 2282 4377 III.

616 4423 885 4502 (lsaacus
913 4425 1263 4498 VOSSIUS,
1299 4426 1586 4485 Praefatio
1614 4426 1693 4485 ad
1725 4424 2064 4502 Epistolam
2097 4426 2160 4484 S.
2196 4423 2521 4495 Barnabae,
2553 4423 2999 4484 Amstelodami
3044 4439 3205 4483 anno
3233 4424 3391 4484 1646
3423 4423 3502 4483 ab
3532 4423 3667 4503 ipso
3697 4424 3928 4485 editam

1470 4507 1544 4566 ad
1580 4506 1811 4566 calcem
1841 4505 2262 4583 Epistolarum
2297 4507 2357 4564 S.
2395 4505 2617 4583 lgnatii
2646 4504 2989 4583 martyris.)

536 4720 773 4792 Aliquot
818 4721 941 4791 jam
987 4724 1127 4774 sunt
1178 4720 1312 4773 anni
1363 4720 1515 4789 quod
1565 4720 1711 4773 hanc
1745 4718 2015 4772 Barnabae
2049 4716 2177 4787 Epi-
2207 4718 2253 4781 D
2288 4715 2676 4788 maximopere
2708 4717 2943 4788 gavisus
2974 4732 3128 4785 sum,
3160 4715 3219 4770 in
3252 4714 3379 4771 illas
3431 4732 3643 4771 manus
3675 4717 3925 4773 incidere

537 4809 771 4876 stolam,
806 4825 979 4879 quam
1013 4809 1085 4863 ab
1128 4808 1565 4880 incomparabili
1620 4807 1905 4863 Salmasio
1945 4823 2176 4877 accepe-

538 4898 749 4964 ram,in
790 4897 977 4951 lucem
1002 4898 1265 4952 emittere
1297 4898 1680 4951 decreveram.
1715 4896 1821 4951 Sed
1851 4896 1958 4949 iter
1980 4911 2175 4950 meum

536 4986 779 5052 obstitit,
842 4986 1158 5056 quominus
1210 4986 1544 5039 institutum
1572 4984 1714 5038 illud
1745 4990 1868 5038 tum
1900 4982 2179 5055 temporis

536 5077 811 5149 perlicere
843 5075 1092 5130 licuerit.
1146 5075 1295 5129 Dum
1346 5092 1476 5129 vero
1527 5074 1794 5145 Angliam
1830 5073 2035 5141 lustro,
2069 5072 2181 5125 alia

539 5182 667 5221 sese
700 5163 912 5219 obtulit
942 5164 1188 5228 occasio,
1223 5181 1339 5234 qua
1372 5164 1652 5234 scriptum
1686 5162 1851 5227 illud,
1876 5162 2029 5231 quod
2053 5162 2177 5231 jam

540 5254 639 5308 diu
674 5253 862 5307 lucem
898 5254 1249 5320 merebatur,
1281 5252 1513 5305 tandem
1561 5250 1878 5321 aliquando
1920 5249 2179 5321 divulga-

542 5348 725 5397 retur.
763 5343 1014 5396 Parabat
1044 5346 1171 5395 tum
1205 5357 1408 5395 novam
1445 5340 1652 5410 lgnatii
1684 5339 1995 5393 editionem
2022 5355 2179 5393 reve—

543 5431 935 5484 rendissimus
969 5430 1251 5484 Hiberniae
1285 5430 1522 5501 primas,
1555 5429 1830 5483 Ussurius
1866 5429 2178 5481 Armacha-

545 5534 678 5571 nus.
716 5517 801 5571 [lli
836 5518 1027 5587 itaque
1052 5518 1366 5588 postulanti
1395 5524 1449 5571 et
1479 5519 1737 5572 ofl'ercnti
1767 5524 1827 5570 ut
1885 5535 1999 5571 una
2048 5534 2178 5571 cum

544 5605 864 5677 lgnatianis
897 5606 1013 5658 hinc
1046 5622 1278 5675 quoque
1330 5606 1603 5659 Barnabas
1637 5606 2015 5659 excuderetur
2057 5607 2181 5676 epi—

544 5692 716 5759 stola,
752 5709 865 5747 non
896 5696 1127 5747 tantum
1161 5692 1407 5748 libenter
1440 5694 1491 5747 id
1530 5693 1811 5761 concessi,
1853 5695 1950 5747 scd
2008 5694 2182 5747 etiam

2289 4804 2768 4875 antiquissimum
2801 4805 2953 4859 istud
2990 4810 3455 4870 monumentum,
3510 4821 3543 4858 a
3572 4805 3791 4877 quibus
3820 4806 3925 4860 im-

2293 4910 2562 4948 mensum
2596 4898 2880 4965 quantum
2922 4893 3250 4965 splendoris
3283 4894 3536 4948 mutuari
3570 4893 3684 4949 sibi
3716 4898 3925 4965 posset.

2292 4983 2359 5035 Et
2389 4982 2499 5035 nisi
2533 4982 2737 5053 ingens
2763 4982 2948 5037 isthoc
2981 4982 3496 5053 incendium,quod
3523 4999 3635 5037 non
3660 4984 3921 5055 exiguam

2293 5076 2511 5141 partem
2550 5070 2736 5125 urbis.
2770 5069 3117 5125 Oxoniensis
3148 5070 3415 5133 vastavit,
3468 5072 3667 5125 omnia
3705 5087 3929 5142 quoque

2291 5159 2639 5229 exemplaria
2657 5160 3563 5230 absumpsisset,pulcherrimam
3588 5161 3717 5231 ejus
3742 5164 3927 5215 aucto-

2292 5248 2373 5303 ris
2403 5248 2717 5302 editionem
2758 5248 2987 5318 jamdiu
3043 5248 3475 5303 habuissemus.
3524 5250 3646 5303 Non
3699 5250 3927 5305 defuere

2291 5342 2482 5391 tamen
2515 5336 2570 5390 in
2606 5336 2768 5391 Galia
2808 5337 2911 5390 viri
2941 5337 3113 5404 docti,
3149 5337 3249 5408 qui
3284 5337 3592 5410 indignum
3625 5339 3925 5415 putabant,

2294 5425 2577 5495 scriptum
2629 5426 2733 5480 hoc
2784 5425 3005 5480 diutius
3056 5428 3112 5480 in
3145 5426 3401 5481 tenebris
3442 5426 3687 5481 latitare.
3733 5432 3930 5499 Itaque

2296 5532 2480 5584 nuper
2524 5515 2686 5586 Hugo
2717 5514 3048 5585 Menardus,
3091 5516 3413 5570 monachus
3463 5516 3685 5571 ordinis
3737 5516 3925 5571 Sancti

2297 5602 2502 5669 Mauri,
2552 5620 2756 5658 novam
2816 5604 2980 5658 nobis
3037 5604 3349 5659 editionem
3408 5604 3730 5660 adornavit.
3782 5605 3923 5670 Quin

2296 5690 2612 5762 plurimum
2644 5693 2751 5748 hoc
2777 5694 3009 5749 nomine
3032 5692 3275 5750 meritus
3306 5694 3385 5748 sit
3402 5694 3472 5748 de
3493 5693 3925 5766 publico,nemo
