4090 6340
259 440 385 505 665

1659 440 2270 508 PROLEGOMENA.

3544 438 3662 502 666

267 579 381 640 est,
415 575 519 647 qui
562 572 787 631 inﬁcias
832 574 1019 632 iverit.
1070 574 1204 632 Plus
1250 579 1444 633 tamen
1496 576 1826 648 meruisset,
1859 577 1907 632 si
1938 585 1993 651 Α
2022 578 2081 634 in
2112 578 2221 633 hoc
2251 575 2671 650 reprehendere
2702 576 2853 651 quod
2884 576 2945 632 in
2992 573 3171 633 altero
3215 577 3514 631 excusant.
3542 572 3662 631 No-

266 664 615 736 contigisset
639 663 723 719 illi
754 663 924 737 plura
951 665 1144 721 videre
1173 666 1544 738 exemplaria.
1579 667 1720 722 Cum
1753 666 1909 722 enim
2020 672 2146 724 tum
2170 672 2258 723 est
2286 668 2547 733 cuilibet,
2572 684 2746 739 quam
2798 666 3045 722 nimium
3078 665 3321 738 mystice
3364 668 3422 721 et
3457 681 3660 736 super-

266 757 391 809 tota
420 753 524 809 illa
551 753 730 809 editio
750 771 820 809 ex
840 771 956 808 uno
979 755 1337 826 promanarit
1355 755 1569 826 codice,
1593 755 1715 810 fieri
1747 755 1913 810 aliter

269 859 387 898 non
418 842 606 914 potuit
654 842 794 914 quin
843 844 1384 900 inemendatissima
1430 845 1705 916 prodiret.
1748 843 1910 912 Mihi,

268 930 409 987 licet
436 948 553 987 non
584 947 771 1003 usque
802 933 944 988 adeo
976 932 1210 988 fortuna
1249 933 1471 999 faverit,
1508 938 1571 989 ul.
1600 933 1912 1006 quisquam

269 1020 531 1077 invidere
563 1020 789 1090 debeat,
820 1037 888 1076 ea
915 1025 1115 1077 tamen
1146 1022 1390 1095 contigit
1416 1022 1683 1093 felicitas,
1718 1027 1783 1077 ut
1811 1022 1913 1077 tri-

273 1109 386 1164 bus
412 1110 474 1165 in
504 1109 615 1166 hoc
639 1110 983 1183 corrigendo
1003 1127 1148 1166 usus
1173 1112 1286 1166 sim
1310 1128 1452 1167 mss.
1476 1111 1738 1166 Primum
1769 1110 1913 1166 mihi

274 1198 574 1254 Florentia
606 1199 1000 1271 suppeditavit
1044 1199 1397 1255 bibliotheca
1426 1200 1702 1271 Medicea,
1736 1199 1918 1255 altera

274 1288 392 1343 duo
423 1286 775 1343 bibliotheca
807 1288 1081 1344 Vaticana
1108 1293 1165 1344 et
1198 1288 1640 1357 Theatinorum,
1676 1290 1775 1361 qui
1806 1290 1914 1345 Ro-

274 1393 384 1433 me
415 1380 617 1449 agunt.
650 1376 889 1433 Illorum
920 1394 1092 1432 usum
1126 1383 1428 1449 acceptum
1460 1379 1577 1434 fero
1600 1379 1761 1434 Lucae
1784 1377 1917 1433 Hol-

274 1464 488 1530 stenio,
517 1464 640 1520 viro
669 1481 903 1521 summo
928 1470 986 1521 et
1024 1482 1327 1537 nunquam
1368 1483 1482 1522 non
1530 1467 1682 1522 infra
1712 1466 1921 1522 merita

273 1570 386 1609 sua
413 1551 732 1610 laudando.
765 1555 914 1620 Quid
945 1554 1136 1625 itaque
1178 1572 1286 1627 ope
1325 1555 1572 1611 istorum
1604 1556 1783 1611 trium
1825 1572 1918 1611 co-

275 1643 474 1701 dicum
506 1644 828 1715 praestitum
860 1644 957 1713 sit,
988 1644 1300 1714 videbitis,
1334 1644 1430 1716 qui
1453 1660 1637 1716 opera:
1668 1644 1919 1716 pretium

274 1731 529 1797 duxerit,
561 1731 875 1787 editionem
923 1732 1075 1788 hanc
1120 1750 1251 1789 cum
1311 1733 1513 1799 altera,
1553 1749 1729 1805 quam
1780 1733 1919 1802 dixi,

274 1819 663 1875 committere.
1425 1815 1436 1827 ’

2023 756 2246 812 stitiosc
2292 757 2677 828 (pene‘etiam
2736 754 2949 827 inepte)
2990 753 3162 826 primi
3221 753 3303 808 illi
3347 752 3664 809 Christiani

2024 846 2354 920 Scripturas
2380 863 2574 901 sacras
2606 846 2726 901 sint
2754 844 3133 916 interpretati.
3183 844 3243 898 Si
3286 843 3483 915 itaque
3513 847 3571 898 et
3602 842 3662 897 in

2023 936 2134 992 hoc
2164 940 2398 991 auctore
2428 935 2693 1006 quedam
2744 938 3052 989 occurrant
3096 949 3222 1004 quae
3269 931 3515 987 eruditis
3544 931 3665 986 dis-

2024 1025 2298 1095 pliceant,
2329 1025 2589 1080 dandum
2622 1025 2680 1079 id
2711 1023 2905 1095 potius
2927 1022 3192 1078 moribus
3217 1025 3473 1077 veterum
3504 1020 3671 1076 Chri-

2024 1116 2352 1171 stianorum
2382 1131 2560 1187 quam
2591 1118 2656 1169 ut
2684 1116 2919 1185 putetur
2940 1114 3222 1184 scriptum
3248 1128 3376 1168 esse
3405 1108 3670 1183 supposi-

2025 1205 2244 1261 titium.
2287 1204 2398 1259 Sed
2430 1219 2618 1270 neque
2647 1202 2756 1258 hoc
2802 1218 3161 1274 quemquam
3211 1217 3439 1256 movere
3479 1199 3670 1266 debet,

2028 1293 2182 1364 quod
2212 1292 2501 1348 Eusebius
2529 1298 2586 1347 et
2612 1292 2789 1346 Graeci
2820 1290 3169 1362 posteriores
3198 1290 3351 1345 inter
3390 1287 3674 1364 ἀπόκρυφοι

2030 1382 2397 1455 reposuerint
2426 1380 2749 1453 Epistolam
2779 1380 3075 1436 Barnabas.
3125 1380 3249 1434 Non
3281 1379 3435 1433 enim
3470 1383 3575 1433 hoc
3606 1393 3672 1433 eo

2030 1472 2247 1527 factum
2279 1472 2431 1543 quod
2465 1471 2802 1526 dubitarent
2828 1472 2897 1525 de
2926 1472 3181 1537 auctore,
3222 1469 3324 1524 sed
3369 1468 3525 1540 quod
3555 1482 3673 1522 non

2031 1562 2346 1633 probarent
2368 1560 2641 1632 mysticae
2663 1559 2807 1616 istas
2829 1558 3333 1631 interpretationes
3356 1555 3675 1612 multorum

2031 1650 2091 1706 S.
2123 1650 2433 1722 Scriptura;
2463 1649 2743 1704 locorum.
2776 1649 2988 1704 Eadem
3021 1648 3244 1703 ratione
3278 1651 3345 1702 et'
3365 1644 3675 1702 Clementis

2030 1738 2426 1801 Alexandrini,
2459 1745 2516 1793 et
2562 1737 2749 1793 multa
2796 1737 3052 1810 Originis
3100 1753 3295 1809 opera,
3346 1736 3497 1791 inter
3538 1750 3676 1807 apo-

2034 1828 2252 1900 crypha
2280 1826 2466 1883 relata
2493 1831 2650 1882 sunt.
2683 1827 2881 1898 Neque
2925 1832 3115 1882 tamen
3156 1841 3418 1897 unquam
3447 1823 3676 1879 dubitaL

347 1907 555 2019 Nescio
575 1914 771 1966 autem
803 1926 907 1966 cur
935 1910 1169 1983 quidem
1203 1911 1422 1984 opinati
1444 1911 1563 1969 sint
1606 1911 1757 1967 hanc
1786 1909 1919 1982 Epi-
1954 1953 2002 2019 Β
2034 1922 2160 1973 tum
2192 1916 2300 1971 fuit
2330 1915 2472 1987 quin
2504 1913 2757 1986 genuina
2796 1918 2996 1970 essent
3024 1912 3126 1968 illa
3157 1929 3352 1984 opera.
3383 1913 3454 1968 Et
3483 1915 3637 2010 certe
3664 1929 3675 1966 :

277 1998 493 2054 stolam
522 2015 638 2054 non
668 2014 798 2054 esse
826 2000 1124 2068 Barnabs,
1158 2016 1292 2055 cum
1324 2006 1520 2057 tamen
1553 2005 1610 2056 et
1639 1999 1925 2065 Clemens,

281 2098 339 2143 et
364 2087 662 2160 Origenes,
693 2092 749 2143 et
776 2087 897 2154 alii,
931 2087 1092 2144 illam
1122 2089 1172 2145 ei
1202 2089 1484 2145 tribuant.
1519 2089 1736 2145 Olfensi
1767 2090 1925 2153 sunt,

281 2177 478 2241 credo,
510 2176 616 2231 viri
647 2177 820 2246 docti,
861 2178 1017 2249 quod
1066 2176 1162 2232 hic
1192 2177 1319 2234 loca
1366 2179 1632 2250 quaedam
1681 2178 1741 2234 S.
1772 2178 1927 2234 Scri-

280 2271 467 2338 pturaa
506 2264 675 2321 aliter
700 2265 1081 2338 explicentur,
1114 2283 1290 2339 quam
1321 2267 1595 2339 explicari
1614 2268 1923 2323 debebant.

281 2354 626 2410 Persuaderi
656 2360 982 2425 nequeunt,
1021 2355 1107 2411 sic
1154 2356 1415 2427 potuisse
1461 2373 1528 2412 ea
1568 2357 1697 2428 capi
1746 2374 1780 2411 a
1806 2358 1928 2413 viro

279 2448 458 2500 tanta
479 2444 863 2511 auctoritatis,
905 2444 1076 2517 cujus
1116 2446 1287 2501 toties
1315 2445 1465 2501 sacri
1501 2444 1633 2500 libri
1655 2446 1928 2502 memine-

282 2531 419 2602 rint,
453 2532 669 2605 quippe
717 2550 951 2605 semper
1005 2532 1168 2589 Pauli
1217 2533 1467 2604 apostoli
1523 2549 1717 2589 comes
1759 2534 1933 2590 fuerit

282 2621 645 2689 individuus,
678 2627 737 2677 et
764 2622 891 2694 ipse
918 2639 1152 2695 quoque
1180 2640 1336 2678 unus
1368 2639 1398 2678 e
1435 2623 1762 2678 minoribus
1790 2638 1929 2695 apo-

284 2709 476 2765 stolis.
511 2711 622 2766 Sed
654 2711 787 2783 quis
816 2728 852 2767 a
880 2711 1088 2784 primis
1128 2710 1244 2767 illis
1292 2711 1641 2767 Christianis
1667 2711 1929 2784 omnige-

287 2814 426 2855 nam
460 2799 764 2855 scientiam
798 2805 855 2856 et
884 2801 1210 2857 doctrinam
1250 2800 1607 2873 expostulat;
1641 2802 1772 2871 quis
1800 2800 1933 2857 illos

286 2905 407 2945 non
438 2905 600 2961 aeque
628 2888 1018 2945 hsllucinatos
1046 2889 1358 2956 existimet,
1395 2894 1573 2961 atque
1601 2906 1800 2945 eorum
1835 2906 1931 2945 ne-

286 2983 458 3051 potes
482 2996 497 3045 ;
533 2978 854 3049 praesertim
885 2978 944 3034 in
968 2979 1143 3035 rebus
1164 2978 1311 3034 nihil
1338 2980 1409 3034 ad
1434 2979 1607 3034 fidem
1637 2978 1933 3050 pertinen-

289 3067 456 3123 tibus
475 3067 505 3122 ?
533 3066 809 3139 Nunquid
835 3072 891 3122 et
909 3067 969 3122 in
994 3068 1244 3140 epistola
1268 3067 1599 3132 Clementis,
1622 3083 1798 3138 quam
1831 3084 1933 3123 no-

290 3155 383 3211 bis
413 3155 573 3210 dedit
604 3155 690 3209 vir
719 3155 1010 3211 maximus
1040 3155 1325 3212 Patricius
1360 3155 1593 3222 Junius,
1626 3154 1933 3211 bibliothe-

287 3244 488 3300 carius
518 3243 715 3317 regius
742 3244 858 3315 (cui
907 3260 1012 3316 ego
1049 3249 1280 3300 tantum
1327 3246 1532 3312 debeo,
1575 3252 1641 3299 ut
1689 3243 1859 3317 plura
1882 3244 1935 3301 ei

284 3332 503 3389 debere
558 3350 671 3390 non
749 3333 1017 3405 possim),
1093 3333 1314 3389 similia
1378 3333 1737 3390 occurrunt?
1803 3319 2015 3400 QuisC

286 3421 449 3478 enim
474 3422 626 3477 bono
648 3422 845 3478 animo
859 3439 1237 3495 concoquere,
1262 3422 1449 3496 possit
1460 3422 1731 3479 fabellam
1754 3422 1938 3496 illam,

289 3526 478 3583 quam
510 3510 580 3567 de
636 3496 901 3583 phmnice
955 3516 1174 3583 narrat,
1230 3512 1420 3585 deque
1474 3511 1745 3583 pluribus
1786 3512 1944 3569 ultra

288 3603 591 3656 Oceanum
615 3600 854 3656 mundis
874 3599 903 3655 ?
918 3600 1041 3656 Non
1065 3605 1205 3673 puto
1227 3600 1402 3656 etiam
1427 3616 1779 3672 quemquam
1800 3600 1944 3657 velle

291 3687 607 3744 admittere
618 3688 1040 3760 expositionem
1054 3688 1248 3755 istam,
1267 3692 1331 3743 ut
1344 3686 1588 3749 linteum
1609 3688 1941 3744 coccineum

296 3777 460 3833 Raab
492 3776 833 3843 meretricis,
869 3778 1103 3849 signum
1155 3777 1329 3833 fuerit
1372 3777 1677 3849 sanguinis
1705 3778 1941 3848 Christi,

296 3870 360 3923 et
388 3865 503 3922 alia
535 3867 799 3939 quaedam
828 3866 887 3921 id
917 3882 1123 3938 genus,
1175 3883 1306 3936 quae
1353 3883 1467 3921 non
1511 3872 1601 3921 est
1625 3867 1803 3937 hujus
1834 3866 1941 3922 loci

297 3955 536 4012 referre.
564 3954 741 4027 Atqui
762 3959 958 4010 tamen
986 3953 1099 4010 iste
1128 3954 1416 4020 Clemens,
1461 3954 1585 4027 pari
1607 3955 1742 4027 jure
1770 3960 1945 4028 atque

294 4044 621 4115 Barnabas,
649 4043 843 4099 dictus
871 4047 962 4099 est
990 4043 1309 4116 apostolus.
1341 4044 1467 4099 Non
1505 4044 1718 4100 debent
1745 4044 1945 4117 itaque

2036 2004 2087 2061 si
2134 2004 2331 2060 omnia
2379 2020 2508 2075 quae
2552 2001 2865 2074 aliquando
2913 2003 3067 2057 inter
3114 2000 3444 2074 apocrypha
3480 1998 3683 2055 habita

2037 2090 2156 2147 sint
2181 2090 2417 2161 rejicere
2463 2089 2728 2154 velimus,
2778 2088 3094 2161 rejicienda
3149 2104 3383 2160 quoque
3430 2090 3585 2143 esset
3617 2088 3679 2141 Ι).

2038 2179 2200 2237 Pauli
2228 2179 2299 2234 ad
2328 2178 2598 2234 Hebraeos
2627 2178 2908 2251 Epistula,
2932 2177 3073 2233 item
3102 2177 3265 2233 Judae
3286 2174 3532 2248 apostoli
3555 2175 3684 2248 Epi-

2037 2268 2207 2336 stola,
2238 2273 2295 2323 et
2321 2266 2422 2322 illa
2450 2266 2767 2324 Clementis
2813 2268 2885 2322 ad
2932 2266 3281 2322 Corinthios.
3312 2266 3474 2328 Quod
3504 2281 3680 2336 quam

2038 2358 2361 2414 absurdum
2396 2355 2491 2422 sit,
2523 2355 2659 2427 quis
2688 2360 2776 2411 est
2806 2354 2906 2427 qui
2940 2372 3057 2410 non
3081 2353 3292 2410 videat.

2109 2445 2223 2500 Alii
2244 2461 2313 2500 ex
2343 2443 2491 2517 stylo
2524 2449 2581 2499 et
2608 2443 2945 2516 scriptionis
2977 2459 3185 2517 genere
3232 2442 3524 2510 dixerunt,
3558 2458 3685 2498 sese

2039 2535 2471 2607 deprehendere
2484 2533 2790 2605 epistolam
2805 2533 2955 2588 hanc
2977 2548 3103 2588 esse
3126 2532 3410 2604 spuriam.
3429 2536 3503 2586 De
3525 2535 3688 2603 lgna-

2038 2622 2548 2695 tiiepistolisidem
2561 2621 2953 2676 affirmabant.
2973 2622 3082 2677 Sed
3107 2620 3357 2675 nimium
3380 2636 3519 2676 sane
3533 2619 3685 2675 acuti

2040 2712 2243 2768 volunt
2270 2710 2473 2777 videri,
2507 2708 2605 2783 qui
2637 2708 2777 2764 talia
2822 2710 3070 2781 jactant.
3120 2709 3244 2765 Non
3295 2710 3378 2764 ita
3407 2708 3572 2765 facile
3601 2713 3691 2764 est

2041 2800 2243 2872 spuria
2273 2801 2490 2871 scripta
2517 2816 2552 2855 a
2581 2798 2853 2872 genuinis
2873 2798 3257 2872 distinguere,
3278 2815 3454 2871 quam
3487 2799 3565 2853 sit
3594 2814 3691 2853 na-

2041 2889 2190 2946 tivas
2221 2904 2486 2961 gemmas
2508 2888 2849 2960 dignoscere
2874 2888 2945 2943 ab
2968 2887 3334 2944 adulterinis.
3358 2889 3504 2944 Cum
3533 2887 3690 2942 enim

2044 2979 2161 3034 veri
2191 2977 2376 3050 lapilli
2407 2994 2541 3033 cum
2563 2976 2782 3032 ﬁctitiis
2807 2977 3257 3033 committuntur
3274 2980 3332 3032 et
3352 2992 3692 3049 comparan-

2040 3072 2159 3133 tur,
2187 3071 2313 3121 tum
2344 3070 2409 3121 ut
2438 3065 2758 3138 plurimum
2789 3065 2959 3121 fucus
2988 3069 3228 3138 apparet
3256 3081 3268 3118 :
3321 3065 3403 3121 ita
3433 3081 3693 3138 purpura

2044 3157 2115 3212 ad
2148 3172 2471 3228 purpuram
2505 3154 2883 3225 dijudicatur,
2916 3155 2997 3209 ita
3042 3158 3101 3209 et
3136 3154 3196 3208 in
3238 3153 3370 3209 aliis
3400 3154 3693 3209 mercibus

2043 3246 2130 3301 ﬁt.
2162 3246 2273 3301 Sed
2303 3245 2443 3316 quid
2488 3249 2597 3311 est,
2630 3245 2785 3300 unde
2838 3243 2958 3313 isti,
2990 3244 3089 3315 qui
3143 3247 3361 3314 negant
3416 3242 3695 3314 epistolas

2051 3333 2158 3390 has
2188 3350 2318 3390 esse
2348 3333 2643 3399 Barnabas,
2686 3337 2746 3388 et
2790 3331 3021 3405 Ignatii,
3068 3332 3257 3388 isthoc
3295 3330 3562 3404 colligere
3591 3348 3693 3403 po-

2048 3424 2267 3478 tuerint
2285 3422 2313 3477 7
2336 3420 2611 3493 Nunquid
2630 3419 2746 3476 alia
2766 3436 2965 3476 eorum
2990 3420 3211 3491 scripta
3227 3420 3546 3476 viderunt?
3567 3424 3693 3476 Non

2051 3516 2221 3567 certe.
2282 3510 2446 3565 Unde
2498 3525 2635 3581 ergo
2684 3507 2760 3564 iis
2787 3508 3060 3575 innotuit,
3092 3525 3210 3580 quo
3262 3506 3410 3582 stylo
3440 3509 3532 3564 usi
3577 3509 3696 3565 sint

2050 3600 2348 3656 Barnabas
2376 3603 2434 3653 et
2481 3599 2740 3671 lgnatius
2759 3598 2787 3652 ?
2814 3602 2889 3652 At
2916 3598 3194 3669 inquiunt
3222 3598 3315 3653 isti
3377 3613 3503 3653 sese
3542 3597 3695 3654 nihi-

2050 3690 2307 3744 lominus
2336 3688 2487 3743 scire
2531 3704 2667 3743 vera
2693 3703 2842 3755 esse,
2892 3704 3022 3755 quae.
3062 3686 3334 3743 sentiant.
3388 3687 3447 3743 Si
3474 3687 3557 3742 ita
3584 3691 3693 3755 est,

2043 3779 2168 3848 jam
2196 3777 2439 3832 verbum
2471 3793 2584 3832 non
2630 3776 2864 3831 addam.
2898 3776 3236 3848 Pergamus,
3288 3778 3345 3829 et
3370 3776 3694 3841 videamus,

2052 3866 2259 3938 ecquid
2287 3881 2473 3938 Operae
2497 3864 2749 3937 pretium
2780 3865 2955 3921 fuerit
2983 3866 3055 3920 ad
3083 3865 3234 3920 hanc
3254 3863 3569 3936 Epistolam
3600 3865 3698 3919 ad-

2052 3961 2305 4011 notasse.

1945 4280 2053 4342 IV.

1138 4393 1254 4473 (Ex
1296 4392 1670 4474 praefatione
1712 4392 2016 4455 Editionis
2056 4393 2428 4456 Oxoniensis
2470 4393 2618 4454 anni
2664 4391 2867 4472 1680.)

1897 4509 2097 4524 —

375 4581 513 4636 Cum
538 4582 602 4637 in
629 4580 866 4637 editione
904 4581 1241 4654 Scriptorum
1278 4585 1524 4638 veterum
1549 4582 1940 4638 ecclesiastico-
1972 4584 2018 4648 D
2048 4580 2424 4647 theol.doctor,
2456 4584 2509 4636 et
2561 4582 2909 4637 astronomiae
2933 4585 3210 4653 professor
3237 4582 3552 4637 Savilianus
3580 4580 3703 4636 red-

301 4687 429 4728 rum
459 4685 727 4739 versarer,
756 4672 1046 4740 prwwrire
1087 4687 1197 4727 non
1228 4672 1386 4727 licuit
1430 4671 1486 4727 S.
1519 4671 1793 4728 Barnabas
1822 4672 1949 4742 Epi-

299 4761 522 4831 stolam,
567 4762 852 4832 primaeua:
903 4761 1280 4831 antiquitatis,
1332 4760 1651 4832 argumenti
1695 4762 1859 4831 sacri,
1904 4768 1955 4815 et

301 4850 545 4907 auctoris
582 4849 744 4921 (quod
788 4850 1038 4921 praefert)
1082 4851 1304 4906 nomine
1348 4851 1559 4923 pariter
1606 4851 1775 4915 sacri,
1807 4865 1952 4905 com-

301 4938 799 4996 mendatissimam.
854 4939 981 4996 Haec
1028 4942 1311 5011 postquam
1338 4954 1436 5009 per
1484 4938 1724 5010 plurima
1752 4938 1956 4995 secula

305 5030 370 5085 in
426 5026 884 5084 bibliothecan
932 5027 1136 5099 pluteis
1190 5028 1517 5094 detituisset,
1574 5017 1956 5082 revendissimi

310 5119 534 5185 Usserii,
586 5117 929 5173 Armachani
993 5117 1269 5188 primatis,
1343 5117 1528 5173 studio
1590 5119 1643 5172 et
1692 5117 1954 5187 auspiciis

302 5207 456 5279 prelo
483 5206 583 5264 hoc
606 5208 666 5261 in
709 5206 824 5262 loco
864 5205 1254 5278 subjiciebatur
1298 5223 1391 5263 an.
1448 5206 1604 5263 1643.
1654 5204 1767 5261 Sed
1802 5205 1955 5260 urbis

304 5297 536 5353 Omnia?
557 5302 715 5368 parte
740 5311 949 5364 magna
992 5297 1158 5367 gravi
1207 5295 1456 5351 incendio
1501 5302 1767 5366 correpta,
1800 5297 1953 5365 typo-

306 5384 632 5457 grapheum,
671 5400 799 5440 cum
842 5388 955 5441 tota
998 5385 1356 5455 supellectile,
1402 5383 1610 5440 schedis
1655 5384 1951 5454 impressis,

305 5485 361 5533 et
387 5474 695 5547 exemplari
721 5475 858 5546 ipso,
909 5474 1293 5544 conﬂagravit,
1341 5475 1421 5529 ita
1466 5481 1525 5527 ut
1565 5488 1635 5527 ea:
1670 5472 1823 5527 clade
1852 5474 1956 5526 ista

305 5565 457 5621 nihil
483 5570 805 5634 superesset,
831 5567 1037 5635 praeter
1078 5564 1316 5634 paginas
1362 5562 1678 5631 nonnullas,
1712 5575 1832 5631 quae
1858 5577 1951 5630 pe-

308 5669 409 5710 nes
436 5661 810 5723 correctorem,
843 5659 1111 5724 quantum
1150 5653 1420 5725 conjicere
1464 5651 1646 5721 datur,
1678 5651 1909 5720 fuerant
1932 5668 1955 5713 ,-

312 5757 554 5816 quasque
604 5743 695 5796 vir
746 5738 1150 5796 eruditissimus
1195 5738 1477 5795 Eduardus
1521 5735 1802 5793 Bernadus
1856 5734 1951 5791 SS.

2057 4674 2209 4737 emit,
2265 4671 2512 4742 mihique
2570 4670 2799 4739 benigne
2853 4672 3291 4726 communicavit.
3354 4670 3528 4726 Paulo
3560 4672 3699 4741 post,

2059 4775 2253 4831 nempe
2280 4775 2425 4815 anno
2458 4759 2615 4825 1645,
2657 4774 2793 4829 opus
2818 4760 2884 4813 ab
2935 4760 3154 4830 Hugone
3189 4758 3473 4827 Menardo,
3504 4774 3701 4813 mona-

2059 4848 2165 4903 cho
2193 4849 2639 4921 congregationis
2662 4850 2722 4903 S.
2754 4850 2964 4914 Mauri,
3002 4848 3443 4904 adnotationibus
3478 4846 3704 4902 eruditis

2064 4935 2419 5004 illustratum,
2451 4950 2585 4989 cura
2607 4937 2904 5004 con/ratris
2931 4936 3094 4991 Lucae
3140 4935 3419 5001 Dacherii,
3450 4935 3704 4990 Menardo

2060 5031 2236 5078 morte
2278 5031 2560 5094 praerepto,
2620 5024 2680 5077 in
2738 5023 2933 5077 Lucem
2987 5024 3224 5079 Parisiis
3273 5022 3498 5095 prodiit.
3530 5023 3705 5078 Porro

2062 5128 2152 5167 an.
2187 5111 2327 5167 4646
2353 5112 2760 5167 illustrissimus
2808 5111 2868 5165 ι).
2909 5112 3133 5165 Isaacus
3187 5114 3413 5179 Vossius,
3458 5111 3701 5167 luculen-

2060 5202 2283 5256 tissima
2311 5202 2428 5271 eius
2470 5201 2834 5273 Epistolarum
2882 5199 2937 5254 S.
2971 5201 3184 5268 lgnatii
3228 5200 3456 5257 editioni
3498 5201 3704 5272 episto-

2063 5291 2176 5345 lam
2204 5288 2344 5344 hanc
2365 5290 2631 5358 adiunxit
2660 5306 2674 5355 ;
2705 5298 2759 5344 et
2777 5292 2959 5357 notas,
2988 5288 3170 5345 breves
3190 5289 3426 5363 quidem,
3455 5290 3555 5346 sed
3580 5305 3706 5345 eru-

2059 5380 2206 5435 ditas
2232 5377 2462 5433 addidit.
2487 5379 2712 5433 Demum
2738 5394 2831 5431 an.
2857 5380 2994 5433 1672
3009 5383 3171 5435 Joan.
3195 5381 3353 5451 Bapt.
3373 5378 3703 5446 Caletes-ius,

2062 5467 2343 5523 Societatis
2382 5465 2686 5522 Sorbonicae
2731 5466 3028 5536 theologus,
3078 5468 3424 5526 Bibliotheca?
3468 5485 3577 5526 suae
3606 5468 3701 5535 SS.

2060 5558 2285 5612 Patrum
2315 5558 2413 5629 qui
2458 5556 2796 5628 temporibus
2842 5558 3155 5628 apostolicis
3194 5560 3529 5631 ﬂoruerunt,
3574 5560 3703 5630 Epi-

2060 5647 2255 5703 stolam
2283 5646 2424 5701 hanc
2453 5648 2705 5713 inseruit,
2736 5648 3147 5719 versionemquc
3171 5665 3369 5705 novam
3387 5648 3700 5718 adornavit,

2061 5741 2323 5808 notasque
2352 5735 2759 5794 laudatissimas
2787 5739 3061 5810 apposuit.
