  <div class='ocr_page' id='page_1' title='image "/cluster/home/n/w/nwhite01/storage/ocr_20150623/2/hvd.32044073501421/345.png"; bbox 0 0 4090 6340; ppageno 0'>
   <div class='ocr_carea' id='block_1_1' title="bbox 472 424 592 487">
    <p class='ocr_par' dir='ltr' id='par_1_1' title="bbox 472 424 592 487">
     <span class='ocr_line' id='line_1_1' title="bbox 472 424 592 487; baseline 0 -1"><span class='ocrx_word' id='word_1_1' title='bbox 472 424 592 487; x_wconf 82' lang='lat'><strong><em>667</em></strong></span> 
     </span>
    </p>
   </div>
   <div class='ocr_carea' id='block_1_2' title="bbox 1648 434 2703 535">
    <p class='ocr_par' dir='ltr' id='par_1_2' title="bbox 1648 434 2703 535">
     <span class='ocr_line' id='line_1_2' title="bbox 1648 434 2703 535; baseline 0.002 -36"><span class='ocrx_word' id='word_1_2' title='bbox 1648 434 1712 499; x_wconf 93' lang='lat' dir='ltr'><strong><em>s.</em></strong></span> <span class='ocrx_word' id='word_1_3' title='bbox 1759 434 2179 499; x_wconf 81' lang='lat' dir='ltr'><strong><em>BARNABAS</em></strong></span> <span class='ocrx_word' id='word_1_4' title='bbox 2222 435 2703 535; x_wconf 72' lang='lat' dir='ltr'><strong><em>APOSTOLUS.</em></strong></span> 
     </span>
    </p>
   </div>
   <div class='ocr_carea' id='block_1_3' title="bbox 3632 96 4011 299">
    <p class='ocr_par' dir='ltr' id='par_1_3' title="bbox 3632 96 4011 299">
     <span class='ocr_line' id='line_1_3' title="bbox 3632 96 4011 299; baseline 0.003 -150"><span class='ocrx_word' id='word_1_5' title='bbox 3632 96 4011 299; x_wconf 63' lang='grc' dir='ltr'><strong><em>..τ</em></strong></span> 
     </span>
    </p>
   </div>
   <div class='ocr_carea' id='block_1_4' title="bbox 3759 438 3882 503">
    <p class='ocr_par' dir='ltr' id='par_1_4' title="bbox 3759 438 3882 503">
     <span class='ocr_line' id='line_1_4' title="bbox 3759 438 3882 503; baseline -0.016 0"><span class='ocrx_word' id='word_1_6' title='bbox 3759 438 3882 503; x_wconf 86' lang='grc'>668</span> 
     </span>
    </p>
   </div>
   <div class='ocr_carea' id='block_1_5' title="bbox 555 560 3884 647">
    <p class='ocr_par' dir='ltr' id='par_1_5' title="bbox 555 560 3884 647">
     <span class='ocr_line' id='line_1_5' title="bbox 555 560 3884 647; baseline 0.004 -30"><span class='ocrx_word' id='word_1_7' title='bbox 555 560 689 629; x_wconf 69' lang='lat' dir='ltr'><strong><em>Quae</em></strong></span> <span class='ocrx_word' id='word_1_8' title='bbox 744 561 808 618; x_wconf 85' lang='lat' dir='ltr'><strong><em>de</em></strong></span> <span class='ocrx_word' id='word_1_9' title='bbox 860 578 1019 636; x_wconf 87' lang='lat' dir='ltr'><strong><em>opere</em></strong></span> <span class='ocrx_word' id='word_1_10' title='bbox 1072 566 1187 638; x_wconf 88' lang='lat' dir='ltr'><strong><em>ipso</em></strong></span> <span class='ocrx_word' id='word_1_11' title='bbox 1241 567 1471 623; x_wconf 78' lang='lat' dir='ltr'><strong><em>dicenda</em></strong></span> <span class='ocrx_word' id='word_1_12' title='bbox 1526 574 1837 637; x_wconf 79' lang='lat' dir='ltr'><strong><em>supersunt,</em></strong></span> <span class='ocrx_word' id='word_1_13' title='bbox 1902 578 1963 624; x_wconf 93' lang='lat' dir='ltr'><strong><em>ut</em></strong></span> <span class='ocrx_word' id='word_1_14' title='bbox 2020 571 2127 624; x_wconf 85' lang='lat' dir='ltr'><strong><em>viri</em></strong></span> <span class='ocrx_word' id='word_1_15' title='bbox 2154 571 2208 637; x_wconf 83' lang='grc' dir='ltr'><strong>Α</strong></span> <span class='ocrx_word' id='word_1_16' title='bbox 2235 570 2401 627; x_wconf 91' lang='lat' dir='ltr'><strong><em>stolos</em></strong></span> <span class='ocrx_word' id='word_1_17' title='bbox 2432 590 2557 629; x_wconf 88' lang='lat' dir='ltr'><strong><em>suos</em></strong></span> <span class='ocrx_word' id='word_1_18' title='bbox 2586 575 2831 644; x_wconf 77' lang='lat' dir='ltr'><strong><em>elegisset</em></strong></span> <span class='ocrx_word' id='word_1_19' title='bbox 2858 575 3028 642; x_wconf 75' lang='lat' dir='ltr'><strong><em>Iesus,</em></strong></span> <span class='ocrx_word' id='word_1_20' title='bbox 3062 574 3157 646; x_wconf 92' lang='lat' dir='ltr'><strong><em>qui</em></strong></span> <span class='ocrx_word' id='word_1_21' title='bbox 3200 576 3369 630; x_wconf 85' lang='lat' dir='ltr'><strong><em>erant</em></strong></span> <span class='ocrx_word' id='word_1_22' title='bbox 3409 574 3563 630; x_wconf 85' lang='lat' dir='ltr'><strong><em>omni</em></strong></span> <span class='ocrx_word' id='word_1_23' title='bbox 3590 573 3884 647; x_wconf 74' lang='lat' dir='ltr'><strong><em>iniquitate</em></strong></span> 
     </span>
    </p>
   </div>
   <div class='ocr_carea' id='block_1_6' title="bbox 484 651 2128 730">
    <p class='ocr_par' dir='ltr' id='par_1_6' title="bbox 484 651 2128 730">
     <span class='ocr_line' id='line_1_6' title="bbox 484 651 2128 730; baseline 0.007 -28"><span class='ocrx_word' id='word_1_24' title='bbox 484 651 678 719; x_wconf 86' lang='lat' dir='ltr'><strong><em>magni</em></strong></span> <span class='ocrx_word' id='word_1_25' title='bbox 704 656 986 711; x_wconf 67' lang='lat' dir='ltr'><strong><em>memoria?</em></strong></span> <span class='ocrx_word' id='word_1_26' title='bbox 1027 656 1205 725; x_wconf 88' lang='lat' dir='ltr'><strong><em>litem,</em></strong></span> <span class='ocrx_word' id='word_1_27' title='bbox 1254 659 1432 713; x_wconf 79' lang='lat' dir='ltr'><strong><em>verbis</em></strong></span> <span class='ocrx_word' id='word_1_28' title='bbox 1474 659 1837 714; x_wconf 72' lang='lat' dir='ltr'><strong><em>illustrissimi</em></strong></span> <span class='ocrx_word' id='word_1_29' title='bbox 1872 661 2128 730; x_wconf 80' lang='lat' dir='ltr'><strong><em>primatis</em></strong></span> 
     </span>
    </p>
   </div>
   <div class='ocr_carea' id='block_1_7' title="bbox 480 739 1838 815">
    <p class='ocr_par' dir='ltr' id='par_1_7' title="bbox 480 739 1838 815">
     <span class='ocr_line' id='line_1_7' title="bbox 480 739 1838 815; baseline 0.01 -25"><span class='ocrx_word' id='word_1_30' title='bbox 480 739 757 808; x_wconf 68' lang='lat' dir='ltr'><strong><em>praedicti,</em></strong></span> <span class='ocrx_word' id='word_1_31' title='bbox 792 758 916 812; x_wconf 69' lang='lat' dir='ltr'><strong><em>quae</em></strong></span> <span class='ocrx_word' id='word_1_32' title='bbox 942 747 1199 813; x_wconf 85' lang='lat' dir='ltr'><strong><em>ﬂammas</em></strong></span> <span class='ocrx_word' id='word_1_33' title='bbox 1225 752 1531 815; x_wconf 84' lang='lat' dir='ltr'><strong><em>evaserant,</em></strong></span> <span class='ocrx_word' id='word_1_34' title='bbox 1562 749 1838 804; x_wconf 69' lang='lat' dir='ltr'><strong><em>exhibebo.</em></strong></span> 
     </span>
    </p>
   </div>
   <div class='ocr_carea' id='block_1_8' title="bbox 477 898 2126 947">
    <p class='ocr_par' dir='ltr' id='par_1_8' title="bbox 477 898 2126 947">
     <span class='ocr_line' id='line_1_8' title="bbox 477 898 2126 947; baseline 0.007 -12"><span class='ocrx_word' id='word_1_35' title='bbox 477 898 673 937; x_wconf 80' lang='lat' dir='ltr'><strong><em>JACOBI</em></strong></span> <span class='ocrx_word' id='word_1_36' title='bbox 696 902 1031 942; x_wconf 77' lang='lat' dir='ltr'><strong><em>ARMACHANI</em></strong></span> <span class='ocrx_word' id='word_1_37' title='bbox 1058 905 1127 943; x_wconf 83' lang='lat' dir='ltr'><strong><em>DE</em></strong></span> <span class='ocrx_word' id='word_1_38' title='bbox 1154 907 1429 945; x_wconf 68' lang='grc' dir='ltr'><strong><em>ΒΑΗΝΑΒίΕ</em></strong></span> <span class='ocrx_word' id='word_1_39' title='bbox 1449 908 1717 947; x_wconf 79' lang='lat' dir='ltr'><strong><em>EPISTOLA</em></strong></span> <span class='ocrx_word' id='word_1_40' title='bbox 1741 909 2126 947; x_wconf 73' lang='grc' dir='ltr'><strong><em>ΡΗᾸΞΜΟΝῙἸἸΟ.</em></strong></span> 
     </span>
    </p>
   </div>
   <div class='ocr_carea' id='block_1_9' title="bbox 548 1010 2131 1090">
    <p class='ocr_par' dir='ltr' id='par_1_9' title="bbox 548 1010 2131 1090">
     <span class='ocr_line' id='line_1_9' title="bbox 548 1010 2131 1090; baseline 0.006 -26"><span class='ocrx_word' id='word_1_41' title='bbox 548 1031 575 1057; x_wconf 85' lang='grc'><strong><em>‹‹</em></strong></span> <span class='ocrx_word' id='word_1_42' title='bbox 613 1010 906 1085; x_wconf 87' lang='lat' dir='ltr'><strong><em>Polycarpi</em></strong></span> <span class='ocrx_word' id='word_1_43' title='bbox 932 1016 1002 1069; x_wconf 88' lang='lat' dir='ltr'><strong><em>ad</em></strong></span> <span class='ocrx_word' id='word_1_44' title='bbox 1025 1016 1427 1088; x_wconf 89' lang='lat' dir='ltr'><strong><em>Philippenses</em></strong></span> <span class='ocrx_word' id='word_1_45' title='bbox 1453 1017 1793 1089; x_wconf 84' lang='lat' dir='ltr'><strong><em>Epistolam,</em></strong></span> <span class='ocrx_word' id='word_1_46' title='bbox 1816 1018 1982 1090; x_wconf 89' lang='lat' dir='ltr'><strong><em>longe</em></strong></span> <span class='ocrx_word' id='word_1_47' title='bbox 2006 1034 2131 1090; x_wconf 81' lang='lat' dir='ltr'><strong><em>pro-</em></strong></span> 
     </span>
    </p>
   </div>
   <div class='ocr_carea' id='block_1_10' title="bbox 475 1095 2131 1179">
    <p class='ocr_par' dir='ltr' id='par_1_10' title="bbox 475 1095 2131 1179">
     <span class='ocr_line' id='line_1_10' title="bbox 475 1095 2131 1179; baseline 0.006 -28"><span class='ocrx_word' id='word_1_48' title='bbox 475 1095 741 1155; x_wconf 88' lang='lat' dir='ltr'><strong><em>lixiorem</em></strong></span> <span class='ocrx_word' id='word_1_49' title='bbox 774 1101 873 1157; x_wconf 87' lang='lat' dir='ltr'><strong><em>illa</em></strong></span> <span class='ocrx_word' id='word_1_50' title='bbox 923 1122 1048 1175; x_wconf 67' lang='lat' dir='ltr'><strong><em>quae</em></strong></span> <span class='ocrx_word' id='word_1_51' title='bbox 1100 1106 1346 1161; x_wconf 87' lang='lat' dir='ltr'><strong><em>habetur</em></strong></span> <span class='ocrx_word' id='word_1_52' title='bbox 1396 1108 1553 1178; x_wconf 91' lang='lat' dir='ltr'><strong><em>typis</em></strong></span> <span class='ocrx_word' id='word_1_53' title='bbox 1606 1124 1838 1174; x_wconf 87' lang='lat' dir='ltr'><strong><em>excusa,</em></strong></span> <span class='ocrx_word' id='word_1_54' title='bbox 1886 1109 2035 1179; x_wconf 92' lang='lat' dir='ltr'><strong><em>apud</em></strong></span> <span class='ocrx_word' id='word_1_55' title='bbox 2071 1124 2131 1162; x_wconf 88' lang='lat' dir='ltr'><strong><em>se</em></strong></span> 
     </span>
    </p>
   </div>
   <div class='ocr_carea' id='block_1_11' title="bbox 482 1186 2136 1269">
    <p class='ocr_par' dir='ltr' id='par_1_11' title="bbox 482 1186 2136 1269">
     <span class='ocr_line' id='line_1_11' title="bbox 482 1186 2136 1269; baseline 0.007 -28"><span class='ocrx_word' id='word_1_56' title='bbox 482 1186 672 1243; x_wconf 62' lang='lat' dir='ltr'><strong><em>Graece</em></strong></span> <span class='ocrx_word' id='word_1_57' title='bbox 720 1192 997 1263; x_wconf 84' lang='lat' dir='ltr'><strong><em>scriptam</em></strong></span> <span class='ocrx_word' id='word_1_58' title='bbox 1048 1196 1360 1265; x_wconf 84' lang='lat' dir='ltr'><strong><em>exstitisse,</em></strong></span> <span class='ocrx_word' id='word_1_59' title='bbox 1412 1196 1659 1251; x_wconf 89' lang='lat' dir='ltr'><strong><em>Baronio</em></strong></span> <span class='ocrx_word' id='word_1_60' title='bbox 1692 1200 1711 1231; x_wconf 69' lang='grc'><strong>³</strong></span> <span class='ocrx_word' id='word_1_61' title='bbox 1762 1204 2136 1269; x_wconf 77' lang='lat' dir='ltr'><strong><em>persuaserat</em></strong></span> 
     </span>
    </p>
   </div>
   <div class='ocr_carea' id='block_1_12' title="bbox 484 1275 2129 1357">
    <p class='ocr_par' dir='ltr' id='par_1_12' title="bbox 484 1275 2129 1357">
     <span class='ocr_line' id='line_1_12' title="bbox 484 1275 2129 1357; baseline 0.007 -28"><span class='ocrx_word' id='word_1_62' title='bbox 484 1275 831 1335; x_wconf 89' lang='lat' dir='ltr'><strong><em>Franciscus</em></strong></span> <span class='ocrx_word' id='word_1_63' title='bbox 868 1283 1214 1349; x_wconf 87' lang='lat' dir='ltr'><strong><em>Turrianus,</em></strong></span> <span class='ocrx_word' id='word_1_64' title='bbox 1265 1285 1573 1341; x_wconf 86' lang='lat' dir='ltr'><strong><em>Societatis</em></strong></span> <span class='ocrx_word' id='word_1_65' title='bbox 1618 1286 1757 1341; x_wconf 88' lang='lat' dir='ltr'><strong><em>Jesu</em></strong></span> <span class='ocrx_word' id='word_1_66' title='bbox 1812 1288 2129 1357; x_wconf 85' lang='lat' dir='ltr'><strong><em>presbyter-</em></strong></span> 
     </span>
    </p>
   </div>
   <div class='ocr_carea' id='block_1_13' title="bbox 482 1364 2132 1446">
    <p class='ocr_par' dir='ltr' id='par_1_13' title="bbox 482 1364 2132 1446">
     <span class='ocr_line' id='line_1_13' title="bbox 482 1364 2132 1446; baseline 0.005 -27"><span class='ocrx_word' id='word_1_67' title='bbox 482 1364 593 1419; x_wconf 92' lang='lat' dir='ltr'><strong><em>Sed</em></strong></span> <span class='ocrx_word' id='word_1_68' title='bbox 627 1370 940 1441; x_wconf 85' lang='lat' dir='ltr'><strong><em>exemplari</em></strong></span> <span class='ocrx_word' id='word_1_69' title='bbox 988 1372 1145 1429; x_wconf 91' lang='lat' dir='ltr'><strong><em>illius</em></strong></span> <span class='ocrx_word' id='word_1_70' title='bbox 1195 1374 1535 1446; x_wconf 89' lang='lat' dir='ltr'><strong><em>diligentius</em></strong></span> <span class='ocrx_word' id='word_1_71' title='bbox 1583 1376 1866 1446; x_wconf 89' lang='lat' dir='ltr'><strong><em>inspecto,</em></strong></span> <span class='ocrx_word' id='word_1_72' title='bbox 1908 1381 2132 1445; x_wconf 85' lang='lat' dir='ltr'><strong><em>partem</em></strong></span> 
     </span>
    </p>
   </div>
   <div class='ocr_carea' id='block_1_14' title="bbox 476 1452 2131 1535">
    <p class='ocr_par' dir='ltr' id='par_1_14' title="bbox 476 1452 2131 1535">
     <span class='ocr_line' id='line_1_14' title="bbox 476 1452 2131 1535; baseline 0.006 -27"><span class='ocrx_word' id='word_1_73' title='bbox 476 1452 670 1525; x_wconf 88' lang='lat' dir='ltr'><strong><em>ipsius</em></strong></span> <span class='ocrx_word' id='word_1_74' title='bbox 705 1461 1017 1516; x_wconf 84' lang='lat' dir='ltr'><strong><em>maximam</em></strong></span> <span class='ocrx_word' id='word_1_75' title='bbox 1050 1464 1120 1517; x_wconf 88' lang='lat' dir='ltr'><strong><em>ad</em></strong></span> <span class='ocrx_word' id='word_1_76' title='bbox 1163 1464 1491 1535; x_wconf 82' lang='lat' dir='ltr'><strong><em>epistolam,</em></strong></span> <span class='ocrx_word' id='word_1_77' title='bbox 1534 1482 1662 1535; x_wconf 73' lang='lat' dir='ltr'><strong><em>quae</em></strong></span> <span class='ocrx_word' id='word_1_78' title='bbox 1697 1466 1959 1520; x_wconf 65' lang='lat' dir='ltr'><strong><em>Barnabas</em></strong></span> <span class='ocrx_word' id='word_1_79' title='bbox 1991 1481 2131 1535; x_wconf 86' lang='lat' dir='ltr'><strong><em>apo-</em></strong></span> 
     </span>
    </p>
   </div>
   <div class='ocr_carea' id='block_1_15' title="bbox 480 1547 2133 1626">
    <p class='ocr_par' dir='ltr' id='par_1_15' title="bbox 480 1547 2133 1626">
     <span class='ocr_line' id='line_1_15' title="bbox 480 1547 2133 1626; baseline 0.005 -25"><span class='ocrx_word' id='word_1_80' title='bbox 480 1548 611 1601; x_wconf 88' lang='lat' dir='ltr'><strong><em>stoli</em></strong></span> <span class='ocrx_word' id='word_1_81' title='bbox 646 1547 938 1603; x_wconf 82' lang='lat' dir='ltr'><strong><em>ferebatur</em></strong></span> <span class='ocrx_word' id='word_1_82' title='bbox 962 1549 1099 1607; x_wconf 91' lang='lat' dir='ltr'><strong><em>olim</em></strong></span> <span class='ocrx_word' id='word_1_83' title='bbox 1133 1553 1389 1621; x_wconf 90' lang='lat' dir='ltr'><strong><em>nomine,</em></strong></span> <span class='ocrx_word' id='word_1_84' title='bbox 1414 1554 1787 1625; x_wconf 78' lang='lat' dir='ltr'><strong><em>pertinuisse,</em></strong></span> <span class='ocrx_word' id='word_1_85' title='bbox 1818 1554 2133 1626; x_wconf 79' lang='lat' dir='ltr'><strong><em>deprehen‘</em></strong></span> 
     </span>
    </p>
   </div>
   <div class='ocr_carea' id='block_1_16' title="bbox 482 1634 2134 1711">
    <p class='ocr_par' dir='ltr' id='par_1_16' title="bbox 482 1634 2134 1711">
     <span class='ocr_line' id='line_1_16' title="bbox 482 1634 2134 1711; baseline 0.005 -24"><span class='ocrx_word' id='word_1_86' title='bbox 482 1634 567 1688; x_wconf 89' lang='lat' dir='ltr'><strong><em>dit</em></strong></span> <span class='ocrx_word' id='word_1_87' title='bbox 600 1642 800 1705; x_wconf 87' lang='lat' dir='ltr'><strong><em>postea</em></strong></span> <span class='ocrx_word' id='word_1_88' title='bbox 827 1638 1080 1694; x_wconf 87' lang='lat' dir='ltr'><strong><em>Jacobus</em></strong></span> <span class='ocrx_word' id='word_1_89' title='bbox 1113 1641 1483 1709; x_wconf 88' lang='lat' dir='ltr'><strong><em>Sirmondus,</em></strong></span> <span class='ocrx_word' id='word_1_90' title='bbox 1535 1643 1797 1711; x_wconf 77' lang='lat' dir='ltr'><strong><em>ejusdem</em></strong></span> <span class='ocrx_word' id='word_1_91' title='bbox 1841 1642 2134 1697; x_wconf 80' lang='lat' dir='ltr'><strong><em>societatis</em></strong></span> 
     </span>
    </p>
   </div>
   <div class='ocr_carea' id='block_1_17' title="bbox 483 1722 2131 1798">
    <p class='ocr_par' dir='ltr' id='par_1_17' title="bbox 483 1722 2131 1798">
     <span class='ocr_line' id='line_1_17' title="bbox 483 1722 2131 1798; baseline 0.005 -22"><span class='ocrx_word' id='word_1_92' title='bbox 483 1722 808 1796; x_wconf 85' lang='lat' dir='ltr'><strong><em>theologus.</em></strong></span> <span class='ocrx_word' id='word_1_93' title='bbox 842 1727 1037 1798; x_wconf 91' lang='lat' dir='ltr'><strong><em>Neque</em></strong></span> <span class='ocrx_word' id='word_1_94' title='bbox 1086 1728 1254 1784; x_wconf 80' lang='lat' dir='ltr'><strong><em>aliter</em></strong></span> <span class='ocrx_word' id='word_1_95' title='bbox 1296 1730 1596 1798; x_wconf 85' lang='lat' dir='ltr'><strong><em>habuisse,</em></strong></span> <span class='ocrx_word' id='word_1_96' title='bbox 1647 1732 1731 1787; x_wconf 91' lang='lat' dir='ltr'><strong><em>vel</em></strong></span> <span class='ocrx_word' id='word_1_97' title='bbox 1765 1732 2131 1787; x_wconf 68' lang='lat' dir='ltr'><strong><em>bibliothecae</em></strong></span> 
     </span>
    </p>
   </div>
   <div class='ocr_carea' id='block_1_18' title="bbox 481 1812 2130 1889">
    <p class='ocr_par' dir='ltr' id='par_1_18' title="bbox 481 1812 2130 1889">
     <span class='ocr_line' id='line_1_18' title="bbox 481 1812 2130 1889; baseline 0.007 -24"><span class='ocrx_word' id='word_1_98' title='bbox 481 1812 792 1879; x_wconf 64' lang='lat' dir='ltr'><strong><em>Vaticanis,</em></strong></span> <span class='ocrx_word' id='word_1_99' title='bbox 826 1815 910 1869; x_wconf 90' lang='lat' dir='ltr'><strong><em>vel</em></strong></span> <span class='ocrx_word' id='word_1_100' title='bbox 943 1818 1259 1873; x_wconf 89' lang='lat' dir='ltr'><strong><em>cardinalis</em></strong></span> <span class='ocrx_word' id='word_1_101' title='bbox 1289 1820 1605 1874; x_wconf 71' lang='lat' dir='ltr'><strong><em>Columniei</em></strong></span> <span class='ocrx_word' id='word_1_102' title='bbox 1656 1822 1901 1889; x_wconf 86' lang='lat' dir='ltr'><strong><em>codices,</em></strong></span> <span class='ocrx_word' id='word_1_103' title='bbox 1936 1827 2130 1877; x_wconf 88' lang='lat' dir='ltr'><strong><em>osten-</em></strong></span> 
     </span>
    </p>
   </div>
   <div class='ocr_carea' id='block_1_19' title="bbox 481 1901 1735 1981">
    <p class='ocr_par' dir='ltr' id='par_1_19' title="bbox 481 1901 1735 1981">
     <span class='ocr_line' id='line_1_19' title="bbox 481 1901 1735 1981; baseline 0.008 -26"><span class='ocrx_word' id='word_1_104' title='bbox 481 1901 567 1956; x_wconf 87' lang='lat' dir='ltr'><strong><em>dit</em></strong></span> <span class='ocrx_word' id='word_1_105' title='bbox 598 1906 804 1958; x_wconf 87' lang='lat' dir='ltr'><strong><em>Petrus</em></strong></span> <span class='ocrx_word' id='word_1_106' title='bbox 836 1905 1154 1962; x_wconf 84' lang='lat' dir='ltr'><strong><em>Halloixius</em></strong></span> <span class='ocrx_word' id='word_1_107' title='bbox 1183 1908 1224 1978; x_wconf 74' lang='grc'><strong><em>³,</em></strong></span> <span class='ocrx_word' id='word_1_108' title='bbox 1258 1917 1313 1963; x_wconf 88' lang='lat' dir='ltr'><strong><em>et</em></strong></span> <span class='ocrx_word' id='word_1_109' title='bbox 1344 1909 1468 1980; x_wconf 90' lang='lat' dir='ltr'><strong><em>ipse</em></strong></span> <span class='ocrx_word' id='word_1_110' title='bbox 1501 1911 1735 1981; x_wconf 87' lang='lat' dir='ltr'><strong><em>jesuita.</em></strong></span> 
     </span>
    </p>
   </div>
   <div class='ocr_carea' id='block_1_20' title="bbox 552 1992 2126 2069">
    <p class='ocr_par' dir='ltr' id='par_1_20' title="bbox 552 1992 2126 2069">
     <span class='ocr_line' id='line_1_20' title="bbox 552 1992 2126 2069; baseline 0.004 -20"><span class='ocrx_word' id='word_1_111' title='bbox 552 2013 579 2038; x_wconf 77' lang='grc' dir='ltr'>ι(</span> <span class='ocrx_word' id='word_1_112' title='bbox 618 1992 836 2064; x_wconf 88' lang='lat' dir='ltr'><strong><em>Nempe</em></strong></span> <span class='ocrx_word' id='word_1_113' title='bbox 866 1994 924 2048; x_wconf 90' lang='lat' dir='ltr'><strong><em>in</em></strong></span> <span class='ocrx_word' id='word_1_114' title='bbox 948 1996 1133 2066; x_wconf 85' lang='lat' dir='ltr'><strong><em>primo</em></strong></span> <span class='ocrx_word' id='word_1_115' title='bbox 1158 1997 1495 2069; x_wconf 83' lang='lat' dir='ltr'><strong><em>exemplari,</em></strong></span> <span class='ocrx_word' id='word_1_116' title='bbox 1518 2015 1583 2054; x_wconf 84' lang='lat' dir='ltr'><strong><em>ex</em></strong></span> <span class='ocrx_word' id='word_1_117' title='bbox 1615 2016 1728 2069; x_wconf 91' lang='lat' dir='ltr'><strong><em>quo</em></strong></span> <span class='ocrx_word' id='word_1_118' title='bbox 1758 2000 2126 2055; x_wconf 68' lang='lat' dir='ltr'><strong><em>Columnaeus</em></strong></span> 
     </span>
    </p>
   </div>
   <div class='ocr_carea' id='block_1_21' title="bbox 480 2079 2130 2160">
    <p class='ocr_par' dir='ltr' id='par_1_21' title="bbox 480 2079 2130 2160">
     <span class='ocr_line' id='line_1_21' title="bbox 480 2079 2130 2160; baseline 0.006 -27"><span class='ocrx_word' id='word_1_119' title='bbox 480 2079 577 2135; x_wconf 90' lang='lat' dir='ltr'><strong><em>ille</em></strong></span> <span class='ocrx_word' id='word_1_120' title='bbox 608 2082 787 2137; x_wconf 82' lang='lat' dir='ltr'><strong><em>codex</em></strong></span> <span class='ocrx_word' id='word_1_121' title='bbox 817 2083 939 2155; x_wconf 89' lang='lat' dir='ltr'><strong><em>(qui</em></strong></span> <span class='ocrx_word' id='word_1_122' title='bbox 984 2085 1248 2141; x_wconf 91' lang='lat' dir='ltr'><strong><em>omnium</em></strong></span> <span class='ocrx_word' id='word_1_123' title='bbox 1282 2092 1520 2157; x_wconf 85' lang='lat' dir='ltr'><strong><em>putatur</em></strong></span> <span class='ocrx_word' id='word_1_124' title='bbox 1568 2088 2041 2160; x_wconf 84' lang='lat' dir='ltr'><strong><em>antiquissimus)</em></strong></span> <span class='ocrx_word' id='word_1_125' title='bbox 2073 2094 2130 2143; x_wconf 88' lang='lat' dir='ltr'><strong><em>et</em></strong></span> 
     </span>
    </p>
   </div>
   <div class='ocr_carea' id='block_1_22' title="bbox 481 2169 2130 2248">
    <p class='ocr_par' dir='ltr' id='par_1_22' title="bbox 481 2169 2130 2248">
     <span class='ocr_line' id='line_1_22' title="bbox 481 2169 2130 2248; baseline 0.006 -26"><span class='ocrx_word' id='word_1_126' title='bbox 481 2169 685 2239; x_wconf 90' lang='lat' dir='ltr'><strong><em>reliqui</em></strong></span> <span class='ocrx_word' id='word_1_127' title='bbox 717 2172 813 2241; x_wconf 87' lang='lat' dir='ltr'><strong><em>qui</em></strong></span> <span class='ocrx_word' id='word_1_128' title='bbox 848 2180 1163 2244; x_wconf 85' lang='lat' dir='ltr'><strong><em>supersunt</em></strong></span> <span class='ocrx_word' id='word_1_129' title='bbox 1185 2175 1355 2231; x_wconf 87' lang='lat' dir='ltr'><strong><em>hodie</em></strong></span> <span class='ocrx_word' id='word_1_130' title='bbox 1378 2181 1517 2230; x_wconf 89' lang='lat' dir='ltr'><strong><em>sunt</em></strong></span> <span class='ocrx_word' id='word_1_131' title='bbox 1538 2176 1834 2248; x_wconf 83' lang='lat' dir='ltr'><strong><em>descripti,</em></strong></span> <span class='ocrx_word' id='word_1_132' title='bbox 1870 2177 2130 2233; x_wconf 87' lang='lat' dir='ltr'><strong><em>librario-</em></strong></span> 
     </span>
    </p>
   </div>
   <div class='ocr_carea' id='block_1_23' title="bbox 484 2260 2129 2338">
    <p class='ocr_par' dir='ltr' id='par_1_23' title="bbox 484 2260 2129 2338">
     <span class='ocr_line' id='line_1_23' title="bbox 484 2260 2129 2338; baseline 0.007 -27"><span class='ocrx_word' id='word_1_133' title='bbox 484 2274 615 2313; x_wconf 88' lang='lat' dir='ltr'><strong><em>rum</em></strong></span> <span class='ocrx_word' id='word_1_134' title='bbox 659 2260 795 2315; x_wconf 88' lang='lat' dir='ltr'><strong><em>vitio</em></strong></span> <span class='ocrx_word' id='word_1_135' title='bbox 839 2264 1144 2333; x_wconf 87' lang='lat' dir='ltr'><strong><em>quaternio</em></strong></span> <span class='ocrx_word' id='word_1_136' title='bbox 1173 2264 1260 2318; x_wconf 88' lang='lat' dir='ltr'><strong><em>vel</em></strong></span> <span class='ocrx_word' id='word_1_137' title='bbox 1310 2264 1567 2320; x_wconf 89' lang='lat' dir='ltr'><strong><em>omissus</em></strong></span> <span class='ocrx_word' id='word_1_138' title='bbox 1617 2265 1705 2319; x_wconf 89' lang='lat' dir='ltr'><strong><em>vel</em></strong></span> <span class='ocrx_word' id='word_1_139' title='bbox 1736 2269 2129 2338; x_wconf 86' lang='lat' dir='ltr'><strong><em>transpositus</em></strong></span> 
     </span>
    </p>
   </div>
   <div class='ocr_carea' id='block_1_24' title="bbox 481 2350 2127 2426">
    <p class='ocr_par' dir='ltr' id='par_1_24' title="bbox 481 2350 2127 2426">
     <span class='ocr_line' id='line_1_24' title="bbox 481 2350 2127 2426; baseline 0.005 -25"><span class='ocrx_word' id='word_1_140' title='bbox 481 2351 608 2402; x_wconf 90' lang='lat' dir='ltr'><strong><em>est:</em></strong></span> <span class='ocrx_word' id='word_1_141' title='bbox 641 2350 811 2419; x_wconf 91' lang='lat' dir='ltr'><strong><em>cujus</em></strong></span> <span class='ocrx_word' id='word_1_142' title='bbox 843 2351 1066 2406; x_wconf 88' lang='lat' dir='ltr'><strong><em>defectu</em></strong></span> <span class='ocrx_word' id='word_1_143' title='bbox 1102 2353 1318 2407; x_wconf 88' lang='lat' dir='ltr'><strong><em>factum</em></strong></span> <span class='ocrx_word' id='word_1_144' title='bbox 1358 2358 1466 2421; x_wconf 91' lang='lat' dir='ltr'><strong><em>est,</em></strong></span> <span class='ocrx_word' id='word_1_145' title='bbox 1497 2359 1560 2407; x_wconf 91' lang='lat' dir='ltr'><strong><em>ut</em></strong></span> <span class='ocrx_word' id='word_1_146' title='bbox 1588 2354 1647 2407; x_wconf 90' lang='lat' dir='ltr'><strong><em>in</em></strong></span> <span class='ocrx_word' id='word_1_147' title='bbox 1680 2354 1890 2409; x_wconf 60' lang='lat' dir='ltr'><strong><em>Graecis</em></strong></span> <span class='ocrx_word' id='word_1_148' title='bbox 1922 2372 2127 2426; x_wconf 89' lang='lat' dir='ltr'><strong><em>super-</em></strong></span> 
     </span>
    </p>
   </div>
   <div class='ocr_carea' id='block_1_25' title="bbox 480 2436 2132 2516">
    <p class='ocr_par' dir='ltr' id='par_1_25' title="bbox 480 2436 2132 2516">
     <span class='ocr_line' id='line_1_25' title="bbox 480 2436 2132 2516; baseline 0.005 -25"><span class='ocrx_word' id='word_1_149' title='bbox 480 2436 718 2493; x_wconf 89' lang='lat' dir='ltr'><strong><em>stitibus</em></strong></span> <span class='ocrx_word' id='word_1_150' title='bbox 749 2444 806 2493; x_wconf 90' lang='lat' dir='ltr'><strong><em>et</em></strong></span> <span class='ocrx_word' id='word_1_151' title='bbox 826 2440 1001 2495; x_wconf 78' lang='lat' dir='ltr'><strong><em>finem</em></strong></span> <span class='ocrx_word' id='word_1_152' title='bbox 1024 2442 1277 2511; x_wconf 73' lang='lat' dir='ltr'><strong><em>epistolae</em></strong></span> <span class='ocrx_word' id='word_1_153' title='bbox 1300 2442 1597 2516; x_wconf 86' lang='lat' dir='ltr'><strong><em>Polycarpi</em></strong></span> <span class='ocrx_word' id='word_1_154' title='bbox 1629 2444 2049 2512; x_wconf 90' lang='lat' dir='ltr'><strong><em>desideremus,</em></strong></span> <span class='ocrx_word' id='word_1_155' title='bbox 2075 2449 2132 2500; x_wconf 89' lang='lat' dir='ltr'><strong><em>et</em></strong></span> 
     </span>
    </p>
   </div>
   <div class='ocr_carea' id='block_1_26' title="bbox 482 2525 1186 2599">
    <p class='ocr_par' dir='ltr' id='par_1_26' title="bbox 482 2525 1186 2599">
     <span class='ocr_line' id='line_1_26' title="bbox 482 2525 1186 2599; baseline 0.007 -20"><span class='ocrx_word' id='word_1_156' title='bbox 482 2525 856 2599; x_wconf 86' lang='lat' dir='ltr'><strong><em>principium,</em></strong></span> <span class='ocrx_word' id='word_1_157' title='bbox 891 2530 1186 2586; x_wconf 67' lang='lat' dir='ltr'><strong><em>Barnabas.</em></strong></span> 
     </span>
    </p>
   </div>
   <div class='ocr_carea' id='block_1_27' title="bbox 552 2615 2129 2695">
    <p class='ocr_par' dir='ltr' id='par_1_27' title="bbox 552 2615 2129 2695">
     <span class='ocr_line' id='line_1_27' title="bbox 552 2615 2129 2695; baseline 0.006 -26"><span class='ocrx_word' id='word_1_158' title='bbox 552 2638 577 2664; x_wconf 90' lang='grc'><strong><em>‹‹</em></strong></span> <span class='ocrx_word' id='word_1_159' title='bbox 605 2615 750 2671; x_wconf 88' lang='lat' dir='ltr'><strong><em>Nam</em></strong></span> <span class='ocrx_word' id='word_1_160' title='bbox 772 2616 942 2690; x_wconf 90' lang='lat' dir='ltr'><strong><em>longe</em></strong></span> <span class='ocrx_word' id='word_1_161' title='bbox 964 2620 1393 2691; x_wconf 86' lang='lat' dir='ltr'><strong><em>antiquioribus</em></strong></span> <span class='ocrx_word' id='word_1_162' title='bbox 1417 2621 1590 2677; x_wconf 89' lang='lat' dir='ltr'><strong><em>etiam</em></strong></span> <span class='ocrx_word' id='word_1_163' title='bbox 1614 2623 1995 2695; x_wconf 85' lang='lat' dir='ltr'><strong><em>temporibus,</em></strong></span> <span class='ocrx_word' id='word_1_164' title='bbox 2015 2640 2129 2679; x_wconf 90' lang='lat' dir='ltr'><strong><em>non</em></strong></span> 
     </span>
    </p>
   </div>
   <div class='ocr_carea' id='block_1_28' title="bbox 479 2704 2129 2783">
    <p class='ocr_par' dir='ltr' id='par_1_28' title="bbox 479 2704 2129 2783">
     <span class='ocr_line' id='line_1_28' title="bbox 479 2704 2129 2783; baseline 0.005 -25"><span class='ocrx_word' id='word_1_165' title='bbox 479 2704 663 2774; x_wconf 87' lang='lat' dir='ltr'><strong><em>Ignati</em></strong></span> <span class='ocrx_word' id='word_1_166' title='bbox 695 2704 884 2760; x_wconf 88' lang='lat' dir='ltr'><strong><em>solum</em></strong></span> <span class='ocrx_word' id='word_1_167' title='bbox 916 2707 1139 2764; x_wconf 86' lang='lat' dir='ltr'><strong><em>litteras</em></strong></span> <span class='ocrx_word' id='word_1_168' title='bbox 1166 2709 1302 2764; x_wconf 90' lang='lat' dir='ltr'><strong><em>huic</em></strong></span> <span class='ocrx_word' id='word_1_169' title='bbox 1335 2710 1632 2782; x_wconf 89' lang='lat' dir='ltr'><strong><em>Polycarpi</em></strong></span> <span class='ocrx_word' id='word_1_170' title='bbox 1656 2712 1921 2783; x_wconf 69' lang='lat' dir='ltr'><strong><em>Epistolaa</em></strong></span> <span class='ocrx_word' id='word_1_171' title='bbox 1952 2713 2129 2783; x_wconf 92' lang='lat' dir='ltr'><strong><em>(quod</em></strong></span> 
     </span>
    </p>
   </div>
   <div class='ocr_carea' id='block_1_29' title="bbox 480 2794 2131 2870">
    <p class='ocr_par' dir='ltr' id='par_1_29' title="bbox 480 2794 2131 2870">
     <span class='ocr_line' id='line_1_29' title="bbox 480 2794 2131 2870; baseline 0.006 -23"><span class='ocrx_word' id='word_1_172' title='bbox 480 2808 547 2847; x_wconf 84' lang='lat' dir='ltr'><strong><em>ex</em></strong></span> <span class='ocrx_word' id='word_1_173' title='bbox 580 2794 693 2849; x_wconf 85' lang='lat' dir='ltr'><strong><em>fine</em></strong></span> <span class='ocrx_word' id='word_1_174' title='bbox 743 2794 930 2866; x_wconf 90' lang='lat' dir='ltr'><strong><em>ipsius</em></strong></span> <span class='ocrx_word' id='word_1_175' title='bbox 978 2797 1182 2868; x_wconf 89' lang='lat' dir='ltr'><strong><em>liquet)</em></strong></span> <span class='ocrx_word' id='word_1_176' title='bbox 1234 2800 1525 2870; x_wconf 76' lang='lat' dir='ltr'><strong><em>subjectae</em></strong></span> <span class='ocrx_word' id='word_1_177' title='bbox 1573 2800 1775 2867; x_wconf 89' lang='lat' dir='ltr'><strong><em>fuisse,</em></strong></span> <span class='ocrx_word' id='word_1_178' title='bbox 1821 2802 1921 2856; x_wconf 89' lang='lat' dir='ltr'><strong><em>sed</em></strong></span> <span class='ocrx_word' id='word_1_179' title='bbox 1954 2801 2131 2857; x_wconf 88' lang='lat' dir='ltr'><strong><em>simul</em></strong></span> 
     </span>
    </p>
   </div>
   <div class='ocr_carea' id='block_1_30' title="bbox 482 2882 2129 2961">
    <p class='ocr_par' dir='ltr' id='par_1_30' title="bbox 482 2882 2129 2961">
     <span class='ocr_line' id='line_1_30' title="bbox 482 2882 2129 2961; baseline 0.006 -26"><span class='ocrx_word' id='word_1_180' title='bbox 482 2897 615 2936; x_wconf 93' lang='lat' dir='ltr'><strong><em>cum</em></strong></span> <span class='ocrx_word' id='word_1_181' title='bbox 647 2882 733 2938; x_wconf 90' lang='lat' dir='ltr'><strong><em>eis</em></strong></span> <span class='ocrx_word' id='word_1_182' title='bbox 762 2889 820 2939; x_wconf 91' lang='lat' dir='ltr'><strong><em>et</em></strong></span> <span class='ocrx_word' id='word_1_183' title='bbox 850 2885 1023 2940; x_wconf 89' lang='lat' dir='ltr'><strong><em>istam</em></strong></span> <span class='ocrx_word' id='word_1_184' title='bbox 1048 2886 1319 2941; x_wconf 64' lang='lat' dir='ltr'><strong><em>Barnabe</em></strong></span> <span class='ocrx_word' id='word_1_185' title='bbox 1346 2905 1357 2943; x_wconf 95' lang='lat'><strong>:</strong></span> <span class='ocrx_word' id='word_1_186' title='bbox 1392 2904 1459 2943; x_wconf 90' lang='lat' dir='ltr'><strong><em>ex</em></strong></span> <span class='ocrx_word' id='word_1_187' title='bbox 1490 2888 1588 2943; x_wconf 93' lang='lat' dir='ltr'><strong><em>illo</em></strong></span> <span class='ocrx_word' id='word_1_188' title='bbox 1620 2888 1953 2961; x_wconf 86' lang='lat' dir='ltr'><strong><em>Hieronymi</em></strong></span> <span class='ocrx_word' id='word_1_189' title='bbox 1985 2890 2129 2960; x_wconf 90' lang='lat' dir='ltr'><strong><em>loco,</em></strong></span> 
     </span>
    </p>
   </div>
   <div class='ocr_carea' id='block_1_31' title="bbox 481 2969 2132 3050">
    <p class='ocr_par' dir='ltr' id='par_1_31' title="bbox 481 2969 2132 3050">
     <span class='ocr_line' id='line_1_31' title="bbox 481 2969 2132 3050; baseline 0.007 -27"><span class='ocrx_word' id='word_1_190' title='bbox 481 2969 541 3024; x_wconf 90' lang='lat' dir='ltr'><strong><em>in</em></strong></span> <span class='ocrx_word' id='word_1_191' title='bbox 572 2970 720 3026; x_wconf 91' lang='lat' dir='ltr'><strong><em>libro</em></strong></span> <span class='ocrx_word' id='word_1_192' title='bbox 752 2990 813 3027; x_wconf 95' lang='lat'><strong><em>111</em></strong></span> <span class='ocrx_word' id='word_1_193' title='bbox 862 2973 1121 3030; x_wconf 82' lang='lat' dir='ltr'><strong><em>adversus</em></strong></span> <span class='ocrx_word' id='word_1_194' title='bbox 1162 2975 1519 3045; x_wconf 83' lang='lat' dir='ltr'><strong><em>Pelagianos,</em></strong></span> <span class='ocrx_word' id='word_1_195' title='bbox 1572 2977 1907 3033; x_wconf 84' lang='lat' dir='ltr'><strong><em>blandiente</em></strong></span> <span class='ocrx_word' id='word_1_196' title='bbox 1938 2980 2132 3050; x_wconf 90' lang='lat' dir='ltr'><strong><em>conje-</em></strong></span> 
     </span>
    </p>
   </div>
   <div class='ocr_carea' id='block_1_32' title="bbox 482 3064 2134 3139">
    <p class='ocr_par' dir='ltr' id='par_1_32' title="bbox 482 3064 2134 3139">
     <span class='ocr_line' id='line_1_32' title="bbox 482 3064 2134 3139; baseline 0.007 -25"><span class='ocrx_word' id='word_1_197' title='bbox 482 3065 669 3129; x_wconf 90' lang='lat' dir='ltr'><strong><em>ctura,</em></strong></span> <span class='ocrx_word' id='word_1_198' title='bbox 704 3067 769 3117; x_wconf 91' lang='lat' dir='ltr'><strong><em>ut</em></strong></span> <span class='ocrx_word' id='word_1_199' title='bbox 797 3064 1111 3131; x_wconf 91' lang='lat' dir='ltr'><strong><em>crederem,</em></strong></span> <span class='ocrx_word' id='word_1_200' title='bbox 1145 3082 1290 3136; x_wconf 84' lang='lat' dir='ltr'><strong><em>pene</em></strong></span> <span class='ocrx_word' id='word_1_201' title='bbox 1333 3065 1610 3123; x_wconf 86' lang='lat' dir='ltr'><strong><em>inductus</em></strong></span> <span class='ocrx_word' id='word_1_202' title='bbox 1659 3084 1829 3122; x_wconf 89' lang='lat' dir='ltr'><strong><em>sum:</em></strong></span> <span class='ocrx_word' id='word_1_203' title='bbox 1862 3071 2134 3139; x_wconf 62' lang='lat' dir='ltr'><strong><em>Ignatius.</em></strong></span> 
     </span>
    </p>
   </div>
   <div class='ocr_carea' id='block_1_33' title="bbox 482 3143 2137 3227">
    <p class='ocr_par' dir='ltr' id='par_1_33' title="bbox 482 3143 2137 3227">
     <span class='ocr_line' id='line_1_33' title="bbox 482 3143 2137 3227; baseline 0.007 -24"><span class='ocrx_word' id='word_1_204' title='bbox 482 3151 572 3204; x_wconf 87' lang='lat' dir='ltr'><strong><em>vir</em></strong></span> <span class='ocrx_word' id='word_1_205' title='bbox 618 3152 945 3221; x_wconf 80' lang='lat' dir='ltr'><strong><em>apostolicus</em></strong></span> <span class='ocrx_word' id='word_1_206' title='bbox 991 3158 1043 3208; x_wconf 88' lang='lat' dir='ltr'><strong><em>et</em></strong></span> <span class='ocrx_word' id='word_1_207' title='bbox 1093 3166 1327 3225; x_wconf 80' lang='lat' dir='ltr'><strong><em>martyr,</em></strong></span> <span class='ocrx_word' id='word_1_208' title='bbox 1378 3156 1572 3211; x_wconf 87' lang='lat' dir='ltr'><strong><em>scribit</em></strong></span> <span class='ocrx_word' id='word_1_209' title='bbox 1620 3157 1915 3212; x_wconf 79' lang='lat' dir='ltr'><strong><em>audacter:</em></strong></span> <span class='ocrx_word' id='word_1_210' title='bbox 1959 3143 2137 3227; x_wconf 70' lang='lat' dir='ltr'><strong><em>Elegi‘</em></strong></span> 
     </span>
    </p>
   </div>
   <div class='ocr_carea' id='block_1_34' title="bbox 480 3240 2135 3318">
    <p class='ocr_par' dir='ltr' id='par_1_34' title="bbox 480 3240 2135 3318">
     <span class='ocr_line' id='line_1_34' title="bbox 480 3240 2135 3318; baseline 0.005 -25"><span class='ocrx_word' id='word_1_211' title='bbox 480 3240 742 3294; x_wconf 85' lang='lat' dir='ltr'><strong><em>Dominus</em></strong></span> <span class='ocrx_word' id='word_1_212' title='bbox 769 3243 1059 3313; x_wconf 90' lang='lat' dir='ltr'><strong><em>apostolos,</em></strong></span> <span class='ocrx_word' id='word_1_213' title='bbox 1092 3246 1189 3314; x_wconf 89' lang='lat' dir='ltr'><strong><em>qui</em></strong></span> <span class='ocrx_word' id='word_1_214' title='bbox 1228 3261 1390 3316; x_wconf 87' lang='lat' dir='ltr'><strong><em>super</em></strong></span> <span class='ocrx_word' id='word_1_215' title='bbox 1437 3262 1619 3300; x_wconf 88' lang='lat' dir='ltr'><strong><em>omnes</em></strong></span> <span class='ocrx_word' id='word_1_216' title='bbox 1670 3247 1917 3302; x_wconf 86' lang='lat' dir='ltr'><strong><em>homines</em></strong></span> <span class='ocrx_word' id='word_1_217' title='bbox 1942 3264 2135 3318; x_wconf 85' lang='lat' dir='ltr'><strong><em>pecca-</em></strong></span> 
     </span>
    </p>
   </div>
   <div class='ocr_carea' id='block_1_35' title="bbox 2238 662 3881 736">
    <p class='ocr_par' dir='ltr' id='par_1_35' title="bbox 2238 662 3881 736">
     <span class='ocr_line' id='line_1_35' title="bbox 2238 662 3881 736; baseline 0.002 -21"><span class='ocrx_word' id='word_1_218' title='bbox 2238 663 2555 732; x_wconf 86' lang='lat' dir='ltr'><strong><em>iniquiores.</em></strong></span> <span class='ocrx_word' id='word_1_219' title='bbox 2590 663 2696 719; x_wconf 87' lang='lat' dir='ltr'><strong><em>Ubi</em></strong></span> <span class='ocrx_word' id='word_1_220' title='bbox 2730 663 3078 721; x_wconf 87' lang='lat' dir='ltr'><strong><em>Catholicam</em></strong></span> <span class='ocrx_word' id='word_1_221' title='bbox 3108 662 3257 718; x_wconf 87' lang='lat' dir='ltr'><strong><em>hanc</em></strong></span> <span class='ocrx_word' id='word_1_222' title='bbox 3279 662 3531 736; x_wconf 87' lang='lat' dir='ltr'><strong><em>appellat</em></strong></span> <span class='ocrx_word' id='word_1_223' title='bbox 3551 662 3881 735; x_wconf 87' lang='lat' dir='ltr'><strong><em>epistolam,</em></strong></span> 
     </span>
    </p>
   </div>
   <div class='ocr_carea' id='block_1_36' title="bbox 2238 751 3881 825">
    <p class='ocr_par' dir='ltr' id='par_1_36' title="bbox 2238 751 3881 825">
     <span class='ocr_line' id='line_1_36' title="bbox 2238 751 3881 825; baseline 0.001 -20"><span class='ocrx_word' id='word_1_224' title='bbox 2238 752 2389 820; x_wconf 91' lang='lat' dir='ltr'><strong><em>quod</em></strong></span> <span class='ocrx_word' id='word_1_225' title='bbox 2439 752 2583 807; x_wconf 90' lang='lat' dir='ltr'><strong><em>nulli</em></strong></span> <span class='ocrx_word' id='word_1_226' title='bbox 2634 752 2968 825; x_wconf 88' lang='lat' dir='ltr'><strong><em>particulari</em></strong></span> <span class='ocrx_word' id='word_1_227' title='bbox 3015 752 3101 808; x_wconf 90' lang='lat' dir='ltr'><strong><em>vel</em></strong></span> <span class='ocrx_word' id='word_1_228' title='bbox 3161 769 3438 824; x_wconf 77' lang='lat' dir='ltr'><strong><em>personae,</em></strong></span> <span class='ocrx_word' id='word_1_229' title='bbox 3490 751 3577 807; x_wconf 90' lang='lat' dir='ltr'><strong><em>vel</em></strong></span> <span class='ocrx_word' id='word_1_230' title='bbox 3627 752 3881 807; x_wconf 63' lang='lat' dir='ltr'><strong><em>ecclesia</em></strong></span> 
     </span>
    </p>
   </div>
   <div class='ocr_carea' id='block_1_37' title="bbox 2238 840 3886 911">
    <p class='ocr_par' dir='ltr' id='par_1_37' title="bbox 2238 840 3886 911">
     <span class='ocr_line' id='line_1_37' title="bbox 2238 840 3886 911; baseline 0.001 -18"><span class='ocrx_word' id='word_1_231' title='bbox 2238 840 2518 911; x_wconf 89' lang='lat' dir='ltr'><strong><em>inscripta</em></strong></span> <span class='ocrx_word' id='word_1_232' title='bbox 2578 858 2645 897; x_wconf 87' lang='lat' dir='ltr'><strong><em>ea</em></strong></span> <span class='ocrx_word' id='word_1_233' title='bbox 2699 846 2872 909; x_wconf 87' lang='lat' dir='ltr'><strong><em>esset,</em></strong></span> <span class='ocrx_word' id='word_1_234' title='bbox 2932 841 3031 897; x_wconf 89' lang='lat' dir='ltr'><strong><em>sed</em></strong></span> <span class='ocrx_word' id='word_1_235' title='bbox 3089 840 3551 896; x_wconf 87' lang='lat' dir='ltr'><strong><em>Christianorum</em></strong></span> <span class='ocrx_word' id='word_1_236' title='bbox 3614 840 3886 910; x_wconf 85' lang='lat' dir='ltr'><strong><em>fratrum,</em></strong></span> 
     </span>
    </p>
   </div>
   <div class='ocr_carea' id='block_1_38' title="bbox 2239 930 3886 1003">
    <p class='ocr_par' dir='ltr' id='par_1_38' title="bbox 2239 930 3886 1003">
     <span class='ocr_line' id='line_1_38' title="bbox 2239 930 3886 1003; baseline 0.002 -21"><span class='ocrx_word' id='word_1_237' title='bbox 2239 930 2570 1001; x_wconf 88' lang='lat' dir='ltr'><strong><em>ubicunque</em></strong></span> <span class='ocrx_word' id='word_1_238' title='bbox 2592 930 2947 1002; x_wconf 85' lang='lat' dir='ltr'><strong><em>degentium,</em></strong></span> <span class='ocrx_word' id='word_1_239' title='bbox 2972 931 3085 1003; x_wconf 89' lang='lat' dir='ltr'><strong><em>ipsi</em></strong></span> <span class='ocrx_word' id='word_1_240' title='bbox 3112 930 3496 985; x_wconf 87' lang='lat' dir='ltr'><strong><em>universitati.</em></strong></span> <span class='ocrx_word' id='word_1_241' title='bbox 3529 934 3730 1001; x_wconf 90' lang='lat' dir='ltr'><strong><em>Neque</em></strong></span> <span class='ocrx_word' id='word_1_242' title='bbox 3754 946 3886 985; x_wconf 81' lang='lat' dir='ltr'><strong><em>vero</em></strong></span> 
     </span>
    </p>
   </div>
   <div class='ocr_carea' id='block_1_39' title="bbox 2242 1018 3886 1092">
    <p class='ocr_par' dir='ltr' id='par_1_39' title="bbox 2242 1018 3886 1092">
     <span class='ocr_line' id='line_1_39' title="bbox 2242 1018 3886 1092; baseline 0.001 -21"><span class='ocrx_word' id='word_1_243' title='bbox 2242 1018 2568 1084; x_wconf 86' lang='lat' dir='ltr'><strong><em>mirabitur,</em></strong></span> <span class='ocrx_word' id='word_1_244' title='bbox 2630 1020 2839 1092; x_wconf 87' lang='lat' dir='ltr'><strong><em>Ignatii</em></strong></span> <span class='ocrx_word' id='word_1_245' title='bbox 2891 1020 3123 1075; x_wconf 90' lang='lat' dir='ltr'><strong><em>nomine</em></strong></span> <span class='ocrx_word' id='word_1_246' title='bbox 3169 1020 3516 1090; x_wconf 86' lang='lat' dir='ltr'><strong><em>productum</em></strong></span> <span class='ocrx_word' id='word_1_247' title='bbox 3574 1019 3757 1073; x_wconf 86' lang='lat' dir='ltr'><strong><em>fuisse</em></strong></span> <span class='ocrx_word' id='word_1_248' title='bbox 3817 1019 3886 1072; x_wconf 86' lang='lat' dir='ltr'><strong><em>ab</em></strong></span> 
     </span>
    </p>
   </div>
   <div class='ocr_carea' id='block_1_40' title="bbox 2241 1106 3887 1179">
    <p class='ocr_par' dir='ltr' id='par_1_40' title="bbox 2241 1106 3887 1179">
     <span class='ocr_line' id='line_1_40' title="bbox 2241 1106 3887 1179; baseline 0.001 -20"><span class='ocrx_word' id='word_1_249' title='bbox 2241 1106 2607 1179; x_wconf 79' lang='lat' dir='ltr'><strong><em>Hieronymo,</em></strong></span> <span class='ocrx_word' id='word_1_250' title='bbox 2628 1109 2781 1179; x_wconf 90' lang='lat' dir='ltr'><strong><em>quod</em></strong></span> <span class='ocrx_word' id='word_1_251' title='bbox 2805 1115 2927 1163; x_wconf 87' lang='lat' dir='ltr'><strong><em>erat</em></strong></span> <span class='ocrx_word' id='word_1_252' title='bbox 2950 1108 3221 1164; x_wconf 71' lang='lat' dir='ltr'><strong><em>Barnabas</em></strong></span> <span class='ocrx_word' id='word_1_253' title='bbox 3245 1126 3257 1174; x_wconf 93' lang='lat'><strong>;</strong></span> <span class='ocrx_word' id='word_1_254' title='bbox 3283 1108 3381 1179; x_wconf 89' lang='lat' dir='ltr'><strong><em>qui</em></strong></span> <span class='ocrx_word' id='word_1_255' title='bbox 3410 1108 3691 1162; x_wconf 72' lang='lat' dir='ltr'><strong><em>Barnabas</em></strong></span> <span class='ocrx_word' id='word_1_256' title='bbox 3712 1108 3887 1161; x_wconf 85' lang='lat' dir='ltr'><strong><em>etiam</em></strong></span> 
     </span>
    </p>
   </div>
   <div class='ocr_carea' id='block_1_41' title="bbox 2242 1194 3887 1251">
    <p class='ocr_par' dir='ltr' id='par_1_41' title="bbox 2242 1194 3887 1251">
     <span class='ocr_line' id='line_1_41' title="bbox 2242 1194 3887 1251; baseline 0 -2"><span class='ocrx_word' id='word_1_257' title='bbox 2242 1195 2412 1250; x_wconf 89' lang='lat' dir='ltr'><strong><em>titulo</em></strong></span> <span class='ocrx_word' id='word_1_258' title='bbox 2444 1212 2475 1248; x_wconf 82' lang='lat' dir='ltr'><strong><em>a</em></strong></span> <span class='ocrx_word' id='word_1_259' title='bbox 2503 1196 2796 1251; x_wconf 88' lang='lat' dir='ltr'><strong><em>Clemente</em></strong></span> <span class='ocrx_word' id='word_1_260' title='bbox 2845 1194 3237 1251; x_wconf 83' lang='lat' dir='ltr'><strong><em>Alexandrino</em></strong></span> <span class='ocrx_word' id='word_1_261' title='bbox 3282 1195 3589 1250; x_wconf 88' lang='lat' dir='ltr'><strong><em>laudatum</em></strong></span> <span class='ocrx_word' id='word_1_262' title='bbox 3622 1195 3887 1249; x_wconf 90' lang='lat' dir='ltr'><strong><em>animad-</em></strong></span> 
     </span>
    </p>
   </div>
   <div class='ocr_carea' id='block_1_42' title="bbox 2242 1283 3889 1357">
    <p class='ocr_par' dir='ltr' id='par_1_42' title="bbox 2242 1283 3889 1357">
     <span class='ocr_line' id='line_1_42' title="bbox 2242 1283 3889 1357; baseline 0.001 -20"><span class='ocrx_word' id='word_1_263' title='bbox 2242 1284 2497 1351; x_wconf 86' lang='lat' dir='ltr'><strong><em>verterit,</em></strong></span> <span class='ocrx_word' id='word_1_264' title='bbox 2539 1287 2691 1357; x_wconf 91' lang='lat' dir='ltr'><strong><em>quod</em></strong></span> <span class='ocrx_word' id='word_1_265' title='bbox 2739 1286 2996 1341; x_wconf 83' lang='lat' dir='ltr'><strong><em>Romano</em></strong></span> <span class='ocrx_word' id='word_1_266' title='bbox 3044 1283 3323 1339; x_wconf 89' lang='lat' dir='ltr'><strong><em>Clementi</em></strong></span> <span class='ocrx_word' id='word_1_267' title='bbox 3373 1284 3563 1339; x_wconf 87' lang='lat' dir='ltr'><strong><em>fuerat</em></strong></span> <span class='ocrx_word' id='word_1_268' title='bbox 3593 1284 3889 1338; x_wconf 87' lang='lat' dir='ltr'><strong><em>ascriben-</em></strong></span> 
     </span>
    </p>
   </div>
   <div class='ocr_carea' id='block_1_43' title="bbox 2242 1373 3889 1445">
    <p class='ocr_par' dir='ltr' id='par_1_43' title="bbox 2242 1373 3889 1445">
     <span class='ocr_line' id='line_1_43' title="bbox 2242 1373 3889 1445; baseline -0.001 -17"><span class='ocrx_word' id='word_1_269' title='bbox 2242 1374 2405 1428; x_wconf 91' lang='lat' dir='ltr'><strong><em>dum.</em></strong></span> <span class='ocrx_word' id='word_1_270' title='bbox 2439 1374 2492 1429; x_wconf 91' lang='lat' dir='ltr'><strong><em>Is</em></strong></span> <span class='ocrx_word' id='word_1_271' title='bbox 2522 1375 2678 1429; x_wconf 88' lang='lat' dir='ltr'><strong><em>enim</em></strong></span> <span class='ocrx_word' id='word_1_272' title='bbox 2710 1375 2885 1430; x_wconf 88' lang='lat' dir='ltr'><strong><em>citato</em></strong></span> <span class='ocrx_word' id='word_1_273' title='bbox 2916 1374 3038 1430; x_wconf 92' lang='lat' dir='ltr'><strong><em>loco</em></strong></span> <span class='ocrx_word' id='word_1_274' title='bbox 3069 1373 3271 1445; x_wconf 88' lang='lat' dir='ltr'><strong><em>psalmi</em></strong></span> <span class='ocrx_word' id='word_1_275' title='bbox 3317 1374 3561 1444; x_wconf 81' lang='lat' dir='ltr'><strong><em>(Aperite</em></strong></span> <span class='ocrx_word' id='word_1_276' title='bbox 3588 1375 3731 1427; x_wconf 82' lang='lat' dir='ltr'><strong><em>mihi</em></strong></span> <span class='ocrx_word' id='word_1_277' title='bbox 3755 1389 3889 1444; x_wconf 90' lang='lat' dir='ltr'><strong><em>por-</em></strong></span> 
     </span>
    </p>
   </div>
   <div class='ocr_carea' id='block_1_44' title="bbox 2242 1463 3890 1536">
    <p class='ocr_par' dir='ltr' id='par_1_44' title="bbox 2242 1463 3890 1536">
     <span class='ocr_line' id='line_1_44' title="bbox 2242 1463 3890 1536; baseline -0.001 -18"><span class='ocrx_word' id='word_1_278' title='bbox 2242 1471 2320 1518; x_wconf 82' lang='lat' dir='ltr'><strong><em>tas</em></strong></span> <span class='ocrx_word' id='word_1_279' title='bbox 2358 1466 2615 1534; x_wconf 74' lang='lat' dir='ltr'><strong><em>justitiae,</em></strong></span> <span class='ocrx_word' id='word_1_280' title='bbox 2666 1467 2725 1518; x_wconf 85' lang='lat' dir='ltr'><strong><em>in</em></strong></span> <span class='ocrx_word' id='word_1_281' title='bbox 2774 1467 2916 1536; x_wconf 88' lang='lat' dir='ltr'><strong><em>ipsas</em></strong></span> <span class='ocrx_word' id='word_1_282' title='bbox 2946 1467 3220 1535; x_wconf 80' lang='lat' dir='ltr'><strong><em>ingressus</em></strong></span> <span class='ocrx_word' id='word_1_283' title='bbox 3270 1463 3562 1532; x_wconf 82' lang='lat' dir='ltr'><strong><em>conﬁtebor</em></strong></span> <span class='ocrx_word' id='word_1_284' title='bbox 3617 1464 3890 1522; x_wconf 87' lang='lat' dir='ltr'><strong><em>Domino;</em></strong></span> 
     </span>
    </p>
   </div>
   <div class='ocr_carea' id='block_1_45' title="bbox 2243 1552 3890 1623">
    <p class='ocr_par' dir='ltr' id='par_1_45' title="bbox 2243 1552 3890 1623">
     <span class='ocr_line' id='line_1_45' title="bbox 2243 1552 3890 1623; baseline -0.001 -16"><span class='ocrx_word' id='word_1_285' title='bbox 2243 1552 2359 1608; x_wconf 67' lang='lat' dir='ltr'><strong><em>haec</em></strong></span> <span class='ocrx_word' id='word_1_286' title='bbox 2388 1557 2465 1607; x_wconf 90' lang='lat' dir='ltr'><strong><em>est</em></strong></span> <span class='ocrx_word' id='word_1_287' title='bbox 2496 1560 2665 1623; x_wconf 80' lang='lat' dir='ltr'><strong><em>porta</em></strong></span> <span class='ocrx_word' id='word_1_288' title='bbox 2713 1554 2951 1619; x_wconf 82' lang='lat' dir='ltr'><strong><em>Domini,</em></strong></span> <span class='ocrx_word' id='word_1_289' title='bbox 2988 1554 3132 1623; x_wconf 85' lang='lat' dir='ltr'><strong><em>justi</em></strong></span> <span class='ocrx_word' id='word_1_290' title='bbox 3161 1552 3476 1607; x_wconf 83' lang='lat' dir='ltr'><strong><em>transibunt</em></strong></span> <span class='ocrx_word' id='word_1_291' title='bbox 3524 1567 3623 1622; x_wconf 87' lang='lat' dir='ltr'><strong><em>per</em></strong></span> <span class='ocrx_word' id='word_1_292' title='bbox 3668 1568 3795 1605; x_wconf 84' lang='lat' dir='ltr'><strong><em>eam</em></strong></span> <span class='ocrx_word' id='word_1_293' title='bbox 3823 1552 3890 1621; x_wconf 75' lang='grc'><strong><em>⁵),</em></strong></span> 
     </span>
    </p>
   </div>
   <div class='ocr_carea' id='block_1_46' title="bbox 2243 1639 3892 1714">
    <p class='ocr_par' dir='ltr' id='par_1_46' title="bbox 2243 1639 3892 1714">
     <span class='ocr_line' id='line_1_46' title="bbox 2243 1639 3892 1714; baseline 0 -19"><span class='ocrx_word' id='word_1_294' title='bbox 2243 1642 2533 1714; x_wconf 82' lang='lat' dir='ltr'><strong><em>prephetse</em></strong></span> <span class='ocrx_word' id='word_1_295' title='bbox 2558 1643 2776 1698; x_wconf 91' lang='lat' dir='ltr'><strong><em>dictum</em></strong></span> <span class='ocrx_word' id='word_1_296' title='bbox 2802 1644 2909 1698; x_wconf 91' lang='lat' dir='ltr'><strong><em>hoc</em></strong></span> <span class='ocrx_word' id='word_1_297' title='bbox 2929 1661 2963 1698; x_wconf 87' lang='lat' dir='ltr'><strong><em>a</em></strong></span> <span class='ocrx_word' id='word_1_298' title='bbox 2980 1642 3243 1698; x_wconf 86' lang='lat' dir='ltr'><strong><em>Barnaba</em></strong></span> <span class='ocrx_word' id='word_1_299' title='bbox 3258 1642 3339 1697; x_wconf 89' lang='lat' dir='ltr'><strong><em>sic</em></strong></span> <span class='ocrx_word' id='word_1_300' title='bbox 3363 1641 3691 1711; x_wconf 86' lang='lat' dir='ltr'><strong><em>expositum</em></strong></span> <span class='ocrx_word' id='word_1_301' title='bbox 3712 1639 3892 1695; x_wconf 82' lang='lat' dir='ltr'><strong><em>fuisse</em></strong></span> 
     </span>
    </p>
   </div>
   <div class='ocr_carea' id='block_1_47' title="bbox 2242 1725 3889 1804">
    <p class='ocr_par' dir='ltr' id='par_1_47' title="bbox 2242 1725 3889 1804">
     <span class='ocr_line' id='line_1_47' title="bbox 2242 1725 3889 1804; baseline -0.004 -19"><span class='ocrx_word' id='word_1_302' title='bbox 2242 1732 2359 1785; x_wconf 89' lang='lat' dir='ltr'><strong><em>ait:</em></strong></span> <span class='ocrx_word' id='word_1_303' title='bbox 2413 1728 2641 1785; x_wconf 79' lang='grc' dir='ltr'><strong><em>Πολλῶν</em></strong></span> <span class='ocrx_word' id='word_1_304' title='bbox 2700 1729 2887 1784; x_wconf 75' lang='grc' dir='ltr'>πυλῶν</span> <span class='ocrx_word' id='word_1_305' title='bbox 2948 1732 3273 1804; x_wconf 75' lang='grc' dir='ltr'>ἀνεῳγυιῶν,</span> <span class='ocrx_word' id='word_1_306' title='bbox 3332 1732 3366 1796; x_wconf 82' lang='grc' dir='ltr'>ἡ</span> <span class='ocrx_word' id='word_1_307' title='bbox 3428 1727 3526 1800; x_wconf 77' lang='grc' dir='ltr'><strong><em>[ἐν]</em></strong></span> <span class='ocrx_word' id='word_1_308' title='bbox 3577 1725 3889 1798; x_wconf 72' lang='grc' dir='ltr'><strong><em>δικαιοσύνῃ</em></strong></span> 
     </span>
    </p>
   </div>
   <div class='ocr_carea' id='block_1_48' title="bbox 2241 1816 3890 1895">
    <p class='ocr_par' dir='ltr' id='par_1_48' title="bbox 2241 1816 3890 1895">
     <span class='ocr_line' id='line_1_48' title="bbox 2241 1816 3890 1895; baseline -0.002 -23"><span class='ocrx_word' id='word_1_309' title='bbox 2241 1819 2373 1887; x_wconf 71' lang='grc' dir='ltr'>αὕτη</span> <span class='ocrx_word' id='word_1_310' title='bbox 2435 1819 2573 1873; x_wconf 79' lang='grc' dir='ltr'>ἐστὶν</span> <span class='ocrx_word' id='word_1_311' title='bbox 2635 1822 2668 1888; x_wconf 80' lang='grc' dir='ltr'>ἡ</span> <span class='ocrx_word' id='word_1_312' title='bbox 2718 1819 2767 1873; x_wconf 81' lang='grc' dir='ltr'><strong><em>ἐν</em></strong></span> <span class='ocrx_word' id='word_1_313' title='bbox 2829 1824 3059 1895; x_wconf 80' lang='grc' dir='ltr'><strong><em>Χριστῷ,</em></strong></span> <span class='ocrx_word' id='word_1_314' title='bbox 3112 1818 3162 1871; x_wconf 85' lang='grc' dir='ltr'><strong><em>ἐν</em></strong></span> <span class='ocrx_word' id='word_1_315' title='bbox 3292 1817 3543 1893; x_wconf 79' lang='grc' dir='ltr'>μακάριοι</span> <span class='ocrx_word' id='word_1_316' title='bbox 3595 1817 3787 1877; x_wconf 71' lang='grc' dir='ltr'>πάντες</span> <span class='ocrx_word' id='word_1_317' title='bbox 3836 1816 3890 1869; x_wconf 67' lang='grc' dir='ltr'>οἳ</span> 
     </span>
    </p>
   </div>
   <div class='ocr_carea' id='block_1_49' title="bbox 2162 1904 3891 2001">
    <p class='ocr_par' dir='ltr' id='par_1_49' title="bbox 2162 1904 3891 2001">
     <span class='ocr_line' id='line_1_49' title="bbox 2162 1904 3891 2001; baseline 0.002 -41"><span class='ocrx_word' id='word_1_318' title='bbox 2162 1936 2207 2001; x_wconf 80' lang='grc' dir='ltr'><strong>Β</strong></span> <span class='ocrx_word' id='word_1_319' title='bbox 2244 1904 2588 1970; x_wconf 80' lang='grc' dir='ltr'>εἰσελθόντες.</span> <span class='ocrx_word' id='word_1_320' title='bbox 2652 1911 2785 1965; x_wconf 89' lang='lat' dir='ltr'><strong><em>Cum</em></strong></span> <span class='ocrx_word' id='word_1_321' title='bbox 2836 1911 3023 1965; x_wconf 74' lang='lat' dir='ltr'><strong><em>multae</em></strong></span> <span class='ocrx_word' id='word_1_322' title='bbox 3078 1913 3244 1979; x_wconf 55' lang='lat' dir='ltr'><strong><em>porta</em></strong></span> <span class='ocrx_word' id='word_1_323' title='bbox 3298 1911 3408 1963; x_wconf 88' lang='lat' dir='ltr'><strong><em>sint</em></strong></span> <span class='ocrx_word' id='word_1_324' title='bbox 3460 1917 3708 1979; x_wconf 66' lang='lat' dir='ltr'><strong><em>apertae;</em></strong></span> <span class='ocrx_word' id='word_1_325' title='bbox 3763 1920 3891 1977; x_wconf 69' lang='lat' dir='ltr'><strong><em>qua?</em></strong></span> 
     </span>
    </p>
   </div>
   <div class='ocr_carea' id='block_1_50' title="bbox 2236 1997 3891 2070">
    <p class='ocr_par' dir='ltr' id='par_1_50' title="bbox 2236 1997 3891 2070">
     <span class='ocr_line' id='line_1_50' title="bbox 2236 1997 3891 2070; baseline -0.002 -17"><span class='ocrx_word' id='word_1_326' title='bbox 2236 2008 2317 2054; x_wconf 86' lang='lat' dir='ltr'><strong><em>est</em></strong></span> <span class='ocrx_word' id='word_1_327' title='bbox 2335 2001 2593 2070; x_wconf 65' lang='lat' dir='ltr'><strong><em>justitiae,</em></strong></span> <span class='ocrx_word' id='word_1_328' title='bbox 2644 2017 2707 2054; x_wconf 90' lang='lat' dir='ltr'><strong><em>ea</em></strong></span> <span class='ocrx_word' id='word_1_329' title='bbox 2740 2003 2815 2055; x_wconf 86' lang='lat' dir='ltr'><strong><em>est</em></strong></span> <span class='ocrx_word' id='word_1_330' title='bbox 2868 2002 2924 2053; x_wconf 88' lang='lat' dir='ltr'><strong><em>in</em></strong></span> <span class='ocrx_word' id='word_1_331' title='bbox 2976 1998 3227 2053; x_wconf 84' lang='lat' dir='ltr'><strong><em>Christo:</em></strong></span> <span class='ocrx_word' id='word_1_332' title='bbox 3265 2000 3326 2052; x_wconf 87' lang='lat' dir='ltr'><strong><em>in</em></strong></span> <span class='ocrx_word' id='word_1_333' title='bbox 3373 2014 3539 2069; x_wconf 84' lang='lat' dir='ltr'><strong><em>quam</em></strong></span> <span class='ocrx_word' id='word_1_334' title='bbox 3590 1997 3738 2051; x_wconf 81' lang='lat' dir='ltr'><strong><em>beati</em></strong></span> <span class='ocrx_word' id='word_1_335' title='bbox 3764 2000 3891 2050; x_wconf 83' lang='lat' dir='ltr'><strong><em>sunt</em></strong></span> 
     </span>
    </p>
   </div>
   <div class='ocr_carea' id='block_1_51' title="bbox 2236 2084 3893 2159">
    <p class='ocr_par' dir='ltr' id='par_1_51' title="bbox 2236 2084 3893 2159">
     <span class='ocr_line' id='line_1_51' title="bbox 2236 2084 3893 2159; baseline -0.002 -17"><span class='ocrx_word' id='word_1_336' title='bbox 2236 2104 2419 2143; x_wconf 87' lang='lat' dir='ltr'><strong><em>omnes</em></strong></span> <span class='ocrx_word' id='word_1_337' title='bbox 2449 2091 2546 2159; x_wconf 89' lang='lat' dir='ltr'><strong><em>qui</em></strong></span> <span class='ocrx_word' id='word_1_338' title='bbox 2573 2098 2699 2144; x_wconf 85' lang='lat' dir='ltr'><strong><em>sunt</em></strong></span> <span class='ocrx_word' id='word_1_339' title='bbox 2747 2090 3001 2158; x_wconf 88' lang='lat' dir='ltr'><strong><em>ingressi.</em></strong></span> <span class='ocrx_word' id='word_1_340' title='bbox 3045 2088 3180 2151; x_wconf 74' lang='lat' dir='ltr'><strong><em>Quas</em></strong></span> <span class='ocrx_word' id='word_1_341' title='bbox 3227 2087 3489 2158; x_wconf 86' lang='lat' dir='ltr'><strong><em>quidem,</em></strong></span> <span class='ocrx_word' id='word_1_342' title='bbox 3535 2085 3595 2140; x_wconf 90' lang='lat' dir='ltr'><strong><em>in</em></strong></span> <span class='ocrx_word' id='word_1_343' title='bbox 3624 2084 3893 2140; x_wconf 88' lang='lat' dir='ltr'><strong><em>Barnaba</em></strong></span> 
     </span>
    </p>
   </div>
   <div class='ocr_carea' id='block_1_52' title="bbox 2239 2174 3895 2250">
    <p class='ocr_par' dir='ltr' id='par_1_52' title="bbox 2239 2174 3895 2250">
     <span class='ocr_line' id='line_1_52' title="bbox 2239 2174 3895 2250; baseline -0.002 -19"><span class='ocrx_word' id='word_1_344' title='bbox 2239 2177 2455 2233; x_wconf 89' lang='lat' dir='ltr'><strong><em>frustra</em></strong></span> <span class='ocrx_word' id='word_1_345' title='bbox 2498 2179 2758 2249; x_wconf 58' lang='lat' dir='ltr'><strong><em>quassita,</em></strong></span> <span class='ocrx_word' id='word_1_346' title='bbox 2820 2179 2875 2232; x_wconf 91' lang='lat' dir='ltr'><strong><em>in</em></strong></span> <span class='ocrx_word' id='word_1_347' title='bbox 2940 2179 3131 2250; x_wconf 86' lang='lat' dir='ltr'><strong><em>priore</em></strong></span> <span class='ocrx_word' id='word_1_348' title='bbox 3178 2176 3494 2233; x_wconf 85' lang='lat' dir='ltr'><strong><em>Clementis</em></strong></span> <span class='ocrx_word' id='word_1_349' title='bbox 3544 2174 3895 2247; x_wconf 86' lang='lat' dir='ltr'><strong><em>Epistola(a</em></strong></span> 
     </span>
    </p>
   </div>
   <div class='ocr_carea' id='block_1_53' title="bbox 2238 2264 3895 2336">
    <p class='ocr_par' dir='ltr' id='par_1_53' title="bbox 2238 2264 3895 2336">
     <span class='ocr_line' id='line_1_53' title="bbox 2238 2264 3895 2336; baseline -0.002 -15"><span class='ocrx_word' id='word_1_350' title='bbox 2238 2267 2578 2322; x_wconf 90' lang='lat' dir='ltr'><strong><em>doctissimo</em></strong></span> <span class='ocrx_word' id='word_1_351' title='bbox 2603 2267 2846 2323; x_wconf 90' lang='lat' dir='ltr'><strong><em>Patricio</em></strong></span> <span class='ocrx_word' id='word_1_352' title='bbox 2866 2266 3040 2322; x_wconf 88' lang='lat' dir='ltr'><strong><em>Junio</em></strong></span> <span class='ocrx_word' id='word_1_353' title='bbox 3063 2282 3176 2321; x_wconf 89' lang='lat' dir='ltr'><strong><em>non</em></strong></span> <span class='ocrx_word' id='word_1_354' title='bbox 3200 2266 3282 2320; x_wconf 90' lang='lat' dir='ltr'><strong><em>ita</em></strong></span> <span class='ocrx_word' id='word_1_355' title='bbox 3305 2265 3527 2336; x_wconf 88' lang='lat' dir='ltr'><strong><em>pridem</em></strong></span> <span class='ocrx_word' id='word_1_356' title='bbox 3559 2264 3736 2333; x_wconf 89' lang='lat' dir='ltr'><strong><em>edita)</em></strong></span> <span class='ocrx_word' id='word_1_357' title='bbox 3762 2264 3895 2319; x_wconf 79' lang='lat' dir='ltr'><strong><em>toti-</em></strong></span> 
     </span>
    </p>
   </div>
   <div class='ocr_carea' id='block_1_54' title="bbox 2238 2355 3280 2428">
    <p class='ocr_par' dir='ltr' id='par_1_54' title="bbox 2238 2355 3280 2428">
     <span class='ocr_line' id='line_1_54' title="bbox 2238 2355 3280 2428; baseline -0.002 -19"><span class='ocrx_word' id='word_1_358' title='bbox 2238 2356 2367 2410; x_wconf 90' lang='lat' dir='ltr'><strong><em>dem</em></strong></span> <span class='ocrx_word' id='word_1_359' title='bbox 2400 2356 2590 2411; x_wconf 88' lang='lat' dir='ltr'><strong><em>verbis</em></strong></span> <span class='ocrx_word' id='word_1_360' title='bbox 2618 2372 2892 2428; x_wconf 84' lang='lat' dir='ltr'><strong><em>expressa</em></strong></span> <span class='ocrx_word' id='word_1_361' title='bbox 2931 2355 3280 2411; x_wconf 88' lang='lat' dir='ltr'><strong><em>invenimus.</em></strong></span> 
     </span>
    </p>
   </div>
   <div class='ocr_carea' id='block_1_55' title="bbox 2311 2442 3897 2516">
    <p class='ocr_par' dir='ltr' id='par_1_55' title="bbox 2311 2442 3897 2516">
     <span class='ocr_line' id='line_1_55' title="bbox 2311 2442 3897 2516; baseline -0.001 -18"><span class='ocrx_word' id='word_1_362' title='bbox 2311 2467 2338 2493; x_wconf 88' lang='grc'><strong><em>‹‹</em></strong></span> <span class='ocrx_word' id='word_1_363' title='bbox 2372 2448 2547 2499; x_wconf 89' lang='lat' dir='ltr'><strong><em>Porro</em></strong></span> <span class='ocrx_word' id='word_1_364' title='bbox 2577 2446 2722 2500; x_wconf 90' lang='lat' dir='ltr'><strong><em>duas</em></strong></span> <span class='ocrx_word' id='word_1_365' title='bbox 2754 2445 2927 2500; x_wconf 86' lang='lat' dir='ltr'><strong><em>hasce</em></strong></span> <span class='ocrx_word' id='word_1_366' title='bbox 2950 2444 3319 2516; x_wconf 88' lang='lat' dir='ltr'><strong><em>imperfectas</em></strong></span> <span class='ocrx_word' id='word_1_367' title='bbox 3340 2442 3635 2515; x_wconf 87' lang='lat' dir='ltr'><strong><em>Polycarpi</em></strong></span> <span class='ocrx_word' id='word_1_368' title='bbox 3669 2448 3727 2497; x_wconf 86' lang='lat' dir='ltr'><strong><em>et</em></strong></span> <span class='ocrx_word' id='word_1_369' title='bbox 3760 2447 3897 2497; x_wconf 86' lang='lat' dir='ltr'><strong><em>Bar-</em></strong></span> 
     </span>
    </p>
   </div>
   <div class='ocr_carea' id='block_1_56' title="bbox 2241 2531 3892 2605">
    <p class='ocr_par' dir='ltr' id='par_1_56' title="bbox 2241 2531 3892 2605">
     <span class='ocr_line' id='line_1_56' title="bbox 2241 2531 3892 2605; baseline -0.001 -17"><span class='ocrx_word' id='word_1_370' title='bbox 2241 2533 2405 2588; x_wconf 66' lang='lat' dir='ltr'><strong><em>nabm</em></strong></span> <span class='ocrx_word' id='word_1_371' title='bbox 2436 2534 2663 2589; x_wconf 65' lang='lat' dir='ltr'><strong><em>Graecas</em></strong></span> <span class='ocrx_word' id='word_1_372' title='bbox 2694 2533 2985 2605; x_wconf 77' lang='lat' dir='ltr'><strong><em>epistolas,</em></strong></span> <span class='ocrx_word' id='word_1_373' title='bbox 3022 2549 3091 2588; x_wconf 85' lang='lat' dir='ltr'><strong><em>ex</em></strong></span> <span class='ocrx_word' id='word_1_374' title='bbox 3120 2533 3358 2588; x_wconf 68' lang='lat' dir='ltr'><strong><em>Andreae</em></strong></span> <span class='ocrx_word' id='word_1_375' title='bbox 3389 2531 3610 2587; x_wconf 88' lang='lat' dir='ltr'><strong><em>Scbotti</em></strong></span> <span class='ocrx_word' id='word_1_376' title='bbox 3641 2547 3892 2603; x_wconf 86' lang='lat' dir='ltr'><strong><em>apogra-</em></strong></span> 
     </span>
    </p>
   </div>
   <div class='ocr_carea' id='block_1_57' title="bbox 2240 2620 3894 2694">
    <p class='ocr_par' dir='ltr' id='par_1_57' title="bbox 2240 2620 3894 2694">
     <span class='ocr_line' id='line_1_57' title="bbox 2240 2620 3894 2694; baseline -0.002 -17"><span class='ocrx_word' id='word_1_377' title='bbox 2240 2622 2355 2693; x_wconf 88' lang='lat' dir='ltr'><strong><em>pho</em></strong></span> <span class='ocrx_word' id='word_1_378' title='bbox 2387 2640 2493 2677; x_wconf 88' lang='lat' dir='ltr'><strong><em>sua</em></strong></span> <span class='ocrx_word' id='word_1_379' title='bbox 2520 2640 2696 2677; x_wconf 91' lang='lat' dir='ltr'><strong><em>manu</em></strong></span> <span class='ocrx_word' id='word_1_380' title='bbox 2732 2622 3054 2694; x_wconf 86' lang='lat' dir='ltr'><strong><em>descriptas</em></strong></span> <span class='ocrx_word' id='word_1_381' title='bbox 3086 2622 3172 2676; x_wconf 89' lang='lat' dir='ltr'><strong><em>vir</em></strong></span> <span class='ocrx_word' id='word_1_382' title='bbox 3216 2620 3578 2676; x_wconf 90' lang='lat' dir='ltr'><strong><em>clarissimus</em></strong></span> <span class='ocrx_word' id='word_1_383' title='bbox 3608 2620 3894 2675; x_wconf 86' lang='lat' dir='ltr'><strong><em>Claudius</em></strong></span> 
     </span>
    </p>
   </div>
   <div class='ocr_carea' id='block_1_58' title="bbox 2240 2710 3896 2783">
    <p class='ocr_par' dir='ltr' id='par_1_58' title="bbox 2240 2710 3896 2783">
     <span class='ocr_line' id='line_1_58' title="bbox 2240 2710 3896 2783; baseline -0.003 -16"><span class='ocrx_word' id='word_1_384' title='bbox 2240 2711 2581 2782; x_wconf 89' lang='lat' dir='ltr'><strong><em>Salmasius,</em></strong></span> <span class='ocrx_word' id='word_1_385' title='bbox 2618 2728 2735 2766; x_wconf 88' lang='lat' dir='ltr'><strong><em>una</em></strong></span> <span class='ocrx_word' id='word_1_386' title='bbox 2763 2728 2898 2767; x_wconf 90' lang='lat' dir='ltr'><strong><em>cum</em></strong></span> <span class='ocrx_word' id='word_1_387' title='bbox 2939 2711 3181 2783; x_wconf 87' lang='lat' dir='ltr'><strong><em>antiqua</em></strong></span> <span class='ocrx_word' id='word_1_388' title='bbox 3210 2710 3411 2765; x_wconf 88' lang='lat' dir='ltr'><strong><em>Latina</em></strong></span> <span class='ocrx_word' id='word_1_389' title='bbox 3455 2710 3729 2764; x_wconf 65' lang='lat' dir='ltr'><strong><em>Barnabas</em></strong></span> <span class='ocrx_word' id='word_1_390' title='bbox 3763 2726 3896 2763; x_wconf 88' lang='lat' dir='ltr'><strong><em>ver-</em></strong></span> 
     </span>
    </p>
   </div>
   <div class='ocr_carea' id='block_1_59' title="bbox 2243 2798 3898 2866">
    <p class='ocr_par' dir='ltr' id='par_1_59' title="bbox 2243 2798 3898 2866">
     <span class='ocr_line' id='line_1_59' title="bbox 2243 2798 3898 2866; baseline -0.002 -10"><span class='ocrx_word' id='word_1_391' title='bbox 2243 2802 2424 2866; x_wconf 90' lang='lat' dir='ltr'><strong><em>sione,</em></strong></span> <span class='ocrx_word' id='word_1_392' title='bbox 2457 2818 2524 2857; x_wconf 87' lang='lat' dir='ltr'><strong><em>ex</em></strong></span> <span class='ocrx_word' id='word_1_393' title='bbox 2565 2807 2755 2857; x_wconf 89' lang='lat' dir='ltr'><strong><em>vetere</em></strong></span> <span class='ocrx_word' id='word_1_394' title='bbox 2804 2800 3169 2856; x_wconf 87' lang='lat' dir='ltr'><strong><em>Corbeiensis</em></strong></span> <span class='ocrx_word' id='word_1_395' title='bbox 3217 2798 3581 2854; x_wconf 71' lang='lat' dir='ltr'><strong><em>bibliotheca:</em></strong></span> <span class='ocrx_word' id='word_1_396' title='bbox 3631 2798 3831 2853; x_wconf 88' lang='lat' dir='ltr'><strong><em>codice</em></strong></span> <span class='ocrx_word' id='word_1_397' title='bbox 3861 2815 3898 2852; x_wconf 88' lang='lat' dir='ltr'><strong><em>a</em></strong></span> 
     </span>
    </p>
   </div>
   <div class='ocr_carea' id='block_1_60' title="bbox 2242 2886 3899 2961">
    <p class='ocr_par' dir='ltr' id='par_1_60' title="bbox 2242 2886 3899 2961">
     <span class='ocr_line' id='line_1_60' title="bbox 2242 2886 3899 2961; baseline -0.002 -16"><span class='ocrx_word' id='word_1_398' title='bbox 2242 2890 2466 2945; x_wconf 87' lang='lat' dir='ltr'><strong><em>Joanne</em></strong></span> <span class='ocrx_word' id='word_1_399' title='bbox 2496 2889 2767 2945; x_wconf 87' lang='lat' dir='ltr'><strong><em>Cordesio</em></strong></span> <span class='ocrx_word' id='word_1_400' title='bbox 2798 2889 3107 2961; x_wconf 85' lang='lat' dir='ltr'><strong><em>exscripta,</em></strong></span> <span class='ocrx_word' id='word_1_401' title='bbox 3141 2890 3335 2944; x_wconf 85' lang='lat' dir='ltr'><strong><em>Isaaco</em></strong></span> <span class='ocrx_word' id='word_1_402' title='bbox 3369 2888 3598 2956; x_wconf 87' lang='lat' dir='ltr'><strong><em>Vossio,</em></strong></span> <span class='ocrx_word' id='word_1_403' title='bbox 3631 2886 3899 2942; x_wconf 89' lang='lat' dir='ltr'><strong><em>celeber-</em></strong></span> 
     </span>
    </p>
   </div>
   <div class='ocr_carea' id='block_1_61' title="bbox 2244 2975 3897 3048">
    <p class='ocr_par' dir='ltr' id='par_1_61' title="bbox 2244 2975 3897 3048">
     <span class='ocr_line' id='line_1_61' title="bbox 2244 2975 3897 3048; baseline -0.002 -15"><span class='ocrx_word' id='word_1_404' title='bbox 2244 2978 2375 3034; x_wconf 90' lang='lat' dir='ltr'><strong><em>rimi</em></strong></span> <span class='ocrx_word' id='word_1_405' title='bbox 2410 2978 2566 3034; x_wconf 86' lang='lat' dir='ltr'><strong><em>illius</em></strong></span> <span class='ocrx_word' id='word_1_406' title='bbox 2597 2978 2835 3034; x_wconf 89' lang='lat' dir='ltr'><strong><em>Gerardi</em></strong></span> <span class='ocrx_word' id='word_1_407' title='bbox 2880 2978 3018 3046; x_wconf 83' lang='lat' dir='ltr'><strong><em>ﬁlio,</em></strong></span> <span class='ocrx_word' id='word_1_408' title='bbox 3070 2993 3313 3033; x_wconf 72' lang='lat' dir='ltr'><strong><em>summie</em></strong></span> <span class='ocrx_word' id='word_1_409' title='bbox 3346 2976 3470 3048; x_wconf 85' lang='lat' dir='ltr'><strong><em>spei</em></strong></span> <span class='ocrx_word' id='word_1_410' title='bbox 3508 2975 3736 3047; x_wconf 89' lang='lat' dir='ltr'><strong><em>juveni,</em></strong></span> <span class='ocrx_word' id='word_1_411' title='bbox 3770 2982 3897 3030; x_wconf 88' lang='lat' dir='ltr'><strong><em>tra-</em></strong></span> 
     </span>
    </p>
   </div>
   <div class='ocr_carea' id='block_1_62' title="bbox 2246 3065 3898 3139">
    <p class='ocr_par' dir='ltr' id='par_1_62' title="bbox 2246 3065 3898 3139">
     <span class='ocr_line' id='line_1_62' title="bbox 2246 3065 3898 3139; baseline -0.004 -16"><span class='ocrx_word' id='word_1_412' title='bbox 2246 3068 2430 3123; x_wconf 92' lang='lat' dir='ltr'><strong><em>didit:</em></strong></span> <span class='ocrx_word' id='word_1_413' title='bbox 2465 3084 2643 3139; x_wconf 90' lang='lat' dir='ltr'><strong><em>quam</em></strong></span> <span class='ocrx_word' id='word_1_414' title='bbox 2684 3084 2815 3123; x_wconf 90' lang='lat' dir='ltr'><strong><em>cum</em></strong></span> <span class='ocrx_word' id='word_1_415' title='bbox 2866 3067 3061 3123; x_wconf 72' lang='lat' dir='ltr'><strong><em>Graaco</em></strong></span> <span class='ocrx_word' id='word_1_416' title='bbox 3110 3066 3387 3121; x_wconf 58' lang='lat' dir='ltr'><strong><em>Barnabas</em></strong></span> <span class='ocrx_word' id='word_1_417' title='bbox 3433 3069 3592 3120; x_wconf 86' lang='lat' dir='ltr'><strong><em>textu</em></strong></span> <span class='ocrx_word' id='word_1_418' title='bbox 3641 3065 3898 3135; x_wconf 88' lang='lat' dir='ltr'><strong><em>conjun-</em></strong></span> 
     </span>
    </p>
   </div>
   <div class='ocr_carea' id='block_1_63' title="bbox 2246 3151 3903 3226">
    <p class='ocr_par' dir='ltr' id='par_1_63' title="bbox 2246 3151 3903 3226">
     <span class='ocr_line' id='line_1_63' title="bbox 2246 3151 3903 3226; baseline -0.004 -13"><span class='ocrx_word' id='word_1_419' title='bbox 2246 3162 2423 3226; x_wconf 88' lang='lat' dir='ltr'><strong><em>ctam,</em></strong></span> <span class='ocrx_word' id='word_1_420' title='bbox 2454 3157 2671 3213; x_wconf 87' lang='lat' dir='ltr'><strong><em>additis</em></strong></span> <span class='ocrx_word' id='word_1_421' title='bbox 2701 3156 2873 3213; x_wconf 90' lang='lat' dir='ltr'><strong><em>etiam</em></strong></span> <span class='ocrx_word' id='word_1_422' title='bbox 2906 3155 3148 3211; x_wconf 91' lang='lat' dir='ltr'><strong><em>eruditis</em></strong></span> <span class='ocrx_word' id='word_1_423' title='bbox 3198 3153 3372 3219; x_wconf 90' lang='lat' dir='ltr'><strong><em>notis,</em></strong></span> <span class='ocrx_word' id='word_1_424' title='bbox 3420 3154 3492 3209; x_wconf 90' lang='lat' dir='ltr'><strong><em>ad</em></strong></span> <span class='ocrx_word' id='word_1_425' title='bbox 3541 3152 3773 3225; x_wconf 88' lang='lat' dir='ltr'><strong><em>prelum</em></strong></span> <span class='ocrx_word' id='word_1_426' title='bbox 3804 3151 3903 3207; x_wconf 90' lang='lat' dir='ltr'><strong><em>ille</em></strong></span> 
     </span>
    </p>
   </div>
   <div class='ocr_carea' id='block_1_64' title="bbox 2249 3241 3902 3318">
    <p class='ocr_par' dir='ltr' id='par_1_64' title="bbox 2249 3241 3902 3318">
     <span class='ocr_line' id='line_1_64' title="bbox 2249 3241 3902 3318; baseline -0.004 -16"><span class='ocrx_word' id='word_1_427' title='bbox 2249 3247 2567 3318; x_wconf 87' lang='lat' dir='ltr'><strong><em>apparavit.</em></strong></span> <span class='ocrx_word' id='word_1_428' title='bbox 2603 3247 2677 3301; x_wconf 89' lang='lat' dir='ltr'><strong><em>Ut</em></strong></span> <span class='ocrx_word' id='word_1_429' title='bbox 2704 3246 2882 3318; x_wconf 84' lang='lat' dir='ltr'><strong><em>igitur</em></strong></span> <span class='ocrx_word' id='word_1_430' title='bbox 2910 3245 2970 3300; x_wconf 92' lang='lat' dir='ltr'><strong><em>in</em></strong></span> <span class='ocrx_word' id='word_1_431' title='bbox 3001 3243 3261 3316; x_wconf 85' lang='lat' dir='ltr'><strong><em>Sylloges</em></strong></span> <span class='ocrx_word' id='word_1_432' title='bbox 3310 3242 3489 3314; x_wconf 90' lang='lat' dir='ltr'><strong><em>hujus</em></strong></span> <span class='ocrx_word' id='word_1_433' title='bbox 3519 3241 3708 3309; x_wconf 89' lang='lat' dir='ltr'><strong><em>initio,</em></strong></span> <span class='ocrx_word' id='word_1_434' title='bbox 3742 3241 3902 3297; x_wconf 66' lang='lat' dir='ltr'><strong><em>Grie-</em></strong></span> 
     </span>
    </p>
   </div>
   <div class='ocr_carea' id='block_1_65' title="bbox 483 3306 3904 3407">
    <p class='ocr_par' dir='ltr' id='par_1_65' title="bbox 483 3306 3904 3407">
     <span class='ocr_line' id='line_1_65' title="bbox 483 3306 3904 3407; baseline 0.001 -25"><span class='ocrx_word' id='word_1_435' title='bbox 483 3331 621 3383; x_wconf 88' lang='lat' dir='ltr'><strong><em>tores</em></strong></span> <span class='ocrx_word' id='word_1_436' title='bbox 669 3334 844 3384; x_wconf 87' lang='lat' dir='ltr'><strong><em>erant.</em></strong></span> <span class='ocrx_word' id='word_1_437' title='bbox 902 3330 973 3385; x_wconf 91' lang='lat' dir='ltr'><strong><em>Ut</em></strong></span> <span class='ocrx_word' id='word_1_438' title='bbox 1024 3332 1180 3387; x_wconf 89' lang='lat' dir='ltr'><strong><em>enim</em></strong></span> <span class='ocrx_word' id='word_1_439' title='bbox 1230 3333 1287 3387; x_wconf 92' lang='lat' dir='ltr'><strong><em>in</em></strong></span> <span class='ocrx_word' id='word_1_440' title='bbox 1340 3335 1659 3405; x_wconf 83' lang='lat' dir='ltr'><strong><em>posteriore</em></strong></span> <span class='ocrx_word' id='word_1_441' title='bbox 1691 3336 2133 3407; x_wconf 88' lang='lat' dir='ltr'><strong><em>Ignatianarum</em></strong></span> <span class='ocrx_word' id='word_1_442' title='bbox 2166 3306 2209 3371; x_wconf 79' lang='lat' dir='ltr'><strong>C</strong></span> <span class='ocrx_word' id='word_1_443' title='bbox 2248 3352 2380 3391; x_wconf 91' lang='lat' dir='ltr'><strong><em>cum</em></strong></span> <span class='ocrx_word' id='word_1_444' title='bbox 2416 3333 2820 3407; x_wconf 88' lang='lat' dir='ltr'><strong><em>Polycarpum,</em></strong></span> <span class='ocrx_word' id='word_1_445' title='bbox 2872 3334 3189 3405; x_wconf 83' lang='lat' dir='ltr'><strong><em>posteriore</em></strong></span> <span class='ocrx_word' id='word_1_446' title='bbox 3220 3331 3311 3387; x_wconf 90' lang='lat' dir='ltr'><strong><em>sui</em></strong></span> <span class='ocrx_word' id='word_1_447' title='bbox 3358 3335 3522 3403; x_wconf 89' lang='lat' dir='ltr'><strong><em>parte</em></strong></span> <span class='ocrx_word' id='word_1_448' title='bbox 3558 3348 3628 3386; x_wconf 84' lang='lat' dir='ltr'><strong><em>ex</em></strong></span> <span class='ocrx_word' id='word_1_449' title='bbox 3655 3331 3904 3403; x_wconf 88' lang='lat' dir='ltr'><strong><em>antiqua</em></strong></span> 
     </span>
    </p>
   </div>
   <div class='ocr_carea' id='block_1_66' title="bbox 481 3416 2141 3496">
    <p class='ocr_par' dir='ltr' id='par_1_66' title="bbox 481 3416 2141 3496">
     <span class='ocr_line' id='line_1_66' title="bbox 481 3416 2141 3496; baseline 0.007 -26"><span class='ocrx_word' id='word_1_450' title='bbox 481 3416 871 3487; x_wconf 87' lang='lat' dir='ltr'><strong><em>Epistolarum</em></strong></span> <span class='ocrx_word' id='word_1_451' title='bbox 904 3419 1269 3489; x_wconf 88' lang='lat' dir='ltr'><strong><em>collectione,</em></strong></span> <span class='ocrx_word' id='word_1_452' title='bbox 1292 3439 1424 3478; x_wconf 90' lang='lat' dir='ltr'><strong><em>cum</em></strong></span> <span class='ocrx_word' id='word_1_453' title='bbox 1453 3422 1693 3495; x_wconf 88' lang='lat' dir='ltr'><strong><em>reliquis</em></strong></span> <span class='ocrx_word' id='word_1_454' title='bbox 1716 3425 1963 3496; x_wconf 59' lang='lat' dir='ltr'><strong><em>przeﬁxw</em></strong></span> <span class='ocrx_word' id='word_1_455' title='bbox 1994 3425 2141 3481; x_wconf 89' lang='lat' dir='ltr'><strong><em>fuis-</em></strong></span> 
     </span>
    </p>
   </div>
   <div class='ocr_carea' id='block_1_67' title="bbox 486 3506 2136 3588">
    <p class='ocr_par' dir='ltr' id='par_1_67' title="bbox 486 3506 2136 3588">
     <span class='ocr_line' id='line_1_67' title="bbox 486 3506 2136 3588; baseline 0.007 -29"><span class='ocrx_word' id='word_1_456' title='bbox 486 3510 616 3559; x_wconf 88' lang='lat' dir='ltr'><strong><em>sent</em></strong></span> <span class='ocrx_word' id='word_1_457' title='bbox 648 3506 839 3562; x_wconf 74' lang='lat' dir='ltr'><strong><em>Mariaa</em></strong></span> <span class='ocrx_word' id='word_1_458' title='bbox 886 3508 1252 3566; x_wconf 85' lang='lat' dir='ltr'><strong><em>Castabalitae</em></strong></span> <span class='ocrx_word' id='word_1_459' title='bbox 1292 3512 1527 3567; x_wconf 89' lang='lat' dir='ltr'><strong><em>nomine</em></strong></span> <span class='ocrx_word' id='word_1_460' title='bbox 1578 3512 1869 3584; x_wconf 62' lang='lat' dir='ltr'><strong><em>inscriptas</em></strong></span> <span class='ocrx_word' id='word_1_461' title='bbox 1909 3515 2136 3588; x_wconf 65' lang='lat' dir='ltr'><strong><em>littera,</em></strong></span> 
     </span>
    </p>
   </div>
   <div class='ocr_carea' id='block_1_68' title="bbox 485 3594 2139 3672">
    <p class='ocr_par' dir='ltr' id='par_1_68' title="bbox 485 3594 2139 3672">
     <span class='ocr_line' id='line_1_68' title="bbox 485 3594 2139 3672; baseline 0.007 -25"><span class='ocrx_word' id='word_1_462' title='bbox 485 3609 584 3648; x_wconf 88' lang='lat' dir='ltr'><strong><em>eas</em></strong></span> <span class='ocrx_word' id='word_1_463' title='bbox 613 3594 787 3649; x_wconf 88' lang='lat' dir='ltr'><strong><em>etiam</em></strong></span> <span class='ocrx_word' id='word_1_464' title='bbox 821 3597 1006 3668; x_wconf 90' lang='lat' dir='ltr'><strong><em>ipsius</em></strong></span> <span class='ocrx_word' id='word_1_465' title='bbox 1038 3598 1244 3669; x_wconf 88' lang='lat' dir='ltr'><strong><em>Ignatii</em></strong></span> <span class='ocrx_word' id='word_1_466' title='bbox 1276 3599 1555 3671; x_wconf 87' lang='lat' dir='ltr'><strong><em>inscripto</em></strong></span> <span class='ocrx_word' id='word_1_467' title='bbox 1589 3602 1779 3672; x_wconf 88' lang='lat' dir='ltr'><strong><em>titulo,</em></strong></span> <span class='ocrx_word' id='word_1_468' title='bbox 1808 3602 1865 3658; x_wconf 90' lang='lat' dir='ltr'><strong><em>in</em></strong></span> <span class='ocrx_word' id='word_1_469' title='bbox 1899 3596 2139 3659; x_wconf 70' lang='lat' dir='ltr'><strong><em>Antoni‘</em></strong></span> 
     </span>
    </p>
   </div>
   <div class='ocr_carea' id='block_1_69' title="bbox 484 3680 2141 3757">
    <p class='ocr_par' dir='ltr' id='par_1_69' title="bbox 484 3680 2141 3757">
     <span class='ocr_line' id='line_1_69' title="bbox 484 3680 2141 3757; baseline 0.008 -22"><span class='ocrx_word' id='word_1_470' title='bbox 484 3680 722 3738; x_wconf 87' lang='lat' dir='ltr'><strong><em>Melissa</em></strong></span> <span class='ocrx_word' id='word_1_471' title='bbox 766 3684 788 3717; x_wconf 71' lang='grc' dir='ltr'>δ</span> <span class='ocrx_word' id='word_1_472' title='bbox 836 3686 1150 3757; x_wconf 87' lang='lat' dir='ltr'><strong><em>productas</em></strong></span> <span class='ocrx_word' id='word_1_473' title='bbox 1201 3688 1383 3743; x_wconf 89' lang='lat' dir='ltr'><strong><em>fuisse</em></strong></span> <span class='ocrx_word' id='word_1_474' title='bbox 1449 3690 2009 3749; x_wconf 89' lang='lat' dir='ltr'><strong><em>animadvertimus:</em></strong></span> <span class='ocrx_word' id='word_1_475' title='bbox 2061 3693 2141 3749; x_wconf 87' lang='lat' dir='ltr'><strong><em>ita</em></strong></span> 
     </span>
    </p>
   </div>
   <div class='ocr_carea' id='block_1_70' title="bbox 488 3769 2117 3853">
    <p class='ocr_par' dir='ltr' id='par_1_70' title="bbox 488 3769 2117 3853">
     <span class='ocr_line' id='line_1_70' title="bbox 488 3769 2117 3853; baseline 0.007 -29"><span class='ocrx_word' id='word_1_476' title='bbox 488 3769 665 3826; x_wconf 88' lang='lat' dir='ltr'><strong><em>etiam</em></strong></span> <span class='ocrx_word' id='word_1_477' title='bbox 698 3771 757 3827; x_wconf 90' lang='lat' dir='ltr'><strong><em>in</em></strong></span> <span class='ocrx_word' id='word_1_478' title='bbox 789 3774 979 3845; x_wconf 88' lang='lat' dir='ltr'><strong><em>priore</em></strong></span> <span class='ocrx_word' id='word_1_479' title='bbox 1007 3774 1108 3830; x_wconf 89' lang='lat' dir='ltr'><strong><em>illa</em></strong></span> <span class='ocrx_word' id='word_1_480' title='bbox 1155 3792 1284 3829; x_wconf 92' lang='lat' dir='ltr'><strong><em>cum</em></strong></span> <span class='ocrx_word' id='word_1_481' title='bbox 1321 3777 1472 3832; x_wconf 90' lang='lat' dir='ltr'><strong><em>inter</em></strong></span> <span class='ocrx_word' id='word_1_482' title='bbox 1514 3778 1813 3851; x_wconf 89' lang='lat' dir='ltr'><strong><em>Polycarpi</em></strong></span> <span class='ocrx_word' id='word_1_483' title='bbox 1846 3786 1900 3836; x_wconf 89' lang='lat' dir='ltr'><strong><em>et</em></strong></span> <span class='ocrx_word' id='word_1_484' title='bbox 1932 3782 2117 3853; x_wconf 86' lang='lat' dir='ltr'><strong><em>lgnati</em></strong></span> 
     </span>
    </p>
   </div>
   <div class='ocr_carea' id='block_1_71' title="bbox 488 3859 2113 3937">
    <p class='ocr_par' dir='ltr' id='par_1_71' title="bbox 488 3859 2113 3937">
     <span class='ocr_line' id='line_1_71' title="bbox 488 3859 2113 3937; baseline 0.007 -24"><span class='ocrx_word' id='word_1_485' title='bbox 488 3859 676 3915; x_wconf 90' lang='lat' dir='ltr'><strong><em>eidem</em></strong></span> <span class='ocrx_word' id='word_1_486' title='bbox 710 3863 1053 3933; x_wconf 86' lang='lat' dir='ltr'><strong><em>subjunctas</em></strong></span> <span class='ocrx_word' id='word_1_487' title='bbox 1084 3864 1381 3937; x_wconf 88' lang='lat' dir='ltr'><strong><em>epistolas,</em></strong></span> <span class='ocrx_word' id='word_1_488' title='bbox 1412 3867 1587 3922; x_wconf 90' lang='lat' dir='ltr'><strong><em>etiam</em></strong></span> <span class='ocrx_word' id='word_1_489' title='bbox 1620 3867 1719 3923; x_wconf 91' lang='lat' dir='ltr'><strong><em>illa</em></strong></span> <span class='ocrx_word' id='word_1_490' title='bbox 1745 3870 2022 3926; x_wconf 67' lang='lat' dir='ltr'><strong><em>Barnabas</em></strong></span> <span class='ocrx_word' id='word_1_491' title='bbox 2056 3871 2113 3924; x_wconf 91' lang='lat' dir='ltr'><strong><em>in</em></strong></span> 
     </span>
    </p>
   </div>
   <div class='ocr_carea' id='block_1_72' title="bbox 488 3951 2140 4046">
    <p class='ocr_par' dir='ltr' id='par_1_72' title="bbox 488 3951 2140 4046">
     <span class='ocr_line' id='line_1_72' title="bbox 488 3951 2140 4046; baseline 0.005 -42"><span class='ocrx_word' id='word_1_492' title='bbox 488 3951 769 4023; x_wconf 88' lang='lat' dir='ltr'><strong><em>terposita</em></strong></span> <span class='ocrx_word' id='word_1_493' title='bbox 822 3952 1150 4046; x_wconf 49' lang='lat' dir='ltr'><strong><em>legeretur,</em></strong></span> <span class='ocrx_word' id='word_1_494' title='bbox 1211 3972 1325 4010; x_wconf 92' lang='lat' dir='ltr'><strong><em>non</em></strong></span> <span class='ocrx_word' id='word_1_495' title='bbox 1384 3956 1597 4011; x_wconf 89' lang='lat' dir='ltr'><strong><em>mirum</em></strong></span> <span class='ocrx_word' id='word_1_496' title='bbox 1658 3958 1703 4012; x_wconf 91' lang='lat' dir='ltr'><strong><em>si</em></strong></span> <span class='ocrx_word' id='word_1_497' title='bbox 1787 3952 2140 4046; x_wconf 61' lang='lat' dir='ltr'><strong><em>o&#39;zpzptvﬁpar;</em></strong></span> 
     </span>
    </p>
   </div>
   <div class='ocr_carea' id='block_1_73' title="bbox 491 4042 2135 4125">
    <p class='ocr_par' dir='ltr' id='par_1_73' title="bbox 491 4042 2135 4125">
     <span class='ocr_line' id='line_1_73' title="bbox 491 4042 2135 4125; baseline 0.009 -36"><span class='ocrx_word' id='word_1_498' title='bbox 491 4044 813 4110; x_wconf 81' lang='grc' dir='ltr'>μνημονικῷ</span> <span class='ocrx_word' id='word_1_499' title='bbox 863 4042 1176 4113; x_wconf 91' lang='lat' dir='ltr'><strong><em>consimili,</em></strong></span> <span class='ocrx_word' id='word_1_500' title='bbox 1220 4048 1277 4098; x_wconf 92' lang='lat' dir='ltr'><strong><em>et</em></strong></span> <span class='ocrx_word' id='word_1_501' title='bbox 1324 4044 1525 4099; x_wconf 90' lang='lat' dir='ltr'><strong><em>eodem</em></strong></span> <span class='ocrx_word' id='word_1_502' title='bbox 1576 4046 1746 4101; x_wconf 89' lang='lat' dir='ltr'><strong><em>modo</em></strong></span> <span class='ocrx_word' id='word_1_503' title='bbox 1794 4042 2135 4125; x_wconf 53' lang='lat' dir='ltr'><strong><em>excusabili;</em></strong></span> 
     </span>
    </p>
   </div>
   <div class='ocr_carea' id='block_1_74' title="bbox 488 4127 2142 4209">
    <p class='ocr_par' dir='ltr' id='par_1_74' title="bbox 488 4127 2142 4209">
     <span class='ocr_line' id='line_1_74' title="bbox 488 4127 2142 4209; baseline 0.007 -28"><span class='ocrx_word' id='word_1_504' title='bbox 488 4127 696 4198; x_wconf 87' lang='lat' dir='ltr'><strong><em>lgnatii</em></strong></span> <span class='ocrx_word' id='word_1_505' title='bbox 728 4132 965 4186; x_wconf 89' lang='lat' dir='ltr'><strong><em>nomine</em></strong></span> <span class='ocrx_word' id='word_1_506' title='bbox 994 4132 1255 4188; x_wconf 89' lang='lat' dir='ltr'><strong><em>citaverit</em></strong></span> <span class='ocrx_word' id='word_1_507' title='bbox 1288 4134 1691 4205; x_wconf 84' lang='lat' dir='ltr'><strong><em>Hieronymus,</em></strong></span> <span class='ocrx_word' id='word_1_508' title='bbox 1723 4138 1872 4205; x_wconf 88' lang='lat' dir='ltr'><strong><em>quod</em></strong></span> <span class='ocrx_word' id='word_1_509' title='bbox 1910 4138 2142 4209; x_wconf 90' lang='lat' dir='ltr'><strong><em>proprie</em></strong></span> 
     </span>
    </p>
   </div>
   <div class='ocr_carea' id='block_1_75' title="bbox 489 4218 1349 4276">
    <p class='ocr_par' dir='ltr' id='par_1_75' title="bbox 489 4218 1349 4276">
     <span class='ocr_line' id='line_1_75' title="bbox 489 4218 1349 4276; baseline 0.008 -7"><span class='ocrx_word' id='word_1_510' title='bbox 489 4221 615 4270; x_wconf 88' lang='lat' dir='ltr'><strong><em>erat</em></strong></span> <span class='ocrx_word' id='word_1_511' title='bbox 644 4218 1021 4275; x_wconf 90' lang='lat' dir='ltr'><strong><em>tribuendum</em></strong></span> <span class='ocrx_word' id='word_1_512' title='bbox 1054 4221 1349 4276; x_wconf 75' lang='lat' dir='ltr'><strong><em>Barnabas.</em></strong></span> 
     </span>
    </p>
   </div>
   <div class='ocr_carea' id='block_1_76' title="bbox 559 4308 2140 4387">
    <p class='ocr_par' dir='ltr' id='par_1_76' title="bbox 559 4308 2140 4387">
     <span class='ocr_line' id='line_1_76' title="bbox 559 4308 2140 4387; baseline 0.005 -28"><span class='ocrx_word' id='word_1_513' title='bbox 559 4328 586 4353; x_wconf 83' lang='lat'><strong>«</strong></span> <span class='ocrx_word' id='word_1_514' title='bbox 621 4308 679 4360; x_wconf 91' lang='lat' dir='ltr'><strong><em>In</em></strong></span> <span class='ocrx_word' id='word_1_515' title='bbox 713 4324 781 4361; x_wconf 88' lang='lat' dir='ltr'><strong><em>ea</em></strong></span> <span class='ocrx_word' id='word_1_516' title='bbox 812 4308 987 4376; x_wconf 88' lang='lat' dir='ltr'><strong><em>enim,</em></strong></span> <span class='ocrx_word' id='word_1_517' title='bbox 1019 4326 1195 4381; x_wconf 86' lang='lat' dir='ltr'><strong><em>quam</em></strong></span> <span class='ocrx_word' id='word_1_518' title='bbox 1226 4328 1381 4366; x_wconf 89' lang='lat' dir='ltr'><strong><em>nunc</em></strong></span> <span class='ocrx_word' id='word_1_519' title='bbox 1412 4313 1648 4378; x_wconf 88' lang='lat' dir='ltr'><strong><em>damus,</em></strong></span> <span class='ocrx_word' id='word_1_520' title='bbox 1677 4313 1835 4369; x_wconf 89' lang='lat' dir='ltr'><strong><em>illius</em></strong></span> <span class='ocrx_word' id='word_1_521' title='bbox 1868 4315 2140 4387; x_wconf 65' lang='lat' dir='ltr'><strong><em>Epistola.</em></strong></span> 
     </span>
    </p>
   </div>
   <div class='ocr_carea' id='block_1_77' title="bbox 489 4394 2141 4469">
    <p class='ocr_par' dir='ltr' id='par_1_77' title="bbox 489 4394 2141 4469">
     <span class='ocr_line' id='line_1_77' title="bbox 489 4394 2141 4469; baseline 0.005 -21"><span class='ocrx_word' id='word_1_522' title='bbox 489 4394 777 4450; x_wconf 78' lang='lat' dir='ltr'><strong><em>sententia</em></strong></span> <span class='ocrx_word' id='word_1_523' title='bbox 808 4395 928 4451; x_wconf 64' lang='lat' dir='ltr'><strong><em>haec</em></strong></span> <span class='ocrx_word' id='word_1_524' title='bbox 969 4403 1195 4469; x_wconf 90' lang='lat' dir='ltr'><strong><em>reperta</em></strong></span> <span class='ocrx_word' id='word_1_525' title='bbox 1221 4406 1309 4455; x_wconf 88' lang='lat' dir='ltr'><strong><em>est</em></strong></span> <span class='ocrx_word' id='word_1_526' title='bbox 1354 4399 1531 4461; x_wconf 68' lang='grc' dir='ltr'>εΤοὺς</span> <span class='ocrx_word' id='word_1_527' title='bbox 1583 4398 1750 4455; x_wconf 76' lang='grc' dir='ltr'>ἰδίους</span> <span class='ocrx_word' id='word_1_528' title='bbox 1804 4401 2141 4465; x_wconf 79' lang='grc' dir='ltr'><strong><em>ἀποστόλους</em></strong></span> 
     </span>
    </p>
   </div>
   <div class='ocr_carea' id='block_1_78' title="bbox 484 4480 2140 4565">
    <p class='ocr_par' dir='ltr' id='par_1_78' title="bbox 484 4480 2140 4565">
     <span class='ocr_line' id='line_1_78' title="bbox 484 4480 2140 4565; baseline 0.007 -32"><span class='ocrx_word' id='word_1_529' title='bbox 484 4480 614 4543; x_wconf 81' lang='grc' dir='ltr'>τοὺς</span> <span class='ocrx_word' id='word_1_530' title='bbox 670 4482 972 4555; x_wconf 74' lang='grc' dir='ltr'>μέλλοντας</span> <span class='ocrx_word' id='word_1_531' title='bbox 1019 4486 1301 4561; x_wconf 71' lang='grc' dir='ltr'>κηρύσσειν</span> <span class='ocrx_word' id='word_1_532' title='bbox 1354 4488 1415 4541; x_wconf 87' lang='grc' dir='ltr'>τὸ</span> <span class='ocrx_word' id='word_1_533' title='bbox 1453 4488 1778 4565; x_wconf 78' lang='grc' dir='ltr'>Εὐαγγὲλιον</span> <span class='ocrx_word' id='word_1_534' title='bbox 1808 4489 1991 4560; x_wconf 73' lang='grc' dir='ltr'>αὐτοῦ,</span> <span class='ocrx_word' id='word_1_535' title='bbox 2035 4490 2140 4563; x_wconf 79' lang='grc' dir='ltr'>ἐξε-</span> 
     </span>
    </p>
   </div>
   <div class='ocr_carea' id='block_1_79' title="bbox 498 4567 2138 4654">
    <p class='ocr_par' dir='ltr' id='par_1_79' title="bbox 498 4567 2138 4654">
     <span class='ocr_line' id='line_1_79' title="bbox 498 4567 2138 4654; baseline 0.006 -31"><span class='ocrx_word' id='word_1_536' title='bbox 498 4567 686 4639; x_wconf 70' lang='grc' dir='ltr'>λέξατο</span> <span class='ocrx_word' id='word_1_537' title='bbox 749 4567 904 4635; x_wconf 74' lang='grc' dir='ltr'>ὄντας</span> <span class='ocrx_word' id='word_1_538' title='bbox 985 4574 1115 4650; x_wconf 75' lang='grc' dir='ltr'>ὑπὲρ</span> <span class='ocrx_word' id='word_1_539' title='bbox 1193 4582 1361 4630; x_wconf 80' lang='grc' dir='ltr'>πᾶσαν</span> <span class='ocrx_word' id='word_1_540' title='bbox 1415 4577 1679 4653; x_wconf 73' lang='grc' dir='ltr'><strong><em>ἁμαρτίαν</em></strong></span> <span class='ocrx_word' id='word_1_541' title='bbox 1739 4578 2138 4654; x_wconf 74' lang='grc' dir='ltr'>ἀνομωτέρονςο</span> 
     </span>
    </p>
   </div>
   <div class='ocr_carea' id='block_1_80' title="bbox 487 4662 2218 4737">
    <p class='ocr_par' dir='ltr' id='par_1_80' title="bbox 487 4662 2218 4737">
     <span class='ocr_line' id='line_1_80' title="bbox 487 4662 2218 4737; baseline 0.006 -22"><span class='ocrx_word' id='word_1_542' title='bbox 487 4662 671 4726; x_wconf 87' lang='lat' dir='ltr'><strong><em>Quam</em></strong></span> <span class='ocrx_word' id='word_1_543' title='bbox 687 4667 741 4717; x_wconf 85' lang='lat' dir='ltr'><strong><em>et</em></strong></span> <span class='ocrx_word' id='word_1_544' title='bbox 762 4667 895 4717; x_wconf 87' lang='lat' dir='ltr'><strong><em>ante</em></strong></span> <span class='ocrx_word' id='word_1_545' title='bbox 914 4663 1239 4737; x_wconf 83' lang='lat' dir='ltr'><strong><em>Hieronymi</em></strong></span> <span class='ocrx_word' id='word_1_546' title='bbox 1258 4670 1516 4737; x_wconf 90' lang='lat' dir='ltr'><strong><em>tempora</em></strong></span> <span class='ocrx_word' id='word_1_547' title='bbox 1534 4668 1590 4721; x_wconf 92' lang='lat' dir='ltr'><strong><em>in</em></strong></span> <span class='ocrx_word' id='word_1_548' title='bbox 1607 4668 1808 4722; x_wconf 89' lang='lat' dir='ltr'><strong><em>eadem</em></strong></span> <span class='ocrx_word' id='word_1_549' title='bbox 1827 4669 2139 4725; x_wconf 65' lang='lat' dir='ltr'><strong><em>exstitisse’</em></strong></span> <span class='ocrx_word' id='word_1_550' title='bbox 2174 4672 2218 4737; x_wconf 90' lang='lat' dir='ltr'><strong>D</strong></span> 
     </span>
    </p>
   </div>
   <div class='ocr_carea' id='block_1_81' title="bbox 487 4750 2136 4831">
    <p class='ocr_par' dir='ltr' id='par_1_81' title="bbox 487 4750 2136 4831">
     <span class='ocr_line' id='line_1_81' title="bbox 487 4750 2136 4831; baseline 0.004 -26"><span class='ocrx_word' id='word_1_551' title='bbox 487 4752 666 4807; x_wconf 88' lang='lat' dir='ltr'><strong><em>verba</em></strong></span> <span class='ocrx_word' id='word_1_552' title='bbox 698 4750 795 4807; x_wconf 87' lang='lat' dir='ltr'><strong><em>illa</em></strong></span> <span class='ocrx_word' id='word_1_553' title='bbox 828 4753 1079 4823; x_wconf 82' lang='lat' dir='ltr'><strong><em>Originis</em></strong></span> <span class='ocrx_word' id='word_1_554' title='bbox 1109 4755 1129 4787; x_wconf 73' lang='grc'><strong>⁵</strong></span> <span class='ocrx_word' id='word_1_555' title='bbox 1161 4754 1333 4810; x_wconf 86' lang='lat' dir='ltr'><strong><em>fidem</em></strong></span> <span class='ocrx_word' id='word_1_556' title='bbox 1367 4754 1623 4813; x_wconf 87' lang='lat' dir='ltr'><strong><em>faciunt:</em></strong></span> <span class='ocrx_word' id='word_1_557' title='bbox 1657 4780 1683 4805; x_wconf 92' lang='grc'><em>‹‹</em></span> <span class='ocrx_word' id='word_1_558' title='bbox 1724 4756 2021 4831; x_wconf 71' lang='grc' dir='ltr'><strong><em>Γέγραπται</em></strong></span> <span class='ocrx_word' id='word_1_559' title='bbox 2080 4754 2136 4811; x_wconf 75' lang='grc' dir='ltr'><strong><em>δὲ</em></strong></span> 
     </span>
    </p>
   </div>
   <div class='ocr_carea' id='block_1_82' title="bbox 489 4835 2133 4917">
    <p class='ocr_par' dir='ltr' id='par_1_82' title="bbox 489 4835 2133 4917">
     <span class='ocr_line' id='line_1_82' title="bbox 489 4835 2133 4917; baseline 0.004 -24"><span class='ocrx_word' id='word_1_560' title='bbox 489 4838 540 4893; x_wconf 82' lang='grc' dir='ltr'><strong><em>ἐν</em></strong></span> <span class='ocrx_word' id='word_1_561' title='bbox 572 4844 639 4913; x_wconf 78' lang='grc' dir='ltr'>τῇ</span> <span class='ocrx_word' id='word_1_562' title='bbox 674 4835 915 4913; x_wconf 74' lang='grc' dir='ltr'>Βαρνάϐα</span> <span class='ocrx_word' id='word_1_563' title='bbox 949 4842 1223 4915; x_wconf 76' lang='grc' dir='ltr'>Καθολικῇ</span> <span class='ocrx_word' id='word_1_564' title='bbox 1257 4841 1517 4917; x_wconf 78' lang='grc' dir='ltr'>ἐπιστολῇ</span> <span class='ocrx_word' id='word_1_565' title='bbox 1548 4843 1688 4916; x_wconf 73' lang='grc' dir='ltr'>(ὅθεν</span> <span class='ocrx_word' id='word_1_566' title='bbox 1724 4846 1750 4897; x_wconf 79' lang='grc' dir='ltr'>ὁ</span> <span class='ocrx_word' id='word_1_567' title='bbox 1784 4843 1983 4906; x_wconf 70' lang='grc' dir='ltr'>Κέλσος</span> <span class='ocrx_word' id='word_1_568' title='bbox 2036 4844 2133 4901; x_wconf 83' lang='grc' dir='ltr'>λα-</span> 
     </span>
    </p>
   </div>
   <div class='ocr_carea' id='block_1_83' title="bbox 488 4923 2133 5007">
    <p class='ocr_par' dir='ltr' id='par_1_83' title="bbox 488 4923 2133 5007">
     <span class='ocr_line' id='line_1_83' title="bbox 488 4923 2133 5007; baseline 0.005 -25"><span class='ocrx_word' id='word_1_569' title='bbox 488 4923 598 4983; x_wconf 70' lang='grc' dir='ltr'><strong><em>ϐὼν</em></strong></span> <span class='ocrx_word' id='word_1_570' title='bbox 652 4929 794 5006; x_wconf 84' lang='grc' dir='ltr'>τάχα</span> <span class='ocrx_word' id='word_1_571' title='bbox 852 4930 1018 4999; x_wconf 74' lang='grc' dir='ltr'>εἶπεν,</span> <span class='ocrx_word' id='word_1_572' title='bbox 1054 4931 1179 4986; x_wconf 79' lang='grc' dir='ltr'>εἶναι</span> <span class='ocrx_word' id='word_1_573' title='bbox 1242 4930 1567 5007; x_wconf 74' lang='grc' dir='ltr'>ἐπιρῥήτους</span> <span class='ocrx_word' id='word_1_574' title='bbox 1594 4934 1683 4987; x_wconf 79' lang='grc' dir='ltr'><strong><em>καὶ</em></strong></span> <span class='ocrx_word' id='word_1_575' title='bbox 1732 4934 2133 5006; x_wconf 76' lang='grc' dir='ltr'>πονηροτάτους</span> 
     </span>
    </p>
   </div>
   <div class='ocr_carea' id='block_1_84' title="bbox 485 5017 2138 5092">
    <p class='ocr_par' dir='ltr' id='par_1_84' title="bbox 485 5017 2138 5092">
     <span class='ocr_line' id='line_1_84' title="bbox 485 5017 2138 5092; baseline 0.004 -21"><span class='ocrx_word' id='word_1_576' title='bbox 485 5017 614 5079; x_wconf 73' lang='grc' dir='ltr'>τοὺς</span> <span class='ocrx_word' id='word_1_577' title='bbox 646 5017 1031 5092; x_wconf 75' lang='grc' dir='ltr'>ἀποστόλους),</span> <span class='ocrx_word' id='word_1_578' title='bbox 1063 5019 1143 5073; x_wconf 81' lang='grc' dir='ltr'>ὅτι</span> <span class='ocrx_word' id='word_1_579' title='bbox 1195 5018 1465 5090; x_wconf 78' lang='grc' dir='ltr'>ἐξελέξατο</span> <span class='ocrx_word' id='word_1_580' title='bbox 1520 5020 1643 5082; x_wconf 77' lang='grc' dir='ltr'>τοὺς</span> <span class='ocrx_word' id='word_1_581' title='bbox 1688 5019 1853 5083; x_wconf 74' lang='grc' dir='ltr'>ἰδίους</span> <span class='ocrx_word' id='word_1_582' title='bbox 1908 5023 2138 5078; x_wconf 83' lang='grc' dir='ltr'>ἀποστό-</span> 
     </span>
    </p>
   </div>
   <div class='ocr_carea' id='block_1_85' title="bbox 490 5104 2137 5185">
    <p class='ocr_par' dir='ltr' id='par_1_85' title="bbox 490 5104 2137 5185">
     <span class='ocr_line' id='line_1_85' title="bbox 490 5104 2137 5185; baseline 0.004 -25"><span class='ocrx_word' id='word_1_583' title='bbox 490 5105 621 5168; x_wconf 80' lang='grc' dir='ltr'>λους</span> <span class='ocrx_word' id='word_1_584' title='bbox 682 5108 891 5177; x_wconf 72' lang='grc' dir='ltr'>Ἰησοῦς</span> <span class='ocrx_word' id='word_1_585' title='bbox 951 5104 1104 5170; x_wconf 80' lang='grc' dir='ltr'>ὄντας</span> <span class='ocrx_word' id='word_1_586' title='bbox 1163 5108 1293 5184; x_wconf 75' lang='grc' dir='ltr'>ὑπὲρ</span> <span class='ocrx_word' id='word_1_587' title='bbox 1349 5116 1518 5163; x_wconf 81' lang='grc' dir='ltr'>πᾶσαν</span> <span class='ocrx_word' id='word_1_588' title='bbox 1575 5109 1800 5183; x_wconf 81' lang='grc' dir='ltr'>ἀνομίαν</span> <span class='ocrx_word' id='word_1_589' title='bbox 1861 5112 2137 5185; x_wconf 82' lang='grc' dir='ltr'>ἀνομωτὲ-</span> 
     </span>
    </p>
   </div>
   <div class='ocr_carea' id='block_1_86' title="bbox 492 5198 2136 5275">
    <p class='ocr_par' dir='ltr' id='par_1_86' title="bbox 492 5198 2136 5275">
     <span class='ocr_line' id='line_1_86' title="bbox 492 5198 2136 5275; baseline 0.006 -27"><span class='ocrx_word' id='word_1_590' title='bbox 492 5215 639 5270; x_wconf 82' lang='grc' dir='ltr'>ρους.</span> <span class='ocrx_word' id='word_1_591' title='bbox 666 5220 694 5247; x_wconf 92' lang='grc'><strong>››</strong></span> <span class='ocrx_word' id='word_1_592' title='bbox 728 5198 1001 5270; x_wconf 84' lang='lat' dir='ltr'><strong><em>Scriptum</em></strong></span> <span class='ocrx_word' id='word_1_593' title='bbox 1030 5202 1107 5253; x_wconf 88' lang='lat' dir='ltr'><strong><em>est</em></strong></span> <span class='ocrx_word' id='word_1_594' title='bbox 1135 5216 1267 5253; x_wconf 89' lang='lat' dir='ltr'><strong><em>sane</em></strong></span> <span class='ocrx_word' id='word_1_595' title='bbox 1314 5201 1373 5253; x_wconf 88' lang='lat' dir='ltr'><strong><em>in</em></strong></span> <span class='ocrx_word' id='word_1_596' title='bbox 1403 5200 1672 5256; x_wconf 68' lang='lat' dir='ltr'><strong><em>Barnabas</em></strong></span> <span class='ocrx_word' id='word_1_597' title='bbox 1720 5201 1995 5257; x_wconf 79' lang='lat' dir='ltr'><strong><em>Catholica</em></strong></span> <span class='ocrx_word' id='word_1_598' title='bbox 2023 5203 2136 5275; x_wconf 88' lang='lat' dir='ltr'><strong><em>epi-</em></strong></span> 
     </span>
    </p>
   </div>
   <div class='ocr_carea' id='block_1_87' title="bbox 489 5286 2140 5365">
    <p class='ocr_par' dir='ltr' id='par_1_87' title="bbox 489 5286 2140 5365">
     <span class='ocr_line' id='line_1_87' title="bbox 489 5286 2140 5365; baseline 0.006 -26"><span class='ocrx_word' id='word_1_599' title='bbox 489 5287 637 5342; x_wconf 86' lang='lat' dir='ltr'><strong><em>stola</em></strong></span> <span class='ocrx_word' id='word_1_600' title='bbox 667 5286 832 5357; x_wconf 85' lang='lat' dir='ltr'><strong><em>(unde</em></strong></span> <span class='ocrx_word' id='word_1_601' title='bbox 870 5290 1101 5358; x_wconf 80' lang='lat' dir='ltr'><strong><em>fortasse</em></strong></span> <span class='ocrx_word' id='word_1_602' title='bbox 1153 5287 1341 5344; x_wconf 84' lang='lat' dir='ltr'><strong><em>Celsus</em></strong></span> <span class='ocrx_word' id='word_1_603' title='bbox 1392 5291 1727 5346; x_wconf 85' lang='lat' dir='ltr'><strong><em>occasionem</em></strong></span> <span class='ocrx_word' id='word_1_604' title='bbox 1772 5294 2032 5365; x_wconf 80' lang='lat' dir='ltr'><strong><em>arripuit,</em></strong></span> <span class='ocrx_word' id='word_1_605' title='bbox 2081 5298 2140 5349; x_wconf 86' lang='lat' dir='ltr'><strong><em>ut</em></strong></span> 
     </span>
    </p>
   </div>
   <div class='ocr_carea' id='block_1_88' title="bbox 490 5376 2138 5453">
    <p class='ocr_par' dir='ltr' id='par_1_88' title="bbox 490 5376 2138 5453">
     <span class='ocr_line' id='line_1_88' title="bbox 490 5376 2138 5453; baseline 0.007 -26"><span class='ocrx_word' id='word_1_606' title='bbox 490 5376 759 5445; x_wconf 85' lang='lat' dir='ltr'><strong><em>apostolos</em></strong></span> <span class='ocrx_word' id='word_1_607' title='bbox 788 5378 1021 5446; x_wconf 82' lang='lat' dir='ltr'><strong><em>infames</em></strong></span> <span class='ocrx_word' id='word_1_608' title='bbox 1053 5385 1104 5432; x_wconf 90' lang='lat' dir='ltr'><strong><em>et</em></strong></span> <span class='ocrx_word' id='word_1_609' title='bbox 1132 5380 1490 5448; x_wconf 84' lang='lat' dir='ltr'><strong><em>nequissimos</em></strong></span> <span class='ocrx_word' id='word_1_610' title='bbox 1536 5379 1781 5453; x_wconf 86' lang='lat' dir='ltr'><strong><em>diceret),</em></strong></span> <span class='ocrx_word' id='word_1_611' title='bbox 1832 5382 1971 5452; x_wconf 88' lang='lat' dir='ltr'><strong><em>quod</em></strong></span> <span class='ocrx_word' id='word_1_612' title='bbox 2009 5398 2138 5453; x_wconf 89' lang='lat' dir='ltr'><strong><em>apo-</em></strong></span> 
     </span>
    </p>
   </div>
   <div class='ocr_carea' id='block_1_89' title="bbox 2245 3419 3899 3494">
    <p class='ocr_par' dir='ltr' id='par_1_89' title="bbox 2245 3419 3899 3494">
     <span class='ocr_line' id='line_1_89' title="bbox 2245 3419 3899 3494; baseline -0.002 -16"><span class='ocrx_word' id='word_1_613' title='bbox 2245 3424 2509 3479; x_wconf 88' lang='lat' dir='ltr'><strong><em>versione</em></strong></span> <span class='ocrx_word' id='word_1_614' title='bbox 2542 3424 2742 3478; x_wconf 86' lang='lat' dir='ltr'><strong><em>Latina</em></strong></span> <span class='ocrx_word' id='word_1_615' title='bbox 2771 3423 3124 3494; x_wconf 88' lang='lat' dir='ltr'><strong><em>suppletum,</em></strong></span> <span class='ocrx_word' id='word_1_616' title='bbox 3174 3419 3548 3476; x_wconf 86' lang='lat' dir='ltr'><strong><em>exhibuimus</em></strong></span> <span class='ocrx_word' id='word_1_617' title='bbox 3575 3436 3587 3475; x_wconf 95' lang='lat'>:</span> <span class='ocrx_word' id='word_1_618' title='bbox 3630 3420 3714 3475; x_wconf 89' lang='lat' dir='ltr'><strong><em>ita</em></strong></span> <span class='ocrx_word' id='word_1_619' title='bbox 3741 3425 3799 3475; x_wconf 90' lang='lat' dir='ltr'><strong><em>et</em></strong></span> <span class='ocrx_word' id='word_1_620' title='bbox 3827 3420 3899 3475; x_wconf 87' lang='lat' dir='ltr'><strong><em>ad</em></strong></span> 
     </span>
    </p>
   </div>
   <div class='ocr_carea' id='block_1_90' title="bbox 2248 3508 3896 3584">
    <p class='ocr_par' dir='ltr' id='par_1_90' title="bbox 2248 3508 3896 3584">
     <span class='ocr_line' id='line_1_90' title="bbox 2248 3508 3896 3584; baseline -0.002 -16"><span class='ocrx_word' id='word_1_621' title='bbox 2248 3514 2375 3584; x_wconf 88' lang='lat' dir='ltr'><strong><em>ejus</em></strong></span> <span class='ocrx_word' id='word_1_622' title='bbox 2406 3513 2582 3568; x_wconf 85' lang='lat' dir='ltr'><strong><em>finem</em></strong></span> <span class='ocrx_word' id='word_1_623' title='bbox 2613 3512 2958 3579; x_wconf 88' lang='lat' dir='ltr'><strong><em>Barnabam,</em></strong></span> <span class='ocrx_word' id='word_1_624' title='bbox 2991 3510 3183 3582; x_wconf 90' lang='lat' dir='ltr'><strong><em>priore</em></strong></span> <span class='ocrx_word' id='word_1_625' title='bbox 3226 3510 3318 3565; x_wconf 90' lang='lat' dir='ltr'><strong><em>sui</em></strong></span> <span class='ocrx_word' id='word_1_626' title='bbox 3350 3513 3511 3581; x_wconf 89' lang='lat' dir='ltr'><strong><em>parte</em></strong></span> <span class='ocrx_word' id='word_1_627' title='bbox 3553 3524 3622 3563; x_wconf 83' lang='lat' dir='ltr'><strong><em>ex</em></strong></span> <span class='ocrx_word' id='word_1_628' title='bbox 3651 3508 3770 3565; x_wconf 80' lang='lat' dir='ltr'><strong><em>alia</em></strong></span> <span class='ocrx_word' id='word_1_629' title='bbox 3799 3525 3896 3564; x_wconf 88' lang='lat' dir='ltr'><strong><em>ve-</em></strong></span> 
     </span>
    </p>
   </div>
   <div class='ocr_carea' id='block_1_91' title="bbox 2248 3598 3895 3673">
    <p class='ocr_par' dir='ltr' id='par_1_91' title="bbox 2248 3598 3895 3673">
     <span class='ocr_line' id='line_1_91' title="bbox 2248 3598 3895 3673; baseline -0.004 -14"><span class='ocrx_word' id='word_1_630' title='bbox 2248 3608 2368 3659; x_wconf 90' lang='lat' dir='ltr'><strong><em>tere</em></strong></span> <span class='ocrx_word' id='word_1_631' title='bbox 2408 3601 2885 3673; x_wconf 89' lang='lat' dir='ltr'><strong><em>interpretatione</em></strong></span> <span class='ocrx_word' id='word_1_632' title='bbox 2934 3600 3203 3656; x_wconf 88' lang='lat' dir='ltr'><strong><em>similiter</em></strong></span> <span class='ocrx_word' id='word_1_633' title='bbox 3248 3598 3715 3671; x_wconf 87' lang='lat' dir='ltr'><strong><em>redintegratum</em></strong></span> <span class='ocrx_word' id='word_1_634' title='bbox 3757 3598 3895 3668; x_wconf 89' lang='lat' dir='ltr'><strong><em>(non</em></strong></span> 
     </span>
    </p>
   </div>
   <div class='ocr_carea' id='block_1_92' title="bbox 2248 3688 3899 3759">
    <p class='ocr_par' dir='ltr' id='par_1_92' title="bbox 2248 3688 3899 3759">
     <span class='ocr_line' id='line_1_92' title="bbox 2248 3688 3899 3759; baseline -0.002 -12"><span class='ocrx_word' id='word_1_635' title='bbox 2248 3692 2375 3747; x_wconf 89' lang='lat' dir='ltr'><strong><em>sine</em></strong></span> <span class='ocrx_word' id='word_1_636' title='bbox 2423 3690 2835 3746; x_wconf 88' lang='lat' dir='ltr'><strong><em>humanissimi</em></strong></span> <span class='ocrx_word' id='word_1_637' title='bbox 2882 3688 3076 3745; x_wconf 88' lang='lat' dir='ltr'><strong><em>Vossii</em></strong></span> <span class='ocrx_word' id='word_1_638' title='bbox 3122 3688 3432 3757; x_wconf 86' lang='lat' dir='ltr'><strong><em>consensu)</em></strong></span> <span class='ocrx_word' id='word_1_639' title='bbox 3483 3693 3899 3759; x_wconf 69' lang='lat' dir='ltr'><strong><em>repraesentare</em></strong></span> 
     </span>
    </p>
   </div>
   <div class='ocr_carea' id='block_1_93' title="bbox 2249 3775 3898 3850">
    <p class='ocr_par' dir='ltr' id='par_1_93' title="bbox 2249 3775 3898 3850">
     <span class='ocr_line' id='line_1_93' title="bbox 2249 3775 3898 3850; baseline -0.002 -14"><span class='ocrx_word' id='word_1_640' title='bbox 2249 3781 2439 3837; x_wconf 90' lang='lat' dir='ltr'><strong><em>visum</em></strong></span> <span class='ocrx_word' id='word_1_641' title='bbox 2471 3780 2599 3834; x_wconf 91' lang='lat' dir='ltr'><strong><em>fuit.</em></strong></span> <span class='ocrx_word' id='word_1_642' title='bbox 2636 3780 2714 3834; x_wconf 79' lang='lat' dir='ltr'><strong><em>Ex</em></strong></span> <span class='ocrx_word' id='word_1_643' title='bbox 2761 3780 2930 3850; x_wconf 88' lang='lat' dir='ltr'><strong><em>cujus</em></strong></span> <span class='ocrx_word' id='word_1_644' title='bbox 2981 3777 3286 3849; x_wconf 90' lang='lat' dir='ltr'><strong><em>utriusque</em></strong></span> <span class='ocrx_word' id='word_1_645' title='bbox 3334 3775 3643 3831; x_wconf 89' lang='lat' dir='ltr'><strong><em>collatione</em></strong></span> <span class='ocrx_word' id='word_1_646' title='bbox 3689 3782 3898 3832; x_wconf 89' lang='lat' dir='ltr'><strong><em>mutua</em></strong></span> 
     </span>
    </p>
   </div>
   <div class='ocr_carea' id='block_1_94' title="bbox 2248 3864 3901 3941">
    <p class='ocr_par' dir='ltr' id='par_1_94' title="bbox 2248 3864 3901 3941">
     <span class='ocr_line' id='line_1_94' title="bbox 2248 3864 3901 3941; baseline -0.002 -16"><span class='ocrx_word' id='word_1_647' title='bbox 2248 3874 2337 3925; x_wconf 83' lang='lat' dir='ltr'><strong><em>est</em></strong></span> <span class='ocrx_word' id='word_1_648' title='bbox 2364 3869 2813 3941; x_wconf 90' lang='lat' dir='ltr'><strong><em>deprehensum,</em></strong></span> <span class='ocrx_word' id='word_1_649' title='bbox 2837 3885 2948 3923; x_wconf 90' lang='lat' dir='ltr'><strong><em>non</em></strong></span> <span class='ocrx_word' id='word_1_650' title='bbox 2971 3867 3161 3923; x_wconf 90' lang='lat' dir='ltr'><strong><em>solum</em></strong></span> <span class='ocrx_word' id='word_1_651' title='bbox 3192 3866 3442 3938; x_wconf 89' lang='lat' dir='ltr'><strong><em>primam</em></strong></span> <span class='ocrx_word' id='word_1_652' title='bbox 3467 3864 3745 3937; x_wconf 66' lang='lat' dir='ltr'><strong><em>Epistolas</em></strong></span> <span class='ocrx_word' id='word_1_653' title='bbox 3774 3883 3901 3938; x_wconf 85' lang='lat' dir='ltr'><strong><em>par-</em></strong></span> 
     </span>
    </p>
   </div>
   <div class='ocr_carea' id='block_1_95' title="bbox 2250 3956 3898 4029">
    <p class='ocr_par' dir='ltr' id='par_1_95' title="bbox 2250 3956 3898 4029">
     <span class='ocr_line' id='line_1_95' title="bbox 2250 3956 3898 4029; baseline -0.002 -15"><span class='ocrx_word' id='word_1_654' title='bbox 2250 3965 2365 4015; x_wconf 89' lang='lat' dir='ltr'><strong><em>tem</em></strong></span> <span class='ocrx_word' id='word_1_655' title='bbox 2398 3958 2458 4013; x_wconf 91' lang='lat' dir='ltr'><strong><em>in</em></strong></span> <span class='ocrx_word' id='word_1_656' title='bbox 2484 3957 2798 4029; x_wconf 86' lang='lat' dir='ltr'><strong><em>exemplari</em></strong></span> <span class='ocrx_word' id='word_1_657' title='bbox 2828 3958 3027 4013; x_wconf 86' lang='lat' dir='ltr'><strong><em>Latino</em></strong></span> <span class='ocrx_word' id='word_1_658' title='bbox 3060 3956 3242 4012; x_wconf 88' lang='lat' dir='ltr'><strong><em>fuisse</em></strong></span> <span class='ocrx_word' id='word_1_659' title='bbox 3261 3959 3684 4022; x_wconf 83' lang='lat' dir='ltr'><strong><em>conservatam,</em></strong></span> <span class='ocrx_word' id='word_1_660' title='bbox 3719 3971 3898 4026; x_wconf 86' lang='lat' dir='ltr'><strong><em>quam</em></strong></span> 
     </span>
    </p>
   </div>
   <div class='ocr_carea' id='block_1_96' title="bbox 2250 4044 3896 4115">
    <p class='ocr_par' dir='ltr' id='par_1_96' title="bbox 2250 4044 3896 4115">
     <span class='ocr_line' id='line_1_96' title="bbox 2250 4044 3896 4115; baseline -0.002 -13"><span class='ocrx_word' id='word_1_661' title='bbox 2250 4048 2505 4104; x_wconf 87' lang='lat' dir='ltr'><strong><em>defuisse</em></strong></span> <span class='ocrx_word' id='word_1_662' title='bbox 2532 4046 2787 4101; x_wconf 81' lang='lat' dir='ltr'><strong><em>diximus</em></strong></span> <span class='ocrx_word' id='word_1_663' title='bbox 2818 4046 2877 4101; x_wconf 90' lang='lat' dir='ltr'><strong><em>in</em></strong></span> <span class='ocrx_word' id='word_1_664' title='bbox 2918 4046 3112 4101; x_wconf 82' lang='lat' dir='ltr'><strong><em>Graeco</em></strong></span> <span class='ocrx_word' id='word_1_665' title='bbox 3139 4071 3153 4113; x_wconf 86' lang='lat'><strong>;</strong></span> <span class='ocrx_word' id='word_1_666' title='bbox 3184 4045 3286 4100; x_wconf 90' lang='lat' dir='ltr'><strong><em>sed</em></strong></span> <span class='ocrx_word' id='word_1_667' title='bbox 3312 4044 3489 4100; x_wconf 89' lang='lat' dir='ltr'><strong><em>etiam</em></strong></span> <span class='ocrx_word' id='word_1_668' title='bbox 3538 4048 3896 4115; x_wconf 87' lang='lat' dir='ltr'><strong><em>postremam</em></strong></span> 
     </span>
    </p>
   </div>
   <div class='ocr_carea' id='block_1_97' title="bbox 2248 4134 3900 4205">
    <p class='ocr_par' dir='ltr' id='par_1_97' title="bbox 2248 4134 3900 4205">
     <span class='ocr_line' id='line_1_97' title="bbox 2248 4134 3900 4205; baseline -0.002 -13"><span class='ocrx_word' id='word_1_669' title='bbox 2248 4138 2371 4193; x_wconf 88' lang='lat' dir='ltr'><strong><em>vice</em></strong></span> <span class='ocrx_word' id='word_1_670' title='bbox 2394 4154 2561 4193; x_wconf 87' lang='lat' dir='ltr'><strong><em>versa</em></strong></span> <span class='ocrx_word' id='word_1_671' title='bbox 2593 4141 2875 4193; x_wconf 88' lang='lat' dir='ltr'><strong><em>retentam</em></strong></span> <span class='ocrx_word' id='word_1_672' title='bbox 2921 4136 3100 4192; x_wconf 80' lang='lat' dir='ltr'><strong><em>fuisse</em></strong></span> <span class='ocrx_word' id='word_1_673' title='bbox 3127 4135 3186 4190; x_wconf 90' lang='lat' dir='ltr'><strong><em>in</em></strong></span> <span class='ocrx_word' id='word_1_674' title='bbox 3226 4134 3444 4200; x_wconf 66' lang='lat' dir='ltr'><strong><em>Graeco,</em></strong></span> <span class='ocrx_word' id='word_1_675' title='bbox 3474 4149 3605 4205; x_wconf 66' lang='lat' dir='ltr'><strong><em>quae</em></strong></span> <span class='ocrx_word' id='word_1_676' title='bbox 3634 4134 3836 4189; x_wconf 86' lang='lat' dir='ltr'><strong><em>aberat</em></strong></span> <span class='ocrx_word' id='word_1_677' title='bbox 3865 4150 3900 4187; x_wconf 79' lang='grc' dir='ltr'>ει</span> 
     </span>
    </p>
   </div>
   <div class='ocr_carea' id='block_1_98' title="bbox 2253 4221 3897 4296">
    <p class='ocr_par' dir='ltr' id='par_1_98' title="bbox 2253 4221 3897 4296">
     <span class='ocr_line' id='line_1_98' title="bbox 2253 4221 3897 4296; baseline -0.002 -15"><span class='ocrx_word' id='word_1_678' title='bbox 2253 4227 2477 4293; x_wconf 90' lang='lat' dir='ltr'><strong><em>Latino,</em></strong></span> <span class='ocrx_word' id='word_1_679' title='bbox 2508 4231 2676 4296; x_wconf 87' lang='lat' dir='ltr'><strong><em>atque</em></strong></span> <span class='ocrx_word' id='word_1_680' title='bbox 2697 4225 2755 4279; x_wconf 92' lang='lat' dir='ltr'><strong><em>in</em></strong></span> <span class='ocrx_word' id='word_1_681' title='bbox 2778 4224 3137 4280; x_wconf 87' lang='lat' dir='ltr'><strong><em>intermediis</em></strong></span> <span class='ocrx_word' id='word_1_682' title='bbox 3157 4227 3454 4295; x_wconf 60' lang='lat' dir='ltr'><strong><em>praterea,</em></strong></span> <span class='ocrx_word' id='word_1_683' title='bbox 3480 4221 3767 4278; x_wconf 83' lang='lat' dir='ltr'><strong><em>nonnulla</em></strong></span> <span class='ocrx_word' id='word_1_684' title='bbox 3796 4222 3897 4277; x_wconf 84' lang='lat' dir='ltr'><strong><em>ba-</em></strong></span> 
     </span>
    </p>
   </div>
   <div class='ocr_carea' id='block_1_99' title="bbox 2252 4311 3899 4386">
    <p class='ocr_par' dir='ltr' id='par_1_99' title="bbox 2252 4311 3899 4386">
     <span class='ocr_line' id='line_1_99' title="bbox 2252 4311 3899 4386; baseline -0.004 -15"><span class='ocrx_word' id='word_1_685' title='bbox 2252 4318 2386 4371; x_wconf 87' lang='lat' dir='ltr'><strong><em>bere</em></strong></span> <span class='ocrx_word' id='word_1_686' title='bbox 2416 4315 2678 4371; x_wconf 78' lang='lat' dir='ltr'><strong><em>Graecum</em></strong></span> <span class='ocrx_word' id='word_1_687' title='bbox 2710 4332 2842 4386; x_wconf 68' lang='lat' dir='ltr'><strong><em>quae</em></strong></span> <span class='ocrx_word' id='word_1_688' title='bbox 2871 4315 3083 4369; x_wconf 89' lang='lat' dir='ltr'><strong><em>desunt</em></strong></span> <span class='ocrx_word' id='word_1_689' title='bbox 3128 4312 3187 4367; x_wconf 90' lang='lat' dir='ltr'><strong><em>in</em></strong></span> <span class='ocrx_word' id='word_1_690' title='bbox 3237 4312 3437 4367; x_wconf 89' lang='lat' dir='ltr'><strong><em>Latino</em></strong></span> <span class='ocrx_word' id='word_1_691' title='bbox 3468 4312 3510 4377; x_wconf 88' lang='lat'><strong><em>&quot;,</em></strong></span> <span class='ocrx_word' id='word_1_692' title='bbox 3541 4315 3600 4367; x_wconf 90' lang='lat' dir='ltr'><strong><em>et</em></strong></span> <span class='ocrx_word' id='word_1_693' title='bbox 3628 4311 3899 4367; x_wconf 85' lang='lat' dir='ltr'><strong><em>Latinum</em></strong></span> 
     </span>
    </p>
   </div>
   <div class='ocr_carea' id='block_1_100' title="bbox 2253 4400 3899 4475">
    <p class='ocr_par' dir='ltr' id='par_1_100' title="bbox 2253 4400 3899 4475">
     <span class='ocr_line' id='line_1_100' title="bbox 2253 4400 3899 4475; baseline -0.003 -16"><span class='ocrx_word' id='word_1_694' title='bbox 2253 4420 2458 4459; x_wconf 89' lang='lat' dir='ltr'><strong><em>rursus</em></strong></span> <span class='ocrx_word' id='word_1_695' title='bbox 2488 4420 2613 4475; x_wconf 81' lang='lat' dir='ltr'><strong><em>quae</em></strong></span> <span class='ocrx_word' id='word_1_696' title='bbox 2637 4420 2749 4457; x_wconf 90' lang='lat' dir='ltr'><strong><em>non</em></strong></span> <span class='ocrx_word' id='word_1_697' title='bbox 2786 4401 3155 4473; x_wconf 89' lang='lat' dir='ltr'><strong><em>reperiuntur</em></strong></span> <span class='ocrx_word' id='word_1_698' title='bbox 3174 4400 3233 4455; x_wconf 92' lang='lat' dir='ltr'><strong><em>in</em></strong></span> <span class='ocrx_word' id='word_1_699' title='bbox 3262 4400 3457 4455; x_wconf 67' lang='lat' dir='ltr'><strong><em>Graeco</em></strong></span> <span class='ocrx_word' id='word_1_700' title='bbox 3487 4401 3694 4470; x_wconf 87' lang='lat' dir='ltr'><strong><em>;cujus</em></strong></span> <span class='ocrx_word' id='word_1_701' title='bbox 3725 4414 3899 4472; x_wconf 83' lang='lat' dir='ltr'><strong><em>gene-</em></strong></span> 
     </span>
    </p>
   </div>
   <div class='ocr_carea' id='block_1_101' title="bbox 2253 4488 3897 4563">
    <p class='ocr_par' dir='ltr' id='par_1_101' title="bbox 2253 4488 3897 4563">
     <span class='ocr_line' id='line_1_101' title="bbox 2253 4488 3897 4563; baseline -0.004 -15"><span class='ocrx_word' id='word_1_702' title='bbox 2253 4494 2335 4549; x_wconf 91' lang='lat' dir='ltr'><strong><em>ris</em></strong></span> <span class='ocrx_word' id='word_1_703' title='bbox 2364 4510 2430 4548; x_wconf 89' lang='lat' dir='ltr'><strong><em>ea</em></strong></span> <span class='ocrx_word' id='word_1_704' title='bbox 2459 4496 2616 4558; x_wconf 87' lang='lat' dir='ltr'><strong><em>sunt,</em></strong></span> <span class='ocrx_word' id='word_1_705' title='bbox 2651 4508 2777 4563; x_wconf 71' lang='lat' dir='ltr'><strong><em>qua:</em></strong></span> <span class='ocrx_word' id='word_1_706' title='bbox 2809 4491 2866 4545; x_wconf 92' lang='lat' dir='ltr'><strong><em>in</em></strong></span> <span class='ocrx_word' id='word_1_707' title='bbox 2916 4495 3163 4561; x_wconf 90' lang='lat' dir='ltr'><strong><em>utroque</em></strong></span> <span class='ocrx_word' id='word_1_708' title='bbox 3192 4493 3459 4544; x_wconf 86' lang='lat' dir='ltr'><strong><em>contextu</em></strong></span> <span class='ocrx_word' id='word_1_709' title='bbox 3504 4488 3676 4543; x_wconf 86' lang='lat' dir='ltr'><strong><em>uncis</em></strong></span> <span class='ocrx_word' id='word_1_710' title='bbox 3713 4488 3897 4543; x_wconf 92' lang='lat' dir='ltr'><strong><em>inclu-</em></strong></span> 
     </span>
    </p>
   </div>
   <div class='ocr_carea' id='block_1_102' title="bbox 2252 4581 2822 4638">
    <p class='ocr_par' dir='ltr' id='par_1_102' title="bbox 2252 4581 2822 4638">
     <span class='ocr_line' id='line_1_102' title="bbox 2252 4581 2822 4638; baseline -0.004 0"><span class='ocrx_word' id='word_1_711' title='bbox 2252 4582 2442 4638; x_wconf 89' lang='lat' dir='ltr'><strong><em>denda</em></strong></span> <span class='ocrx_word' id='word_1_712' title='bbox 2470 4581 2822 4637; x_wconf 90' lang='lat' dir='ltr'><strong><em>curavimus.</em></strong></span> 
     </span>
    </p>
   </div>
   <div class='ocr_carea' id='block_1_103' title="bbox 2326 4666 3899 4741">
    <p class='ocr_par' dir='ltr' id='par_1_103' title="bbox 2326 4666 3899 4741">
     <span class='ocr_line' id='line_1_103' title="bbox 2326 4666 3899 4741; baseline 0 -21"><span class='ocrx_word' id='word_1_713' title='bbox 2326 4692 2353 4720; x_wconf 86' lang='grc'><strong><em>‹‹</em></strong></span> <span class='ocrx_word' id='word_1_714' title='bbox 2384 4672 2465 4726; x_wconf 88' lang='lat' dir='ltr'><strong><em>Ex</em></strong></span> <span class='ocrx_word' id='word_1_715' title='bbox 2493 4669 2721 4725; x_wconf 90' lang='lat' dir='ltr'><strong><em>duobus</em></strong></span> <span class='ocrx_word' id='word_1_716' title='bbox 2753 4674 2944 4724; x_wconf 88' lang='lat' dir='ltr'><strong><em>autem</em></strong></span> <span class='ocrx_word' id='word_1_717' title='bbox 2975 4668 3283 4741; x_wconf 66' lang='lat' dir='ltr'><strong><em>praseipuis</em></strong></span> <span class='ocrx_word' id='word_1_718' title='bbox 3318 4666 3597 4723; x_wconf 89' lang='lat' dir='ltr'><strong><em>membris</em></strong></span> <span class='ocrx_word' id='word_1_719' title='bbox 3626 4670 3751 4722; x_wconf 87' lang='lat' dir='ltr'><strong><em>tota</em></strong></span> <span class='ocrx_word' id='word_1_720' title='bbox 3779 4666 3899 4721; x_wconf 75' lang='lat' dir='ltr'><strong><em>haec</em></strong></span> 
     </span>
    </p>
   </div>
   <div class='ocr_carea' id='block_1_104' title="bbox 2246 4754 3900 4830">
    <p class='ocr_par' dir='ltr' id='par_1_104' title="bbox 2246 4754 3900 4830">
     <span class='ocr_line' id='line_1_104' title="bbox 2246 4754 3900 4830; baseline -0.003 -16"><span class='ocrx_word' id='word_1_721' title='bbox 2246 4764 2475 4815; x_wconf 89' lang='lat' dir='ltr'><strong><em>constat</em></strong></span> <span class='ocrx_word' id='word_1_722' title='bbox 2506 4758 2763 4830; x_wconf 81' lang='lat' dir='ltr'><strong><em>Epistola</em></strong></span> <span class='ocrx_word' id='word_1_723' title='bbox 2790 4775 2802 4812; x_wconf 87' lang='lat'><strong>:</strong></span> <span class='ocrx_word' id='word_1_724' title='bbox 2837 4775 2963 4829; x_wconf 74' lang='lat' dir='ltr'><strong><em>quae</em></strong></span> <span class='ocrx_word' id='word_1_725' title='bbox 2997 4758 3054 4812; x_wconf 91' lang='lat' dir='ltr'><strong><em>in</em></strong></span> <span class='ocrx_word' id='word_1_726' title='bbox 3086 4760 3357 4813; x_wconf 85' lang='lat' dir='ltr'><strong><em>contextu</em></strong></span> <span class='ocrx_word' id='word_1_727' title='bbox 3393 4756 3587 4811; x_wconf 61' lang='lat' dir='ltr'><strong><em>Graeco</em></strong></span> <span class='ocrx_word' id='word_1_728' title='bbox 3610 4754 3723 4810; x_wconf 90' lang='lat' dir='ltr'><strong><em>hac</em></strong></span> <span class='ocrx_word' id='word_1_729' title='bbox 3749 4754 3900 4811; x_wconf 86' lang='lat' dir='ltr'><strong><em>inter</em></strong></span> 
     </span>
    </p>
   </div>
   <div class='ocr_carea' id='block_1_105' title="bbox 2246 4841 3897 4915">
    <p class='ocr_par' dir='ltr' id='par_1_105' title="bbox 2246 4841 3897 4915">
     <span class='ocr_line' id='line_1_105' title="bbox 2246 4841 3897 4915; baseline -0.001 -11"><span class='ocrx_word' id='word_1_730' title='bbox 2246 4866 2307 4904; x_wconf 89' lang='lat' dir='ltr'><strong><em>se</em></strong></span> <span class='ocrx_word' id='word_1_731' title='bbox 2337 4848 2685 4903; x_wconf 88' lang='lat' dir='ltr'><strong><em>transitione</em></strong></span> <span class='ocrx_word' id='word_1_732' title='bbox 2733 4863 2989 4903; x_wconf 88' lang='lat' dir='ltr'><strong><em>connexa</em></strong></span> <span class='ocrx_word' id='word_1_733' title='bbox 3034 4846 3320 4902; x_wconf 88' lang='lat' dir='ltr'><strong><em>videmus.</em></strong></span> <span class='ocrx_word' id='word_1_734' title='bbox 3352 4848 3527 4897; x_wconf 72' lang='grc' dir='ltr'>Ταῦτα</span> <span class='ocrx_word' id='word_1_735' title='bbox 3559 4843 3654 4915; x_wconf 75' lang='grc' dir='ltr'><strong><em>μὲν</em></strong></span> <span class='ocrx_word' id='word_1_736' title='bbox 3699 4841 3897 4903; x_wconf 78' lang='grc' dir='ltr'>οὕτως.</span> 
     </span>
    </p>
   </div>
   <div class='ocr_carea' id='block_1_106' title="bbox 2247 4929 3899 5007">
    <p class='ocr_par' dir='ltr' id='par_1_106' title="bbox 2247 4929 3899 5007">
     <span class='ocr_line' id='line_1_106' title="bbox 2247 4929 3899 5007; baseline -0.004 -15"><span class='ocrx_word' id='word_1_737' title='bbox 2247 4929 2658 5007; x_wconf 78' lang='grc' dir='ltr'>Μεταλάϐωμεν</span> <span class='ocrx_word' id='word_1_738' title='bbox 2735 4932 2793 4987; x_wconf 72' lang='grc' dir='ltr'><strong><em>δὲ</em></strong></span> <span class='ocrx_word' id='word_1_739' title='bbox 2864 4934 2953 4988; x_wconf 83' lang='grc' dir='ltr'>καὶ</span> <span class='ocrx_word' id='word_1_740' title='bbox 3010 4932 3097 4988; x_wconf 84' lang='grc' dir='ltr'><strong><em>ἐπὶ</em></strong></span> <span class='ocrx_word' id='word_1_741' title='bbox 3169 4930 3347 5007; x_wconf 76' lang='grc' dir='ltr'>ὲτέραν</span> <span class='ocrx_word' id='word_1_742' title='bbox 3406 4934 3605 5005; x_wconf 85' lang='grc' dir='ltr'>γνῶσιν</span> <span class='ocrx_word' id='word_1_743' title='bbox 3666 4931 3756 4985; x_wconf 75' lang='grc' dir='ltr'>καὶ</span> <span class='ocrx_word' id='word_1_744' title='bbox 3816 4929 3899 4985; x_wconf 80' lang='grc' dir='ltr'><strong><em>δι-</em></strong></span> 
     </span>
    </p>
   </div>
   <div class='ocr_carea' id='block_1_107' title="bbox 2247 5012 3898 5099">
    <p class='ocr_par' dir='ltr' id='par_1_107' title="bbox 2247 5012 3898 5099">
     <span class='ocr_line' id='line_1_107' title="bbox 2247 5012 3898 5099; baseline -0.004 -21"><span class='ocrx_word' id='word_1_745' title='bbox 2247 5021 2447 5099; x_wconf 71' lang='grc' dir='ltr'>δαχήνο</span> <span class='ocrx_word' id='word_1_746' title='bbox 2509 5025 2609 5080; x_wconf 87' lang='lat' dir='ltr'><strong><em>ubi</em></strong></span> <span class='ocrx_word' id='word_1_747' title='bbox 2668 5040 2770 5096; x_wconf 90' lang='lat' dir='ltr'><strong><em>pro</em></strong></span> <span class='ocrx_word' id='word_1_748' title='bbox 2845 5016 3258 5095; x_wconf 79' lang='grc' dir='ltr'>μεταλάϐωμεν,</span> <span class='ocrx_word' id='word_1_749' title='bbox 3318 5019 3419 5076; x_wconf 83' lang='lat' dir='ltr'><strong><em>alii</em></strong></span> <span class='ocrx_word' id='word_1_750' title='bbox 3480 5012 3898 5091; x_wconf 78' lang='grc' dir='ltr'>μεταϐάλωμεν,</span> 
     </span>
    </p>
   </div>
   <div class='ocr_carea' id='block_1_108' title="bbox 2247 5104 3901 5184">
    <p class='ocr_par' dir='ltr' id='par_1_108' title="bbox 2247 5104 3901 5184">
     <span class='ocr_line' id='line_1_108' title="bbox 2247 5104 3901 5184; baseline -0.004 -15"><span class='ocrx_word' id='word_1_751' title='bbox 2247 5114 2531 5170; x_wconf 88' lang='lat' dir='ltr'><strong><em>Patricius</em></strong></span> <span class='ocrx_word' id='word_1_752' title='bbox 2559 5114 2777 5170; x_wconf 87' lang='lat' dir='ltr'><strong><em>Junius</em></strong></span> <span class='ocrx_word' id='word_1_753' title='bbox 2808 5117 3005 5168; x_wconf 89' lang='lat' dir='ltr'><strong><em>noster</em></strong></span> <span class='ocrx_word' id='word_1_754' title='bbox 3045 5104 3363 5184; x_wconf 80' lang='grc' dir='ltr'>μεταϐῶμεν</span> <span class='ocrx_word' id='word_1_755' title='bbox 3410 5108 3726 5182; x_wconf 87' lang='lat' dir='ltr'><strong><em>legendum</em></strong></span> <span class='ocrx_word' id='word_1_756' title='bbox 3758 5125 3901 5164; x_wconf 85' lang='lat' dir='ltr'><strong><em>con-</em></strong></span> 
     </span>
    </p>
   </div>
   <div class='ocr_carea' id='block_1_109' title="bbox 2246 5196 3904 5276">
    <p class='ocr_par' dir='ltr' id='par_1_109' title="bbox 2246 5196 3904 5276">
     <span class='ocr_line' id='line_1_109' title="bbox 2246 5196 3904 5276; baseline -0.002 -19"><span class='ocrx_word' id='word_1_757' title='bbox 2246 5203 2389 5275; x_wconf 85' lang='lat' dir='ltr'><strong><em>jicit.</em></strong></span> <span class='ocrx_word' id='word_1_758' title='bbox 2430 5204 2490 5258; x_wconf 92' lang='lat' dir='ltr'><strong><em>In</em></strong></span> <span class='ocrx_word' id='word_1_759' title='bbox 2522 5203 2714 5276; x_wconf 92' lang='lat' dir='ltr'><strong><em>priore</em></strong></span> <span class='ocrx_word' id='word_1_760' title='bbox 2731 5206 2926 5258; x_wconf 90' lang='lat' dir='ltr'><strong><em>autem</em></strong></span> <span class='ocrx_word' id='word_1_761' title='bbox 2946 5204 3110 5274; x_wconf 89' lang='lat' dir='ltr'><strong><em>parte</em></strong></span> <span class='ocrx_word' id='word_1_762' title='bbox 3127 5197 3416 5256; x_wconf 79' lang='lat' dir='ltr'><strong><em>sententia</em></strong></span> <span class='ocrx_word' id='word_1_763' title='bbox 3435 5197 3554 5253; x_wconf 65' lang='lat' dir='ltr'><strong><em>haec</em></strong></span> <span class='ocrx_word' id='word_1_764' title='bbox 3575 5196 3749 5271; x_wconf 85' lang='lat' dir='ltr'><strong><em>longe</em></strong></span> <span class='ocrx_word' id='word_1_765' title='bbox 3770 5200 3904 5253; x_wconf 84' lang='lat' dir='ltr'><strong><em>ante</em></strong></span> 
     </span>
    </p>
   </div>
   <div class='ocr_carea' id='block_1_110' title="bbox 2248 5282 3903 5367">
    <p class='ocr_par' dir='ltr' id='par_1_110' title="bbox 2248 5282 3903 5367">
     <span class='ocr_line' id='line_1_110' title="bbox 2248 5282 3903 5367; baseline -0.007 -16"><span class='ocrx_word' id='word_1_766' title='bbox 2248 5297 2673 5367; x_wconf 67' lang='lat' dir='ltr'><strong><em>praecesserat:</em></strong></span> <span class='ocrx_word' id='word_1_767' title='bbox 2724 5292 2911 5366; x_wconf 83' lang='grc' dir='ltr'>Ἔχεις</span> <span class='ocrx_word' id='word_1_768' title='bbox 2958 5289 3047 5344; x_wconf 82' lang='grc' dir='ltr'>καὶ</span> <span class='ocrx_word' id='word_1_769' title='bbox 3102 5287 3152 5343; x_wconf 79' lang='grc' dir='ltr'>ἐν</span> <span class='ocrx_word' id='word_1_770' title='bbox 3198 5286 3378 5360; x_wconf 81' lang='grc' dir='ltr'>τούτῳ</span> <span class='ocrx_word' id='word_1_771' title='bbox 3432 5288 3528 5355; x_wconf 83' lang='grc' dir='ltr'>τήν</span> <span class='ocrx_word' id='word_1_772' title='bbox 3591 5282 3745 5357; x_wconf 80' lang='grc' dir='ltr'><strong><em>’δόξαν</em></strong></span> <span class='ocrx_word' id='word_1_773' title='bbox 3806 5289 3903 5340; x_wconf 68' lang='grc' dir='ltr'><strong><em>τοῦ</em></strong></span> 
     </span>
    </p>
   </div>
   <div class='ocr_carea' id='block_1_111' title="bbox 2251 5374 3904 5453">
    <p class='ocr_par' dir='ltr' id='par_1_111' title="bbox 2251 5374 3904 5453">
     <span class='ocr_line' id='line_1_111' title="bbox 2251 5374 3904 5453; baseline -0.002 -17"><span class='ocrx_word' id='word_1_774' title='bbox 2251 5383 2454 5452; x_wconf 78' lang='grc' dir='ltr'>Ἰησοῦ,</span> <span class='ocrx_word' id='word_1_775' title='bbox 2520 5380 2600 5436; x_wconf 79' lang='grc' dir='ltr'><strong><em>ὅτι</em></strong></span> <span class='ocrx_word' id='word_1_776' title='bbox 2668 5379 2717 5435; x_wconf 80' lang='grc' dir='ltr'>ἐν</span> <span class='ocrx_word' id='word_1_777' title='bbox 2765 5380 2911 5453; x_wconf 79' lang='grc' dir='ltr'>αὐτῷ</span> <span class='ocrx_word' id='word_1_778' title='bbox 2967 5378 3160 5449; x_wconf 84' lang='grc' dir='ltr'>πάντα,</span> <span class='ocrx_word' id='word_1_779' title='bbox 3220 5376 3309 5430; x_wconf 81' lang='grc' dir='ltr'>καὶ</span> <span class='ocrx_word' id='word_1_780' title='bbox 3368 5375 3443 5429; x_wconf 77' lang='grc' dir='ltr'>εἰς</span> <span class='ocrx_word' id='word_1_781' title='bbox 3501 5374 3682 5447; x_wconf 73' lang='grc' dir='ltr'>αὐτόν,</span> <span class='ocrx_word' id='word_1_782' title='bbox 3726 5393 3904 5449; x_wconf 82' lang='lat' dir='ltr'><strong><em>quam</em></strong></span> 
     </span>
    </p>
   </div>
   <div class='ocr_carea' id='block_1_112' title="bbox 565 5517 3904 5646">
    <p class='ocr_par' dir='ltr' id='par_1_112' title="bbox 565 5517 3904 5646">
     <span class='ocr_line' id='line_1_112' title="bbox 565 5517 3904 5595; baseline 0.001 -24"><span class='ocrx_word' id='word_1_783' title='bbox 565 5519 585 5551; x_wconf 79' lang='grc'><strong>²</strong></span> <span class='ocrx_word' id='word_1_784' title='bbox 617 5517 848 5581; x_wconf 89' lang='lat' dir='ltr'><strong><em>Baron.,</em></strong></span> <span class='ocrx_word' id='word_1_785' title='bbox 881 5522 1065 5575; x_wconf 87' lang='lat' dir='ltr'><strong><em>Notat.</em></strong></span> <span class='ocrx_word' id='word_1_786' title='bbox 1099 5521 1163 5575; x_wconf 87' lang='lat' dir='ltr'><strong><em>in</em></strong></span> <span class='ocrx_word' id='word_1_787' title='bbox 1192 5524 1343 5576; x_wconf 88' lang='lat' dir='ltr'><strong><em>Mart</em></strong></span> <span class='ocrx_word' id='word_1_788' title='bbox 1384 5524 1560 5595; x_wconf 85' lang='lat' dir='ltr'><strong><em>rolog.</em></strong></span> <span class='ocrx_word' id='word_1_789' title='bbox 1595 5524 1744 5588; x_wconf 82' lang='lat' dir='ltr'><strong><em>Rom,</em></strong></span> <span class='ocrx_word' id='word_1_790' title='bbox 1778 5527 2018 5577; x_wconf 90' lang='lat' dir='ltr'><strong><em>Januar.</em></strong></span> <span class='ocrx_word' id='word_1_791' title='bbox 2050 5523 2143 5578; x_wconf 85' lang='lat'><strong><em>26.</em></strong></span> <span class='ocrx_word' id='word_1_792' title='bbox 2224 5525 2245 5557; x_wconf 85' lang='grc'>³</span> <span class='ocrx_word' id='word_1_793' title='bbox 2278 5524 2341 5578; x_wconf 94' lang='grc' dir='ltr'><strong><em>Ρ.</em></strong></span> <span class='ocrx_word' id='word_1_794' title='bbox 2364 5523 2609 5579; x_wconf 87' lang='lat' dir='ltr'><strong><em>Halloix.</em></strong></span> <span class='ocrx_word' id='word_1_795' title='bbox 2642 5528 2825 5581; x_wconf 86' lang='lat' dir='ltr'><strong><em>Natat.</em></strong></span> <span class='ocrx_word' id='word_1_796' title='bbox 2861 5527 2920 5578; x_wconf 84' lang='lat' dir='ltr'><strong><em>in</em></strong></span> <span class='ocrx_word' id='word_1_797' title='bbox 2952 5524 3055 5579; x_wconf 88' lang='lat' dir='ltr'><strong><em>Vit.</em></strong></span> <span class='ocrx_word' id='word_1_798' title='bbox 3080 5522 3285 5593; x_wconf 87' lang='lat' dir='ltr'><strong><em>Polyca</em></strong></span> <span class='ocrx_word' id='word_1_799' title='bbox 3356 5520 3396 5588; x_wconf 88' lang='lat' dir='ltr'><strong><em>i,</em></strong></span> <span class='ocrx_word' id='word_1_800' title='bbox 3427 5534 3552 5591; x_wconf 85' lang='lat' dir='ltr'><strong><em>cap.</em></strong></span> <span class='ocrx_word' id='word_1_801' title='bbox 3584 5518 3673 5586; x_wconf 69' lang='lat'><strong>46,</strong></span> <span class='ocrx_word' id='word_1_802' title='bbox 3706 5519 3796 5577; x_wconf 79' lang='grc'><strong>47.</strong></span> <span class='ocrx_word' id='word_1_803' title='bbox 3818 5519 3904 5574; x_wconf 79' lang='grc'><strong><em>48.</em></strong></span> 
     </span>
     <span class='ocr_line' id='line_1_113' title="bbox 565 5536 3904 5646; baseline 0.001 -6"><span class='ocrx_word' id='word_1_804' title='bbox 565 5588 775 5644; x_wconf 82' lang='lat' dir='ltr'><strong><em>Meliss.</em></strong></span> <span class='ocrx_word' id='word_1_805' title='bbox 836 5590 938 5643; x_wconf 87' lang='lat' dir='ltr'><strong><em>lib.</em></strong></span> <span class='ocrx_word' id='word_1_806' title='bbox 972 5608 1034 5646; x_wconf 88' lang='lat'><strong>11.</strong></span> <span class='ocrx_word' id='word_1_807' title='bbox 1097 5608 1271 5646; x_wconf 89' lang='lat' dir='ltr'><strong><em>serm.</em></strong></span> <span class='ocrx_word' id='word_1_808' title='bbox 1307 5539 1392 5646; x_wconf 63' lang='lat' dir='ltr'><strong><em>lg.</em></strong></span> <span class='ocrx_word' id='word_1_809' title='bbox 1470 5594 1489 5627; x_wconf 82' lang='grc'>⁵</span> <span class='ocrx_word' id='word_1_810' title='bbox 1521 5594 1751 5646; x_wconf 71' lang='lat' dir='ltr'><strong><em>Oriaen.</em></strong></span> <span class='ocrx_word' id='word_1_811' title='bbox 1806 5598 1999 5646; x_wconf 86' lang='lat' dir='ltr'><strong><em>contra</em></strong></span> <span class='ocrx_word' id='word_1_812' title='bbox 2031 5593 2268 5646; x_wconf 86' lang='lat' dir='ltr'><strong><em>Celsum.</em></strong></span> <span class='ocrx_word' id='word_1_813' title='bbox 2302 5593 2403 5646; x_wconf 90' lang='lat' dir='ltr'><strong><em>lib.</em></strong></span> <span class='ocrx_word' id='word_1_814' title='bbox 2438 5612 2476 5646; x_wconf 89' lang='lat'><strong>1-</strong></span> <span class='ocrx_word' id='word_1_815' title='bbox 2512 5612 2568 5646; x_wconf 82' lang='grc' dir='ltr'>ο.</span> <span class='ocrx_word' id='word_1_816' title='bbox 2600 5596 2691 5646; x_wconf 88' lang='grc'><strong><em>50.</em></strong></span> <span class='ocrx_word' id='word_1_817' title='bbox 2767 5595 2788 5627; x_wconf 80' lang='grc'>⁸</span> <span class='ocrx_word' id='word_1_818' title='bbox 2820 5592 2969 5646; x_wconf 87' lang='lat' dir='ltr'><strong><em>Psal.</em></strong></span> <span class='ocrx_word' id='word_1_819' title='bbox 3029 5608 3226 5646; x_wconf 89' lang='lat' dir='ltr'><strong><em>cxv111.</em></strong></span> <span class='ocrx_word' id='word_1_820' title='bbox 3279 5536 3356 5645; x_wconf 49' lang='lat' dir='ltr'><strong><em>al}.</em></strong></span> <span class='ocrx_word' id='word_1_821' title='bbox 3409 5606 3581 5646; x_wconf 87' lang='lat' dir='ltr'><strong><em>cxv11.</em></strong></span> <span class='ocrx_word' id='word_1_822' title='bbox 3610 5607 3663 5643; x_wconf 91' lang='grc' dir='ltr'><strong><em>υ.</em></strong></span> <span class='ocrx_word' id='word_1_823' title='bbox 3700 5591 3788 5646; x_wconf 86' lang='grc'><strong><em>19.</em></strong></span> <span class='ocrx_word' id='word_1_824' title='bbox 3817 5592 3904 5645; x_wconf 84' lang='grc'><strong><em>20.</em></strong></span> 
     </span>
    </p>
   </div>
   <div class='ocr_carea' id='block_1_113' title="bbox 562 5588 1325 5655">
    <p class='ocr_par' dir='ltr' id='par_1_113' title="bbox 562 5588 1325 5655">
     <span class='ocr_line' id='line_1_114' title="bbox 562 5588 1325 5655; baseline 0.009 -15"><span class='ocrx_word' id='word_1_825' title='bbox 562 5588 775 5644; x_wconf 81' lang='lat' dir='ltr'><strong><em>Meliss.</em></strong></span> <span class='ocrx_word' id='word_1_826' title='bbox 836 5590 938 5643; x_wconf 87' lang='lat' dir='ltr'><strong><em>lib.</em></strong></span> <span class='ocrx_word' id='word_1_827' title='bbox 972 5608 1034 5655; x_wconf 88' lang='lat'><strong>11,</strong></span> <span class='ocrx_word' id='word_1_828' title='bbox 1097 5593 1325 5647; x_wconf 82' lang='lat' dir='ltr'><strong><em>serm.l</em></strong></span> 
     </span>
    </p>
   </div>
   <div class='ocr_carea' id='block_1_114' title="bbox 1470 5591 3907 5666">
    <p class='ocr_par' dir='ltr' id='par_1_114' title="bbox 1470 5591 3907 5666">
     <span class='ocr_line' id='line_1_115' title="bbox 1470 5591 3907 5666; baseline -0.002 -19"><span class='ocrx_word' id='word_1_829' title='bbox 1470 5591 1751 5665; x_wconf 63' lang='lat' dir='ltr'><strong><em>5&#39;Origen.</em></strong></span> <span class='ocrx_word' id='word_1_830' title='bbox 1806 5598 1999 5666; x_wconf 80' lang='lat' dir='ltr'><strong><em>contra</em></strong></span> <span class='ocrx_word' id='word_1_831' title='bbox 2031 5593 2268 5666; x_wconf 88' lang='lat' dir='ltr'><strong><em>Celsum,</em></strong></span> <span class='ocrx_word' id='word_1_832' title='bbox 2302 5593 2403 5648; x_wconf 91' lang='lat' dir='ltr'><strong><em>lib.</em></strong></span> <span class='ocrx_word' id='word_1_833' title='bbox 2438 5612 2477 5663; x_wconf 90' lang='lat'><strong><em>1,</em></strong></span> <span class='ocrx_word' id='word_1_834' title='bbox 2512 5612 2568 5666; x_wconf 90' lang='lat' dir='ltr'><strong><em>p.</em></strong></span> <span class='ocrx_word' id='word_1_835' title='bbox 2600 5596 2691 5649; x_wconf 86' lang='lat'><strong><em>50.</em></strong></span> <span class='ocrx_word' id='word_1_836' title='bbox 2767 5595 2788 5627; x_wconf 81' lang='grc'>⁸</span> <span class='ocrx_word' id='word_1_837' title='bbox 2820 5592 2969 5666; x_wconf 84' lang='lat' dir='ltr'><strong><em>Psal.</em></strong></span> <span class='ocrx_word' id='word_1_838' title='bbox 3017 5591 3227 5666; x_wconf 84' lang='lat' dir='ltr'><strong><em>_cx_v111,</em></strong></span> <span class='ocrx_word' id='word_1_839' title='bbox 3279 5591 3385 5666; x_wconf 88' lang='lat' dir='ltr'><strong><em>al._</em></strong></span> <span class='ocrx_word' id='word_1_840' title='bbox 3409 5606 3581 5659; x_wconf 88' lang='lat' dir='ltr'><strong><em>cxv11,</em></strong></span> <span class='ocrx_word' id='word_1_841' title='bbox 3610 5607 3663 5666; x_wconf 86' lang='lat' dir='ltr'><strong><em>v_.</em></strong></span> <span class='ocrx_word' id='word_1_842' title='bbox 3700 5591 3788 5657; x_wconf 87' lang='grc'>19,</span> 
     </span>
    </p>
   </div>
   <div class='ocr_carea' id='block_1_115' title="bbox 566 5658 2133 5738">
    <p class='ocr_par' dir='ltr' id='par_1_115' title="bbox 566 5658 2133 5738">
     <span class='ocr_line' id='line_1_116' title="bbox 566 5658 2133 5738; baseline 0.004 -24"><span class='ocrx_word' id='word_1_843' title='bbox 566 5660 721 5738; x_wconf 80' lang='lat' dir='ltr'><strong><em>Inter</em></strong></span> <span class='ocrx_word' id='word_1_844' title='bbox 777 5677 901 5732; x_wconf 70' lang='lat' dir='ltr'><strong><em>quae</em></strong></span> <span class='ocrx_word' id='word_1_845' title='bbox 962 5667 1019 5716; x_wconf 90' lang='lat' dir='ltr'><strong><em>et</em></strong></span> <span class='ocrx_word' id='word_1_846' title='bbox 1076 5661 1242 5728; x_wconf 90' lang='lat' dir='ltr'><strong><em>illud,</em></strong></span> <span class='ocrx_word' id='word_1_847' title='bbox 1304 5682 1338 5719; x_wconf 88' lang='lat' dir='ltr'><strong><em>a</em></strong></span> <span class='ocrx_word' id='word_1_848' title='bbox 1394 5658 1691 5721; x_wconf 68' lang='lat' dir='ltr'><strong><em>Clemente</em></strong></span> <span class='ocrx_word' id='word_1_849' title='bbox 1757 5663 2065 5722; x_wconf 85' lang='lat' dir='ltr'><strong><em>Alexandr.</em></strong></span> <span class='ocrx_word' id='word_1_850' title='bbox 2126 5683 2133 5699; x_wconf 61' lang='grc' dir='ltr'>π</span> 
     </span>
    </p>
   </div>
   <div class='ocr_carea' id='block_1_116' title="bbox 2247 5658 3912 5738">
    <p class='ocr_par' dir='ltr' id='par_1_116' title="bbox 2247 5658 3912 5738">
     <span class='ocr_line' id='line_1_117' title="bbox 2247 5658 3912 5738; baseline -0.002 -19"><span class='ocrx_word' id='word_1_851' title='bbox 2247 5658 2481 5723; x_wconf 55' lang='grc' dir='ltr'>ἰινοηιαίξ</span> <span class='ocrx_word' id='word_1_852' title='bbox 2513 5658 2529 5666; x_wconf 67' lang='grc'><em>’</em></span> <span class='ocrx_word' id='word_1_853' title='bbox 2562 5667 2845 5722; x_wconf 88' lang='lat' dir='ltr'><strong><em>citatum:</em></strong></span> <span class='ocrx_word' id='word_1_854' title='bbox 2907 5658 3307 5737; x_wconf 78' lang='grc' dir='ltr'>’Δπλούστερον</span> <span class='ocrx_word' id='word_1_855' title='bbox 3366 5660 3492 5733; x_wconf 81' lang='grc' dir='ltr'>ὑμῖν</span> <span class='ocrx_word' id='word_1_856' title='bbox 3553 5658 3769 5738; x_wconf 76' lang='grc' dir='ltr'>γράφω,</span> <span class='ocrx_word' id='word_1_857' title='bbox 3822 5658 3912 5715; x_wconf 67' lang='grc' dir='ltr'>’ἕνα</span> 
     </span>
    </p>
   </div>
   <div class='ocr_carea' id='block_1_117' title="bbox 492 5729 729 5801">
    <p class='ocr_par' dir='ltr' id='par_1_117' title="bbox 492 5729 729 5801">
     <span class='ocr_line' id='line_1_118' title="bbox 492 5729 729 5801; baseline 0.008 -17"><span class='ocrx_word' id='word_1_858' title='bbox 492 5750 582 5785; x_wconf 85' lang='grc' dir='ltr'>συν</span> <span class='ocrx_word' id='word_1_859' title='bbox 594 5729 729 5801; x_wconf 81' lang='grc' dir='ltr'>ίητε.</span> 
     </span>
    </p>
   </div>
  </div>
