4118 6340
248 424 382 490 669

1658 420 2267 486 PROLEGOMENA.

3540 420 3665 483 670

247 564 428 617 vetus
463 558 702 617 Latinus
734 558 1020 632 interpres
1051 576 1156 615 suo
1182 558 1306 615 loco
1337 562 1555 614 motam
1582 558 1696 614 huc
1716 564 1901 614 trans-

2027 556 2221 611 τούτων
2302 552 2671 621 ἐπιϐούλους.
2731 558 2979 635 ’Λγάπης
3052 555 3209 614 τέκνα
3285 554 3371 612 καί
3438 556 3661 633 εἰρήνης

248 650 421 721 tulit,
453 650 635 706 totius
664 649 929 722 Epistolas
978 649 1273 723 epilogum
1325 649 1481 704 hunc
1530 648 1671 704 satis
1710 649 1904 705 incon-

249 739 494 793 cinnum
525 743 811 795 statuens.
840 740 967 796 Haec
994 748 1177 795 autem
1204 739 1282 793 sic
1308 743 1457 793 sunt.
1510 739 1728 793 Habetis
1758 741 1901 794 inte-

248 830 363 883 rim
391 828 457 883 de
480 830 772 899 majestate
822 828 1045 898 Christi,
1096 829 1356 899 quomodo
1393 830 1581 882 omnia
1626 829 1685 880 in
1718 828 1899 893 illum,

252 922 309 972 et
339 933 442 989 per
464 919 625 972 illum
654 919 801 987 facta
829 926 975 973 sunt.
1011 918 1110 971 Cui
1138 919 1210 972 sit
1263 918 1454 983 honor,
1488 918 1681 987 virtus,
1704 917 1903 985 gloria,

250 1024 403 1063 nunc
451 1015 505 1061 et
554 1009 613 1061 in
662 1008 865 1063 saecula
911 1007 1256 1063 sicculorum.
1315 1006 1579 1061 Secunda
1636 1005 1903 1077 Epistolas

250 1100 418 1168 parte
453 1094 687 1168 penitus
732 1095 1154 1166 praetermissa:
1207 1112 1382 1167 quam
1436 1095 1670 1161 idcirco,
1708 1093 1905 1149 Latina

252 1184 646 1240 eruditissimi
703 1184 937 1240 Gerardi
996 1184 1315 1255 Langbaini
1358 1184 1641 1249 versione,
1685 1184 1743 1238 in
1796 1183 1903 1238 hac

252 1274 516 1330 editione
545 1272 1015 1344 locupletandam
1048 1274 1404 1329 curavimus.

323 1386 353 1414 «
389 1364 477 1418 Ab
506 1363 613 1419 hac
644 1379 776 1419 vero
807 1362 1043 1419 duarum
1070 1364 1291 1419 viarum
1345 1362 1721 1419 distinctione
1770 1379 1904 1435 pars

249 1453 373 1508 ista
426 1452 587 1507 ducit
644 1452 985 1508 exordium:
1020 1447 1163 1504 Ὀδοὶ
1218 1448 1311 1505 δύο
1371 1450 1470 1503 εἰσὶ
1531 1447 1763 1525 διδαχῆς
1815 1451 1903 1504 καὶ

244 1540 517 1610 ἐξουσίας
624 1561 682 1594 τε
729 1545 825 1594 τοῦ
876 1541 1071 1616 φωτὸς,
1122 1541 1209 1593 καὶ
1254 1543 1288 1608 ἡ
1340 1545 1436 1594 τοῦ
1484 1539 1727 1601 σκότους.
1780 1548 1901 1593 Δια-

243 1632 395 1707 φορὰ
424 1627 482 1683 δὲ
512 1628 697 1698 πολλή
729 1633 837 1684 τῶν
872 1627 966 1683 δύο
995 1626 1155 1683 ὁδῶν·
1183 1629 1262 1707 ἐφ’
1292 1634 1358 1697 ής
1386 1630 1479 1701 μὲν
1500 1630 1602 1705 γάρ
1638 1630 1736 1683 εἰσι
1764 1650 1908 1684 τετα-

240 1718 439 1793 γμένοι
471 1718 798 1794 φωταγωγοὶ
831 1715 1055 1792 ἄγγελοι
1106 1723 1203 1772 τοῦ
1254 1723 1406 1787 Θεοῦ,
1442 1717 1521 1795 ἐφ’
1551 1720 1617 1786 ἧς
1663 1715 1720 1771 δὲ
1750 1718 1905 1793 ἅγγε-

244 1805 341 1861 λοι
375 1812 471 1859 τοῦ
499 1811 729 1862 Σατανᾶ.
760 1809 844 1862 Ad
874 1824 999 1879 quae
1029 1809 1206 1864 verba
1238 1809 1569 1879 respexisse
1600 1808 1907 1881 Origenem

2013 652 2322 719 γνωστικῶς
2380 649 2801 725 προσηγόρευσε.
2882 651 2989 707 Ubi
3065 655 3361 723 postrema
3418 648 3539 715 illa,
3599 665 3667 703 ex

2014 737 2288 793 Barnaba
2324 741 2504 794 nostri
2537 744 2829 809 contextu,
2864 740 2943 795 ita
2965 744 3105 794 sunt
3130 739 3489 795 restituenda
3514 756 3526 793 :
3551 737 3665 792 Ἵνα

2012 827 2220 893 σωθῆτε
2296 826 2345 880 ἐν
2424 828 2605 903 ἡμέρᾳ
2674 828 2900 899 κρίσεως
2950 873 2962 884 .
3045 826 3257 881 Τούτων
3332 821 3659 888 ἐπιϐούλους

2013 915 2121 986 (vel
2180 910 2495 983 ἐπιϐόλους,
2554 923 2618 972 ut
2673 919 2945 973 emendat
3001 917 3391 990 Sylburgius,)
3440 916 3655 990 ἀγάπης

2010 1003 2167 1058 τέκνα
2224 1006 2311 1059 καὶ
2372 1006 2593 1081 εἰρήνης
2646 1011 2955 1080 γνωστικῶς
3016 1005 3439 1081 προσηγόρευσε,
3498 1007 3652 1064 idem

2012 1112 2097 1150 sc.
2119 1096 2448 1164 Barnabas;
2474 1098 2581 1152 sub
2610 1096 2795 1169 ipsius
2819 1096 3091 1168 Epistolis
3112 1096 3458 1165 clausulam,
3484 1095 3657 1167 paulo

2014 1189 2165 1256 post,
2201 1201 2299 1240 eos
2332 1186 2400 1241 ad
2459 1202 2605 1257 quos
2656 1186 2877 1252 scribit,
2936 1187 3015 1241 ita
3072 1186 3372 1241 salutans:
3407 1185 3657 1253 σώζεσθε,

2015 1273 2231 1346 ἀγάπης
2263 1275 2420 1327 τέκνα
2451 1276 2539 1328 καὶ
2574 1274 2815 1349 εἰρήνης.
2852 1276 2923 1331 Ut
2951 1280 3078 1331 tum
3110 1293 3177 1331 ex
3208 1274 3513 1346 principio,
3538 1280 3661 1328 tum

2013 1380 2097 1437 ex,
2142 1365 2254 1419 fine
2331 1365 2637 1421 manifeste
2711 1366 3139 1439 deprehensum
3210 1370 3504 1439 appareat,
3564 1380 3663 1436 po-

2014 1454 2228 1509 sterius
2260 1456 2592 1510 membrum
2610 1455 2717 1511 hoc
2739 1458 3059 1528 (utcunque
3075 1473 3108 1509 a
3126 1455 3331 1511 Latino
3349 1454 3661 1524 interprete

2015 1543 2248 1599 silentio
2280 1547 2779 1616 praetermissum),
2827 1546 3091 1616 ejusdem
3143 1543 3400 1615 corporis
3432 1547 3657 1615 partem

2015 1649 2166 1695 esse.
2197 1635 2365 1705 cujus
2396 1640 2453 1689 et
2484 1634 2763 1706 primum.

2088 1744 2115 1770 ‹‹
2149 1724 2232 1776 Ad
2266 1723 2444 1778 totius
2474 1740 2607 1779 vero
2630 1724 2904 1796 Epistolas
2927 1727 3221 1779 auctorem
3262 1727 3319 1777 et
3348 1721 3663 1777 auctorita-

2018 1814 2134 1865 tem
2159 1813 2312 1883 quod
2344 1813 2569 1879 attinet,
2593 1813 2748 1869 idem
2773 1813 2870 1869 ille
2888 1813 3152 1869 Clemens
3176 1815 3267 1880 (ut
3288 1812 3358 1866 de
3380 1810 3666 1882 discipulo

256 1913 376 1953 non
410 1902 499 1952 est
530 1897 798 1965 dubium,
850 1897 910 1951 in
942 1897 1087 1953 libro
1138 1915 1199 1952 111
1252 1897 1381 1972 Περὶ
1427 1896 1638 1971 ἀρχῶν,
1690 1915 1816 1970 cap.
1850 1900 1906 1965 2,
1944 1936 1990 1999 Β
2018 1901 2207 1973 ipsius
2229 1900 2474 1971 Origene
2507 1900 2649 1955 nihil
2674 1901 2965 1971 dicam)et
2994 1900 3247 1956 auctoris
3280 1899 3577 1967 Barnabas,
3608 1903 3667 1953 et

263 1986 354 2041 ita
383 1986 735 2041 scribentem
760 2003 774 2041 :
806 1986 1005 2041 Eadem
1027 2002 1236 2059 quoque
1263 1987 1546 2042 Barnabas
1574 1989 1634 2042 in
1674 1987 1913 2058 Epistola
1945 1986 1989 1999 "
2021 1988 2387 2046 auctoritatis
2415 1989 2766 2060 apostolicis,
2792 2007 2921 2045 eam
2948 1990 3128 2045 fuisse
3146 1988 3406 2045 credidit.
3435 1989 3494 2043 ln
3517 1987 3665 2042 libro

258 2091 368 2130 sua
396 2075 660 2141 declarat,
686 2092 809 2131 cum
837 2075 974 2131 duas
1020 2078 1136 2130 vias
1192 2092 1303 2132 esse
1346 2076 1501 2146 dicit,
1552 2093 1719 2131 unam
1753 2078 1909 2144 lucis,

266 2164 503 2219 alteram
534 2165 880 2220 tenebrarum
906 2183 924 2219 :
957 2166 1149 2236 quibus
1178 2169 1230 2221 et
1276 2182 1506 2237 praeesse
1560 2171 1728 2222 certos
1757 2181 1911 2237 quos-

251 2269 365 2325 que
390 2254 611 2325 angelos
641 2254 818 2309 dicit:
846 2255 955 2311 vim
998 2254 1218 2327 quidem
1278 2257 1435 2321 lucis,
1483 2257 1705 2326 angelos
1754 2256 1911 2322 lucis,

247 2345 612 2399 tenebrarum
639 2348 829 2399 autem
879 2346 988 2401 viae
1042 2346 1262 2413 angelos
1292 2346 1538 2402 Satanae.
1599 2344 1716 2400 Etsi
1758 2345 1913 2399 enim

250 2432 317 2488 in
383 2433 576 2505 priore
630 2448 869 2504 quoque
929 2433 1196 2505 Epistolas
1254 2439 1417 2505 parte
1474 2434 1581 2505 (uti
1640 2434 1813 2490 etiam
1856 2434 1915 2488 in

253 2521 902 2595 pseudo-Clementinis
924 2523 1464 2578 Constitutionibus
1482 2524 1522 2594 ⁸,
1548 2540 1795 2595 quarum
1820 2540 1917 2578 au-

258 2616 508 2677 ctorem,
544 2617 608 2666 ut
637 2628 703 2667 ex
736 2612 997 2667 Romano
1045 2611 1356 2679 Clemente,
1406 2612 1650 2683 Ignatio,
1701 2618 1757 2668 et
1786 2612 1917 2667 aliis

261 2700 406 2768 alia,
439 2700 522 2756 ita
551 2718 677 2772 qua:
709 2702 779 2756 de
810 2701 1043 2757 duabus
1074 2702 1198 2757 vita
1232 2701 1553 2773 mortisque
1584 2701 1691 2756 viis
1730 2702 1918 2757 fusius

260 2793 525 2857 enarrat,
558 2805 626 2845 ex
646 2789 754 2845 hac
785 2790 915 2862 ipsa
929 2790 1203 2845 Barnaba:
1233 2789 1479 2862 epistola
1498 2790 1917 2856 intervertisse,

256 2878 351 2933 vel
383 2877 574 2950 prima
603 2878 750 2934 facie
799 2877 1014 2951 legenti
1072 2878 1381 2949 constabit)
1438 2879 1675 2933 duarum
1706 2880 1921 2934 viarum

254 2968 416 3023 facta
445 2968 522 3022 sit
558 2968 799 3035 mentio,
831 2967 942 3023 hoc
973 2972 1171 3023 tamen
1205 2972 1434 3023 tantum
1465 2968 1524 3023 in
1552 2967 1698 3038 loco,
1742 2985 1918 3039 ange-

263 3058 456 3113 lorum
489 3056 637 3112 lucis
666 3061 723 3112 et
751 3058 1004 3122 Satanae,
1031 3056 1241 3111 iisdem
1269 3057 1694 3129 praefectorum,
1724 3074 1921 3113 occur-

259 3146 341 3201 rit
372 3146 868 3202 commemoratio.
901 3146 1062 3202 Adde
1096 3147 1252 3218 quod
1277 3150 1334 3201 et
1353 3146 1791 3219 Satanaeipsum
1817 3164 1917 3202 no-

261 3250 399 3291 men
432 3235 909 3307 abHieronymo,
966 3234 1025 3289 in
1082 3235 1197 3290 fine
1259 3233 1442 3291 libelli
1500 3236 1574 3290 De
1603 3236 1921 3291 nominibus

261 3326 572 3392 Hebraicis,
606 3305 772 3378 interi
816 3340 886 3379 ea
942 3328 1295 3393 recensetur,
1357 3341 1486 3396 quae
1544 3342 1612 3380 ex
1665 3305 1993 3396 EpistolaC

264 3402 551 3469 Barnabas
582 3417 721 3468 sunt
752 3412 991 3480 selecta,
1026 3429 1128 3468 nec
1159 3413 1218 3468 in
1269 3413 1459 3485 priore
1514 3417 1709 3468 tamen
1740 3413 1919 3484 hujus

263 3501 548 3575 Epistolas
580 3506 743 3574 parte
773 3501 1003 3573 uspiam
1029 3506 1237 3569 exstat,
1261 3501 1319 3556 in
1344 3519 1459 3573 qua
1481 3501 1704 3573 reliqua
1724 3502 1923 3557 omnia

265 3597 413 3648 sunt
467 3596 734 3664 reperta:
792 3591 842 3647 si
901 3591 1074 3647 modo
1130 3593 1278 3647 Nave
1325 3591 1464 3663 (quo
1496 3591 1729 3647 nomine
1757 3590 1919 3657 Jesu,

264 3681 389 3738 sive
420 3680 596 3736 Josue
654 3684 877 3753 patrem
937 3679 1116 3736 Graeci
1178 3679 1511 3753 indigitant)
1568 3696 1671 3752 pro
1702 3680 1919 3736 Nahum

263 3770 640 3843 reposueris;
675 3784 849 3841 quem
882 3768 1103 3823 librarii
1138 3767 1461 3824 temeritate
1492 3767 1585 3823 hic
1618 3769 1799 3823 fuisse
1830 3769 1918 3823 in-

264 3859 510 3927 fultum,
539 3860 815 3930 germanis
844 3858 1126 3929 adjuncta
1149 3857 1549 3929 interpretatio
1582 3857 1722 3913 satis
1764 3857 1920 3913 evin-

262 3948 367 4004 cit.
403 3949 547 4004 Cum
580 3947 811 4002 Nahum
846 3946 923 4002 sit
951 3948 1272 4013 consolator,
1322 3946 1475 4001 Nave
1530 3964 1683 4016 vero,
1716 3963 1918 4013 semen,

258 4054 515 4111 germen,
545 4036 631 4092 vel
663 4036 1048 4107 pulchritudo:
1103 4036 1184 4090 uti
1233 4036 1359 4107 jam
1410 4035 1572 4107 prius
1626 4036 1685 4091 in
1716 4036 1919 4091 eodem

259 4128 417 4184 libro
449 4130 799 4198 exposuerat
830 4126 956 4197 ipse
986 4125 1378 4197 Hieronymus
1401 4126 1440 4178 θ.

344 4239 366 4266 ι
436 4216 779 4288 Longiorem
838 4231 1071 4287 quoque
1128 4214 1281 4269 hanc
1339 4215 1518 4270 fuisse
1578 4213 1919 4286 Epistolam,

267 4303 770 4379 Στιχομετρίαὶηα
790 4305 932 4359 satis
978 4302 1217 4373 indicat,
1268 4320 1444 4374 quam
1494 4303 1711 4358 Latinis
1761 4305 1918 4374 (nam

270 4394 475 4450 Greca
498 4393 673 4449 editio
704 4392 798 4447 hic
827 4397 916 4448 est
948 4391 1176 4462 mutila)
1211 4408 1280 4447 ex
1336 4391 1638 4464 Nicephori
1674 4393 1923 4463 patriar-

273 4482 398 4539 cha
458 4479 1085 4552 Constantinopolitani
1145 4479 1621 4549 Chronom'aphia,
1680 4480 1921 4535 tradidit

270 4570 643 4638 Anastasius,
677 4569 949 4625 Romanae
1006 4568 1275 4624 Ecclesiae
1323 4569 1822 4625 bibliothecarius.
1854 4572 1919 4625 In

2025 2079 2181 2135 enim
2199 2079 2298 2134 illo
2324 2097 2358 2134 ιι
2392 2080 2741 2151 Stromatum,
2774 2079 2889 2135 alia
2910 2084 3109 2151 postea
3137 2077 3474 2134 testimonia
3502 2094 3569 2131 ex
3599 2094 3667 2132 ea

2022 2170 2372 2241 producens,
2406 2170 2513 2225 hac
2563 2170 2748 2225 utitur
2805 2169 3174 2240 prafatione:
3206 2168 3389 2226 Ὅπως
3424 2162 3469 2217 δ’
3501 2166 3664 2236 ἡμεῖς

2020 2261 2116 2310 τοῦ
2176 2252 2436 2312 διαϐόλου
2484 2258 2577 2319 τὰς
2648 2256 2911 2331 ἐνεργείας
2990 2256 3076 2309 καὶ
3132 2258 3197 2309 τὰ
3268 2254 3547 2326 πνεύματα
3601 2254 3666 2307 τὰ

2025 2346 2292 2421 ἀκάθαρτα
2340 2347 2415 2409 εἰς
2458 2349 2553 2415 τὴν
2604 2351 2699 2401 τοῦ
2750 2343 3079 2421 ἀμαρτωλοῦ
3118 2348 3301 2419 ψυχήν
3344 2341 3669 2417 ἐπισπείρειν

2026 2437 2220 2514 φαμὲν,
2257 2434 2317 2491 οὔ
2354 2458 2444 2510 μοι
2469 2434 2550 2491 δεῖ
2571 2435 2835 2491 πλειόνων
2856 2432 3061 2507 λόγων,
3084 2432 3438 2507 παραθεμὲνῳ
3463 2432 3662 2507 μάρτυν

2024 2527 2115 2580 τὸν
2147 2524 2506 2580 ἀποστολικὸν
2536 2518 2809 2602 Βαρνάϐαν
2844 2524 2893 2597 (ὁ
2925 2520 2980 2577 δὲ
3008 2527 3114 2577 τῶν
3145 2516 3522 2595 ἑϐδομήκοντα
3576 2522 3666 2588 ἦν,

2026 2616 2115 2669 καὶ
2175 2616 2429 2689 συνεργὸς
2488 2619 2585 2669 τοῦ
2659 2612 2898 2685 Παύλου)
2972 2612 3105 2666 κατά
3178 2608 3317 2680 λέξιν
3380 2606 3486 2664 ὧδὲ
3553 2630 3670 2670 πως

2030 2704 2273 2780 λεγοντα.
2330 2705 2599 2774 Quomodo
2654 2714 2839 2759 autem
2899 2719 2999 2758 nos
3048 2703 3254 2758 diaboli
3310 2703 3669 2773 operationes,

2027 2803 2078 2850 et
2107 2797 2337 2866 spiritus
2366 2794 2677 2850 immundos
2709 2796 2769 2848 in
2796 2794 3093 2864 peccatoris
3122 2792 3369 2846 animam
3400 2791 3670 2846 seminare

2028 2883 2293 2953 dicamus,
2326 2899 2435 2938 non
2474 2883 2615 2937 mihi
2666 2882 2925 2953 pluribus
2980 2881 3157 2935 verbis
3197 2896 3329 2951 opus
3359 2884 3461 2947 est,
3492 2880 3543 2933 si
3571 2878 3672 2933 ad-

2028 2972 2234 3027 duxero
2266 2980 2450 3028 testem
2476 2972 2788 3027 Barnabam
2816 2971 3176 3043 apostolicum
3224 2971 3365 3040 (erat
3413 2976 3601 3023 autem
3626 2968 3673 3021 is

2028 3077 2099 3117 ea:
2134 3061 2515 3133 Septuaginta,
2563 3066 2615 3116 et
2662 3061 2835 3115 Pauli
2879 3060 3100 3129 adjutor
3152 3058 3213 3127 '0)
3260 3058 3347 3113 his
3394 3056 3569 3112 verbis
3597 3058 3677 3110 sic

2026 3149 2313 3205 dicentem.
2364 3150 2433 3205 Et
2478 3150 2536 3204 in
2591 3167 2660 3204 v:
2717 3143 3013 3222 Βαρνάϐας,
3066 3148 3093 3200 ὁ
3142 3146 3228 3199 καὶ
3276 3144 3433 3204 αὐτὸς
3480 3164 3675 3218 συγκη-

2031 3237 2185 3313 ρύξας
2240 3242 2318 3309 τῷ
2366 3234 2681 3308 Ἀποστόλῳ
2727 3237 2862 3290 κατὰ
2908 3236 3003 3302 τὴν
3056 3231 3323 3288 διακονίαν
3366 3236 3472 3285 τῶν
3507 3230 3669 3294 ἐθνῶν

2029 3326 2119 3380 τὸν
2172 3324 2356 3399 λόγον.
2418 3328 2729 3395 Barnabas,
2763 3328 2859 3397 qui
2887 3327 3003 3391 ipse
3052 3340 3256 3395 quoque
3310 3324 3371 3377 in
3421 3324 3674 3395 gentium

2030 3418 2335 3472 ministerio
2362 3416 2681 3488 praedicavit
2696 3416 2917 3471 verbum
2932 3431 3043 3468 una
3063 3430 3187 3468 cum
3207 3412 3452 3483 apostolo
3470 3412 3667 3467 Paulo.

2028 3505 2224 3577 Neque
2256 3505 2547 3577 apostolici
2574 3502 2788 3567 solum,
2823 3503 2921 3558 sed
2958 3503 3130 3557 etiam
3153 3502 3384 3573 apostoli
3406 3500 3675 3557 Barnaba?

2030 3594 2286 3661 nomine,
2322 3595 2381 3649 in
2417 3612 2457 3649 ιι
2490 3594 2833 3649 Stromatum
2864 3591 3034 3656 libro,
3067 3591 3331 3646 eamdem
3366 3589 3671 3662 epistolam

2029 3683 2271 3738 laudat:
2304 3683 2708 3753 ejusdemque,
2742 3698 2856 3737 non
2889 3679 3087 3736 minus
3113 3696 3286 3752 quam
3312 3678 3673 3750 reliquarum

2029 3772 2457 3843 Scripturarum
2488 3770 2926 3840 canonicarum,
2960 3770 3017 3823 in
3049 3768 3217 3824 libris
3267 3770 3677 3839 llypotyposeon

2031 3864 2355 3915 contractas
2387 3858 2796 3931 explicationes
2829 3857 3174 3914 exhibuit“.

2105 3972 2131 3999 ‹‹
2162 3950 2442 4004 Barnabas
2491 3948 2747 4020 Cyprius,
2806 3950 2905 4019 qui
2959 3955 3012 4001 et
3057 3945 3253 4011 Ioseph
3294 3944 3518 4012 Levites,
3551 3960 3676 3998 cum

2032 4040 2204 4095 Paulo
2232 4040 2482 4109 gentium
2511 4039 2777 4109 apostolus
2802 4037 3104 4101 ordinatus,
3164 4051 3333 4089 unam
3380 4034 3453 4088 ad
3494 4033 3673 4102 aediﬁ-

2028 4131 2295 4183 cationem
2351 4128 2601 4183 Ecclesiae
2672 4128 3031 4196 pertinentem
3095 4122 3403 4195 Epistolam
3460 4138 3671 4193 compo—

2028 4220 2157 4286 suit,
2186 4232 2311 4288 quee
2339 4219 2483 4272 inter
2510 4216 2848 4287 apocryphas
2898 4215 3198 4284 scripturas
3245 4214 3466 4281 legitur,
3501 4212 3582 4266 ait
3612 4212 3669 4265 in

2028 4307 2532 4361 Ecclesiasticorum
2602 4307 2925 4375 scriptorum
3004 4302 3255 4370 Catalogo
3338 4302 3399 4356 Β.
3476 4300 3674 4356 Hiero-

2030 4411 2259 4467 nymus,
2294 4398 2349 4449 et
2380 4393 2527 4448 libro
2578 4410 2681 4447 xm
2732 4393 3264 4447 Commentariorum
3317 4392 3377 4445 in
3406 4389 3673 4455 Ezechiel,

2029 4500 2156 4555 cap.
2191 4484 2279 4538 43.
2320 4484 2561 4538 Vitulum
2592 4482 2798 4553 inquit,
2867 4484 2963 4553 qui
3014 4497 3113 4552 pro
3170 4480 3323 4535 nobis
3362 4480 3675 4533 immolatus

2027 4582 2126 4639 est,
2157 4581 2209 4628 et
2252 4573 2427 4627 multa
2481 4572 2887 4642 Scripturarum
2928 4572 3064 4639 loca,
3121 4574 3171 4624 et
3214 4571 3493 4640 prazcipue
3531 4569 3672 4621 Bar-

272 4677 414 4734 qua,
446 4664 512 4714 ut
542 4663 764 4731 septem
794 4657 1097 4714 Catholica:
1156 4664 1303 4731 (qua:
1360 4660 1660 4731 vocantur)
1697 4659 1919 4726 Jacobi,
1954 4673 2001 4739 D
2029 4664 2191 4719 nabae
2220 4661 2517 4733 Episitola,
2550 4675 2674 4731 quae
2703 4660 2935 4715 habetur
2965 4661 3109 4713 inter
3166 4658 3475 4727 Script-uras
3530 4670 3670 4726 apo-

272 4749 449 4816 Petri,
478 4748 727 4804 Joannis
755 4752 811 4803 et
839 4749 1001 4803 Judaa
1034 4747 1328 4819 Epistola,
1360 4748 1498 4802 1300
1527 4749 1812 4815 versibus,
1844 4750 1922 4804 ita

269 4844 329 4895 et
358 4838 480 4894 haec
509 4837 810 4904 Barnaba,
852 4837 992 4892 4306
1024 4835 1448 4909 comprehensa
1476 4837 1657 4892 fuisse
1686 4837 1917 4893 dicitur.

269 4929 333 4984 In
368 4928 687 4998 posteriore
719 4925 971 4999 denique
1021 4926 1292 4998 Epistolas
1342 4932 1505 4997 parte
1556 4931 1784 4997 reperta
1812 4927 1925 4983 ista

264 5021 432 5086 sunt,
467 5033 502 5071 a
546 5015 840 5072 Clemente
887 5014 1297 5086 Alexandrino,
1367 5014 1427 5070 in
1486 5014 1634 5070 libro
1688 5032 1727 5070 ιι
1767 5019 1923 5071 Stro-

264 5109 501 5173 matum,
532 5120 602 5160 ex
648 5104 911 5159 Barnaba
959 5104 1167 5159 citata:
1202 5103 1256 5156 '0
1310 5098 1366 5155 δὲ
1413 5102 1540 5162 Θεὸς
1588 5104 1615 5156 ὁ
1643 5108 1740 5157 τοῦ
1789 5124 1920 5157 παν·

263 5194 360 5255 τὸς
389 5192 599 5265 κόσμου
641 5191 922 5267 κυριεύων,
957 5188 1072 5263 δῴη
1104 5190 1193 5245 καὶ
1240 5191 1365 5263 ὑμῖν
1421 5191 1609 5268 σοφίαν
1654 5191 1743 5245 καὶ
1774 5192 1921 5246 σύνε-

269 5305 379 5353 σιν,
414 5281 744 5353 ἐπιστήμην,
772 5285 966 5355 γνῶσιν
999 5284 1105 5334 τῶν
1147 5277 1527 5352 δικαιωμάτων
1574 5280 1756 5351 αὑτοῦ,
1794 5282 1922 5335 ὑπο-

275 5374 471 5446 μονήν.
505 5370 716 5432 Γίνεσθε
748 5367 837 5423 οὖν
869 5366 1230 5438 θεοδίδακτοι,
1260 5367 1609 5439 ἐκζητοῦντες
1638 5368 1690 5423 τί
1726 5371 1925 5440 ζητεῖὸ

272 5461 477 5536 Κύριος
508 5461 597 5536 ἀφ’
630 5460 803 5530 ὑμῶν.
846 5462 963 5514 Ἵνα
1012 5458 1204 5534 εὕρητε
1234 5457 1284 5512 ἐν
1314 5458 1495 5534 ἡμέρᾳ
1538 5458 1765 5532 κρίσεως
1803 5461 1927 5520 τοὺς

2029 4752 2284 4822 crgphas,
2315 4752 2583 4805 nominat.
2619 4748 2820 4803 Utrum
2853 4764 2985 4803 vero
3017 4764 3083 4801 ex
3114 4746 3346 4818 propria
3378 4748 3570 4799 mente
3600 4744 3671 4798 ab

2032 4842 2270 4912 apostolo
2299 4838 2369 4894 ad
2397 4839 2817 4907 aediﬁcationem
2850 4838 3107 4893 Ecclesiae
3133 4836 3481 4905 compositam
3519 4834 3671 4887 hanc

2032 4930 2215 4985 fuisse
2273 4927 2591 5001 Epistolam
2650 4927 2745 4983 ille
2800 4927 3029 4991 dixerit,
3081 4942 3148 4980 ex
3193 4925 3441 4979 aliorum
3478 4928 3672 4977 autem

2034 5035 2209 5074 sensu
2245 5019 2303 5072 in
2337 5017 2801 5089 apocryphorum
2834 5015 3079 5071 classem
3111 5011 3439 5084 conjecerit,
3479 5010 3676 5080 exqui-

2034 5111 2164 5161 rant
2194 5106 2287 5160 alii
2317 5106 2409 5161 :in
2433 5123 2559 5161 eam
2579 5111 2730 5161 certe
2748 5104 3097 5160 sententiam
3114 5100 3493 5173 prependisse
3514 5098 3680 5153 illum

2034 5195 2374 5267 aliquando,
2406 5210 2475 5249 ex
2505 5195 2805 5249 Nominum
2826 5192 3215 5247 Hebraicorum
3246 5187 3441 5244 libello
3489 5186 3683 5258 colligi

2035 5301 2206 5357 posse
2235 5284 2537 5350 videatur;
2572 5283 2629 5337 in
2662 5299 2795 5353 quo,
2832 5298 2964 5336 cum
2996 5279 3235 5352 reliquis
3284 5277 3425 5335 Novi
3475 5278 3677 5332 Testa-

2036 5373 2213 5429 menti
2245 5372 2580 5444 Scripturis,
2614 5372 2785 5427 etiam
2820 5370 3094 5426 Barnaba:
3152 5370 3325 5423 istam
3357 5364 3677 5439 Epistolam

2036 5463 2405 5533 conjunctam
2438 5462 2511 5516 ab
2541 5477 2606 5515 eo
2638 5460 2820 5515 fuisse
2850 5460 3166 5514 cernimus.

352 5579 694 5649 “Constitut.
782 5577 1057 5647 apostolic.
1114 5576 1384 5649 ilibjsvu,
1435 5593 1561 5647 cap.
1612 5576 1664 5645 4,
1704 5580 1759 5644 2,
1812 5582 1866 5631 et
1911 5577 2200 5649 deinceps.
2231 5578 2252 5611 9
2296 5576 2642 5649 Hieron.De
2714 5576 2981 5649 nominib.
3032 5574 3301 5638 Hebraic.,
3352 5573 3411 5649 in
3462 5573 3675 5628 Exodo.

278 5654 324 5685 ιο
356 5650 515 5705 Idem
542 5648 717 5704 etiam
780 5649 1033 5703 afﬁrmat
1111 5648 1169 5702 in
1200 5647 1349 5703 libro
1434 5664 1514 5703 v11
1544 5652 1596 5704 Η
1632 5652 1961 5720 potyposeon
1992 5651 2007 5720 (

285 5720 448 5795 μένας
480 5720 767 5790 πεποίηται
801 5714 1078 5794 διηγήσεις
1111 5720 1319 5776 Euseb.
1345 5717 1445 5775 lib.
1476 5736 1532 5777 VI
1562 5665 1724 5786 Ηέἕδίη
1756 5739 1853 5797 nec?
1890 5726 2007 5796 ιγ’,ιη

1688 5760 1724 5786 σν
1758 5752 1853 5793 ’κγ
1890 5752 1936 5793 ιι
1960 5766 1973 5793 ν

285 5720 448 5795 μένας
480 5720 767 5790 πεποίηται
801 5714 1078 5794 διηγήσεις
1111 5720 1319 5776 Euseb.
1345 5717 1445 5775 lib.
1476 5736 1532 5777 VI

2018 5645 2171 5721 apud
2229 5649 2461 5719 Euseb.,
2495 5648 2594 5703 lib.
2628 5665 2669 5702 II
2752 5648 2924 5711 Hist.,
2984 5665 3100 5721 κεφ.
3132 5651 3217 5715 α’).
3256 5650 3295 5682 ³1
3361 5645 3677 5716 Ἐπιτετμη-

2006 5717 2074 5780 δῗ
