4118 6340
495 404 607 466 671

1681 411 1746 470 S.
1792 409 2211 475 BARNABAS
2255 414 2746 482 APOSTOLUS.

3774 421 3897 484 6'12

576 559 597 588 ε
633 541 690 595 In
726 538 828 596 illa
876 539 1182 613 Nicephori
1231 541 1856 615 Constantinopolitani
1898 547 2140 618 patriar-
2170 545 2223 612 Α
2252 566 2449 605 nomen
2477 556 2823 622 appositum:
2883 557 2997 621 aut,
3057 554 3108 608 si
3166 552 3350 620 libeat,
3411 552 3724 625 Epistolam
3754 553 3898 610 hanc

498 631 616 686 ohe:
669 629 1056 705 Στιχομετρίᾳ,
1110 648 1282 702 quam
1339 633 1559 688 Latinis
1609 637 1979 691 Anastasium
2031 642 2140 692 B0-

499 735 684 774 manzn
707 718 973 774 Ecclesia:
1002 719 1506 776 l'ibliothecarium
1532 723 1841 778 tradidisse
1863 724 2138 791 diximus,

497 825 530 863 a
561 807 698 863 Novi
728 808 1084 863 Testamenti
1118 810 1464 880 apocrypbis
1514 812 1747 882 quidem
1775 813 2008 884 scriptis
2054 832 2140 869 se-

499 903 758 969 paratur,
809 900 905 954 sed
965 899 1117 952 inter
1163 916 1226 954 ea
1273 901 1468 970 quibus
1525 902 1922 958 contradicitur
1969 907 2055 972 (ut
2089 909 2144 958 et

497 987 878 1059 Apocalypsis
931 988 1197 1055 Joannis)
1258 995 1607 1044 recensetur.
1659 996 1720 1045 In
1771 993 1950 1048 altero
2009 1012 2142 1049 vero

497 1075 778 1144 Indiculo,
811 1094 982 1147 quem
1015 1077 1307 1132 Anastasii
1339 1079 1548 1133 Niczeni
1585 1080 1641 1134 in
1673 1085 1728 1135 S.
1781 1083 2140 1154 Scripturam

498 1165 925 1229 Quatstionibus
978 1167 1311 1235 subjectum
1361 1169 1637 1237 vidimus,
1691 1189 1806 1226 una
1840 1190 1970 1227 cum
2005 1191 2139 1245 apo-

501 1253 735 1326 cryphis
765 1254 1110 1326 simpliciter
1140 1257 1595 1314 adnumeratur:
1629 1264 1685 1314 et
1726 1259 1911 1331 ipsius
1945 1264 2141 1316 Hiero-

501 1345 660 1416 nymi
719 1344 774 1397 in
824 1345 1050 1414 Prologo
1096 1346 1312 1415 galeato
1382 1349 1658 1420 suffragio
1704 1353 2026 1416 accedente,
2088 1358 2142 1406 et

502 1433 845 1488 universalis
891 1433 1154 1488 Ecclesiae
1203 1435 1377 1490 simul
1425 1437 1665 1505 judicio,
1708 1455 1837 1509 qua)
1868 1441 2141 1495 Barnabas

501 1523 783 1593 scriptum
815 1522 1042 1577 nullum
1076 1523 1134 1578 in
1168 1542 1397 1580 sacrum
1431 1527 1720 1582 Canonem
1756 1546 2014 1600 unquam
2047 1531 2143 1584 ad-

504 1611 736 1666 misisse
766 1619 1061 1684 comperta
1092 1619 1180 1668 est
1210 1618 1461 1670 Montani
1490 1616 1644 1671 enim
1679 1618 1884 1688 spiritu
1911 1620 2144 1675 afﬂatus

503 1701 612 1756 fuit
639 1701 1030 1756 Tertullianus
1054 1705 1117 1770 ¹²,
1143 1720 1275 1758 cum
1307 1705 1564 1776 epistolae
1597 1707 1667 1760 ad
1700 1708 1966 1763 Hebraeos
2008 1710 2143 1764 Bar-

503 1791 666 1845 nabas
699 1790 884 1873 afﬁxit
938 1791 1217 1847 titulum:
1279 1799 1334 1848 et
1392 1793 1572 1849 altera
1629 1796 1769 1867 hmo,
1799 1798 1832 1864 ἡ
1866 1797 2140 1873 φερομένη

2250 640 2682 696 consolatoriam
2714 642 2860 714 (quae
2886 645 3088 714 saepius
3137 643 3353 697 dicitur
3403 643 3523 698 ideo
3568 645 3790 715 scripta,
3832 648 3898 699 ut

2254 728 2473 784 lectores
2504 729 2664 785 laatos
2696 731 2950 801 faceret),
3001 747 3074 785 ea:
3121 733 3434 800 argumenti
3484 730 3894 803 designatione,

2252 817 2319 870 ab
2349 827 2577 872 auctore
2608 820 2745 889 ipso,
2775 819 3094 883 Barnabas,
3121 820 3232 874 sive
3263 817 3610 888 consolator,
3641 819 3893 889 appella-

2253 910 2405 967 tam;
2437 924 2496 962 eo
2540 911 2657 979 fere
2700 908 2856 963 modo
2902 925 3009 980 quo
3062 908 3201 962 liber
3245 907 3550 962 Salomonis
3591 907 3894 974 Coheleth,

2249 998 2362 1051 sive
2393 996 2791 1062 Ecclesiastes,
2837 997 3075 1063 dicitur;
3125 1000 3219 1050 aut
3274 999 3492 1052 Hermae
3526 1013 3660 1068 opus
3689 1001 3900 1052 Pastor

2252 1087 2595 1140 inscribitur.
2643 1086 2918 1158 Quidquid
2963 1088 3057 1151 sit,
3104 1102 3315 1141 necesse
3360 1091 3440 1141 est
3486 1090 3548 1140 ut
3589 1088 3894 1156 fateamur,

2252 1177 2455 1245 optima
2486 1175 2589 1243 ﬁde
2619 1175 2935 1244 scriptorem
2967 1175 3116 1229 hunc
3143 1191 3306 1229 usum
3341 1176 3514 1243 fuisse
3545 1191 3566 1234 ;
3613 1191 3722 1230 non
3754 1176 3895 1230 alie-

2250 1279 2368 1328 nos,
2400 1265 2508 1317 imo
2566 1280 2674 1318 non
2728 1265 2960 1336 aliquos,
3019 1265 3318 1335 captavisse
3370 1265 3564 1318 titulos
3586 1282 3606 1324 ;
3644 1266 3742 1319 hoc
3770 1280 3896 1319 vero

2251 1353 2429 1408 solum
2458 1354 2570 1408 sibi
2598 1369 2898 1423 arrogasse,
2931 1358 2991 1407 ut
3021 1369 3118 1408 ceu
3165 1369 3194 1408 e
3241 1352 3486 1423 ﬁdelium
3532 1369 3703 1425 grege
3732 1355 3899 1407 mini-

2250 1460 2372 1496 mus
2403 1443 2631 1513 aliquis,
2665 1460 2807 1497 unus
2834 1459 2904 1497 ex
2933 1443 3067 1509 illis,
3099 1445 3277 1513 frater
3313 1442 3578 1502 fratribus
3624 1443 3898 1497 salutaria

2253 1533 2461 1586 monita
2484 1540 2831 1603 proponeret,
2860 1549 2964 1603 per
2991 1533 3180 1586 omnia
3209 1532 3540 1586 orthodoxus
3592 1535 3640 1585 et
3684 1534 3899 1603 aposto-

2253 1622 2455 1685 lorum,
2483 1623 2794 1692 praesertim
2824 1624 2880 1675 8.
2912 1623 3098 1685 Pauli,
3130 1622 3372 1689 vestigiis
3420 1623 3671 1675 insistens
3697 1638 3716 1672 :
3765 1625 3824 1674 ut
3848 1622 3903 1674 si

2251 1727 2361 1765 non
2393 1712 2641 1765 laborum
2670 1715 2720 1765 et
2752 1713 3035 1775 itinerum,
3075 1711 3276 1766 saltem
3322 1711 3640 1782 dogmatum
3670 1711 3902 1780 partici-

2248 1817 2374 1872 pem
2401 1802 2604 1870 ubique
2631 1816 3017 1869 agnoscamus.
3068 1801 3281 1854 Interea
3319 1798 3899 1862 animadvertendum,

505 1872 747 1953 Βαρνάϐα
779 1878 1062 1949 ἐπιστολή,
1099 1882 1169 1936 ab
1221 1883 1534 1937 Eusebio”
1591 1901 1702 1939 non
1755 1872 1947 1940 solum
1997 1888 2220 1984 interB
2253 1890 2554 1944 Historiam
2611 1891 2751 1954 Jobi,
2810 1889 2971 1954 Ruth,
3005 1887 3271 1958 Estheris,
3320 1892 3373 1943 et
3399 1888 3897 1958 Paralipomenon,

504 1969 821 2039 scripturas
851 1972 1044 2040 quibus
1071 1972 1482 2039 contradicitur,
1511 1974 1610 2029 sed
1643 1975 1816 2030 etiam
1864 1976 2016 2030 inter
2045 1991 2142 2030 no-

502 2057 628 2112 thas
657 2057 990 2113 collocatur.
1024 2059 1092 2114 Ut
1122 2060 1216 2114 hic
1253 2061 1429 2116 etiam
1489 2061 1680 2117 locum
1731 2063 1959 2133 habeat,
1990 2066 2139 2134 quod

503 2147 575 2201 de
604 2146 734 2202 aliis
755 2148 1017 2218 ejusdem
1040 2150 1269 2220 generis
1290 2151 1361 2205 ab
1383 2153 1708 2222 Augustino
1731 2154 1878 2208 “est
1898 2153 2139 2208 dictum.

506 2238 630 2292 ch
657 2238 857 2308 scripta
885 2241 1109 2293 castitas
1143 2239 1378 2294 Cononis
1424 2257 1531 2295 non
1575 2244 1817 2313 recepit:
1848 2259 1956 2297 non
2005 2243 2145 2314 quod

503 2341 690 2381 eorum
736 2327 1038 2395 hominum,
1100 2332 1195 2398 qui
1251 2330 1358 2384 Deo
1421 2331 1772 2401 placuerunt,
1827 2332 2147 2403 reprobetur

503 2416 807 2470 auctoritas
828 2433 848 2474 ;
901 2415 994 2471 sed
1023 2417 1163 2486 quod
1222 2419 1330 2472 ista
1384 2434 1494 2472 non
1545 2419 1846 2475 credantur
1903 2423 2146 2485 ipsorum

505 2519 637 2558 εδδιῖ.

578 2615 605 2641 ‹‹
640 2593 984 2664 Quanquam
1017 2611 1129 2650 non
1149 2595 1318 2668 longe
1340 2601 1468 2668 post
1489 2597 1674 2668 ipsius
1703 2601 1978 2654 Barnabas
1999 2605 2142 2655 tem-

506 2698 649 2753 pora
678 2687 973 2738 exaratam
1007 2685 1188 2740 fuisse
1239 2685 1388 2741 hanc
1449 2687 1788 2757 Epistulam,
1849 2693 1934 2744 tot
1985 2689 2083 2743 illa
2114 2708 2147 2744 a

507 2769 802 2828 Clemente
832 2773 1220 2829 Alexandrino
1271 2776 1390 2846 (qui
1444 2776 1704 2847 proximo
1755 2783 1884 2848 post
1915 2783 2142 2850 aposto-

505 2860 594 2916 los
622 2860 833 2916 saaculo
863 2861 1096 2932 claruit)
1126 2880 1193 2918 ex
1223 2880 1309 2934 ea,
1343 2865 1399 2918 in
1434 2866 1768 2921 Stromatum
1810 2865 1995 2938 libris,
2022 2867 2146 2922 lau-

508 2950 646 3004 data
669 2951 1027 3021 testimonia,
1063 2952 1236 3007 ﬁdem
1268 2953 1505 3010 faciunt.
1531 2955 1752 3019 Quibus
1781 2960 1838 3010 et
1869 2955 1968 3012 illa
1997 2957 2150 3027 ejus-

513 3038 643 3093 dem
678 3040 735 3094 in
767 3040 1087 3112 Paedogogo,
1124 3041 1229 3096 lib.
1272 3060 1333 3108 ιι,
1355 3059 1478 3113 cap.
1503 3045 1586 3113 10,
1611 3046 2146 3116 adjungereliceat:

511 3125 608 3179 Καὶ
639 3127 728 3180 τὸν
761 3127 853 3199 μὲν
910 3127 1092 3202 λαγὼν
1145 3136 1259 3183 κατ’
1315 3128 1430 3191 ἔτος
1486 3129 1822 3187 πλεονεκτεῖν
1883 3154 2008 3209 φασι
2049 3134 2148 3202 τήν

512 3213 818 3292 ἀφόδευσιν,
853 3216 929 3277 εἷς
960 3217 1224 3291 ἀριθμοὺς
1276 3221 1359 3280 οἷς
1413 3215 1668 3294 βεϐίωκεν
1730 3217 1894 3276 ἔτεσιν
1930 3220 2151 3297 ἴσχοντα

2251 1979 2497 2048 aliosque
2527 1995 2596 2032 ex
2625 1979 2786 2032 libris
2825 1979 2883 2031 in
2938 1978 3265 2032 Hebraicum
3315 1975 3588 2031 Cononem
3638 1979 3900 2046 receptis,

2251 2067 2393 2138 quod
2408 2067 2629 2138 pariter
2651 2068 2853 2122 obtinet
2899 2068 2959 2121 in
3005 2067 3245 2136 Epistola
3292 2065 3363 2120 ad
3409 2065 3671 2134 Hebrazos,
3702 2069 3902 2118 aucto-

2252 2174 2379 2211 rum
2405 2159 2633 2212 nomina
2661 2157 2892 2212 minime
2919 2158 3206 2227 prmferre,
3257 2159 3314 2209 et
3371 2158 3553 2209 tamen
3579 2153 3645 2209 de
3673 2153 3903 2208 illorum

2253 2247 2357 2316 ﬁde
2410 2247 2569 2300 nulla
2621 2253 2700 2301 est
2749 2247 3142 2301 controversia.
3220 2243 3448 2299 Interim
3506 2241 3907 2314 dispiciendum

2254 2335 2490 2402 videtur,
2522 2351 2725 2389 annos
2781 2337 2883 2390 hac
2931 2337 3246 2405 tempestate
3302 2333 3500 2387 rectius
3546 2332 3611 2387 de
3637 2329 3907 2402 Epistolas

2253 2427 2416 2496 hujus
2473 2429 2699 2480 auctore
2750 2426 3025 2494 possimus
3071 2423 3352 2494 judicare,
3408 2437 3575 2494 quam
3628 2423 3724 2491 qui
3763 2435 3906 2490 pro-

2253 2517 2406 2570 ximo
2439 2515 2680 2568 vixerint
2707 2514 2931 2569 saeculo.
2970 2513 3214 2568 Clemens
3266 2510 3693 2580 Alexandrinus,
3743 2513 3911 2579 atque

2256 2606 2532 2673 Origenes,
2565 2604 2662 2674 qui
2711 2603 2766 2657 8.
2827 2602 3100 2658 Barnabas
3155 2603 3472 2671 ascripsere.
3532 2603 3704 2654 Porro
3734 2598 3902 2652 adno-

2255 2693 2504 2762 tandum,
2535 2693 2732 2763 scripto
2783 2691 2957 2746 alicui
3003 2707 3110 2746 non
3174 2689 3293 2744 ideo
3339 2690 3529 2744 statim
3559 2688 3737 2758 ﬁdem
3784 2703 3906 2741 om-

2255 2799 2380 2836 nem
2419 2782 2694 2850 abrogari,
2745 2781 2798 2834 si
2843 2779 2908 2834 de
2954 2779 3070 2848 ejus
3113 2784 3340 2834 auctore
3390 2775 3686 2846 aliquando
3730 2776 3907 2844 fuerit

2256 2871 2592 2934 dubitatum,
2621 2875 2724 2922 aut
2763 2870 2815 2923 si
2861 2870 3045 2939 ipsum
3088 2881 3187 2939 per
3231 2864 3454 2936 aliquod
3511 2869 3725 2933 tempus
3759 2863 3906 2918 deli-

2259 2960 2450 3014 tuerit.
2504 2959 2715 3012 Norunt
2764 2956 2967 3011 eruditi
2998 2955 3111 3010 hate
3163 2970 3281 3025 ipsa
3328 2955 3552 3022 scriptis
3579 2951 3910 3023 quibusdam

2260 3049 2319 3104 in
2351 3049 2622 3103 Canonem
2649 3061 2798 3099 nunc
2825 3053 2879 3099 et
2915 3044 3049 3098 olim
3094 3043 3326 3113 receptis
3373 3040 3630 3096 accidisse
3654 3058 3667 3108 ;
3697 3044 3750 3095 et
3779 3054 3910 3110 qua?

2259 3137 2323 3191 de
2351 3137 2408 3190 S.
2443 3133 2715 3190 Barnabas
2743 3133 2970 3203 epistola
2998 3134 3170 3203 refert
3215 3129 3495 3198 Eusebius,
3542 3128 3730 3184 eadem
3778 3144 3910 3182 eum

2261 3241 2368 3280 non
2394 3223 2550 3278 modo
2579 3222 2646 3276 de
2702 3221 2754 3276 8.
2789 3222 3016 3276 Joannis
3067 3220 3394 3292 Apocalypsi
3444 3227 3498 3273 et
3550 3219 3604 3273 S.
3655 3217 3817 3273 Iudae
3855 3224 3909 3271 et

509 3289 736 3379 τρυπάςο
771 3308 902 3371 Quae
933 3289 1003 3363 es
1032 3309 1160 3364 istis
1182 3289 1447 3380 Epistolis
1469 3311 1645 3381 hujus
1665 3289 1999 3367 mutuatum
2009 3289 2151 3367 eum
2183 3289 2225 3356 (ἶ
2267 3314 2553 3370 catholicis
2602 3311 2864 3366 omnibus
2894 3289 3176 3382 Epistolis,
3225 3289 3320 3364 sed
3363 3308 3536 3362 etiam
3583 3307 3655 3362 de
3693 3306 3805 3378 illa
3832 3305 3910 3362 ad

512 3395 716 3463 fuisse,
741 3397 965 3452 monuit
989 3413 1082 3452 me
1099 3403 1159 3453 D.
1179 3402 1386 3454 Petrus
1407 3400 1724 3466 Turnerus,
1749 3401 2073 3457 Savilianus
2094 3402 2152 3456 in

513 3485 820 3541 Academia
841 3486 1150 3542 Oxoniensi
1172 3489 1500 3544 matheseos
1518 3491 1812 3561 professor
1830 3491 2156 3546 eruditissi-

517 3575 829 3628 mus:"O-.'.
956 3571 1172 3648 λαγῶος
1227 3577 1344 3630 κατ’
1402 3576 1638 3632 ἐνιαυτὸν
1701 3574 2016 3632 πλεονεκτεῖ
2055 3578 2152 3644 τήν

515 3657 820 3736 ἀφόὸευσιν·
855 3660 950 3714 ὅσα
979 3663 1078 3738 γὰρ
1112 3658 1226 3732 ἔτη,
1291 3667 1374 3734 ζῇ,
1433 3666 1691 3727 τοσαύτας
1749 3665 1859 3741 ἔχει
1918 3666 2147 3738 τρυπάς.

514 3751 623 3807 Sed
655 3756 712 3806 et
741 3751 996 3823 aliquam
1030 3753 1123 3807 hic
1176 3755 1488 3824 praeferunt
1533 3758 1836 3812 vetustatis
1877 3757 2153 3830 speciem,

515 3841 777 3912 ipsarum
809 3843 1271 3914 apocrypharum
1295 3844 1738 3916 scripturarum,
1767 3863 2015 3918 quarum
2034 3847 2155 3916 jam

515 3931 614 3986 diu
648 3931 706 3985 in
738 3931 995 3986 Ecclesia
1024 3932 1304 3988 obsolevit
1347 3935 1650 3999 memoria,
1699 3936 2004 3991 citationes
2043 3952 2156 3991 non

517 4037 754 4091 paucae:
790 4021 942 4076 inter
961 4037 1108 4092 quas
1139 4026 1196 4076 et
1225 4021 1383 4077 illam
1418 4024 1662 4078 fortasse
1710 4024 1843 4096 quis
1873 4041 2156 4079 annume-

517 4110 764 4167 raverit:
797 4112 978 4180 Regna
1010 4112 1068 4164 in
1099 4113 1261 4166 terris
1289 4113 1470 4167 decem
1501 4115 1845 4182 regnabant:
1878 4117 1929 4167 et
1974 4131 2160 4169 resur-

514 4202 605 4268 get
632 4206 774 4254 retro
799 4198 1065 4268 pusillus,
1116 4202 1213 4270 qui
1256 4202 1487 4272 deponet
1540 4207 1654 4257 tres
1682 4204 1743 4256 in
1772 4219 1983 4270 unum;
2025 4200 2192 4258 licet'

517 4303 586 4343 ea
615 4287 870 4343 Danielis
901 4289 1157 4362 capitulo
1187 4307 1285 4358 v11,
1319 4291 1402 4346 uti
1433 4291 1571 4347 olim
1606 4292 1663 4347 in
1696 4292 1833 4346 LXX
1874 4294 2159 4365 Interpre-

515 4381 643 4432 tum
673 4377 928 4433 editione
957 4377 1277 4450 legebatur,
1304 4380 1674 4452 desumptam
1698 4382 1881 4438 fuisse
1903 4398 2006 4454 ego
2030 4381 2160 4454 qui-

519 4466 650 4522 dem
684 4465 1132 4522 existimaverim
1165 4485 1178 4522 :
1209 4484 1342 4522 cum
1375 4468 1788 4524 Theodotionis
1819 4469 2162 4540 interpreta-

515 4555 617 4622 tio,
651 4571 827 4628 quam
860 4556 920 4610 in
951 4555 1207 4624 Daniele,
1230 4555 1412 4612 altera
1441 4558 1542 4613 illa
1573 4558 1927 4626 Posthabita,
1970 4558 2160 4613 Eccle-

2263 3403 2534 3467 Hebraeos,
2567 3416 2690 3474 quae
2736 3415 2886 3454 nunc
2932 3400 2990 3453 S.
3041 3400 3220 3455 Paulo
3261 3397 3580 3462 ascribitur,
3614 3396 3735 3450 licet
3765 3394 3908 3450 olim

2262 3497 2322 3549 S.
2358 3493 2634 3547 Barnabw
2664 3491 3055 3560 imputaretur,
3087 3487 3360 3544 retulisse.

2337 3581 2557 3636 Constat
2582 3579 2886 3650 Epistolam
2935 3579 3094 3648 hanc,
3141 3591 3266 3649 quae
3293 3577 3412 3646 fere
3434 3581 3543 3630 tota
3561 3576 3642 3628 est
3672 3575 3733 3628 in
3762 3574 3912 3645 Syn-

2265 3685 2460 3742 agogze
2490 3670 2706 3734 ritibus,
2736 3675 2786 3722 et
2828 3671 3152 3723 sanctarum
3198 3665 3621 3732 Scripturarum
3656 3665 3914 3733 mysticis

2265 3759 2516 3814 sensibus
2561 3757 2892 3821 evolvendis,
2941 3756 3012 3810 ad
3056 3755 3210 3810 rudis
3251 3755 3410 3821 vulgi
3448 3755 3671 3823 captum
3724 3753 3913 3805 minus

2266 3847 2740 3911 accommodatam,
2791 3854 2843 3900 et
2882 3843 3110 3916 proinde
3147 3842 3450 3898 verisimile
3495 3844 3575 3896 est
3603 3857 3641 3896 a
3685 3842 3918 3895 lectione

2267 3939 2386 4008 ejus
2429 3937 2652 4007 publica
2707 3935 3010 3990 Ecclesium
3057 3935 3179 4003 post
3221 3940 3429 4002 tempus
3471 3928 3693 4001 aliquod
3740 3928 3915 3983 absti-

2266 4028 2488 4082 nuisse:
2521 4024 2658 4094 quod
2689 4031 2741 4078 et
2794 4023 2954 4079 hodie
3007 4024 3212 4093 factum
3267 4019 3334 4075 de
3383 4019 3670 4098 nminullis
3715 4034 3912 4074 recon-

2268 4116 2489 4170 ditioris
2536 4114 2849 4184 argumenti
2890 4110 3164 4183 periochis
3209 4124 3334 4180 quae
3387 4097 3458 4164 in.
3493 4097 3918 4185 sacroCanone

2267 4205 2642 4260 continentur.
2694 4203 2800 4257 Hoc
2838 4216 2972 4256 vero
3011 4199 3244 4269 ﬁdenter
3289 4197 3551 4266 dixerim,
3599 4194 3917 4276 Epidolam

2270 4294 2411 4350 hanc
2439 4308 2540 4363 quo
2564 4292 2814 4363 penitius
2843 4287 3216 4358 intelligetur,
3245 4303 3305 4343 eo
3360 4277 3719 4358 acceptiorent
3758 4287 3917 4356 futu-

2269 4400 2412 4452 ram,
2441 4391 2492 4437 et
2521 4382 2591 4436 ad
2618 4396 2908 4437 sacrarum
2938 4381 3292 4445 Litterarum,
3341 4391 3442 4431 nec
3484 4391 3591 4432 non
3643 4376 3916 4446 antiquis-

2270 4475 2538 4528 simorum
2563 4469 3212 4540 Patrummgni'timem
3261 4467 3570 4538 plurimum
3613 4467 3920 4535 facturam.

2270 4567 2608 4632 Quanquam
2643 4552 2800 4618 enim
2845 4565 3136 4628 perpetuus
3191 4555 3398 4611 Veteris
3445 4555 3803 4610 Instrumenti
3848 4553 3918 4607 ad

519 4645 667 4700 siam
719 4649 919 4717 postea
971 4647 1256 4718 recepisse
1313 4648 1621 4702 conﬁrmat
1686 4648 2074 4721 Hieronymus
2099 4650 2162 4714 15,
2195 4657 2242 4721 Β
2276 4651 2540 4707 Messium
2586 4653 2857 4720 respectus
2901 4647 3059 4701 nobis
3098 4646 3256 4718 quasi
3301 4660 3396 4716 per
3443 4648 3802 4698 transennam
3850 4658 3920 4697 ea:

517 4733 668 4790 hanc
698 4735 867 4790 nobis
898 4735 1068 4790 hodie
1093 4735 1400 4791 lectionem
1466 4736 1768 4792 exhibeat:
1822 4735 1955 4790 Δὲκα
2015 4737 2160 4810 βασι-

516 4821 632 4884 λεῖς
665 4822 1074 4893 ἀναστήσονται,
1105 4823 1192 4876 καὶ
1226 4823 1509 4880 ditio-(ou...
1545 4849 1572 4875 ))

587 4915 816 4984 Reliqua
843 4913 1261 4970 desiderantur:
1321 4915 1450 4984 quid
1496 4918 1677 4970 autem
1731 4915 2159 4980 eruditissimus,

513 5003 796 5059 Hiberniae
813 5004 983 5074 juxta
1038 5008 1090 5058 et
1147 5004 1386 5060 melioris
1434 5005 1758 5060 litteraturae
1812 5007 2047 5076 primas,
2095 5006 2161 5060 de

514 5094 770 5161 epistolae
798 5093 963 5163 hujus
1010 5101 1228 5148 auctore
1274 5096 1524 5162 senserit,
1585 5110 1898 5166 quanquam
1955 5111 2065 5150 non
2093 5112 2164 5150 ex

516 5181 677 5238 dictis
736 5183 945 5254 liquido
1001 5187 1287 5254 appareat,
1353 5183 1570 5238 indicia
1625 5191 1806 5238 tamen
1863 5190 1993 5239 sunt
2025 5187 2161 5239 satis

517 5272 674 5326 clara
704 5288 832 5342 quae
877 5272 1039 5342 ﬁdem
1096 5276 1332 5342 faciant.
1377 5273 1721 5344 propcndisse
1751 5290 1874 5328 eum
1931 5276 1991 5328 in
2020 5275 2160 5328 hanc

516 5362 867 5426 sententiam,
924 5363 983 5415 ut
1041 5362 1281 5417 crederet
1338 5378 1471 5433 Opus
1531 5364 1628 5416 hoc
1686 5365 1950 5434 scriptori
1977 5366 2159 5434 ignoto

517 5449 860 5505 deberit-Isto
889 5467 1013 5521 ergo
1044 5453 1172 5506 huic
1198 5455 1356 5521 operi
1411 5453 1600 5506 alie-na
1624 5469 1796 5508 manu
1817 5453 1871 5508 S.
1892 5455 2159 5509 Barnabae

2271 4739 2514 4796 Chaldaei
2556 4738 2945 4808 Pnraphrastis
2989 4737 3287 4799 striaturis,
3335 4733 3666 4805 scriptorum
3706 4731 3920 4788 Talmu-

2268 4829 2533 4897 dicorum,
2562 4827 3043 4896 .Rabbznorumque
3101 4821 3371 4893 malignis
3419 4823 3922 4892 interpretamentis

2269 4919 2613 4989 compareat:
2643 4917 2776 4971 olim
2803 4918 2998 4970 tamen
3053 4912 3266 4984 quando
3315 4914 3379 4966 in
3425 4912 3576 4966 omni
3623 4909 3920 4984 Synagoga

2268 5005 2716 5062 hebdomadatim
2761 5021 2872 5060 non
2919 5003 3068 5058 lectae
3119 5008 3364 5067 tantum,
3417 4999 3510 5055 sed
3556 5006 3609 5055 et
3639 5001 3917 5056 enarrata

2267 5099 2424 5152 erant
2451 5095 2781 5166 Scripturae;
2800 5090 3067 5148 Midrasch
3095 5091 3201 5145 iste
3223 5090 3512 5161 mysticus,
3531 5088 3645 5144 sive
3671 5104 3912 5160 evange-

2270 5187 2406 5241 licus
2436 5185 2635 5240 Veteris
2665 5182 3032 5238 lnstrumenti
3057 5195 3266 5245 sensus,
3293 5194 3403 5234 non
3450 5181 3637 5233 minus
3663 5177 3918 5233 omnibus

2269 5275 2515 5330 innotuit
2546 5289 2711 5344 quam
2739 5272 2852 5343 ipse
2879 5285 3033 5325 sacer
3060 5273 3242 5324 textus
3261 5285 3281 5321 :
3312 5271 3366 5322 et
3393 5267 3624 5339 proinde
3669 5283 3782 5323 non
3810 5266 3916 5320 mi-

2267 5381 2371 5420 nus
2401 5363 2602 5419 idonea
2631 5359 3008 5434 suppeditabat
3037 5366 3367 5428 argumenta
3417 5357 3489 5412 ad
3531 5355 3920 5413 convincendos

2270 5455 2504 5523 Judazos,
2529 5468 2703 5524 quam
2731 5467 2797 5506 ea
2812 5464 2936 5522 qua
2956 5465 3028 5504 ea:
3047 5447 3427 5504 disertissimis
3446 5461 3734 5502 sacrarum
3754 5447 3918 5501 Litte-

594 5575 1008 5654 ‘3,Ter_t_uliam.
1044 5579 1436 5654 Depudicitia,
1465 5580 1690 5654 capm20,
1719 5583 1779 5654 et
1811 5595 2016 5654 exeo,
2050 5579 2410 5654 H_ieronym.,
2445 5573 2686 5654 Catalog.
2721 5577 2909 5654 script.
2939 5573 3233 5654 ecclesiast.
3257 5571 3549 5654 infante.
3685 5571 3919 5637 Euseb.,

517 5649 740 5726 llblAVl”
764 5649 964 5726 Histor.
1032 5642 1328 5726 ecclesiast,
1388 5668 1505 5724 κεφ.
1537 5642 1627 5705 26'.
1677 5642 1776 5704 ἰδ’.
1810 5651 1870 5705 ld
1902 5651 2061 5717 ibid,
2095 5651 2131 5706 l.

2260 5642 2420 5726 ,υκεφξ
2450 5655 2541 5704 κε’.
2580 5642 2984 5720 ¹⁸Ἀιιειιὲῐὶῑι.,
3043 5646 3116 5701 De
3157 5644 3368 5699 civitat.
3427 5644 3546 5710 Dei,
3595 5642 3697 5698 lib.
3758 5659 3916 5709 xvm,

519 5739 569 5778 ο.
603 5721 671 5776 38
703 5721 743 5754 ’⁵
772 5720 1013 5789 Pra’fat.
1047 5723 1111 5776 in
1131 5723 1343 5776 Daniel.
