4090 6340
253 395 376 456 673

1654 393 2268 454 PROLEGOMENA.

3538 400 3655 460 674

252 545 453 583 rarum
514 529 721 583 vocibus
775 530 1003 598 fuissent
1059 528 1305 583 deducta.
1364 528 1502 581 Hinc
1546 529 1753 596 factum
1799 530 1895 595 est,
1928 526 1983 590 Α
2010 528 2200 595 fuerit,
2230 526 2495 581 inuidiam
2522 529 2702 595 facere
2732 552 2744 593 ;
2776 544 2844 581 ne
2874 529 3125 598 iniquum
3151 531 3401 600 petendo,
3427 547 3486 587 eo
3515 533 3651 603 quod

253 618 401 689 quod
450 619 708 673 Dominus
758 622 943 673 noster
994 626 1045 672 et
1073 618 1187 688 ejus
1235 617 1489 687 apostoli,
1520 619 1637 686 fere
1694 617 1900 683 passim

252 707 519 762 adversus
545 706 763 763 Judaaos
812 707 1009 762 exinde
1055 715 1387 777 argumenta
1434 706 1903 776 deprompserint:

258 801 314 850 et
344 798 396 851 si
421 799 563 865 forte
611 795 815 866 aliqua
858 795 1001 866 apud
1029 804 1306 850 auctorem
1337 799 1584 849 nostrum
1605 799 1903 849 occurrant

256 899 385 955 quae
432 886 649 955 longius
694 887 867 955 petita
922 884 1197 953 videntur,
1249 885 1351 939 illa
1392 886 1535 954 ipsa,
1570 888 1665 937 aut
1715 900 1901 938 eorum

252 976 453 1029 saltem
484 976 710 1045 vestigia
741 976 801 1028 in
830 975 1087 1044 Epistolis
1118 974 1373 1029 Paulinis
1401 975 1525 1043 quis
1563 975 1761 1043 poterit
1816 990 1898 1027 re-

249 1065 459 1133 perire.

326 1152 434 1207 Sed
480 1154 737 1208 nolumus
779 1155 1058 1223 pertinaci
1098 1155 1263 1208 nimis
1306 1154 1638 1223 patrocinio.
1674 1152 1727 1205 S.
1764 1152 1900 1206 Bar-

247 1242 430 1312 nabas,
488 1252 587 1298 aut
627 1244 936 1313 quicunque
964 1243 1227 1313 Epistolas
1256 1242 1418 1313 hujus
1448 1246 1638 1296 auctor
1676 1241 1900 1296 demum

1923 1506 1997 1564 V.

2012 631 2233 685 (equum
2284 618 2360 669 est
2408 616 2741 671 excidemus.
2804 616 3007 673 Modica
3077 624 3199 674 sunt
3261 636 3361 691 que
3422 623 3482 674 in
3537 624 3651 693 ejus

2013 708 2247 773 gratiam
2297 706 2586 773 poscimus,
2634 722 2752 770 nec,
2807 715 2867 759 ut
2912 716 3059 776 puto,
3104 709 3270 776 facile
3308 712 3654 764 recusanda:

2014 801 2074 847 ut
2106 795 2373 847 nimirum
2402 796 2452 847 si
2480 811 2584 848 non
2628 797 2750 865 ipsi,
2784 797 2971 850 saltem
2999 798 3168 850 annis
3196 799 3311 867 ejus
3354 799 3520 853 honos
3549 800 3657 853 ha-

2014 884 2248 935 beatur:
2291 884 2342 936 si
2372 898 2478 935 non
2525 884 2827 951 apostolum
2871 901 3251 955 agnoscamus,
3301 903 3426 941 eum
3467 892 3654 942 tamen

2010 988 2109 1024 ceu
2140 973 2360 1025 Patrem
2390 987 2769 1025 revereamur:
2800 982 2849 1026 et
2880 974 3115 1041 demum,
3164 977 3215 1029 si
3243 992 3347 1030 non
3382 979 3441 1030 in
3475 977 3653 1032 Cano-

2011 1076 2137 1113 nem
2161 1061 2317 1113 illum
2338 1060 2707 1129 recipiendum
2740 1062 3023 1129 ducamus,
3052 1062 3252 1118 saltem
3298 1068 3354 1118 in
3399 1064 3648 1121 classicis

2009 1141 2380 1218 scriptoribus,
2417 1165 2517 1219 pro
2563 1148 2841 1219 dignitate
2878 1168 3041 1220 quam
3071 1155 3199 1207 olim
3241 1154 3475 1209 obtinuit
3496 1156 3651 1227 apud

2010 1238 2265 1293 Ecclesiae
2292 1240 2577 1307 scriptores
2599 1241 3033 1310 antiquissimos,
3066 1259 3433 1300 numeremus.

389 1630 486 1705 (D.
558 1630 651 1687 LE
723 1630 1067 1701 NOUBRY,
1142 1631 1489 1711 Apparatus
1551 1629 1630 1690 ad
1710 1628 1906 1769 βίίέἰίῖ)

1716 1727 1907 1769 1n-o.

2024 1649 2147 1771 ragg
2176 1631 2504 1789 )maximam
2577 1640 2686 1690 vet.
2768 1629 2968 1703 Patr.,
3044 1631 3239 1691 Paris.
3318 1634 3499 1705 i703,

1716 1727 1913 1769 1n-101.
1929 1757 1942 1784 ,
1975 1730 2034 1789 p.
2071 1727 2167 1771 au.

718 1941 1109 1997 ARTICULUS
1160 1941 1436 1998 PRIMUS.

576 2030 831 2101 Analysis
869 2031 1122 2101 Epistolas
1169 2030 1224 2084 S.
1277 2031 1579 2086 Barnabas.

324 2123 547 2174 Auctor
575 2118 753 2187 hujus
781 2118 1067 2190 Epistolas,
1101 2120 1403 2191 praemissa
1430 2135 1632 2175 eorum
1660 2119 1730 2173 ad
1758 2135 1905 2189 quos

250 2205 459 2261 scribit
514 2204 671 2259 brevi
722 2205 1092 2273 salutatione,
1144 2206 1346 2261 laudat
1400 2207 1640 2262 illorum
1700 2208 1899 2274 ﬁdem,

252 2294 624 2359 charitatem,
655 2292 908 2365 aliaque,
942 2294 1157 2366 quibus
1190 2296 1389 2366 repleti
1425 2301 1606 2361 erant,
1651 2296 1907 2367 Spiritus

257 2382 449 2438 sancti
480 2383 651 2437 dona.
684 2382 856 2438 Nulla
884 2400 1017 2438 vero
1049 2383 1163 2439 alia
1190 2385 1413 2440 ratione
1444 2385 1707 2440 animum
1740 2401 1802 2439 se
1835 2386 1905 2439 ad

257 2472 637 2527 scribendum
669 2471 967 2543 appulisse
998 2474 1317 2544 proﬁtetur,
1344 2474 1455 2528 nisi
1488 2479 1551 2529 ut
1572 2474 1745 2528 ﬁdem
1778 2473 1903 2528 illo-

262 2578 395 2615 rum
435 2559 833 2632 perfectiorem
886 2562 1170 2628 redderet,
1221 2564 1666 2634 ostenderetque
1726 2568 1906 2617 Deum

268 2650 397 2704 ideo
429 2648 742 2720 prophetas
782 2667 887 2704 suo
920 2650 1138 2721 Spiritu
1170 2651 1424 2720 afflasse,
1475 2657 1538 2705 ut
1585 2652 1772 2705 fmdus
1807 2670 1907 2706 no-

266 2754 428 2807 vum,
487 2737 890 2793 Incarnatione
938 2738 1065 2794 Filii
1107 2740 1194 2795 sui
1229 2739 1576 2807 ineundum,
1636 2741 1910 2796 omnibus

266 2827 748 2898 praenuntiarent.
812 2827 955 2882 Hinc
987 2827 1082 2883 ille
1135 2834 1547 2899 argumentum
1597 2846 1771 2884 suum
1810 2847 1908 2901 ag-

264 2932 530 2988 gressus,
563 2932 631 2970 ex
658 2919 997 2972 eorumdem
1028 2918 1443 2989 prophetarum
1469 2919 1718 2974 oraculis
1749 2919 1909 2974 Chri-

266 3010 429 3060 stum
472 3004 783 3060 Dominum
836 3006 970 3076 jure
1025 3006 1229 3062 merito
1287 3006 1432 3079 legis
1483 3008 1746 3063 Mosaicae
1807 3009 1911 3063 ab-

264 3110 505 3166 rogasse
532 3094 839 3162 sacriﬁcia,
873 3094 1153 3166 nullaque
1183 3096 1315 3159 alia,
1368 3113 1544 3167 quam
1585 3097 1825 3168 spiritus
1854 3102 1914 3152 et

265 3184 460 3239 cordis
488 3183 781 3254 postulare
811 3183 1190 3238 demonstrat.
1224 3186 1613 3249 Quamobrem
1643 3184 1774 3241 illos
1796 3185 1910 3240 sol-

264 3271 425 3327 licite
456 3272 751 3336 admonet,
783 3271 854 3325 ab
876 3270 947 3326 iis
978 3277 1240 3336 caveant,
1275 3273 1373 3343 qui
1406 3274 1591 3345 legem
1617 3274 1831 3345 Moysis
1856 3278 1911 3327 et

266 3360 480 3414 Christi
504 3358 680 3415 simul
706 3360 1128 3414 observandam
1152 3378 1279 3415 esse
1303 3362 1592 3416 docerent.
1626 3364 1754 3418 Ideo
1776 3379 1909 3417 vero

265 3449 431 3503 illam
465 3448 774 3503 rescissem
822 3464 950 3503 esse
1008 3450 1247 3519 probat:
1284 3453 1340 3503 ut
1379 3452 1601 3506 dilectio
1628 3454 1755 3507 Iesu
1784 3468 1911 3506 con-

263 3540 517 3608 signetur
548 3540 606 3593 in
634 3537 889 3592 cordibus
917 3539 1111 3592 vestris
1138 3540 1195 3593 in
1226 3555 1373 3609 spem
1399 3542 1534 3609 ﬁdei
1564 3542 1715 3596 illius
1736 3558 1755 3601 ;
1789 3540 1910 3596 his-

266 3645 381 3701 que
414 3627 601 3682 tribus
642 3627 981 3691 virtutibus,
1016 3627 1342 3681 meditemur
1389 3630 1641 3683 timorem
1689 3630 1806 3697 Dei,
1860 3634 1911 3683 et

261 3716 636 3774 custodiamus
666 3716 934 3771 mandata
963 3717 1143 3771 illius.
1197 3717 1454 3771 Subinde
1502 3716 1631 3772 aliis
1664 3718 1907 3789 prophe‘

260 3810 458 3860 tarum
522 3804 663 3859 locis
716 3803 951 3875 planum
999 3806 1203 3876 utique
1252 3805 1388 3859 facit
1430 3805 1723 3860 Christum
1781 3806 1909 3860 ideo

262 3910 501 3949 carnem
541 3893 825 3962 induisse,
878 3898 1242 3964 mortemque
1290 3893 1523 3959 obiisse,
1586 3900 1672 3960 ut,
1706 3895 1909 3949 mortis

265 3982 514 4052 imperio
547 3982 863 4048 destructo,
900 3982 1187 4036 mundum
1220 3982 1505 4054 sanguine
1528 4000 1635 4038 suo
1668 3984 1911 4037 redime-

264 4076 375 4125 ret.
409 4070 568 4133 Quod
601 4068 782 4123 Judaai
817 4085 949 4123 cum
983 4071 1213 4125 credere
1244 4070 1557 4141 noluerint,
1589 4071 1769 4126 voluit
1812 4070 1911 4126 ille

265 4155 648 4229 Evangelium
671 4174 843 4211 suum
896 4158 1172 4212 omnibus
1203 4159 1476 4230 gentibus
1508 4161 1578 4214 ab
1629 4160 1910 4230 apostolis

263 4246 590 4320 praedicari.
625 4246 798 4300 Addit
814 4246 1108 4302 Christum
1134 4251 1190 4301 et
1207 4247 1291 4302 six
1314 4249 1580 4303 exPatris
1603 4254 1908 4321 praecepto,

265 4336 441 4391 sicuti
463 4335 806 4407 praedictum
830 4336 1036 4402 fuerat,
1058 4335 1264 4390 lubens
1295 4342 1565 4392 mortuus
1586 4340 1680 4404 sit,
1718 4338 1909 4409 ipsum

265 4430 465 4480 tamen
498 4440 696 4479 verum
720 4440 846 4479 esse
871 4425 966 4479 Dei
989 4424 1220 4479 Filium.
1248 4425 1505 4497 Explicat
1534 4427 1743 4481 deinde
1774 4445 1912 4499 quo-

265 4513 442 4567 modo
492 4512 790 4583 prephetee
824 4516 881 4567 et
935 4513 1127 4567 verbis
1166 4518 1223 4567 et
1262 4514 1466 4585 ﬁguris
1527 4516 1913 4586 signiﬁearint

262 4602 566 4656 Christum
596 4600 655 4655 in
686 4602 957 4672 passione
980 4607 1135 4657 aceto
1168 4608 1224 4657 et
1246 4602 1373 4657 felle
1397 4606 1739 4674 potandum,
1774 4624 1910 4677 pur-

1930 1948 1977 2011 B
2014 1958 2143 1995 rum
2175 1941 2365 1995 locum
2398 1942 2657 2011 adoptati
2696 1940 3006 1995 Christiani
3033 1943 3510 2014 subrogarentur.
3548 1946 3655 2001 De-

2016 2029 2190 2099 nique
2223 2034 2533 2099 postquam
2556 2029 2624 2083 de
2647 2028 2881 2083 Sabbati
2904 2028 3310 2095 celebratione,
3342 2032 3655 2088 Dominicaa

2014 2118 2126 2172 diei
2162 2118 2544 2183 institutione,
2598 2116 2801 2188 templi
2864 2117 3368 2190 Hierosolymitani
3428 2122 3657 2176 destru-

2015 2208 2222 2269 ctione,
2255 2208 2472 2276 Deique
2495 2207 2552 2260 in
2585 2207 2859 2261 cordibus
2892 2208 3106 2262 nostris
3138 2208 3496 2265 habitatione
3527 2211 3659 2266 dis-

2017 2296 2221 2361 seruit,
2256 2296 2506 2366 primam
2539 2296 2757 2350 claudit
2788 2295 3055 2367 Epistolae
3086 2304 3331 2368 partem.

2088 2384 2148 2438 In
2200 2386 2475 2449 secunda,
2526 2401 2651 2455 qua:
2700 2386 2929 2439 brevior
2958 2391 3064 2451 est,
3096 2386 3310 2455 stylum
3343 2388 3413 2441 ad
3472 2388 3655 2443 infor-

2020 2473 2264 2527 tnandos
2293 2473 2755 2527 Christianorum
2790 2490 2979 2529 mores
3028 2477 3308 2530 convertit
3342 2494 3354 2543 ;
3388 2476 3654 2548 duasque

2018 2566 2322 2631 eapropter
2391 2562 2751 2615 demonstrat
2825 2579 2952 2618 esse
3009 2562 3313 2618 hominum
3362 2565 3506 2620 vias.
3587 2568 3657 2621 Et

2020 2650 2270 2719 priorem
2312 2650 2569 2719 quidem,
2620 2650 2712 2703 cui
2747 2650 2935 2721 angeli
2967 2656 3246 2721 praesunt,
3280 2669 3517 2725 quisque
3565 2656 3658 2709 via

2019 2739 2156 2791 lucis
2208 2737 2438 2803 dicitur,
2481 2754 2613 2791 cum
2673 2738 2940 2809 explicat,
2985 2739 3062 2792 ibi
3119 2740 3255 2810 quid
3290 2741 3657 2799 Christianus

2022 2843 2207 2898 agere,
2244 2826 2382 2897 quid
2416 2829 2612 2897 fugere
2637 2827 2862 2892 debeat,
2888 2828 3155 2882 omnium
3188 2828 3373 2884 oculis
3402 2832 3655 2902 subjicit.

2022 2915 2405 2970 Posteriorem
2436 2931 2589 2980 vero,
2651 2932 2775 2986 qum
2806 2916 2989 2970 subest
3044 2918 3253 2987 angelis
3308 2919 3548 2988 Satanae,
3603 2931 3657 2976 et

2019 3007 2112 3059 via
2142 3004 2489 3058 tenebrarum
2533 3004 2997 3074 cognominatur,
3050 3004 3413 3076 explanando
3471 3010 3656 3079 palam

2021 3092 2117 3146 ille
2154 3093 2289 3146 facit
2320 3108 2447 3162 quae
2476 3091 2595 3146 sint
2622 3093 2779 3157 vitia,
2812 3098 2869 3147 et
2902 3093 3056 3147 mala
3084 3110 3278 3164 opera,
3321 3096 3536 3165 quibus
3567 3098 3653 3151 in-

2022 3181 2261 3252 quinata
2303 3182 2497 3235 anima
2538 3182 2722 3252 poenis
2769 3182 2978 3236 inferni
3010 3182 3315 3238 addicitur.
3362 3188 3656 3241 Postremo

2026 3274 2087 3323 ut
2143 3270 2443 3339 imperatis
2501 3270 2716 3324 divinis
2774 3286 2992 3324 morem
3034 3276 3259 3341 gerant,
3295 3272 3655 3338 adhortatur,

2023 3363 2537 3429 comprecaturque
2586 3364 2647 3412 ut
2680 3359 2772 3413 sui
2824 3357 3196 3413 meminerint
3246 3361 3400 3431 apud
3453 3363 3655 3429 Deum,

2021 3448 2191 3517 cujus
2230 3448 2283 3501 in
2336 3448 2531 3518 gracia
2576 3451 2639 3501 ut
2686 3463 2915 3517 semper
2970 3452 3267 3515 maneant,
3317 3451 3655 3521 expetendo,

2019 3535 2286 3607 Epistolas
2318 3534 2652 3590 coronidem
2683 3535 2944 3605 imponit.

2584 3623 2986 3678 AR’I‘ICULUS
3020 3625 3086 3677 II.

2018 3714 2173 3767 lianc
2202 3713 2493 3788 epistolam
2520 3713 2777 3788 eamdem
2825 3729 2954 3788 esse,
2997 3728 3124 3788 quae
3154 3716 3224 3769 ab
3254 3717 3658 3788 antiquissimis

2406 3785 2660 3839 Ecclesiae
2690 3785 2949 3839 Patribus
2990 3784 3267 3842 laudatur.

2089 3876 2325 3927 Constat
2349 3872 2663 3943 Epistulam
2697 3872 2847 3927 hanc
2893 3876 3156 3928 eamdem
3190 3892 3339 3943 esse,
3372 3892 3549 3946 quam
3584 3879 3658 3932 ab

2021 3962 2566 4032 antiquissimorum
2586 3961 2847 4016 Ecclesiae
2882 3966 3207 4033 temporum
3232 3966 3502 4020 Patribus
3529 3967 3663 4021 Bar—

2020 4051 2181 4104 nabm
2214 4051 2450 4104 nomine
2482 4049 2717 4104 citatam
2745 4051 2924 4106 fuisse
2946 4068 3013 4105 ex
3037 4053 3375 4107 eorumdem
3407 4055 3668 4110 testimo-

2022 4139 2134 4193 niis
2184 4139 2424 4211 planum
2476 4140 2561 4194 ﬁt.
2596 4140 2657 4193 Id
2692 4145 2887 4195 autem
2917 4140 3003 4195 vel
3055 4158 3123 4196 ex
3174 4141 3299 4197 sola
3346 4142 3661 4198 Clementis

1944 4234 1957 4247 '
2018 4228 2389 4283 Alexandrini
2422 4228 2762 4284 auctoritate
2786 4230 3167 4285 invictissime
3198 4231 3655 4288 demonstratur.

2021 4320 2176 4382 Quos
2204 4318 2357 4372 enim
2389 4334 2458 4372 ex
2505 4336 2570 4373 ea
2598 4317 2755 4373 locos
2788 4318 3048 4391 protulit,
3084 4320 3121 4374 ii
3153 4337 3220 4375 ex
3251 4321 3517 4393 Epistolas
3547 4321 3658 4376 ini-

2021 4406 2121 4472 tio,
2154 4406 2253 4460 ubi
2293 4407 2489 4461 Graeca
2544 4408 2716 4462 verba
2744 4407 2951 4477 deleta,
3002 4413 3177 4479 atque
3207 4426 3275 4463 ex
3331 4410 3542 4477 medio,
3593 4426 3659 4464 ac

2020 4496 2257 4551 tandem
2289 4513 2357 4551 ex
2389 4496 2520 4563 ﬁne,
2557 4498 2654 4551 ubi
2688 4497 2886 4552 Latina
2912 4500 3309 4570 interpretatio
3331 4499 3543 4566 deﬁcit,
3564 4515 3661 4553 ex-

2022 4590 2248 4656 cerptos
2280 4602 2407 4639 esse
2464 4587 3009 4641 manifestissimum
3043 4594 3149 4642 est.
3210 4589 3431 4643 Erravit
3485 4588 3663 4659 igitur

264 4708 414 4762 pum
470 4690 856 4756 induendum,
892 4691 1075 4762 spinis
1136 4693 1532 4747 coronandum
1569 4712 1581 4761 ;
1633 4695 1731 4748 sed
1774 4674 1912 4750 'haec
1944 4700 1989 4762 D
2024 4674 2286 4745 Moynius
2314 4676 2374 4743 ‘6,
2408 4674 2754 4729 Calvinianze
2805 4682 2971 4730 sectae
3005 4677 3143 4730 olim
3176 4677 3519 4747 Rothomagi
3553 4677 3663 4730 mi-

264 4780 467 4834 omnia
513 4780 708 4834 surdis
746 4780 1081 4835 Judaeorum
1134 4780 1379 4835 auribus
1408 4782 1737 4837 decantata.
1774 4784 1911 4839 Inde

263 4875 464 4922 autem
498 4867 719 4940 colligit
748 4885 916 4923 aures
939 4868 1128 4922 cordis
1159 4868 1680 4938 circumcidendas,
1715 4872 1909 4927 docet-

263 4973 381 5027 que
411 4956 1269 5012 circumcisionemJudmorum
1293 4958 1677 5029 antiquatam,
1706 4960 1911 5016 Mosai-

263 5061 485 5115 casque
523 5044 702 5116 leges,
736 5045 952 5115 quibus
984 5045 1095 5099 cibi
1128 5045 1391 5100 nonnulli
1428 5047 1908 5117 prohibebantur,

262 5132 559 5204 spirituali
590 5150 765 5187 sensu
796 5132 1226 5203 intelligendas.
1252 5134 1525 5189 Posthac
1558 5137 1813 5191 ostendit
1837 5138 1908 5192 ab

262 5223 475 5277 iisdem
526 5222 825 5294 prophetis
882 5222 1122 5293 insuper
1168 5223 1623 5293 praenuntiatum
1675 5226 1796 5280 fore
1848 5232 1911 5282 ut

255 5310 449 5366 Judaei
473 5327 578 5365 nec
609 5311 819 5365 Christi
854 5311 1139 5382 baptismo
1186 5310 1580 5380 abluerentur,
1615 5331 1719 5369 nec
1778 5332 1907 5371 cru-

257 5414 389 5454 cem
423 5400 550 5469 ejus
582 5404 982 5470 agnoscerent,
1007 5403 1183 5469 atque
1214 5399 1285 5453 ob
1314 5398 1578 5469 ejusdem
1603 5401 1812 5455 Christi
1836 5404 1908 5458 ab

258 5485 378 5541 illis
408 5488 698 5557 ejuratam
731 5486 1091 5543 divinitatem
1123 5486 1451 5542 exhaaredes
1494 5489 1655 5557 facti,
1706 5491 1761 5545 in
1812 5508 1907 5547 e0-

336 5668 379 5703 ³⁶
412 5668 591 5722 Varia
614 5682 788 5723 sacra.

2024 4764 2226 4831 nister,
2260 4763 2357 4834 qui
2385 4762 2759 4833 posteriorem
2795 4764 2971 4835 hujus
3003 4764 3267 4836 Epistolas
3302 4772 3522 4836 partem
3558 4781 3660 4818 nec

2023 4853 2286 4921 ejusdem
2321 4853 2644 4923 scriptoris,
2679 4869 2783 4906 nec
2815 4855 3076 4924 ejusdem
3128 4854 3258 4924 styli
3292 4872 3355 4908 ac
3406 4854 3659 4925 priorem

2020 4940 2199 4994 videri
2226 4942 2540 4995 arbitratus
2573 4947 2679 4995 est.
2735 4942 2893 4997 Hanc
2928 4944 3141 5014 Quippe
3174 4942 3361 5013 ipsam
3411 4948 3654 5013 partem,

2021 5035 2229 5100 praeter
2259 5034 2647 5084 memoratum
2679 5030 3033 5085 Clementem
3066 5032 3136 5086 ab
3181 5031 3413 5101 Urigine
3444 5031 3656 5103 Grego-

2020 5119 2217 5188 rioque
2248 5118 2605 5172 Nazianzeno
2634 5120 2834 5172 eodem
2860 5120 3131 5173 Barnabaz
3164 5120 3398 5174 nomine
3420 5120 3657 5175 citatam

2020 5206 2289 5278 legimus.

2578 5296 2977 5351 AltTICULUS
3014 5298 3105 5351 Ill.

2021 5390 2098 5440 De
2142 5390 2361 5440 auctore
2414 5387 2577 5457 [cujus
2626 5385 2877 5469 epistola:
2933 5390 3289 5456 antiquorum
3330 5389 3660 5459 scriptorum

2685 5474 2993 5527 opiniones.

2089 5547 2231 5601 Tota
2264 5546 2441 5617 igitur
2472 5548 2542 5602 de
2572 5546 2680 5602 hac
2711 5546 2968 5618 Epistola
2999 5549 3314 5606 difﬁcultas
3346 5550 3405 5605 in
3438 5565 3503 5605 eo
3528 5567 3656 5607 ver-
