4118 6340
443 398 560 460 675

1610 393 1673 454 S.
1720 386 2138 455 BARNABAS
2182 386 2665 457 APOSTOLUS.

3721 399 3845 460 676

439 536 623 596 satur,
658 533 856 585 utrum
888 546 921 584 a
978 529 1241 583 Barnaba
1295 526 1575 598 apostolo,
1624 528 1795 598 cujus
1850 526 2162 598 prafertA
2192 526 2353 581 naba
2413 528 2645 599 penitus
2696 530 3054 600 abjudicant,
3090 534 3146 585 et
3201 530 3594 602 apocrypham
3656 536 3843 604 atque

446 636 678 683 nomen,
711 635 840 674 vere
872 618 1122 689 profecta
1151 617 1247 672 sit.
1282 617 1406 671 Non
1436 632 1552 671 una
1594 616 1887 687 siquidem
1917 632 1983 670 ea
2012 617 2084 671 de

442 728 503 765 re
562 709 936 780 antiquorum
992 705 1256 761 Ecclesiae
1307 710 1545 761 Patrum
1606 706 1715 761 fuit
1771 704 2081 760 sententia.

447 798 795 855 Posteriores
824 813 957 852 vero
993 797 1304 868 scriptores
1328 795 1389 851 in
1420 795 1616 867 plures
1648 794 1953 865 magisque
1993 794 2079 849 di-

441 905 639 945 versas
668 887 971 958 opiniones
1002 886 1291 940 abierunt.
1315 885 1580 939 Clemens
1602 883 1814 940 etenim
1846 882 2083 938 Alexan-

442 978 647 1034 drinus
672 975 871 1031 nullus
902 991 1163 1046 unquam
1193 974 1477 1029 dubitavit
1507 991 1633 1029 eam
1652 991 1851 1029 verum
1871 973 2084 1044 genui-

447 1083 709 1139 numque
753 1066 932 1120 fetum
978 1081 1106 1119 esse
1154 1064 1440 1131 Barnabas,
1493 1080 1667 1135 quem
1726 1062 2081 1134 apostolum,

442 1158 634 1212 virum
666 1152 1070 1226 apostolicum,
1105 1169 1289 1207 unum
1320 1170 1387 1207 ex
1409 1152 1801 1225 septuaginta,
1833 1157 1889 1205 et
1920 1152 2084 1207 Pauli

445 1247 772 1317 adjutorem
799 1241 1070 1315 appellat.
1098 1242 1226 1297 Haac
1248 1242 1439 1297 videre
1465 1244 1549 1297 est
1570 1242 1629 1295 in
1658 1240 1813 1295 illius
1847 1241 2084 1297 Stroma-

438 1339 561 1390 tum
598 1332 762 1388 libris
821 1332 1093 1399 secundo,
1156 1330 1360 1402 quinto
1389 1335 1445 1385 et
1492 1335 1650 1385 sexto
1678 1331 1739 1382 ‘7.
1799 1330 2079 1386 Clementi

436 1429 632 1480 autem
692 1421 1025 1495 praeceptori
1085 1438 1189 1476 suo
1241 1420 1590 1491 subscripsit
1642 1419 1952 1491 Origines:
2016 1438 2079 1475 ac

436 1516 635 1586 postea
664 1511 976 1584 Gregorius
994 1510 1389 1565 Nazianzenus
1411 1508 1675 1581 Origenis
1697 1508 1882 1580 ipsius
1906 1511 2079 1565 verba

436 1608 898 1673 transcribendo,
933 1608 991 1662 in
1033 1608 1235 1663 eadem
1260 1623 1490 1678 quoque
1518 1606 1789 1678 opinione
1805 1624 1864 1661 se
1898 1607 2080 1662 fuisse

436 1697 593 1754 haud
626 1698 871 1753 obscure
904 1696 1279 1769 signiﬁcavit.

510 1786 726 1841 Verum
759 1787 1035 1842 adversus
1058 1784 1409 1841 Clementem
1434 1801 1693 1857 pugnare
1711 1785 1937 1839 videtur
1969 1786 2078 1839 Eu-

442 1876 640 1968 sebius
666 1876 742 1943 ‘8;
770 1873 1243 1968 quandoquidem
1268 1874 1460 1968 ubi-de
1478 1874 1741 1968 ejusdem
1762 1873 2077 1968 Clementis
2109 1906 2154 1968 B

435 1964 720 2035 Operibus
774 1980 1103 2018 sermonem
1162 1962 1450 2017 instituit:
1486 1965 1547 2017 In
1594 1962 1806 2027 iisdem,
1864 1963 2073 2033 inquit,

432 2046 591 2099 libris
608 2046 768 2116 aﬂert
786 2045 1102 2099 testimonia
1120 2044 1555 2114 Scripturarum,
1579 2057 1704 2112 quae
1730 2060 1768 2096 ιι
1790 2042 2078 2097 nonnullis

434 2133 813 2206 repudiantur,
846 2149 1038 2204 nempe
1065 2150 1137 2186 ex
1167 2132 1463 2203 Sapientia
1497 2131 1824 2193 Salomonis,
1844 2134 1969 2186 item
2006 2148 2077 2186 ea:

434 2224 681 2292 Epistola
715 2222 1007 2277 Clementis
1055 2238 1123 2276 ac
1165 2222 1453 2277 Barnabaz.
1492 2222 1557 2275 Et
1606 2220 1779 2291 paulo
1829 2225 1960 2291 post
1991 2220 2073 2274 ‘9:

435 2312 576 2366 Idem
608 2314 667 2367 in
694 2313 850 2366 libris
887 2309 1308 2363 Ύποτυπώσεων
1360 2312 1627 2375 omnium,
1659 2314 1721 2363 ut
1764 2325 1871 2363 uno
1919 2310 2077 2364 verbo

433 2401 631 2472 dicam,
664 2403 948 2470 utriusque
1000 2401 1325 2454 Testamenti
1369 2400 1771 2469 scripturarum
1825 2414 2073 2469 compen-

433 2489 640 2546 diosam
672 2492 900 2545 instruit
928 2490 1326 2555 narrationem,
1361 2504 1429 2543 ne
1452 2488 1566 2542 illis
1596 2488 1815 2559 quidem
1845 2493 2075 2558 praeter-

430 2582 613 2634 missis
642 2581 954 2650 scripturis,
1004 2579 1069 2633 de
1106 2580 1301 2649 quibus
1346 2580 1490 2631 inter
1519 2578 1718 2632 multos
1749 2578 2072 2647 ambigitur,

429 2670 583 2724 Iuda:
613 2669 928 2740 Epistolam,
961 2671 1011 2723 et
1062 2667 1348 2737 Barnabas,
1398 2682 1461 2720 ac
1491 2667 1732 2737 reliquas
1780 2666 2075 2721 catholicas

431 2757 706 2827 Epistolas
734 2756 1005 2826 intelligo.
1057 2757 1207 2809 Tum
1267 2754 1519 2826 denique
1550 2770 1616 2809 ex
1650 2772 1757 2810 sua
1810 2754 1895 2809 sic
1951 2754 2076 2825 ipse

430 2845 720 2901 sententia
750 2845 1088 2916 pronuntiat
1115 2846 1200 2898 ὀε
1244 2846 1353 2898 Pro
1398 2845 1603 2914 spuriis
1658 2844 1893 2899 habendi
1945 2848 2075 2899 sunt

430 2936 595 2990 etiam
624 2935 784 2988 Actus
841 2934 1069 2987 Pauli...
1126 2932 1396 2988 Barnabas
1440 2934 1572 2986 item
1600 2933 1858 3002 Epistola.
1915 2932 2075 2988 Unde

428 3021 722 3094 intelligas
756 3022 1091 3085 Eusebium,
1126 3022 1514 3093 quorumdam
1549 3022 1946 3093 antiquiorum
1973 3040 2073 3077 ve-

434 3110 623 3183 stigiis
656 3111 1009 3179 inhaerendo,
1060 3109 1375 3183 Epistolam
1407 3110 1681 3165 Barnasz
1713 3128 1815 3182 pro
1872 3111 2075 3183 spuria

432 3200 727 3256 habuisse.
763 3201 1149 3272 Hieronymus
1180 3216 1311 3255 vero
1334 3202 1377 3234 ²ί
1409 3198 1569 3253 illam
1592 3200 2075 3268 interScripturas

425 3291 767 3363 apocryphas
824 3289 1105 3344 amandat.
1164 3290 1411 3359 Uterque
1469 3305 1637 3359 porro
1687 3290 2068 3363 Nicephorus,
2103 3277 2143 3342 C

427 3378 1108 3451 Constantinopolitanus
1136 3378 1358 3433 scilicet
1417 3382 1590 3448 atque
1647 3378 1927 3449 Calixtus,
1962 3382 2071 3436 Eu-

427 3466 571 3521 sebii
602 3468 776 3523 verba
818 3484 1175 3538 sensumque
1206 3467 1490 3538 expressit
1521 3483 1533 3520 :
1570 3467 1668 3521 scd
1702 3484 1965 3538 quaenam
1999 3470 2075 3525 sit

432 3556 663 3610 Eusebii
697 3573 760 3610 ac
790 3556 1121 3629 Hieronymi
1149 3558 1218 3611 de
1240 3556 1703 3627 apocrypborum
1735 3557 2072 3613 deﬁnitione

434 3644 651 3716 opinio,
687 3644 875 3700 adhuc
909 3650 997 3700 est
1020 3646 1079 3699 in
1118 3645 1528 3701 controversia.

998 3733 1256 3789 ARTICU
1270 3733 1392 3788 LUS
1423 3734 1511 3788 ιν.

900 3823 1181 3879 Sententia
1221 3825 1609 3878 recentiorum.

499 3914 795 3979 Quantum
828 3913 899 3968 ad
933 3911 1299 3968 recentiores.
1331 3912 1494 3984 Hugo
1541 3913 1868 3979 Menardus,
1898 3920 2073 3971 Bene-

424 4002 656 4057 dictinze
689 4003 880 4075 gentis
920 4001 1263 4065 monachus,
1299 4002 1369 4055 de
1401 4001 1509 4056 hac
1539 4001 1796 4073 Epistola
1826 4002 1908 4057 sic
1938 4021 2068 4059 sen-

422 4091 493 4145 tit
525 4091 570 4125 ²²
626 4094 779 4160 Jure,
834 4090 1041 4161 inquit,
1092 4092 1236 4144 inter
1289 4092 1591 4161 scripturas
1646 4093 1984 4162 apocryphas
2036 4112 2071 4148 a

419 4179 599 4233 citatis
629 4181 944 4235 auctoribus
974 4183 1401 4235 connumeratur
1429 4200 1448 4245 ,-
1479 4188 1595 4233 tum
1640 4183 1771 4251 quia
1800 4199 1871 4236 an
1932 4184 2065 4238 Bar-

418 4268 573 4320 nabaa
602 4270 692 4335 sit,
728 4270 1005 4323 incertum
1039 4278 1117 4323 est
1140 4285 1160 4329 ;
1184 4278 1299 4323 tum
1328 4270 1459 4339 quia
1501 4270 1749 4339 quaedam
1780 4274 2067 4342 reperiun-

422 4363 513 4409 tur
544 4398 557 4422 ,
590 4373 709 4426 qum
737 4355 1067 4429 difﬁcultate
1092 4357 1319 4413 minime
1362 4363 1588 4424 carent;
1632 4359 1900 4430 siquidem
1930 4377 2068 4416 non-

420 4444 594 4499 nullas
648 4449 774 4499 sunt
825 4447 882 4499 in
941 4462 1002 4501 ea
1038 4446 1290 4513 salebrae,
1351 4446 1421 4501 ad
1473 4464 1608 4516 quas
1671 4450 1858 4504 minus
1920 4451 2070 4505 cauti

418 4534 686 4605 offendere
709 4536 938 4606 possint.
973 4539 1087 4589 Nec
1121 4533 1248 4600 ulli,
1309 4535 1527 4601 subdit,
1562 4536 1777 4591 mirum
1808 4554 1937 4593 esse
1966 4539 2063 4594 de-

2194 618 2629 686 supposititiam
2686 635 2813 675 esse
2860 620 3241 674 contendunt.
3286 619 3499 675 Contra
3546 637 3677 676 vero
3725 626 3844 677 Ha-

2193 705 2463 773 mondus,
2523 706 2787 771 Vossius,
2820 706 3023 763 Bullus
3079 713 3136 764 et
3192 708 3478 781 Dupinius
3534 726 3661 765 eam
3712 728 3833 768 non

2193 791 2371 847 alium
2402 810 2577 865 quam
2619 796 2942 853 Barnabam
2999 801 3291 854 auctorem
3346 798 3558 854 habere
3615 817 3843 873 propu-

2193 887 2395 952 gnant.

2769 976 3161 1033 ARTICULUS
3194 977 3253 1033 V.

2474 1064 2721 1118 Primum
2751 1070 3136 1137 argumentum
3175 1068 3551 1123 examinatur.

2262 1150 2369 1217 Qui
2401 1152 2712 1223 Epistolam
2748 1154 2899 1211 hanc
2928 1156 3202 1212 Barnabas
3241 1156 3601 1226 abjudicant,
3632 1155 3724 1213 his
3755 1157 3843 1213 ni-

2190 1245 2395 1297 tuntur
2424 1244 2806 1315 argumentis.
2840 1245 2907 1300 Et
2938 1245 3125 1317 primo
3153 1246 3391 1317 quidem
3414 1245 3455 1299 ii
3485 1246 3717 1301 Eusebii
3751 1251 3836 1302 at-

2192 1346 2304 1403 que
2343 1330 2697 1403 Hieronymi,
2749 1332 2849 1404 qui
2905 1349 3032 1387 eam
3065 1333 3132 1387 ad
3167 1333 3496 1405 apocrypha
3526 1338 3581 1389 et
3628 1334 3832 1405 spuria

2190 1420 2481 1492 ablegant,
2516 1421 2859 1477 auctoritate
2899 1438 2932 1477 a
2962 1421 3127 1477 nobis
3159 1422 3429 1494 superius
3452 1421 3624 1479 allata
3655 1427 3834 1479 utun-

2189 1512 2305 1563 tur.
2338 1508 2513 1563 Docet
2541 1510 2756 1581 quippe
2785 1510 2941 1565 idem
2984 1510 3370 1582 Hieronymus
3389 1512 3434 1546 ’3
3470 1529 3482 1567 :
3514 1511 3836 1584 Apocrypha

2187 1614 2375 1653 eorum
2404 1614 2511 1653 non
2544 1614 2660 1653 esse
2687 1614 2915 1669 quorum
2957 1599 3134 1654 titulis
3170 1604 3558 1670 praenotantur
3586 1618 3605 1654 :
3636 1599 3747 1668 vel,
3774 1605 3840 1657 ut

2188 1686 2349 1741 addit
2370 1686 2636 1743 Gelasius
2669 1704 2838 1759 papa,
2870 1686 3064 1756 aliquo
3094 1687 3439 1743 inficiuntur
3466 1705 3679 1745 errore.
3717 1689 3833 1744 Alii

2189 1782 2379 1831 tamen
2413 1781 2625 1848 negant
2670 1776 2899 1831 Eusebii
2950 1776 3400 1849 Hieronymique
3436 1778 3506 1834 de
3554 1778 3833 1834 Barnabaa

2190 1865 2445 1935 Epistola
2484 1866 2657 1920 verba
2696 1865 2904 1920 debere
2944 1865 3219 1921 alterutro
3262 1882 3439 1922 sensu
3472 1866 3673 1939 accipi.
3707 1867 3833 1925 Non

2189 1954 2423 2024 quidem
2455 1956 2665 2025 primo,
2697 1970 2828 2008 cum
2862 1954 3182 2025 Epistolam
3215 1955 3364 2011 hanc
3396 1957 3674 2011 Barnabas
3724 1973 3831 2012 no-

2189 2044 2344 2098 mine
2378 2044 2615 2099 inscribi
2641 2060 2754 2097 non
2790 2042 3138 2112 inﬁcientur,
3173 2060 3237 2099 ac
3264 2044 3651 2117 Hieronymus
3699 2062 3828 2101 eam

2188 2152 2219 2188 a
2272 2134 2533 2187 Barnaba
2588 2133 2968 2204 compositam
3003 2147 3129 2189 esse
3178 2134 3447 2189 afﬁrmet.
3506 2139 3705 2205 Neque
3736 2151 3828 2189 se-

2186 2224 2395 2293 cundo,
2431 2239 2563 2278 cum
2596 2221 2757 2277 illam
2780 2238 2892 2277 non
2918 2226 3144 2277 tantum
3177 2223 3369 2278 omnis
3392 2225 3606 2279 erroris
3628 2239 3829 2295 exper-

2186 2317 2323 2380 tem,
2359 2313 2459 2367 sed
2485 2311 2659 2367 etiam
2691 2316 2755 2366 ut
2783 2311 2863 2366 ait
2893 2311 3279 2383 Hieronymus
3309 2314 3377 2378 9‘,
3407 2314 3483 2368 ad
3511 2313 3830 2384 aediﬁcatio-

2184 2418 2308 2457 nem
2336 2402 2591 2457 Ecclesia:
2617 2402 2981 2473 pertinentem
3007 2406 3321 2472 agnoscant.
3346 2402 3423 2457 Eo
3447 2401 3627 2475 igitur
3646 2417 3825 2457 sensu

2186 2508 2314 2547 eam
2367 2495 2610 2561 uterque
2671 2490 2930 2561 spuriam
2962 2495 3017 2545 et
3066 2491 3457 2563 apocrypham
3488 2507 3617 2547 esse
3655 2492 3821 2556 dixit,

2186 2581 2340 2651 quod
2370 2580 2521 2633 inter
2559 2578 2870 2634 canonicos
2905 2579 3115 2634 divinae
3156 2579 3466 2651 Scriptura:
3496 2579 3676 2635 libros
3710 2596 3828 2635 non

2187 2668 2338 2723 adnu
2349 2673 2620 2723 meretur.

2256 2762 2470 2813 Verum
2502 2775 2569 2813 ex
2601 2759 2791 2829 posita
2820 2757 2957 2813 olim
3015 2758 3087 2812 ab
3118 2756 3444 2830 Augustino
3476 2757 3677 2830 regula
3728 2775 3826 2813 ur-

2184 2853 2324 2920 gent
2349 2864 2552 2902 eorum
2600 2846 2913 2901 adversarii
2956 2863 2970 2902 ι
2996 2863 3061 2901 ea
3091 2862 3336 2918 quisque
3366 2847 3581 2918 scripta
3611 2848 3683 2902 ab
3714 2848 3823 2902 Ec-

2184 2936 2361 2993 clesia
2390 2935 2568 3008 recipi
2596 2935 2885 3001 debuisse,
2917 2952 3040 3005 quae
3070 2934 3380 3005 aquolibet
3424 2934 3681 3008 apostolo
3696 2952 3830 3007 pro-

2184 3023 2361 3079 diisse
2393 3022 2737 3079 constiterit.
2782 3023 2919 3077 lnde
2965 3022 3181 3095 quippe
3212 3028 3451 3079 sanctus
3499 3023 3596 3079 ille
3625 3024 3828 3079 doctor

2184 3119 2384 3170 contra
2431 3112 2828 3168 adversarium
2860 3112 3025 3184 Legis
3065 3116 3122 3166 et
3150 3111 3570 3184 Prophetarum
3619 3112 3821 3179 libros,

2182 3204 2419 3258 Andreae
2452 3207 2509 3258 et
2537 3201 2776 3257 Joannis
2805 3217 3018 3256 nomen
3051 3201 3438 3272 praeferentes,
3470 3202 3829 3274 apocryphos

2182 3310 2309 3349 esse
2340 3292 2546 3363 probat
2572 3292 2638 3357 25,
2672 3290 2810 3362 quia
2836 3293 2884 3344 si
2921 3291 3145 3346 illorum
3170 3300 3362 3361 essent,
3419 3293 3621 3361 recepti
3648 3298 3827 3347 essent

2182 3382 2251 3437 ab
2284 3383 2537 3436 Ecclesia.
2574 3380 2733 3447 Quod
2757 3379 2805 3435 si
2836 3380 3188 3449 respondeas
3220 3381 3506 3452 quosdam
3529 3380 3827 3452 putavisse

2184 3472 2331 3526 hanc
2362 3469 2682 3542 Epistolam
2714 3470 2865 3524 inter
2894 3469 3223 3540 Scripturas
3256 3469 3566 3524 canonicas
3598 3470 3669 3524 ab
3698 3468 3827 3524 Ori-

2181 3576 2326 3632 gene
2356 3559 2701 3630 computari,
2755 3562 2930 3629 atque
2967 3573 3032 3613 eo
3063 3558 3121 3612 in
3155 3573 3399 3613 numero
3455 3557 3513 3612 in
3565 3557 3830 3629 antiquis

2181 3649 2518 3704 earumdem
2549 3648 2981 3719 Scripturarum
3014 3645 3288 3718 catalogis
3332 3646 3610 3718 reperiri:
3645 3646 3828 3702 insta-

2182 3739 2329 3793 bunt
2370 3737 2578 3792 iisdem
2607 3737 2664 3790 in
2696 3734 2978 3807 catalogis
3010 3735 3155 3791 alios
3184 3735 3389 3791 itidem
3422 3735 3605 3791 libros
3662 3751 3829 3807 repe-

2181 3828 2302 3893 riri,
2336 3827 2434 3897 qui
2468 3843 2570 3898 pro
2602 3825 2895 3880 canonicis
2922 3841 3223 3896 nunquam
3244 3824 3617 3893 babitisunt;
3652 3829 3829 3896 atque

2180 3915 2444 3987 Origenis
2501 3914 2691 3970 verbis
2749 3914 2803 3969 id
2856 3915 3008 3984 quod
3058 3914 3246 3979 aiunt,
3297 3913 3457 3968 nullo
3506 3913 3827 3985 signiﬁcari

2181 4006 2352 4059 modo
2386 4004 2757 4059 contendent.

2252 4091 2837 4162 Respondentitaque
2857 4089 2952 4145 alii
2978 4090 3301 4146 secundum
3326 4089 3639 4161 Augustini
3664 4104 3827 4144 men-

2166 4188 2318 4251 .tem,
2378 4197 2491 4234 non
2543 4178 2740 4235 omnia
2791 4180 3031 4234 omnino
3061 4177 3481 4250 apostolorum,
3514 4175 3600 4231 vel
3632 4176 3827 4247 potius

2177 4269 2629 4343 apostolicorum
2662 4268 2938 4334 virorum,
2972 4267 3143 4322 sicuti
3169 4266 3469 4331 Barnabas,
3501 4265 3719 4336 scripta
3765 4264 3824 4318 in

2178 4360 2591 4415 canonicorum
2614 4372 2924 4411 numerum
2942 4372 3069 4410 esse
3093 4355 3428 4421 referenda;
3451 4352 3822 4426 quandoqui-

2177 4451 2307 4505 dem
2342 4452 2399 4503 et
2428 4447 2575 4502 liber
2603 4447 2843 4511 Hermae,
2878 4449 2933 4499 et
2954 4443 3265 4499 Clementis
3296 4443 3541 4499 Romani
3565 4441 3823 4514 Epistola

2176 4540 2331 4594 hunc
2386 4538 2445 4591 in
2495 4551 2808 4591 numerum
2882 4533 3124 4588 minime
3171 4534 3523 4588 referuntur.
3589 4531 3825 4587 Addunt

419 4625 533 4693 bet,
566 4624 723 4695 quod
756 4622 857 4677 illa
887 4639 990 4679 nec
1021 4641 1054 4679 a
1083 4624 1398 4690 Clemente,
1438 4640 1541 4678 nec
1573 4625 1644 4679 ab
1666 4626 1912 4698 Origene
1934 4644 2067 4699 apo-
2100 4647 2143 4709 D
2176 4632 2452 4699 praeterea
2482 4642 2596 4680 non
2619 4641 2684 4679 eo
2709 4625 2834 4696 ipso
2858 4623 3140 4695 scriptum
3160 4621 3396 4693 aliquod
3419 4637 3522 4692 pro
3543 4621 3823 4675 canonico

418 4713 635 4785 crypha
708 4717 1035 4779 censeatur,
1110 4712 1375 4783 siquidem
1450 4714 1763 4783 hajusmodi
1818 4725 2066 4771 auctores

418 4808 654 4857 utuntur
710 4803 1053 4874 apocryphis.
1131 4802 1400 4856 Fluctuat
1474 4803 1670 4856 animo
1723 4804 2065 4872 Cotelerius,

422 4892 788 4962 summisque
828 4908 890 4947 se
922 4890 1468 4946 aitdifﬁcultatibus
1514 4893 1820 4963 praepediri
1841 4896 2063 4964 quomi-

422 4998 534 5035 nus
558 4980 831 5035 Barnabas
863 4996 990 5034 eam
1025 4980 1325 5044 attribuat,
1360 4997 1536 5051 quam
1595 4985 1790 5035 tamen
1825 4982 1907 5036 illi
1939 4999 2060 5037 0m-

421 5073 559 5127 nino
591 5072 869 5143 abrogare
901 5088 1013 5126 non
1056 5071 1250 5125 audet.
1286 5070 1362 5125 Re
1412 5076 1606 5125 autem
1664 5088 1967 5142 perpensa,
2005 5073 2061 5127 in

420 5160 575 5215 hunc
606 5159 903 5215 concludit
934 5160 1170 5215 modum
1196 5176 1207 5213 :
1243 5160 1349 5230 Ego
1384 5161 1559 5231 magis
1590 5161 1817 5226 inclina,
1846 5169 1905 5216 ut
1935 5178 2060 5216 cen-

413 5265 565 5304 seam
593 5266 703 5304 non
734 5264 847 5304 esse
876 5247 1160 5320 apostoli;
1185 5249 1606 5321 proﬁteturque
1637 5266 1697 5303 se
1729 5250 1947 5321 gratias
1990 5251 2062 5306 iis

417 5337 787 5406 habiturum,
820 5338 918 5408 qui
956 5336 1251 5394 voluerint
1279 5341 1513 5393 certiora
1537 5338 1804 5409 proferre.
1838 5338 2062 5394 Natalis

412 5442 545 5481 vero
576 5426 918 5493 Alexander,
951 5432 1429 5499 memoratusque
1448 5427 1715 5499 Moynius
1736 5427 1895 5483 illam
1921 5433 2059 5483 Bar-

2176 4715 2531 4783 habendum,
2565 4713 2719 4785 quod
2752 4712 2823 4765 ab
2855 4710 3111 4783 apostolo
3144 4711 3419 4782 quopiam
3453 4710 3678 4765 editum
3713 4708 3821 4772 sit;

2174 4805 2274 4860 sed
2317 4805 2373 4858 id
2404 4803 2644 4874 insuper
2682 4800 2949 4856 Ecclesiae
2980 4800 3320 4855 definitione
3364 4798 3685 4855 renuntiari
3717 4798 3819 4853 de-

2176 4894 2308 4949 bere
2348 4896 2703 4947 asseverant.

2244 4988 2359 5037 Nos
2387 4985 2583 5036 autcm
2629 4978 2943 5051 Augustini
2990 4982 3239 5033 mentem
3275 4996 3344 5033 ex
3375 4978 3510 5045 alia,
3546 4994 3720 5048 quam
3753 4977 3824 5031 de

2171 5071 2337 5126 libris
2366 5068 2714 5142 apocryphis
2745 5068 2968 5137 statuit,
3014 5066 3245 5123 certiori
3296 5067 3499 5139 regula
3530 5066 3823 5138 explican-

2171 5162 2305 5216 dam
2327 5176 2454 5215 esse
2481 5174 2806 5213 censemus.
2838 5157 2980 5211 Cum
3013 5156 3166 5211 enim
3199 5156 3324 5228 ipse
3364 5155 3694 5211 accuratius
3719 5155 3827 5209 de-

2171 5250 2300 5306 tinit
2339 5249 2473 5321 quis
2503 5248 2652 5302 liber
2695 5246 2977 5301 dicendus
3018 5246 3095 5300 sit
3142 5245 3512 5317 apocryphus
3538 5245 3621 5300 ²⁶ε
3672 5245 3821 5299 Scri-

2168 5350 2350 5411 ptura?
2400 5337 2747 5411 apocrypha},
2808 5335 3016 5406 inquit,
3080 5344 3493 5407 nuncupantur,
3553 5350 3613 5389 eo
3686 5332 3827 5405 quod

2167 5429 2382 5485 occulta
2429 5444 2623 5483 earum
2667 5426 2821 5493 origo
2870 5440 2977 5479 non
3006 5426 3210 5479 claruit
3262 5424 3518 5479 Patribus
3547 5440 3581 5478 α
3630 5422 3827 5493 quibus

490 5552 531 5587 ιτ
566 5550 711 5624 Vide
768 5569 947 5622 supra
1008 5554 1337 5609 Testimonia
1388 5560 1654 5608 veterum.
1734 5554 1777 5586 ¹⁸
1834 5554 1959 5609 Lib.
2018 5572 2072 5611 v1

2188 5557 2291 5622 ἰδίη
2351 5570 2488 5624 cap.
2543 5552 2629 5606 13.
2709 5551 2763 5624 ‘°_
2807 5547 2909 5604 lib.
2959 5566 3043 5615 ιιι,
3117 5566 3242 5624 cap.
3300 5551 3402 5624 25.
3467 5550 3512 5584 ²⁰
3570 5547 3739 5615 Ibid.,
3773 5563 3824 5624 c:

583 5623 622 5657 ²¹
652 5627 765 5710 ηε.
790 5618 985 5710 script.
1019 5626 1237 5710 ecclesm
1283 5626 1339 5710 ’⁸.
1361 5624 1606 5710 liraafat.‘
1632 5624 1693 5677 in
1753 5624 1933 5710 Epist.
1984 5625 2241 5710 Earnab.
2280 5618 2286 5622 ’
2311 5634 2361 5710 :3
2390 5618 2689 5710 Epist],n
2696 5622 2767 5710 ad
2808 5624 3053 5710 beatam.
3130 5618 3271 5710 ’l‘De
3295 5623 3480 5694 script.
3514 5626 3700 5701 eccles_.
3780 5618 3825 5655 ²⁸

415 5695 537 5753 Lib.
575 5711 613 5765 ι,
644 5698 833 5751 contra
864 5694 1071 5751 advers.
1104 5697 1262 5766 Legis
1288 5699 1341 5752 et
1370 5696 1628 5767 Prophet.
1662 5694 1899 5768 capf20.
1984 5699 2028 5732 ³⁸
2058 5698 2181 5756 Lib.
2204 5714 2275 5755 xv
2304 5698 2375 5755 De
2399 5694 2622 5754 civitate
2649 5694 2764 5759 Dei,
2795 5708 2922 5765 cap.
2952 5694 3042 5765 23,
3074 5694 3104 5767 ς
3134 5695 3185 5752 4.
