4090 6340
222 373 342 434 677

1621 366 2233 433 PROLEGOMENA.

3498 376 3618 438 678

224 524 403 579 usque
435 508 504 563 ad
532 522 627 561 nos
656 504 949 562 auctoritas
978 506 1259 562 veracium
1296 506 1713 576 Scripturarum
1743 521 1866 560 cer-
1895 505 1949 572 Α
1980 503 2283 559 contrariae
2312 503 2608 559 sententia
2640 508 3100 576 propugnatores
3149 522 3213 560 ac
3258 508 3484 577 patroni
3526 526 3615 564 re-

225 599 449 652 tissima
477 600 528 651 et
554 597 841 651 notissima
867 597 1208 650 successione
1230 596 1503 665 pervenit.
1520 594 1601 648 Ex
1631 594 1738 649 hac
1770 611 1869 649 au-

228 691 349 742 tem
398 684 536 739 libri
579 682 892 756 apocryphi
940 683 1278 739 deﬁnitione
1340 688 1497 738 recte
1544 683 1872 739 adversario

227 774 549 843 suo,libros
578 773 817 829 Andreae
847 776 906 828 et
933 772 1176 829 Joannis
1216 771 1871 845 objicientimeepondet,

230 881 332 920 eos
361 862 534 935 plane
562 878 692 918 esse
720 861 1083 934 apocryphos
1106 878 1121 929 ;
1144 860 1284 933 quia
1322 861 1371 915 si
1404 860 1477 915 ab
1520 861 1591 916 iis
1622 877 1871 933 quorum

236 956 403 1009 tanta
429 956 554 1008 erat
601 951 756 1024 apud
804 950 1123 1006 Ecclesiam
1173 950 1509 1016 auctoritas,
1562 966 1694 1005 vere
1741 966 1871 1021 pro-

232 1042 505 1108 diissent,
539 1041 598 1095 id
629 1044 686 1097 et
715 1040 984 1096 Patrihus
1015 1043 1405 1111 perspectum,
1429 1044 1486 1095 et
1516 1040 1587 1095 ab
1620 1039 1875 1095 Ecclesia

232 1130 446 1187 fuisset
492 1133 815 1201 receptum.
865 1131 1229 1200 Quapropter
1284 1144 1415 1182 cum
1479 1145 1509 1183 e
1584 1128 1872 1183 contrario

232 1219 398 1291 origo
442 1217 699 1290 epistolae
743 1217 1019 1273 Barnabaa
1070 1215 1359 1285 Patrihus,
1412 1216 1689 1271 nimirum
1749 1216 1873 1271 Cle-

231 1307 439 1373 menti,
469 1305 702 1378 Origeni
732 1310 907 1377 atque
957 1304 1087 1359 aliis
1117 1304 1412 1372 claruerit,
1449 1321 1517 1359 ex
1550 1304 1725 1360 allata
1753 1307 1868 1360 Au-

230 1396 457 1469 gustini
489 1394 827 1451 deﬁnitione
856 1394 1009 1449 inter
1033 1394 1390 1465 apocryphas
1423 1394 1741 1465 scripturas
1772 1411 1874 1448 an-

232 1484 536 1542 numerari
580 1501 693 1539 non
727 1484 918 1539 debet.

789 1598 1192 1655 ARTICULUS
1231 1599 1325 1655 Vl.

513 1688 818 1745 Secundum
838 1691 1219 1758 argumentum
1246 1687 1597 1760 expenditur.

306 1796 643 1853 Secundum
670 1799 1104 1867 argumentum,
1133 1811 1248 1865 quo
1293 1794 1412 1849 haec
1446 1792 1701 1865 Epistola
1734 1794 1873 1847 Bar-

233 1888 402 1943 nabaa
435 1884 963 1956 abjudicetur,inde
993 1884 1367 1953 desumptum
1391 1884 1661 1954 est,quod
1694 1883 1880 1937 videa-

234 1983 336 2031 tur
365 1972 706 2030 incredibile
737 1971 1062 2043 apostolum
1097 1988 1194 2026 eas
1240 1972 1571 2043 scripsisse,
1618 1989 1766 2043 quas
1800 1972 1878 2026 ibi

231 2063 518 2136 legimus,
551 2066 783 2117 coactas
816 2060 1095 2115 nimirum
1119 2060 1448 2131 allegorias,
1481 2062 1879 2116 enarrationes

229 2153 669 2225 Scripturarum
685 2151 880 2205 minus
892 2149 1568 2221 verisimiles,anilesque
1581 2150 1651 2204 de
1664 2151 1882 2205 anima-

228 2243 389 2298 libus
406 2240 651 2296 fabulas.
673 2239 1004 2310 Respondet
1030 2238 1387 2305 Hamondus,
1417 2240 1705 2305 Gnosticos,
1729 2238 1877 2293 Scri-

227 2341 412 2404 pturae
439 2345 615 2385 sacrae
666 2331 899 2400 mystice
936 2327 1364 2399 interpretanda?
1407 2329 1728 2399 facultatem
1774 2330 1881 2384 sibi

230 2418 761 2488 arrogantes,mutta
790 2420 990 2473 Veteris
1012 2419 1330 2472 Testamenti
1358 2419 1663 2472 testimonia
1684 2418 1751 2471 ad
1772 2420 1878 2473 im-

226 2526 402 2581 puros
434 2524 565 2563 usus
594 2506 1145 2563 accommodaxse...“
1164 2508 1311 2561 Hinc
1338 2508 1617 2561 Barnabas
1644 2508 1744 2561 hac
1763 2508 1879 2577 fere

232 2602 500 2654 universa
528 2598 773 2663 Epistola
797 2612 900 2651 sua
934 2596 1133 2652 Veteris
1165 2598 1519 2651 instrumenti
1547 2595 1665 2650 loca
1687 2613 1875 2666 quam-

226 2690 482 2762 plurima
509 2688 756 2757 myslice,
788 2686 955 2740 etiam
991 2684 1305 2740 cabalistice
1352 2686 1631 2756 escposita,
1663 2686 1877 2741 Gnosti-

232 2793 433 2833 corum
460 2776 723 2830 doctrinis
751 2774 989 2845 opponit.

306 2863 682 2935 Respondent
710 2861 806 2917 alii
837 2862 1188 2918 Clementem
1237 2861 1717 2929 Alexandrinum,
1749 2862 1875 2917 Ori-

234 2969 469 3026 genem,
501 2951 763 3021 aliosque
795 2951 893 3022 qui
923 2950 1073 3005 hanc
1104 2950 1419 3021 Epistolam
1470 2950 1748 3006 Barnabas
1771 2952 1875 3006 ad—

227 3042 521 3114 judicant,
555 3040 700 3095 nihil
729 3045 993 3095 coactum
1019 3039 1079 3094 in
1108 3041 1234 3110 ejus
1269 3038 1737 3111 allegoriis,nihil
1761 3058 1873 3095 non

233 3129 550 3187 verisimile
579 3129 637 3183 in
666 3128 1157 3193 enarrationihus,
1192 3127 1335 3183 nihil
1367 3129 1615 3199 denique
1652 3130 1877 3185 fabulo-

1980 594 2289 665 spondent,
2320 594 2439 649 haec
2465 593 2642 649 verba
2672 611 2785 649 non
2812 594 3047 649 omnino
3097 596 3169 649 ad
3211 594 3485 665 litteram,
3519 599 3619 652 sed

1982 681 2291 752 benignius
2316 682 2670 753 accipienda,
2706 682 2970 754 nihilque
3000 684 3159 739 aliud
3204 700 3411 739 sonare
3441 702 3620 756 quam

1982 769 2297 842 apostolos,
2321 772 2473 842 quod
2507 772 2742 842 quidem
2775 789 2975 827 verum
3007 778 3261 837 est,ante
3299 774 3622 832 conversio-

1982 876 2114 914 nem
2139 876 2307 914 suam
2338 860 2521 915 multa
2552 878 2884 933 magnaque
2914 877 3205 932 peccasse.

2053 948 2169 1003 Nos
2194 965 2325 1004 vero
2360 949 2465 1003 hoc
2495 949 2647 1004 idem
2681 954 3091 1022 argumentum
3121 952 3193 1005 ab
3223 952 3469 1024 Origene
3494 954 3620 1024 jam

1982 1035 2119 1091 olim
2151 1035 2331 1091 fuisse
2352 1037 2602 1092 dilutum
2650 1039 3073 1109 respondemus
3094 1040 3483 1097 “.Cumenim
3505 1046 3619 1113 for-

1981 1130 2119 1180 tasse
2148 1124 2348 1180 Celsus
2380 1142 2447 1181 ex
2477 1125 2683 1181 iisdem
2718 1127 2974 1182 auctoris
3016 1128 3201 1182 nostri
3247 1130 3438 1185 verbis
3467 1148 3621 1186 occa-

1980 1218 2209 1281 sionem,
2244 1214 2372 1286 ipso
2402 1219 2546 1269 teste
2575 1214 2840 1286 Origene,
2873 1218 3217 1288 arripuisset,
3250 1221 3308 1271 ut
3354 1221 3621 1290 apostolos

1986 1307 2216 1375 infames
2238 1312 2291 1359 et
2318 1304 2673 1375 nequissimos
2704 1304 2918 1373 diceret,
2945 1307 3127 1360 Iesum
3157 1306 3225 1360 ad
3269 1309 3623 1378 apostolicam

1980 1395 2320 1464 functionem
2346 1394 2569 1461 elegisse
2598 1394 2843 1449 homines
2872 1397 3025 1449 omni
3068 1397 3359 1466 iniquitate
3387 1400 3627 1469 iniquio-

1985 1499 2111 1544 res;
2142 1483 2224 1537 sic
2253 1482 2441 1551 illum,
2466 1482 2775 1553 etquidem
2807 1484 3070 1555 apposite
3100 1486 3172 1538 ad
3205 1502 3325 1540 rem
3358 1492 3620 1542 nostram

1985 1573 2246 1627 confutet
2278 1588 2290 1624 :
2326 1573 2469 1639 Quid
2499 1574 2669 1642 igitur
2696 1573 2939 1640 absurdi,
2970 1575 3021 1627 si
3046 1575 3199 1629 Jesus
3230 1576 3504 1631 ostendere
3529 1593 3624 1631 vo-

1985 1662 2100 1716 lens
2130 1661 2367 1715 humano
2394 1662 2589 1731 generi
2616 1666 2883 1731 quantum
2937 1664 3053 1733 ejus
3108 1663 3381 1719 medicina
3428 1669 3624 1719 contra

1984 1758 2160 1818 pestes
2189 1752 2504 1805 animarum
2533 1751 3005 1821 potteat,infames
3035 1756 3086 1807 et
3114 1755 3473 1823 nequissimos
3502 1753 3621 1809 ete-

1911 1874 1954 1936 B
1983 1841 2085 1909 git,
2116 1848 2175 1893 ut
2200 1855 2412 1893 morum
2464 1841 2885 1909 purissimorum
2930 1840 3243 1911 exemplum
3289 1841 3475 1896 tierent
3504 1860 3629 1897 am-

1984 1929 2342 1999 plectentibus
2389 1929 2505 1999 ejus
2559 1928 2943 1997 Evangelium.
3010 1928 3165 1985 Nihil
3201 1946 3335 2001 ergo
3359 1931 3622 1996 absurdi,

1989 2016 2133 2070 nihil
2166 2017 2429 2071 Barnaba
2487 2016 2840 2085 indigni,nec
2887 2018 3133 2071 nimium
3185 2018 3539 2089 hyperbolici
3565 2020 3622 2074 in

1989 2106 2079 2160 his
2112 2106 2302 2160 verbis
2332 2122 2459 2160 esse
2489 2106 2574 2159 vir
2602 2121 2844 2159 summae
2868 2106 3211 2160 eruditionis
3232 2107 3510 2178 Origenes
3532 2125 3624 2163 ar-

1989 2197 2235 2250 bitratus
2267 2200 2352 2249 est
2382 2212 2393 2247 :
2434 2195 2815 2265 Hieronymus
2847 2199 3040 2248 autem
3072 2194 3224 2249 hanc
3268 2197 3621 2252 sententiam

1985 2284 2107 2338 viro
2133 2283 2447 2355 apostolico
2479 2283 2556 2337 ita
2588 2284 2825 2353 dignam
2856 2282 3192 2349 credidit,ut
3225 2284 3283 2338 in
3314 2283 3461 2339 libro
3484 2301 3620 2340 con-

1988 2378 2077 2427 tra
2110 2372 2449 2442 Pelagianos
2491 2372 2727 2443 scripto,
2780 2372 3043 2426 eamdem
3092 2372 3300 2443 lgnatii
3350 2375 3623 2445 martyris

1987 2462 2221 2516 nomine
2251 2460 2493 2515 laudare
2526 2477 2639 2515 non
2672 2459 3039 2515 dubitaverit.

2506 2548 2910 2603 ARTICULUS
2948 2548 3099 2603 Vlll.

2323 2637 2530 2707 Moynii
2556 2638 2864 2705 coniecture
2891 2637 3284 2693 discutiuntur.

2057 2726 2322 2799 Moynius
2355 2726 2487 2781 aliis
2518 2726 2870 2797 quibusdam
2894 2731 3095 2782 contra
3115 2729 3382 2784 eamdem
3414 2729 3622 2800 episto-

1984 2814 2098 2870 lam
2128 2820 2350 2887 pugnat
2369 2816 2717 2885 conjecturis
2751 2832 2763 2871 :
2800 2833 2927 2887 quae
2949 2816 3185 2888 quidem
3212 2820 3479 2888 quamvis
3502 2820 3618 2873 sint

1983 2904 2309 2971 levissimis,
2342 2910 2536 2959 tamen
2570 2921 2704 2959 cum
2736 2904 2935 2959 nullus
2967 2906 3249 2962 hactenus
3277 2907 3349 2962 iis
3381 2924 3617 2980 respon-

1984 2994 2141 3049 disse
2168 2994 2414 3065 legatur,
2446 3011 2547 3066 pro
2582 3010 2740 3048 more
2770 2998 2994 3061 nostro,
3026 3012 3095 3049 ne
3126 2997 3267 3065 quid
3326 2996 3619 3069 relinqua-

1986 3100 2118 3138 mus
2150 3083 2455 3152 intactum,
2489 3082 2619 3136 illas
2651 3081 2993 3154 singillatim
3020 3084 3506 3141 examinabimus.
3528 3087 3625 3141 Ait

1987 3172 2184 3243 itaque
2219 3190 2230 3225 ε
2266 3194 2293 3220 ‹‹
2325 3171 2452 3225 Haec
2486 3170 2730 3241 epistola
2758 3171 2808 3225 si
2835 3177 2988 3226 esset
3018 3171 3479 3239 Barnahaﬁllam
3507 3192 3621 3229 non

234 3233 1067 3328 i‘if‘f‘j‘iffiﬂepffﬂejn’f"
1088 3217 1447 3328 Pali}???
1491 3222 1873 3328 ἓίῖῐῖ-ξρίῗῗξῗξ
1906 3233 1948 3299 C
1988 3217 2157 3313 secus
2191 3275 2256 3313 ac
2295 3217 2667 3328 Evangelium
2720 3257 2971 3312 Matthzni
3016 3258 3243 3314 tumulo
3296 3217 3402 3314 suo
3448 3261 3619 3314 condi

236 3308 418 3362 licum
450 3306 660 3372 virum,
691 3304 837 3359 nihil
880 3307 1035 3375 quod
1086 3322 1119 3359 a
1167 3306 1442 3361 Barnabaa
1491 3306 1677 3377 ipsius
1725 3307 1874 3379 stylo

234 3396 495 3451 alienum
531 3394 779 3465 aliquid,
830 3400 931 3449 aut
961 3394 1059 3449 illo
1110 3395 1418 3466 indignum
1471 3412 1585 3466 prae
1616 3412 1678 3450 se
1710 3396 1874 3464 ferat,

234 3488 604 3556 Quapropter
626 3484 913 3555 quosdam
928 3488 1135 3539 nostrae
1159 3483 1342 3537 aetatis
1355 3483 1506 3539 viros
1529 3484 1875 3540 temeritatis

234 3575 515 3629 audacter
541 3572 944 3643 incusant,qui
975 3572 1045 3627 de
1075 3571 1221 3644 stylo
1253 3572 1699 3643 apostolicorum
1731 3573 1874 3627 scri-

234 3667 473 3734 ptorum
528 3660 736 3715 melius
759 3677 935 3731 quam
966 3662 1303 3715 eorumclem
1335 3660 1627 3733 discipuli,
1660 3661 1874 3733 aliique

228 3766 537 3823 suppares,
572 3753 673 3804 aut
698 3749 962 3819 ejusdem
994 3748 1181 3803 aetatis
1210 3749 1499 3817 homines,
1522 3767 1583 3805 se
1604 3750 1871 3818 judicare

223 3856 402 3911 posse
432 3838 753 3894 conﬁdunt.
789 3838 889 3892 His
920 3838 1205 3907 adjiciunt
1235 3838 1374 3893 illud
1428 3839 1607 3895 fuisse
1645 3839 1873 3895 Judseo-

222 3945 353 3983 rum
388 3928 460 3981 ad
494 3927 884 3982 Christianam
931 3926 1127 3991 ﬁdem,
1176 3928 1329 3981 sicut
1374 3926 1497 3999 ipse
1549 3927 1867 3996 Barnabas,

226 4018 455 4072 noviter
483 4031 895 4071 conversorum
928 4014 1229 4087 ingenium
1267 4034 1279 4082 ;
1314 4020 1379 4069 ut
1416 4016 1745 4087 Scripturas
1776 4034 1867 4072 sa-

223 4122 356 4161 cras
386 4103 680 4176 allegoriis
712 4120 777 4158 ac
809 4102 1073 4175 mysticis
1096 4104 1567 4159 enarrationibus
1592 4106 1870 4177 interpre-

226 4199 514 4264 tarentur,
550 4192 850 4265 multaque
881 4193 938 4247 in
973 4192 1316 4248 animalium
1352 4195 1732 4265 pr0prietates
1763 4196 1867 4251 ob-

226 4287 546 4340 servarent.

293 4371 618 4441 Addemus,
661 4387 768 4426 nos
819 4369 993 4442 paulo
1022 4376 1154 4441 post
1186 4374 1689 4428 demonstraturos
1721 4373 1868 4429 hanc

219 4459 542 4534 Epistolam
574 4460 622 4514 si
656 4459 931 4514 Barnabas
964 4476 1080 4515 non
1130 4460 1225 4530 sit,
1276 4462 1527 4515 auctoris
1557 4478 1683 4517 esse
1710 4464 1865 4533 ejus-

220 4551 354 4605 dem
387 4565 518 4603 cum
554 4547 675 4618 illo,
708 4553 810 4603 aut
840 4552 1006 4603 certa:
1054 4548 1327 4619 proximae
1375 4551 1579 4604 aetatis.
1632 4552 1861 4606 Nemini

223 4644 421 4694 autem
468 4652 603 4692 vero
650 4635 942 4692 videbitur
982 4636 1174 4692 simile
1222 4638 1563 4709 scriptorem
1613 4639 1775 4710 pium
1807 4645 1863 4695 et

223 4730 485 4791 doctum,
510 4727 651 4782 viris
681 4725 1017 4798 apostolicis
1048 4728 1546 4799 coaevum,quippe
1577 4731 1868 4800 quomodo

218 4816 469 4888 apostoli
502 4815 839 4886 Scripturas
868 4819 1243 4885 exponerent,
1293 4817 1556 4886 apprime
1609 4824 1863 4885 noverat,

216 4908 294 4960 ab
325 4922 527 4960 eorum
560 4904 729 4975 stylo,
764 4908 821 4958 et
852 4903 1143 4958 scribendi
1175 4904 1715 4977 interpretandique
1746 4924 1867 4963 me-

215 4993 400 5048 thodo
432 4992 541 5047 hac
575 4993 637 5047 in
670 4990 928 5064 Epistola
959 4992 1191 5063 penitus
1224 4993 1554 5049 descivisse.

762 5106 1166 5163 ARTICULUS
1212 5106 1333 5164 VII.

520 5198 752 5251 Tertium
782 5201 1174 5265 argumentum
1201 5200 1573 5253 examinatur.

294 5302 559 5358 Tertium
592 5307 1003 5374 argumentum
1032 5307 1140 5367 est,
1174 5303 1497 5359 Barnabam
1544 5307 1715 5361 modo
1746 5310 1863 5361 tam

212 5390 596 5464 hyperbolico
630 5408 744 5447 non
767 5396 1105 5447 vocaturum
1131 5392 1427 5464 apostolos
1461 5394 1864 5466 iniquissimos

212 5481 551 5551 hominum,
585 5486 641 5535 et
671 5497 850 5552 super
878 5496 1048 5535 omne
1080 5486 1379 5552 peccatum
1415 5490 1762 5555 peccatores.
1794 5487 1865 5540 At

291 5642 335 5677 9"
370 5641 493 5698 Lib.
525 5646 666 5699 cont.
703 5644 935 5700 Celsum.
1016 5642 1060 5678 ⁵⁸⁸
1094 5642 1219 5700 Lib.
1254 5644 1351 5700 cit.

1978 3348 2312 3419 jussisset.»
2340 3347 2555 3401 Verum
2581 3347 2714 3417 quis
2746 3346 2974 3417 Moynio
3002 3346 3325 3403 Barnabam
3350 3348 3617 3420 Epistolas

1985 3454 2102 3492 sua:
2146 3436 2439 3508 exemplar
2486 3451 2735 3506 semper,
2785 3440 2885 3489 aut
2927 3435 3156 3501 saltem,
3205 3453 3338 3491 cum
3370 3443 3617 3493 mortem

1984 3526 2147 3591 obiit,
2181 3542 2378 3580 secum
2410 3540 2739 3579 asservasse
2770 3525 3036 3595 patefecit
3064 3524 3090 3578 ‘l
3120 3526 3270 3580 Num
3317 3528 3497 3582 moris
3527 3532 3617 3583 est

1982 3616 2136 3685 apud
2167 3615 2433 3669 homines
2463 3611 2839 3684 epistolarum
2864 3630 3105 3668 suarum
3134 3615 3219 3669 sic
3241 3617 3395 3687 apud
3420 3632 3480 3672 se
3498 3634 3621 3673 ser-

1986 3720 2120 3759 vare
2147 3702 2497 3774 exemplaria
2526 3702 2553 3755 ‘l
2582 3702 2799 3756 Demus
2822 3707 3015 3757 tamen
3041 3703 3269 3776 Moynio
3297 3722 3472 3775 penes
3506 3723 3624 3762 mo-

1981 3796 2224 3849 rientem
2256 3792 2580 3846 Barnabam
2615 3790 2793 3846 fuisse
2825 3791 3091 3863 Epistolas
3127 3810 3245 3847 suae
3286 3794 3621 3865 exemplar:

1982 3882 2247 3953 nunquid
2278 3897 2413 3953 ergo
2444 3880 2908 3936 lucubrationem
2942 3898 3106 3936 suam
3141 3882 3228 3935 vir
3259 3883 3622 3938 modestissi-

1980 3988 2112 4026 mus
2142 3972 2343 4027 eodem
2377 3971 2435 4024 in
2459 3969 2642 4041 pretio
2672 3986 2737 4024 ac
2769 3969 3021 4024 Matthmi
3042 3970 3419 4041 Evangelium
3441 3970 3619 4027 habe-

1978 4060 2128 4115 bat?
2158 4060 2215 4114 Si
2250 4060 2306 4113 id
2345 4060 2660 4114 contendat
2699 4057 2985 4130 Moynius,
3036 4059 3297 4114 dicemus
3328 4076 3461 4115 eum
3491 4061 3621 4116 ideo

1978 4166 2111 4205 cum
2144 4152 2253 4205 hoc
2284 4146 2613 4219 Evangelio,
2644 4164 2759 4202 non
2791 4152 2986 4202 autem
3033 4163 3166 4201 cum
3199 4165 3307 4203 sua
3337 4149 3619 4220 Epistola,

1979 4239 2209 4310 sepeliri
2241 4237 2492 4293 voluisse
2526 4254 2539 4303 ;
2575 4237 2712 4307 quia
2741 4235 2885 4290 illud
2920 4237 3221 4293 historiam
3253 4237 3618 4306 vitae,mortis

1979 4344 2043 4382 ac
2076 4325 2493 4382 miraculorum
2525 4324 2764 4389 Christi,
2797 4341 2975 4395 quam
3008 4342 3238 4397 semper
3285 4344 3402 4399 prae
3430 4328 3618 4384 oculis

1976 4417 2279 4483 habuerat,
2314 4414 2823 4486 complectebatur.

2050 4507 2232 4562 Instat
2262 4510 2455 4559 tamen
2489 4503 2755 4575 Moynius
2787 4502 3150 4574 apocryphos
3174 4503 3350 4559 libros
3373 4506 3445 4559 ab
3476 4522 3611 4561 auc-

1894 4598 1941 4663 D
1976 4600 2096 4650 tore
2127 4598 2326 4649 nostro
2345 4591 2529 4647 citari.
2563 4592 2709 4655 Quid
2736 4589 2871 4645 inde
2901 4590 2929 4644 ‘t
2960 4591 3161 4646 Nonne
3202 4598 3259 4646 et
3289 4592 3617 4649 doctissimi

1978 4685 2080 4739 viri
2103 4682 2344 4738 Paulum
2374 4686 2430 4735 et
2451 4680 2662 4735 Judam
2686 4679 2867 4734 libros
2892 4680 3090 4734 itidem
3115 4681 3474 4753 apocryphos
3496 4681 3614 4736 lau-

1980 4772 2205 4827 davisse
2259 4768 2799 4825 fatentur?Nonne
2866 4772 2921 4822 et
2994 4769 3204 4824 Paulus
3254 4769 3377 4840 ipse
3422 4770 3611 4825 ethni-

1978 4878 2200 4925 corum,
2236 4876 2383 4930 quos
2428 4857 2777 4929 apocryphis
2808 4858 2878 4911 ab
2911 4863 3146 4911 auctore
3191 4864 3389 4913 nostro
3418 4859 3614 4914 citatis

1979 4954 2251 5021 praastare
2286 4964 2454 5002 nemo
2491 4946 2719 5010 dixerit,
2753 4946 2949 4999 attulit
2978 4945 3427 5001 auctoritatem?

2050 5038 2223 5109 Urget
2253 5036 2445 5091 adhuc
2476 5036 2518 5069 ²⁸
2556 5035 2871 5089 Barnabam
2907 5033 3175 5105 Epistola
3207 5035 3277 5088 ad
3327 5034 3615 5105 Hebraeos,

1977 5128 2215 5181 nomine
2254 5125 2414 5180 Pauli
2451 5130 2796 5196 prmnotatae,
2842 5124 3022 5177 fuisse
3070 5130 3385 5177 auctorem.
3416 5124 3613 5195 Atqui,

1975 5216 2167 5286 inquit
2195 5213 2308 5280 ille,
2343 5231 2453 5268 non
2486 5214 2635 5269 video
2665 5229 2841 5283 quare
2868 5211 3115 5267 secundis
3142 5214 3292 5266 curis
3321 5228 3613 5283 argumen-

1974 5310 2091 5359 tum
2120 5304 2263 5358 istud
2286 5306 2489 5359 iterum
2524 5306 2920 5373 pertractasset
2946 5318 3071 5354 cum
3126 5302 3365 5371 quadam
3416 5304 3619 5373 primae

1972 5394 2322 5463 detibatzone,
2355 5393 2515 5464 quasi
2546 5394 2604 5446 in
2647 5391 2890 5461 Epistola
2920 5389 2988 5443 ad
3020 5390 3280 5447 Hebrazos
3314 5393 3615 5448 materiam

1973 5485 2136 5538 istam
2186 5483 2353 5537 nimis
2393 5480 2785 5552 perfunctorie,
2852 5478 3149 5551 minusque
3196 5480 3434 5550 feliciter
3483 5487 3617 5540 esset
