4090 6340
491 350 607 407 6'79

1661 343 1724 401 S.
1771 342 2191 404 BARNABAS
2236 344 2721 405 APOSTOLUS.

3774 348 3896 410 680

483 488 811 549 prosecutus.
848 478 1045 553 Neque
1081 477 1187 532 hoc
1218 480 1633 549 argumentum
1661 477 1849 547 priore
1880 476 2129 530 validius
2160 479 2215 544 Α
2244 481 2451 531 verunt
2480 476 2818 548 diligentius
2850 478 2910 533 hi
2943 478 3191 550 ingenue
3234 477 3486 535 fatentur
3544 482 3700 551 apud
3731 483 3883 537 anti-

482 574 588 623 est.
624 568 818 621 Primo
852 567 1068 638 quippe
1102 566 1314 621 talsum
1361 572 1449 620 est
1496 567 1822 620 Barnabam
1872 566 2021 619 hanc
2050 566 2119 619 ad

478 657 747 711 Hebraeos
779 656 1085 726 scripsisse
1112 655 1452 727 Epistolam.
1509 654 1745 719 Deinde,
1800 660 1947 718 esto,
1982 654 2121 708 scri-

482 744 968 816 pserit.Nunquid
1002 761 1114 798 non
1150 745 1335 814 potuit
1369 744 1523 798 idem
1557 749 1759 798 auctor
1790 744 2019 797 duabus
2050 743 2120 796 ad

483 834 739 889 diversos
772 834 1009 888 diversae
1060 832 1316 904 regionis
1371 832 1657 893 homines,
1712 848 1858 902 quos
1911 832 2118 884 iisdem

484 923 765 978 doctrinis
795 928 851 977 et
880 922 1182 994 praeceptis
1214 922 1473 976 imbuere
1505 921 1750 981 volebat,
1795 920 1948 974 datis
2000 919 2119 990 epi-

483 1012 831 1077 stolis,idem
865 1017 1115 1065 tractare
1133 1014 1545 1081 argumentum
1576 1010 1603 1063 ‘?
1635 1008 1894 1079 Denique
1927 1025 2120 1062 nonne

480 1100 636 1155 idem
668 1106 870 1155 auctor
899 1099 1097 1170 plures
1141 1100 1211 1153 de
1243 1115 1302 1154 re
1336 1100 1540 1153 eadem
1570 1098 1792 1151 litteras
1844 1098 2117 1165 scribere,

477 1191 797 1261 eademque
828 1190 884 1243 in
919 1188 1033 1244 illis
1064 1193 1319 1259 repetere
1349 1192 1406 1242 et
1435 1187 1725 1242 inculcare
1771 1188 2120 1257 quandoque

478 1280 705 1351 cogitur
733 1279 758 1332 ‘2

552 1368 725 1440 Urget
754 1368 965 1422 iterum
1009 1366 1276 1439 Moynius
1328 1366 1475 1421 hanc
1531 1364 1837 1437 epistolam
1882 1383 1914 1418 a
1944 1364 2121 1435 primi

484 1462 541 1513 et
570 1457 810 1513 secundi
832 1456 1028 1511 saeculi
1055 1455 1459 1527 scriptoribus,
1492 1460 1635 1526 puta
1683 1454 1978 1509 Clemente
2012 1454 2120 1508 lto-

484 1563 678 1613 mano,
715 1546 1041 1617 Polycarpo,
1095 1545 1315 1617 Ignatio
1368 1544 1543 1599 etiam
1576 1526 1633 1598 in
1685 1543 1807 1598 suis
1840 1543 2123 1597 adversus

481 1635 710 1689 Jndzeos
758 1633 1254 1705 disputationibus
1300 1632 1505 1687 nullibi
1538 1632 1855 1687 laudatam.
1908 1630 2121 1685 Verum

482 1740 627 1794 quas
657 1724 801 1778 alias
851 1723 1026 1777 iidem
1079 1723 1389 1793 scriptores
1450 1722 1699 1777 aliorum
1758 1719 2034 1791 epistolas
2066 1726 2123 1774 et

478 1812 697 1883 scripta
724 1811 1044 1873 citaverint,
1096 1812 1156 1865 in
1207 1812 1467 1866 medium
1515 1810 1769 1881 proferre
1819 1810 2119 1863 debuerat.
2152 1848 2198 1913 B

477 1902 623 1967 Quid
655 1918 807 1967 vero,
840 1901 890 1955 si
922 1901 1043 1955 haec
1099 1899 1358 1972 Epistola
1410 1900 1466 1954 in
1509 1916 1709 1954 eorum
1761 1915 1970 1952 manus
2005 1914 2117 1952 non

475 1989 751 2045 venerit?
780 1990 887 2045 Sed
940 1989 1288 2059 conjecturis
1338 2006 1453 2042 non
1509 1994 1596 2043 est
1646 2004 1838 2058 opus;
1894 1992 2119 2041 certum

480 2080 695 2150 quippe
726 2084 815 2133 est
841 2079 992 2134 hanc
1023 2077 1339 2149 Epistolam
1362 2077 1697 2132 aClemente
1730 2076 2118 2130 Alexandrino

478 2167 676 2222 sreculi
709 2169 949 2223 secundi
982 2184 1236 2237 auctore,
1269 2172 1333 2221 ut
1362 2184 1540 2237 supra
1578 2166 1855 2231 vidimus,
1898 2164 2064 2219 citari
2102 2182 2114 2231 ;

479 2258 630 2327 quod
662 2258 733 2312 ad
766 2274 971 2312 vanam
1004 2257 1387 2325 objectionem
1420 2255 1590 2327 plane
1621 2255 1959 2309 diluendam
1977 2255 2117 2309 satis

480 2363 769 2417 superque
801 2347 1020 2400 dictum
1056 2347 1149 2400 sit.

548 2436 728 2489 Instat
749 2435 998 2505 denique
1021 2434 1170 2489 hanc
1194 2433 1512 2505 Epistolam
1540 2451 1573 2488 a
1594 2432 1980 2499 Barnaba,qui
2006 2433 2115 2487 sub

476 2524 699 2578 Nerone
731 2523 1074 2593 martyrium
1098 2541 1305 2594 passus
1336 2529 1443 2587 est,
1470 2522 1643 2577 scribi
1663 2540 1776 2576 non
1812 2522 2073 2593 potuisse
2099 2540 2111 2588 ;

478 2613 690 2684 quippe
710 2630 833 2683 qua:
860 2617 991 2682 post
1011 2629 1269 2667 eversam
1295 2629 1328 2665 a
1349 2612 1474 2666 Tito
1496 2610 1955 2681 Hierosolymam
1981 2611 2116 2664 data

481 2702 911 2772 fuerit.Atqueh
941 2718 1007 2755 oc
1030 2701 1173 2755 illud
1199 2706 1284 2755 est
1315 2701 1469 2771 quod
1498 2702 1555 2753 in
1580 2700 1734 2754 notis
1760 2706 1816 2754 et
1848 2701 2117 2754 observa-

482 2790 741 2846 tionibus
773 2791 895 2845 suis
928 2795 1337 2861 argumentum
1374 2791 1791 2843 invictissimum
1815 2792 1866 2842 εἰ
1896 2789 2113 2843 eviden-

479 2882 752 2935 tissimum
782 2878 1052 2951 appellat.
1090 2880 1146 2933 Id
1200 2878 1395 2949 itaque
1444 2878 1616 2950 paulo
1666 2876 1959 2949 prolixiori
1994 2895 2114 2933 res-

480 2970 759 3040 ponsione
792 2968 1133 3023 solvendum
1169 2972 1274 3022 est.

1033 3056 1293 3111 ARTICU
1307 3055 1428 3111 LUS
1471 3056 1561 3109 ΙΧ.

736 3147 1096 3217 Quandonam
1126 3146 1239 3200 haec
1265 3147 1492 3217 epistola
1521 3147 1721 3216 scripta
1753 3148 1844 3199 sit.

2232 582 2378 635 quos
2412 566 2727 635 scriptores
2754 566 2897 621 nihil
2932 584 3289 632 succurrere,
3325 570 3479 623 unde
3510 571 3883 639 quandonam

2234 655 2533 709 Barnabas
2564 656 2635 709 ab
2668 655 2850 727 Cypro
2884 656 3077 711 insula
3106 656 3359 726 redierit,
3393 657 3693 730 vitamque
3727 677 3884 716 mar-

2232 744 2377 814 tyrio
2409 744 2689 815 posuerit,
2723 750 2878 801 certo
2911 746 3242 802 deﬁniatur.
3292 748 3533 804 Constat
3574 752 3772 805 autem
3814 750 3889 804 il-

2231 831 2351 886 lum
2390 838 2517 903 post
2549 833 3007 904 Hierosolymam
3040 851 3192 890 anno
3216 837 3302 906 72,
3319 841 3420 891 aut
3460 837 3634 906 juxta
3662 838 3884 895 doctio-

2231 936 2323 975 res
2353 921 2738 994 chronologos
2786 925 2857 975 70
2894 940 2928 977 a
2971 924 3098 978 Tito
3148 923 3528 991 destructam,
3563 926 3745 981 vitam
3778 944 3877 997 po-

2228 1010 2413 1063 tuisse
2444 1010 2779 1080 producere.
2814 1011 3018 1066 Petrus
3048 1011 3335 1083 siquidem
3383 1019 3441 1069 et
3470 1014 3686 1069 Paulus
3721 1032 3875 1071 anno

2232 1102 2458 1151 tantum
2489 1100 2642 1163 66,id
2676 1105 2765 1155 est
2788 1117 2904 1154 uno
2937 1106 3037 1155 aut
3056 1102 3244 1156 tribus
3266 1106 3399 1173 post
3428 1103 3721 1159 excidium
3746 1105 3876 1160 Hie-

2230 1185 2715 1257 rosolymitanum
2734 1189 3193 1261 annis,martyrii
3218 1189 3474 1261 palmam
3495 1192 3689 1264 adepti
3708 1198 3871 1249 sunt.

2232 1273 2388 1328 Nihil
2420 1292 2554 1347 ergo
2585 1282 2740 1331 vetat
2796 1278 3111 1348 quominus
3167 1278 3466 1335 Barnabas
3521 1281 3582 1335 in
3615 1281 3879 1353 Epistola

2234 1380 2342 1429 sua
2374 1363 2618 1434 hujusce
2651 1366 2856 1421 excidii
2891 1366 3091 1421 fecerit
3122 1367 3498 1426 mentionem.

2300 1452 2463 1507 Certo
2494 1458 2691 1508 autem
2723 1456 2940 1510 certius
2960 1460 3049 1511 est
3064 1456 3215 1512 hanc
3247 1459 3513 1515 eamdem
3547 1460 3868 1531 Epistolam

2232 1557 2345 1595 non
2377 1542 2568 1596 solum
2600 1543 2671 1597 ab
2697 1543 2943 1615 Origene
2974 1545 3162 1613 citari,
3182 1547 3281 1601 sed
3313 1546 3490 1602 etiam
3523 1564 3556 1602 a
3584 1548 3874 1606 Clemente

2230 1629 2635 1697 Alexandrino,
2671 1633 2793 1702 qui,
2828 1638 2891 1687 ut
2922 1633 3002 1688 ait
3032 1635 3553 1708 Eusebius,primis
3582 1638 3875 1708 apostolo-

2232 1736 2360 1773 rum
2390 1721 2750 1791 temporibus
2779 1725 3108 1793 proximum
3139 1741 3203 1780 se
3232 1724 3415 1781 fuisse
3434 1729 3875 1784 testatur.Unde

2231 1809 2535 1863 conficitur
2572 1808 2949 1879 Clementem,
2982 1813 3081 1883 qui
3116 1813 3433 1884 Epistolam
3482 1815 3652 1887 hanc,
3690 1817 3868 1872 sicuti

2231 1913 2296 1949 ex
2329 1897 2820 1968 frequentioribus
2851 1903 2978 1970 ejus
3009 1901 3385 1959 citationibus
3415 1904 3617 1976 liquet,
3667 1907 3869 1978 magni

2228 1986 2516 2042 aestimare
2546 1988 2945 2057 videbatur,ab
2977 1990 3309 2061 apostolicis
3339 1992 3497 2060 viris,
3534 1995 3668 2065 quis
3696 2012 3869 2051 verus

2230 2073 2388 2129 illius
2420 2080 2620 2131 auctor
2647 2078 2949 2148 exstiterit,
2970 2078 3257 2134 curiosius
3291 2080 3733 2154 indagasse,nec
3758 2085 3871 2140 dif-

2228 2163 2456 2218 ticiliter
2485 2165 2776 2221 didicisse.
2812 2166 3027 2223 Deinde
3059 2168 3212 2223 idem
3244 2169 3510 2227 Clemens
3563 2174 3720 2228 circa
3763 2192 3866 2229 an-

2228 2270 2368 2307 num
2400 2254 2503 2306 200
2533 2253 2651 2309 fato
2708 2255 2945 2309 functus
2976 2258 3452 2330 est,proindeque
3482 2259 3662 2316 libros
3695 2279 3860 2331 suos,

2228 2340 2321 2396 ubi
2356 2342 2508 2397 hanc
2539 2342 2851 2414 Epistolam
2880 2343 3157 2412 laudavit,
3191 2346 3251 2400 in
3299 2345 3489 2403 lucem
3524 2350 3689 2420 prius
3719 2351 3867 2405 emi-

2227 2437 2398 2486 serat.
2431 2432 2602 2502 Atqui
2635 2431 2793 2487 illam
2827 2450 2937 2487 non
2973 2439 3035 2488 ut
3066 2451 3264 2490 recens
3285 2434 3542 2508 aliquod,
3576 2440 3677 2494 sed
3709 2441 3863 2495 anti-

2230 2538 2355 2590 quze
2409 2520 2767 2575 auctoritatis
2827 2522 3107 2593 scriptum
3161 2523 3379 2591 laudat,
3409 2526 3651 2597 ideoque
3683 2546 3864 2599 quam

2226 2609 2469 2680 putabat
2516 2611 2790 2681 martyrio
2842 2612 3050 2682 Ignatii
3098 2612 3511 2683 antiquiorem.
3563 2617 3712 2682 Quin
3745 2618 3866 2674 imo

2225 2698 2442 2767 ubique
2472 2715 2574 2769 pro
2603 2703 2757 2753 certo
2789 2703 2953 2770 ponit
2992 2699 3153 2755 illam
3200 2720 3234 2755 a
3282 2703 3548 2759 Barnaba
3599 2707 3865 2777 apostolo

2225 2785 2522 2857 scriptam,
2558 2786 2923 2858 nullumque,
2956 2804 3130 2861 quem
3164 2796 3380 2858 nosset,
3435 2791 3571 2847 huic
3601 2795 3865 2866 opinioni

2224 2874 2518 2946 refragari.
2553 2876 2720 2929 Tanti
2748 2876 2851 2929 viri
2888 2882 3170 2948 tantaeque
3201 2881 3567 2947 eruditionis,
3602 2901 3665 2938 ac
3711 2889 3865 2939 tem-

2225 2964 2463 3035 poribus
2492 2964 2827 3035 apostolicis
2859 2966 2999 3021 adeo
3029 2966 3201 3021 vicini
3244 2971 3577 3035 auctoritas,
3622 2974 3863 3029 maximi

2223 3059 2375 3107 certe
2407 3054 2559 3124 apud
2585 3070 2787 3108 omnes
2812 3054 2981 3109 debet
3000 3072 3129 3111 esse
3151 3058 3426 3128 ponderis
3451 3077 3463 3125 ;
3497 3076 3631 3114 cum
3664 3061 3722 3115 in
3754 3062 3867 3134 pri-

2224 3141 2334 3197 mis
2366 3141 2525 3196 nulla
2556 3142 2724 3196 ﬁrma
2754 3143 3043 3198 rationum
3074 3150 3434 3217 argumenta,
3459 3148 3726 3220 nihilque
3755 3151 3864 3221 illi,

541 3239 671 3293 Jam
704 3237 860 3291 enim
892 3252 1006 3306 quo
1037 3241 1295 3305 tempore
1329 3235 1445 3288 haec
1478 3233 1732 3304 Epistola
1763 3233 1979 3305 scripta
2010 3234 2107 3298 sit,
2222 3230 2334 3285 nisi
2367 3232 2700 3301 conjectura
2729 3233 3014 3303 quaedam,
3048 3250 3254 3305 parum
3284 3236 3476 3291 valida
3507 3218 3853 3309 opponatur.

476 3326 898 3397 indagandum.
934 3324 1036 3390 Qui
1073 3341 1199 3379 eam
1234 3324 1507 3379 Barnabze
1558 3324 1839 3391 tribuunt,
1891 3324 1947 3377 hi
1980 3328 2111 3378 ante

476 3416 603 3483 ejus
635 3414 859 3469 obitum
890 3414 1084 3467 datam
1118 3430 1246 3467 esse
1270 3414 1508 3467 indubie
1540 3414 1938 3482 pronuntiant.
1973 3414 2109 3475 Qui-

475 3504 586 3557 bus
616 3519 746 3557 vero
775 3518 867 3557 res
903 3502 960 3555 in
982 3502 1255 3572 ambiguo
1286 3506 1393 3569 est,
1429 3502 1467 3554 ii
1499 3506 1694 3555 tamen
1725 3500 1883 3555 illius
1916 3507 2110 3557 aucto-

479 3607 599 3646 rem
623 3590 987 3660 temporibus
1018 3589 1412 3661 apostolorum
1448 3590 1715 3644 lloruisse
1740 3607 1872 3645 vero
1904 3596 2111 3661 putant

474 3678 748 3735 similius.
774 3679 1033 3747 Denique
1067 3679 1163 3748 qui
1196 3695 1228 3731 a
1260 3678 1517 3731 Barnaba
1548 3679 1864 3748 profectam
1900 3684 2111 3749 negant

473 3784 599 3823 eam
631 3773 763 3839 post
793 3766 1080 3821 excidium
1114 3766 1721 3837 llierosolymitanum,
1744 3768 1842 3822 sed
1875 3772 2007 3822 ante
2041 3768 2106 3821 ﬁ-

475 3874 607 3911 nem
639 3856 878 3912 secundi
910 3854 1103 3910 saeculi
1136 3854 1411 3925 scriptam
1442 3870 1569 3910 esse
1586 3856 1919 3926 opinantur.
1953 3857 2107 3928 Moy-

479 3948 614 4001 nius
645 3945 738 4000 his
771 3944 933 4000 addit
964 3943 1125 3999 illam
1149 3948 1277 4015 post
1309 3960 1505 3998 necem
1535 3944 1773 4009 Justini,
1826 3946 1925 4015 qui
1958 3963 2109 4001 anno

482 4037 583 4089 162
613 4039 715 4089 aut
751 4036 848 4089 163
897 4038 1118 4105 martyr
1165 4034 1457 4097 occubuit,
1507 4037 1563 4087 et
1608 4038 1741 4087 ante
1771 4034 2111 4089 Tertulliani

482 4128 749 4191 mortem,
784 4139 910 4193 qua:
942 4122 1095 4177 circa
1132 4139 1352 4176 annum
1400 4122 1506 4176 215
1551 4122 1811 4192 contigit,
1842 4122 2112 4193 obsigna-

476 4216 596 4266 tam
629 4212 1029 4282 fuissc.Neque
1053 4217 1244 4267 tamen
1269 4212 1366 4265 ille
1394 4210 1506 4265 alia
1537 4210 1759 4265 ratione
1780 4210 2111 4281 opinionem

479 4316 647 4354 suam
680 4300 1192 4370 conﬁrmat,quam
1216 4300 1370 4369 quod
1394 4299 1681 4354 nonnulla:
1707 4301 1777 4354 de
1806 4301 2113 4357 emissario

475 4388 807 4443 Judaaorum
833 4388 991 4442 hirco
1016 4389 1368 4443 caeremoniis
1401 4389 1457 4442 in
1480 4389 1585 4442 hac
1609 4387 1864 4459 Epistola
1888 4406 2112 4444 memo-

478 4482 699 4543 rentur,
732 4493 878 4548 quas
912 4477 1065 4530 sicut
1097 4478 1249 4548 apud
1272 4476 1595 4545 Justinum,
1628 4477 1761 4530 licet
1787 4478 1857 4531 de
1889 4478 1960 4533 iis
1992 4479 2111 4534 dis-

2222 3320 2499 3374 Crcterum
2530 3321 2905 3391 quantumvis
2926 3321 3190 3376 Clemens
3212 3322 3271 3377 in
3303 3324 3571 3395 Epistolas
3603 3328 3859 3384 auctoris

2222 3410 2455 3462 nomine
2488 3426 2711 3464 errasse
2732 3410 3111 3476 diceretur,ex
3133 3412 3259 3481 ejus
3282 3416 3478 3468 tamen
3512 3420 3857 3472 auctoritate

2220 3497 2599 3553 invictissime
2629 3498 3062 3553 demonstratur
3090 3499 3251 3555 illam
3283 3500 3367 3556 vel
3399 3503 3472 3558 ab
3506 3521 3623 3559 uno
3646 3522 3861 3577 exape-

2220 3587 2406 3653 stolis,
2438 3587 2522 3641 vel
2554 3586 2758 3641 saltem
2787 3588 2857 3641 ab
2877 3587 3071 3657 aliquo
3103 3606 3169 3643 ex
3189 3591 3470 3660 proximis
3491 3609 3695 3649 eorum
3720 3612 3852 3649 suc-

2219 3674 2548 3730 cessoribus
2579 3674 2759 3729 fuisse
2792 3679 3106 3730 exaratam.

2293 3765 2353 3818 Id
2386 3765 2621 3835 quidem
2654 3780 2722 3818 ex
2764 3764 3176 3836 manuscriptis
3224 3766 3524 3824 codicibus
3554 3772 3766 3826 Graecis
3798 3777 3857 3827 et

2224 3854 2445 3909 Latinis
2467 3852 2795 3907 confirmari
2828 3853 3129 3923 potuisset,
3164 3854 3212 3909 si
3266 3855 3365 3926 qui
3400 3858 3639 3914 omnino
3666 3859 3856 3915 incor-

2220 3943 2397 4014 rupti,
2432 3959 2497 3997 ac
2526 3958 2723 3996 verum
2772 3941 3040 4013 Epistolas
3084 3942 3320 3997 titulum
3382 3946 3753 4015 prmferentes
3784 3949 3855 4004 ad

2223 4049 2327 4086 nos
2358 4029 2855 4102 pervenissent.At
2878 4030 2933 4083 in
2957 4030 3168 4087 Graecis
3192 4033 3490 4088 codicibus
3522 4041 3698 4107 caput
3727 4040 3853 4106 ejus

2223 4124 2591 4191 amputatum
2624 4123 2732 4184 est,
2779 4123 2835 4173 et
2866 4118 3071 4174 titulus
3115 4122 3213 4190 qui
3264 4121 3324 4176 in
3371 4126 3567 4176 Graeca
3594 4123 3855 4179 Menardi

2223 4209 2472 4265 editione
2501 4207 2805 4278 legitur.ex
2835 4208 3080 4263 Eusebio
3113 4209 3342 4264 videtur
3369 4211 3857 4282 desumptus.La-

2227 4300 2381 4353 tinus
2410 4313 2542 4351 vero
2575 4294 2935 4351 bibliothedae
2967 4301 3176 4352 nostra:
3210 4299 3407 4369 codex,
3456 4300 3555 4370 qui
3588 4302 3853 4357 omnium

2224 4385 2421 4459 procul
2455 4384 2630 4440 dubio
2668 4388 2758 4439 est
2797 4385 3269 4456 antiquissimus,
3318 4388 3425 4442 hac
3472 4392 3707 4444 tantum
3736 4390 3855 4462 epi-

2224 4475 2441 4549 graphe
2472 4473 2809 4529 inscribitur
2840 4490 2853 4527 ε
2890 4475 3083 4545 Incipit
3114 4477 3341 4546 epistola
3380 4479 3655 4534 Barnabas?
3683 4480 3861 4549 [elici-

475 4567 873 4636 serat,frustra
903 4565 1314 4636 qumsierisﬁta
1345 4568 1496 4637 apud
1530 4566 1958 4621 Tertullianum
1984 4572 2107 4621 tan-
2150 4580 2189 4641 D
2220 4571 2321 4632 ter,
2355 4568 2529 4633 atque
2561 4563 2798 4616 demum
2828 4562 2886 4615 in
2922 4564 3034 4617 fine
3066 4563 3148 4618 sic
3179 4565 3582 4621 concluditur:
3618 4568 3861 4639 Explicit

476 4656 780 4710 tummodo
811 4656 1090 4709 invenias.
1129 4655 1337 4709 Verum
1370 4673 1403 4709 a
1442 4672 1556 4726 quo
1598 4655 1801 4709 didicit
1848 4656 2111 4726 Moynius

476 4745 626 4799 hanc
658 4745 975 4815 Epistolam
1028 4760 1203 4815 penes
1251 4744 1547 4798 Justinum
1600 4762 1857 4814 unquam
1911 4746 2110 4812 fuisse,

476 4834 790 4905 ipsumque
810 4849 937 4887 eam
965 4832 1225 4903 legisse?
1248 4833 1353 4887 Fac
1376 4838 1569 4887 tamen
1596 4838 1650 4886 et
1672 4834 1941 4888 habuerit
1963 4840 2018 4887 et
2041 4835 2114 4889 Ie-

478 4922 648 4993 gerit,
681 4922 943 4993 nunquid
977 4923 1105 4976 ideo
1136 4938 1337 4977 omnes
1368 4922 1817 4976 hirciemissarii
1851 4940 2115 4977 caeremo-

479 5012 627 5081 nias,
659 5027 730 5065 ne
760 5012 831 5065 iis
863 5011 1122 5082 quidem,
1158 5029 1283 5081 qua:
1316 5012 1374 5065 in
1406 5011 1664 5082 Epistola
1709 5013 1982 5067 Barnabas
2015 5029 2112 5067 oc-

479 5100 1393 5171 currunt,pra3termissis,debuit
1422 5101 1925 5155 commemorare?
1958 5100 2114 5155 Nihil

476 5188 656 5259 igitur
682 5189 789 5244 hac
822 5191 1087 5260 negativa
1117 5192 1447 5259 conjectura
1471 5190 1656 5259 magis
1683 5188 1971 5252 frivolum,
2008 5190 2114 5244 mi-

477 5294 705 5347 nusque
736 5278 806 5331 ad
837 5294 957 5332 rem
992 5278 1251 5350 aliquam
1285 5279 1658 5333 asserendam
1690 5278 1987 5333 idoneum.

548 5366 670 5429 Quo
703 5383 872 5436 porro
912 5372 1173 5439 tempore
1223 5368 1519 5422 Barnabas
1568 5367 1793 5435 obierit,
1830 5368 2114 5422 incertum

479 5457 585 5508 est.
622 5454 780 5509 Unde
812 5457 1003 5510 nescio
1038 5457 1177 5527 quid
1212 5457 1325 5511 sibi
1370 5457 1507 5512 velit
1550 5456 1835 5527 Moynius,
1886 5473 2017 5511 cum
2050 5474 2117 5512 ex

480 5542 868 5597 communiori
901 5545 1171 5615 opinione
1201 5552 1495 5600 asseverat
1530 5545 1697 5598 illum
1731 5546 1840 5598 sub
1873 5546 2115 5615 imperio

480 5630 713 5689 Nironis
745 5633 1022 5705 martyrio
1054 5635 1345 5690 all‘ectum.
1379 5635 1485 5698 Qui
1518 5634 1669 5689 enim
1722 5634 1778 5688 id
1803 5634 2113 5707 investiga-

2220 4653 2450 4725 rpistola
2479 4652 2773 4706 Barnabas.

2789 4740 3182 4797 ARTICULUS
3227 4743 3288 4797 Χ.

2532 4829 2608 4883 Ad
2640 4844 2769 4900 quos
2799 4828 2918 4884 ἧκε
2963 4831 3195 4897 epistola
3220 4836 3423 4904 scripta
3452 4836 3546 4889 sit.

2294 4920 2507 4991 Integri
2540 4923 2732 4973 autem
2765 4918 2813 4971 si
2844 4924 3139 4974 exstarent
3168 4922 3551 4994 manuscripti
3582 4923 3668 4977 illi
3702 4926 3861 4980 codi-i

2225 5010 2513 5077 ces,nobis
2538 5008 2739 5077 utique
2770 5024 2883 5062 non
2908 5009 3079 5063 modo
3117 5011 3381 5081 Epistolas
3415 5013 3592 5082 hujus
3626 5014 3862 5069 titulum

2224 5100 2601 5162 iudicassent,
2636 5097 2736 5151 sed
2768 5113 2867 5151 eos
2896 5098 3070 5152 etiam
3095 5100 3163 5152 ad
3199 5118 3344 5171 quos
3375 5100 3476 5155 illa
3506 5103 3728 5157 directa
3756 5109 3865 5159 est.

2227 5187 2286 5241 ld
2319 5186 2474 5241 enim
2507 5202 2613 5239 sua
2638 5201 2751 5239 non
2776 5190 2932 5240 caret
2955 5186 3544 5244 dit'ﬁcultate.Putant
3573 5191 3866 5262 siquidem

2226 5274 2488 5332 nonnulli
2521 5293 2587 5329 ex
2617 5278 2736 5329 tota
2766 5274 3045 5330 orationis
3088 5278 3235 5333 serie
3283 5280 3490 5350 conjici
3538 5297 3708 5351 posse
3738 5298 3866 5337 eam

2227 5367 2298 5421 ad
2330 5364 2692 5419 Christianos
2724 5364 2966 5419 missam
2997 5367 3287 5434 Hebraeos,
3321 5373 3554 5425 tenaces
3587 5370 3864 5427 nimirum

2226 5455 2477 5524 antiquae
2507 5452 2672 5523 legis,
2706 5457 2760 5506 et
2788 5453 2857 5505 ad
2894 5452 3159 5509 Hebraeos
3192 5472 3320 5511 esse
3350 5457 3717 5529 inscriptam.
3760 5458 3867 5514 Ve-

2226 5559 2355 5598 rum
2389 5542 2473 5595 vel
2504 5558 2572 5595 ex
2602 5542 2729 5612 ipsa
2758 5540 2936 5595 totius
2970 5543 3259 5614 Epistolas,
3292 5563 3325 5599 a
3380 5548 3547 5602 nobis
3596 5547 3868 5618 superius

2228 5636 2377 5690 facta
2402 5628 3024 5703 synopsi,exploratum
3056 5634 3140 5704 iit,
3167 5634 3295 5691 ideo
3327 5635 3616 5709 praecipue
3646 5637 3717 5693 ad
3740 5653 3868 5696 eam
