4090 6340
197 370 297 432 681

1548 369 2159 434 PROLEGOMENA.

3433 370 3552 435 682

194 502 529 558 scribendam
575 507 867 559 auctorem
924 503 1052 574 ejus
1098 502 1422 575 impulsum
1478 508 1539 559 ut
1585 505 1797 560 eos'ad
1829 504 1883 568 Α
1985 504 2253 561 Usserius
2284 504 2500 576 quippe
2521 502 3410 578 archiepiscopusArmacbanus
3442 506 3559 577 pri-

195 606 324 662 quos
350 590 568 661 scripsit
596 593 991 661 praemuniret,
1042 592 1489 663 prohiberetque
1518 610 1589 648 no
1621 593 1693 648 ab
1726 592 1799 647 iis

192 677 558 750 deciperentur
587 678 685 750 qui
716 678 903 751 legem
926 679 1138 751 Moysis
1165 683 1221 735 et
1249 680 1465 736 Christi
1486 679 1662 736 simul
1687 697 1802 735 ser-

191 766 414 822 vandam
442 782 561 823 esse
592 769 952 831 asserebant.
996 768 1169 839 Atqui
1206 767 1300 822 hic
1346 786 1506 824 error
1535 768 1799 839 ejusdem

188 855 293 911 fere
320 872 442 911 cum
473 854 797 911 Christiana
829 855 1108 928 religione
1139 861 1227 912 est
1258 857 1442 912 aetatis
1471 873 1483 911 :
1516 856 1801 928 illumque

192 960 294 999 non
322 942 500 999 solum
548 943 833 1013 Hebraos,
867 945 967 999 sed
1017 944 1193 999 etiam
1245 945 1566 1011 hareticos,
1598 944 1801 1016 quales

190 1037 337 1087 erant
356 1032 618 1087 Ebionita
642 1038 697 1087 et
709 1031 1086 1099 Cerinthiani,
1113 1033 1386 1088 docuisse
1406 1032 1798 1087 certissimum

189 1120 283 1175 eet.
313 1121 577 1175 Praeterea
607 1120 714 1175 etsi
737 1138 770 1176 a
792 1120 899 1176 soli
938 1120 1187 1177 Hebraeis
1218 1138 1378 1176 error
1403 1121 1496 1175 hic
1526 1121 1800 1175 dissemi-

188 1214 342 1264 natus
370 1208 587 1275 fuisset,
642 1214 910 1280 poterant
938 1202 1134 1265 tamen
1182 1209 1294 1281 ipsi
1345 1226 1408 1265 eo
1446 1226 1560 1280 quo
1592 1209 1799 1281 ﬂagra-

188 1298 311 1353 bant
338 1297 623 1370 religionis
653 1314 772 1353 sua
803 1298 1018 1365 studio,
1052 1297 1221 1353 illum
1253 1298 1405 1370 apud
1428 1314 1634 1353 omnes
1664 1314 1798 1352 cum

186 1385 448 1454 Hebraos,
477 1389 602 1440 tum
636 1384 883 1457 gentiles
915 1386 985 1441 ad
1019 1385 1409 1441 Christianam
1455 1386 1627 1440 fidem
1659 1402 1801 1440 con-

184 1489 361 1530 versos
387 1474 597 1546 ubique
627 1470 1033 1530 disseminarc.
1068 1474 1260 1530 Potuit
1288 1491 1423 1546 ergo
1466 1478 1667 1529 auctor
1692 1490 1799 1528 no-

187 1565 289 1617 ster
317 1578 422 1618 non
470 1562 540 1617 ad
569 1562 838 1617 Hebraos
890 1564 1316 1630 tantummodo,
1369 1563 1469 1617 sed
1518 1562 1695 1617 etiam
1726 1561 1797 1616 ad

184 1649 536 1722 Christianos,
569 1667 717 1722 quos
767 1651 839 1706 ab
872 1650 1125 1706 Hebrais
1168 1650 1255 1706 vel
1295 1650 1582 1706 hareticis
1611 1648 1800 1721 decipi

187 1738 473 1806 metuebat,
498 1755 669 1795 suam
701 1736 950 1810 dirigere
979 1737 1313 1809 epistolam.

244 1826 512 1898 Objicitur
528 1832 725 1883 tamen
748 1825 1179 1882 Tertullianum
1203 1826 1513 1897 Epistolam
1540 1825 1700 1881 Pauli
1726 1827 1797 1881 ad

1913 609 2067 646 mam
2099 593 2227 662 eius
2256 592 2567 649 editionem
2601 610 2669 649 ex
2699 593 3135 666 manuscriptis,
3188 610 3317 665 qua
3350 598 3560 651 mutuo

1910 681 1982 735 ab
2015 679 2144 736 aliis
2166 685 2484 753 acceperat,
2509 682 2711 737 Oxonii
2735 698 2886 738 anno
2910 683 3049 737 1642
3070 683 3393 738 adornavit.
3418 684 3561 750 Sed,

1908 767 2113 824 Vossio
2142 774 2308 838 teste,
2341 787 2459 825 una
2480 770 2641 826 urbis
2673 770 2852 841 hujus
2879 776 3039 842 parte
3070 769 3239 842 paulo
3274 775 3406 841 post
3424 771 3562 844 igne

1910 862 2276 929 consumpta,
2327 859 2436 914 hoc
2483 860 2752 915 incendio
2798 859 2998 914 omnia
3054 858 3325 914 editionis
3378 859 3559 929 hujus

1909 946 2265 1017 exemplaria
2294 948 2607 1018 perierunt.
2643 948 2803 1003 Unus
2832 951 3027 1003 tamen
3069 947 3266 1016 codex,
3299 947 3559 1003 ﬂammis

1909 1039 2163 1106 ereptus,
2187 1034 2246 1089 in
2276 1035 2631 1091 bibliotheca
2660 1036 2924 1106 ejusdem
2956 1034 3141 1101 urbis,
3175 1035 3223 1090 si
3255 1051 3370 1106 qua
3400 1036 3555 1091 edito

1908 1121 2095 1193 ipsius
2124 1122 2393 1194 Catalogo
2418 1124 2560 1178 fides
2590 1124 2860 1178 habenda
2890 1123 2987 1190 sit,
3019 1128 3373 1178 asservatur.

1980 1213 2109 1265 Hac
2140 1210 2331 1282 prima
2361 1211 2626 1282 Epistola
2658 1216 2866 1266 nostrae
2910 1210 3083 1267 editio
3129 1212 3315 1266 doctis
3348 1212 3429 1267 ita
3454 1228 3555 1283 pa-

1911 1315 2041 1354 rum
2066 1299 2339 1366 innotuit,
2372 1304 2436 1355 ut
2465 1315 2594 1355 eam
2624 1300 2696 1354 ab
2719 1299 2957 1372 Hugone
2991 1300 3264 1355 Menardo
3296 1300 3555 1372 primum

1908 1386 2125 1442 editam
2155 1388 2247 1442 vix
2276 1405 2429 1443 unus
2479 1392 2580 1443 aut
2610 1388 2755 1443 alter
2802 1405 2916 1443 non
2951 1392 3250 1459 agnoscat.
3300 1393 3377 1444 At
3407 1393 3561 1446 certe

1910 1490 2111 1530 omnes
2143 1475 2308 1531 facile
2358 1476 2677 1531 concedent
2724 1492 2858 1532 eum
2907 1476 3163 1547 primum
3214 1476 3417 1547 fuisse,
3459 1478 3561 1548 qui

1909 1561 2072 1617 illam
2102 1563 2253 1635 typis
2286 1565 2623 1620 mandatam
2669 1564 2855 1620 nostri
2878 1565 3034 1635 juris
3066 1564 3283 1620 fecerit.
3315 1565 3372 1620 Is
3403 1565 3559 1620 enim

1910 1667 2045 1707 cum
2076 1652 2378 1708 incidisset
2426 1653 2484 1706 in
2525 1653 2991 1724 manuscriptum
3039 1652 3306 1708 Latinum
3348 1653 3559 1710 biblio-

1906 1741 2087 1796 theca
2108 1742 2458 1809 Corbeiana,
2485 1757 2770 1796 annorum
2796 1740 2926 1813 plus
2949 1757 3127 1813 quam
3147 1741 3253 1796 900
3275 1741 3556 1812 codicem,

1910 1828 2206 1899 aliumque
2252 1830 2536 1899 Graecum,
2586 1830 2737 1884 inter
2782 1829 3062 1885 Thuriani
3107 1829 3323 1901 scripta
3364 1830 3555 1886 Roma

183 1914 426 1972 Hebraos
480 1916 692 1972 citasse
736 1916 1013 1970 Barnabas
1069 1916 1343 1982 nomine;
1403 1916 1665 1984 forsitan,
1720 1915 1803 1968 in-
1834 1898 1881 1962 Β
1913 1898 2239 1984 inventum,
2289 1936 2323 1974 a
2372 1898 2712 1973 doctissimo
2760 1918 3068 1973 Sirmondo
3109 1898 3446 1989 accepisset,
3487 1934 3557 1975 ex

181 2004 390 2074 quiunt,
421 2008 632 2076 accepto
662 2020 878 2060 rumore
906 2004 971 2059 de
996 2004 1237 2075 Epistula
1266 2003 1501 2075 quadam
1539 2005 1806 2059 Barnast

182 2090 492 2148 adHebraos
547 2112 581 2147 a
615 2109 670 2148 se
696 2110 809 2148 non
862 2095 1025 2147 visa?
1066 2093 1177 2147 Sed
1210 2092 1317 2147 hac
1370 2092 1691 2163 objectione
1724 2092 1802 2146 le-

178 2178 256 2235 vis
280 2182 606 2252 conjectura
635 2181 748 2237 alia
780 2181 962 2236 multo
992 2180 1190 2245 leviori
1227 2181 1524 2251 probatur.
1556 2180 1801 2236 Verum-

180 2269 449 2326 enimvero
497 2271 545 2325 si
598 2269 994 2326 Tertullianus
1045 2269 1360 2342 Epistolam
1411 2271 1481 2324 ad
1535 2270 1803 2325 Hebraos

179 2356 433 2414 Barnabas
465 2360 749 2430 assignat,
775 2360 1040 2415 eamdem
1064 2358 1159 2414 alii
1187 2359 1373 2426 Luca,
1398 2358 1496 2413 alii
1521 2358 1802 2413 Clementi

178 2446 512 2515 adjudicant.
538 2448 816 2517 Nunquid
840 2463 975 2518 ergo
992 2446 1052 2501 in
1078 2447 1229 2502 hanc
1250 2447 1606 2502 sententiam
1639 2446 1800 2502 abie-

176 2538 333 2590 runt:
361 2537 597 2605 forsitan
644 2537 856 2591 rumori
900 2544 1116 2608 accepto
1161 2535 1225 2591 de
1264 2536 1518 2606 Epistola
1557 2534 1802 2607 quadam

175 2624 322 2680 Luca
347 2625 427 2679 vel
459 2626 763 2680 Clementis
792 2624 861 2679 ad
891 2624 1144 2680 Hebraos
1170 2640 1204 2678 a
1240 2639 1297 2679 se
1323 2640 1431 2680 non
1460 2625 1579 2679 visa
1598 2626 1622 2675 .9
1652 2622 1799 2687 Quid

177 2710 273 2765 hac
297 2713 625 2784 conjectura
647 2712 871 2768 futilius
892 2713 920 2767 ‘I
941 2712 1260 2768 Dicendum
1279 2712 1459 2784 igitur
1480 2710 1796 2783 Epistolam

175 2799 240 2853 ad
266 2800 525 2858 Hebraos
556 2820 593 2858 a
624 2800 983 2857 Tertulliano
1014 2803 1288 2856 Barnaba
1324 2800 1559 2856 nomine
1588 2798 1802 2854 idcirco

178 2886 482 2956 laudatum,
515 2889 608 2945 vel
640 2890 779 2961 quia
800 2905 932 2944 eum
958 2906 1088 2944 vere
1110 2890 1354 2961 putabat
1374 2890 1502 2959 ejus
1533 2886 1802 2958 Epistola

175 2981 473 3045 auctorem,
508 2996 616 3034 seu
648 2978 842 3048 potius
871 2977 1075 3042 mavis,
1107 2977 1517 3048 interpretem;
1548 2977 1633 3032 vel
1666 2975 1804 3047 quia

178 3080 297 3120 cum
326 3065 483 3122 illam
518 3068 595 3123 ab
638 3066 833 3137 aliquo
866 3065 1025 3122 Pauli
1060 3066 1215 3121 socio
1257 3070 1312 3120 et
1341 3065 1626 3136 discipulo
1659 3064 1805 3119 scri-

176 3157 323 3223 ptam
354 3156 635 3219 crederet,
670 3155 725 3209 id
759 3154 903 3209 nulli
929 3154 1133 3226 potiori
1159 3155 1293 3225 jure
1323 3170 1497 3225 quam
1530 3153 1804 3208 Barnaba

1913 2010 2161 2078 utroque
2193 2006 2509 2078 exemplari
2540 2006 2612 2061 ad
2664 2008 2987 2078 parandam
3036 2006 3353 2063 editionem
3387 2022 3558 2063 suam

1912 2093 2050 2149 totis
2078 2094 2301 2149 viribus
2332 2094 2619 2149 incubuit.
2647 2095 2759 2150 Sed
2782 2093 3005 2149 collatis
3026 2094 3344 2160 codicibus,
3378 2095 3561 2151 altera

1913 2182 2181 2254 Epistola
2214 2187 2375 2255 parte
2406 2183 2465 2236 in
2497 2183 2770 2238 Latinum
2800 2199 2986 2248 versa,
3035 2180 3331 2254 variisque
3360 2183 3560 2239 obser-

1910 2271 2245 2326 vationibus
2294 2271 2654 2343 compositis,
2727 2272 3073 2343 priusquam
3123 2270 3343 2342 aliquid
3400 2271 3560 2343 prelo

1912 2359 2200 2414 committi
2230 2360 2502 2431 potuerit,
2531 2359 2849 2414 immatura
2896 2363 3084 2415 morte
3126 2359 3419 2415 extinctus
3448 2363 3560 2416 est.

1910 2447 2269 2520 Quapropter
2298 2448 2483 2503 Lucas
2512 2447 2831 2503 Dacherius
2862 2451 3076 2519 parata
3118 2448 3189 2503 ab
3218 2446 3316 2502 illo
3351 2446 3559 2503 editio-

1912 2535 2004 2592 nis
2034 2552 2233 2592 curam
2293 2536 2352 2591 in
2411 2553 2472 2592 se
2527 2536 2743 2607 recepit
2787 2551 3031 2606 eamque
3087 2534 3389 2607 pramissa
3433 2552 3467 2591 a
3497 2551 3560 2593 se

1912 2624 2245 2697 praefatione
2276 2641 2426 2680 anno
2456 2625 2594 2680 1645
2629 2623 2900 2681 absolvit.

1980 2716 2145 2768 Anno
2177 2714 2565 2783 subsequente
2594 2712 2755 2769 Isaac
2775 2711 3021 2767 Vossius
3043 2711 3255 2767 iterum
3287 2711 3555 2768 eamdem
3644 2774 3665 2781 η

1912 2800 2229 2873 Epistolam
2261 2817 2331 2857 ex
2360 2802 2551 2856 tribus
2599 2798 3039 2872 manuscriptis,
3090 2816 3204 2855 uno
3244 2800 3559 2857 bibliothe-

1910 2907 1987 2945 ca
2021 2890 2382 2955 Florentina,
2408 2888 2588 2945 altero
2611 2889 2923 2959 Vaticana,
2950 2888 3119 2944 tertio
3141 2889 3559 2944 Theatinorum

1911 2979 2329 3045 Romanorum,
2365 2977 2783 3034 Amstelodami
2818 2977 3015 3033 emisit
3046 2978 3104 3031 in
3137 2977 3458 3047 publicum.
3492 2982 3556 3032 In

1912 3066 2005 3123 his
2033 3072 2227 3123 autem
2258 3067 2535 3121 omnibus
2580 3065 2877 3121 codicibus
2929 3081 3109 3120 manu
3147 3065 3394 3120 exoratis
3425 3064 3561 3136 Epi-

1913 3157 2061 3212 stola
2089 3160 2246 3211 caret
2304 3154 2492 3220 initio,
2543 3159 2715 3226 atque
2764 3154 2863 3209 uni
2914 3170 2982 3210 ex
3038 3152 3247 3225 Ignatii
3279 3150 3557 3224 Epistolis

174 3241 531 3300 tribuendum
556 3244 881 3314 judicavit:
914 3242 1000 3298 vel
1034 3243 1284 3315 denique
1305 3242 1435 3297 aliis
1466 3243 1647 3297 fretus
1672 3258 1804 3297 con-
1836 3260 1878 3325 ρ
1918 3244 2199 3315 proxime,
2230 3248 2286 3299 et
2316 3245 2534 3314 absque
2560 3242 2731 3298 titulo
2765 3242 3158 3314 conjungitur.

164 3329 493 3401 jecturis,ex
524 3334 673 3389 falso
704 3337 1010 3388 auctorum
1043 3335 1145 3386 aut
1174 3330 1445 3387 codicum
1480 3329 1805 3386 manuscri-

174 3421 391 3487 ptorum
415 3422 739 3478 errantium
779 3420 1111 3476 testimonio
1153 3418 1497 3490 desumptis,
1520 3435 1669 3490 quas
1682 3419 1808 3489 jam

173 3504 417 3564 divinare
442 3513 785 3581 promptum
818 3524 933 3564 non
966 3512 1074 3564 est.

235 3595 402 3653 Porro
434 3598 482 3653 si
514 3602 673 3655 certo
712 3597 943 3652 definiri
994 3614 1107 3653 non
1158 3596 1343 3668 possit
1374 3594 1474 3667 qui
1519 3596 1807 3663 homines,

171 3683 395 3755 cujusve
426 3685 685 3760 regionis
717 3686 755 3740 ii
788 3686 1003 3740 fuerint
1035 3685 1106 3741 ad
1153 3701 1300 3756 quos
1332 3685 1482 3741 hanc
1512 3684 1810 3740 Barnabas

170 3772 321 3829 misit
372 3775 721 3847 Epistolam,
781 3778 1009 3830 constat
1064 3778 1260 3829 tamen
1308 3790 1406 3830 eos
1447 3772 1809 3829 Christianos

171 3860 359 3926 fuisse,
390 3864 494 3935 qui
546 3864 607 3917 in
658 3863 1025 3933 assequenda
1072 3861 1201 3917 vita
1252 3860 1593 3918 Christiana
1625 3861 1808 3933 perfe-

170 3950 347 4006 ctione
376 3952 677 4024 profectus
716 3949 943 4022 aliquos
979 3950 1104 4020 jam
1148 3951 1420 4018 fecerant,
1456 3964 1717 4022 quosque
1750 3953 1813 4003 ut

173 4038 350 4110 magis
380 4057 447 4096 ac
478 4040 671 4111 magis
702 4038 757 4094 in
781 4055 848 4094 ea
878 4039 1239 4110 proficerent,
1266 4038 1607 4093 adhortatur
1630 4054 1641 4103 ;
1663 4052 1811 4107 quos

173 4125 410 4199 denique
441 4130 739 4194 admonet,
768 4123 1009 4182 diveant
1039 4126 1239 4183 sedulo
1281 4127 1353 4182 ab
1385 4125 1676 4186 hereticis,
1709 4123 1811 4196 qui

172 4214 325 4271 vanis
353 4217 605 4290 argutiis
663 4221 721 4272 et
777 4215 1202 4271 subtilitatibus
1252 4214 1439 4287 legem
1490 4213 1702 4286 Moysis
1746 4229 1813 4269 ac

170 4301 371 4360 Christi
395 4306 582 4361 simul
614 4305 1037 4361 observandam
1070 4304 1199 4359 aliis
1246 4304 1487 4359 suadere
1519 4303 1810 4358 conaban-

154 4395 276 4461 tur.
309 4395 705 4459 Quamobrcm
735 4392 888 4448 idem
921 4396 1121 4448 auctor
1168 4397 1366 4447 noster
1394 4407 1493 4446 eos
1543 4394 1663 4446 tota
1692 4390 1811 4462 epi-

170 4480 312 4539 stola
340 4500 450 4539 sua
482 4488 690 4540 contra
719 4480 1122 4536 hareticorum
1160 4479 1394 4535 illorum
1427 4496 1651 4535 errores
1684 4496 1811 4534 mu-

172 4569 269 4635 nit,
303 4587 368 4627 ac
397 4571 745 4627 Christiana
778 4569 1008 4640 pietatis
1040 4568 1342 4640 praceptis
1370 4567 1667 4623 informat.

727 4656 1125 4713 ARTICULUS
1162 4657 1256 4712 XI.

168 4747 240 4803 De
292 4750 456 4821 hujus
515 4747 778 4820 Epistolas
828 4748 1078 4873 for-tubna,
1132 4754 1183 4801 et
1237 4748 1408 4802 variis
1455 4748 1569 4815 eius
1618 4746 1816 4800 editio-

898 4835 960 4872 m
1004 4834 1084 4871 us.

898 4834 1084 4872 ηιοιιε.

238 4908 493 4981 Epistula
527 4908 647 4963 hac
671 4908 961 4964 fortunam
994 4906 1200 4962 habuit
1221 4907 1459 4974 variam,
1487 4904 1819 4974 mirumque

169 4996 227 5049 in
260 4997 503 5053 modum
540 4996 904 5053 mutabilem.
955 4998 1099 5053 Cum
1150 4995 1303 5050 enim
1338 4998 1520 5063 tanto,
1555 4997 1618 5047 ut
1644 5010 1821 5065 supra

167 5084 443 5157 diximus,
478 5086 791 5158 splendore
823 5090 880 5141 et
912 5085 1167 5141 secundo
1195 5087 1250 5139 et
1277 5083 1525 5153 duobus,
1559 5100 1625 5137 ac
1656 5084 1821 5139 forsi-

170 5177 265 5228 tan
296 5175 475 5230 etiam
509 5174 702 5231 tribus
732 5174 1115 5246 sequentibus
1145 5172 1414 5227 Ecclesia
1445 5171 1676 5226 saculis
1711 5172 1816 5225 mi-

166 5262 403 5330 cuisset,
437 5263 721 5335 deinceps
749 5262 832 5319 ita
861 5261 1120 5327 evanuit,
1154 5266 1218 5315 ut
1265 5263 1472 5332 prater
1503 5264 1821 5330 utrumque

167 5349 585 5422 Nicephorum,
619 5352 717 5425 qui
748 5351 921 5406 verba
968 5350 1203 5405 Eusebii
1236 5353 1337 5404 aut
1377 5347 1584 5403 saltem
1618 5364 1819 5402 eorum

166 5455 409 5497 sensum
443 5442 830 5511 descripsere,
862 5439 953 5494 vix
984 5439 1134 5495 alius
1168 5439 1237 5492 do
1266 5455 1332 5493 ea
1354 5437 1713 5492 mentionem
1749 5437 1823 5491 fe-

168 5528 315 5583 cisse
338 5528 687 5600 reperiatur.
715 5528 920 5584 Nostro
944 5528 1173 5583 tandem
1199 5528 1407 5582 saculo
1430 5532 1622 5581 Graece
1644 5531 1701 5581 et
1724 5531 1823 5581 La-

167 5614 285 5672 tine
316 5616 499 5673 variis
530 5615 593 5670 in
614 5616 986 5672 Bibliothecis
1017 5615 1261 5671 feliciter
1283 5615 1537 5685 inventa,
1562 5618 1699 5671 etot
1729 5630 1829 5672 sa-

169 5707 439 5766 culorum
474 5706 736 5765 tenebris
765 5705 1019 5762 emersit.

1304 5808 1363 5841 \

502 5834 768 5900 PATBOL.
814 5832 926 5900 Gn.
977 5830 1053 5895 II.

1986 3332 2301 3389 Cotelerius
2354 3348 2504 3388 anno
2550 3331 2690 3386 1672
2745 3348 2813 3386 ex
2869 3330 3165 3386 Sirmondi
3230 3346 3341 3384 ms.
3372 3328 3565 3385 Graco

1919 3421 2135 3487 codice,
2169 3421 2239 3475 de
2267 3435 2379 3492 quo
2428 3423 2563 3475 ante
2608 3419 2886 3486 diximus,
2918 3417 3081 3473 illam
3132 3434 3336 3473 rursus
3362 3416 3566 3488 edidit,

1919 3526 2183 3582 novaque
2212 3509 2498 3579 versione,
2543 3506 2874 3579 antiquiore
2921 3510 3116 3561 tamen
3168 3523 3282 3562 non
3326 3506 3567 3572 omissa,

1919 3597 2190 3665 donavit;
2224 3596 2580 3669 prafixitque
2623 3594 2909 3667 Operibus
2946 3600 3269 3651 sanctorum
3315 3597 3565 3661 Patrum,

1918 3689 2015 3758 qui
2068 3687 2406 3757 temporibus
2462 3685 2836 3755 apostolorum
2881 3686 3206 3754 ﬂoruerunt.
3257 3686 3329 3739 At
3380 3682 3568 3739 multa

1920 3777 2098 3847 hujus
2129 3774 2400 3831 editionis
2422 3772 2777 3846 exemplaria
2796 3772 3051 3829 incensis
3075 3771 3403 3844 bibliopola
3435 3786 3569 3841 apo-

1919 3865 2127 3931 thecis,
2158 3863 2291 3935 igne
2322 3866 2674 3934 consumpta
2703 3866 2861 3918 sunt.

1995 3952 2250 4023 Denique
2280 3950 2549 4022 Moynius
2579 3967 2715 4005 cum
2758 3951 3118 4021 Rothomago
3164 3947 3435 4003 Leisdam
3465 3946 3568 4001 do-

1921 4041 2113 4095 cenda
2144 4038 2448 4110 theologia
2480 4055 2661 4093 causa
2690 4055 2753 4093 se
2782 4038 3145 4103 contulisset,
3177 4034 3275 4090 ubi
3304 4034 3571 4090 eamdem

1921 4127 2242 4200 Epistolam
2286 4127 2437 4183 inter
2466 4144 2571 4182 sua
2612 4128 2775 4184 Varia
2816 4143 2974 4182 sacra
3019 4125 3111 4180 edi
3150 4124 3390 4181 curavit.
3425 4122 3575 4178 Ulti-

1924 4234 2078 4273 mam
2112 4221 2305 4272 autem
2338 4217 2489 4273 hanc
2539 4216 2852 4271 editionem
2902 4215 2997 4270 ille
3036 4230 3104 4270 ex
3144 4214 3339 4269 codice
3367 4230 3573 4269 manu-

1922 4306 2138 4377 scripto
2172 4305 2525 4375 Florentino,
2560 4320 2732 4375 quem
2789 4304 2847 4357 in
2896 4302 3259 4359 Hollendiam
3317 4302 3575 4359 Rullaus

1923 4393 2216 4460 attulerat,
2246 4394 2388 4448 etin
2424 4409 2539 4465 quo
2569 4392 2692 4448 hac
2725 4390 2982 4463 Epistola
3011 4391 3111 4447 uni
3144 4407 3212 4446 ex
3252 4391 3571 4464 Ignatianis

1923 4483 2145 4554 absque
2178 4480 2346 4536 titulo
2369 4486 2425 4536 et
2447 4480 2731 4553 principio
2755 4480 3136 4547 connectitur,
3171 4496 3232 4535 se
3258 4481 3573 4534 adornasse

1924 4575 2190 4628 testatur.
2224 4570 2388 4634 Quod
2422 4587 2561 4626 sane
2592 4586 2804 4642 magno
2845 4568 3011 4624 nobis
3056 4568 3271 4624 indicio
3302 4572 3391 4623 est
3416 4567 3572 4621 hunc

1928 4677 2104 4716 manu
2137 4664 2441 4715 exaratum
2464 4659 2721 4715 codicem
2748 4675 2862 4713 non
2896 4658 3074 4713 alium
3094 4673 3221 4713 esse
3242 4674 3275 4712 a
3308 4656 3493 4728 primo
3508 4672 3577 4711 ex

1926 4749 1999 4803 iis
2030 4749 2220 4803 tribus
2251 4748 2418 4819 queis
2440 4747 2713 4803 Vossium
2747 4748 2805 4803 in
2838 4750 3164 4803 accuranda
3195 4762 3302 4800 sua
3325 4744 3577 4799 editione

1927 4852 2100 4893 usum
2136 4853 2263 4892 esse
2308 4836 2588 4891 diximus.
2640 4836 2921 4891 Caeterum
2972 4835 3201 4905 utrique
3251 4831 3494 4887 Vossius
3524 4836 3581 4887 et

1928 4924 2197 4996 Moynius
2229 4942 2341 4979 non
2366 4923 2541 4979 aliam
2566 4924 2888 4980 versionem
2915 4922 3197 4991 Latinam,
3222 4938 3398 4991 quam
3433 4920 3579 4974 anti-

1928 5012 2213 5085 quiorem,
2245 5029 2278 5067 a
2308 5013 2583 5068 Menardo
2610 5015 2897 5067 inventam
2932 5016 2987 5065 et
3013 5002 3577 5078 adornatamIatque

1928 5120 1961 5159 a
1994 5101 2270 5157 Dacherio
2302 5101 2517 5156 editam
2551 5101 2960 5156 adhibuerunt.

2471 5241 2873 5298 ARTICULUS
2913 5240 3033 5296 XII.

2037 5334 2110 5388 De
2134 5334 2274 5388 nolis
2303 5340 2354 5386 et
2383 5330 2853 5387 obsermtionibus
2880 5332 2937 5383 in
2969 5330 3110 5384 hanc
3140 5328 3471 5399 Epistolam.

2000 5438 2223 5508 Singuli
2288 5439 2494 5493 harum
2551 5437 2875 5491 editionum
2934 5440 3202 5490 auctores
3262 5434 3581 5506 Epistolam

1931 5526 2092 5581 illam
2129 5528 2281 5581 notis
2338 5531 2394 5582 et
2447 5524 2954 5581 observationibus
3012 5523 3136 5578 suis
3194 5524 3588 5579 illustrarunt.

1932 5616 2087 5683 Quas
2117 5615 2298 5672 edidit
2327 5614 2657 5681 Menardus,
2691 5630 2768 5668 ea
2818 5614 2936 5669 fere
2980 5629 3182 5669 omnes
3229 5613 3317 5669 vel
3351 5612 3425 5668 ad
3458 5627 3591 5668 cor-

1932 5706 2251 5767 rectionem
2282 5702 2845 5782 explicationemque
2864 5704 3081 5775 textus,
3108 5702 3196 5762 vel
3229 5706 3291 5758 ut
3320 5702 3423 5761 illa
3450 5699 3588 5778 styli

3188 5828 3265 5897 22
