4090 6340
522 357 637 417 683

1694 360 1760 419 S.
1807 356 2223 418 BARNABAS
2270 353 2727 417 APOSTOLUS
2740 398 2755 412 .

3802 355 3943 417 684

523 503 653 545 esse
684 487 984 559 apostolici
1016 488 1315 560 probetur,
1346 490 1700 545 conducunt.
1733 488 2055 545 Nonnullae
2084 492 2170 543 ta-
2200 488 2255 555 Α
2284 490 2545 542 ruerunt.
2568 490 2683 541 Cur
2712 501 2847 557 ergo
2869 485 2926 539 in
2948 486 3263 558 Scripturis
3294 486 3498 553 sacris,
3520 488 3738 559 quibus
3758 488 3942 544 Chri-

523 593 658 632 men
694 576 1044 648 quandoque
1074 576 1357 631 admisset
1378 577 1722 632 eruditionis
1747 594 1864 632 suae
1886 581 2085 643 testes,
2104 593 2172 631 ex

523 665 739 737 quibus
768 664 937 720 facile
968 664 1259 736 intelligas
1282 665 1467 721 multo
1492 664 1887 736 perfectiorem
1915 666 2169 718 futuram

523 753 707 809 fuisse
739 754 866 823 ejus
896 754 1231 822 editionem,
1259 754 1306 809 si
1331 771 1431 825 per
1453 760 1698 809 mortem
1717 754 1838 808 viro
1859 758 1978 807 tam
2004 754 2169 807 docto

526 843 598 897 ad
629 842 973 897 umbilicum
1002 842 1164 897 illam
1189 844 1502 913 perducere
1538 843 1812 897 licuisset.

599 930 806 985 Nullus
844 930 1053 985 Vossio
1102 932 1405 1002 pauciores
1456 932 1861 1002 brevioresque
1911 930 1965 983 in
2021 929 2169 983 hanc

529 1018 842 1091 Epistolam
866 1020 1270 1074 adnotationes
1291 1020 1509 1086 edidit;
1536 1037 1637 1074 nec
1662 1019 1757 1073 ille
1789 1018 2020 1089 quidem
2046 1034 2171 1087 pro-

528 1106 760 1162 lixiores
790 1108 979 1161 facere
1009 1111 1402 1162 consueverat.
1448 1108 1658 1161 Omnes
1708 1107 1823 1161 fere
1863 1104 2168 1159 correctio-

528 1212 659 1251 nem
692 1201 884 1251 textus
931 1200 1213 1267 spectant.
1277 1196 1568 1265 Quaedam,
1625 1198 1724 1250 sed
1780 1193 2165 1266 paucissimis,

526 1286 815 1357 quosdam
846 1286 1127 1340 obscuros
1177 1285 1333 1340 locos
1361 1284 1687 1355 explicant;
1729 1288 1897 1355 atque
1948 1284 2005 1337 in
2039 1281 2165 1335 illa-

524 1390 653 1429 rum
686 1372 977 1445 praecipua
1032 1373 1431 1428 observatione
1486 1372 1837 1443 disputatur,
1892 1388 2004 1442 quo
2050 1369 2168 1441 spi-

523 1478 734 1516 narum
765 1476 974 1531 genere
1022 1478 1236 1516 corona
1283 1461 1493 1515 Christi
1543 1461 1817 1531 patientis
1866 1462 2170 1531 compacta

524 1549 716 1604 fuerit.

596 1638 699 1692 His
723 1637 904 1692 multo
954 1636 1149 1709 plures
1197 1637 1606 1709 longioresque
1649 1638 1707 1691 in
1762 1637 1909 1691 hanc
1943 1635 2168 1707 Episto-

526 1726 642 1781 lam
674 1726 1207 1781 animadversiones
1240 1743 1273 1782 a
1320 1725 1597 1781 Cotelerio
1640 1726 1977 1797 compositis
2008 1729 2167 1779 sunt.

529 1815 640 1870 Sed
670 1816 990 1885 optandum
1014 1831 1173 1880 sane,
1207 1819 1271 1869 ut
1292 1814 1351 1868 in
1388 1815 1458 1869 iis
1480 1832 1605 1885 quea
1635 1832 1748 1869 non
1772 1813 1967 1868 minus
1990 1830 2165 1883 quam

528 1908 749 1974 septem
773 1919 952 1974 supra
982 1903 1219 1973 triginta
1244 1908 1647 1969 numerantur,
1670 1903 1757 1956 vir
1787 1901 1881 1956 ille
1904 1901 2167 1956 eruditus

527 1992 599 2046 ab
630 1990 882 2046 auctoris
912 2008 1085 2062 scopo
1119 2008 1232 2046 non
1280 1993 1357 2046 ita
1406 2008 1555 2062 saepe
1605 1991 1903 2062 digressus
1938 1990 2164 2055 fuisset,

525 2079 770 2150 suisque
794 2096 908 2134 non
938 2084 1057 2133 tam
1089 2079 1257 2133 facile
1287 2078 1630 2133 indulsisset
1650 2078 2023 2147 conjecturis,

596 2168 862 2239 Moynius
904 2172 1236 2238 postremus
1284 2168 1549 2222 omnium
1598 2171 1765 2221 notas
1812 2166 2167 2221 observatio-

523 2272 743 2330 nesque
772 2256 1091 2328 divulgavit
1126 2256 1185 2310 in
1219 2256 1369 2311 hanc
1414 2254 1755 2327 Epistolam,
1791 2254 2013 2309 caeteris
2044 2269 2168 2307 om-

522 2346 697 2401 nibus
728 2343 897 2416 longe
929 2345 1257 2399 diffusiores
1289 2349 1582 2415 tantaeque
1607 2342 1971 2415 prolixitatis,
2005 2346 2068 2395 ut
2099 2342 2169 2396 ad

532 2434 717 2490 solam
751 2433 1093 2488 eruditionis
1124 2450 1261 2503 sum,
1297 2432 1615 2503 przesertim
1642 2431 1951 2493 Hebraicaa,
1986 2433 2174 2484 osten-

529 2522 808 2577 tationem
848 2523 1182 2592 compositaa
1232 2522 1561 2577 videantur.
1622 2518 1793 2574 Nulla
1841 2519 2056 2589 quippe
2086 2522 2175 2571 est

533 2610 879 2677 observatio,
915 2611 1010 2665 ubi
1057 2627 1167 2664 non
1226 2611 1344 2664 sint
1391 2610 1801 2680 digressiones,
1836 2612 1891 2661 et
1930 2622 2077 2675 saepe
2107 2613 2203 2660 ex‘

536 2698 682 2770 ipsis
708 2698 1174 2771 digressionibus
1203 2699 1261 2753 in
1295 2697 1408 2752 alia
1431 2699 1493 2751 fit
1516 2698 1722 2752 iterum
1746 2698 2067 2766 digressus,
2095 2694 2175 2749 ita

539 2792 604 2842 ut
632 2791 823 2842 textus
855 2786 1128 2851 auctoris,
1170 2786 1321 2841 notis
1364 2788 1630 2854 obrutus,
1682 2785 1961 2841 lectorum
1992 2782 2175 2837 oculis

537 2880 862 2931 evanescat.
892 2875 1006 2930 Nec
1035 2874 1132 2929 ille
1164 2876 1402 2945 quidem
1433 2874 1547 2929 alia
1577 2874 1795 2928 ratione
1829 2889 1889 2927 se
1918 2877 2002 2926 tot
2030 2877 2176 2927 tam-

536 2981 647 3035 que
693 2964 937 3019 diffusas
980 2962 1513 3018 animadversiones
1559 2961 1887 3033 publicasse
1938 2960 2170 3025 innuit;

533 3053 647 3108 nisi
680 3052 820 3123 quia
848 3056 1130 3124 praerepta
1179 3051 1287 3107 sibi
1341 3051 1641 3106 occasione
1671 3050 1823 3121 typis
1855 3048 2171 3103 mandandi

530 3158 738 3198 novam
762 3142 1013 3213 Operum
1035 3140 1291 3212 Josepbi,
1316 3157 1491 3211 quam
1525 3157 1557 3193 a
1580 3139 1750 3210 longo
1775 3144 2031 3209 tempore
2054 3153 2171 3191 mo-

2281 581 2407 630 stus
2440 575 2881 646 praedicabatur,
2907 576 3263 647 exponendis
3285 580 3405 631 tam
3427 577 3676 649 turpiter
3696 594 3944 634 errasse

2280 663 2667 718 criminantur
2686 663 2713 717 ‘I
2743 664 3015 734 Nunquid
3044 664 3262 719 ultimae
3287 670 3495 720 nostra;
3518 666 3704 721 aetatis
3736 666 3943 721 homi-

2282 767 2384 805 nes
2418 753 2473 805 in
2506 750 2577 805 iis
2608 752 2970 822 explicandis
3002 752 3290 808 doctiores
3339 758 3479 808 sunt
3522 758 3579 808 et
3608 754 3939 822 acutiores,

2281 856 2456 910 quam
2491 840 2574 894 illi
2607 840 2704 910 qui
2738 840 2808 895 ab
2843 840 3120 912 apostolis
3142 840 3228 896 vel
3261 843 3331 897 ab
3381 859 3583 897 eorum
3614 842 3943 915 discipulis

2281 929 2536 999 suscepti
2568 934 2623 983 et
2643 930 2894 995 educati,
2920 930 2977 983 in
3002 946 3201 984 eorum
3226 928 3425 985 schola
3446 931 3752 985 scientiam
3774 931 3939 986 Scri-

2280 1025 2336 1087 pl
2348 1033 2583 1071 urarum
2608 1016 2937 1071 didicerunt
2949 1016 3236 1072 ?Caveant
3250 1018 3659 1073 inconsiderati
3674 1019 3861 1074 Patru
3874 1036 3935 1074 ω

2280 1111 2667 1170 accusatores,
2694 1122 2763 1159 ne
2784 1122 2930 1160 vano
2952 1105 3218 1161 litteralis
3244 1122 3476 1171 sensus,
3500 1124 3671 1178 quem
3696 1108 3938 1179 ubique

2280 1194 2596 1262 venditant,
2631 1198 2928 1265 praetextu,
2979 1212 3011 1247 a
3062 1194 3252 1249 littera
3301 1195 3598 1250 occidente
3627 1198 3935 1266 percussi,

2278 1281 2335 1335 in
2368 1281 2640 1335 ca2citatis
2666 1298 2942 1349 errorem,
2994 1298 3169 1353 quem
3222 1282 3352 1337 aliis
3402 1288 3617 1338 temere
3647 1283 3935 1351 inurunt,

2278 1370 2513 1439 ipsimet
2547 1369 2947 1442 prolabuntur.

2348 1458 2786 1513 Observandum
2823 1465 3098 1530 praeterea
3127 1464 3424 1516 auctorem
3463 1465 3721 1517 nostrum
3755 1478 3943 1533 quae-

2279 1548 2413 1601 dam
2447 1546 2753 1617 utriusque
2775 1548 3133 1604 Testamenti
3165 1548 3376 1604 citasse
3404 1549 3756 1619 testimonia,
3790 1568 3941 1622 qua

2279 1651 2412 1689 cum
2445 1636 2502 1688 in
2536 1635 2718 1690 sacris
2746 1635 2912 1691 libris
2944 1652 3056 1691 non
3089 1637 3472 1709 reperiantur,
3506 1637 3604 1692 illa
3634 1655 3667 1692 a
3691 1638 3945 1694 Judaeo-

2280 1739 2409 1776 rum
2441 1722 3023 1795 Christianorumque
3060 1724 3472 1781 traditionibus
3521 1726 3941 1797 desumpsisse

2278 1812 2734 1866 existimandum
2782 1818 2889 1867 est.
2945 1813 3218 1876 Quaedam
3268 1829 3401 1869 vero
3445 1831 3513 1869 ex
3544 1820 3745 1885 quarto
3771 1814 3943 1871 libro

2279 1901 2468 1955 Esdras
2518 1900 2791 1970 protulit:
2848 1903 2947 1956 sed
3000 1902 3166 1956 illum
3229 1904 3492 1957 censoria
3541 1902 3751 1974 Moynii
3785 1910 3943 1959 nota

2279 1988 2429 2043 male
2457 1990 2720 2043 inustum
2750 2005 2816 2043 ex
2841 1990 2953 2055 his,
2985 2007 3109 2061 quae
3134 1992 3204 2046 de
3230 1991 3338 2046 hoc
3366 1992 3581 2063 scripto
3613 1991 3670 2046 in
3701 1995 3939 2047 nostris

2278 2078 2348 2131 ad
2373 2077 2661 2132 Ambrosii
2683 2077 2868 2149 Opera
2892 2078 3395 2135 admonitionibus
3415 2081 3459 2115 ³ο
3484 2080 3937 2151 disputavimus

2280 2165 2469 2235 quivis
2502 2164 2666 2220 facile
2697 2166 3002 2238 intelligat.

2351 2254 2765 2308 Adnotandum
2800 2271 3031 2325 quoque
3062 2256 3133 2311 ab
3164 2260 3397 2311 auctore
3416 2260 3615 2312 nostro
3647 2256 3940 2329 antiquos

2283 2358 2395 2395 non
2428 2345 2657 2397 tantum
2686 2341 2987 2398 haereticos
3016 2344 3359 2415 expugnari,
3380 2346 3480 2400 sed
3503 2346 3675 2400 etiam
3708 2346 3941 2417 impios

2284 2430 2465 2484 nostri
2497 2430 2688 2485 saeculi
2721 2430 3083 2498 Socinianos,
3114 2437 3317 2488 contra
3346 2450 3492 2505 quos
3532 2433 3741 2489 Christi
3770 2434 3943 2491 divi-

2284 2518 2436 2573 nitas
2466 2518 2523 2571 in
2549 2519 2655 2573 hac
2690 2514 2943 2591 EpistOla
2973 2520 3353 2576 invictissime
3383 2522 3683 2577 asseritur.

2353 2607 2553 2661 Nonne
2577 2607 2731 2661 enim
2765 2608 2843 2662 ibi
2874 2608 3167 2664 Barnabas
3197 2608 3364 2663 illum
3406 2614 3602 2681 aperte
3632 2615 3937 2667 terrarum

2283 2696 2591 2751 Dominum
2623 2696 2897 2767 appellat,
2926 2697 3199 2768 huncque
3230 2698 3550 2769 ipsummet
3587 2716 3714 2755 esse
3742 2705 3939 2757 testa-

2285 2789 2398 2849 tur,
2431 2785 2522 2839 cui
2556 2802 2589 2839 a
2614 2785 2779 2839 Patre
2809 2802 2916 2847 suo
2945 2789 3155 2841 aeterno
3178 2791 3311 2841 ante
3343 2788 3545 2842 mundi
3570 2788 3935 2845 creationem

2284 2873 2503 2927 dictum
2536 2878 2658 2928 est:
2694 2874 2989 2928 Faciamus
3013 2872 3289 2929 hominem
3331 2875 3400 2930 ad
3424 2878 3723 2947 imaginem
3760 2883 3823 2932 et
3853 2882 3937 2933 si-

2281 2961 2648 3017 militudinem
2676 2971 2919 3017 nostram
2941 2967 2965 3016 .9
2994 2963 3103 3018 Sed
3139 2968 3374 3035 praestat
3403 2980 3537 3019 eum
3575 2964 3762 3019 verbis
3798 2968 3934 3021 suis

2282 3050 2608 3121 loquentem
2643 3051 2883 3106 audire:
2915 3055 2982 3107 Et
3008 3051 3076 3105 ad
3097 3053 3196 3107 hoc
3230 3055 3494 3107 Dominus
3513 3055 3771 3108 sustinuit
3805 3058 3935 3123 pati

2278 3158 2376 3211 pro
2430 3141 2619 3194 anima
2671 3143 2881 3208 nostra,
2940 3157 3063 3195 cum
3133 3143 3204 3195 sit
3283 3145 3433 3197 orbis
3490 3151 3764 3197 terrarum
3822 3146 3937 3200 Do-

525 3230 777 3287 liebatur
804 3230 1141 3296 editionem,
1168 3228 1449 3301 quidquid
1480 3228 1667 3299 magis
1696 3226 2012 3292 eruditum,
2048 3242 2171 3280 ma-
2203 3215 2245 3281 C
2284 3230 2487 3294 minus,
2519 3229 2611 3282 cui
2638 3228 2784 3283 dixit
2809 3228 2896 3283 die
2915 3237 3041 3283 ante
3061 3232 3500 3285 constitutionem
3520 3232 3712 3287 saeculi
3732 3252 3749 3285 :
3782 3254 3811 3281 ‹‹
3836 3234 3939 3287 Ραο

526 3318 733 3389 gisque
758 3318 1054 3373 curiosum
1088 3318 1157 3371 ad
1193 3333 1321 3371 eam
1364 3316 1775 3388 perﬁciendam
1808 3330 2169 3385 praeparave-

528 3410 636 3474 rat,
668 3406 777 3460 hoc
816 3407 875 3460 in
908 3412 1074 3461 notas
1106 3406 1653 3475 observationesque
1682 3421 1820 3459 suas
1856 3419 2169 3473 congeren-

528 3494 668 3548 dum
701 3510 829 3548 esse
871 3494 1174 3565 putaverit.
1225 3494 1349 3548 Non
1398 3493 1833 3548 contemnimus
1884 3492 1983 3545 viri
2018 3491 2169 3545 docti

529 3581 936 3648 eruditionem,
971 3583 1069 3636 sed
1104 3582 1461 3652 prudentiori
1485 3582 1708 3651 judicio
1731 3597 1795 3635 ac
1820 3580 1961 3634 locis
1994 3578 2171 3650 aptio-

532 3669 693 3724 ribus
723 3668 1060 3724 collocanda
1089 3674 1229 3724 erat.

1076 3810 1485 3865 ARTICULUS
1526 3811 1669 3865 XIII.

752 3901 915 3957 Nova:
942 3901 1338 3955 observationes
1371 3902 1428 3953 in
1458 3900 1598 3953 hanc
1626 3900 1939 3969 Epistotam.

596 4024 651 4079 Si
679 4024 819 4096 quid
850 4025 1017 4079 nobis
1064 4028 1150 4078 tot
1189 4027 1425 4093 tamque
1473 4022 1718 4077 diversis
1748 4022 2165 4077 observationi-

525 4113 635 4169 bus
666 4114 1000 4168 addendum
1024 4116 1375 4183 superesset,
1399 4111 1725 4165 Christiana
1747 4110 2008 4165 libertate
2030 4127 2161 4165 cum

523 4201 747 4273 Moynio
778 4200 1023 4272 aliisque
1046 4199 1343 4255 nonnullis
1373 4199 1442 4253 de
1466 4215 1662 4253 eorum
1695 4199 2047 4254 confidentia
2067 4216 2161 4253 ex-

522 4288 971 4361 postularemus,
1003 4306 1119 4359 qua
1159 4297 1217 4343 et
1264 4293 1557 4343 auctorem
1608 4292 1871 4341 nostrum
1922 4292 1979 4342 et
2008 4288 2161 4342 anti-

521 4377 839 4449 quissimos
870 4377 1133 4432 Ecclesiae
1165 4378 1477 4448 scriptores
1509 4392 1573 4430 eo
1606 4381 1837 4447 argunt,
1872 4376 2007 4447 quia
2036 4375 2161 4447 plu-

521 4484 611 4522 res
643 4466 869 4521 Veteris
901 4466 1252 4519 Testamenti
1281 4467 1436 4519 locos
1467 4466 1537 4519 de
1558 4464 1765 4518 Messia
1796 4464 2159 4534 interpretati

518 4556 656 4622 sint,
692 4571 837 4626 quos
894 4554 976 4607 illi
1010 4555 1079 4608 ad
1138 4571 1268 4608 eum
1300 4553 1539 4607 minime
1592 4553 1875 4623 respicere
1914 4554 2156 4608 arbitra-
2189 4578 2234 4642 D

519 4646 752 4700 bantur.
788 4643 943 4697 Nihil
976 4644 1129 4697 enim
1165 4643 1271 4696 hac
1316 4641 1683 4696 accusatione
1734 4642 1901 4696 nobis
1932 4641 2160 4696 videtur

517 4732 802 4804 iniquius,
838 4731 981 4785 nihil
1014 4732 1184 4801 plane
1214 4732 1547 4785 absurdius.
1584 4732 1820 4784 Constat
1866 4731 2154 4799 siquidem

516 4821 814 4876 Christum
836 4820 1113 4891 apostolis
1148 4825 1201 4873 et
1224 4820 1527 4889 discipulis
1555 4820 1678 4873 suis
1702 4836 1961 4886 sensum,
1996 4824 2059 4873 ut
2077 4820 2157 4875 ait

514 4910 810 4981 Scriptura
842 4911 987 4981 ipsa,
1038 4908 1357 4980 aperuisse,
1391 4913 1447 4962 ut
1498 4907 1881 4979 intelligerent
1912 4908 2153 4977 Scriptu-

514 5015 606 5054 ras
639 5001 703 5065 3”,
739 4999 987 5053 maxime
1020 5015 1150 5054 vero
1184 4997 1311 5051 illos
1340 4998 1600 5067 ejusdem
1636 4997 1943 5066 Scriptura:
1974 4996 2150 5068 locos,

512 5090 610 5160 qui
644 5090 953 5144 adventum
979 5088 1129 5155 ejus,
1154 5093 1420 5150 mortem,
1445 5090 1764 5152 caeteraque
1786 5085 1971 5154 ipsius
2005 5086 2152 5141 facta

508 5178 993 5249 praenuntiabant.
1028 5176 1201 5246 Atqui
1252 5174 1492 5246 apostoli
1528 5180 1583 5227 et
1632 5174 1903 5244 discipuli
1935 5175 2144 5229 Christi

502 5268 737 5322 eosdem
762 5266 1068 5337 Scripturae
1092 5281 1321 5333 sensus,
1350 5280 1497 5334 quos
1528 5281 1561 5317 a
1582 5262 1774 5317 divino
1799 5267 2146 5334 przeccptore

500 5371 606 5408 suo
639 5360 996 5425 acceperant,
1032 5354 1153 5406 suis
1186 5369 1417 5423 quoque
1448 5350 1774 5423 discipulis,
1826 5350 1879 5404 id
1915 5356 1997 5405 est
2035 5368 2142 5405 au-

498 5444 639 5497 ctori
672 5447 890 5508 nostro,
924 5441 1171 5511 aliisque
1194 5442 1455 5510 ejusdem
1481 5440 1578 5494 aevi
1604 5440 1989 5510 scriptoribus
2012 5456 2141 5511 ape-

2280 3318 2492 3371 ciamus
2522 3316 2797 3371 hominem
2828 3318 2902 3372 ad
2935 3318 3233 3388 imaginem
3262 3328 3312 3374 et
3340 3320 3764 3376 similitudinem
3804 3338 3935 3376 nos-

2281 3412 2362 3459 tra
2371 3422 2442 3459 m.

2353 3494 2500 3557 Quid
2529 3509 2660 3548 vero
2692 3495 2845 3565 quod
2905 3494 3058 3549 idem
3090 3501 3292 3551 auctor
3353 3500 3552 3552 noster
3595 3514 3711 3554 non
3754 3500 3933 3554 modo

2282 3581 2461 3637 solem
2489 3599 2621 3654 opus
2650 3600 2917 3637 manuum
2961 3583 3079 3654 ejus
3130 3584 3351 3640 scilicet
3404 3586 3639 3655 Christi,
3674 3588 3925 3643 asserit:

2280 3672 2380 3727 sed
2414 3671 2471 3724 in
2494 3666 2619 3742 ipso
2641 3675 2696 3725 et
2717 3675 2948 3742 propter
2966 3672 3164 3742 ipsum
3186 3689 3316 3728 esse
3337 3674 3535 3729 omnia
3557 3676 3774 3731 diserte
3800 3692 3935 3747 pro-

2280 3760 2543 3815 nuntiat:
2582 3761 2758 3816 Habes
2788 3762 2973 3825 etiam,
3024 3760 3235 3832 inquit,
3289 3764 3348 3817 in
3378 3764 3474 3818 hoc
3502 3765 3737 3833 gloriam
3763 3770 3929 3833 Jesu,

2277 3851 2424 3920 quod
2453 3852 2513 3904 in
2544 3850 2660 3921 ipso
2689 3858 2816 3903 sunt
2846 3851 3059 3918 omnia,
3093 3852 3141 3904 et
3172 3852 3230 3904 in
3263 3852 3459 3922 ipsum.

2351 3939 2602 4007 Denique
2633 3955 2703 3992 ne
2734 3937 2902 4008 plura
2948 3937 3063 3993 alia
3093 3938 3313 4009 passim
3344 3939 3403 3993 in
3454 3939 3630 3995 haece
3660 3940 3928 4011 Epistola

2276 4024 2454 4079 simili
2489 4024 2659 4078 modo
2689 4024 2903 4079 dictata
2949 4040 3351 4097 congeramus,
3385 4028 3442 4082 id
3496 4032 3721 4083 tantum
3755 4030 3925 4098 juvat

2274 4114 2653 4184 subjungere,
2685 4129 2797 4183 quo
2829 4112 3094 4168 Christus
3126 4115 3182 4168 in
3213 4114 3487 4214 co‘dibus
3518 4118 3751 4184 nostris,
3790 4123 3924 4173 tan-

2272 4220 2450 4273 quam
2483 4202 2539 4256 in
2570 4200 2807 4273 templis
2838 4206 2951 4257 Deo
2982 4200 3336 4259 consecratis
3369 4204 3631 4261 habitare
3660 4206 3918 4262 dicitur:

2274 4292 2409 4358 Quia
2438 4290 2714 4362 oportebat
2745 4306 2873 4345 cum
2902 4292 2958 4344 in
2989 4307 3153 4346 carne
3181 4309 3465 4364 apparere,
3496 4302 3548 4349 et
3581 4293 3837 4351 habitare
3868 4298 3921 4349 in

2269 4380 2460 4441 nobis;
2490 4380 2750 4449 templum
2780 4380 2929 4433 enim
2966 4382 3234 4446 sanctum,
3280 4382 3480 4451 fratres
3520 4383 3650 4447 mei,
3680 4382 3921 4437 Domino

2267 4477 2345 4522 est
2373 4468 2637 4522 habitatio
2667 4466 2842 4521 cordis
2872 4469 3063 4521 nostri.

2337 4557 2476 4619 Quis
2502 4561 2716 4626 autem,
2750 4556 2957 4609 amabo
2992 4564 3060 4621 te,
3106 4555 3216 4610 nisi
3243 4558 3365 4626 jam
3386 4557 3761 4627 praajudicata
3788 4560 3916 4631 opi-

2271 4645 2439 4699 nione
2471 4645 2638 4716 plane
2672 4645 2993 4698 obcaacatus
3043 4644 3238 4713 homo,
3292 4661 3502 4715 negare
3550 4646 3762 4701 audeat
3794 4646 3916 4702 haec

2266 4733 2465 4787 omnia
2496 4733 2566 4787 ab
2597 4737 2830 4787 auctore
2857 4737 3053 4787 nostro
3078 4749 3193 4786 non
3218 4733 3289 4787 de
3320 4733 3431 4788 alio
3456 4733 3631 4789 scribi
3653 4751 3915 4806 unquam

2267 4821 2545 4890 potuisse,
2582 4820 2692 4874 nisi
2726 4820 2796 4875 de
2840 4836 2971 4875 vero
3023 4836 3416 4892 germanoque
3461 4821 3560 4877 Dei
3614 4822 3778 4889 Filio,
3815 4824 3913 4896 qui

2262 4910 2525 4979 ejusdem
2555 4908 2791 4963 omnino
2822 4924 2955 4962 cum
2989 4908 3155 4963 Patre
3187 4925 3294 4962 suo
3326 4909 3401 4964 sit
3434 4915 3652 4965 natura:
3685 4918 3740 4966 et
3767 4914 3911 4968 sub-

2263 4998 2510 5061 stantize,
2544 4997 2772 5068 ipsique
2800 4997 3047 5067 perfecte
3080 4998 3364 5067 planeque
3398 5000 3766 5055 coaeternus?

2332 5084 2927 5139 Animadvertendum
2961 5085 3212 5155 denique
3255 5086 3402 5141 hanc
3435 5089 3690 5143 auctoris
3722 5090 3909 5145 nostri

2259 5174 2575 5244 Epistolam
2600 5173 2669 5227 ad
2681 5190 2784 5227 nos
2801 5172 3086 5245 integram
3107 5191 3219 5227 non
3239 5177 3595 5244 pervenisse:
3614 5177 3907 5248 siquidem

2257 5262 2432 5317 Graeci
2458 5262 2686 5317 codices
2709 5262 3090 5333 manuscripti
3114 5262 3281 5317 titulo
3304 5268 3359 5317 et
3382 5264 3666 5336 principio
3684 5273 3906 5335 carent,

2255 5351 2639 5423 pluribusque
2669 5354 2895 5404 scatent
2925 5350 3153 5413 erratis,
3188 5367 3314 5422 quze
3372 5352 3483 5406 nisi
3517 5352 3768 5410 aliorum
3802 5374 3906 5429 ope

2252 5439 2517 5495 codicum
2547 5438 2842 5510 emendari
2896 5456 3008 5494 non
3063 5444 3305 5511 queunt.
3359 5442 3420 5495 ln
3471 5442 3667 5498 codice
3699 5443 3902 5502 Latino

568 5641 612 5679 ³ο
643 5640 780 5698 Luc.
811 5654 961 5713 xxxv,
993 5641 1081 5696 45.
1159 5641 1206 5677 ³ο
1231 5641 1522 5697 Admonit.
1560 5640 1618 5696 in
1652 5640 1749 5695 tib.
1777 5641 1834 5696 S.
1864 5641 2131 5700 Ambros.
2172 5640 2265 5700 De.
2300 5640 2419 5697 bon.
2453 5648 2615 5698 mort.
