4118 6340
140 474 262 538 685

1532 472 2148 541 PROLEGOMENA.

3427 479 3545 538 686

138 609 410 663 secunda
440 625 576 680 pars
607 609 872 681 Epistolas
905 609 1137 677 deficit;
1172 610 1371 682 primas
1395 628 1526 665 vero
1560 611 1793 666 additus
1822 643 1876 706 Α
1908 612 2103 665 Grmco
2136 610 2441 680 habentur,
2474 610 2543 665 ab
2603 611 2730 682 ipso
2779 610 3168 681 praetermissa
3207 614 3361 664 sunt.
3397 610 3546 672 Qua-

140 701 236 751 est
267 696 604 769 ﬁnis,quasi
626 697 770 751 nihil
797 696 1052 769 amplius
1083 698 1461 754 desideretur.
1486 699 1664 754 Vetus
1687 716 1793 755 au-

138 788 262 840 tem
298 785 589 857 interpres
637 786 874 841 Latinus
918 804 1032 841 non
1088 786 1285 842 omnia
1329 788 1583 842 auctoris
1622 789 1795 842 verba

136 874 422 940 reddidit,
472 879 530 929 et
577 874 860 930 nonnulla
904 874 1199 947 aliquibus
1248 875 1307 929 in
1357 875 1520 943 locis,
1577 892 1702 946 qua:
1734 877 1792 931 in

1907 699 2255 771 prOpterillc
2284 700 2370 753 vel
2393 700 2450 753 in
2476 700 2747 755 mutilum
2780 701 3035 755 codicem
3069 698 3385 765 incidit,vel
3414 699 3550 753 data

1904 805 2080 859 opera
2109 789 2373 858 quaedam
2405 788 2715 855 omisit,vel
2738 789 2989 859 denique
3020 787 3272 843 auctoris
3306 788 3397 842 sui
3421 804 3547 842 sen-

1904 892 2037 932 sum
2069 893 2185 931 non
2219 881 2521 932 assecutus
2552 881 2659 933 est.

1768 1199 1925 1285 VI.

351 1346 896 1425 (GALLANDIUS,
944 1346 1067 1409 Vel.
1102 1348 1277 1409 Patr.
1313 1347 1706 1420 Bibliotheca,
1741 1356 1787 1408 t.
1839 1350 1884 1421 Ι,
1936 1350 2233 1422 Venetiis,
2272 1350 2450 1419 1765,
2482 1349 2714 1422 in-fol.,
2748 1350 3023 1428 Proleg.,
3056 1368 3119 1429 p.
3150 1351 3349 1429 xxxx.)

690 1533 916 1588 CAPUT
957 1534 1257 1589 PRIMUM.

141 1648 287 1702 Num
319 1647 374 1701 S.
412 1648 699 1720 Barnabas
728 1653 925 1703 auctor
951 1652 1023 1703 sit
1062 1650 1317 1720 Epistulae
1361 1664 1485 1719 qua?
1530 1650 1629 1703 sub
1676 1651 1795 1720 ejus

214 1720 444 1812 n‘omine
506 1719 915 1812 circumfertur.
970 1711 1216 1775 Clemens
1252 1711 1718 1812 'fl'leivandrinus'
1743 1729 1793 1775 et
1827 1750 1871 1812 Β
1904 1711 1998 1765 Sic
2030 1712 2186 1765 enim
2220 1712 2297 1766 ibi
2329 1712 2372 1745 ³³
2425 1729 2437 1766 ε

219 1790 478 1859 Origenes
505 1806 627 1844 eam
658 1794 927 1845 Barnabas
950 1796 1218 1845 asserunt.
1244 1793 1612 1861 Hieronymus
1642 1793 1793 1846 item.

216 1863 377 1985 cuius
408 1863 777 1915 testimonium
827 1862 1143 1917 edisseritur
1172 1877 1331 1932 atque
1362 1864 1653 1918 astruilur.
1688 1864 1793 1917 Eu-

216 1948 272 1985 se
312 1933 358 1985 ii
389 1932 741 1985 Czesariensis
776 1934 922 1985 locus
946 1950 1237 1985 expensus.

214 1932 358 1986 sebii
389 1932 741 1987 Ctesariensis
776 1934 922 1988 locus
946 1950 1237 2004 expensus.

220 2065 379 2119 Inter
406 2065 808 2120 vetustissima
838 2066 1033 2120 saeculi
1092 2084 1107 2119 ι
1166 2066 1557 2121 ecclesiastica
1589 2082 1793 2120 monu-

143 2157 369 2222 menta,
422 2154 661 2207 tertium
709 2153 900 2208 locum
933 2159 1179 2226 occupat
1228 2154 1487 2225 Epistola
1527 2170 1653 2225 quas
1685 2154 1794 2208 sub

143 2245 207 2296 ὃ.
235 2242 513 2296 Barnaba:
546 2242 779 2297 nomine
801 2242 1228 2297 circumfertur.
1264 2242 1342 2296 De
1374 2248 1606 2297 auctore
1638 2242 1792 2296 haud

142 2348 268 2385 una
298 2333 389 2384 est
416 2330 767 2402 scriptorum
801 2335 928 2385 tum
956 2336 1213 2386 veterum
1247 2336 1373 2385 tum
1408 2331 1793 2386 recentiorum

141 2417 462 2474 sententia.

218 2506 291 2562 Ut
321 2510 520 2561 autem
551 2506 685 2561 hinc
735 2507 1128 2576 exordiamur,
1177 2507 1390 2562 saeculo
1424 2524 1460 2562 ιι
1494 2507 1797 2562 desinente

136 2596 418 2651 Clemens
448 2595 878 2650 Alexandrinus
912 2595 1198 2667 plerisque
1228 2597 1284 2650 in
1318 2596 1481 2662 locis,
1508 2613 1685 2667 supra
1714 2596 1799 2649 in-

138 2689 233 2739 ter
264 2688 524 2738 veterum
550 2684 885 2739 testimonia
910 2683 1286 2754 relatis,hanc
1308 2683 1626 2755 Epistolam
1659 2700 1796 2739 con-

143 2777 376 2828 stanter
402 2772 683 2827 Barnabas
722 2772 1009 2839 attribuit,
1036 2777 1091 2827 et
1114 2773 1345 2844 quidem
1366 2774 1620 2843 apostolo,
1671 2774 1801 2828 testi

141 2861 467 2932 apostolico,
516 2860 617 2914 uni
668 2876 737 2914 ea:
782 2878 886 2915 Lxx
934 2863 1158 2916 Domini
1204 2860 1488 2932 discipulis
1530 2866 1587 2916 et
1632 2862 1800 2916 Pauli

146 2950 489 3017 adiutori,ut
518 2948 767 3018 ipsemet
797 2965 929 3003 eum
963 2948 1239 3021 appellat.
1274 2950 1423 3012 Quin
1456 2955 1513 3005 et
1543 2950 1601 3004 in
1633 2948 1799 3004 libris

146 3037 598 3105 ἰ’ποτυπώσεων,
636 3038 881 3092 Eusebio
923 3042 1068 3093 teste
1119 3038 1272 3101 3h”,
1320 3039 1794 3109 compendiosam

1903 1536 2037 1590 viris
2069 1535 2387 1590 illustribus
2411 1536 2613 1599 edidit,
2637 1536 2707 1590 de
2741 1536 2868 1605 ejus
2887 1535 3152 1606 Epistolas
3186 1536 3553 1603 auctoritate,

1904 1640 2020 1678 non
2047 1628 2241 1679 autem
2277 1624 2348 1677 de
2370 1628 2625 1694 auctore,
2652 1624 2821 1679 aliter
2836 1625 3135 1679 censuisse
3166 1624 3551 1680 existimatur.

2489 1714 2780 1767 Barnabas
2832 1712 3088 1784 Cyprius,
3142 1714 3239 1783 qui
3283 1718 3333 1767 et
3359 1714 3556 1784 Ioseph

1907 1802 2135 1866 Levites,
2184 1816 2307 1853 cum
2370 1802 2548 1854 Paulo
2613 1802 2855 1871 gentium
2912 1803 3192 1871 apostolus
3246 1802 3554 1868 ordinatus,

1907 1905 2078 1942 unam
2125 1888 2194 1941 ad
2240 1887 2663 1957 wdiﬂcationem
2706 1890 2961 1945 Ecclesia:
3002 1894 3366 1959 pertinentem
3416 1892 3553 1961 Epi-

1907 1976 2101 2030 stolam
2144 1979 2464 2046 composuit,
2514 1992 2640 2045 quae
2688 1979 2829 2031 inter
2870 1977 3207 2048 apocryphas
3255 1980 3556 2048 scripturas

1909 2066 2129 2134 legitur.
2165 2065 2345 2127 Quem
2381 2065 2439 2117 in
2468 2064 2660 2119 locum
2696 2065 2837 2120 scite
2868 2066 3218 2121 Pearsonius
3250 2068 3294 2099 ³⁸
3319 2084 3331 2120 :
3358 2089 3384 2115 ‹‹
3420 2068 3552 2121 Bar-

1906 2153 2062 2207 nabas
2093 2152 2408 2224 Epistolam
2442 2153 2624 2207 fuisse
2657 2153 2831 2208 tradit
2868 2155 2948 2220 (S.
2998 2153 3404 2225 Hieronymus)
3439 2171 3555 2210 non

1907 2241 2017 2311 ipsi
2051 2241 2511 2312 supposititiam,
2547 2245 2649 2295 aut
2688 2242 2988 2312 spuriam;
3023 2242 3091 2296 ait
3139 2242 3557 2311 aediﬁcationem

1905 2331 2177 2385 Ecclesia?
2203 2331 2546 2400 pertinuisse
2568 2330 2776 2385 asserit
2805 2354 2818 2396 ;
2850 2347 2963 2384 non
2996 2329 3192 2400 itaque
3224 2330 3555 2387 hazreticam

1906 2418 2135 2488 putavit
2170 2436 2183 2472 :
2218 2418 2414 2473 lectam
2446 2423 2645 2472 tamen
2678 2420 2828 2473 inter
2856 2417 3196 2490 apocryphas
3246 2421 3555 2489 scripturas

1906 2506 2093 2571 docet,
2126 2522 2229 2561 nec
2261 2506 2334 2561 ab
2367 2505 2623 2561 Ecclesia
2654 2507 3018 2577 repudiatam
3050 2506 3263 2560 innuit.
3300 2528 3351 2560 ››.

1979 2595 2139 2659 Quod
2173 2598 2367 2649 autem
2413 2594 2794 2665 Hieronymus
2824 2593 3141 2663 Epistolam
3176 2595 3451 2649 Barnabas
3483 2596 3555 2650 ad

1908 2683 2269 2754 apocryphas
2299 2682 2626 2753 scripturas
2656 2682 2954 2748 amandet,
3007 2699 3122 2737 non
3168 2700 3358 2754 usque
3410 2685 3553 2739 adeo

1908 2772 2205 2843 negotium
2240 2771 2525 2826 facessere
2547 2771 2810 2837 debet,ut
2841 2770 3039 2826 statim
3065 2771 3394 2827 adulterina
3424 2789 3553 2827 cen-

1908 2861 2091 2915 senda
2120 2860 2217 2928 sit,
2279 2860 2508 2930 ipsique
2567 2858 2827 2931 apostolo
2884 2860 3318 2929 abjudicanda;
3371 2877 3548 2931 quam

1909 2953 2115 3003 contra
2145 2948 2325 3002 fuisse
2374 2949 2445 3002 ab
2492 2963 2558 3001 eo
2612 2948 2998 3018 compositam
3030 2949 3335 3019 perspicue
3365 2950 3545 3004 tradit

1909 3042 2147 3091 sanctus
2206 3036 2424 3091 doctor.
2477 3036 2657 3107 quue
2717 3041 2779 3090 ut
2830 3036 3045 3091 clarius
3098 3037 3289 3091 adhuc
3337 3042 3553 3109 pateat,

153 3126 298 3182 Novi
331 3125 693 3180 Testamenti
726 3125 1159 3196 Scripturarum
1183 3127 1608 3183 enarrationem
1639 3126 1802 3181 insti-
1832 3110 1873 3175 C
1911 3124 2175 3197 exemplo
2201 3124 2526 3179 illustrabo.
2559 3124 2793 3196 Legitur
2817 3124 2873 3178 in
2908 3126 3137 3179 decreto
3165 3125 3468 3180 Gelasiano
3492 3126 3553 3180 8":

154 3222 329 3269 tuens
348 3214 504 3268 idem
518 3213 1091 3279 Clemens,Barnabae
1110 3214 1247 3270 item
1264 3214 1584 3286 Epistolam
1601 3231 1698 3269 eas
1721 3216 1801 3268 in-

150 3308 243 3358 ter
272 3301 589 3358 recensuit.
602 3302 823 3355 Alicubi
844 3307 1041 3359 tamen
1070 3304 1367 3376 presbyter
1380 3304 1803 3359 Alexandrinus

154 3391 475 3447 consilium
509 3394 768 3445 mutasse
796 3391 1023 3445 videtur
1056 3409 1069 3459 ;
1122 3393 1261 3447 dum
1312 3393 1468 3447 enim
1501 3409 1569 3447 ex
1600 3392 1802 3446 eadem

153 3478 419 3552 Epistola
451 3477 733 3533 nonnulla
780 3477 999 3533 delibat
1028 3480 1094 3545 33,
1130 3481 1401 3535 Barnabze
1452 3480 1803 3535 sententiam

155 3568 460 3623 interdum
515 3566 772 3638 respuit;
824 3567 1091 3638 quamvis
1138 3570 1283 3623 tanti
1331 3569 1437 3623 viri
1488 3567 1806 3623 reverentia

156 3656 513 3725 tactus,ejus
544 3654 766 3709 nomini
801 3660 1020 3726 parcat,
1046 3660 1109 3710 ut
1138 3662 1269 3727 post
1296 3656 1643 3713 Cotelerium
1675 3657 1805 3711 Pot-

156 3752 322 3800 terus
355 3742 683 3798 admonuit.

231 3833 596 3889 Clementem
658 3830 1114 3886 Alexandrinum
1178 3837 1587 3904 praceptorem
1635 3850 1807 3888 suum

159 3926 406 3978 secutus
462 3919 760 3991 Origenes,
813 3920 964 3974 circa
1014 3919 1269 3974 medium
1317 3921 1513 3976 saeculi
1565 3939 1644 3988 ιιι,
1698 3937 1811 3975 non

162 4010 362 4066 solum
387 4025 421 4062 a
444 4008 709 4063 Barnaba
730 4007 1009 4078 scriptam
1034 4008 1586 4079 putavitEpistolam
1613 4024 1814 4063 verum

165 4099 343 4153 etiam
396 4096 723 4151 catholicam
783 4095 1069 4161 vocitavit,
1121 4100 1178 4151 et
1224 4097 1526 4168 Scriptura:
1583 4098 1817 4152 nomine

168 4184 477 4257 insignivit
504 4184 569 4237 3‘.
602 4184 757 4248 Sunt,
790 4182 1002 4253 inquit,
1032 4193 1292 4254 praeterea
1341 4186 1503 4255 (sicut
1540 4188 1595 4240 in
1628 4186 1819 4241 multis

170 4274 477 4341 Scriptura
534 4272 664 4327 locis
711 4272 1044 4343 invenimus)
1092 4275 1259 4327 etiam
1316 4275 1599 4345 utriusque
1642 4277 1821 4344 partis

169 4363 256 4418 vel
285 4363 577 4431 utriusque
604 4362 708 4414 vis:
736 4362 977 4430 fautores
1025 4361 1253 4431 quidam
1306 4366 1357 4416 et
1400 4362 1679 4427 adiutores
1720 4380 1822 4416 an-

1915 3216 2152 3269 Historia
2179 3215 2393 3267 Eusebii
2424 3214 2704 3283 Pamphili
2732 3212 3070 3282 apocrypha.
3096 3212 3556 3277 Cedo,statuitne

1913 3303 2005 3357 his
2036 3301 2226 3356 verbis
2258 3306 2495 3356 sanctus
2544 3300 2800 3371 pontifex
2848 3302 3142 3356 Historiam
3192 3301 3421 3354 Eusebii
3468 3317 3552 3356 ec-

1912 3393 2270 3445 clesiasticam
2315 3389 2585 3459 episcopo
2626 3386 2709 3441 illi
2742 3387 3073 3443 Caesariensi
3126 3388 3305 3443 fuisse
3336 3404 3550 3460 suppo-

1914 3482 2086 3535 sitam
2114 3483 2134 3533 Ρ
2165 3478 2402 3532 Minime
2432 3477 2695 3531 omnium
2722 3495 2734 3531 :
2760 3481 2816 3531 at
2846 3477 2901 3531 id
2932 3476 3298 3532 solummodo
3329 3478 3554 3533 edicere

1915 3568 2097 3623 voluit
2127 3566 2415 3631 Gelasius,
2450 3564 2681 3619 Eusebii
2713 3567 3006 3619 Historiam
3028 3582 3140 3619 non
3167 3583 3294 3621 esse
3327 3567 3557 3637 publice

1919 3658 1975 3710 in
2020 3654 2274 3710 Ecclesia
2304 3654 2608 3724 legendam
2657 3654 2799 3707 dum
2828 3658 3195 3724 apocrypham
3225 3654 3559 3711 declaravit.

1918 3744 2209 3799 Nimirum
2242 3742 2421 3812 hujus
2451 3740 2608 3796 vocis
2656 3740 2938 3816 ἀπόκρυφοι
2988 3742 3077 3796 vis
3109 3747 3166 3797 et
3198 3742 3356 3797 notio
3387 3744 3566 3815 probe

1920 3832 2192 3895 tenenda,
2227 3834 2289 3884 ut
2318 3848 2409 3885 res
2441 3831 2795 3900 ejuscemodi
2843 3831 2949 3885 rite
2982 3831 3387 3900 expediantur.
3420 3831 3567 3885 Con-

1924 3926 2040 3976 stat
2086 3920 2243 3975 enim
2294 3920 2444 3973 inter
2482 3918 2767 3985 eruditos,
2815 3935 3011 3973 vocem
3062 3918 3235 3973 istam
3289 3936 3403 3973 non
3454 3935 3571 3973 uno

1925 4025 2103 4064 sensu
2137 4006 2557 4077 accipiendam.
2585 4007 2727 4062 Rem
2762 4007 2887 4061 fuse
2912 4011 3223 4077 pertractat
3253 4007 3402 4061 inter
3430 4006 3572 4061 alios

1927 4098 2194 4152 Svicerus
2226 4097 2307 4163 33;
2343 4097 2441 4151 sed
2497 4096 2728 4150 brevius
2776 4096 3151 4166 exactiusque
3183 4095 3253 4150 cl.
3299 4094 3570 4150 Fontani-

1930 4204 2042 4241 nus
2074 4187 2118 4220 39
2151 4203 2162 4238 :
2200 4208 2226 4233 ‹‹
2259 4185 2426 4255 Apud
2460 4189 2679 4239 veteres
2727 4185 2949 4249 Patres,
2999 4184 3210 4255 inquit,
3264 4186 3574 4257 apocrypha

1931 4292 1999 4330 ea
2028 4291 2157 4329 vere
2189 4278 2343 4339 sunt,
2380 4290 2504 4343 qua:
2534 4274 2823 4327 canonicis
2852 4277 3247 4343 opponuntur.
3282 4274 3423 4329 Hinc
3455 4282 3573 4328 An-

1934 4362 2156 4418 nalium
2216 4378 2425 4433 parens
2485 4360 2767 4416 Baronius
2824 4362 2888 4430 ‘°,
2950 4362 3257 4433 apocrypha
3309 4379 3418 4417 esse
3474 4364 3576 4428 ait,

171 4451 302 4519 geli,
337 4456 448 4505 etc.
483 4449 707 4514 Quibus
747 4448 1026 4504 nimirum
1075 4449 1266 4504 verbis
1314 4450 1384 4504 ad
1418 4451 1689 4521 Epistolas
1723 4468 1823 4506 no-
1856 4468 1898 4531 ι)
1933 4454 2093 4522 quasi
2121 4467 2229 4505 non
2260 4450 2681 4521 hagiographa;
2711 4466 2819 4504 non
2850 4454 3054 4517 tamen,
3087 4458 3147 4504 ut
3177 4467 3240 4504 ea
3268 4450 3578 4521 (Gelasius)

173 4544 313 4595 strue
343 4542 523 4609 caput
546 4538 612 4591 18
642 4537 891 4608 digitum
923 4536 1247 4594 intendisse
1278 4538 1583 4610 Origenem
1618 4539 1819 4610 liquet.

250 4627 313 4682 In
333 4627 601 4681 eamdem
622 4642 791 4697 porro
813 4626 1161 4680 sententiam
1184 4627 1255 4681 de
1279 4628 1541 4682 Barnaba
1562 4628 1826 4699 Epistolas

174 4720 417 4771 auctore
465 4714 641 4768 ivisse
688 4730 920 4784 quoque
968 4715 1024 4769 S.
1079 4714 1493 4786 Hieronymum
1529 4716 1663 4786 jure
1696 4717 1829 4788 quis

175 4804 413 4867 dixerit,
444 4801 759 4856 Clementis
791 4803 1037 4857 fortasse
1081 4802 1455 4857 Alexandrini
1513 4805 1597 4860 vel
1638 4805 1831 4876 potius

174 4891 451 4964 Urigenis
482 4891 599 4944 sive
631 4890 975 4945 auctoritate
1007 4891 1127 4945 sive
1160 4891 1424 4963 exemplo
1480 4899 1830 4963 permotum.

177 4978 490 5050 Siquidem
523 4977 579 5031 in
606 4994 779 5049 opere
810 4980 881 5033 De
911 4980 1361 5049 interpretatione
1393 4986 1679 5036 nominum
1728 4987 1833 5037 Ile-

182 5070 525 5132 braicorum,
577 5067 728 5120 inter
778 5066 916 5123 Novi
963 5068 1320 5121 Testamenti
1364 5068 1542 5123 libros
1572 5070 1837 5140 Epistolzn

182 5172 426 5229 quoque
457 5155 733 5209 Barnahzs
776 5154 969 5209 locum
1004 5156 1127 5227 ipse
1179 5157 1411 5232 dedisse
1461 5160 1836 5229 compcritur.

185 5246 353 5316 Opus
402 5242 547 5297 illud
589 5243 883 5297 scribebat
926 5244 1127 5298 doctor
1177 5245 1470 5299 maximus
1517 5264 1667 5301 anno
1716 5249 1839 5300 388.

186 5333 480 5402 Deinceps
518 5347 673 5395 vero,
707 5348 856 5386 anno
909 5331 1132 5387 scilicet
1178 5333 1302 5397 392,
1354 5350 1469 5404 quo
1526 5334 1741 5389 librum
1774 5336 1847 5391 De

1935 4542 2002 4595 ab
2028 4541 2263 4595 Ecclesia
2292 4542 2514 4595 omnino
2559 4540 2885 4609 proscribat.
2923 4540 3291 4611 Augustinus
3329 4539 3507 4594 tradit
3535 4540 3579 4573 ‘1

1937 4647 2005 4685 ea
2033 4629 2291 4685 denotari
2326 4630 2546 4683 nomine
2590 4628 3046 4698 apocryphorum,
3079 4645 3196 4697 quis
3241 4629 3308 4680 ah
3347 4628 3586 4681 auctori-

1942 4723 2052 4773 tate
2100 4718 2368 4771 canonica
2416 4716 2675 4782 diligenti
2719 4717 3125 4769 examinatione
3174 4722 3380 4771 remota
3436 4721 3584 4769 sunt.

1944 4804 2164 4875 Duplex
2193 4803 2348 4857 enim
2392 4808 2514 4857 erat
2560 4804 2851 4873 scriptura
2885 4819 2896 4857 :
2938 4804 3230 4868 canonica,
3282 4803 3453 4872 cujus
3485 4818 3588 4855 au-

1945 4898 2067 4947 ctor
2097 4892 2345 4962 Spiritus
2398 4897 2672 4955 sanctus;
2712 4897 2767 4945 et
2808 4893 3137 4962 apocrypha,
3189 4892 3358 4959 cujus
3391 4894 3593 4944 auctor

1948 4982 2120 5035 homo
2152 4980 2333 5035 solus.
2369 4979 2467 5033 llla
2501 4980 2729 5049 publice
2762 4981 2817 5032 in
2843 4979 3131 5045 Ecclesia;
3168 4980 3285 5032 hmo
3334 4996 3447 5032 non
3489 4979 3588 5042 ita,

1948 5070 2059 5139 legi
2093 5074 2333 5139 poterat.
2374 5069 2557 5129 Quare
2590 5068 2800 5122 librum
2836 5069 3205 5138 aporryphum
3253 5084 3401 5127 esse,
3436 5066 3589 5119 idem

1952 5163 2219 5211 censetur
2248 5162 2420 5226 atque
2473 5158 2818 5211 auctoritate
2862 5173 3077 5221 carere,
3129 5173 3244 5225 qua
3289 5155 3503 5225 publice
3536 5155 3594 5207 in

1954 5248 2186 5313 Ecccsia,
2221 5250 2283 5299 ut
2314 5248 2577 5299 canonica
2608 5245 2900 5316 leguntur,
2949 5244 3058 5315 legi
3094 5245 3297 5315 possit.
3341 5242 3596 5313 Duplicis

1957 5334 2111 5390 enim
2145 5335 2373 5404 generis
2405 5334 2736 5405 apocrypha
2768 5333 3034 5387 Gclasius
3066 5337 3393 5399 enumerat,
3427 5332 3601 5386 ortho-

264 5482 396 5523 ιιι-³9
430 5481 667 5554 Euseb,
697 5483 832 5537 Hist.
866 5483 1072 5548 eccles.,
1107 5480 1208 5537 lib.
1241 5499 1319 5545 νι,
1353 5500 1479 5554 cap.
1512 5486 1595 5538 14.
1675 5486 1719 5519 ³³
1749 5486 1807 5540 Cl

1924 5490 2029 5540 ant.
2065 5484 2245 5543 Alex..
2272 5483 2515 5553 Pccdag.,
2543 5483 2645 5537 lib.
2681 5500 2741 5545 ιι,
2773 5499 2897 5553 cap.
2935 5484 3018 5549 10,
3048 5499 3100 5553 p.
3124 5484 3248 5546 221,
3274 5481 3605 5539 edit.0xon.

196 5556 359 5625 1715.
438 5553 483 5585 3‘
512 5552 770 5623 Origen.,
820 5555 1111 5625 Explanat.
1165 5556 1222 5607 in
1269 5552 1441 5625 Epist:
1472 5556 1541 5609 ad
1578 5557 1728 5610 Rom.
1782 5574 1817 5625 ι,
1849 5558 1939 5609 24.

200 5624 414 5699 Vindic.
447 5625 647 5699 lgna},
682 5624 909 5699 parrt._1.
939 5643 1065 5699 cap.
1100 5625 1129 5677 -’i
1161 5624 1449 5699 pag.’289.
1492 5697 1501 5699 A
1528 5628 1569 5660 ³⁷
1594 5624 1809 5699 Gelas.,

1927 5644 2030 5690 cr.,
2064 5643 2189 5698 cap.
2252 5627 2303 5682 4.

194 5704 347 5775 tom.
378 5695 421 5762 Ι,
454 5711 519 5775 pL
694 5768 724 5775 η
747 5696 1146 5775 3°.Fontanin.,
1178 5697 1308 5751 Hist.
1342 5697 1549 5775 riguit”
1603 5698 1706 5757 lib.
1740 5695 1802 5756 νζ

1924 5718 1956 5757 ι.
2014 5698 2100 5769 11,
2135 5695 2181 5773 ’ἓ
2228 5700 2285 5769 8,
2335 5712 2467 5773 pag.
2526 5697 2649 5756 354.

198 5772 241 5809 δι
276 5766 554 5846 Δυεηοε
585 5766 746 5825 Civil.
774 5768 889 5837 Dei,
920 5766 1023 5826 lib.
1055 5784 1147 5855 xv,
1178 5784 1332 5847 cap.,
1360 5766 1452 5829 23.

2016 5557 2059 5589 33
2090 5555 2348 5619 Hieron.,
2397 5557 2470 5607 De
2504 5557 2607 5607 vir.
2660 5556 2891 5617 illustr.,
2924 5570 3049 5623 cap,
3092 5557 3144 5607 ϋ.
3221 5556 3264 5588 3“
3310 5554 3607 5621 Pcurson.,

2381 5627 2423 5657 ³⁸
2481 5626 2691 5699 Svicer.
2734 5626 2860 5699 les.
2922 5627 3076 5691 cccl.,
3136 5643 3184 5680 v.
3244 5624 3607 5699 ’Anbupu'gog,

2759 5643 2860 5680 (es.
2922 5643 3076 5691 cccc,
3136 5643 3184 5680 v.
3262 5643 3413 5678 Λποκ
3452 5645 3604 5699 ueloq,

2727 5697 2771 5733 ‘0
2825 5701 3054 5771 Baron.,
3114 5699 3184 5753 ad
3245 5714 3338 5755 an.
3372 5643 3461 5773 3f,
3495 5696 3604 5768 9‘9.
