4090 6340
518 426 636 486 687

1690 424 1757 483 S.
1802 421 2219 483 BARNABAS
2264 422 2747 484 APOSTOLUS.

3810 415 3931 478 688

517 560 785 615 doxorum
814 561 871 613 et
899 556 1301 614 hazrelicorum.
1338 554 1463 609 Haec
1494 555 1731 609 omnino
1765 555 2106 625 rejiciuntur
2144 569 2157 608 :
2190 554 2241 619 Α
2273 553 2331 607 in
2366 554 2711 625 praecedenti
2762 553 2948 625 capite
2998 554 3259 607 recenset
3305 547 3631 623 Epistolam
3671 548 3836 604 Iuda
3871 548 3927 604 et

520 648 623 704 illa
652 646 944 704 canonicis
994 648 1388 717 opponuntur,
1441 648 1497 699 et
1542 642 1777 714 publica
1808 648 2058 709 tantum,
2092 643 2164 697 ob
2274 642 2529 714 reliquas
2561 642 2707 699 alias
2739 640 3075 707 catholicas,
3096 639 3239 695 item
3268 638 3593 710 Epistolam
3617 638 3921 706 Barnabas;

522 753 713 793 naevos
755 734 1068 807 quosdam,
1111 732 1171 787 in
1213 730 1468 787 Ecclesia
1498 730 1748 786 lectione
1780 730 2101 802 privantur.
2136 752 2163 778 ι)

2276 748 2422 802 quas
2452 736 2647 786 tamen
2678 747 2849 785 nemo
2881 729 3033 784 inter
3063 725 3424 800 apocryphas
3455 726 3789 798 scripturas
3815 742 3925 781 meo

524 827 815 881 Hactenus
862 822 949 877 vir
997 820 1281 877 eruditus.
1337 820 1537 891 Itaque
1592 820 1732 873 dum
1782 818 2168 890 Hieronymus
2277 820 2387 875 rito
2421 820 2797 875 recensuerit.
2836 844 2855 870 ι

523 911 844 986 Epistolam
891 911 1072 965 fuisse
1116 927 1150 964 a
1194 908 1460 963 Barnaba
1508 908 1889 979 compositam
1945 906 2166 972 scribit,

521 1016 646 1074 quae
676 1002 819 1055 inter
845 997 1189 1070 apocryphas
1219 999 1519 1067 scripturas
1573 997 1794 1066 legitur,
1841 997 1969 1066 ejus
1998 996 2173 1050 verba

523 1090 608 1146 sic
635 1092 774 1144 sunt
804 1087 1165 1158 accipienda,
1194 1090 1259 1140 ut
1279 1101 1410 1139 vere
1440 1102 1473 1139 a
1494 1085 1757 1139 Barnaba
1787 1083 2169 1154 compositam

525 1177 840 1247 Epistolam
888 1177 1199 1243 asseveret,
1250 1190 1373 1243 quae
1416 1178 1612 1227 tamen
1667 1173 1817 1227 inter
1863 1172 2172 1227 canonicas

527 1266 850 1337 scripturas
881 1262 1125 1317 minime
1163 1262 1599 1316 adnumeretur.
1635 1260 1873 1315 Frustra
1903 1260 2057 1315 enim
2087 1261 2177 1313 est

526 1354 850 1425 Basnagius
882 1351 948 1419 ⁸³,
982 1351 1123 1406 dum
1174 1348 1340 1403 nobis
1391 1349 1633 1403 suadere
1684 1355 1925 1403 conatur
1971 1347 2173 1402 Hiero-

528 1458 771 1515 nymum
804 1438 1161 1511 populariter
1193 1436 1380 1491 fuisse
1412 1435 1670 1490 locutum
1706 1442 1761 1491 et
1794 1437 1947 1491 tituli
1981 1436 2177 1491 habita

531 1532 772 1595 ratione,
808 1545 920 1584 non
956 1544 1056 1598 pro
1088 1526 1167 1581 rei
1200 1525 1461 1595 veritate,
1492 1526 1633 1579 dum
1678 1526 2002 1580 Barnabam
2036 1541 2177 1579 com-

528 1620 774 1689 posuisse
803 1617 952 1671 hanc
982 1614 1300 1686 Epistolam
1333 1613 1543 1669 litteris
1574 1615 1831 1669 tradidit.

601 1723 879 1779 Veterum
918 1720 1275 1778 testimoniis
1304 1721 1418 1775 huc
1451 1736 1636 1792 usque
1667 1721 1857 1776 allatis
1887 1721 2179 1777 contraire

531 1812 763 1868 videtur
805 1811 1113 1881 Eusebius,
1163 1809 1263 1881 qui
1315 1808 1583 1865 Barnabze
1636 1808 1958 1880 Epistolam
1993 1803 2177 1871 νόθοις

2350 917 2475 971 Νοιι
2491 922 2580 972 est
2602 918 2796 989 itaque
2819 933 2920 970 cur
2943 913 3175 970 Eusebii
3199 912 3609 968 auctoritatem
3624 916 3924 984 tantopere

2280 1010 2526 1077 urgeant
2555 1004 2822 1059 nonnulli
2846 1003 3196 1059 recentiores
3227 1001 3431 1069 critici,
3456 1017 3571 1072 quo
3602 1000 3926 1072 Epistolam

2283 1098 2539 1148 nostram
2576 1093 2851 1148 Barnabas
2885 1092 3239 1163 abjudicent.
3291 1088 3542 1145 Tantum
3575 1089 3738 1145 enim
3771 1090 3928 1145 abest

2284 1187 2348 1237 ut
2378 1181 2536 1237 illam
2562 1180 2847 1236 Eusebius
2875 1180 3159 1252 spuriam,
3204 1178 3619 1245 adulterinam,
3654 1178 3926 1249 supposi-

2283 1271 2472 1324 titiam
2505 1287 2632 1325 esse
2662 1268 3030 1334 existimarit,
3053 1272 3117 1322 ut
3146 1266 3398 1322 maxime
3428 1266 3606 1321 etiam
3637 1271 3928 1338 integram

2284 1360 2690 1430 sinceramque
2737 1358 3041 1430 agnovisse
3094 1355 3377 1411 dicendus
3409 1355 3519 1421 sit;
3555 1354 3779 1426 quippe
3834 1353 3925 1425 qui

2283 1464 2410 1503 eam
2444 1451 2739 1502 recenseat
2767 1446 2919 1500 inter
2956 1444 3135 1499 libros
3185 1439 3661 1516 ἀντιλεγομὲνους,
3698 1444 3759 1497 in
3792 1458 3929 1514 quo-

2286 1553 2415 1591 rum
2448 1535 2578 1590 albo
2612 1535 2785 1589 refert
2813 1534 2986 1589 etiam
3028 1534 3072 1568 ‘5
3116 1533 3412 1604 Epistolam
3442 1548 3563 1602 quae
3593 1531 3805 1587 dicitur
3831 1536 3932 1589 Ja-

2285 1626 2424 1691 cobi,
2456 1633 2510 1680 et
2538 1638 2662 1694 quae
2688 1622 2864 1693 Iudae,
2896 1631 2946 1677 et
2972 1612 3263 1678 secundam
3295 1622 3444 1676 Petri
3474 1637 3493 1679 .·
3544 1622 3778 1676 Joannis
3807 1622 3935 1677 item

2285 1714 2517 1768 alteram
2552 1721 2605 1768 et
2654 1713 2894 1778 tertiam,
2927 1726 3027 1767 nec
3055 1726 3163 1766 non
3215 1710 3510 1781 Epistolam
3564 1709 3635 1765 ad
3667 1710 3934 1767 Hebrwos

2286 1810 2337 1857 et
2390 1801 2795 1872 Apocalypsim.
2856 1800 2982 1855 Uno
3021 1800 3219 1864 verbo,
3275 1797 3349 1853 de
3400 1797 3674 1870 Epistola:
3703 1802 3934 1855 tantum

543 1903 812 1957 accenset
860 1899 924 1953 ιθ.
963 1898 1172 1954 Verum
1225 1919 1253 1947 «
1285 1896 1621 1968 improprie,
1654 1897 1846 1968 inquit
1890 1896 2177 1965 Valesius,
2211 1915 2258 1979 Β
2288 1891 2802 1956 auctoritate,num
2832 1887 3056 1944 scilicet
3077 1887 3135 1941 in
3160 1902 3463 1942 sacrarum
3494 1885 3934 1958 Scripturarum

532 1990 644 2044 hoc
673 2004 884 2044 nomen
915 1990 1161 2058 usurpat
1189 1985 1604 2055 Eusebius,pro
1633 1984 1798 2039 libris
1830 1984 2053 2040 scilicet
2074 1984 2175 2055 qui

536 2076 823 2148 ambiguae
856 2078 993 2130 sunt
1008 2073 1408 2140 auctoritatis;
1445 2088 1578 2127 cum
1608 2070 1756 2133 νόθοι
1781 2073 1895 2127 dici
1927 2074 2179 2128 debeant

537 2164 670 2219 libri
701 2163 1033 2232 adulterini,
1066 2167 1124 2217 et
1153 2162 1224 2216 ab
1273 2161 1563 2216 haereticis
1622 2160 1871 2215 conficti.
1917 2162 2078 2226 Quod
2115 2166 2179 2216 ut

540 2250 911 2308 manifestius
936 2248 1682 2322 appareat,intelligendum
1708 2254 1797 2304 est
1823 2254 1939 2304 tres
1957 2250 2179 2320 species

540 2356 668 2396 esse
698 2339 981 2394 librorum
1014 2354 1335 2393 sacrorum.
1359 2335 1465 2391 Alii
1501 2341 1639 2391 sunt
1667 2342 1827 2391 extra
1856 2342 2181 2391 controver-

539 2427 686 2483 siam
716 2428 833 2483 veri
888 2444 900 2481 :
962 2426 1060 2480 alii
1105 2430 1265 2480 extra
1312 2424 1766 2479 controversiam
1812 2424 1941 2479 falsi
1978 2443 1989 2480 :
2024 2424 2181 2479 tertii

540 2520 680 2571 sunt
710 2516 781 2570 de
810 2515 1027 2586 quibus
1085 2514 1233 2568 inter
1264 2513 1529 2581 antiquos
1574 2513 1909 2583 ambigitur.
1964 2512 2031 2566 Hi
2082 2530 2180 2584 po-

541 2603 743 2659 stremi
771 2596 917 2656 νόθοι
953 2603 1063 2657 dici
1097 2619 1210 2656 non
1241 2606 1504 2673 possunt,
1536 2618 1670 2656 cum
1703 2618 1735 2655 a
1766 2602 1967 2657 multis
2003 2602 2184 2656 habiti

542 2691 666 2748 sint
697 2707 799 2763 pro
828 2690 999 2746 veris.
1050 2690 1250 2745 Restat
1280 2690 1478 2762 igitur,
1532 2694 1596 2744 ut
1643 2690 1884 2744 secundi
1919 2690 2187 2744 dicantur

542 2778 689 2841 νόθοι
723 2780 842 2835 sive
873 2778 1210 2833 adulterini.
1247 2799 1275 2827 »
1322 2778 1450 2833 Hazc
1497 2778 1583 2831 vir
1630 2777 1727 2833 ille
1785 2778 2182 2835 doctissimus.

542 2869 851 2923 Enimvero
906 2872 1219 2938 postquam
1266 2863 1318 2918 ἐν
1375 2870 1489 2925 τοῖς
1540 2864 1718 2925 νόθοις
1762 2873 1938 2922 Actus
1997 2866 2182 2935 Pauli,

543 2957 821 3011 Barnabas
888 2954 1207 3027 Epistolam
1257 2954 1486 3025 aliaque
1551 2954 1829 3009 nonnulla
1892 2956 2188 3011 retulisset

542 3044 852 3109 Eusebius,
905 3044 1106 3098 statim
1139 3043 1340 3098 subdit
1398 3060 1410 3097 :
1471 3044 1566 3098 His
1624 3043 1885 3113 adiunge,
1936 3046 1987 3099 si
2016 3044 2182 3111 lubet,

540 3135 769 3190 Joannis
798 3133 1215 3199 Revelalionem,
1268 3148 1434 3203 quam
1480 3134 1739 3188 nonnulli
1788 3148 1859 3187 ea:
1887 3134 2007 3189 albo
2037 3133 2184 3188 Scri-

537 3224 831 3293 pturarum
858 3224 1219 3293 expungunt;
1249 3221 1353 3275 alii
1408 3236 1533 3277 vero
1564 3223 1708 3276 inter
1738 3221 1904 3277 libros
1936 3223 2186 3277 omnium

540 3326 810 3366 consensu
858 3309 1118 3381 probatos
1165 3308 1553 3365 adnumerant.
1608 3314 2021 3365 Verumtamen
2057 3327 2183 3366 cer-

540 3402 669 3453 tum
700 3402 807 3467 est,
842 3398 1044 3453 eodem
1079 3398 1327 3452 Eusebio
1378 3402 1544 3466 teste,
1594 3398 2001 3471 Apocalypsim
2033 3417 2185 3454 nun-

545 3502 722 3556 quam
747 3486 899 3540 inter
930 3485 1111 3540 libros
1136 3483 1328 3546 νόθους
1364 3486 1481 3541 sive
1506 3486 1865 3543 adulterinos
1898 3487 2076 3543 fuisse
2098 3504 2185 3542 re-

545 3574 747 3640 latam,
782 3574 883 3629 sed
915 3579 1145 3629 tantum
1183 3575 1335 3629 inter
1365 3591 1462 3629 eos
1496 3574 1593 3645 qui
1627 3573 2035 3647 ἀντιλεγόμενοι
2070 3577 2188 3632 sive

550 3661 713 3717 dubii
746 3661 1280 3717 habebantur.Cum
1313 3664 1491 3735 igitur
1510 3662 1843 3736 ἀκυρολογίᾳ
1864 3664 1957 3719 hic
1990 3670 2190 3722 utatur

545 3750 857 3822 episcopus
887 3750 1281 3815 Caesariensis,
1327 3751 1561 3806 aliunde
1606 3754 1896 3808 sententia
1924 3754 2187 3824 ejusdem

545 3842 631 3895 est
653 3837 1145 3910 repetenda.Quid
1178 3837 1391 3908 plura?
1424 3840 1707 3895 Eusebius
1738 3841 2011 3912 deinceps
2044 3842 2191 3913 seip-

550 3943 685 3983 sum
716 3927 991 3982 emendat
1020 3943 1032 3980 :
1063 3926 1329 3981 eamdem
1353 3928 1507 3981 enim
1539 3927 1817 3984 Barnabze
1848 3929 2189 4001 Epistolam,

550 4032 728 4087 quam
779 4016 952 4071 modo
980 4014 1233 4069 vivimus
1264 4015 1335 4069 ab
1360 4032 1425 4070 eo
1455 4014 1628 4075 νόθοις
1663 4018 2025 4083 attributam,
2059 4035 2193 4074 mox

546 4100 993 4177 ἀντιλεγομὲνοις
1042 4103 1310 4175 adjungit
1356 4103 1414 4158 in
1460 4105 1582 4159 haec
1631 4106 1802 4161 verba
1840 4107 1886 4141 “
1928 4124 1940 4161 :
1976 4105 2188 4181 Κέχρη-

546 4211 633 4245 ται
667 4188 711 4243 δ’
744 4190 795 4244 ἐν
826 4190 1007 4251 αὐτοῖς
1037 4190 1125 4245 καὶ
1156 4196 1273 4253 ταῖς
1306 4190 1411 4245 ἀπὸ
1439 4196 1545 4245 τῶν
1581 4192 2013 4266 ἀντιλεγομένων
2065 4214 2192 4269 γρα-

552 4282 667 4356 φῶν
704 4279 1041 4355 μαρτυρίαις·
1073 4282 1169 4347 τῆς
1221 4300 1279 4334 τε
1328 4278 1629 4355 λεγομένης
1679 4280 2045 4355 Σολομῶντος
2087 4289 2189 4336 Σο-

552 4367 713 4444 (plac,
769 4368 858 4421 καὶ
923 4374 1021 4436 τῆς
1080 4368 1258 4437 Ἰησοῦ
1333 4372 1429 4422 τοῦ
1490 4368 1685 4445 Σιράχ’
1748 4371 1835 4423 καὶ
1894 4373 1991 4438 τῆς
2056 4370 2193 4444 πρὸς

546 4451 829 4532 Ἑϐραίους
881 4455 1194 4525 ἐπιστολῆς·
1246 4464 1344 4525 τῆς
1392 4478 1449 4511 τε
1507 4453 1768 4531 Βαρνάϐα,
1800 4459 1889 4513 καὶ
1938 4458 2187 4530 Κλήμεν-

546 4565 661 4617 τος,
692 4545 779 4599 καὶ
806 4542 984 4600 Ἰούδα
1016 4563 1028 4600 :
1063 4548 1125 4602 In
1156 4547 1347 4603 iisdem
1395 4548 1552 4603 libris
1585 4547 2002 4621 (Στρωματέων)
2034 4552 2191 4621 aﬂert

2215 3266 2257 3333 C

2288 1994 2506 2033 canone
2555 1978 2887 2049 reponenda
2925 1980 3099 2041 esset,
3141 1990 3273 2029 cum
3323 1973 3622 2030 nonnullis
3670 1979 3935 2030 veterum

2289 2066 2621 2139 ambigebat
2652 2066 2958 2131 Eusebius,
2989 2068 3055 2119 ut
3094 2062 3360 2134 pluribus
3392 2062 3606 2118 evincit
3632 2062 3933 2120 Tilemon-

2289 2156 2405 2210 tius
2433 2157 2497 2209 ‘5.
2549 2154 2772 2220 Quibus
2819 2153 3000 2208 addas
3048 2152 3241 2217 velim,
3288 2152 3359 2207 ab
3411 2156 3647 2207 auctore
3698 2167 3937 2224 quoque

2288 2244 2705 2299 Stichometrize
2735 2259 2863 2313 quae
2903 2240 3224 2313 Nicephoro
3272 2240 3376 2295 CP.
3427 2239 3730 2310 tribuitur,
3790 2241 3937 2296 inter

2291 2350 2388 2388 eas
2432 2332 2749 2402 scripturas
2783 2347 2907 2401 qua:
2948 2319 3336 2401 ἀντιλέγονται,
3389 2328 3666 2383 Barnabe
3712 2327 3938 2400 Episto-

2292 2421 2408 2475 lam
2467 2419 2772 2475 recenseri.
2824 2418 2972 2484 Quin
3024 2422 3082 2473 et
3123 2418 3182 2471 in
3233 2417 3476 2487 antiqua
3530 2416 3941 2473 Stichometria

2298 2510 2515 2573 Latina,
2580 2509 2638 2562 in
2686 2508 3021 2579 przefatione
3071 2506 3139 2561 ad
3189 2505 3512 2561 Barnabam
3564 2523 3599 2560 a
3660 2504 3941 2562 Cotelerio

2294 2598 2469 2663 edita,
2502 2597 2704 2652 eadem
2759 2595 3014 2668 Epistola
3054 2598 3186 2667 post
3214 2593 3534 2667 Epistolam
3565 2593 3737 2650 Judae
3770 2599 3941 2666 atque

2294 2691 2427 2742 ante
2455 2685 2696 2741 Joannis
2726 2683 3156 2740 Revelationem
3214 2687 3271 2737 et
3315 2685 3491 2738 Actus
3537 2681 3941 2755 apostolorum

2295 2774 2480 2830 relata
2510 2774 2887 2845 conspicitur.

2364 2876 2506 2926 Cum
2532 2871 2713 2942 igitur
2746 2887 2813 2925 ex
2844 2867 3384 2925 vetustissimorum
3414 2867 3655 2924 Patrum
3685 2868 3946 2925 testimo-

2297 2960 2409 3015 niis
2439 2965 2684 3024 constet,
2720 2957 2989 3031 Epistolaa
3023 2962 3233 3013 nostra:
3260 2962 3559 3032 auctorem
3587 2957 3775 3013 fuisse
3810 2962 3949 3013 Bar-

2295 3048 2507 3103 nabam
2539 3047 2836 3119 Cyprium,
2876 3044 3228 3117 apostolum,
3277 3050 3487 3101 testem
3530 3044 3944 3116 apostolicum,

2296 3152 2480 3190 unum
2504 3152 2573 3190 ex
2603 3153 2709 3191 Lxx
2729 3134 2961 3190 Domini
2984 3133 3292 3205 discipulis
3312 3138 3369 3190 et
3396 3132 3562 3188 Pauli
3585 3134 3947 3204 adjutorem;

2295 3225 2353 3278 in
2388 3223 2637 3279 nihilum
2669 3224 2791 3279 abit
2820 3222 3135 3278 Christiani
3172 3222 3402 3277 Scotani
3436 3222 3820 3293 ﬁgmentum,
3850 3222 3948 3293 qui

2295 3313 2442 3368 duos
2476 3312 2771 3367 Barnabas
2800 3309 3112 3382 distinguit
3133 3311 3214 3377 ιτς
3248 3326 3499 3382 quorum
3530 3332 3559 3359 «
3595 3307 3744 3365 alter
3774 3310 3949 3366 fuerit

2295 3418 2363 3456 ex
2384 3400 2757 3472 evangelistis
2778 3404 2833 3455 et
2859 3398 3174 3455 comitibus
3197 3397 3790 3469 apostolorum,alter
3819 3415 3948 3454 vero

2296 3508 2326 3544 e
2357 3488 2800 3545 sublimioribus
2831 3487 3136 3559 apostolis,
3164 3487 3219 3541 id
3254 3491 3342 3542 est
3370 3486 3602 3559 proprie
3632 3486 3720 3543 ita
3749 3487 3945 3560 appel-

2298 3578 2453 3633 latis.
2490 3599 2518 3627 »
2548 3576 2649 3632 Cui
2678 3577 2915 3648 quidem
2950 3576 3181 3631 erudito
3233 3576 3351 3630 viro
3382 3575 3503 3630 haec
3534 3574 3722 3631 Isaaci
3754 3576 3947 3632 Vossii

2296 3668 2470 3721 verba
2502 3666 2821 3737 regerimus
2843 3666 2885 3699 ⁸⁸
2918 3682 2929 3719 :
2971 3685 2999 3716 α
3028 3664 3193 3719 Unde
3222 3662 3816 3735 habes,inquit,quod
3838 3666 3946 3720 duo

2300 3754 2516 3810 fuerint
2547 3754 2821 3808 Barnabze
2854 3753 3005 3807 inter
3050 3750 3344 3823 apostolos
3397 3756 3499 3806 aut
3544 3751 3947 3823 apostolorum

2300 3841 2619 3913 discipulos
2651 3845 2673 3896 Ρ
2702 3840 2865 3896 Unde
2895 3841 3034 3896 item
3071 3840 3251 3896 habes
3283 3840 3438 3911 quod
3467 3856 3620 3895 unus
3652 3856 3724 3895 ex
3764 3841 3949 3897 subli-

2301 3932 2606 3999 mioribus,
2642 3930 2751 3984 hoc
2780 3934 2867 3985 est
2898 3946 2928 3984 e
2956 3929 3265 3984 duodecim
3299 3928 3475 3983 fuerit
3506 3928 3948 4000 apostolis,non

2300 4025 2493 4075 autem
2526 4036 2556 4075 e
2586 4035 2691 4073 Lxx
2721 4017 3048 4089 discipulis,
3085 4017 3169 4072 uti
3201 4017 3379 4072 habet
3409 4017 3680 4073 Clemens
3709 4017 3949 4073 Alexan-

2301 4108 2507 4164 drinus
2527 4108 2554 4161 ‘I
2584 4108 2701 4178 Ego
2732 4123 2865 4162 vero
2894 4106 3049 4177 quod
3080 4105 3373 4177 scripsi,id
3406 4106 3605 4177 ipsum
3637 4106 3948 4161 conﬁrmat

2301 4196 2603 4268 inscriptio
2659 4194 2837 4265 hujus
2890 4193 3184 4266 Epistolas,
3232 4192 3292 4247 in
3342 4210 3461 4264 qua
3490 4192 3653 4249 Pauli
3686 4190 3950 4262 συνέκδη-

2306 4303 2404 4355 μος
2436 4282 2759 4355 appellatur
2792 4299 2805 4337 :
2838 4280 3146 4337 conﬁrmat
3174 4280 3564 4353 Hieronymus
3596 4280 3657 4336 in
3691 4281 3947 4351 Catalago

2299 4377 2621 4443 scriptorum
2652 4371 3161 4441 ecclesiasticarum,
3211 4373 3344 4435 etc.,'
3377 4375 3443 4424 ut
3492 4370 3671 4425 mirer
3700 4371 3846 4441 quid
3897 4374 3944 4426 te

2301 4460 2568 4528 moverit,
2599 4460 2979 4531 quamobrem
3010 4460 3157 4514 duos
3187 4456 3423 4513 finxeris
3454 4458 3817 4514 Barnabas.»
3851 4458 3950 4515 Ne-

2300 4566 2414 4620 que
2448 4548 2632 4620 magis
2664 4547 2890 4620 proficit
2937 4545 3266 4602 'l'entzelius
3295 4546 3370 4612 ‘9;
3401 4546 3500 4618 qui
3532 4545 3838 4602 nonnullis
3868 4545 3948 4601 1e-

549 4635 856 4707 (Clemens)
887 4636 1199 4691 testimonia
1229 4638 1643 4707 scripturarum,
1677 4652 1800 4707 quae
1828 4654 1860 4692 α
1900 4640 2186 4693 nonnullis
2217 4625 2261 4688 Ι)
2294 4638 2463 4692 vibus
2493 4634 2843 4706 conjecturis
2872 4634 3183 4705 adductus,
3218 4635 3274 4688 in
3309 4650 3436 4688 eam
3472 4633 3829 4689 sententiam
3860 4634 3947 4690 de-

549 4724 916 4795 repudiantur
945 4742 963 4779 :
989 4740 1178 4795 nempe
1228 4741 1299 4779 ea:
1354 4724 1636 4796 Sapientia
1685 4725 2009 4791 Salomonis,
2040 4731 2093 4781 et
2120 4744 2189 4782 ea:

548 4829 615 4869 ea
642 4828 766 4885 quae
794 4812 1001 4868 dicitur
1028 4812 1317 4881 Sapientia
1342 4818 1475 4870 Jesu
1501 4815 1609 4883 ﬁlii
1660 4814 1851 4869 Sirach
1884 4832 1901 4870 :
1932 4816 2065 4869 item
2120 4832 2190 4870 ea:

548 4902 805 4971 Epistola
852 4902 925 4955 ad
968 4901 1234 4965 Hebraeos,
1284 4911 1334 4956 et
1381 4919 1451 4957 ea:
1485 4904 1776 4958 Clementis
1817 4920 1880 4956 ac
1921 4903 2188 4958 Barnabze

551 4992 824 5061 Epistolis.
858 4991 923 5044 Et
952 4989 1125 5061 paulo
1157 4995 1288 5061 post
1319 4990 1411 5045 his
1442 4991 1675 5061 gemina
1706 4991 1938 5061 profert.
1974 4992 2079 5046 Ubi
2112 4991 2183 5045 cl.

544 5078 809 5135 Valesius
841 5079 910 5133 ad
944 5095 1063 5133 rem
1098 5089 1354 5133 nostram
1379 5079 1497 5132 hare
1523 5080 1761 5133 adnotat
1787 5096 1834 5133 ;‹‹
1857 5080 2010 5134 Inter
2039 5078 2186 5131 ἀντι-

546 5166 842 5241 λεγομένας
875 5168 1195 5239 scripturas
1230 5167 1537 5238 Eusebius,
1572 5172 1697 5222 tum
1742 5167 1847 5222 hoc
1881 5167 2026 5238 loco,
2060 5173 2185 5223 tum

622 5421 665 5454 ⁴²
696 5420 968 5489 Basnag.,
1000 5418 1200 5492 Annal.
1227 5418 1389 5492 polit.
1427 5416 1767 5492 Eccles.,_ad
1814 5436 1907 5474 an.
1939 5420 2028 5485 50,
2053 5419 2103 5492 §,
2155 5417 2243 5474 54.

546 5488 647 5545 lib.
681 5508 757 5553 v1,
786 5487 912 5559 cap:
948 5491 1011 5541 13
1042 5492 1097 5542 et
1124 5487 1238 5543 l’i.‘
1284 5491 1326 5522 ‘5
1358 5490 1466 5553 ld.,
1502 5490 1633 5544 ibid.
1665 5490 1763 5543 lib.
1800 5507 1884 5561 ιιι,
1918 5487 2165 5561 οειρί24.
2195 5492 2285 5556 25,
2321 5496 2377 5545 et
2408 5492 2565 5545 alibi.
2646 5494 2689 5527 ⁵⁸
2721 5487 2981 5556 'I‘illem.,
3003 5490 3245 5546 Memoir.
3283 5487 3434 5557 βοείη
3468 5494 3613 5544 tom.
3652 5487 3693 5543 Ι.
3729 5494 3853 5544 not.
3885 5489 3935 5561 6,

548 5563 605 5616 in
637 5566 691 5613 S.
728 5560 976 5615 Barnab.
996 5602 1008 5623 ,

1086 5601 1096 5611 .
1129 5562 1253 5613 (358.
1281 5562 1321 5635 ‘7
1349 5561 1650 5635 scholam”
1686 5563 1858 5635 Dialr.
1892 5563 2193 5635 deductor.
2232 5564 2369 5617 Vers.
2408 5564 2545 5617 LXX
2577 5564 2723 5630 lnlt.,
2759 5580 2882 5635 cap.
2906 5566 2950 5635 7/1

2297 4726 2470 4790 venit,
2513 4723 2831 4796 Epistolam
2885 4728 3145 4778 nostram
3192 4722 3549 4778 Alexandria:
3594 4722 3653 4776 in
3706 4723 3947 4796 Egypto

2296 4812 2567 4869 extremis
2593 4811 2831 4867 Adriani
2862 4811 3249 4883 temporibus,
3276 4812 3347 4866 ab
3382 4809 3577 4881 aliquo
3609 4809 3826 4866 scholae
3856 4827 3946 4867 ca-

2296 4902 2586 4958 techeticze
2618 4900 3013 4956 Alexandrinae
3046 4901 3279 4956 doctore
3311 4900 3419 4955 sub
3451 4899 3732 4955 Barnsba
3757 4899 3944 4955 nomi-

2297 5008 2368 5046 ne
2401 4992 2579 5046 fuisse
2606 4990 2915 5045 confictam
2940 4989 3311 5060 5°.Moynium
3337 4992 3633 5060 praetereo,
3654 4987 3759 5059 qui
3792 4990 3942 5060 ejus-

2296 5081 2429 5135 dem
2462 5078 2729 5150 Epistolaa
2761 5087 3058 5133 auctorem
3092 5077 3305 5132 facitS.
3331 5076 3713 5150 Polycarpum
3746 5076 3943 5148 Smyr-

2298 5185 2539 5223 nensem
2569 5166 2986 5234 antistitem,eo
3018 5170 3252 5221 tantum
3281 5165 3516 5221 nomine
3548 5164 3793 5235 quodin
3826 5179 3942 5219 ma-

2324 5426 2365 5458 ”
2408 5419 2614 5477 Euseb.
2652 5421 2777 5476 nisi
2806 5419 2956 5490 ecclL,
2989 5416 3089 5474 lili.
3126 5433 3213 5484 ιιι,
3240 5435 3366 5490 cap.
3399 5416 3486 5474 25.
3564 5416 3610 5451 “
3640 5416 3751 5490 ζόη
3788 5414 3937 5490 ibid»

3004 5581 3058 5634 ρο
3100 5564 3217 5634 118-
3252 5561 3295 5634 ‘f‘
3342 5562 3673 5634 leavess-a
3702 5558 3936 5634 errand»

546 5608 615 5688 ξιῖι
638 5608 1275 5707 naggaixgjnﬁ,
1303 5608 2369 5706 is“."1‘e“ra‘n;z'a1‘,'apaanam?
2385 5608 2588 5692 ἡῑὶἑεῖ
2601 5608 2677 5707 ’ἕῖ
2690 5608 2971 5707 ’ἒῇξῖοΫ
3006 5608 3064 5669 '35
3096 5608 3323 5692 nassa
3342 5608 3813 5701 satisfiat.”
3822 5608 3938 5700 EH,

548 5708 689 5766 tom.
726 5702 823 5774 III,
856 5717 911 5774 p.
948 5700 1069 5771 173,
1106 5701 1228 5755 171..
