4090 6340
1585 423 2205 492 PROLEGOMENA.

3481 424 3602 491 690

183 558 510 634 nuscrlptis
530 557 831 617 codicibus
852 557 1831 634 lllacumPolycarpianajungatur,
1864 567 1919 628 Α
1951 560 2471 632 Rabbinorumque
2503 557 2778 632 malignis
2808 556 3345 632 interpretamentis
3366 575 3602 632 compa-

183 666 379 723 neque
399 650 577 720 hujus
601 649 777 705 finem
803 653 904 705 aut
926 650 1055 721 ejus
1075 648 1315 704 initium
1339 648 1691 721 exemplaria
1712 666 1837 719 quae

182 742 505 810 supersunt
542 737 871 794 exhibeant.
922 738 1085 804 Quod
1134 737 1373 809 quidem
1424 742 1836 808 argumentum

182 843 366 899 quam
424 825 725 881 inﬁrmum
777 825 855 881 sit
904 842 1201 897 quamque
1249 824 1442 893 inane,
1484 826 1837 896 jamdudum

182 916 667 971 demonstrarunt
696 914 938 979 Caveus,
972 912 1303 969 Tentzelius
1344 915 1410 981 δι,
1450 914 1771 985 Basnagius
1794 914 1838 947 ⁵³

182 1003 422 1074 aliique.
456 1003 700 1074 Ipseque
730 1003 980 1073 profecto
1021 1002 1290 1074 Moynius
1340 1003 1412 1057 ab
1462 1019 1528 1057 eo
1580 1002 1839 1073 urgendo

185 1090 592 1157 abstinuisset,
625 1092 673 1145 si
707 1090 923 1147 Usserii
955 1092 1130 1146 verba
1169 1090 1228 1145 in
1281 1091 1720 1163 praemonitione
1770 1091 1840 1145 de

182 1178 465 1235 Barnabas
497 1178 772 1249 Epistola,
797 1196 831 1233 a
853 1179 1078 1234 Joanne
1097 1178 1252 1235 Fello
1276 1180 1430 1235 edita
1451 1196 1517 1234 eo
1538 1178 1665 1251 ipso
1687 1196 1839 1234 anno

184 1284 304 1340 quo
336 1283 445 1322 sua
477 1270 653 1322 Varia
681 1283 840 1322 sacra
868 1266 1176 1340 evulgavit,
1202 1267 1391 1336 legere
1413 1267 1523 1323 sibi
1549 1266 1837 1322 licuisset:

185 1378 216 1407 ‹‹
250 1356 495 1427 Nempe,
526 1355 721 1427 inquit
749 1355 867 1421 ille,
898 1356 957 1411 in
1011 1357 1199 1427 primo
1253 1354 1568 1427 exemplari
1614 1372 1683 1411 ex
1729 1372 1840 1425 quo

183 1443 563 1502 Columnaaus
595 1443 693 1499 ille
723 1446 902 1500 codex
930 1445 1049 1516 (qui
1083 1447 1346 1499 omnium
1393 1449 1634 1516 putatur
1690 1443 1841 1498 anti-

185 1530 539 1604 quissimus)
572 1536 628 1586 et
658 1530 868 1602 reliqui
897 1532 998 1603 qui
1030 1536 1349 1603 supersunt
1380 1532 1553 1587 hodie
1584 1520 1721 1587 sunt
1750 1532 1840 1586 de-

184 1619 413 1691 scripti,
445 1618 821 1674 librariorum
852 1619 993 1674 vitio
1026 1620 1333 1689 quaternio
1364 1620 1454 1674 vel
1478 1620 1734 1674 omissus
1756 1617 1841 1674 vel

183 1707 584 1779 transpositus
614 1712 738 1763 est:
772 1708 946 1778 cujus
975 1707 1201 1763 defectu
1244 1708 1461 1762 factum
1510 1713 1620 1775 est,
1671 1712 1736 1762 ut
1781 1706 1840 1761 in

188 1796 405 1855 Graecis
425 1796 845 1868 superstitibus
862 1802 918 1851 et
941 1797 1117 1851 ﬁnem
1139 1796 1409 1868 Epistolas
1431 1796 1727 1868 Polycarpi
1748 1796 1843 1851 de-

186 1884 520 1942 sideremus
550 1890 608 1939 et
639 1884 992 1956 principium
1024 1885 1320 1939 Barnabas.
1345 1907 1374 1934 »
1420 1886 1583 1948 Quod
1626 1885 1675 1940 si
1714 1901 1843 1939 nec~

188 1975 335 2029 dum
370 1972 662 2029 sententia
687 1974 961 2029 decedere
992 1973 1295 2028 statuisset
1315 1973 1402 2027 vir
1424 1973 1710 2041 eruditus,
1735 1972 1847 2044 ipsi

191 2060 405 2121 saltem
436 2060 1020 2116 animadvertendum
1049 2064 1195 2127 erat,
1230 2061 1383 2132 apud
1418 2064 1731 2132 utrumque
1760 2078 1849 2115 ve-

194 2154 380 2205 terem
410 2148 788 2221 interpretem
822 2149 1143 2205 etiamnum
1168 2154 1391 2205 exstare
1414 2167 1547 2205 cum
1578 2149 1847 2221 Epistolas

189 2236 623 2310 Polycarpianae
655 2239 853 2307 finem,
913 2243 1041 2294 tum
1091 2255 1217 2310 quae
1270 2243 1359 2294 est
1411 2240 1687 2294 Barnabas
1737 2237 1847 2291 ini-

188 2327 366 2383 tium.

848 2468 1081 2523 CAPUT
1120 2468 1189 2523 ΙΙ.

228 2558 477 2615 Potiores
506 2557 834 2629 objectiones
863 2559 1179 2627 diluuntur,
1235 2572 1402 2627 eaque
1442 2557 1815 2628 potissimum,

401 2646 511 2699 qua
536 2629 698 2701 hujus
726 2629 997 2700 Epistotg;
1043 2630 1327 2699 integritas
1357 2629 1653 2699 impetitur.

264 2771 507 2840 Verum,
531 2768 625 2825 his
644 2768 869 2837 missis,
890 2769 1031 2841 quid
1054 2769 1296 2841 insuper
1325 2770 1574 2824 adversae
1620 2772 1851 2824 senten-

191 2861 289 2916 tia:
321 2859 555 2932 patroni
589 2859 879 2930 praecipue
896 2857 1193 2929 objiciunt,
1217 2857 1621 2930 inspiciamus.
1648 2859 1713 2912 Et
1735 2856 1850 2929 pri-

194 2964 366 3005 mum
398 2947 636 3019 quidem
670 2947 948 3002 Barnabas
968 2946 1671 3018 adjudicantEpistolam,
1696 2945 1851 3020 quod

196 3041 405 3093 auctor
435 3036 703 3108 quaedam
732 3034 958 3092 Veteris
979 3035 1333 3090 Testamenti
1356 3034 1481 3089 loca
1502 3035 1698 3090 minus
1721 3039 1851 3106 apte

194 3126 453 3198 allegata
475 3130 532 3180 et
562 3125 805 3196 mystice
834 3124 1012 3179 nimis
1043 3124 1324 3195 exposita,
1348 3124 1408 3177 in
1433 3123 1689 3178 medium
1716 3140 1849 3195 pro-

195 3216 398 3271 ducat.
422 3212 571 3269 Huic
595 3218 789 3268 autem
809 3211 1124 3282 ohjectioni
1154 3211 1345 3266 verbis
1376 3212 1726 3267 Hammondi
1752 3228 1850 3267 oc-

1950 654 2093 715 reat,
2128 648 2265 703 olim
2299 655 2494 704 tamen
2526 650 2760 720 quando
2785 650 2845 704 in
2874 649 3036 704 omni
3066 664 3361 722 synagoga
3390 649 3604 705 hebdo-

1950 738 2233 793 madatim
2265 754 2378 792 non
2411 736 2572 793 lectae
2604 742 2860 803 tantum,
2892 739 2993 793 sed
3027 743 3084 793 et
3115 744 3397 795 enarrata
3439 742 3604 794 erant

1951 828 2275 899 scripturae,
2310 827 2597 881 Midrasch
2633 827 2742 881 iste
2774 827 3058 898 mysticus
3088 827 3209 882 sive
3233 826 3601 899 evangelicus

1947 915 2175 970 Veteris
2200 914 2578 969 Instrumenti
2603 932 2836 985 sensus,
2860 932 2974 970 non
3000 914 3194 971 minus
3217 916 3491 971 omnibus
3514 914 3601 971 in-

1950 1003 2140 1059 notuit
2169 1020 2345 1073 quam
2376 1004 2499 1074 ipse
2539 1020 2701 1058 sacer
2748 1008 2939 1058 textus
2965 1021 2977 1070 ;
3012 1008 3068 1058 et
3090 1003 3328 1074 proinde
3350 1021 3465 1058 non
3488 1004 3600 1060 mi-

1950 1109 2060 1147 nus
2092 1092 2301 1147 idonea
2331 1092 2744 1162 suppeditabat
2773 1097 3119 1164 argumenta
3150 1093 3221 1147 ad
3252 1092 3596 1148 convincen-

1950 1181 2056 1235 dos
2072 1179 2327 1247 Judaeos,
2356 1196 2533 1250 quam
2555 1196 2622 1234 ea
2643 1196 2769 1251 qua
2793 1196 2861 1235 ex
2882 1179 3288 1235 disertissimis
3301 1196 3600 1235 sacrarum

1953 1268 2278 1323 litterarum
2310 1268 2547 1323 vocibus
2580 1268 2828 1323 fuissent
2868 1269 3182 1324 deducta...
3240 1269 3309 1323 Et
3358 1268 3409 1324 si
3456 1269 3602 1325 forte

1952 1355 2149 1427 aliqua
2180 1356 2333 1427 apud
2369 1361 2661 1411 auctorem
2698 1360 2965 1411 nostrum
2993 1360 3305 1411 occurrunt
3335 1356 3601 1428 quaelon-

1952 1445 2083 1516 gius
2115 1445 2293 1515 petita
2327 1445 2616 1511 videntur,
2651 1444 2751 1499 illa
2780 1445 2906 1516 ipsa
2937 1448 3037 1499 aut
3056 1461 3255 1499 eorum
3276 1444 3483 1500 saltem
3508 1461 3601 1500 ve-

1952 1532 2126 1603 stigia
2156 1533 2213 1586 in
2246 1532 2517 1603 Epistolis
2568 1532 2827 1587 Paulinis
2871 1532 3003 1604 quis
3026 1534 3236 1604 poterit
3276 1532 3599 1605 reperire.»

1954 1621 2243 1676 Hactenus
2274 1621 2387 1675 ille.
2424 1621 2569 1675 Hinc
2602 1622 2820 1675 factum
2853 1625 2918 1676 ut
2942 1638 3074 1676 cum
3097 1621 3235 1676 viris
3260 1622 3445 1677 doctis
3463 1638 3599 1677 con-

1952 1709 2208 1779 cludam,
2239 1709 2671 1765 vetustissimos
2702 1714 2961 1765 Patrum.
2984 1710 3336 1765 Clementem
3365 1709 3605 1766 Alexan-

1953 1798 2206 1865 drinam,
2241 1798 2571 1869 Origenem,
2603 1802 2841 1852 caeteros
2864 1798 2965 1869 qui
2998 1798 3313 1870 Epistolam
3336 1802 3600 1855 nostram

1952 1892 2233 1957 tanquam
2269 1886 2563 1941 sincerum
2598 1886 2872 1941 Barnabm
2910 1888 3091 1942 fetum
3123 1891 3468 1959 agnoscunt,
3514 1887 3604 1942 ni-

1958 1975 2039 2030 hil
2073 1976 2361 2030 absonum
2395 1975 2453 2028 in
2499 1976 2627 2045 ejus
2675 1975 3165 2044 enarrationibus,
3219 1975 3364 2030 nihil
3411 1976 3605 2031 detor-

1957 2068 2104 2133 tum,
2139 2074 2404 2118 coactum
2436 2062 2578 2117 nihil
2614 2063 2670 2116 in
2703 2064 2832 2133 ejus
2854 2062 3168 2135 allegoriis,
3192 2063 3337 2118 nihil
3362 2064 3610 2136 denique

1959 2153 2080 2207 viro
2113 2151 2431 2223 apostolico
2464 2151 2770 2223 indignum
2804 2150 2862 2205 in
2894 2168 2961 2206 ea
2993 2152 3317 2220 detexisse;
3351 2152 3612 2224 adeoque

1961 2239 2109 2295 nihil
2143 2241 2292 2310 quod
2329 2240 2455 2309 ejus
2486 2244 2710 2295 aetatem
2745 2257 2859 2294 non
2892 2240 3071 2294 ferat:
3108 2244 3171 2295 ut
3207 2241 3449 2312 proinde
3499 2243 3609 2295 mi-

1960 2329 2117 2384 nime
2149 2328 2423 2383 audiendi
2451 2327 2757 2383 videantur
2790 2327 3056 2384 nonnulli
3089 2328 3456 2396 recentiores,
3508 2328 3610 2400 qui

1962 2418 2030 2473 de
2049 2417 2195 2489 stylo
2226 2417 2578 2488 scriptorum
2598 2416 3051 2487 apostolicorum
3084 2416 3293 2472 melius
3316 2433 3494 2488 quam
3515 2432 3611 2473 eo-

1962 2506 2231 2561 rumdem
2264 2504 2557 2576 discipuli,
2592 2505 2807 2576 aliique
2837 2510 2938 2560 aut
2967 2505 3280 2577 synchroni
3326 2508 3427 2561 aut
3466 2522 3610 2578 sup-

1962 2611 2129 2666 pares
2160 2594 2449 2659 homines,
2471 2594 2816 2664 sejudicare
2838 2610 3010 2664 posse
3039 2594 3357 2648 confidunt.
3388 2595 3511 2660 Qua
3540 2590 3612 2649 de

1964 2700 2022 2738 re
2065 2682 2234 2754 plura
2262 2684 2403 2737 satis
2436 2683 2698 2753 apposite
2748 2682 2879 2737 aliis
2928 2683 3232 2738 observata
3277 2683 3428 2755 apud
3477 2683 3610 2739 Zor-

1963 2770 2126 2826 nium
2148 2772 2191 2805 ⁵⁵
2222 2771 2498 2842 reperias.

2032 2864 2290 2932 Pergunt
2322 2860 2659 2924 adversarii,
2684 2875 2869 2930 eaque
2902 2862 3174 2931 regerunt
3204 2875 3331 2930 quae
3363 2860 3433 2915 de
3473 2874 3610 2931 apo-

1962 2948 2127 3003 stolis
2185 2948 2452 3019 Epistolas
2518 2953 2722 3002 auctor
2758 2947 2852 3002 his
2901 2948 3093 3003 verbis
3141 2948 3485 3018 pronuntiat
3526 2949 3609 3004 ⁶⁶ε

1966 3037 2203 3107 Quando
2260 3041 2463 3101 autem,
2489 3036 2588 3105 ait,
2640 3035 2901 3104 apostolos
2944 3051 3065 3090 suos
3110 3035 3207 3106 qui
3252 3036 3615 3107 prmdicaturt

1960 3130 2122 3180 erant
2151 3126 2304 3179 illius
2331 3126 2696 3195 Evangetium
2724 3125 2886 3191 elegit
2923 3123 3170 3179 homines
3205 3126 3355 3179 omni
3390 3132 3610 3195 peccato

1962 3216 2264 3285 iniquiores
2297 3254 2309 3278 ,
2369 3209 2522 3272 ὄντας
2583 3211 2712 3285 ὑπὲρ
2768 3216 2938 3264 πᾶσαν
3007 3207 3271 3286 ἁμαρτίαν
3329 3210 3607 3282 ἀνομωτέ-

194 3318 435 3361 currere
465 3300 674 3373 placet,
707 3317 833 3372 quae
884 3301 968 3355 sic
1022 3317 1083 3356 se
1130 3300 1346 3355 habent
1394 3301 1478 3355 ‘3:
1531 3324 1558 3349 ‹‹
1591 3300 1849 3372 Apostoli
1881 3283 1923 3350 C
1965 3283 2109 3377 ρονές,
2142 3306 2204 3357 ut
2232 3300 2526 3356 ostenderet
2553 3283 2696 3371 quod
2726 3316 2835 3354 non
2867 3302 3014 3355 venit
3054 3283 3245 3354 vocare
3292 3300 3468 3371 justus
3514 3298 3609 3354 sed

196 3392 481 3448 Barnabaa
504 3406 631 3461 qua:
664 3406 775 3445 non
826 3389 908 3444 ita
935 3389 1162 3460 pridem
1209 3388 1425 3460 prodiit
1462 3388 1739 3460 Epistula,
1786 3406 1855 3445 ex

195 3481 309 3536 hoc
326 3494 446 3534 uno
463 3478 874 3533 Gnosticorum
900 3477 1229 3531 charactere
1254 3477 1557 3532 commode
1579 3477 1853 3549 explicari

197 3568 448 3643 poterit;
472 3567 639 3633 alias,
664 3570 726 3621 ut
746 3565 1162 3637 complicatum
1188 3569 1244 3620 et
1265 3565 1555 3637 prolixum
1581 3566 1851 3639 aenigma,

196 3656 602 3714 certissimam
633 3654 944 3709 lectoribus
976 3669 1207 3708 crucem
1232 3654 1477 3708 factura.
1504 3655 1607 3708 Isti
1637 3656 1855 3727 quippe

195 3745 465 3802 Simonis
495 3741 750 3809 asseclae,
788 3744 1003 3815 γνῶσιν,
1060 3742 1115 3795 id
1164 3745 1272 3809 est,
1323 3742 1629 3813 Scripturas
1678 3760 1853 3798 sacrae

200 3832 453 3907 mystice
483 3832 933 3902 interpretanda
967 3829 1303 3885 facultatem
1336 3830 1449 3885 sibi
1494 3837 1853 3903 arrogantes,

200 3922 398 3978 multa
420 3920 645 3976 Veteris
665 3919 1021 3975 Testamenti
1045 3919 1320 3990 mysteria
1340 3920 1409 3974 ad
1429 3918 1690 3991 impuros
1715 3937 1858 3975 usus

200 4027 347 4067 suos
405 4008 994 4065 accommodabant...
1044 4006 1189 4061 Hinc
1236 4006 1533 4062 Barnabas
1582 4006 1690 4061 hac
1742 4010 1859 4063 fere

202 4100 484 4155 universa
532 4095 796 4168 Epistola
848 4112 976 4162 sua,
1032 4095 1259 4171 Veteris
1316 4095 1695 4150 Instrumenti
1734 4094 1859 4150 loca

202 4185 669 4260 quamplurima,
689 4183 935 4256 mystice
959 4183 1133 4239 etiam
1157 4187 1214 4239 et
1233 4182 1565 4239 cabalistice
1577 4184 1856 4255 exposita,

203 4274 619 4333 Gnosticorum
653 4271 935 4328 doctrinis
968 4271 1227 4343 opponit.
1251 4291 1277 4324 ι
1312 4272 1662 4326 Hammondi
1684 4272 1860 4327 vesti-

202 4366 322 4438 giis
344 4363 627 4419 insistens
656 4361 915 4417 Joannes
946 4360 1139 4416 Fellus
1158 4360 1241 4413 “z
1276 4380 1302 4411 ε
1340 4360 1598 4430 Constat,
1648 4360 1857 4431 inquit,

206 4450 534 4526 Epistolam
566 4449 738 4520 hanc,
766 4465 893 4521 quea
925 4449 1041 4504 fere
1071 4453 1195 4505 tota
1223 4453 1311 4503 est
1341 4450 1399 4503 in
1432 4450 1749 4520 Synagogae
1790 4448 1862 4502 ri—

205 4543 373 4597 tibus
405 4543 463 4595 et
492 4554 794 4596 sacrarum
827 4538 1264 4609 Scripturarum
1298 4538 1563 4609 mysticis
1589 4538 1860 4592 sensibus

1957 3395 2280 3463 peccatores
2308 3390 2381 3444 ad
2408 3390 2823 3460 paenitentiam;
2858 3396 2989 3442 tunc
3013 3388 3203 3459 palum
3233 3389 3361 3457 fecit
3388 3404 3445 3441 se
3493 3404 3609 3442 esse

1962 3482 2166 3534 Filium
2196 3480 2314 3533 Dei.
2347 3478 2485 3542 Quis
2505 3481 2699 3531 autem
2735 3477 2951 3543 credat,
2974 3475 3269 3547 inquiunt,
3294 3475 3607 3547 apostolos,

1963 3568 2271 3624 hominum
2293 3565 2699 3637 iniquissimos
2722 3569 2777 3619 et
2804 3582 2968 3635 super
2995 3581 3151 3620 omne
3178 3572 3454 3636 peccatum
3479 3581 3609 3637 pec-

1963 3665 2193 3719 catores,
2226 3672 2259 3708 a
2291 3654 2556 3708 Barnaba
2586 3653 2768 3708 fuisse
2804 3657 3040 3708 vocatos
3061 3653 3087 3707 ?
3129 3652 3433 3724 Simplices
3476 3652 3612 3723 qui-

1965 3746 2097 3800 dem
2130 3744 2326 3809 rudes,
2360 3742 2661 3813 imperitos
2686 3745 2862 3812 atque
2884 3740 3151 3795 homines
3174 3741 3464 3795 interdum
3489 3756 3612 3796 ma-

1966 3833 2053 3889 los
2087 3832 2268 3886 fuisse
2300 3830 2430 3885 illos
2460 3830 2519 3883 in
2554 3828 2735 3884 sacris
2765 3828 2971 3883 litteris
3001 3828 3289 3900 legimus;
3322 3832 3382 3883 at
3413 3844 3612 3899 pecca-

1966 3926 2119 3977 tores
2141 3920 2403 3974 omnium
2426 3918 2714 3973 maximos
2738 3934 2836 3973 eos
2859 3917 3149 3973 exstitisse
3172 3933 3285 3971 non
3332 3916 3604 3987 legimus.

2038 4008 2260 4071 Quibus
2296 4008 2549 4079 primum
2587 4022 2655 4061 ex
2683 4006 2941 4061 virorum
2974 4004 3447 4060 doctissimorum
3477 4019 3612 4059 sen-

1968 4096 2149 4152 tentia
2172 4095 2533 4167 reponimus,
2551 4093 2693 4147 nihil
2715 4094 2771 4147 in
2795 4092 3110 4163 Scripturis
3133 4108 3433 4147 occurrere
3453 4090 3609 4162 quod

1969 4186 2104 4241 huic
2135 4185 2410 4239 Barnabas
2443 4183 2595 4238 dicto
2629 4185 2928 4253 repugnet.
2954 4180 3171 4236 Deinde
3191 4196 3322 4234 vero
3345 4180 3485 4251 quid
3509 4180 3610 4236 ob-

1971 4278 2085 4329 stat
2116 4274 2255 4345 quin
2291 4272 2417 4341 ejus
2448 4272 2621 4325 verba
2653 4270 2735 4325 sic
2766 4270 3144 4340 accipiantur,
3178 4272 3244 4323 ut
3275 4267 3419 4323 nihil
3451 4267 3609 4324 aliud

1972 4365 2201 4427 sonent,
2227 4377 2400 4431 quam
2425 4357 2719 4429 apostolos
2742 4362 3055 4429 antequam
3078 4357 3613 4428 vocarentur,plura

1972 4456 2027 4505 et
2056 4450 2250 4520 gravia
2282 4448 2516 4519 quidem
2540 4461 2807 4517 peccasse
2825 4445 2852 4499 ‘I
2870 4446 2928 4499 Id
2958 4462 3097 4500 sane
3119 4445 3189 4500 de
3216 4444 3486 4501 Matthaao
3511 4461 3615 4515 pu-

1972 4539 2199 4593 blicano
2231 4539 2484 4601 constat;
2520 4536 2574 4588 id
2601 4550 2832 4604 quoque
2853 4534 2922 4587 de
2944 4532 3206 4605 apostolo
3254 4532 3455 4599 Paulo,
3486 4532 3608 4602 qui,

206 4627 566 4694 evolvendis,
600 4627 670 4681 ad
702 4625 871 4681 rudis
901 4625 1056 4697 vulgi
1086 4631 1319 4697 captum
1354 4625 1551 4681 minus
1581 4642 1709 4680 esse
1768 4642 1862 4680 ac-
1893 4637 1937 4701 D
1971 4632 2035 4682 ut
2065 4627 2311 4698 ipsemet
2343 4626 2412 4678 de
2443 4640 2503 4678 se
2535 4623 2739 4677 scribit
2757 4623 2819 4689 ⁵⁷,
2849 4624 3006 4694 prius
3041 4621 3394 4692 blasphemus
3419 4622 3529 4691 fuit
3555 4623 3612 4673 et

206 4716 684 4782 commodatum;
719 4718 775 4769 et
800 4712 1042 4785 proinde
1070 4713 1383 4769 verisimile
1413 4718 1524 4781 est,
1547 4732 1579 4768 a
1618 4713 1861 4769 lectione

206 4807 344 4878 ejus
370 4804 611 4878 publica
636 4803 952 4859 Ecclesiam
986 4807 1119 4874 post
1147 4808 1383 4874 tempus
1406 4803 1641 4874 aliquod
1678 4804 1862 4857 absti-
1889 4828 1898 4837 -

206 4896 488 4953 nuisse...
519 4893 640 4949 Hoc
669 4908 801 4949 vero
827 4892 1072 4947 ﬁdenter
1091 4891 1357 4960 dixerim,
1374 4891 1689 4963 Epistolam
1714 4891 1864 4946 hanc

203 4999 330 5057 quo
362 4980 620 5054 penitius
648 4980 1022 5051 intelligatur,
1056 4996 1121 5035 eo
1151 4980 1533 5051 acceptiorem
1584 4981 1863 5045 futuram,

202 5078 267 5129 et
288 5072 365 5127 ad-
388 5085 686 5126 sacrarum
714 5068 1044 5123 litterarum
1062 5084 1165 5123 nec
1180 5084 1293 5122 non
1316 5069 1864 5139 antiquissimorum

199 5166 455 5217 Patrum
469 5158 860 5230 cognitionem
875 5156 1191 5229 plurimum
1208 5157 1864 5229 tacturam.Quanquam

200 5250 369 5308 enim
392 5252 712 5321 perpetuus
739 5246 964 5301 Veteris
988 5247 1366 5301 Instrumenti
1394 5248 1464 5301 ad
1489 5247 1761 5302 Messiam
1786 5263 1868 5300 re-

203 5341 452 5411 spectus
484 5335 656 5392 nobis
714 5334 880 5406 quasi
939 5350 1043 5405 per
1092 5339 1471 5389 transennam
1521 5351 1589 5389 ex
1632 5334 1865 5391 Cbaldei

202 5424 626 5497 Paraphrastis
658 5422 975 5489 striaturis,
1001 5422 1354 5494 scriptorum
1386 5422 1865 5478 Talmudicorum

286 5587 330 5623 ⁸1
364 5582 648 5648 Tentzel.,
682 5584 921 5638 Exercit.
974 5583 1179 5647 setect.,
1228 5586 1379 5652 part.
1435 5599 1474 5649 ι,

1970 4722 2278 4788 persecutor
2307 4717 2355 4767 et
2384 4711 2802 4767 contumeliosus
2820 4728 2840 4771 ;
2863 4711 3121 4782 quinque
3143 4709 3402 4780 seipsum
3420 4706 3614 4780 appel-

1972 4804 2053 4859 lat
2079 4806 2420 4875 peccatorum
2448 4802 2709 4871 primum,
2743 4799 2827 4853 sic
2875 4798 3147 4868 inquiens
3188 4813 3201 4851 :
3234 4794 3458 4871 Χριστὸς
3507 4795 3612 4864 Ἰη-

1974 4895 2099 4951 σοῦς
2158 4887 2322 4957 ἦλθεν
2376 4887 2449 4947 εἷς
2494 4887 2584 4939 τὸν
2634 4884 2837 4957 κόσμον
2890 4881 3249 4960 ἁμαρτωλοὺς
3297 4886 3486 4955 σῶσαι,
3538 4882 3610 4934 ὧν

1973 4978 2188 5055 πρῶτός
2224 4976 2334 5049 εἶμι
2368 4974 2496 5049 ἐγώο
2532 4992 2643 5046 quo
2668 4975 2812 5029 forte
2839 4975 2897 5029 in
2932 4972 3137 5045 primis
3180 4971 3430 5044 respexit
3477 4976 3614 5027 Bar-

1974 5070 2177 5129 nabas,
2212 5067 2475 5136 ejusdem
2529 5062 2688 5118 Pauli
2740 5057 3091 5132 συνέκδημος,
3132 5061 3272 5114 dum
3323 5058 3617 5131 apostolos

1975 5158 2317 5229 priusquam
2352 5154 2721 5224 eligerentur,
2755 5149 3019 5204 homines
3066 5154 3231 5203 vocat
3275 5142 3430 5207 ὄντας
3482 5145 3616 5219 ὑπὲρ

1973 5251 2141 5298 πᾶσαν
2176 5241 2434 5316 ἁμαρτίαν
2468 5238 2861 5312 ἀνομωτὲρους·
2898 5254 3084 5308 neque
3113 5236 3269 5292 enim
3292 5235 3617 5308 quidquam

1977 5350 2083 5389 nos
2115 5332 2288 5403 cogit,
2322 5335 2388 5385 ut
2412 5331 2480 5384 de
2512 5328 2785 5383 omnibus
2816 5331 2873 5381 et
2892 5325 3141 5397 singulis
3166 5324 3445 5396 apostolis
3465 5323 3521 5378 id
3545 5324 3617 5378 ab

1977 5438 2043 5477 eo
2089 5422 2309 5475 dictum
2342 5416 2757 5487 intelligamus.
2792 5413 2936 5481 Quid
2972 5414 3232 5484 quaeris?
3276 5418 3429 5468 Duos
3450 5411 3618 5467 lucu-

1204 5653 1207 5656 ν
1227 5586 1379 5660 part.
1435 5599 1498 5660 1,”,
1513 5598 1575 5660 Ρ.
1596 5582 1745 5660 Δ152.
1760 5584 1848 5660 .-.εξ

1964 5578 2589 5660 .snag.,{liznc1_l.lio'lz't.
2632 5574 2783 5660 ef'cL,
2818 5573 3013 5660 adﬂari".
3045 5572 3133 5639 50,
3168 5572 3309 5660 §§7.
3358 5572 3401 5605 ⁵³
3446 5572 3619 5625 llam-

213 5656 448 5723 mond.,
478 5657 705 5711 Dissert.
744 5671 786 5721 ι,
819 5669 943 5726 cap.
970 5655 1112 5726 j,§§
1141 5650 1279 5726 4,5,
1308 5670 1438 5725 pag.
1472 5650 1563 5719 2‘2,
1592 5655 1681 5708 23.
1760 5655 1804 5726 ‘3‘
1832 5652 1995 5726 Fell.,
2028 5652 2245 5726 praefat.
2294 5650 2362 5705 ad
2408 5650 2590 5718 Epist.
2638 5651 2805 5701 Barn.

2886 5644 2929 5677 ⁵⁵
2973 5644 3162 5712 Zorn.,
3211 5644 3402 5715 Opusc.
3451 5659 3625 5710 soon,

214 5734 367 5787 tom.
402 5718 446 5793 Ι.
480 5743 537 5799 p.
564 5727 670 5782 648
700 5718 822 5796 seq.
890 5718 941 5759 ’⁵⁸
969 5718 1139 5781 Bern.
1166 5718 1615 5795 Epist.,'cap.5.
1692 5726 1732 5759 ⁵⁷
1764 5725 1785 5780 Ι
1815 5726 1851 5779 Ἰ

2000 5718 2045 5791 1,
2068 5724 2155 5791 l3,
2192 5724 2276 5778 15.
