4118 6340
503 360 616 427 691

1674 365 1742 428 S.
1785 360 2208 427 BARNABAS
2251 359 2738 429 APOSTOLUS.

3791 366 3914 430 692

497 495 856 556 lentissimos
885 497 1064 571 hujus
1096 514 1130 555 a
1153 497 1417 555 Barnaba
1447 496 1685 571 prolatae
1717 497 2015 554 sententiae
2040 515 2138 569 pa-
2172 497 2227 562 Α
2263 501 2411 560 rant,
2447 514 2584 552 suas
2615 500 2844 553 tantum
2887 496 3338 570 conjectationes
3385 497 3563 556 nullis
3615 499 3914 558 rationum

497 593 722 655 tronos,
743 588 1049 660 Origenem
1081 591 1138 642 et
1168 587 1607 660 Hieronymum,
1642 588 1699 642 in
1732 591 2004 659 promptu
2042 587 2148 641 ha-

499 675 729 732 bemus.
765 674 864 730 Ille
900 674 1122 729 scilicet
1161 679 1363 729 contra
1392 674 1621 729 Celsum
1653 675 1983 746 disputans,
2017 675 2152 729 Bar-

502 765 666 820 nabas
697 763 920 818 dictum
946 763 1193 818 fortasse
1223 762 1620 834 arripientem,
1651 780 1764 833 quo
1785 765 2022 834 infames
2050 763 2149 819 ho-

502 854 676 909 mines
705 853 875 922 fuisse
903 853 1184 923 apostolos,
1213 853 1542 923 publicanos
1577 861 1626 908 et
1656 857 1854 907 nautas
1883 854 2150 924 nequissi-

503 959 642 1010 mos,
687 943 922 1009 diceret,
954 941 1074 995 haec
1121 941 1297 996 habet
1325 942 1403 994 53:
1438 941 1497 992 Τί
1547 938 1636 993 οὖν
1691 941 1910 1010 ἄτοπον,
1949 938 2151 1013 βουλὸ-

510 1050 664 1100 μενον
710 1035 1047 1103 παραστῆσαι
1107 1033 1185 1098 τῷ
1230 1027 1369 1102 γένει
1415 1033 1522 1082 τῶν
1560 1028 1856 1101 ἀνθρώπιον
1901 1027 1992 1082 τὸν
2045 1031 2150 1097 Ἰη-

507 1123 656 1187 σοδνν
697 1115 973 1186 ὁπηλίκην
1023 1115 1139 1190 ἔχει
1188 1119 1380 1190 ψυχῶν
1436 1116 1702 1191 ἰατρικὴν,
1750 1116 1874 1177 τοὺς
1933 1116 2153 1192 innit-

503 1228 634 1266 τους
703 1205 790 1259 καὶ
867 1203 1272 1279 πονηροτάτους
1344 1204 1707 1276 ἐπιλέξασθαι,
1767 1206 1853 1258 καὶ
1927 1205 2150 1266 τούτους

504 1300 830 1370 προαγαγεῖν
887 1293 972 1346 ἐπὶ
1035 1298 1314 1359 τοσοῦτον,
1366 1292 1489 1346 ὥστ’
1556 1293 1748 1354 αὐτοὺς
1814 1291 2153 1369 παράδειγμα

507 1383 638 1438 εἶναι
685 1380 854 1450 ἤθους
904 1380 1288 1455 καθαρωτάτου
1333 1387 1450 1442 τοῖς
1501 1379 1568 1435 δι’
1607 1382 1780 1436 αὐτῶν
1813 1381 2155 1457 προσαγομέ-

507 1493 624 1532 νοις
674 1475 752 1542 τῷ
810 1474 1042 1545 Χριστοῦ
1096 1469 1436 1544 Εὐαγγελίῳ.
1525 1472 1666 1540 Quid
1737 1489 1862 1543 ergo
1930 1473 2156 1528 absurdi

509 1566 593 1618 est
618 1563 668 1616 si
694 1562 847 1617 Jesus
885 1559 1160 1615 ostendere
1213 1560 1393 1614 volens
1450 1562 1686 1616 humano
1735 1563 1943 1630 generi,
1992 1579 2159 1632 quam

511 1650 759 1722 efﬁcacia
788 1649 898 1704 sint
927 1665 1046 1718 qua:
1074 1649 1276 1703 morbis
1307 1650 1622 1704 animarum
1643 1649 1866 1706 adhibet
1895 1651 2156 1717 remedia,

514 1738 762 1813 infames
781 1741 831 1793 et
857 1738 1214 1807 nequissimos
1236 1739 1487 1806 elegerit,
1513 1738 1741 1808 illosque
1751 1755 1810 1794 eo
1829 1741 2158 1809 provexerit,

2261 586 2574 640 momentis
2602 586 2831 642 innixas
2871 586 2976 642 tibi
3026 589 3371 644 obtrudunt.
3416 589 3479 644 In
3527 589 3735 662 primis
3777 607 3914 648 vero

2260 673 2643 744 posteriorem
2675 675 2950 746 Epistolas
2966 681 3191 747 partem
3209 678 3634 752 parteneticam,
3659 684 3917 750 quatuor

2261 763 2576 832 postremis
2607 763 2896 834 capitibus
2930 766 3089 818 18-21
3126 770 3516 833 constantem,
3549 766 3721 839 plane
3781 770 3916 825 sub-

2261 849 2512 905 dititiam
2544 867 2670 907 esse
2720 853 3097 908 contendunt.
3141 854 3391 926 Jamque
3440 856 3918 928 interpolamenti

2262 938 2682 1008 suspicionem,
2716 957 2749 994 a
2775 941 2989 996 coactis
3019 940 3314 1013 allegoriis
3345 943 3596 1015 aliisque
3622 945 3918 1017 capitibus

2263 1026 2526 1096 petitam,
2561 1029 2732 1084 modo
2763 1029 2906 1083 satis
2937 1029 3260 1085 diluimus:
3299 1048 3453 1087 nunc
3485 1049 3618 1088 vero
3661 1035 3733 1089 ad
3767 1033 3919 1090 illud

2263 1116 2624 1186 praecipuum
2655 1117 2726 1172 de
2755 1118 3153 1174 additamenta
3184 1120 3338 1190 quod
3367 1121 3660 1193 objicitur,
3694 1123 3918 1195 stylum

2263 1204 2677 1260 convertimus.
2697 1205 2813 1260 Nec
2835 1206 3038 1261 multis
3057 1206 3292 1278 quidem
3316 1225 3488 1280 opus,
3527 1227 3645 1281 qua
3668 1212 3919 1267 evanida

2263 1291 2563 1347 evincatur
2585 1293 2998 1364 interpellatio.
3023 1295 3286 1352 Clemens
3307 1314 3564 1368 namque
3575 1299 3828 1355 Alexand
3839 1301 3918 1354 ri-

2264 1397 2376 1434 nus
2397 1379 2590 1436 locum
2621 1381 2827 1437 recitat
2855 1400 2923 1439 ex
2954 1384 3218 1456 Epistolas
3242 1391 3452 1441 nostris
3475 1388 3663 1458 capite
3684 1388 3916 1446 ultimo.

2265 1467 2622 1539 descriptum
2676 1469 2835 1526 hisce
2893 1472 3080 1527 verbis
3137 1473 3218 1528 ‘3:
3281 1471 3500 1545 Ἀμέλει
3555 1480 3830 1547 μυστικῶς
3891 1477 3919 1530 ὁ

2267 1551 2562 1628 Βαρνάϐας·
2624 1557 2680 1608 Ὀ
2739 1554 2796 1611 δὲ
2857 1559 2984 1620 Θεὸς
3038 1560 3065 1613 ὁ
3123 1564 3220 1614 τοῦ
3275 1561 3476 1624 παντὸς
3529 1562 3738 1634 κόσμου
3823 1586 3923 1619 κυ-

2270 1642 2483 1718 ριεύων,
2542 1666 2694 1722 φησι,
2756 1643 2870 1718 δῴη
2935 1647 3061 1720 ὑμῖν
3121 1648 3329 1724 σοφίαν,
3382 1670 3434 1706 κ.
3485 1671 3535 1707 τ.
3587 1648 3642 1708 λ,
3702 1655 3926 1727 Mystioe

2267 1735 2504 1804 profecto
2533 1736 2823 1791 Barnabas
2845 1755 2863 1791 :
2891 1738 3029 1793 Deus
3057 1739 3155 1809 qui
3184 1741 3439 1796 universo
3495 1741 3699 1797 mundo
3743 1742 3924 1798 domi-

515 1837 576 1884 ut
601 1827 919 1898 purissimae
949 1827 1076 1880 vitm
1121 1826 1432 1895 exemplum
1479 1830 1650 1881 essent
1695 1829 1784 1896 iis,
1833 1829 1930 1899 qui
1975 1844 2163 1883 eorum
2192 1856 2239 1919 B
2269 1825 2456 1889 natur,
2490 1821 2704 1894 inquit,
2728 1824 2813 1880 det
2841 1827 2990 1880 vobis
3015 1829 3368 1898 sapientiam,
3396 1850 3424 1877 ››
3481 1834 3590 1886 etc.
3643 1829 3929 1903 Origenes

518 1916 823 1972 ministerio
854 1914 924 1968 ad
949 1913 1315 1983 Evangelium
1346 1914 1558 1970 Christi
1586 1915 2036 1971 adducerentur?
2067 1915 2161 1970 Vi-

521 2006 635 2060 den
667 2003 1012 2080 Origenem,
1027 2002 1217 2056 virum
1251 2001 1416 2056 illum
1449 2001 1618 2074 longe
1641 2004 2069 2072 doctissimum,
2105 2005 2163 2058 in

521 2110 636 2165 quo
670 2096 822 2147 tanta
855 2092 932 2145 vis
959 2091 1192 2158 ingenii,
1225 2094 1340 2145 tam
1365 2092 1652 2162 prof-undi,
1684 2095 1799 2146 tam
1835 2094 2002 2159 acris,
2053 2101 2166 2148 tam

518 2181 811 2250 elegantis,
845 2185 904 2233 ut
931 2194 1118 2232 omnes
1157 2194 1299 2249 pene
1338 2181 1578 2234 multum
1627 2181 1892 2252 longeque
1937 2199 2166 2253 supera-

522 2280 603 2326 ret
633 2271 706 2339 I‘9;
731 2267 1059 2339 Origenem,
1092 2267 1355 2337 inquam,
1391 2267 1537 2321 nihil
1559 2268 1761 2323 absoni
1786 2269 1921 2324 huic
1939 2273 2168 2325 senten-

524 2359 621 2414 tim
648 2357 864 2421 inesse,
899 2353 1045 2410 nihil
1079 2355 1343 2409 Barnaba
1368 2355 1594 2426 indigni
1615 2357 1912 2412 censuisse
1933 2358 1960 2412 ?

600 2445 801 2516 Neque
831 2443 1000 2499 aliter
1027 2443 1086 2498 S.
1119 2443 1525 2514 Hieronymus,
1559 2444 1658 2515 qui
1699 2443 2023 2517 Pelagianis
2070 2446 2176 2500 0b-

529 2533 664 2608 jicit
692 2532 955 2588 eamdem
987 2531 1259 2586 Barnabas
1281 2532 1631 2587 sententiam
1649 2534 1713 2602 5°,
1736 2532 1868 2588 licet
1887 2534 2177 2589 memoriae

533 2622 711 2694 lapsu
757 2619 919 2676 illam
972 2620 1192 2691 Ignatio
1238 2619 1473 2691 martyri
1523 2621 1778 2689 tribuat;
1833 2625 2182 2694 tantumque

539 2713 706 2768 abest
737 2723 800 2765 ut
830 2725 959 2764 eam
989 2707 1076 2764 vel
1123 2707 1323 2763 leviter
1369 2713 1545 2778 notet,
1597 2715 1659 2763 ut
1708 2710 1959 2765 maxime
2004 2712 2180 2766 etiam

539 2799 732 2872 ipsam
763 2815 831 2853 ex
863 2795 1173 2852 Psalmista
1199 2797 1243 2831 ⁶¹
1277 2797 1652 2864 conﬁrmans,
1687 2797 1770 2852 sic
1800 2799 2037 2853 tandem
2058 2815 2187 2869 gra-

539 2887 690 2944 viter
717 2885 917 2942 statim
971 2883 1313 2940 concludat:
1367 2885 1571 2952 Quibus
1617 2887 1939 2941 testimoniis
1981 2887 2031 2941 si
2076 2903 2186 2943 non

543 2977 717 3032 uteris
745 2975 814 3030 ad
843 2974 1240 3039 auctoritatem,
1275 2977 1430 3028 utere
1456 2975 1650 3028 saltem
1679 2974 1750 3028 ad
1777 2976 2184 3044 antiquitatem,

542 3065 675 3137 quid
704 3079 887 3119 omnes
916 3061 1275 3116 ecclesiastici
1302 3063 1413 3115 viri
1439 3063 1725 3117 senserint.
1754 3067 1929 3118 Porro
1969 3064 2186 3119 utrius-

541 3169 654 3224 que
675 3149 1007 3208 testimonio
1037 3149 1151 3204 vim
1186 3150 1394 3204 addere
1416 3150 1642 3205 videtur
1655 3151 1712 3205 S.
1733 3151 1987 3207 Joannes
2008 3151 2184 3223 Chry-

540 3215 835 3298 sostomus
860 3257 873 3306 ;
906 3239 1076 3310 cujus
1105 3238 1280 3292 verba
1309 3237 1445 3293 licet
1473 3239 1544 3292 de
1571 3238 1693 3294 solo
1710 3240 1970 3310 apostolo
2004 3215 2183 3296 Paulo
2216 3215 2258 3280 Ο

540 3331 874 3394 efferantur,
910 3328 1056 3382 mire
1088 3332 1280 3382 tamen
1308 3329 1380 3381 ad
1415 3331 1668 3382 mentem
1718 3328 1994 3383 Barnabaa
2043 3347 2185 3401 qua-

542 3419 732 3483 drare,
766 3433 957 3485 nemo,
1013 3420 1076 3469 ut
1124 3413 1350 3486 Opinor,
1397 3414 1528 3470 ierit
1576 3415 1822 3470 inﬁcias.
1875 3417 1968 3472 Sic
2010 3417 2189 3489 igitur

542 3505 638 3560 ille
666 3507 751 3558 ⁸³2
803 3503 900 3556 ‘Av
951 3501 1128 3556 τοίνυν
1180 3501 1310 3576 λέγῃ
1348 3522 1454 3567 τις,
1488 3501 1571 3556 ὅτι
1600 3509 1758 3556 πᾶσιν
1790 3504 2000 3580 ἀφεῖναι
2062 3503 2190 3580 βού-

544 3589 694 3645 λεται
727 3592 754 3644 ὁ
791 3587 1064 3663 βασιλεὺς,
1097 3588 1202 3664 οὐχ
1234 3588 1376 3643 οὕτω
1406 3589 1749 3644 πιστεύσουσι
1776 3596 1854 3662 τῷ
1885 3591 2058 3666 λόγῳ,
2082 3589 2187 3654 ἕως

543 3678 602 3734 ἃν
633 3676 786 3733 ἴδωσι
836 3678 925 3732 τὸν
958 3679 1169 3731 πάντων
1202 3675 1531 3754 φαυλότερον
1564 3678 1737 3732 αὐτῶν
1767 3680 1960 3734 τούτου
1988 3681 2190 3755 τυχόν-

539 3787 625 3823 τα·
659 3767 758 3822 οὐκ
816 3764 923 3820 ἔστι
981 3767 1084 3840 γὰρ
1144 3763 1334 3819 λοιπὸν
1395 3762 1823 3841 ἀμφισϐήτησις.
1879 3773 2048 3822 Τοῦτο
2100 3771 2188 3824 καὶ

540 3855 756 3918 Παῦλός
805 3876 986 3933 φησιν,
1020 3853 1101 3907 ὅτι
1155 3851 1488 3928 βουλόμενος
1522 3855 1550 3907 ὁ
1581 3855 1708 3916 Θεὸς
1767 3853 2186 3933 πληροφορῆσαι

536 3945 666 4007 τοὺς
717 3945 1057 4020 ἀνθρώπους,
1090 3941 1171 3996 ὅτι
1221 3939 1392 3996 πάντα
1443 3942 1624 4004 αὐτοῖς
1674 3943 1884 4020 ἀφίησι,
1917 3945 2008 3998 τὸν
2059 3948 2188 3999 πάν-

536 4055 644 4088 των
702 4030 1154 4107 ἀμαρτωλότερον
1211 4029 1406 4086 εἵλετο.
1466 4034 1529 4088 Si
1581 4035 1706 4104 quis
1779 4050 1907 4102 ergo
1985 4035 2190 4092 dixerit

539 4125 675 4180 velle
705 4140 891 4192 regem
918 4123 1169 4177 omnibus
1195 4123 1408 4176 veniam
1438 4121 1590 4190 dare,
1620 4138 1732 4177 non
1752 4126 1867 4176 tam
1882 4124 2052 4190 facile
2070 4141 2186 4179 cre-

540 4213 688 4278 dent,
724 4212 890 4266 donec
916 4212 1153 4266 viderint
1181 4212 1435 4265 omnium
1466 4211 1933 4281 improbissimum
1970 4214 2190 4267 veniam

543 4303 921 4356 consecutum:
954 4300 1112 4354 nulla
1151 4301 1304 4353 enini
1357 4304 1549 4369 postea
1587 4299 1850 4355 dubitatio
1895 4304 2185 4372 supererit.

543 4391 651 4445 Hoc
677 4393 730 4444 et
757 4389 968 4443 Paulus
995 4388 1167 4442 dicit:
1199 4387 1338 4458 quod
1365 4404 1558 4458 nempe
1596 4389 1781 4444 volens
1816 4393 1958 4444 Deus
2007 4392 2185 4446 homi-

540 4495 637 4533 nes
665 4479 923 4532 certiores
951 4477 1151 4547 facere,
1184 4475 1323 4546 quod
1351 4477 1536 4530 omnia
1565 4477 1684 4531 illis
1722 4478 2008 4549 condonet,
2059 4496 2186 4534 eum

2271 1910 2408 1964 item
2438 1912 2629 1966 verbis
2659 1912 3090 1981 disertissimis,
3118 1920 3176 1971 et
3202 1916 3439 1988 quidem
3471 1918 3702 1974 duobus
3733 1919 3790 1974 in
3840 1920 3934 1976 lo-

2272 1998 2356 2053 cis
2385 1999 2452 2065 “,
2485 1999 2756 2054 Barnabas
2787 2003 3135 2058 sententiam
3181 2004 3382 2059 laudat
3423 2007 3491 2061 de
3537 2007 3751 2063 duabus
3797 2010 3927 2076 viis,

2275 2103 2405 2157 quae
2434 2087 2491 2141 in
2539 2088 2666 2158 ejus
2725 2089 2991 2160 Epistolas
3039 2090 3227 2162 capite
3276 2092 3348 2147 48
3391 2095 3679 2151 occurrit:
3724 2097 3932 2152 Eadem

2277 2191 2503 2245 quoque,
2537 2175 2745 2248 inquit,
2794 2179 3076 2234 Barnabas
3123 2182 3184 2235 in
3223 2183 3470 2252 Epistola
3515 2200 3614 2238 sua
3659 2185 3927 2252 declarat,

2279 2280 2400 2318 cum
2431 2263 2567 2319 duas
2595 2267 2710 2320 vias
2739 2282 2852 2322 esse
2881 2267 3036 2333 dicit,
3072 2285 3242 2324 unam
3285 2271 3445 2339 lucis,
3496 2273 3723 2328 alteram
3769 2279 3929 2330 tene-

2284 2352 2529 2420 brarum,
2561 2354 2759 2424 quibus
2789 2363 2840 2410 et
2866 2371 3098 2427 prwesse
3125 2366 3293 2414 certos
3313 2376 3548 2432 quosque
3579 2362 3796 2433 angelos
3835 2363 3930 2418 di-

2283 2441 2375 2495 cit.
2408 2441 2500 2496 Sic
2529 2446 2587 2496 et
2612 2441 2671 2498 S.
2707 2444 3088 2517 Hieronymus
3120 2446 3180 2501 in
3211 2447 3360 2503 libro
3382 2464 3577 2519 quem,
3621 2449 3927 2507 Philonem

2287 2533 2345 2582 et
2375 2529 2681 2601 Origenem
2711 2531 2996 2602 imitatus,
3018 2535 3091 2590 De
3113 2538 3404 2591 nominum
3432 2537 3820 2594 Hebraicorum
3844 2542 3935 2594 in-

2291 2621 2675 2688 terpretatione
2703 2622 3051 2692 composuit,
3075 2622 3228 2678 inter
3251 2625 3530 2681 Hebraiea
3548 2626 3789 2683 nomina
3808 2644 3942 2699 qua

2291 2710 2352 2764 in
2388 2707 2661 2762 Barnabas
2693 2707 2952 2780 Epistola
2969 2715 3220 2778 exstant,
3247 2729 3446 2768 vocem
3465 2715 3631 2770 Satan
3653 2722 3942 2789 recenset,

2294 2811 2420 2866 quis
2452 2812 2592 2851 sane
2623 2813 2739 2852 non
2798 2796 2936 2853 alibi
2983 2816 3159 2870 quam
3216 2800 3276 2855 in
3327 2801 3516 2874 capite
3564 2805 3630 2858 18
3672 2804 3944 2874 ejusdem

2294 2881 2563 2954 Epistolas
2595 2885 2864 2941 occurrit.
2897 2886 3041 2942 Cum
3074 2888 3273 2960 itaque
3303 2889 3430 2959 jam
3482 2890 3616 2946 inde
3645 2908 3680 2947 a
3707 2892 3944 2948 saeculis

2295 2987 2357 3037 ιι,
2393 2989 2457 3025 ιιι
2487 2975 2544 3027 et
2573 2989 2628 3027 ιν
2658 2977 2895 3029 Patrum
2928 2975 3337 3048 vetustissimi,
3383 2977 3650 3034 Clemens
3703 2978 3953 3035 Alexan-

2296 3058 2522 3125 drinus,
2551 3059 2827 3132 Origenes
2858 3067 3032 3133 atque
3072 3064 3481 3137 Hieronymus,
3505 3067 3707 3122 eadem
3738 3083 3805 3122 ac
3837 3085 3951 3124 nos

2298 3147 2618 3202 etiamnum
2650 3149 2709 3203 in
2742 3150 3016 3206 Barnabas
3046 3152 3306 3222 Epistola
3329 3153 3946 3226 perlegerint;imme-

2297 3235 2406 3290 rito
2440 3235 2731 3292 enimvero
2763 3239 3140 3309 posteriorem
3173 3242 3437 3310 ejusdem
3470 3246 3692 3314 partem
3737 3244 3949 3300 subse-

2296 3324 2446 3378 cutis
2476 3325 2838 3396 temporibus
2868 3327 3048 3383 fuisse
3079 3329 3536 3400 superadditam,
3560 3330 3827 3386 nonnulli
3862 3347 3951 3387 re-

2298 3412 2581 3468 centiores
2612 3413 3004 3484 suspicantur.
3037 3415 3180 3471 Hinc
3211 3433 3344 3473 vero
3367 3417 3614 3490 ipsemet
3670 3419 3950 3479 Dodwel:

2297 3499 2391 3556 lus
2420 3501 2464 3536 ⁵⁵
2494 3505 2750 3556 veterum
2785 3504 3130 3560 auctoritate
3161 3510 3481 3576 permotus,
3527 3511 3784 3580 quatuor
3826 3507 3950 3562 lau-

2286 3577 2436 3645 data
2464 3594 2760 3660 postrema
2789 3592 2980 3664 capita
3008 3593 3285 3649 Barnabas
3315 3577 3653 3665 abjudic'are
3688 3612 3806 3652 non
3838 3613 3946 3652 au-

2300 3677 2418 3743 det,
2449 3677 2582 3733 licet
2605 3695 2675 3733 ea
2715 3695 2818 3750 pro
2865 3681 3127 3751 ejusdem
3177 3682 3453 3738 Barnabas
3494 3678 3696 3758 διδαχῇ
3747 3684 3954 3740 haberi

2300 3782 2470 3836 posse
2500 3767 2788 3838 conjiciat.
2823 3770 2929 3823 Sed
2963 3769 3074 3825 isto
3100 3788 3112 3825 :
3139 3766 3369 3844 διδαχῆς
3400 3771 3636 3827 titulum
3677 3773 3955 3845 aliquan-

2301 3856 2372 3909 do
2405 3872 2519 3926 prae
2546 3872 2607 3911 se
2626 3855 2867 3912 tulerint
2892 3857 3032 3924 ista;
3058 3875 3200 3914 num
3227 3859 3356 3915 ideo
3404 3861 3694 3933 sequioris
3736 3879 3953 3918 manus

2299 3948 2706 3999 assumentum
2737 3959 2864 4000 esse
2887 3947 3021 4016 jure
3039 3946 3186 4018 'quis
3215 3947 3466 4002 dixerit?
3489 3970 3518 3998 ‹‹
3543 3948 3856 4020 Nimirum,
3883 3955 3952 4006 ut

2301 4032 2490 4086 verbis
2519 4037 2658 4087 utar
2686 4031 2758 4088 cl.
2793 4033 2931 4088 Felli
2955 4035 3019 4100 ⁵⁸,
3053 4034 3110 4089 in
3161 4036 3367 4105 primis
3407 4036 3639 4092 saeculis
3655 4037 3952 4105 nonnulli,

2300 4125 2365 4175 ut
2391 4121 2668 4175 adversus
2698 4121 2947 4176 hereses
2987 4123 3414 4193 prescriberent
3444 4129 3547 4180 aut
3578 4124 3792 4195 placita
3843 4144 3956 4182 sua

2298 4209 2794 4279 commendarent,
2851 4210 3125 4281 dogmata
3170 4210 3626 4282 apostolicorum
3687 4213 3952 4270 virorum

2297 4297 2528 4368 scriptis
2561 4298 2928 4364 mandarunt,
2945 4303 3003 4353 et
3033 4296 3267 4354 illorum
3300 4295 3528 4373 διδαχάς
3561 4300 3955 4373 appellavere.

2300 4385 2486 4453 Hujus
2517 4385 2748 4456 generis
2777 4385 3007 4440 videtur
3037 4386 3218 4442 fuisse
3245 4385 3393 4443 liber
3413 4404 3588 4459 quem
3619 4397 3956 4448 memorant

2295 4474 2581 4528 Eusebius
2611 4474 2654 4507 ετ
2687 4479 2744 4528 et
2772 4473 3128 4530 Athanasius
3159 4475 3223 4539 6°,
3247 4477 3417 4546 cujus
3438 4478 3762 4550 epigraphe
3780 4485 3946 4536 erat:

542 4569 638 4637 qui
661 4567 788 4637 plus
819 4581 982 4636 quam
1009 4579 1195 4619 omnes
1219 4573 1437 4634 peccato
1462 4564 1730 4619 obnoxius
1758 4571 1900 4633 erat,
1958 4566 2174 4636 delegit.

2294 4563 2400 4614 τῶν
2428 4557 2746 4614 ἀποστόλων
2781 4557 3022 4636 διδαχαί.
3054 4563 3163 4618 Sed
3193 4569 3583 4636 praeterquam
3630 4567 3783 4637 quod
3836 4585 3956 4623 nu-

611 4658 828 4708 Verum
858 4652 927 4706 ad
952 4651 1066 4706 alia
1088 4655 1484 4722 properantes,
1509 4668 1686 4706 unam
1711 4652 1904 4708 adhuc
1921 4654 2188 4724 objectio-

541 4759 675 4798 nem
697 4740 948 4796 breviter
977 4739 1194 4795 solvere
1226 4744 1421 4794 nostra
1453 4739 1712 4806 interest,
1744 4757 1861 4812 qua
1907 4743 2188 4798 nimirum

541 4830 848 4901 impetitur
868 4828 1046 4898 huius
1077 4826 1342 4898 Epistolis
1373 4826 1701 4899 integritas.
1735 4828 2045 4886 Nonnullis
2079 4831 2187 4894 ita-

543 4916 806 4989 queviris
827 4915 1070 4972 eruditis
1084 4920 1528 4970 monumentum
1547 4915 1703 4970 istud
1723 4919 2186 4975 vetustissimum

539 5005 628 5062 vel
663 5005 955 5077 plerisque
985 5003 1361 5058 insitionibus
1391 5003 1692 5069 infectum,
1715 5004 1802 5061 vel
1825 5005 2027 5062 otiosis
2048 5006 2186 5062 laci-

543 5095 659 5150 niis
690 5093 926 5149 aliunde
957 5092 1159 5147 ascitis
1180 5092 1496 5147 adauctum
1519 5091 1768 5147 videtur.
1803 5094 1863 5148 Si
1898 5101 2094 5151 autem
2115 5098 2188 5152 ab

540 5181 751 5240 iisdem
786 5198 1014 5254 quaeras
1044 5197 1148 5236 cur
1175 5181 1414 5236 demum
1439 5179 1771 5236 istiusmodi
1801 5182 2085 5254 judicium
2112 5184 2188 5239 fe-

2299 4667 2497 4705 merus
2517 4649 2876 4718 versuum,in
2899 4650 3321 4707 Stichometriis
3343 4652 3777 4724 antiquissimis
3806 4654 3952 4711 huic

2298 4738 2566 4810 Epistolas
2598 4739 2955 4811 assignatus,
3005 4740 3212 4795 suadet
3241 4739 3392 4796 hanc
3434 4742 3827 4800 accessionem
3857 4746 3948 4827 'ad

2297 4829 2427 4898 ejus
2459 4826 2671 4883 molem
2703 4826 2942 4882 omnino
2970 4828 3287 4883 desiderari
3315 4846 3328 4896 ;
3363 4830 3577 4901 pariter
3613 4847 3648 4886 a
3677 4826 3948 4888 Clemen-

2298 4922 2353 4972 te
2379 4915 2766 4971 Alexandrino
2797 4921 2854 4971 et
2884 4914 3147 4988 Origene,
3182 4932 3285 4972 nec
3319 4933 3434 4972 non
3465 4922 3698 4973 auctore
3721 4921 3952 4976 Consti-

2299 5007 2590 5060 tutionum
2624 5003 2921 5075 laudatur,
2954 5021 3019 5059 ac
3051 5005 3174 5059 alia
3204 5009 3398 5076 partes
3430 5005 3610 5076 hujus
3654 5007 3951 5078 Epistolas.

2297 5097 2367 5148 Et
2397 5093 2445 5148 si
2481 5093 2538 5146 in
2575 5093 2788 5147 Latinis
2819 5092 3247 5164 exemplaribus
3277 5093 3618 5166 desiderari,
3667 5094 3952 5152 idoneum

2298 5183 2374 5238 sit
2405 5185 2820 5253 argumentum
2853 5180 3008 5236 unde
3037 5180 3244 5235 confici
3276 5181 3482 5252 possit,
3523 5181 3814 5254 quidquid
3867 5185 3954 5240 sic

610 5377 654 5411 ⁵⁸
683 5375 939 5450 Οι-ἰεριιε,
971 5382 1121 5450 cont.
1145 5375 1306 5450 Celsi,
1329 5374 1440 5450 lib.
1475 5375 1691 5450 1,§63._
1749 5377 1794 5411 5°
1822 5375 1983 5432 Vino.
2016 5376 2562 5450 Lirin.,_Common.,
2596 5392 2723 5450 cap.
2758 5375 2845 5450 17.
2922 5374 2970 5409 ³ο
2999 5373 3257 5450 Hieron,
3287 5373 3389 5432 lib.
3423 5379 3696 5450 tucontr.
3722 5378 3944 5450 Pelag,

536 5447 644 5518 §2.
720 5449 762 5482 δι
794 5446 942 5502 Psal.
976 5464 1067 5518 ξιν,
1101 5449 1152 5500 4.

1247 5447 1292 5481 δ’
1320 5445 1643 5520 Chrysost_.,
1676 5445 1834 5502 hom.
1869 5450 1901 5502 4
1935 5450 2002 5520 in
2033 5451 2200 5520 Epist.
2230 5447 2249 5520 l
2284 5449 2353 5520 ad
2404 5445 2622 5520 Tim.,_q§
2659 5445 2716 5512 2,
2751 5445 2895 5516 Opp.
2939 5450 3109 5520 tam.__
3125 5445 3219 5520 1_X,
3250 5463 3390 5520 pag.
3437 5447 3564 5503 569.

3657 5449 3704 5484 ⁸³
3753 5447 3944 5506 Clem.

537 5503 721 5592 mea,
749 5522 950 5592 Strom.
983 5503 1083 5571 liti.
1118 5535 1177 5592 ll,
1211 5533 1334 5592 cap.
1373 5503 1458 5583 18:
1493 5503 1704 5592 p.‘/i7'2.
1779 5520 1826 5552 5‘
1853 5503 2086 5592 Origen.‘
2116 5524 2174 5572 Πε

2295 5518 2504 5592 ἀρχῶνν
2548 5503 2651 5592 lii)-
2691 5503 3114 5592 ξίινίέεριβιὲ
3135 5503 3383 5592 4ίριῶ
3427 5519 3665 5592 φερε),
3719 5535 3776 5590 p-
3812 5503 3939 5588 1’40.

539 5593 598 5643 et
627 5588 768 5641 lib.i
811 5591 1063 5658 tantum,
1113 5590 1172 5642 in
1214 5589 1381 5656 Epist.
1434 5591 1507 5641 ad
1553 5588 1727 5655 Rom,
1783 5607 1822 5657 ι,
1857 5588 1982 5644 2/1.w
2021 5592 2066 5625 ⁸⁵
2099 5588 2324 5658 Dodw.,

2381 5581 2602 5643 Dissert.
2640 5605 2656 5642 1
2686 5589 2746 5641 in
2764 5581 2945 5657 'Ireni,
2973 5581 3120 5657 §f31',
3168 5581 3223 5657 p.
3255 5581 3348 5642 58:
3421 5589 3466 5625 ⁵³
3496 5581 3662 5644 ις’θιι.’
3689 5581 3809 5646 nbt.
3863 5581 3936 5647 ad

537 5658 783 5715 Barnab.
823 5656 1184 5729 Epist.,’cap.
1221 5661 1306 5713 18.
1380 5659 1422 5692 ⁵⁷
1453 5659 1688 5730 Euseb.,
1721 5656 1856 5716 Hist.
1887 5662 2017 5717 eccl.
2047 5661 2145 5718 lib.
2178 5678 2263 5729 ιιι,
2293 5656 2422 5733 eap.
2452 5661 2542 5717 25.
2617 5659 2661 5693 ⁸⁸
2689 5659 2900 5715 Athan.
2927 5656 3102 5730 epist.
3134 5656 3223 5713 39.
