4090 6340
215 445 341 510 693

1645 448 2245 515 PROLEGOMENA.

3499 447 3617 513 694

220 582 481 655 μειοῦρον
510 582 616 649 est,
648 577 969 653 genuinum
1021 597 1135 637 non
1186 596 1315 638 esse
1363 583 1683 654 scriptum;
1721 585 1866 656 peri-
1894 592 1947 652 Α
1979 588 2229 643 maxime
2277 587 2452 643 etiam
2502 587 2705 644 eadem
2752 585 2995 659 insuper
3044 581 3314 642 habeant.
3374 582 3444 641 Et
3483 582 3616 655 jure

219 668 525 726 clitabitur
554 669 766 741 prioris
796 669 1067 742 Epistola
1100 671 1283 742 partis
1307 672 1862 746 fides,quandoqui-

218 760 356 813 dem
389 758 580 813 Grece
614 775 725 813 non
760 763 1109 830 compareat.
1144 758 1606 816 Clonclusionem
1649 779 1774 832 quae
1805 762 1861 815 in

217 847 443 903 Latinis
473 846 903 917 exemplaribus
935 846 1229 903 hodiernis
1260 855 1574 920 comparet,
1610 850 1861 905 librariis

215 936 415 991 deberi
446 936 695 991 libenter
724 937 1108 991 concesserim
1140 955 1152 1004 ;
1188 937 1476 1007 siquidem
1501 938 1538 992 ii
1562 938 1860 993 istiusmo-

214 1025 275 1079 di
310 1023 559 1097 epilogis
582 1024 762 1079 libros
792 1042 824 1079 a
856 1041 916 1079 se
950 1026 1309 1097 conscriptos
1338 1026 1475 1081 alibi
1518 1027 1735 1097 passim
1768 1044 1857 1082 or-

214 1118 456 1168 narunt.
500 1114 609 1168 Sed
642 1117 699 1167 et
728 1113 947 1169 iteratae
996 1113 1330 1185 scriptionis
1378 1120 1508 1185 post
1538 1115 1856 1171 solemnem

210 1201 655 1257 valedictionem
688 1218 803 1255 non
835 1203 1049 1257 desunt
1072 1202 1353 1273 exempla.
1383 1204 1475 1258 Sic
1499 1204 1680 1275 Epist.
1716 1205 1759 1259 II
1784 1206 1855 1259 ad

210 1289 614 1355 Timotheum,
648 1294 778 1360 post
809 1289 1197 1361 doxologiam,
1231 1292 1496 1359 quaedam
1557 1297 1855 1363 resumpto

208 1378 437 1433 calamo
464 1378 915 1445 subnectuntur,
948 1383 1007 1432 ut
1040 1378 1156 1433 alia
1185 1380 1313 1448 ejus
1344 1381 1572 1451 generis
1618 1386 1851 1451 praeter-

207 1483 363 1522 eam.
405 1488 432 1514 »
464 1466 593 1521 Haec
625 1466 745 1521 ille.

279 1555 365 1609 Ad
400 1554 661 1625 reliquas
684 1553 913 1609 levioris
964 1556 1240 1611 momenti
1292 1556 1667 1613 difﬁcultates
1696 1559 1852 1628 quod

207 1643 439 1712 attinet,
472 1642 603 1697 illas
638 1644 786 1697 mira
816 1660 955 1698 sane
978 1644 1317 1699 dexteritate
1366 1644 1630 1700 dissolvit
1670 1647 1851 1717 Pape-

206 1730 490 1787 brochius
518 1731 608 1785 vir
636 1730 1015 1787 doctissimus
1035 1733 1099 1799 6°,
1133 1749 1305 1803 quem
1330 1733 1570 1805 proinde
1593 1734 1853 1790 consule-

205 1836 267 1875 re
300 1824 555 1891 praastat.
590 1821 701 1875 Eas
730 1820 924 1887 istem,
960 1825 1025 1875 ut
1056 1821 1301 1893 tempori
1325 1839 1579 1893 parcam,
1617 1827 1848 1894 praeter-

1975 677 2230 746 quidem.
2266 677 2409 732 Nam
2443 695 2565 749 quae
2598 675 2929 732 communis
2979 675 3161 731 fertur
3208 672 3499 730 sententia
3542 672 3614 730 de

1975 765 2248 819 Barnabaa
2282 766 2389 820 sub
2420 765 2642 821 Nerone
2675 764 2973 835 martyrio,
3008 762 3169 818 nullo
3200 762 3408 817 idoneo
3445 767 3614 832 teste,

1974 852 2134 907 nulla
2190 860 2449 909 veterum
2520 854 2863 909 auctoritate
2914 855 3207 907 ﬁrmatur:
3268 851 3612 922 nullumque

1971 942 2121 1009 apud
2154 943 2425 1013 antiquos
2457 943 2766 1014 scriptores
2798 942 3105 1013 vestigium
3148 939 3417 1005 occurrit,
3451 940 3606 994 unde

1970 1045 2083 1099 quo
2136 1034 2393 1102 tempore
2445 1048 2786 1102 supremum
2831 1031 2985 1084 diem
3036 1029 3243 1084 obierit
3286 1029 3605 1099 Barnabas,

1968 1123 2122 1173 certo
2140 1124 2449 1175 statuatur.
2486 1120 2698 1174 Contra
2729 1137 2881 1184 vero,
2909 1135 3039 1173 cum
3074 1120 3297 1173 constet
3326 1134 3394 1171 ex
3424 1118 3601 1173 Euse-

1966 1207 2060 1261 bio
2109 1209 2153 1240 ⁷³
2200 1213 2256 1263 et
2301 1209 2649 1279 Hieronymo
2670 1208 2737 1273 τ’,
2770 1206 3060 1277 apostolos
3112 1206 3346 1260 Petrum
3377 1210 3432 1260 et
3453 1209 3601 1261 Pau-

1966 1293 2087 1349 lum
2122 1295 2327 1350 ultimo
2349 1295 2592 1350 Neronis
2632 1311 2805 1359 anno,
2840 1295 2895 1348 id
2919 1299 3007 1349 est
3039 1310 3191 1349 anno
3218 1294 3308 1364 68,
3341 1293 3601 1365 martyrii

1966 1383 2221 1453 palmam
2247 1385 2426 1439 fuisse
2453 1386 2728 1454 adeptos:
2764 1383 2967 1453 quidni
2989 1399 3123 1453 ergo
3148 1382 3441 1437 Barnabas
3473 1387 3604 1453 post

1963 1477 2191 1542 captam
2226 1490 2259 1526 a
2290 1473 2409 1527 Sito
2447 1472 2897 1543 Hierosolymam
2950 1488 3101 1525 anno
3129 1472 3220 1539 70,
3245 1470 3466 1541 aliquot
3495 1472 3602 1525 ad-

1963 1559 2076 1614 huc
2107 1578 2291 1616 annos
2325 1562 2394 1615 ab
2426 1578 2627 1615 eorum
2660 1560 3055 1631 apostolorum
3080 1559 3358 1630 martyrio
3386 1558 3599 1614 vixisse

1963 1649 2234 1719 potuerit,
2283 1654 2339 1704 et
2390 1649 2623 1719 quidem
2674 1649 2731 1702 in
2783 1648 2987 1719 primis
3036 1664 3168 1702 cum
3191 1648 3317 1717 jam
3348 1663 3379 1701 e
3410 1646 3599 1701 medio

1961 1737 2190 1791 sublato
2241 1738 2485 1805 Nerone,
2544 1738 2866 1808 persecutio
2919 1736 3191 1803 desierit;
3244 1739 3309 1789 ut
3357 1733 3601 1813 proinde

1958 1823 2113 1879 circa
2143 1842 2361 1880 annum
2392 1827 2464 1879 72
2493 1830 2595 1880 aut
2624 1827 2694 1879 73
2726 1824 3042 1895 Epistolam
3074 1822 3422 1895 scripserit?

204 1909 378 1963 mitto
408 1925 538 1980 qua
570 1925 604 1964 a
639 1909 867 1981 Moynio
925 1909 1182 1980 primum
1243 1912 1522 1977 excitatae,
1574 1912 1781 1967 deinde
1812 1930 1845 1967 a

2026 1933 2099 1985 At
2128 1931 2282 1986 enim
2317 1946 2383 1986 ex
2416 1931 2719 1986 Alexandri
2752 1928 3023 1985 monachi
3053 1929 3241 2000 elogio
3273 1929 3331 1983 in
3364 1929 3421 1983 S.
3456 1929 3594 1983 Bar-

198 1996 522 2063 Tentzelio,
580 1998 864 2069 Basnagio
921 1998 1171 2068 aliisque
1202 1999 1537 2053 instauratae
1570 2000 1841 2067 fuerunt;

195 2102 266 2142 eo
295 2085 387 2141 vel
420 2085 671 2141 maxime
696 2087 850 2157 quod
875 2086 1211 2158 Moynianas
1237 2087 1634 2159 perstringens
1658 2089 1843 2159 potis-

192 2173 417 2230 simum
451 2172 521 2229 cl.
554 2174 839 2228 Nourrius
860 2176 926 2241 ⁷ο,
956 2174 1101 2229 alias
1126 2190 1355 2245 quoque
1378 2175 1623 2231 diluisse
1648 2176 1843 2232 videa-

188 2268 313 2317 tur.
348 2262 656 2326 Caeterum,
689 2262 846 2332 quod
883 2261 1156 2317 laudatus
1174 2264 1604 2334 Papebrochius
1634 2282 1701 2320 ex
1734 2265 1841 2320 hu-

180 2350 293 2421 jus
325 2348 594 2421 Epistolze
645 2350 833 2420 capite
884 2352 949 2404 15
997 2352 1329 2422 conjecerit,
1383 2351 1539 2407 illam
1595 2353 1741 2409 forte
1772 2354 1843 2408 ab

194 2438 398 2510 aliquo
421 2438 836 2494 Chiliastarum
868 2444 998 2511 post
1028 2457 1245 2495 annum
1274 2441 1345 2495 97
1377 2441 1557 2497 fuisse
1598 2444 1841 2513 perscri-

192 2531 363 2600 ptam
391 2543 403 2582 :
436 2542 503 2582 ex
533 2544 601 2583 ea
631 2528 867 2599 quidem
899 2528 1228 2599 suspicione
1257 2529 1451 2599 ipsum
1491 2531 1844 2587 exemissent

198 2616 521 2671 Menardus
552 2616 609 2670 in
635 2616 841 2687 primis
859 2621 915 2671 et
931 2616 1265 2684 Cotelerius,
1290 2634 1538 2688 quorum
1563 2619 1844 2676 editiones

194 2703 400 2759 videre
429 2703 542 2760 sibi
573 2703 730 2759 haud
763 2704 1076 2775 contigisse
1104 2709 1370 2761 testatur.

846 2810 1079 2867 CAPUT
1110 2811 1205 2866 IIl.

428 2899 542 2966 Quo
574 2906 810 2969 tempore
836 2901 1042 2970 scripta
1064 2902 1260 2969 fuerit,
1294 2904 1618 2971 inquiritur.

270 2987 379 3042 Sed
406 2988 646 3043 tandem
677 2988 748 3042 ad
779 2991 1011 3059 tempus
1033 2988 1448 3060 inquirendum
1472 2993 1840 3059 accedamus,

194 3091 317 3146 quo
344 3075 605 3147 Epistola
626 3075 754 3147 ipsa
784 3081 1019 3132 exarata
1042 3077 1222 3133 fuisse
1245 3077 1621 3133 existimatur.
1659 3081 1839 3135 Nimi-

194 3179 354 3228 rum,
389 3166 456 3218 ut
484 3163 701 3235 optime
731 3163 949 3219 Millius
975 3166 1041 3235 7‘,
1074 3166 1247 3237 paulo
1298 3171 1429 3237 post
1466 3184 1685 3223 annum
1718 3187 1839 3224 aera;

191 3250 459 3323 vulgaris
487 3253 578 3321 70,
612 3252 733 3306 sive
764 3269 895 3307 cum
920 3254 1043 3323 jam
1076 3270 1275 3309 recens
1327 3255 1533 3311 fuisset
1572 3274 1837 3313 eversum

194 3307 510 3412 temuplum,
561 3307 862 3411 deletaque
912 3307 1051 3395 iirbs
1096 3307 1837 3415 Hierosolym‘itanaililt—
1869 3307 1911 3371 Ω

192 3428 441 3500 quidem
473 3445 541 3484 ex
567 3428 769 3483 eadem
824 3430 1080 3499 Epistola
1128 3432 1270 3485 satis
1320 3432 1521 3503 liquet.
1564 3434 1657 3488 Sic
1686 3436 1839 3489 enim

192 3514 276 3570 ibi
307 3517 355 3548 ⁷²
385 3532 399 3569 ε
436 3513 608 3587 Πέρας
638 3519 763 3588 γοῦν
805 3513 967 3568 πάλιν
1003 3515 1171 3590 λέγει’
1207 3542 1233 3566 ‹‹
1268 3515 1405 3572 Ἰδοὺ
1437 3520 1487 3571 οἱ
1526 3518 1841 3583 καθελόντες

188 3602 286 3655 τὸν
320 3602 443 3655 ναὸν
471 3606 684 3671 τοῦτον,
705 3602 857 3656 αὐτοὶ
889 3603 1044 3657 αὐτὸν
1078 3603 1523 3677 οἰκοδομήσουσι.
1552 3615 1837 3664 ΓΙΝΕΤΑΙ.

191 3690 293 3745 Διὰ
349 3690 454 3763 γὰρ
509 3690 572 3743 τὸ
628 3689 889 3762 πολεμεῖν
978 3692 1193 3761 αὐτοὺς,
1252 3696 1514 3768 καθῃρέθη
1577 3698 1677 3751 ὑπὸ
1730 3704 1837 3753 τῶν

190 3778 412 3854 ἐχθρῶν
472 3784 623 3833 ΝΥΝ.
664 3803 692 3828 ››
748 3781 815 3834 Et
871 3781 1088 3837 tandem
1146 3800 1335 3838 rursus
1392 3788 1472 3840 ait
1516 3787 1596 3843 73:
1628 3810 1656 3837 «
1708 3790 1839 3844 Ecce

188 3870 290 3939 qui
319 3867 708 3923 destruxerunt
737 3870 999 3940 templum
1028 3871 1145 3935 hoc,
1168 3873 1277 3941 ipsi
1304 3874 1446 3927 illud
1465 3875 1835 3944 aediﬁcabant.

186 3957 365 4027 quue
395 3972 613 4011 manu.
672 3958 815 4012 Nam
874 3962 1005 4027 quia
1064 3960 1267 4014 bellum
1322 3968 1542 4030 gerunt.
1589 3981 1742 4019 NUNC
1772 3967 1838 4019 ab

189 4044 440 4101 hostibus
488 4044 825 4099 destructum
870 4054 969 4100 est.
1008 4069 1029 4097 ι
1068 4049 1154 4101 Ita
1205 4048 1359 4103 enim
1413 4066 1545 4105 cum
1596 4051 1752 4107 Fe|lo
1784 4058 1839 4107 et

186 4132 476 4189 Cotelerio
507 4131 565 4186 in
598 4132 752 4187 edito
796 4132 1248 4204 distinguendus
1293 4136 1388 4191 hic
1436 4137 1618 4207 locus,
1656 4140 1838 4196 recla-

192 4226 399 4276 mante
426 4219 559 4275 licet
588 4220 883 4289 Menardo,
934 4223 1032 4292 qui
1082 4222 1144 4275 τὸ
1194 4226 1281 4274 νῦν
1330 4225 1481 4280 male
1522 4227 1692 4298 jungi
1735 4246 1835 4282 no-

195 4308 345 4365 mini
380 4306 591 4382 ἐχθρῶν
619 4310 982 4364 autumabat.

260 4397 435 4452 Haud
467 4397 737 4467 equidem
770 4397 994 4469 ignoro,
1043 4400 1338 4470 Moynium
1388 4406 1444 4457 et
1476 4403 1835 4461 Tentzelium

190 4486 332 4541 hinc
361 4484 556 4556 potius
588 4484 864 4540 Barnaba:
890 4486 1261 4557 adjudicandi
1290 4490 1607 4560 Epistolam
1630 4510 1836 4549 ansam

1956 2020 2167 2074 nabam
2203 2020 2581 2091 perspicuum
2612 2023 2701 2073 est
2729 2020 2925 2090 ipsum
2956 2019 3180 2073 vivente
3200 2017 3389 2073 adhuc
3411 2016 3591 2071 Paulo

1954 2108 2214 2179 apostolo
2246 2126 2313 2163 ex
2343 2109 2452 2164 hac
2481 2109 2599 2163 vita
2620 2109 2905 2179 migrasse
2932 2125 2943 2161 :
2980 2106 3155 2176 idque
3207 2110 3365 2177 patet
3394 2122 3463 2160 ex
3495 2104 3591 2159 ul-

1953 2196 2115 2251 timis
2146 2196 2303 2251 illius
2334 2198 2524 2253 verbis
2558 2198 2628 2251 ad
2659 2198 2939 2251 Joannem
2970 2198 3248 2260 Marcum,
3290 2194 3593 2249 consobri-

1954 2301 2096 2339 num
2156 2302 2330 2340 suum
2386 2302 2512 2356 quae
2571 2285 2653 2340 sic
2684 2301 2745 2339 se
2792 2284 3011 2339 habent
3056 2284 3099 2317 ⁷⁵
3141 2300 3152 2337 :
3204 2282 3287 2335 Ἐν
3337 2277 3470 2353 τῇδε
3524 2283 3595 2353 ῇτ

1952 2373 2133 2445 ἡμέρᾳ
2164 2370 2243 2425 δεῖ
2295 2394 2359 2444 με
2408 2370 2763 2440 τελειωθῆναι
2816 2371 2891 2431 εἷς
2938 2370 3031 2431 τὰς
3081 2376 3271 2444 χεῖρας
3298 2373 3405 2422 τῶν
3440 2369 3590 2421 ἀπει-

1953 2460 2185 2515 Θούντων
2236 2459 2527 2516 Ἰουδαίων·
2581 2461 2641 2513 σὺ
2696 2458 2753 2514 δὲ
2806 2458 3031 2531 ἐξελθὼν
3084 2456 3183 2528 ἔξω
3228 2465 3329 2527 τῆς
3377 2456 3593 2519 πόλεως

1952 2550 2087 2602 κατὰ
2118 2546 2343 2621 δυσμὰς,
2397 2550 2640 2622 εὑρήσεις
2689 2548 2750 2601 τὸ
2802 2548 2961 2619 σῶμά
3016 2567 3139 2618 μων
3172 2546 3259 2601 καὶ
3305 2550 3465 2600 τοῦτο
3497 2546 3591 2608 θά-

1953 2640 2079 2708 ψας,
2114 2635 2294 2706 ἔξελθε
2345 2637 2449 2690 ἀπὸ
2500 2637 2735 2709 Κύπρου·
2790 2636 2879 2689 καὶ
2934 2634 3166 2710 πορεύου
3216 2634 3292 2697 εἰς
3332 2634 3422 2687 τὸν
3455 2636 3595 2687 Παῦ-

1956 2724 2074 2794 λον,
2130 2725 2219 2779 καὶ
2269 2723 2377 2789 ἴσθι
2432 2727 2547 2797 μετ’
2595 2725 2779 2793 αὐτοῦ,
2818 2722 2922 2785 ἕως
2972 2724 3033 2777 οὗ
3085 2725 3112 2777 ὁ
3161 2724 3356 2797 Κύριος
3389 2721 3597 2777 οἰκονο-

1958 2815 2117 2885 μήσει
2147 2815 2214 2868 τὰ
2260 2816 2395 2868 κατὰ
2442 2813 2517 2867 σὲο
2574 2812 2765 2885 μέλλει
2813 2815 2915 2889 γὰρ
2962 2813 3023 2866 τὸ
3068 2808 3241 2884 ὄνομά
3286 2831 3379 2865 σου
3428 2832 3591 2885 μεγα-

1954 2902 2215 2971 λυνθῆναι
2282 2903 2332 2957 ἐν
2392 2901 2495 2975 ὅλῃ
2549 2906 2615 2975 τῇ
2678 2901 2986 2975 οἰκουμένῃ.
3045 2902 3213 2958 Hodie
3286 2900 3593 2971 inﬁdelium

1950 2993 2266 3048 Iudaeorum
2296 2994 2551 3047 manibus
2580 3008 2667 3046 me
2711 2994 3081 3047 consummari
3127 2995 3368 3062 oportet:
3406 2994 3466 3044 tu
3495 3005 3591 3045 ve—

1951 3096 2016 3134 ro
2046 3084 2203 3135 extra
2252 3082 2545 3146 civitatem,
2608 3082 2940 3136 occidentem
2995 3095 3179 3134 versus
3229 3077 3504 3146 egredere,
3538 3080 3592 3132 et

1950 3185 2144 3239 corpus
2192 3186 2373 3224 meum
2422 3171 2706 3224 invenies:
2756 3168 2898 3240 quod
2943 3185 3067 3221 cum
3112 3164 3413 3238 sepelieris,
3463 3167 3589 3220 exie

1954 3258 2156 3327 Cypro,
2187 3267 2237 3312 et
2266 3258 2334 3311 (ut
2380 3258 2619 3312 Paulum
2655 3256 3037 3327 proﬁciscere;
3072 3258 3120 3309 et
3173 3262 3279 3308 esto
3299 3269 3425 3307 cum
3461 3253 3584 3319 illo,

1952 3347 2128 3415 quoad
2178 3348 2436 3401 Dominus
2494 3362 2577 3399 res
2620 3354 2743 3399 tuas
2802 3344 3161 3413 disposuerit:
3210 3346 3462 3411 futurum
3508 3348 3588 3395 est

1950 3437 2116 3501 enim,
2147 3443 2203 3488 ut
2233 3450 2427 3489 nomen
2460 3442 2613 3487 tuum
2642 3448 2739 3501 per
2766 3436 2935 3486 totum
2962 3436 3237 3485 terrarum
3281 3430 3465 3485 orbem
3493 3428 3584 3482 di-

1950 3524 2221 3591 vulgetur.
2274 3522 2401 3576 Haec
2453 3521 2549 3575 ibi.
2601 3521 2667 3573 Et
2724 3520 2996 3573 Barnaba:
3055 3518 3288 3589 quidem
3329 3516 3587 3573 hortanti

1952 3628 2173 3666 morem
2204 3610 2457 3681 gessisse
2490 3610 2771 3673 Marcum,
2822 3624 2851 3663 e
2892 3606 3052 3662 Pauli
3101 3606 3375 3677 Epistolis
3405 3609 3586 3677 patet.

1955 3700 2052 3753 llic
2098 3700 2254 3753 enim
2306 3700 2373 3752 ad
2424 3696 2796 3753 Colossenses
2845 3696 3188 3759 scribens",
3241 3712 3341 3751 eos
3372 3693 3590 3751 salutat

1951 3789 2183 3844 nomine
2240 3789 2408 3841 Marci
2474 3788 2789 3841 consobrini
2848 3785 3158 3846 Barnabae;
3218 3784 3319 3856 qui
3376 3797 3586 3853 nempe

1948 3878 2205 3948 primum
2256 3876 2313 3929 in
2370 3892 2547 3929 causa
2597 3876 2783 3929 fuerat
2831 3891 2935 3929 cur
2981 3873 3195 3928 Paulus
3238 3890 3272 3927 a
3322 3871 3590 3926 Barnaba

1949 3966 2275 4030 secesserit,
2310 3969 2373 4019 ut
2402 3964 2651 4019 habetur
2681 3963 2739 4017 in
2773 3961 2928 4017 Actis
2952 3964 2995 3996 ⁷⁸
3024 3980 3036 4027 ;
3071 3962 3286 4031 quique
3308 3959 3586 4029 deinceps

1950 4054 2020 4108 ad
2054 4053 2307 4108 officium
2343 4067 2630 4121 reversus,
2666 4050 2843 4105 Paulo
2888 4050 3037 4103 fidus
3085 4064 3280 4103 comes
3314 4046 3583 4116 adhaesit,

1946 4142 2116 4211 eique
2140 4143 2376 4195 demum
2399 4145 2531 4211 post
2556 4143 2801 4193 mortem
2823 4138 3097 4192 Barnaba
3121 4134 3322 4191 utilem
3347 4150 3583 4207 operam

1946 4230 2006 4283 in
2040 4228 2360 4283 ministerio
2394 4227 2707 4299 apostolico
2742 4225 3028 4296 praestitit,
3075 4229 3140 4278 ut
3188 4224 3258 4277 ad
3293 4222 3581 4278 Philemo-

1947 4335 2081 4373 nem
2104 4320 2147 4353 79
2171 4322 2226 4372 et
2247 4334 2315 4371 ex
2337 4315 2756 4386 posterioribus
2778 4312 3024 4368 vinculis
3047 4313 3117 4368 ad
3141 4311 3515 4368 Timotheum
3537 4312 3584 4346 ⁸ο

1947 4408 2230 4475 scribens,
2257 4405 2410 4459 idem
2444 4407 2690 4458 testatur
2732 4402 3058 4473 Apostolus.
3104 4400 3277 4472 Atqui
3326 4416 3452 4471 quae
3478 4399 3581 4455 Co-

1948 4493 2311 4550 lossensibus
2325 4498 2382 4547 et
2405 4490 2723 4545 Philemoni
2739 4489 3031 4560 inscriptae
3046 4492 3273 4544 exstant
3294 4485 3581 4557 Epistolas,

192 4574 474 4645 arripere,
504 4589 569 4628 eo
601 4572 823 4627 scilicet
852 4573 1086 4630 nomine
1108 4577 1259 4646 quod
1292 4582 1555 4649 tempora
1598 4582 1838 4639 minime
1939 4585 2111 4653 juxta
2136 4583 2393 4636 virorum
2446 4579 2804 4634 eruditorum
2827 4580 2868 4612 εί
2922 4577 3291 4645 sententiam,
3324 4575 3396 4629 ab
3428 4580 3581 4644 Apo-

191 4660 501 4734 quadrent.
534 4662 832 4716 Barnabas
862 4662 1040 4728 enim,
1092 4664 1389 4735 inquiunt,
1442 4683 1508 4721 ex
1539 4671 1836 4725 communi
1869 4664 1915 4726 D
1947 4670 2096 4727 stolo
2145 4674 2388 4725 exarata:
2434 4669 2701 4722 feruntur
2748 4682 2899 4719 anno
2941 4666 3049 4731 62;
3103 4681 3228 4734 quin
3260 4666 3452 4717 autem
3486 4676 3581 4715 se-

190 4748 487 4808 sententia
510 4749 734 4805 Nerone
755 4750 1076 4821 imperante
1099 4755 1440 4825 martyrium
1464 4757 1834 4823 subiit,adeo-
1945 4759 2137 4815 cunda
2169 4762 2256 4813 est
2286 4757 2355 4811 ad
2396 4753 2765 4809 Timotheum
2814 4769 2966 4807 anno
2994 4753 3083 4819 67,
3134 4766 3264 4805 cum
3298 4748 3578 4803 nimirum

188 4856 307 4912 que
339 4843 472 4894 ante
519 4854 699 4909 quam
750 4838 1036 4910 templum
1087 4840 1679 4915 Hierosolymitanum
1712 4847 1833 4903 solo
1935 4847 2293 4920 jampridem
2326 4860 2356 4898 e
2384 4843 2527 4897 vivis
2548 4840 2892 4896 excessisset
2914 4840 3228 4906 Barnabas,
3252 4837 3421 4906 cujus
3452 4836 3582 4890 hor-

186 4931 755 5001 equareturzquam
783 4926 1018 4997 quidem
1043 4929 1427 4999 objectionem
1448 4934 1835 4990 tantiducunt
1943 4942 2065 4992 tatu
2097 4937 2350 4990 Joannes
2382 4932 2612 4985 Marcus
2658 4930 2866 4983 exinde
2915 4927 3091 4983 Paulo
3142 4942 3267 4981 sese
3306 4923 3577 4979 comitem

183 5016 224 5071 ii
255 5016 367 5071 viri
400 5014 606 5081 critici,
644 5019 709 5069 ut
757 5015 1039 5071 invictum
1087 5025 1498 5089 argumentum
1542 5023 1833 5094 appellare
1943 5024 2188 5079 addidit.
2226 5022 2311 5075 lta
2350 5022 2529 5074 ferme
2577 5016 2993 5083 Tentzelius“,
3030 5014 3128 5085 qui
3157 5019 3214 5069 et
3241 5012 3391 5068 hanc
3421 5011 3581 5082 obje-

186 5120 307 5159 non
340 5101 627 5158 dubitent.
661 5106 933 5156 Attamen
965 5106 1193 5159 tantum
1222 5106 1385 5161 abest
1408 5112 1472 5161 ut
1496 5108 1832 5165 istiusmodi
1943 5114 2194 5168 ctionem
2250 5113 2483 5165 tantum
2540 5106 2813 5179 ponderis
2874 5105 3085 5160 habere
3133 5102 3468 5169 arbitratur,
3518 5102 3585 5154 ut

185 5190 525 5247 difﬁcultati
573 5190 691 5244 vim
737 5189 997 5261 aliquam
1047 5191 1240 5248 inesse
1288 5194 1384 5249 alii
1438 5202 1713 5252 censeant
1770 5204 1835 5254 ut
1943 5195 2529 5255 eidemnihilobverti
2554 5210 2724 5265 posse
2748 5196 3039 5248 asseveret
3063 5205 3240 5261 quam
3263 5186 3582 5260 Epistolam

259 5370 307 5403 ⁶⁹
334 5366 605 5440 Βαρθδικ,
637 5369 750 5421 Act.
782 5366 1070 5440 SS_..7Jun.
1104 5373 1246 5425 tom.
1281 5372 1350 5439 ΙΙ,

188 5442 231 5476 τι
262 5438 438 5509 Mill.,
458 5438 871 5517 Proleggpizad
899 5439 962 5492 Ν.
997 5445 1086 5517 T_.,
1116 5443 1145 5508 §
1174 5438 1404 5517 1/1447"
1430 5438 1751 5500 Barnabab.
1784 5451 1845 5517 E1

1956 5490 1965 5501 .
1997 5464 2124 5517 cap.
2161 5447 2245 5517 16.

195 5527 292 5565 an.
324 5507 583 5585 Μξίμαχ.
629 5507 714 5585 Ὕῆ
736 5508 996 5585 iiierqnq
1025 5507 1227 5585 Devir
1273 5514 1501 5579 illustr.,
1552 5531 1678 5585 cap.
1737 5518 1758 5569 1
1814 5507 1845 5571 e

1958 5559 1969 5571 .
2047 5507 2090 5550 73
2136 5514 2502 5585 Alex.,M_on.,
2554 5511 2706 5581 apud
2761 5509 3045 5585 Bolland:
3078 5511 3214 5585 _A_ct.
3247 5507 3583 5585 SS.,rJ_uni_i_,

191 5587 335 5637 tom.
386 5581 457 5650 II,
510 5595 642 5651 pag.
692 5579 813 5652 445ἷ
889 5580 932 5612 ⁷⁷
975 5581 1191 5637 Colose.
1242 5602 1317 5652 ιν,
1352 5586 1435 5639 l0.
1490 5578 1557 5619 ⁷⁷⁸
1607 5578 1727 5641 lict.
1778 5605 1845 5641 xv

1956 5590 2109 5641 7-39.
2188 5589 2231 5621 7°
2273 5583 2547 5647 Philem.,
2582 5578 2729 5635 vers.
2763 5583 2852 5634 24.
2929 5583 2973 5615 ⁸ο
3008 5582 3050 5635 ΙΙ
3078 5578 3459 5652 ΤίωηινίΗ.
3521 5579 3579 5652 ρει

194 5652 415 5729 Pears._,
461 5650 525 5706 in
540 5650 1143 5729 Δᾼίιηιειλ-Ραιίιί,-ρειε.
1192 5650 1422 5729 20,25;
1476 5656 1643 5720 Mill.,
1695 5659 1754 5710 in
1805 5650 2108 5729 Protegom.
2141 5658 2209 5713 ad
2239 5659 2302 5712 Ν.
2338 5657 2420 5729 Τ.ἱ
2538 5654 2623 5721 80,
2657 5655 2746 5729 82,
2781 5654 2922 5729 12:3;
2954 5652 3204 5729 Tillem.,
3235 5651 3390 5706 Mem.
3422 5650 3576 5720 eccl.,

196 5728 339 5779 tom.
375 5724 420 5791 Ι,
450 5740 506 5795 p.
536 5722 665 5790 292,
697 5722 823 5787 595,
899 5722 944 5756 ⁸²
974 5722 1169 5779 Tentz.
1204 5727 1275 5781 ad
1307 5726 1565 5795 Hieron.,
1599 5733 1678 5785 De
1707 5730 1795 5784 vir
1827 5722 2053 5797 illustr.,
2086 5730 2223 5785 edit.
2257 5722 2503 5783 Fabrici.
2537 5740 2663 5794 cap.
2696 5725 2751 5790 6,
2784 5727 2811 5790 δ
2840 5726 2892 5791 3,
2920 5740 3048 5796 pag.
3085 5725 3170 5778 40.

1386 5388 1517 5443 pag.
1552 5374 1674 5439 459,
1708 5376 1813 5441 §5.
1892 5377 1937 5410 7°
1984 5376 2190 5431 Nourr.
2240 5374 2381 5443 App.
2416 5369 2522 5443 iad.
2575 5368 2738 5443 Bibl._
2762 5370 3079 5443 APP._,_t9m.
3107 5369 3158 5443 _I,
3190 5382 3320 5443 pag.
3356 5366 3426 5421 38
3455 5380 3582 5443 seq.

2320 5389 2381 5476 ζ).
2434 5389 2522 5423 αα.
2575 5389 2717 5423 uwt.
2770 5389 2906 5433 για,
2938 5389 3079 5422 tum.
3115 5389 3158 5434 ι,
3191 5389 3320 5491 pag;
3356 5389 3426 5421 oo
3455 5389 3582 5435 seq.

2346 5443 2366 5475 ³
2411 5442 2504 5495 Isa
2533 5457 2602 5493 xL
2627 5456 2685 5503 x,
2722 5441 2806 5493 17.
2884 5440 2929 5473 ⁷⁴
2956 5439 3189 5507 Euseb.,
3239 5442 3279 5494 C
3320 5452 3467 5503 ron.,
3509 5438 3583 5491 ad
