4090 6340
481 362 598 432 695
1644 365 1710 427 S.
1756 356 2142 425 BARNABA:

2256 359 2708 424 tPOSTOLUS.
3762 357 3878 429 696

485 503 748 559 nostram
776 516 789 567 ;
822 515 949 571 quae
979 497 1237 569 quidem,
1271 497 1490 565 subdit,
1523 514 1656 553 cum
1687 497 1763 551 sit
1794 497 1989 568 ipsum
2010 512 2122 564 κρι-
2152 493 2203 558 Α
2233 492 2423 547 tiones
2456 495 2736 564 majorem
2768 496 2996 565 partem
3046 492 3315 566 scriptas,
3364 491 3582 549 alicubi
3633 492 3878 549 forsitan

486 588 738 660 νόμενον,
790 604 904 643 non
949 591 1036 642 est
1084 586 1414 657 argumenti
1464 585 1587 642 loco
1640 584 2012 641 assumenda.
2063 582 2123 636 Id
2236 597 2338 651 per
2369 598 2470 636 ora
2500 582 2764 649 traditas,
2799 586 3062 637 secutum
3099 598 3264 637 esse:
3302 605 3329 631 ››
3353 586 3418 637 ut
3439 584 3750 653 propterea
3778 582 3879 636 mi-

490 695 631 735 sane
661 696 693 733 a
724 676 845 732 viro
876 675 1102 731 erudito
1129 674 1342 729 nollem
1373 675 1615 730 dictum.

561 812 675 881 Age
701 825 857 863 nunc
885 807 1190 862 videamus
1236 822 1377 861 num
1420 806 1560 861 adeo
1609 806 1778 861 firma
1824 805 1901 859 sit
1928 804 2127 859 istius-

490 899 649 955 modi
681 896 951 967 objectio.
987 899 1050 949 ut
1099 911 1225 949 eam
1267 895 1483 949 nedum
1534 894 1728 959 everti,
1779 894 1879 948 sed
1914 908 1984 947 ne
2011 890 2128 946 ullo

494 984 729 1057 quidem
762 986 927 1055 pacto
958 981 1214 1035 hebetari
1246 980 1435 1036 liceat.
1468 981 1628 1045 Quod
1662 985 1724 1033 ut
1746 980 2127 1050 fprzestemus,

493 1070 908 1127 advertendum
940 1068 1196 1139 primum
1226 1068 1513 1135 omnium,
1545 1072 1727 1122 totam
1758 1066 2011 1122 Tentzeli
2046 1083 2131 1121 ar-

490 1157 996 1232 gumentationem
1042 1156 1220 1212 unius
1270 1155 1581 1211 Alexandri
1638 1153 1908 1209 monachi
1938 1154 2129 1226 Cyprii

490 1246 827 1304 testimonio
860 1244 1070 1313 fulciri,
1105 1243 1405 1314 scriptoris
1436 1243 1715 1297 nimirum
1764 1243 1993 1298 obscuri
2028 1260 2129 1297 no-

494 1336 670 1391 minis
701 1338 876 1405 atque
907 1333 1090 1388 aetatis
1123 1333 1377 1387 incertae.
1411 1331 1808 1403 Antiquiorem
1840 1332 2131 1386 enimvero

492 1423 704 1481 saeculo
738 1440 789 1477 Ix
813 1423 1007 1493 ipsum
1060 1437 1175 1476 non
1226 1420 1407 1475 fuisse
1455 1424 1684 1476 constat
1741 1420 1893 1491 apud
1940 1419 2131 1474 erudi-

492 1516 585 1569 tos
606 1511 687 1565 83:
743 1510 954 1566 litteris
1002 1523 1256 1580 namque
1299 1508 1678 1580 consignasse
1728 1508 1909 1563 fertur
1938 1507 2131 1561 Vitam

494 1598 825 1671 Nicephori,
856 1596 1196 1669 patriarchae
1229 1596 1357 1663 CP.,
1419 1596 1517 1667 qui
1576 1596 1779 1651 eodem
1822 1594 2031 1651 saeculo
2076 1612 2133 1650 1x

494 1688 736 1743 ineunte
785 1687 1054 1742 ﬂoruisse
1102 1685 1474 1757 comperitur.
1526 1685 1731 1756 Ecquis
1779 1700 1947 1756 porro
1991 1684 2133 1739 ﬁdes

498 1775 766 1847 scriptori
797 1774 933 1829 huic
965 1773 1314 1842 adhibenda,
1339 1773 1439 1843 qui
1469 1778 1527 1828 et
1546 1773 1909 1828 laudatorem
1942 1772 2135 1843 potius

497 1880 677 1936 quam
730 1862 1074 1917 historicum
1125 1860 1244 1933 agit
1292 1866 1348 1915 et
1398 1860 1500 1915 illa
1552 1878 1677 1933 qua
1727 1860 1928 1916 multis
1988 1854 2215 1917 retroB

499 1950 731 2009 saculis
758 1955 893 2006 ante
940 1949 1127 2022 ipsius
1176 1966 1364 2004 aevum
1408 1949 1721 2020 contigere,
1772 1949 1939 2003 nobis
1968 1964 2132 2003 enar-

498 2038 630 2097 rat?
674 2039 870 2109 Neque
925 2042 1015 2094 est
1071 2038 1225 2109 quod
1280 2038 1413 2108 quis
1470 2043 1729 2109 reponat,
1781 2038 2134 2092 monachum

499 2129 683 2184 istum
708 2128 815 2183 sub
832 2125 1207 2182 Laudationis
1221 2142 1338 2181 suae
1362 2126 2139 2197 ﬁnemtradidisse",pauca

496 2218 603 2273 illa
633 2231 758 2287 quae
786 2216 853 2271 de
882 2216 1157 2271 Barnabas
1186 2216 1297 2269 vita
1327 2218 1381 2269 et
1410 2216 1684 2285 martyrio
1728 2214 2011 2285 perhibet,
2064 2216 2135 2269 ab

496 2314 720 2362 auctore
756 2305 1117 2359 Stromatum
1179 2303 1454 2358 Clemente
1506 2304 1851 2374 aliorumque
1896 2309 2142 2359 veterum

498 2394 741 2465 scriptis,
766 2410 801 2447 a
830 2409 892 2448 se
918 2390 1159 2447 collecta
1190 2391 1371 2446 fuisse
1402 2395 1575 2461 atque
1626 2392 1905 2462 exposita.
1945 2391 2137 2463 Siqui-

502 2483 635 2537 dem
666 2481 727 2534 in
754 2483 1027 2552 promptu
1056 2478 1340 2533 habemus
1372 2496 1497 2549 quae
1530 2480 1600 2532 de
1632 2478 1897 2533 Barnaba
1926 2479 2143 2551 profert

501 2568 771 2625 Clemens
804 2566 1265 2633 Alexandrinus;
1299 2583 1549 2637 quorum
1596 2571 1789 2621 tamen
1832 2566 1924 2622 vix
1957 2567 2141 2621 ullum

501 2656 814 2728 vestigium
846 2654 1001 2727 apud
1026 2654 1382 2709 monachum
1401 2654 1671 2725 Cyprium
1697 2654 1969 2725 reperias.
1996 2654 2146 2708 Reli-

510 2762 627 2816 qua
656 2759 789 2799 vero
821 2759 949 2813 quin
980 2741 1075 2797 ille
1107 2742 1228 2797 sive
1259 2759 1292 2796 a
1327 2742 1627 2797 Theodoro
1676 2742 1925 2805 Lectore.
1959 2742 2080 2797 sive
2114 2760 2148 2797 a

512 2832 641 2891 Nilo
667 2830 1034 2903 Doxopatrio,
1069 2830 1316 2900 aliisque
1349 2831 1493 2885 forte
1550 2830 1835 2901 sequioris
1866 2831 1965 2885 aevi
2006 2830 2146 2885 scri-

512 2920 778 2993 ptoribus
808 2918 1159 2989 desumpsit,
1193 2918 1455 2973 sublesta
1494 2918 1667 2972 nimis
1700 2919 1811 2973 ﬁde
1844 2918 2146 2987 laborant;

513 3008 756 3080 perinde
787 3023 853 3062 ac
883 3006 987 3061 illa
1016 3005 1290 3061 Barnabas
1325 3006 1546 3061 monita
1571 3006 1782 3061 Joanni
1816 3007 2005 3061 Marco
2035 3011 2150 3061 tra-

515 3095 656 3162 dita,
691 3112 818 3167 quae
850 3112 1003 3150 unus
1034 3094 1283 3167 ipsemet
1312 3093 1631 3150 monachus
1668 3094 2005 3152 Laudationi
2032 3112 2151 3149 suae

514 3184 792 3240 intexuit:
829 3184 970 3239 adeo
1004 3187 1069 3238 ut
1098 3182 1319 3238 nullam
1351 3182 1589 3237 omnino
1608 3182 1721 3238 vim
1748 3184 1818 3237 ad
1842 3199 2149 3239 assensum
2181 3208 2224 3274 ρ

515 3272 978 3345 extorquendum
1010 3270 1282 3342 habeant,
1316 3288 1441 3342 quae
1474 3288 1507 3325 a
1534 3270 1919 3343 scriptoribus
1947 3271 2148 3327 istius-

516 3360 675 3418 modi
706 3361 1101 3433 proferuntur.
1134 3359 1393 3415 Graviter
1421 3359 1577 3413 enim
1608 3364 1665 3413 et
1692 3376 1821 3414 vere
1868 3359 2013 3413 dixit
2042 3360 2149 3414 Ba-

515 3449 716 3506 ronius
747 3452 965 3513 noster,
998 3448 1085 3502 vir
1114 3446 1406 3503 maximus
1427 3449 1505 3503 ⁸⁸ε
1558 3447 1709 3515 Quod
1760 3465 1795 3501 a
1847 3449 2152 3503 recentiore

514 3541 734 3593 auctore
784 3538 844 3590 in
885 3536 1045 3591 rebus
1103 3537 1345 3607 antiquis
1395 3537 1513 3590 sine
1560 3537 1796 3607 alicujus
1846 3538 2152 3591 vetustioris

517 3628 840 3681 auctoritate
889 3626 1187 3693 profertur,
1247 3626 1635 3678 contemnitur.
1694 3624 1839 3678 Illud
1922 3641 2153 3696 quoque

517 3711 757 3780 accedit,
790 3711 1010 3765 absona
1037 3710 1310 3780 pleraque
1340 3726 1405 3765 ac
1436 3709 1582 3765 falsa
1618 3710 1678 3765 in
1726 3710 1988 3780 ejusdem
2024 3727 2151 3766 mo-

518 3798 690 3855 nachi
720 3798 1072 3855 Laudatione
1119 3813 1457 3864 occurrere;
1505 3814 1631 3868 qua:
1672 3815 1812 3853 sane
1862 3799 1931 3853 ad
1965 3799 2150 3869 ipsius

515 3887 689 3943 ﬁdem
722 3886 1153 3943 obtundendam
1184 3884 1639 3957 elevandamque
1683 3902 1798 3940 non
1838 3886 2150 3942 minimum

512 3975 780 4030 valeant:
812 3990 928 4045 qua
958 3975 1027 4029 de
1059 3988 1118 4028 re
1151 3973 1207 4027 in
1241 3971 1445 4044 primis
1495 3972 1834 4028 consulendi
1878 3973 2151 4031 laudatus

514 4064 801 4120 Baronius
829 4064 872 4099 ⁸⁸
904 4080 969 4118 ac
1000 4060 1405 4117 Tillemontius
1434 4062 1498 4114 ⁸⁷.
1658 4058 1665 4064 ’

587 4195 690 4250 His
710 4210 841 4251 vero
861 4194 955 4249 vix
976 4195 1115 4249 dum
1144 4193 1225 4249 ita
1244 4193 1551 4260 enarratis,
1585 4195 1655 4249 ad
1688 4211 1900 4250 manus
1922 4200 2150 4253 nostras

515 4282 775 4355 pervenit
793 4281 899 4337 viri
934 4280 1199 4337 doctrina
1228 4286 1286 4337 et
1314 4282 1636 4337 eruditione
1668 4283 1997 4353 praestantis
2028 4300 2153 4355 per-

515 4370 811 4427 eruditum
839 4385 979 4425 sane
1009 4369 1477 4425 Commentarium
1516 4370 1575 4425 in
1603 4379 1754 4426 vetus
1783 4388 2149 4428 marmoreum

514 4458 568 4515 S.
598 4457 973 4528 Neapolitana:
1019 4455 1271 4514 ecclesiae
1306 4458 1720 4524 Kalendarium,
1762 4459 1860 4530 qui
1902 4463 2148 4515 Alexan-

2236 686 2348 723 nus
2380 670 2491 725 fide
2530 671 2743 742 dignus
2784 671 2918 740 jure
2967 670 3134 725 nobis
3179 670 3463 735 videatur,
3518 670 3579 724 in
3628 670 3703 727 iis
3750 686 3875 741 quas

2237 758 2645 828 persequimur
2674 758 3112 830 investigandis.

2310 846 2531 916 Itaque,
2564 852 2627 901 ut
2658 846 2750 902 his
2782 848 3019 902 demum
3051 847 3296 903 certiora
3353 846 3748 917 solidioraque
3780 846 3877 901 ob-

2231 932 2529 1004 jiciamus,
2562 952 2688 1006 quae
2719 936 2787 990 ad
2823 935 3172 990 sententiam
3225 940 3485 991 nostram
3524 936 3878 990 conﬁrman-

2238 1022 2371 1076 dam
2412 1022 2651 1094 pr0pius
2701 1024 3020 1079 accedant:
3072 1024 3328 1095 primum
3380 1022 3614 1094 quidem
3647 1040 3718 1079 ex
3744 1040 3878 1094 apo-

2238 1110 2519 1165 stolorum
2544 1111 2702 1165 Actis
2727 1112 2772 1146 ⁸ο
2801 1111 3165 1183 satisliquet,
3190 1111 3439 1166 Paulum
3478 1112 3632 1167 inter
3661 1116 3721 1167 et
3750 1112 3882 1166 Bar-

2240 1198 2451 1253 nabam
2483 1199 2839 1267 dissensum,
2875 1205 3005 1271 post
3045 1216 3228 1255 unum
3263 1199 3584 1255 alterumve
3617 1216 3879 1256 mensem

2240 1302 2273 1341 a
2303 1293 2499 1342 coacto
2532 1288 3059 1360 Hierosolymitano
3090 1288 3335 1344 concilio
3365 1288 3672 1345 accidisse.
3715 1294 3879 1343 Anno

2239 1379 2435 1429 autem
2485 1375 2835 1447 Dionysiano
2889 1377 2950 1430 54
3007 1376 3276 1431 habitum
3331 1376 3513 1431 fuisse
3561 1375 3879 1432 concilium

2240 1462 2410 1531 illud,
2425 1468 2551 1519 rata
2566 1470 2655 1519 est
2674 1464 3057 1520 celebriorum
3073 1464 3561 1536 chronologorum
3586 1465 3785 1537 opinio
3804 1467 3876 1521 9°:

2240 1552 2500 1623 adeoque
2531 1551 2639 1607 hoc
2666 1552 2791 1624 ipso
2822 1569 2996 1619 anno,
3046 1553 3166 1608 sive
3216 1557 3280 1608 ut
3320 1554 3570 1609 maxime
3618 1553 3730 1609 sub
3774 1555 3882 1609 ini-

2238 1640 2387 1694 tium
2439 1640 2800 1711 insequentis
2854 1642 2926 1696 52
2979 1642 3256 1697 Barnahze
3304 1660 3337 1697 a
3383 1641 3563 1698 Paulo
3603 1643 3883 1698 discessio

2241 1727 2557 1800 contigisse
2586 1729 2831 1785 videtur.
2862 1730 2995 1785 Jam
3025 1747 3156 1786 vero
3188 1735 3439 1801 quatuor
3482 1735 3584 1785 aut
3622 1730 3887 1803 quinque

2245 1821 2376 1886 post
2392 1832 2576 1872 annos
2598 1817 2669 1871 ab
2701 1834 2766 1872 eo
2789 1817 3053 1887 divortio,
3076 1822 3394 1889 utrumque
3425 1818 3639 1873 iterum
3680 1835 3883 1874 conve-

2246 1903 2422 1970 nisse,
2450 1904 2603 1959 haud
2636 1905 2901 1970 obscure,
2935 1922 3062 1961 meo
3094 1907 3332 1978 quidem
3360 1905 3578 1973 animo,
3630 1923 3660 1961 e
3691 1908 3887 1978 priore

2244 1991 2315 2045 ad
2348 1991 2675 2047 Corinthios
2724 1993 2978 2064 Epistola
3007 1994 3301 2067 colligitur
3321 1995 3387 2049 °'.
3442 1994 3525 2049 lbi
3556 1994 3713 2050 enim
3749 1996 3886 2051 Bar-

2246 2080 2406 2134 nabas
2435 2081 2594 2135 velut
2623 2082 2763 2135 socii
2814 2081 3090 2137 fidissimi
3124 2082 3392 2137 meminit
3448 2082 3765 2154 Apostolus
3796 2083 3889 2139 his

2246 2168 2435 2223 verbis
2461 2186 2473 2223 :
2507 2170 2766 2239 Nunquid
2796 2187 2907 2225 non
2935 2170 3194 2225 habemus
3235 2175 3561 2242 potestatem
3592 2171 3889 2227 mulierem

2244 2272 2481 2311 sororem
2513 2258 2977 2325 circumducendi,
3009 2261 3147 2315 sicut
3194 2268 3244 2314 et
3290 2262 3486 2316 caeteri
3534 2261 3796 2331 apostoli,
3837 2269 3889 2315 et

2244 2348 2446 2416 fratres
2472 2346 2707 2413 Domini,
2740 2350 2791 2401 et
2822 2347 3026 2418 Cephas
3048 2351 3073 2400 .9
3100 2354 3211 2402 Aut
3237 2363 3334 2415 ego
3388 2348 3536 2402 solus
3583 2356 3636 2403 et
3673 2350 3889 2403 Barna-

2249 2434 2341 2487 bas
2369 2449 2478 2489 non
2510 2434 2768 2489 habemus
2814 2438 3127 2505 potestatem
3175 2437 3276 2491 hoc
3322 2436 3642 2507 aperandi?
3690 2437 3887 2491 Enim-

2249 2538 2404 2591 vero,
2437 2526 2537 2576 aut
2566 2538 2670 2594 ego
2702 2522 2952 2578 maxime
2978 2522 3164 2589 fallor,
3211 2528 3314 2578 aut
3368 2524 3663 2579 Barnabas
3714 2524 3890 2580 Paulo

2252 2610 2602 2675 adhaerebat,
2638 2611 2778 2665 dum
2811 2612 2882 2666 de
2929 2627 2995 2666 eo
3042 2611 3164 2666 hinc
3213 2612 3508 2667 scribebat
3553 2612 3896 2685 Apostolus.

2254 2697 2417 2752 Prior
2447 2701 2638 2752 autem
2673 2699 2745 2753 ad
2776 2698 3104 2754 Corinthios
3156 2698 3411 2770 Epistola
3457 2716 3607 2753 anno
3632 2700 3703 2753 56
3744 2698 3904 2754 desi-

2257 2789 2427 2840 nente
2444 2786 2508 2850 9’,
2540 2786 2627 2840 vel
2654 2787 2723 2839 57
2756 2787 2993 2842 ineunte
3021 2789 3087 2853 ⁸³,
3110 2788 3333 2859 scripta
3353 2787 3716 2859 perhibetur.
3741 2788 3905 2843 Unde

2259 2890 2508 2945 pronum
2558 2878 2647 2929 est
2693 2890 2937 2945 arguere
2982 2876 3336 2942 Barnabam,
3377 2880 3690 2947 postquam
3751 2891 3815 2932 se
3876 2894 3909 2931 a

2260 2963 2438 3017 Paulo
2464 2964 2814 3034 seiunxerat,
2853 2980 3005 3020 anno
3030 2965 3125 3033 51,
3149 2965 3273 3035 jam
3306 2964 3441 3019 inde
3484 2969 3619 3037 post
3648 2969 3908 3037 quatuor

2258 3050 2345 3105 vel
2380 3051 2640 3122 quinque
2670 3068 2960 3107 annorum
2985 3053 3264 3124 spatium,
3290 3058 3356 3107 ut
3377 3053 3550 3109 modo
3570 3053 3905 3123 innuimus,

2264 3138 2323 3193 in
2356 3139 2483 3209 ejus
2515 3140 2753 3194 demum
2785 3140 3123 3196 societatem
3155 3140 3398 3197 rediisse
3428 3158 3442 3195 :
3474 3146 3538 3195 ut
3560 3142 3806 3213 proinde
3824 3142 3903 3197 nil

2264 3227 2503 3297 mirum,
2535 3228 2585 3283 si
2612 3228 2860 3284 Joannis
2890 3229 3066 3284 Marci
3099 3228 3377 3285 Barnabas
3412 3229 3749 3285 consobrini
3779 3244 3901 3285 me-

2260 3316 2497 3371 minerit
2527 3316 2844 3388 Apostolus
2876 3332 3032 3373 anno
3061 3318 3151 3387 62,
3185 3318 3326 3372 dum
3350 3318 3420 3373 ad
3443 3317 3824 3375 Colossenses
3850 3323 3907 3374 et

2263 3405 2334 3459 ad
2367 3404 2764 3460 Philemonem
2796 3406 3106 3472 scriberet;
3134 3405 3446 3477 ipsumque
3474 3407 3536 3461 in
3558 3406 3769 3478 primis
3816 3423 3902 3462 re-

2260 3496 2494 3547 censeat
2539 3510 2690 3548 anno
2732 3494 2823 3560 67,
2878 3510 2995 3564 quo
3044 3494 3361 3549 secundam
3411 3495 3480 3550 ad
3523 3494 3898 3551 Timotheum

2261 3580 2497 3651 scripsit
2528 3580 2866 3652 Epistolam,
2900 3581 3053 3637 inter
3100 3598 3201 3638 eos
3239 3582 3430 3638 socios
3477 3570 3755 3654 aquibus
3799 3583 3907 3639 sibi

2262 3668 2675 3723 assistentibus
2706 3673 3102 3740 opportunum
3125 3670 3183 3725 in
3208 3670 3331 3725 suis
3353 3669 3604 3726 vinculis
3631 3670 3906 3728 solatium

2263 3757 2457 3811 Romae
2490 3755 2790 3828 reciperet.

2331 3844 2528 3915 Neque
2553 3849 2780 3899 tantum
2814 3846 3117 3901 desinente
3146 3862 3297 3902 anno
3326 3846 3418 3913 56,
3450 3847 3551 3902 sed
3582 3847 3763 3902 etiam
3796 3848 3905 3903 sub

2262 3933 2561 4004 sequentis
2598 3934 2668 3987 57
2710 3933 2886 3989 ﬁnem
2934 3934 3021 3990 vel
3084 3936 3329 3991 fortasse
3372 3934 3611 3991 ineunte
3663 3936 3758 4001 58,
3792 3952 3908 4008 quo

2258 4024 2520 4093 tempore
2550 4022 2838 4092 posterior
2866 4023 3147 4094 inscripta
3177 4022 3288 4077 fuit
3314 4023 3632 4079 Corinthiis
3674 4024 3903 4095 Episto-

2259 4108 2398 4175 la",
2449 4108 2625 4164 vitam
2672 4109 2865 4165 adhuc
2918 4110 3109 4182 egisse
3153 4111 3501 4181 Barnabam,
3548 4117 3908 4168 censuerunt

2262 4195 2531 4251 nonnulli
2586 4196 2960 4252 ecclesiastici
3011 4198 3324 4270 scriptores
3371 4199 3600 4254 Joanne
3657 4198 3908 4273 Chryso-

2262 4288 2449 4339 stomo
2480 4284 2860 4355 antiquiores.
2896 4286 2979 4340 Ad
3012 4285 3111 4340 illa
3139 4285 3297 4341 enim
3328 4285 3583 4358 Apostoli
3624 4287 3800 4344 verba
3822 4288 3901 4343 ἰε

2259 4373 2513 4428 Misimus
2568 4374 2739 4428 etiam
2763 4390 2888 4428 cum
2919 4375 3015 4431 illo
3046 4376 3298 4443 fratrem,
3352 4376 3505 4442 cuius
3553 4376 3673 4430 laus
3726 4384 3810 4431 est
3842 4377 3901 4430 in

2261 4462 2564 4528 Evangelia
2590 4477 2691 4532 per
2715 4478 2898 4517 omnes
2926 4462 3214 4530 Ecclesias,
3249 4462 3368 4517 haec
3394 4463 3635 4518 adnotat
3660 4462 3904 4535 chryso-

515 4546 603 4602 dri
661 4546 931 4601 monachi
989 4561 1228 4601 causam
1286 4546 1709 4602 defendendam
1769 4550 2047 4620 suscepit,
2081 4550 2142 4604 il-

2256 4554 2482 4604 stemus
2504 4551 2583 4605 96:
2642 4548 2739 4602 Καὶ
2795 4548 2877 4610 τίς
2934 4549 3089 4610 οὗτός
3151 4549 3289 4603 ἐστὶν
3346 4550 3375 4603 ὁ
3421 4546 3697 4627 ἀδελφόςς
3757 4552 3903 4611 Τινὲς

511 4635 753 4707 lumque
806 4633 1016 4690 saeculo
1071 4650 1125 4689 νι
1208 4634 1508 4690 desinente
1592 4636 1859 4692 ﬂoruisse
1916 4642 2147 4693 conten-

512 4723 598 4781 dit
625 4723 688 4777 ⁸⁸.
740 4721 1008 4778 Dolemus
1055 4722 1347 4778 enimvero
1396 4723 1585 4778 serius
1645 4723 1813 4780 nobis
1857 4724 2149 4782 detectum

515 4827 683 4884 opus,
716 4827 830 4882 quo
857 4810 1140 4866 hactenus
1172 4810 1326 4866 dicta
1350 4815 1647 4881 utcunque
1669 4813 2033 4883 temperandi
2066 4815 2151 4870 fa-

511 4900 699 4956 cultas
731 4901 867 4956 data
896 4903 1068 4955 esset.
1122 4900 1193 4953 At
1240 4897 1383 4953 illud
1444 4898 1651 4954 saltem
1700 4901 1960 4955 concedit
1990 4902 2038 4955 V
2090 4908 2149 4957 G.

510 4988 671 5044 hunc
702 4987 1056 5043 monachum
1087 4987 1382 5058 Cyprium,
1418 5010 1443 5036 ‹‹
1480 5003 1595 5042 non
1620 4986 1871 5042 multum
1913 4989 2150 5059 quidem

500 5075 725 5147 judicio
755 5076 1030 5145 valuisse,
1064 5090 1169 5130 nec
1222 5092 1350 5131 raro
1399 5075 1455 5130 in
1516 5074 1689 5146 paulo
1720 5076 2152 5147 antiquioribus

508 5164 684 5221 rebus
706 5181 740 5220 a
757 5164 997 5220 veritate
1018 5163 1355 5219 aberrasse:
1385 5163 1526 5234 quin
1559 5167 1616 5218 et
1634 5163 1937 5220 insulanas
1960 5182 2154 5221 narra-

581 5287 906 5361 °3_Fabric.,
939 5286 1082 5361 Bibl.
1106 5285 1235 5361 _Gr.,
1268 5290 1409 5361 tom.
1440 5287 1502 5355 X,
1535 5289 1826 5361 pag._é73f
1863 5358 1880 5361 _
1905 5290 1951 5361 ν
1979 5288 2137 5343 Alex.
2172 5292 2345 5358 Mon.,
2381 5292 2533 5361 apud
2558 5290 2818 5347 Bolland.
2854 5291 2891 5347 l.
2928 5309 3001 5359 c.,
3030 5310 3192 5348 num.
3224 5296 3280 5360 8,

2263 4638 2353 4709 μὲν
2398 4638 2487 4691 τὸν
2543 4643 2775 4691 Λουκᾶνσ
2808 4638 2897 4692 καί
2955 4659 3079 4715 φασι
3141 4637 3229 4692 διὰ
3284 4638 3382 4706 τὴν
3436 4636 3670 4713 ἱστορίαν
3732 4638 3901 4713 ἥνπερ

2261 4722 2481 4799 ἔγραψε.
2538 4726 2690 4787 Τινὲς
2765 4724 2822 4780 δὲ
2878 4726 2969 4780 τὸν
3043 4720 3334 4801 Βαρνάϐαν·
3393 4726 3480 4779 καὶ
3536 4726 3638 4801 γὰρ
3695 4726 3787 4780 καὶ
3838 4727 3900 4781 τὸ

2261 4810 2495 4890 ἄγραφον
2564 4815 2822 4889 κήρυγμα
2882 4813 3211 4889 Εὐαγγέλιον
3270 4812 3444 4869 καλεῖ.
3504 4817 3571 4871 Et
3637 4818 3900 4887 quisnam

2261 4912 2340 4958 est
2361 4904 2452 4958 hic
2480 4906 2702 4973 frater?
2750 4906 3016 4959 Nonnulli
3069 4903 3292 4975 quidem
3338 4904 3422 4958 his
3482 4904 3655 4959 verbis
3693 4908 3900 4962 Lucam

2262 4992 2575 5061 signiﬁcari
2616 4995 2853 5063 putant:
2906 5002 3068 5064 atque
3122 4993 3218 5047 hoc
3271 4992 3457 5047 dicunt
3504 4994 3729 5064 propter
3781 5010 3899 5049 eam

2265 5080 2557 5134 historiam
2588 5097 2748 5151 quam
2786 5080 2987 5135 litteris
3033 5081 3345 5136 mandavit.
3389 5081 3501 5135 Alii
3542 5095 3663 5136 vero
3690 5081 3901 5137 Barna-

2267 5168 2391 5222 bam
2418 5186 2436 5223 :
2466 5171 2668 5223 etenim
2734 5169 3173 5240 pradicationem
3230 5184 3439 5239 quoque
3479 5184 3589 5224 non
3638 5172 3903 5243 scriptam

3306 5309 3362 5366 p.
3395 5292 3516 5348 l138.
3593 5293 3638 5366 ἥδ
3668 5294 3895 5362 Baron.,

512 5357 805 5433 praelocut.
835 5358 1136 5433 adAnnal.
1172 5358 1324 5433 eccli,
1354 5362 1495 5433 tom.
1534 5357 1575 5433 Ι3
1609 5357 1637 5424 §
1665 5358 1752 5433 42.
1785 5359 1828 5393 ⁸⁸
1862 5358 1969 5425 Id.,
2004 5361 2166 5433 ibid,
2200 5362 2269 5415 ad
2303 5378 2397 5417 an.
2417 5357 2520 5424 54,
2550 5364 2577 5430 §
2606 5363 2675 5415 53
2696 5368 2753 5417 et
2784 5362 2940 5419 alibi.
2969 5357 3012 5398 ⁸⁷
3035 5357 3287 5429 Ἧιιεω.;
3308 5357 3480 5421 ’Μεγιι
3504 5364 3659 5428 eccl.,
3684 5368 3827 5422 tom.
3851 5357 3894 5433 l,

510 5444 644 5499 pag.
680 5428 799 5484 442,
825 5428 931 5481 655
959 5433 1015 5482 et
1046 5444 1208 5498 seqq.

1285 5430 1327 5463 ⁸³
1360 5429 1639 5495 Mazoch.,
1676 5431 1993 5495 Comment.,
2027 5430 2136 5486 vol.
2176 5434 2241 5494 ll,

2316 5448 2406 5503 ag.
2438 5434 2699 5488 555-557.
2733 5435 2777 5468 ευ
2822 5437 2945 5489 Act.
2996 5453 3090 5504 xv,
3137 5436 3327 5489 30-36.
3406 5437 3449 5469 οο
3477 5433 3606 5489 Vid.
3643 5435 3891 5503 Tillem.,

508 5500 1020 5579 rn'ém_.q:rl.,ntom.
1052 5499 1094 5567 Ι,
1132 5500 1417 5579 pag_.
1474 5501 1591 5579 Λθξῐ
1624 5504 1852 5579 (loris,
1900 5502 1956 5565 5,
1986 5503 2043 5579 6ἐ
2117 5503 2161 5536 92
2209 5499 2466 5579 Τίινιεξῃλλ
2511 5504 2553 5579 l._
2593 5521 2667 5579 ci,
2701 5521 2760 5579 p._
2980 5499 3303 5579 _f’3iPears.
3363 5506 3561 5579 Annal.
3592 5508 3800 5579 fitqu
3834 5499 3885 5579 p.

509 5568 610 5651 35;
647 5568 805 5651 Mill.
841 5569 1140 5651 Prolegom'.
1174 5569 1241 5651 ad
1361 5572 1454 5651 Τηή
1471 5570 1609 5651 §.9.A
1658 5572 1701 5606 9‘
1729 5568 1981 5651 'I_‘illem_..,
2016 5576 2142 5627 Peai

2256 5578 2307 5651 et
2350 5573 2489 5628 Mill.
2540 5568 2811 5631 locis'cit.
2888 5577 2931 5610 ⁰⁵
2978 5574 3022 5628 ΙΙ
3070 5578 3198 5632 Cor.
3249 5594 3371 5646 νιιι,
3424 5578 3510 5631 48.
3587 5576 3630 5612 9°
3661 5568 3884 5651 Chrys,

505 5638 665 5695 hom.
701 5642 752 5692 8.
790 5656 843 5691 ll]
876 5638 1057 5707 Epist.
1091 5640 1139 5692 Il
1171 5640 1241 5693 ad
1272 5646 1395 5695 Cor.
1429 5644 1455 5708 §
1486 5642 1536 5706 4,
1571 5641 1714 5712 Opp.
1747 5646 1889 5696 tom.
1923 5642 1989 5707 X,
2023 5660 2153 5714 pag.
2180 5644 2305 5698 564.
