4090 6340
222 408 347 477 697

1621 402 2208 469 PROLEGOMENA
2221 447 2235 463 .

3505 388 3628 456 698

226 541 592 613 Evangelium
646 544 951 614 nuncupat.
1012 539 1175 597 Unde
1221 539 1413 597 videas
1463 539 1873 611 Clirysostomo
1902 539 1958 605 Α
1986 542 2101 594 stet
2130 538 2479 603 Barnabam,
2511 536 2768 607 adeoque
2786 533 3071 591 Joannem
3115 532 3375 586 Marcum
3421 544 3630 585 conso-

226 630 375 686 item
394 629 629 703 probari
648 646 849 685 eorum
862 634 1123 686 veterum
1138 630 1487 700 scriptorum
1502 627 1875 693 sententiam,

228 718 332 792 qui
359 717 618 791 Apostoli
650 720 827 773 verba
848 720 918 773 de
948 718 1213 773 Barnaba
1232 719 1463 773 fuerunt
1493 716 1873 789 interpretati.

223 806 446 862 Verum
498 806 867 878 apertissime
921 805 1309 861 Theodoritus
1360 806 1417 861 in
1465 806 1737 860 eumdem
1788 804 1877 859 lo-

227 911 365 950 cum
414 895 458 929 ⁹⁷
507 910 520 949 :
566 894 666 946 Τὸν
719 892 1107 969 τρισμακάριον
1166 889 1438 967 Βαρνάϐαν
1496 893 1563 945 τὰ
1620 890 1879 965 εἰρημένα

227 980 643 1058 χαρακτηρίζει.
698 980 871 1042 Αὐτὸς
921 982 1021 1057 γὰρ
1070 982 1158 1034 καὶ
1214 981 1265 1035 ὲν
1317 979 1624 1055 Ἀντιοχείᾳ
1662 978 1751 1033 σὺν
1800 984 1879 1050 τῷ

232 1070 485 1147 μακαρίῳ
542 1069 744 1141 Παύλῳ
780 1113 793 1138 ,
847 1076 945 1139 τῆς
1005 1069 1341 1145 χειροτονίας
1416 1068 1685 1142 τετύχηκε
1717 1113 1730 1139 ,
1781 1071 1877 1121 τοῦ

226 1154 377 1211 Θείου
425 1156 739 1227 Πνεύματος
791 1155 1094 1232 εἰρηκότοςο
1150 1155 1467 1232 Ἀφορίσατε
1524 1153 1588 1224 δή
1646 1176 1735 1227 μοι
1788 1155 1879 1209 τὸν

228 1239 508 1320 Βαρνάϐαν
574 1245 664 1298 καὶ
720 1244 810 1299 τὸν
868 1243 1102 1315 Σαῦλον,
1165 1244 1240 1306 εἷς
1296 1245 1356 1297 τὸ
1413 1240 1571 1319 ἔργον
1628 1245 1657 1297 ὃ
1712 1263 1878 1317 προσ-

230 1332 755 1405 κέκλημαιάὐτούς.
788 1337 916 1391 Hac
964 1335 1127 1389 verba
1173 1334 1461 1405 designant
1508 1335 1879 1390 beatissimum

229 1424 571 1480 Barnabam.
619 1426 734 1494 Ipse
779 1439 1017 1495 namque
1061 1423 1364 1479 Antiochia:
1383 1440 1503 1478 cum
1527 1422 1677 1479 beato
1706 1424 1880 1479 Paulo

228 1513 518 1570 ordinatus
558 1515 654 1580 est,
703 1511 912 1567 dicente
960 1512 1148 1567 divino
1194 1512 1405 1584 Spiritu
1454 1531 1472 1566 :
1522 1535 1549 1561 ‹‹
1597 1513 1881 1583 Segregate

228 1601 380 1656 mihi
408 1601 737 1656 Barnabam
767 1606 824 1656 et
853 1601 1107 1667 Saulum,
1140 1602 1210 1656 ad
1248 1618 1382 1672 opus
1409 1601 1478 1656 ad
1529 1601 1668 1671 quod
1700 1604 1883 1657 vocavi

228 1704 339 1744 eos.
375 1710 405 1737 »
435 1688 636 1760 Neque
665 1688 823 1743 aliud
858 1704 999 1745 sane
1030 1690 1277 1745 suadere
1319 1690 1548 1744 videtur
1578 1694 1881 1745 contextus

229 1775 539 1833 Paulinus.
567 1777 867 1849 Siquidem
894 1776 1082 1833 verbis
1106 1778 1276 1833 modo
1306 1778 1563 1833 recitatis
1591 1778 1658 1833 de
1682 1780 1879 1849 fratre,

627 1868 730 1967 est.
763 1868 820 1919 in
866 1867 1180 1967 .Eivangelio
1232 1883 1332 1967 per
1360 1883 1541 1923 omnes
1592 1868 1877 1967 Ecclesias,
1914 1902 1961 1967 Β

228 1952 437 2013 subdit
465 1952 669 2009 statim
700 1955 1015 2025 Apostolus
1051 1970 1064 2009 :
1098 1955 1216 2010 Non
1243 1957 1421 2011 solum
1469 1964 1671 2021 autem,
1709 1956 1805 2011 sed
1831 1960 1884 2013 et

226 2042 524 2097 ordinatus
600 2050 680 2097 est
733 2058 909 2098 comes
958 2046 1422 2115 peregrinationis
1477 2048 1699 2100 nostra.
1742 2044 1882 2109 Quis

227 2146 405 2205 porro
438 2146 633 2186 comes
656 2131 763 2185 iste
783 2131 811 2184 Ἰ
840 2131 965 2187 Non
988 2135 1313 2197 Lucas,non
1342 2132 1633 2196 Silas,non
1655 2132 1878 2204 Apollo,

227 2234 349 2273 non
379 2218 636 2274 Joannes
669 2219 920 2287 Marcus,
958 2223 1023 2273 ut
1053 2219 1316 2275 nonnulli
1346 2225 1569 2276 veteres
1598 2224 1655 2276 et
1684 2236 1879 2276 recen-

231 2307 415 2362 tiores
447 2311 843 2374 censuerunt;
900 2307 1000 2363 sed
1036 2307 1199 2363 solus
1242 2309 1558 2364 Barnabas.
1592 2307 1695 2364 Hic
1724 2308 1881 2365 enim

226 2412 385 2450 unus
409 2394 623 2466 legitur
644 2395 1055 2469 χειροτονηθεὶς
1088 2392 1425 2467 συνέκδημος
1454 2398 1709 2467 ἠμῶνμη
1738 2401 1881 2453 Pau-

227 2482 326 2537 lus
358 2482 576 2538 ibidem
620 2482 916 2555 loquitur;
951 2484 1023 2538 ad
1079 2482 1179 2539 illa
1225 2485 1427 2556 procul
1475 2485 1653 2540 dubio
1697 2485 1880 2557 respi-

226 2571 410 2641 ciens,
466 2588 591 2643 quae
637 2572 707 2627 de
758 2588 821 2629 se
871 2572 998 2644 ipso
1048 2576 1105 2627 et
1152 2574 1412 2629 Barnaba
1458 2574 1773 2629 traduntur
1821 2574 1878 2628 in

224 2660 394 2715 Actis
431 2660 475 2694 ⁸⁸
520 2656 668 2714 εΚαί
716 2657 983 2723 ἐπιθέντες
1030 2658 1125 2721 τὰς
1175 2665 1364 2735 χεῖρας
1414 2660 1619 2732 αὐτοῖς,
1677 2660 1877 2716 ἀπέλυ-

226 2767 346 2815 σαν,
375 2749 534 2820 quod
569 2748 843 2821 nuspiam
875 2749 946 2805 de
976 2748 1106 2806 aliis
1136 2766 1407 2822 expresse
1435 2750 1706 2824 legimus.

301 2854 456 2920 Quid
487 2855 640 2926 quod
701 2854 857 2911 idem
914 2856 974 2911 S.
1004 2855 1263 2911 Joannes
1312 2856 1721 2929 Crysostomus
1751 2874 1879 2913 cen-

228 2943 428 3001 suisse
460 2958 694 3014 quoque
721 2943 970 3010 videtur,
1007 2948 1071 2998 ut
1100 2943 1221 2999 viro
1253 2945 1481 3002 erudito
1512 2950 1777 3002 notatum
1813 2947 1876 3015 9°,

228 3031 558 3088 Barnabam
592 3031 971 3102 superstitem
1004 3032 1197 3089 adhuc
1246 3033 1448 3103 fuisse,
1494 3035 1635 3089 dum
1669 3035 1739 3090 ad
1773 3036 1877 3091 Co-

225 3119 526 3175 lossenses
555 3118 866 3190 Apostolus
887 3120 1255 3175 scriberet.ln
1278 3120 1380 3177 illa
1400 3122 1555 3177 enim
1580 3123 1754 3179 verba
1787 3124 1873 3179 ¹⁰⁰;

226 3208 451 3264 Salutat
504 3223 660 3264 vos...
709 3208 922 3264 Marcus
974 3210 1325 3265 consobrinus
1398 3211 1691 3278 Barnabas,
1757 3211 1877 3267 haec

224 3297 408 3353 habet
438 3296 498 3352 S.
531 3297 735 3352 doctor
765 3299 781 3331 ¹
820 3314 832 3351 :
866 3294 965 3351 Καὶ
996 3300 1185 3351 τοῦτον
1219 3296 1546 3369 ἐνεκωμίασε
1590 3299 1727 3361 τὲως
1774 3298 1880 3354 ἀπὸ

223 3390 329 3452 τῆς
384 3381 716 3458 συγγενείαςι
777 3383 946 3457 μέγας
1006 3382 1109 3458 γὰρ
1181 3385 1247 3453 ἧν
1298 3385 1437 3459 ἀυὴρ
1496 3386 1523 3440 ὁ
1580 3382 1876 3459 Βαρνάϐας.

228 3472 365 3546 Περὶ
428 3470 491 3525 οὗ
553 3468 772 3527 ἐλάϐετε
838 3471 1079 3542 ἐντολὰς,
1140 3471 1227 3527 ἐὰν
1301 3471 1433 3546 ἔλθῃ
1510 3475 1644 3549 πρὸς
1718 3476 1878 3547 ὑμᾶς,

227 3558 451 3631 δέξασθε
519 3559 705 3620 αὐτόν.
773 3560 832 3614 Τί
890 3562 1030 3636 γάρ;
1091 3560 1189 3617 οὐκ
1241 3558 1498 3636 ἐδέχοντο
1557 3563 1646 3618 καὶ
1703 3565 1879 3639 χωρὶς

222 3649 467 3718 τούτου;
520 3649 626 3703 ναί’
678 3648 825 3705 ἀλλὰ
876 3651 1010 3722 μετὰ
1066 3648 1283 3719 πολλῆς
1312 3658 1411 3719 τῆς
1457 3649 1698 3720 σπουδῆς
1756 3652 1881 3727 βού-

223 3738 423 3811 λομαι,
474 3736 629 3815 φησί·
679 3737 768 3792 καὶ
815 3743 975 3793 τοῦτο
1020 3740 1111 3793 τὸν
1170 3736 1333 3812 ἄνδρα
1401 3737 1634 3795 δείκνυσι
1692 3739 1876 3816 μέγαν.

218 3830 377 3887 Hunc
405 3843 617 3900 quoque
637 3829 759 3899 jam
791 3828 1035 3885 laudavit
1061 3845 1133 3885 ex
1172 3831 1491 3897 cognatione
1519 3848 1538 3886 :
1572 3834 1689 3885 erat
1730 3833 1881 3886 enim

228 3916 524 3973 Barnabas
552 3917 640 3972 vir
666 3933 921 3987 magnus.
955 3939 983 3967 ‹‹
1014 3918 1086 3974 De
1128 3934 1232 3988 quo
1260 3920 1537 3990 accepistis
1564 3919 1832 3975 mandata
1860 3938 1879 3974 :

222 4009 275 4063 si
302 4007 520 4063 venerit
548 4006 622 4062 ad
648 4021 763 4071 vos,
795 4006 1056 4076 suscipite
1088 4007 1274 4062 illum.
1310 4031 1330 4058 ι
1387 4006 1525 4073 Quid
1554 4023 1683 4063 vero
1710 4011 1736 4061 ?
1771 4024 1879 4064 non

226 4094 397 4151 aliter
439 4094 848 4165 suscepissent?
892 4095 1147 4151 Maxime.
1201 4094 1304 4151 Sed
1350 4111 1475 4149 cum
1511 4111 1738 4164 magno,
1787 4098 1879 4153 in—

225 4184 367 4254 quit,
401 4181 587 4238 studio
617 4198 636 4237 :
671 4190 723 4238 et
761 4181 858 4239 hoc
886 4199 1148 4251 magnum
1202 4185 1384 4239 virum
1420 4184 1675 4239 ostendit.
1725 4184 1881 4239 Scri-

220 4275 387 4343 ptam
433 4274 632 4329 autem
656 4255 847 4329 'anno
879 4271 950 4329 62
989 4270 1172 4329 fuisse
1204 4270 1354 4327 hanc
1402 4272 1472 4327 ad
1504 4270 1879 4328 Colossenses

222 4357 573 4430 Epistolam,
610 4374 679 4415 ex
707 4358 965 4416 virorum
995 4360 1359 4415 eruditorum
1395 4360 1686 4416 sententia
1715 4376 1881 4430 supe-

1988 628 2224 683 brinum
2285 643 2481 697 suum,
2549 630 2680 697 post
2729 622 3145 679 discessionem
3195 636 3228 673 a
3276 616 3450 674 Paulo
3499 634 3626 689 quae

1986 734 2138 772 anno
2189 717 2254 771 51
2315 714 2631 787 contigisse
2678 714 2885 767 merito
2916 710 3305 773 existimatur,
3353 705 3625 779 Apostolo

1990 806 2197 861 iterum
2227 806 2345 875 jam
2380 803 2697 859 adhasisse
2728 818 2879 856 anno
2908 802 2998 865 56,
3028 799 3170 870 quin
3202 802 3259 853 et
3288 796 3522 867 inZvivis
3553 795 3625 851 ad

1988 894 2103 949 huc
2134 893 2325 966 egisse
2357 909 2509 947 anno
2537 896 2661 946 tum
2689 891 2779 955 58,
2802 894 2927 943 tum
2949 890 3041 955 62,
3064 901 3251 958 neque
3280 884 3511 957 uspiam
3534 900 3631 956 ap-

1990 987 2207 1054 pareat,
2276 981 2471 1052 ipsum
2527 984 2659 1035 ante
2722 976 3311 1049 Hierosolymitanum
3369 972 3626 1028 exidium

1990 1086 2333 1142 supremum
2365 1069 2518 1123 diem
2553 1067 2768 1123 obiisse
2801 1083 2813 1121 :
2847 1070 2912 1120 ut
2963 1064 3205 1137 proinde
3252 1062 3398 1117 nihil
3429 1061 3621 1119 obstet

1989 1175 2104 1229 quo
2138 1155 2333 1211 minus
2366 1160 2495 1227 post
2525 1171 2743 1211 annum
2774 1155 2864 1221 70,
2898 1169 3013 1223 quo
3042 1148 3368 1224 πανολεθρία
3397 1149 3499 1205 illa
3526 1150 3627 1205 Ju-

1989 1246 2158 1301 daica
2192 1244 2453 1316 contigit,
2485 1244 2613 1315 ejus
2639 1244 2697 1297 in
2728 1240 2988 1314 Epistola
3016 1257 3123 1295 sua
3154 1239 3492 1295 meminisse
3521 1255 3629 1294 au-

1991 1339 2113 1390 ctor
2138 1333 2411 1405 potuerit.
2443 1332 2661 1387 Verum
2706 1332 2813 1385 hac
2845 1331 2916 1385 de
2946 1345 3006 1384 re
3051 1327 3411 1383 Mazochium
3462 1325 3530 1381 V.
3564 1325 3625 1381 Ο.

1990 1422 2147 1479 adire
2178 1425 2413 1495 praestat
2440 1423 2482 1489 9,
2529 1421 2628 1492 qui
2660 1436 2728 1475 ex
2776 1418 2934 1474 Actis
2960 1416 3171 1473 Joanni
3221 1416 3411 1470 Marco
3442 1414 3631 1469 tribu-

1990 1512 2067 1568 tis
2098 1512 2329 1583 copiose
2387 1511 2530 1566 satis
2585 1526 2650 1565 ac
2708 1507 2933 1564 erudite
2990 1506 3061 1561 de
3121 1521 3273 1561 anno
3321 1501 3629 1566 emortuali

1990 1602 2048 1657 S.
2100 1600 2377 1655 Barnabas
2428 1616 2587 1670 ages,
2650 1598 2845 1669 ipsum
2896 1611 3050 1651 anno
3096 1595 3167 1649 76
3206 1592 3419 1647 Christi
3458 1591 3633 1648 ﬁdem

1990 1706 2095 1745 suo
2136 1688 2421 1760 sanguine
2462 1687 2862 1759 consignasse,
2918 1685 3090 1757 longe
3133 1681 3445 1740 verisimile
3498 1695 3631 1736 cen-

1991 1782 2080 1833 set
2091 1819 2103 1834 .

2628 1863 2860 1919 CAPUT
2900 1862 2989 1917 IV.

2113 1956 2345 2023 Quanta
2371 1958 2445 2009 sit
2471 1954 2839 2021 auctoritatis,
2867 1954 2916 2008 et
2940 1950 3135 2022 quanti
3163 1946 3504 2004 mstimanda.

2061 2062 2191 2117 Jam
2225 2077 2379 2125 vero,
2412 2064 2476 2115 ut
2506 2064 2736 2130 quantae
2764 2058 2842 2112 sit
2873 2055 3238 2112 auctoritatis
3266 2055 3467 2109 eadem
3499 2052 3631 2124 Epi—

1992 2150 2160 2215 stola,
2192 2151 2428 2203 demum
2461 2147 2879 2220 dispiciamus;
2926 2145 3086 2200 illam
3120 2142 3358 2198 maximi
3388 2157 3517 2198 esse
3548 2142 3632 2197 fa-

1993 2239 2263 2294 ciendam
2301 2237 2550 2309 quisque
2573 2236 2707 2306 jure
2734 2234 3029 2299 fatebitur,
3064 2236 3191 2286 tum
3222 2247 3324 2302 pro
3351 2228 3636 2301 dignitate

1992 2333 2169 2399 atque
2218 2324 2643 2382 existimatione
2692 2339 2869 2395 quam
2922 2320 3061 2377 olim
3108 2320 3261 2391 apud
3304 2316 3634 2373 vetustissi-

1992 2431 2119 2470 mos
2147 2413 2573 2470 ecclesiasticos
2603 2410 2916 2482 scriptores
2947 2407 3221 2475 obtinuit,
3262 2411 3388 2463 tum
3419 2406 3478 2461 in
3510 2406 3628 2478 pri-

1991 2501 2105 2557 mis
2148 2501 2311 2557 illius
2360 2501 2545 2573 pretio
2576 2517 2641 2556 ac
2685 2499 2933 2555 utilitate
2982 2513 3159 2568 quam
3211 2512 3279 2551 ex
3326 2511 3395 2551 ea
3434 2494 3493 2550 in
3525 2494 3629 2549 Ec-

1990 2590 2225 2646 clesiam
2258 2590 2517 2645 derivare
2547 2591 2908 2659 compertum
2940 2590 3047 2642 est.
3083 2608 3111 2635 ‹‹
3142 2586 3213 2641 Ει
3244 2600 3405 2652 sane,
3436 2582 3627 2639 verbis

1990 2684 2123 2737 utor
2150 2678 2415 2735 Dacherii
2447 2679 2509 2734 V.
2557 2681 2615 2733 C.
2649 2678 2690 2747 ³,
2738 2691 3073 2749 quanquam
3126 2672 3443 2746 Epistolam
3474 2672 3627 2728 hanc

1908 2774 1911 2777 “
1988 2785 2093 2841 pro
2124 2767 2405 2824 canonica
2435 2771 2491 2822 et
2526 2770 2686 2822 extra
2733 2764 3115 2820 dubitandam
3148 2764 3321 2818 fidem
3364 2761 3629 2835 legitima

1990 2856 2233 2914 minime
2286 2857 2687 2929 proferamus:
2741 2853 2959 2927 stylum
3006 2857 3202 2908 tamen
3251 2869 3312 2907 re
3340 2867 3476 2907 vera
3504 2867 3630 2906 ma-

1980 2945 2214 3017 jestatis
2246 2944 2575 3016 apostolicae
2599 2944 2863 3013 dignum,
2889 2941 3311 3012 materiamque
3332 2939 3630 2996 nascentis

1988 3034 2255 3090 Ecclesiae
2296 3034 2470 3089 rebus
2519 3033 3015 3088 accommodatam
3061 3046 3175 3085 non
3225 3030 3397 3084 modo
3453 3027 3627 3099 sapit,

1988 3122 2317 3194 sedingerit
2346 3122 2520 3178 etiam
2552 3120 3030 3177 clementioribus
3056 3118 3337 3174 lectorum
3360 3116 3624 3188 judiciis:

1992 3212 2074 3267 ita
2124 3217 2206 3278 ut,
2250 3212 2299 3267 si
2346 3208 2598 3286 πορφύρα
2644 3208 2788 3284 παρά
2846 3208 2944 3275 τὴν
2994 3207 3273 3283 πορφύραν
3330 3202 3624 3276 διακριτὲα,

1992 3300 2246 3372 profecto
2279 3300 2349 3355 de
2378 3316 2487 3354 sua
2515 3314 2649 3354 cum
2680 3303 3020 3352 caterorum
3051 3293 3448 3366 apostolorum
3481 3293 3624 3349 scri—

1991 3389 2107 3460 ptis
2154 3386 2605 3459 comparatione,
2649 3384 2991 3457 suﬂ'ragium
3033 3383 3355 3439 secundum
3396 3397 3631 3454 sperare

1991 3476 2216 3531 debeat.
2272 3497 2299 3524 »
2348 3475 2476 3530 Haec
2516 3474 2632 3529 ille.
2683 3474 2807 3537 Qua
2837 3473 2908 3527 de
2959 3487 3018 3527 re
3064 3488 3171 3526 nos
3219 3486 3452 3543 quoque
3483 3486 3630 3526 non-

1991 3563 2152 3619 nulla
2182 3563 2356 3636 paulo
2386 3567 2540 3627 ante,
2571 3579 2697 3634 cap.
2731 3566 2767 3615 2
2795 3560 3122 3633 attigimus.

2061 3652 2210 3707 Illud
2242 3668 2373 3707 vero
2403 3650 2774 3723 potissimum
2835 3650 3293 3705 animadvertere
3315 3648 3552 3719 juverit,
3601 3665 3631 3704 e

1990 3742 2264 3797 Barnabas
2295 3739 2548 3811 Epistola
2601 3739 2918 3795 Ecclesiam
2971 3738 3317 3795 catholicam
3370 3738 3625 3809 praesidii

1989 3829 2309 3901 plurimum
2342 3832 2534 3901 petere
2564 3830 2635 3884 ad
2667 3828 3064 3885 Unitariorum
3093 3827 3451 3899 impietatem
3475 3842 3627 3881 ever-

1988 3919 2245 3986 tendam,
2275 3917 2717 3988 doctrinamque
2738 3917 3118 3972 ortbodoxam
3146 3916 3216 3971 de
3238 3915 3377 3971 Jesu
3409 3913 3624 3969 Christi

1992 4006 2119 4062 Filii
2157 4008 2251 4062 Dei
2280 4009 2348 4078 τῇ
2379 4004 2709 4082 προϋπάρξει
2750 4010 2994 4077 ejusque
3036 4008 3117 4075 τῷ
3162 3999 3405 4076 ὁμουσίῳ
3456 4002 3623 4057 forti-

1989 4100 2078 4151 ter
2108 4096 2483 4151 astruendam
2515 4095 3045 4166 stabiliendamque
3073 4110 3085 4147 :
3117 4098 3181 4147 ut
3210 4096 3341 4164 post
3370 4091 3624 4148 Bullum‘

1990 4190 2048 4239 et
2087 4184 2367 4240 Grabium
2398 4185 2419 4220 ⁸
2448 4183 2717 4255 pluribus
2739 4183 2993 4238 ostendit
3019 4182 3105 4236 vir
3135 4182 3343 4237 doctus
3373 4181 3629 4236 Pruden-

1988 4272 2109 4330 tius
2143 4272 2421 4327 Maran‘us
2449 4273 2490 4328 ⁸.
2536 4272 2617 4327 De
2658 4271 2880 4327 caeteris
2924 4287 3095 4343 porro
3142 4269 3482 4327 Christianae
3525 4270 3626 4325 do-

1990 4361 2189 4416 ctrinm
2221 4361 2529 4432 capitibus,
2562 4377 2629 4416 ex
2651 4361 2854 4416 eadem
2884 4359 3143 4432 Epistola
3172 4360 3466 4425 eruendis,
3511 4376 3627 4431 pra

224 4448 354 4504 rius
378 4446 658 4503 vidimus.
691 4447 775 4503 Ex
817 4447 1035 4518 quibus
1083 4463 1241 4521 ergo,
1275 4448 1323 4502 si
1370 4446 1579 4519 prioris
1609 4447 1878 4519 Epistola
1992 4449 2237 4520 reliquis
2267 4466 2453 4520 nuper
2482 4449 2624 4505 satis
2654 4450 2878 4505 erudite
2916 4448 3191 4505 disseruit
3220 4448 3292 4504 cl.
3326 4447 3627 4504 Marecha-

225 4535 616 4592 Corinthiace
644 4536 821 4593 verba
848 4536 905 4593 in
940 4536 1199 4593 medium
1232 4536 1484 4593 adducta
1526 4536 1703 4608 probe
1728 4537 1878 4593 acci-
1990 4538 2086 4594 lus
2114 4539 2155 4592 ’⁷.
2192 4538 2290 4592 [Iis
2321 4544 2517 4594 autem
2546 4538 2831 4594 hactenus
2873 4537 3195 4593 observatis
3245 4537 3455 4593 addere
3487 4536 3629 4591 libet

226 4623 469 4696 piantur
496 4644 510 4692 ;
564 4623 615 4680 si
654 4623 1098 4694 Theodoritum,
1146 4624 1370 4680 Joanne
1399 4624 1881 4696 Chrysostomum
1913 4620 1960 4684 D
1992 4644 2060 4683 ex
2090 4626 2298 4682 Vossio
2328 4626 2348 4661 ⁸
2373 4631 2431 4682 et
2460 4626 2643 4681 Hodic
2674 4628 2717 4693 ο,
2764 4633 2819 4680 8.
2870 4627 3195 4682 Barnabam
3246 4624 3511 4697 quamvis
3559 4640 3628 4679 ex

228 4727 452 4783 eosque
483 4712 796 4784 scriptores
827 4712 1249 4772 ecclesiasticos
1280 4730 1427 4784 quos
1459 4714 1613 4768 idem
1643 4719 1880 4770 sanctus
1993 4716 2189 4772 Graeca
2222 4715 2360 4770 LXX
2388 4716 2550 4771 virali
2582 4716 2845 4771 versione
2892 4715 3203 4786 Scriptum
3241 4714 3367 4769 loca
3413 4713 3631 4769 descri-

228 4802 435 4859 doctor
465 4799 782 4869 collaudat,
813 4818 928 4873 prae
970 4801 1293 4859 Alexandro
1340 4802 1646 4869 monacho,
1680 4807 1746 4858 ut
1777 4820 1883 4875 par
1994 4805 2130 4861 bere
2159 4805 2524 4860 consueverit
2552 4805 2897 4877 plerumque
2927 4809 3118 4859 tamen
3160 4802 3502 4859 Hebraicam
3532 4818 3629 4856 ve-

228 4894 345 4957 est,
379 4889 697 4949 audiamus
738 4907 752 4945 :
785 4889 1257 4949 concludendum
1304 4891 1556 4961 profecto
1587 4891 1721 4959 erit,
1750 4891 1880 4947 ina-
1991 4892 2221 4948 ritatem
2256 4897 2521 4947 secutum
2555 4893 2949 4964 fuisse.Cujus
2978 4892 3214 4964 quidem
3238 4891 3319 4946 rei
3350 4894 3415 4946 ut
3442 4906 3626 4946 unum

229 4993 368 5041 nam
400 4993 530 5035 esse
560 4976 837 5042 Tentselii
871 4977 1280 5048 objectionem,
1313 4977 1472 5033 illius
1501 4982 1730 5034 tantum
1763 4995 1882 5035 mo-
1988 4980 2078 5035 vel
2110 4980 2355 5036 alterum
2388 4982 2717 5054 exemplum
2769 4982 2826 5036 in
2877 4982 3136 5037 medium
3182 4980 3527 5051 proferatur,
3558 4994 3628 5033 ex

222 5065 400 5122 nacbi
431 5065 623 5139 Cyprii
653 5065 990 5122 testimonio
1043 5065 1341 5133 innixam;
1397 5083 1530 5123 cum
1562 5067 1705 5124 satis
1735 5084 1872 5123 con-
1992 5068 2147 5139 LXX,
2180 5068 2336 5125 Isaiae
2367 5087 2517 5141 xxw,
2552 5070 2618 5125 16
2647 5070 2770 5125 haic
2813 5068 3020 5124 recitat
3067 5073 3266 5123 auctor
3318 5068 3362 5105 ιο
3411 5084 3424 5122 :
3483 5061 3625 5119 Ἰδοὺ

291 5278 340 5313 ⁸⁷
384 5276 673 5334 Theodor.
726 5280 788 5333 in
832 5278 1006 5350 Epist.
1056 5278 1109 5334 II
1152 5278 1221 5333 ad
1253 5278 1373 5334 Cor.
1422 5294 1541 5347 vm,
1588 5278 1793 5347 18,19,
1826 5278 1971 5361 Opp.
2018 5283 2162 5363 tom.
2207 5280 2468 5406 lII,Lpag.
2500 5281 2622 5336 243.
2702 5282 2746 5317 9°
2774 5284 2896 5336 Act.
2931 5297 3054 5347 xm,
3087 5282 3138 5337 3.
3216 5282 3261 5316 ’θ
3300 5280 3551 5347 Tillem.,
3585 5280 3626 5337 l.

291 5390 305 5406 .
341 5364 400 5406 ι).
433 5349 536 5404 413
610 5350 680 5391 ίοο
706 5348 927 5405 Coloss.
963 5366 1038 5406 ιν.
1075 5351 1159 5405 10.
1238 5349 1601 5406 ‘Cbrvsost..
1635 5350 1770 5406 hom
1804 5351 1865 5404 11
1900 5367 1961 5405 ιη
1989 5353 2157 5406 Epist.
2206 5351 2273 5405 ad
2352 5352 2532 5406 oloss..
2592 5352 2621 5406 8
2665 5354 2719 5406 2.
2769 5353 2917 5406 Onn.
2964 5356 3107 5406 tom.
3158 5351 3251 5406 XI.
3314 5368 3445 5406 nan.
3501 5352 3625 5406 406.

229 5364 400 5424 c.,_p.
433 5349 536 5424 413
610 5350 680 5424 ίξο
706 5348 927 5405 Coloss.
963 5366 1038 5424 iv,
1075 5351 1159 5405 10.
1238 5350 1253 5385 ¹
1284 5349 1601 5424 Chrysost.,
1635 5350 1770 5424 hom
1804 5348 1878 5424 11

1993 5353 2157 5424 Epist,
2206 5351 2276 5424 ad
2314 5348 2532 5424 (lutosa,
2592 5352 2719 5424 §2,
2769 5353 2929 5424 Opp.
2964 5356 3107 5407 tom.
3158 5351 3251 5421 XI,
3314 5368 3445 5424 pag.
3501 5352 3625 5409 406.

229 5368 305 5413 c.,
341 5368 400 5419 p.
433 5368 536 5404 us
610 5368 680 5391 -π
706 5368 927 5405 υοιοιε.
963 5368 1038 5417 ιν,
1075 5368 1159 5405 ιυ.
1238 5368 1253 5385 ι
1284 5368 1601 5421 onrysost.,
1635 5368 1770 5406 nom
1804 5368 1865 5404 ιι
1900 5368 1961 5405 ιη
1989 5368 2157 5421 δριδι,
2206 5368 2271 5405 αα
2314 5368 2532 5418 uctoss.,
2592 5368 2621 5424 9
2665 5368 2719 5419 κ,
2769 5368 2812 5407 υ
2904 5393 2917 5406 .
2964 5368 3107 5407 tom.
3158 5368 3251 5421 λι,
3314 5369 3387 5423 pa
3432 5392 3445 5407 .
3501 5368 3625 5409 quo.

227 5420 249 5455 ³
281 5418 564 5501 Mazoch.,
616 5420 911 5502 Comment.
967 5422 1029 5475 in
1074 5428 1176 5476 vet.
1228 5437 1426 5475 marm.
1460 5421 1712 5487 Kalend,
1762 5420 1874 5475 vol.
1928 5421 1996 5487 ΙΙ,
2026 5439 2084 5493 p.
2134 5423 2389 5476 570-572.
2465 5423 2487 5456 ³
2517 5423 2782 5494 Dacher.,
2819 5370 3012 5495 gpist.
3050 5440 3309 5497 nuncup.
3344 5368 3427 5479 ag
3492 5424 3625 5479 rim.

241 5490 383 5545 edit.
444 5491 724 5550 Menardi.
786 5492 971 5548 Paris.
1031 5493 1187 5546 1645.
1264 5493 1287 5524 ⁸
1318 5491 1462 5546 Bull.
1521 5493 1639 5550 Def.
1695 5491 1785 5550 ﬁd.
1845 5492 1986 5550 Nic..
2039 5498 2179 5547 sect.
2240 5510 2278 5550 I.
2312 5509 2437 5550 can.
2480 5495 2534 5550 2.
2566 5496 2669 5550 .82.
2702 5500 2757 5549 et
2782 5499 2921 5550 sect.
2954 5512 3079 5550 can.
3112 5496 3167 5550 2.
3197 5499 3224 5550 8
3263 5506 3304 5549 ι.
3380 5494 3401 5529 ⁵
3431 5440 3625 5550 ἕταὺ..

241 5490 383 5571 edit.
409 5564 419 5571 .
444 5491 724 5571 Menardi,
786 5492 974 5571 Paris,
996 5493 1224 5571 _164_5;_
1264 5493 1287 5524 ‘
1318 5491 1492 5571 Bull._
1516 5493 1639 5571 _Def.
1674 5491 1806 5571 ῥά.
1845 5492 2007 5571 Nic,
2027 5490 2179 5571 sect.
2240 5510 2278 5561 ι,
2312 5509 2437 5564 cap.
2480 5495 2534 5571 2_,
2566 5490 2921 5571 §2,_et:sect‘.
2954 5496 3167 5571 ca_p:_2.
3197 5499 3224 5565 §

230 5562 447 5636 Annot.
482 5562 627 5636 ibid.
660 5576 792 5634 pag.
826 5563 917 5628 21,
950 5563 1035 5621 44.
1115 5563 1138 5636 ε
1169 5562 1417 5636 Maran,_,
1441 5564 1617 5636 Dicin
1666 5564 1727 5618 ι).
1760 5567 1828 5636 1v.
1876 5604 1878 5613 ι

1993 5562 2049 5636 2.,
2098 5563 2307 5636 ὕμιν,
2340 5562 2463 5635 cap.
2496 5566 2550 5631 2,
2586 5562 2933 5636 p.'37l-373.
3012 5562 3336 5633 7'Marecb.,
3369 5565 3625 5621 Concord.

481 5629 840 5711 Peres,'t6r_n_.
872 5637 919 5701 Ι,
950 5648 1083 5705 pag.
1119 5634 1144 5693 1
1181 5650 1305 5711 seq.
1379 5629 1404 5668 ³
1430 5634 1737 5711 IsLVoss.)
1767 5634 1843 5689 De
1868 5635 2267 5711 translatLXX
2294 5629 2438 5711 ιξηιιξ,
2472 5629 2603 5710 ω’ρῖ
2630 5637 2721 5706 21,
2752 5653 2883 5711 pag.
3078 5639 3099 5673 9
3128 5629 3353 5694 Humt‘r.
3387 5638 3533 5693 Hcd.
3556 5638 3631 5693 De

225 5703 375 5773 Bibl,
406 5706 540 5760 text.
571 5706 735 5775 orig,,
768 5703 872 5761 lib.
906 5703 988 5775 ni,
1021 5703 1146 5776 cap.
1177 5705 1230 5760 3.
1264 5703 1397 5778 pag.
1428 5704 1553 5761 277.
1632 5706 1676 5739 ¹⁰
1703 5709 1875 5759 Barn.
1910 5704 2114 5779 Epist,
2146 5722 2271 5779 cap.
2293 5707 2350 5761 6.
