4118 6340
484 420 604 484 699

1662 427 1728 490 S.
1773 427 1873 489 BA
1883 425 2190 490 RNABAS
2233 422 2717 495 APOSTOLUS.

3768 430 3893 494 700

487 547 754 625 ἐμϐάλλει)
832 552 909 616 εἰς
963 554 1030 608 τὰ
1098 551 1323 628 θεμέλια
1378 556 1518 610 Σιὼν
1572 555 1727 612 ’λίθον
1795 556 2073 625 πολυτελῆ
2110 604 2123 628 ,

2241 560 2441 616 subdit
2474 579 2485 617 :
2520 563 2658 631 Quid
2686 564 2834 619 dicat
2862 564 2896 632 ἡ
2951 566 3148 625 nam
3200 562 3489 637 (Cognitio,
3538 563 3659 620 sive
3699 563 3888 619 Scien-

488 640 762 711 ἒκλεκτὸν,
836 643 1246 719 ἀκρογωνιαῖον,
1336 643 1574 717 ἔντιμον.
1665 648 1853 704 Verba
1931 654 2126 703 tamen

489 733 751 804 proxime
797 734 1215 805 subsequentia
1254 752 1320 789 ex
1375 736 1611 791 Hebrao
1644 738 1797 791 fonte
1850 737 2057 807 repetit
2112 754 2124 790 :

489 820 586 873 Καὶ
634 822 694 882 ὃς
740 819 949 875 ἐλπίσει
1008 820 1086 875 ἐπ’
1138 822 1317 893 αὐτὸν,
1380 825 1596 892 ζήσεται
1659 823 1733 884 εἷς

485 912 549 965 Et
577 912 673 981 qui
700 914 1004 981 speraverit
1036 915 1092 967 in
1143 911 1331 979 illum,
1381 915 1520 969 vivet
1562 915 1621 967 in
1668 922 1957 970 aeternum.
2020 913 2125 968 Ubi

488 999 674 1055 LXX:
711 998 866 1051 Καὶὸ
905 1000 1171 1053 πιστεύων
1224 1000 1284 1053 οὐ
1338 1002 1412 1071 μὴ
1463 1004 1847 1076 καταισχυνθῇ,
1899 1005 1959 1057 Et
2008 1018 2127 1057 cre-

483 1088 615 1142 dens
664 1104 776 1143 non
813 1089 1195 1159 confundetur.
1231 1090 1381 1144 Alibi
1435 1096 1628 1145 autem
1674 1108 1741 1144 ex
1786 1091 1927 1144 Gen.
1962 1108 2021 1157 ll,
2071 1094 2123 1155 2,

484 1175 606 1231 haec
654 1176 830 1232 habet
889 1180 928 1212 ¹¹
999 1195 1011 1231 :
1073 1176 1168 1229 Καὶ
1234 1174 1565 1231 συνετέλεσεν
1625 1178 1675 1249 (ὁ
1744 1177 1895 1249 Θεὸς)

482 1263 664 1337 ἡμέρᾳ
706 1268 772 1336 τῇ
824 1258 1063 1337 ἐϐδόμῃ,
1117 1286 1167 1317 κ.
1204 1286 1252 1322 τ,
1308 1265 1359 1319 λ.
1409 1269 1471 1321 Et
1517 1269 1915 1322 consummavit
1948 1267 2126 1335 (Deus)

486 1354 541 1406 in
571 1352 660 1407 die
689 1356 935 1424 septima,
970 1360 1078 1409 etc.
1110 1357 1181 1408 At.
1212 1355 1371 1419 LXX,
1435 1353 1485 1407 ἐν
1541 1358 1609 1425 τῇ
1666 1354 1847 1428 ἡμέρᾳ
1876 1359 1942 1425 τῇ
1981 1352 2123 1425 ἕκτῃ,

480 1458 543 1495 ιη
567 1441 656 1497 die
682 1447 855 1497 sexta.
892 1443 1037 1497 Hinc
1070 1444 1126 1497 S.
1170 1443 1558 1515 Hieronymus
1595 1443 1652 1497 in
1689 1443 2126 1499 Traditionibus

480 1528 777 1586 Hebraicis
828 1547 841 1586 :
892 1533 997 1586 Pro
1046 1532 1131 1586 die
1177 1535 1352 1601 sexta,
1404 1535 1460 1587 in
1495 1532 1712 1587 Hebraeo
1759 1532 1903 1586 diem
1955 1534 2123 1601 septi-

480 1636 631 1672 mam
663 1620 838 1674 habet.
865 1620 1043 1684 Quem
1078 1621 1135 1674 in
1162 1620 1357 1675 locum
1379 1621 1549 1691 plura
1574 1622 1839 1675 observat
1860 1621 2124 1675 eruditus

481 1706 731 1762 Grabius
762 1709 830 1773 η,
864 1708 1043 1779 digna
1068 1726 1220 1763 sanae
1250 1726 1373 1778 quae
1421 1710 1573 1780 apud
1609 1710 1799 1780 ipsum
1836 1708 2119 1779 legantur.

478 1794 608 1849 Alia
638 1812 770 1851 vero
819 1797 1108 1867 ejusmodi
1162 1797 1447 1869 exempla,
1501 1814 1568 1853 ex
1615 1798 1816 1853 eadem
1870 1796 2121 1868 Epistola

479 1885 814 1955 repetenda.

1778 822 1869 877 τὸν
1935 824 2128 890 αἰῶνα,

1954 1176 2005 1230 ἐν
2058 1180 2125 1249 τῇ

1135 1974 1366 2029 CAPUT
1404 1975 1468 2028 V.

477 2061 757 2116 Iudicium
787 2063 855 2116 ct.
887 2064 1152 2119 ΜαωεΙιίἱ
1179 2082 1196 2117 :
1228 2065 1382 2134 cujus
1411 2065 1575 2119 etiam
1604 2063 1836 2118 eruditae
1874 2063 2125 2117 observa-

557 2133 820 2206 tionesin
868 2135 1076 2204 aliquot
1121 2133 1367 2206 ejusdem
1406 2134 1849 2206 Epistolgetoca,
1900 2134 2128 2204 reliquis

558 2203 861 2258 editoribus
886 2203 1186 2276 praeterita,
1217 2208 1277 2260 in
1304 2203 1553 2261 medium
1582 2204 1955 2259 adducuntur.

553 2328 661 2382 Sed
696 2344 827 2383 ecce
856 2328 964 2383 tibi
993 2329 1083 2383 vir
1132 2329 1507 2385 doctissimus
1559 2329 1728 2398 cujus
1778 2328 1950 2400 paulo
1993 2333 2127 2383 ante

480 2414 883 2482 meminimus,
919 2418 1058 2472 dum
1092 2418 1373 2473 Barnabas
1404 2421 1567 2489 gesta
1600 2418 1726 2472 fuse
1756 2417 2128 2489 persequitur

479 2503 743 2575 miraque
775 2506 992 2577 ingenii
1030 2507 1369 2561 dexteritate
1401 2506 1676 2575 illustrat,
1696 2507 1918 2576 aliquot
1946 2505 2122 2560 etiam

485 2592 614 2661 ejus
643 2593 909 2664 Epistolas
939 2594 1066 2649 loca
1094 2595 1325 2666 egregie
1356 2612 1458 2664 pro
1489 2610 1649 2649 more
1680 2611 1786 2650 suo
1817 2594 2120 2649 edisserit:

481 2684 546 2735 ut
578 2682 820 2750 proinde
844 2699 1028 2753 opera:
1060 2684 1312 2754 pretium
1336 2699 1429 2738 me
1451 2683 1740 2738 facturum
1772 2681 2121 2751 existimem,

481 2768 530 2825 si
561 2767 887 2826 luculentas
929 2771 1089 2827 illius
1133 2771 1565 2826 observationes
1606 2770 1714 2826 hoc
1751 2770 1859 2827 loci
1908 2771 2123 2825 descri-

480 2857 638 2912 bam.
672 2858 766 2913 Sic
815 2864 1010 2914 autem
1059 2876 1122 2914 se
1154 2859 1370 2914 habent
1402 2860 1445 2895 13
1489 2877 1502 2914 :
1550 2882 1578 2909 ‹‹
1610 2859 1689 2913 Ex
1718 2875 1833 2930 quo
1865 2859 2121 2930 primum

480 2949 741 3017 tempore
754 2946 824 3001 ab
840 2947 1079 3019 Hugone
1093 2947 1370 3002 Menardo
1385 2946 1682 3018 publicam
1697 2946 1885 3002 lucem
1902 2946 2125 3017 aspexit

480 3033 737 3105 Epistula
767 3051 895 3106 quae
926 3036 1036 3091 sub
1068 3036 1347 3091 Barnabas.
1396 3035 1640 3107 apostoli
1672 3035 1908 3090 nomine
1940 3053 1973 3089 a
2003 3034 2122 3090 Cle-

480 3127 675 3177 mente
707 3122 1113 3180 Alexandrino.
1148 3123 1395 3195 Origene
1441 3128 1498 3178 et
1547 3123 1677 3178 aliis
1708 3123 1943 3178 laudata
1974 3123 2119 3189 fuit;

478 3215 562 3265 tot
584 3211 710 3282 jam
742 3212 997 3267 virorum
1028 3212 1563 3268 eruditissimorum
1595 3212 2121 3267 animadversioni-

476 3271 891 3371 bus-patuit,ut
917 3317 1414 3373 supervacaneum
1441 3300 1518 3356 sit
1548 3301 1872 3371 quidquam
1906 3300 1965 3354 in
1993 3318 2120 3355 eam
2155 3271 2196 3337 Ο

481 3389 613 3443 novi
646 3390 905 3461 aggredi.
938 3392 1155 3446 Tamen
1190 3390 1376 3446 obiter
1404 3387 1563 3443 illam
1596 3388 1953 3460 percurrenti
1984 3388 2124 3443 inci-

485 3477 696 3531 derunt
724 3478 869 3531 mihi
902 3479 1165 3549 qutedam
1202 3478 1331 3533 aliis
1364 3477 1670 3550 prmterita,
1714 3494 1839 3549 quae
1873 3477 1965 3531 hic
1997 3477 2122 3531 bre-

482 3565 629 3619 viter
658 3581 1046 3637 aspergerem.

559 3671 587 3704 ι
639 3653 824 3724 Caput
876 3655 911 3707 6
964 3654 1046 3709 sic
1102 3655 1309 3726 incipit
1355 3657 1479 3707 Ὅτε
1532 3651 1622 3707 οὖν
1673 3653 1919 3723 ἐποίησεν
1980 3652 2123 3707 ἐντο-

485 3738 611 3812 λήν,
662 3746 769 3797 etc.
820 3745 958 3799 Cum
1004 3748 1188 3798 autem
1231 3744 1365 3815 fecit
1410 3760 1764 3797 PRECEPTUM
1796 3743 2124 3814 (Christus),

482 3830 615 3901 quid
641 3830 828 3887 dicit?
868 3832 974 3899 Qui
1030 3841 1112 3887 est
1159 3833 1255 3902 qui
1299 3832 1579 3901 iudicetur
1605 3835 1864 3885 mecum?
1912 3836 1969 3885 et
1999 3848 2127 3903 qua:

484 3936 656 3991 porro
690 3936 759 3975 ex
792 3920 951 3975 Isaiae
983 3938 1034 3987 L,
1068 3926 1120 3986 8,
1171 3920 1226 3987 9,
1260 3920 1479 3975 recitat.
1513 3919 1616 3974 Hic
1665 3920 1970 3975 observatu
2013 3937 2127 3975 non

484 4006 793 4080 indignum
828 4013 936 4077 est,
970 4006 1219 4079 ἐντολήν,
1247 4016 1606 4080 praeceptum,
1639 4007 1901 4063 absolute
1945 4013 1997 4063 et
2029 4025 2130 4079 per

487 4097 888 4153 excellentiam
920 4098 1111 4153 vocari
1162 4098 1350 4152 Patris
1392 4097 1721 4167 jussionem
1755 4098 1824 4152 de
1858 4097 2123 4152 Incarna-

486 4186 643 4240 tione
673 4191 731 4240 et
761 4191 877 4241 toto
922 4186 1195 4242 humanis
1242 4186 1627 4257 reparationis
1677 4185 1925 4258 negotio,
1973 4186 2126 4256 quod

485 4270 707 4332 ἐντολὰς
751 4278 848 4327 τοῦ
900 4273 1130 4348 Πατρός,
1188 4278 1467 4346 praecepta
1521 4276 1726 4340 Patris,
1784 4279 1948 4329 vocat
2006 4275 2129 4345 ipse

483 4361 771 4427 Christus,
791 4366 959 4419 Joan.
992 4381 1083 4430 xv,
1115 4365 1193 4418 :0.
1217 4369 1298 4418 Ac
1330 4363 1597 4419 fortassis
1620 4362 1903 4417 alluditur
1933 4380 1967 4417 a
1998 4362 2129 4417 Bar-

481 4450 635 4505 naba
664 4451 736 4505 ad
769 4450 908 4506 illud
944 4451 1155 4523 psalmi
1185 4469 1375 4520 xxx1x,
1402 4452 1458 4519 8,
1488 4452 1523 4504 9
1570 4468 1583 4505 :
1629 4452 1770 4506 Tunc
1798 4451 1921 4505 dixi
1951 4468 1969 4505 :
2000 4451 2130 4506 Ecce

480 4540 753 4594 venio.....
786 4547 847 4594 ut
872 4541 1079 4611 faciam
1106 4540 1437 4595 voluntatem
1469 4548 1616 4595 tuam
1650 4556 1668 4592 :
1701 4555 1876 4609 quam
1925 4540 2126 4593 volun-

2155 1918 2203 1981 B

2240 650 2338 721 tia)
2368 650 2576 707 discite.
2613 675 2641 701 «
2674 654 2898 724 Sperate
2926 656 2987 708 in
3034 671 3181 719 eum,
3231 657 3331 726 qui
3358 671 3419 709 in
3447 670 3615 709 carne
3641 654 3889 727 manife-

2236 739 2458 794 standus
2504 749 2583 796 est
2637 743 2805 807 vobis,
2863 744 3068 797 Jesum.
3128 742 3408 808 Γνώσεως,
3448 744 3714 806 scientia,
3776 759 3885 797 no-

2240 828 2393 882 mine
2424 846 2541 884 aevo
2591 829 2906 901 apostolico
2950 830 3278 887 intellectas
3310 831 3495 885 fuisse
3554 846 3799 884 arcanas
3830 834 3890 884 et

2238 914 2573 987 allegoricas
2637 919 2846 974 veteris
2889 920 3116 974 fas-deris
3166 920 3646 991 signiﬁcationes,
3710 934 3881 973 nemo

2239 1004 2486 1075 ignorat.
2546 1007 2623 1062 Ea
2672 1012 2760 1063 est
2791 1008 2969 1063 Ctavis
3020 1010 3279 1073 scientiae,
3336 1008 3394 1061 in
3428 1025 3544 1077 qua
3590 1008 3701 1062 sibi
3736 1007 3882 1079 legis

2238 1093 2454 1162 peritos
2489 1095 2776 1165 placuisse
2816 1097 3086 1151 Christus
3136 1097 3353 1152 notavit
3400 1098 3462 1150 ν’.
3513 1099 3584 1150 At
3612 1096 3723 1150 hoc
3756 1112 3881 1149 am—

2239 1182 2391 1252 plius
2422 1183 2517 1238 hic
2551 1185 3093 1251 animadvertimus,
3125 1186 3675 1251 I‘vc‘imv,scientiam,
3708 1186 3880 1254 quasi

2237 1268 2453 1325 librum
2486 1272 2673 1337 citari,
2724 1277 2779 1326 et
2818 1290 2887 1327 ex
2943 1289 3007 1327 eo
3059 1272 3235 1327 verba
3287 1271 3384 1327 illa
3431 1270 3672 1343 proferri
3706 1286 3720 1323 :
3753 1271 3882 1340 Spe-

2236 1362 2378 1425 rate,
2414 1363 2524 1414 etc.
2554 1362 2714 1425 Quod
2749 1362 2984 1431 quidem
3018 1377 3086 1414 ex
3114 1359 3405 1416 Clemente
3436 1357 3885 1414 Alexandrino“

2238 1446 2419 1501 multo
2451 1452 2540 1503 est
2568 1449 2913 1519 evidentius,
2949 1449 3046 1503 ubi
3104 1449 3225 1503 haec
3270 1449 3447 1503 verba
3496 1464 3565 1502 ex
3617 1446 3887 1501 Barnaba

2237 1535 2319 1589 sic
2353 1536 2693 1602 recitantur,
2728 1542 2795 1592 ut
2832 1535 3013 1612 φησίν,
3047 1538 3202 1608 quod
3251 1537 3345 1591 hic
3392 1536 3575 1601 deest,
3608 1533 3882 1605 supplea-

2238 1628 2336 1677 tur
2369 1641 2381 1678 :
2418 1625 2559 1691 Quid
2586 1625 2731 1680 dicat
2774 1625 3039 1694 Cognitio,
3071 1625 3265 1679 discite
3299 1642 3312 1680 :
3346 1620 3657 1692 Ἐλπίσατε,
3693 1620 3882 1697 φησὶν,

2236 1709 2327 1764 ἐπὶ
2356 1710 2470 1778 τόν,
2504 1718 2610 1767 etc.
2645 1715 2886 1784 Sperate,
2932 1712 3144 1783 inquit,
3193 1714 3252 1767 in
3298 1728 3442 1777 eum,
3492 1715 3627 1777 etc.,
3662 1710 3745 1765 uti
3774 1727 3882 1764 su-

2235 1817 2357 1871 pra.
2408 1800 2510 1855 Ubi
2560 1801 2997 1867 animadvertis,
3048 1800 3191 1855 illud
3231 1797 3391 1876 φησίν
3444 1800 3635 1854 afferri
3686 1814 3753 1853 ex
3782 1813 3885 1853 ore

2235 1889 2532 1955 Barnabas,
2564 1890 2765 1960 utique
2794 1906 2862 1944 ex
2894 1890 3237 1958 Cognitionis
3281 1889 3400 1943 sive
3437 1888 3700 1943 Scientiae
3730 1885 3882 1941 libro

2236 1976 2492 2033 citantis.
2546 1977 2745 2032 Plures
2793 1977 2931 2032 olim
3001 1976 3180 2033 fuisse
3230 1976 3569 2047 hujusmodi
3619 1976 3886 2031 Scientiw

2236 2064 2419 2120 libros
2448 2065 2842 2135 circumlatos,
2878 2066 2947 2120 ab
2979 2064 3197 2120 Judaeis
3242 2064 3550 2136 allegorica
3599 2061 3880 2119 sectanti-

2236 2154 2349 2209 bus
2381 2155 2885 2226 conscriptos,non
2917 2158 3005 2209 est
3036 2154 3395 2208 dubium.Ad
3434 2169 3533 2208 eos
3564 2168 3702 2223 ergo
3736 2151 3887 2206 Bar-

2234 2242 2419 2297 nabas
2453 2242 2799 2314 plerumque
2847 2241 3077 2313 ablegat
3119 2241 3385 2307 lectores,
3419 2239 3519 2295 ubi
3556 2240 3628 2294 ad
3663 2238 3885 2310 allego-

2236 2330 2351 2385 rias
2382 2330 2728 2402 digreditur.
2763 2330 2991 2386 Scimus
3020 2330 3338 2385 hodienum
3369 2328 3429 2383 in
3459 2330 3769 2398 largumim
3800 2326 3888 2381 lo-

2236 2435 2302 2473 ca
2332 2418 2636 2491 complura
2658 2420 2727 2474 ad
2762 2419 3035 2474 Messiam
3060 2417 3259 2474 referri
3292 2435 3303 2472 :
3353 2418 3510 2489 quod
3546 2433 3614 2471 ex
3672 2417 3888 2471 eadem

2236 2506 2433 2560 Γνώσει
2464 2507 2743 2562 manavit.
2793 2506 3126 2562 Notandum
3167 2511 3256 2560 est
3304 2510 3499 2561 autem
3532 2505 3590 2559 in
3623 2505 3882 2575 ascripta

2233 2594 2381 2663 loco,
2416 2595 2522 2650 etsi
2554 2594 2752 2650 omnia
2780 2594 2971 2650 verbis
3021 2593 3263 2649 totidem
3295 2610 3366 2648 ex
3394 2592 3593 2646 Γνώσει
3626 2591 3882 2646 reciten-

2233 2688 2354 2751 tur,
2384 2683 2528 2737 illud
2561 2688 2759 2739 tamen
2792 2683 2998 2751 Ἰησοῦν
3029 2686 3238 2751 Jesum,
3273 2682 3428 2752 quod
3462 2682 3535 2736 ad
3566 2680 3741 2735 ﬁnem
3774 2680 3884 2735 ad-

2233 2772 2410 2838 ditur,
2455 2788 2525 2827 ex
2573 2772 2847 2827 Barnabas
2899 2788 3077 2826 manu
3131 2769 3477 2841 profectum,
3520 2786 3636 2824 non
3669 2770 3740 2823 ab
3772 2784 3882 2823 au-

2233 2864 2387 2915 ctore
2418 2859 2697 2919 Γνώσεως.
2738 2860 2915 2923 Quem
2970 2858 3204 2929 quidem
3246 2857 3515 2913 Judaeum
3563 2856 3744 2911 fuisse
3775 2873 3879 2911 ne—

2234 2965 2395 3004 cesse
2452 2953 2561 3014 est,
2594 2948 2810 3019 alioqui
2865 2964 2899 3002 a
2950 2946 3215 3003 Barnaba
3268 2946 3502 3001 Judteos
3544 2946 3885 3001 convictum

2234 3036 2475 3092 minime
2515 3037 2836 3092 citandum.
2869 3035 3106 3091 Judaaus
3155 3037 3349 3089 autem
3382 3033 3654 3090 Messium
3687 3038 3881 3101 norat,

2231 3126 2434 3182 Jesum
2466 3142 2579 3179 non
2613 3129 2800 3179 norat.

2310 3233 2336 3265 α
2366 3213 2576 3267 Statim
2623 3211 2840 3267 ibidem
2890 3209 3159 3281 sequitur
3218 3227 3230 3265 :
3293 3213 3456 3267 Homo
3484 3212 3639 3266 enim
3666 3216 3737 3282 γῆ
3768 3207 3884 3261 ἐστι

2234 3300 2539 3375 πάσχουσα,
2585 3309 2729 3355 terra
2772 3308 2853 3355 est
2903 3301 3138 3370 patiens.
3188 3301 3443 3371 Apparet
3501 3299 3594 3354 hic
3656 3300 3883 3354 Barna-

2236 3391 2520 3459 bam,aut
2568 3388 2839 3460 quisquis
2888 3393 2979 3443 est
3025 3392 3245 3456 auctor,
3297 3386 3662 3459 philosophis
3708 3403 3885 3443 aures

2235 3478 2581 3534 admovisse.
2618 3477 2762 3531 Nam
2796 3475 2941 3531 illud
2971 3475 3276 3549 πάσχουσα,
3309 3477 3543 3547 patiens,
3586 3476 3657 3530 ad
3691 3474 3884 3547 philo-

2236 3567 2555 3638 sophorum
2603 3564 2861 3639 τεχνικὴν
2906 3561 3151 3637 γλῶτταν
3203 3567 3291 3619 est
3341 3564 3730 3630 referendum,
3764 3579 3888 3633 qua

2238 3656 2539 3711 materiam
2594 3656 2713 3726 pati
2766 3653 3058 3709 dicebant.
3130 3653 3334 3723 Homo,
3397 3652 3609 3724 inquit,
3668 3656 3759 3707 est
3815 3668 3887 3707 ex

2234 3748 2409 3811 terra,
2442 3761 2556 3799 non
2591 3742 2827 3814 quidem
2859 3745 3084 3813 agente,
3119 3741 3218 3796 sed
3251 3740 3525 3811 patiente.
3560 3740 3744 3811 Cujus
3772 3744 3894 3795 sta-

2237 3833 2343 3889 tim
2376 3832 2659 3887 rationem
2722 3830 2911 3886 reddit
2956 3829 3050 3885 his
3094 3829 3287 3885 verbis
3339 3845 3354 3884 :
3407 3827 3542 3881 Ἀπὸ
3581 3828 3886 3902 προσώπου

2236 3922 2339 3995 γὰρ
2390 3927 2490 3988 τῆς
2537 3920 2676 3994 γῆςὴ
2745 3915 2943 3977 πλάσις
2989 3920 3085 3969 τοῦ
3134 3912 3313 3987 Ἀδὰμ
3364 3913 3593 3988 ἐγένετο.
3642 3918 3681 3971 Α
3740 3917 3892 3987 facie

2236 4012 2385 4065 enim
2442 4018 2606 4064 terrae
2643 4009 2788 4078 ﬁctio
2828 4011 2956 4074 (seu
3005 4006 3288 4075 formatio)
3332 4004 3465 4059 Adz
3507 4005 3714 4059 extitit.
3775 4004 3885 4059 Ubi

2238 4096 2634 4169 pulcherrima
2654 4095 3107 4150 Hellenistarum
3131 4092 3345 4149 locutio
3363 4092 3614 4147 occurrit
3637 4092 3879 4148 Hebrai-

2238 4201 2371 4239 cum
2403 4183 2558 4238 enim
2580 4193 2726 4245 7:51:
2747 4182 2987 4252 Mippene
3008 4180 3185 4251 (quod
3208 4178 3395 4234 Judaei
3419 4177 3747 4249 Hellenistae
3765 4196 3888 4249 per-

2238 4275 2431 4343 petuo,
2458 4269 2562 4323 ἀπὸ
2592 4269 2910 4343 προσώπου,
2943 4268 3001 4325 h.
3045 4285 3095 4323 e.
3127 4285 3161 4322 a
3192 4268 3331 4326 facie
3367 4267 3642 4335 reddunt)
3672 4282 3881 4338 quam-

2238 4360 2379 4415 libet
2411 4375 2669 4426 causam,
2705 4358 2882 4413 etiam
2915 4354 3407 4423 materialem,uti
3428 4354 3763 4427 philosophi
3798 4355 3881 4410 lo-

2238 4452 2521 4519 quuntur,
2555 4447 2840 4518 designat.
2880 4445 3029 4517 Ergo
3079 4444 3449 4499 tantumdem
3496 4448 3608 4509 est,
3658 4459 3693 4498 a
3741 4445 3886 4513 facie

2237 4545 2399 4592 terra:
2430 4553 2496 4592 ac
2522 4536 2571 4591 si
2603 4535 2867 4601 dixisset,
2891 4550 2964 4589 ex
2992 4541 3143 4589 terra
3173 4532 3492 4588 formatum
3514 4548 3643 4589 esse
3670 4534 3878 4588 Adam.

485 4630 666 4682 tatem
702 4644 836 4683 mox
865 4645 1051 4683 LEGEM
1080 4633 1246 4684 vocat
1279 4645 1291 4682 :
1327 4632 1471 4684 Deus
1498 4625 1850 4697 meus,votui,
1880 4630 1933 4681 et
1962 4626 2131 4697 legem
2159 4636 2206 4700 D
2238 4625 2307 4679 Et
2336 4625 2457 4679 hinc
2486 4624 2661 4680 etiam
2691 4621 2908 4678 ibidem
2940 4621 3188 4677 totidem
3240 4620 3433 4676 verbis
3490 4620 3760 4676 Clemens
3792 4637 3880 4676 re-

483 4725 641 4770 tuam
670 4717 733 4771 in
762 4719 947 4772 medio
976 4717 1154 4772 cordis
1178 4719 1307 4771 mei.
1331 4716 1580 4772 Omnino
1610 4715 1718 4770 hac
1750 4715 2131 4786 praeceptione
2240 4713 2369 4769 fert.

487 4804 684 4860 divina
715 4805 897 4878 plenis
932 4810 1069 4861 sunt
1099 4806 1408 4877 utriusque
1438 4806 1670 4860 fcederis
1720 4804 1945 4876 paginas
1978 4822 1990 4858 :
2026 4804 2133 4859 hoc

485 4896 720 4949 tantum
772 4895 867 4949 hic
900 4912 1135 4965 novum,
1168 4896 1321 4966 quod
1379 4910 1446 4949 ea
1476 4893 1569 4947 hic
1627 4892 1891 4948 absolute
1921 4909 2135 4947 PRECE-

2317 4824 2346 4851 «
2375 4803 2510 4872 Cap.
2542 4802 2575 4852 7
2628 4802 2691 4870 ιδ,
2738 4798 2911 4856 sicuti
2941 4802 3118 4854 etiam
3166 4796 3225 4851 in
3265 4796 3647 4868 sequentibus
3677 4797 3887 4869 capiti-

2242 4892 2374 4960 bus,
2406 4888 2626 4960 pluries
2673 4887 2820 4943 illud
2866 4884 3189 4959 Προσέχετε,
3234 4884 3522 4951 Attendite,
3572 4884 3884 4941 intercala-

482 4998 638 5037 PTUM
671 4985 1146 5055 nuncupetur.At
1174 4988 1338 5039 vetus
1358 4983 1645 5053 interpres
1670 4983 1777 5036 Dei
1798 4984 2131 5052 praeceptum
2241 4982 2340 5034 tur
2371 4995 2384 5033 :
2418 4977 2571 5049 quod
2602 4975 2891 5048 peculiare
2940 4978 3031 5031 est
3075 4970 3562 5047 ἀλληγορούντων,
3594 4973 3667 5028 ad
3698 4977 3883 5029 atten-

484 5072 760 5140 reddidit,
794 5078 861 5127 ut
890 5071 1149 5127 insolens
1182 5071 1459 5143 loquendi
1492 5086 1677 5142 genus
1710 5069 1924 5125 clarius
1946 5070 2133 5125 efﬁce-

480 5164 586 5216 ret.

554 5272 581 5299 ‹‹
617 5249 800 5305 Paulo
830 5253 982 5321 post,
1018 5249 1256 5306 recitato
1302 5248 1479 5304 Mosis
1510 5248 1846 5303 testimonio
1886 5248 1956 5303 de
2007 5248 2129 5302 adi-

2240 5067 2457 5124 tionem
2488 5065 2830 5121 acuendam.

2313 5178 2341 5206 ‹‹
2374 5154 2511 5226 Cap.
2573 5154 2608 5207 9
2640 5154 2728 5207 '7:
2770 5147 2947 5205 Ἀλλά
3004 5150 3093 5203 καὶ
3150 5154 3253 5210 πᾶς
3312 5147 3485 5224 Σύρος
3533 5148 3623 5201 καὶ
3682 5148 3889 5222 Ἄραψ-

2238 5244 2327 5297 καὶ
2357 5243 2552 5303 πάντες
2612 5240 2665 5294 οἱ
2722 5240 2883 5315 ἱερεῖς
2938 5242 3046 5293 τῶν
3096 5234 3361 5308 εἰδώλων,
3411 5242 3519 5293 etc.
3557 5255 3570 5293 :
3609 5242 3812 5294 Verum
3840 5241 3894 5292 et

485 5336 767 5408 piscenda
794 5343 950 5393 terra
980 5342 1195 5403 ﬂuente
1241 5337 1388 5392 lacte
1444 5342 1501 5392 et
1557 5335 1749 5404 melle,
1782 5336 1978 5392 statim
2009 5335 2131 5391 haec
2240 5335 2419 5391 omnis
2451 5332 2621 5403 Syrus
2652 5335 2702 5387 et
2731 5330 2903 5386 Arabs
2947 5332 3000 5384 et
3052 5343 3234 5385 omnes
3273 5326 3546 5384 idolorum
3589 5325 3891 5383 sacerdotes

558 5568 821 5641 f‘iBarng
856 5568 1039 5641 Epist.
1079 5586 1205 5640 cap.
1241 5570 1325 5623 15⁸
1386 5568 1448 5641 ί¹²
1478 5567 1678 5641 Grab.,
1708 5568 1877 5641 Epist,
1925 5567 1997 5641 ad
2026 5568 2074 5622 J.
2123 5565 2278 5641 Milt._
2304 5563 2369 5618 de
2413 5562 2510 5641 lib,
2555 5561 2737 5641 Judic.
2778 5560 3009 5641 genuin.
3051 5559 3175 5613 LXX
3207 5560 3352 5641 fuit.
3399 5574 3563 5641 cars,
3594 5576 3647 5641 _p

3733 5602 3745 5616 .
3790 5562 3882 5615 67.

484 5629 837 5721 Mazochi,
873 5629 969 5693 ubi
1001 5629 1202 5721 supra.
1280 5642 1325 5676 ι⁴
1371 5640 1548 5721 [λυθε-
1573 5629 1761 5721 3.1.5.2:
1837 5639 1879 5673 ³⁵
1906 5639 2125 5695 Clemer

2241 5635 2522 5691 ilexandr.
2577 5629 2915 5689 Strom.1ib.
2953 5648 3008 5698 ν,
3041 5647 3167 5703 cap.
3200 5630 3287 5701 10,
3321 5645 3379 5703 p.
3409 5629 3515 5684 683
3543 5629 3665 5688 edit
3691 5629 3876 5690 Oxon.

484 5710 641 5765 1715.
722 5711 765 5746 ¹⁶
795 5710 967 5765 Barn.
1001 5708 1182 5780 Epist.
1214 5725 1341 5781 cap.
1371 5712 1428 5764 7.
1508 5711 1548 5745 ¹⁷
1580 5708 1727 5764 Ibid.
