4118 6340
278 397 390 464 ’101

1668 400 2285 467 PROLEGOMENA.

3566 403 3687 467 702

272 531 770 590 circumciduntur.
786 534 920 601 Quae
953 533 1157 592 merito
1191 534 1591 591 difﬁcultatem
1620 540 1911 592 crearunt.
1948 538 2002 605 Α
2032 537 2223 593 braice
2252 539 2567 610 respondet
2626 554 2873 605 nsanos,
2904 538 3039 606 via,-
3098 552 3232 594 cum
3294 539 3495 593 contra
3524 532 3688 598 οὐδός

276 622 499 678 Verum
531 623 647 678 haec
679 639 794 678 non
844 629 985 679 sunt
1015 625 1085 679 ad
1118 624 1460 679 severiorem
1496 625 1776 680 trutinam
1809 625 1927 680 exi-

278 713 494 784 genda,
571 712 671 767 sed
730 711 1074 785 παχυτέρως,
1148 715 1533 782 crassiuscule,
1595 714 1931 785 accipienda

272 800 437 856 hunc
494 802 676 856 ferme
758 802 817 855 in
873 802 1157 856 modum:
1220 802 1415 867 Quivis
1479 804 1677 875 Syrus,
1738 804 1930 877 quivis

271 890 484 959 Arabs,
519 889 708 960 quivis
742 890 1188 945 simulacrorum
1240 893 1507 947 sacerdos
1535 892 1928 948 circumcisio-

271 994 411 1032 nem
443 978 702 1032 admittit
734 996 747 1043 ;
784 982 918 1033 aut:
976 979 1056 1035 Ne
1087 979 1210 1051 Syri
1244 980 1479 1051 quidem
1514 987 1570 1035 et
1612 982 1839 1049 Arabes,
1875 985 1931 1035 et

272 1066 514 1137 profani
555 1067 883 1122 sacerdotes
906 1084 940 1121 a
963 1066 1404 1124 circumcisione
1426 1069 1761 1125 abhorrent.
1781 1074 1925 1124 Nam

273 1154 417 1225 quia
440 1155 591 1210 inter
612 1156 786 1227 Syros
806 1159 863 1209 et
883 1156 1119 1220 Arabes,
1144 1157 1408 1228 interque
1430 1159 1701 1228 profanos
1733 1174 1929 1213 sacer-

271 1243 443 1298 dotes
463 1244 785 1316 essent,qui
808 1243 908 1301 illo
930 1262 991 1300 se
1022 1247 1192 1301 modo
1216 1246 1549 1301 mundiores
1568 1251 1926 1317 praestarent,

269 1330 442 1400 licuit
488 1333 766 1388 Barnabas
823 1333 1089 1405 apostolo
1147 1334 1357 1399 dicere,
1429 1334 1925 1391 circumcisionem

270 1420 608 1491 promiscue
665 1421 885 1476 abillis
937 1424 1230 1494 usurpari.
1266 1424 1406 1489 Quis
1439 1440 1552 1479 non
1612 1424 1669 1477 in
1712 1423 1927 1478 talibus

270 1507 499 1564 similia
525 1508 783 1580 loquitur
802 1510 828 1564 ‘l
848 1514 1129 1566 Caeterum
1157 1513 1412 1567 Arabum
1438 1511 1722 1583 plurimos
1746 1512 1928 1567 fuisse

276 1612 511 1668 verpos,
545 1597 719 1652 sicuti
751 1603 807 1653 et
846 1600 1172 1654 sacerdotes
1200 1600 1517 1671 zEgyptios,
1552 1617 1664 1655 non
1699 1605 1787 1655 est
1817 1601 1924 1655 du-

274 1685 469 1740 bium.
500 1687 579 1741 Ac
610 1702 682 1742 ne
713 1687 784 1742 de
812 1689 970 1759 Syris
1031 1688 1268 1759 quidem
1300 1694 1389 1743 est
1430 1688 1842 1756 dubitandum,
1876 1690 1924 1743 si

270 1774 515 1845 quidem
545 1791 747 1830 verum
780 1776 856 1830 sit
890 1776 1043 1848 quod
1077 1776 1301 1847 antiqui
1332 1778 1725 1843 crediderunt,
1757 1778 1924 1832 Phoe-

2040 627 2389 697 respondeat
2420 628 2699 684 Hebraico
2732 645 2896 695 sua,
2930 627 3085 699 quod
3117 631 3206 683 est
3244 627 3435 682 limen.
3470 626 3687 681 Verum

2041 714 2344 770 sciendum
2376 722 2464 771 est
2510 717 2858 772 Hebraicum
2916 733 3153 786 nsanos,
3191 733 3319 771 cum
3354 733 3387 770 a
3432 715 3691 771 calcando

2038 806 2251 870 veniat,
2286 822 2401 859 non
2436 810 2659 859 tantum
2710 808 2861 860 viam
2892 805 3242 877 significare,
3278 804 3377 859 sed
3431 808 3487 857 et
3530 805 3690 874 pavi-

2038 901 2304 961 mentum,
2339 898 2396 947 et
2426 894 2485 947 in
2508 894 2767 949 recitatis
2797 893 2941 948 locis
2963 895 3137 948 etiam
3160 894 3348 958 limen,
3383 893 3538 963 quod
3571 898 3688 948 sta-

2041 980 2143 1034 tim
2178 982 2249 1035 ab
2308 981 2769 1052 ingredientibus
2828 982 3104 1035 calcatur.
3139 980 3352 1036 Deinde
3381 978 3515 1035 cum
3570 982 3717 1035 Jer.‘

2040 1086 2205 1139 xxxv,
2240 1071 2289 1136 4,
2343 1066 2710 1144 φυλάσσοντος
2766 1070 2862 1135 τήν
2916 1066 3062 1137 ὁδόν,
3120 1070 3471 1125 eustodientis
3513 1071 3688 1125 viam.

2042 1174 2143 1228 pro
2172 1157 2261 1209 τὸν
2285 1154 2466 1225 οὐδόν,
2493 1158 2850 1213 custodientis
2871 1160 3035 1214 limen
3059 1160 3219 1229 (nam
3243 1158 3384 1214 Heb.
3411 1162 3501 1213 est
3523 1160 3689 1230 snpn)

2040 1263 2167 1301 meo
2191 1247 2414 1315 judicio
2464 1247 2720 1317 positum
2762 1246 3132 1313 inveniatur;
3167 1264 3281 1302 non
3327 1246 3488 1303 video
3541 1247 3685 1319 quin

2038 1335 2237 1389 eadem
2275 1336 2519 1391 mutatio
2546 1335 2687 1391 locis
2717 1353 2895 1407 supra
2915 1336 3277 1408 depromptis
3309 1336 3563 1408 potuerit
3590 1354 3687 1392 ac-

2041 1424 2253 1478 cidere.
2277 1428 2581 1479 Postremo
2613 1442 2685 1479 ne
2716 1424 2994 1480 tricemur
3023 1425 3269 1491 diutius,
3300 1425 3348 1479 si
3382 1441 3684 1496 gramma-

2038 1511 2183 1566 ticos
2232 1512 2526 1578 audimus,
2561 1508 2708 1578 ὁδός,
2755 1514 2867 1580 via,
2902 1518 2959 1568 et
3007 1509 3188 1580 οὐδός,
3245 1514 3436 1577 limen,
3498 1530 3683 1567 unum

2037 1598 2310 1671 idemque
2337 1618 2547 1655 nomen
2583 1605 2742 1657 sunt.
2792 1602 2937 1656 Nam
2985 1607 3041 1656 et
3092 1606 3339 1656 Homero
3395 1597 3556 1660 οὐδός
3585 1618 3689 1673 pro

2037 1684 2159 1748 ὁδός
2220 1690 2333 1757 via,
2385 1694 2740 1759 usurpatur:
2804 1694 2857 1745 et
2916 1695 3118 1745 contra
3174 1690 3387 1745 Suidas
3444 1693 3694 1745 testatur

2033 1793 2232 1831 vocem
2266 1774 2413 1843 ὁδὸς,
2450 1778 2497 1832 si
2536 1783 2809 1833 tenuetur
2839 1778 3029 1850 prima
3077 1778 3321 1850 syllaba,
3354 1778 3689 1850 signiﬁcare

270 1862 437 1917 nices
465 1863 770 1935 περιτομήν
803 1863 1130 1919 admisisse.
1190 1865 1466 1936 Origenes
1521 1865 1592 1919 ad
1647 1868 1794 1922 Rom.
1861 1883 1922 1934 ιι,

2045 1859 2208 1925 ὠδόν,
2246 1864 2283 1919 i.
2318 1882 2367 1920 e.
2422 1866 2610 1933 limen,
2662 1864 2836 1921 allato
2884 1866 3191 1937 Sophoclis
3223 1866 3367 1921 loco.
3419 1866 3588 1921 Paria
3632 1866 3689 1919 in

267 1952 362 2019 25,
421 1952 575 2006 inter
631 1956 869 2007 caeteros
925 1952 1386 2008 circumcisionis
1444 1954 1694 2010 cultores
1751 1955 1925 2010 etiam
1957 1952 2004 1968 ”
2039 1954 2343 2009 Eustathio
2392 1954 2666 2025 reperies,
2718 1959 2775 2009 et
2818 1954 2875 2008 in
2923 1954 3227 2026 Sophoclis
3265 1954 3574 2011 scholiaste
3618 1955 3688 2010 ad

268 2039 577 2095 Phcenices
606 2041 935 2095 numeravit
965 2041 1057 2095 his
1086 2042 1276 2097 verbis
1301 2058 1313 2096 :
1348 2042 1408 2096 Si
1446 2043 1714 2113 replicatis
1744 2044 1921 2099 histo-

268 2130 390 2183 rias
417 2134 645 2196 vestras,
680 2131 973 2185 invenietis
998 2146 1106 2185 non
1135 2132 1312 2185 solum
1340 2132 1722 2202 Egyptiorum
1746 2148 1921 2187 sacer-

272 2217 445 2283 dotes,
478 2218 568 2273 sed
596 2221 645 2273 et
673 2219 883 2273 Arabas
913 2223 963 2273 et
1010 2221 1291 2289 ﬁgyptios
1320 2221 1370 2273 el
1399 2222 1711 2274 Pnosmcss
1758 2222 1924 2275 alios-

274 2322 403 2378 que,
433 2322 667 2377 quorum
692 2308 878 2362 studia
922 2309 1104 2377 gratia
1154 2308 1473 2379 hujusmodi
1526 2310 1929 2379 superstitionis

274 2396 526 2451 nobilius
556 2397 765 2468 vigent.

352 2524 382 2550 ‹‹
414 2506 548 2573 Cap.
618 2502 678 2558 l6
712 2503 790 2557 ηε
824 2502 1087 2558 Adhucet
1154 2503 1220 2558 de
1278 2504 1475 2572 templo
1524 2504 1703 2559 dicam
1760 2504 1927 2575 vobis,

280 2590 549 2662 quomodo
577 2596 821 2646 errantes
866 2592 1077 2659 miseri,
1121 2588 1207 2644 ἐπὶ
1236 2590 1335 2659 τὴν
1388 2588 1511 2644 ὁδὸν
1556 2589 1816 2662 ἤλπισαν,
1870 2595 1928 2647 in

279 2693 425 2733 vum
452 2686 825 2750 speraverant,
857 2685 909 2734 et
937 2697 1049 2737 non
1078 2682 1137 2736 in
1158 2682 1330 2735 Deum
1348 2682 1527 2751 ipsum
1549 2683 1801 2753 qui-fecit
1820 2698 1927 2750 eos,

278 2770 443 2838 quasi
472 2768 665 2823 domus
696 2770 800 2823 Dei
838 2772 992 2824 esset.
1034 2769 1136 2824 Hic
1186 2786 1301 2823 non
1352 2774 1441 2825 est
1489 2770 1731 2824 dubium
1786 2770 1926 2842 quin

276 2851 433 2923 ὁδοῦ,
459 2856 587 2918 vise,
618 2856 853 2912 nomine
878 2856 1164 2929 templum
1185 2856 1412 2912 veniat:
1448 2874 1582 2912 nam
1613 2862 1669 2912 et
1700 2858 1759 2912 in
1791 2863 1932 2913 tem-

275 2943 376 3016 plo
406 2947 590 2999 totam
640 2944 976 3001 Judazorum
1039 2946 1313 3000 fiduciam
1367 2946 1547 3001 fuisse
1596 2946 1932 3017 repositam,

274 3035 448 3086 notat
480 3031 580 3085 illa
612 3031 857 3089 celebris
909 3033 1315 3098 conclamatio,
1367 3034 1642 3103 Templum
1695 3036 1930 3102 Domini,

272 3120 544 3191 templum
590 3123 839 3187 Domini,
870 3127 926 3177 et
982 3123 1135 3193 quod
1170 3122 1338 3176 initio
1370 3128 1568 3177 noster
1614 3123 1685 3177 de
1735 3124 1932 3193 templo

272 3208 589 3279 proposuit
629 3208 835 3277 dicere,
888 3214 945 3264 et
984 3211 1133 3280 quod
1172 3227 1304 3265 mox
1334 3210 1551 3277 subdit,
1604 3211 1773 3279 Quasi
1802 3210 1933 3281 (via

272 3295 506 3351 scilicet
528 3294 629 3351 illa
658 3296 893 3367 )domus
923 3299 1018 3353 Dei
1056 3307 1212 3353 esset.
1244 3298 1402 3352 Vidit
1432 3298 1540 3354 hoc
1574 3304 1628 3354 et
1656 3303 1824 3354 vetus
1848 3299 1930 3354 in-

274 3388 523 3455 terpres,
560 3384 662 3456 qui
694 3403 796 3457 pro
827 3382 948 3439 ὁδόν
983 3388 1147 3451 viam,
1181 3387 1378 3458 posuit
1422 3387 1593 3443 aedem
1610 3404 1630 3448 ;
1662 3386 1746 3441 sic
1776 3386 1930 3442 enim

273 3472 568 3527 reddidit:
595 3473 657 3527 In
685 3491 852 3531 manu
876 3491 1027 3547 spem
1072 3475 1400 3530 habuerunt.
1433 3474 1751 3531 Cotelerius
1801 3476 1931 3546 qui-

274 3560 411 3615 dem
436 3564 505 3618 ad
532 3562 797 3633 quaedam
829 3564 1135 3618 Seniorum
1188 3563 1315 3618 loca
1354 3562 1609 3617 allusum
1663 3565 1928 3634 suspica-

272 3652 394 3718 tur,
428 3649 484 3704 in
521 3650 737 3722 quibus
772 3643 897 3711 ὁδός
924 3650 1194 3706 similiter
1210 3669 1311 3723 pro
1344 3652 1539 3722 templo
1571 3652 1725 3707 sumi
1758 3668 1930 3723 posse

270 3736 527 3793 videtur.
560 3738 775 3793 Verum
806 3743 863 3795 et
892 3730 995 3793 hic
1019 3740 1335 3809 Barnabas,
1369 3744 1426 3794 et
1455 3738 1535 3793 ibi
1586 3740 1719 3794 LXX
1748 3735 1925 3809 οὐδόν,

273 3826 471 3891 limen,
496 3826 807 3897 scripsisse
826 3826 1119 3892 videntur,
1146 3831 1420 3881 consueto
1444 3825 1739 3882 schemate
1760 3832 1928 3882 uten-

270 3918 385 3976 tes,
423 3930 539 3985 quo
597 3931 732 3985 pars
784 3930 886 3986 pro
918 3918 1038 3969 toto
1068 3913 1340 3984 sumitur,
1396 3918 1452 3969 et
1480 3931 1594 3985 quo
1643 3914 1929 3986 hodieque

276 4000 525 4069 utimur,
561 4003 659 4056 ubi
692 4004 911 4057 Limina
939 4003 1315 4071 apostolon
1361 4001 1607 4057 invisere
1652 4002 1925 4058 dicimur.

273 4090 613 4160 Legendum
646 4094 735 4145 est
780 4090 957 4161 igitur
1001 4088 1087 4142 ἐπὶ
1116 4089 1208 4142 τὸν
1262 4086 1485 4145 οὐδὸν...
1523 4092 1585 4144 in
1618 4091 1831 4156 limine,
1867 4091 1924 4145 h-

272 4196 325 4235 θ.
359 4180 561 4250 templo
604 4195 754 4250 spem
800 4181 1142 4236 collocantes.
1195 4183 1477 4234 Caeterum
1530 4179 1578 4233 si
1637 4180 1929 4235 Barnabas

272 4270 446 4333 viam,
476 4267 576 4334 τὴν
607 4263 754 4337 ὁδόν,
778 4268 863 4323 uti
896 4284 1052 4323 nunc
1082 4267 1312 4338 legitur,
1346 4266 1597 4321 scribere
1626 4266 1929 4337 voluisset,

272 4356 347 4412 ad
373 4356 550 4412 ﬁnem
582 4352 741 4410 οὖσαν
776 4357 1089 4428 posuisset,
1121 4373 1238 4412 non
1288 4350 1434 4423 ὄντα,
1468 4357 1621 4427 quod
1670 4373 1784 4412 non
1815 4356 1929 4413 nisi

272 4460 413 4499 cum
446 4442 603 4498 οὐδόν
654 4445 969 4502 convenit:
1006 4444 1103 4516 ὡς,
1138 4444 1347 4516 inquit,
1398 4438 1524 4497 ὅντα
1573 4443 1718 4497 οἶκον
1772 4448 1924 4501 Θεοῦ.

274 4534 459 4603 Idem,
493 4535 576 4589 uti
601 4534 1053 4605 dixi,judicium
1071 4534 1181 4589 erit
1214 4535 1283 4589 de
1313 4532 1457 4588 locis
1485 4533 1619 4588 LXX
1650 4533 1929 4589 viralibus

2036 2042 2319 2097 celebrem
2344 2044 2471 2113 ejus
2489 2042 2681 2097 locum
2698 2060 2730 2097 a
2752 2043 2934 2100 Suida
2954 2050 3011 2098 et
3026 2042 3687 2099 Eustathuolaudatum.

2040 2136 2117 2185 De
2159 2132 2372 2201 quibus
2422 2130 2550 2186 vide
2600 2132 2666 2186 Η.
2722 2131 3082 2204 Stephanum
3118 2133 3177 2186 η.
3228 2136 3342 2187 Nec
3384 2136 3438 2186 te
3494 2132 3692 2186 turbet

2038 2220 2192 2289 quod
2218 2218 2338 2273 haec
2359 2220 2601 2290 antiqua
2624 2224 2681 2275 et
2703 2226 2998 2291 poetarum
3022 2219 3335 2292 peculiaria
3349 2218 3686 2274 videantur:

2038 2324 2173 2361 nam
2200 2308 2257 2362 in
2284 2308 2425 2362 LXX
2454 2314 2510 2363 et
2539 2310 2759 2363 Judaais
2804 2308 3136 2364 Hellenistis
3178 2307 3432 2379 plurima
3484 2323 3691 2362 occur-

2041 2401 2201 2463 runt,
2247 2398 2456 2467 partim
2509 2398 2835 2469 antiquata,
2888 2398 3101 2468 partim
3157 2394 3557 2451 Alexandrinas
3589 2400 3693 2451 aut

2039 2484 2286 2539 aliarum
2319 2486 2653 2557 ignotarum
2710 2486 3091 2541 dialectorum
3146 2484 3481 2557 peculiaria.
3518 2508 3546 2535 »
3580 2486 3693 2540 Ha-

2040 2578 2244 2629 ctenus
2274 2573 2342 2627 V.
2377 2576 2437 2628 C.

2676 2697 2913 2752 CAPUT
2946 2697 3041 2752 VI.

2042 2787 2113 2840 De
2144 2787 2315 2840 variis
2338 2784 2574 2856 ejusdem
2598 2786 2859 2856 Epistolc'e
2880 2784 3213 2841 editionibus
3234 2802 3297 2839 ac
3314 2786 3656 2840 versionibus
3670 2804 3688 2841 :

2114 2858 2175 2911 in
2202 2857 2399 2927 primis
2430 2873 2553 2911 vero
2582 2857 2645 2911 de
2674 2861 2848 2912 vetere
2877 2859 3100 2927 Latina,
3133 2858 3226 2911 ubi
3262 2860 3314 2912 et
3347 2858 3592 2928 paucula
3616 2858 3689 2912 de

2110 2944 2173 2981 cu
2182 2944 2242 2982 ra
2272 2930 2476 2981 nostra.

2112 3033 2242 3087 Jam
2275 3049 2406 3088 vero
2439 3049 2509 3088 ne
2540 3032 2730 3087 ofﬁcio
2762 3038 2960 3089 nostro
2993 3033 3225 3105 penitus
3255 3034 3455 3089 deesse
3498 3033 3689 3088 videa-

2043 3138 2196 3189 mur,
2228 3122 2298 3175 ad
2333 3121 2524 3176 varias
2553 3126 2607 3175 et
2638 3122 2871 3192 quidem
2907 3122 3159 3193 potiores
3191 3120 3462 3193 Epistolis
3509 3121 3689 3191 hujus

2041 3210 2325 3265 editiones
2340 3227 2404 3265 ac
2422 3210 2715 3265 versiones
2732 3211 3116 3265 recensendas
3134 3211 3502 3265 accedamus.
3524 3209 3687 3264 Illam

2042 3297 2237 3369 itaque
2288 3299 2517 3369 primus
2565 3298 2720 3370 prelo
2752 3300 3079 3369 subjecerat
3138 3297 3339 3353 Oxonii
3367 3314 3517 3352 anno
3550 3299 3687 3352 1643

2037 3386 2289 3441 Jacobus
2320 3386 2616 3453 Usserius,
2671 3410 2697 3436 ‹‹
2724 3387 2961 3454 Verum,
2994 3386 3185 3457 inquit
3232 3385 3506 3455 Fellus”,
3560 3387 3688 3456 ejus

2040 3475 2203 3528 urbis
2236 3479 2398 3545 parte
2429 3491 2641 3545 magna
2673 3476 2833 3546 gravi
2881 3474 3149 3530 incendio
3180 3479 3463 3545 correpta,
3518 3478 3687 3546 typo-

2038 3561 2366 3634 grapheum
2399 3580 2531 3617 cum
2567 3568 2685 3617 tota
2718 3562 3099 3635 supellectile,
3134 3562 3366 3618 schedis
3395 3562 3697 3634 impressis

2036 3656 2092 3706 et
2121 3650 2435 3721 exemplari
2468 3653 2616 3722 ipso,
2646 3651 3045 3723 conflagravit.
3076 3674 3102 3699 ››

2108 3741 2230 3806 Quo
2263 3743 2457 3794 autem
2490 3741 2670 3794 ferme
2700 3744 2960 3811 tempore
2989 3740 3192 3795 Oxonii
3234 3757 3402 3795 suam
3452 3740 3694 3811 parabat

2036 3827 2347 3883 editionem
2383 3827 2676 3897 Usserius,
2709 3828 2780 3882 de
2810 3827 2939 3899 ipsa
2977 3827 3235 3899 Epistola
3273 3827 3505 3883 Parisiis
3531 3827 3692 3883 evul-

2038 3917 2232 3989 ganda
2263 3916 2554 3989 cogitabat
2584 3920 2749 3987 Hugo
2780 3916 3117 3986 Menardus,
3150 3916 3475 3971 monachus
3506 3920 3692 3971 Bene-

2037 4004 2296 4059 dictinus
2325 4021 2355 4059 e
2406 4005 2854 4076 congregatione
2893 4005 2951 4059 S.
2992 4005 3196 4060 Mauri.
3254 4005 3506 4075 Jamque
3536 4005 3689 4076 typis

2040 4098 2247 4163 prmsto
2280 4097 2404 4147 erat
2432 4110 2601 4164 opus,
2633 4093 2879 4148 eruditis
2911 4093 3385 4148 adnotationibus
3432 4092 3687 4147 illustra-

2038 4186 2198 4247 tum;
2235 4182 2334 4236 sed
2370 4198 2520 4237 anno
2550 4183 2686 4236 1651i
2734 4181 2990 4247 ineunte,
3024 4186 3209 4235 morte
3241 4186 3519 4253 praerepto
3567 4181 3688 4237 viro

2037 4271 2225 4335 docto,
2248 4270 2403 4324 illius
2423 4270 2628 4324 edendi
2647 4287 2846 4325 curam
2868 4271 2925 4323 in
2944 4287 3005 4325 se
3024 4271 3235 4341 recepit
3254 4271 3379 4341 ejus
3393 4269 3693 4343 syncellita

2039 4356 2227 4412 Lucas
2254 4357 2592 4424 Dacherius,
2628 4359 2727 4429 qui
2756 4363 2810 4413 et
2833 4362 3071 4414 auctum
3096 4358 3430 4430 praefatione
3452 4376 3578 4424 sua,
3602 4359 3689 4411 in-

2040 4452 2321 4517 sequente
2351 4463 2504 4500 anno
2541 4447 2678 4499 1645
2704 4446 2762 4500 in
2798 4448 2985 4501 lucem
3018 4448 3234 4502 emisit.
3271 4448 3342 4502 Ut
3364 4453 3557 4502 autem
3580 4448 3693 4518 pri-

2041 4551 2146 4589 mae
2179 4534 2360 4604 hujus
2382 4535 2653 4589 editionis
2685 4535 2834 4589 ratio
2860 4534 3059 4591 lectori
3084 4541 3380 4606 utcunque
3398 4539 3695 4605 comperta

271 4622 352 4677 IlI
385 4622 528 4695 Reg.
580 4640 710 4689 vm,
771 4623 963 4693 44-48,
1021 4621 1080 4677 in
1133 4621 1350 4693 quibus
1410 4637 1564 4675 nunc
1619 4620 1937 4695 προσεύξον-
1966 4628 2014 4692 1)
2046 4623 2141 4693 sit,
2174 4623 2363 4694 ipsius
2396 4622 2467 4677 c1.
2500 4622 2745 4677 editoris
2773 4627 2949 4677 verba
2979 4624 3071 4677 hic
3102 4624 3429 4679 describere
3452 4622 3691 4692 juverit.

270 4729 433 4764 ται...
470 4706 595 4763 ὁδόν
627 4709 860 4782 legitur,
892 4726 1027 4765 cum
1080 4709 1391 4781 legendum
1444 4709 1521 4764 sit
1566 4704 1745 4763 οὐδόν.
1802 4711 1939 4765 Ado-

272 4799 478 4854 rabunt
509 4800 698 4866 limen,
732 4803 842 4854 etc.
864 4798 1057 4859 Sicuti
1108 4798 1284 4853 etiam
1318 4797 1365 4852 II
1410 4798 1598 4852 Paral.
1640 4814 1715 4864 v1,
1748 4799 1936 4853 34-38.

273 4888 405 4943 Non
464 4887 732 4943 inaudita
780 4892 870 4943 est
928 4889 1081 4960 apud
1139 4892 1358 4943 veteres
1418 4886 1628 4941 liminis
1668 4887 1936 4942 adoratio.

282 4975 516 5032 Scitum
540 4980 629 5031 est
649 4976 825 5031 etiam
850 4976 1122 5047 antiquos
1140 4996 1167 5028 ο
1190 4992 1292 5047 pro
1323 4975 1551 5047 integra
1579 4974 1941 5048 diphthongo

277 5082 357 5121 ou
391 5065 669 5137 primitus
707 5064 1015 5136 scripsisse
1044 5066 1134 5132 (ut
1183 5064 1242 5117 in
1300 5063 1560 5118 nummis
1592 5061 1938 5135 Συρακοσίων

271 5170 383 5226 pro
416 5151 826 5226 Συρακουσίων,
856 5157 914 5208 et
944 5157 1212 5208 sexcenta
1240 5151 1503 5222 ejusdem
1536 5151 1741 5222 modi,)
1786 5152 1941 5223 quod

270 5242 676 5314 postmodum,
708 5241 1180 5314 descriptoribus
1222 5240 1414 5295 fraudi
1464 5238 1665 5310 fuisse,
1699 5256 1814 5295 non
1855 5245 1943 5295 est

271 5329 687 5385 dubitandum.
719 5329 940 5384 Dixerit
999 5328 1213 5399 aliquis
1240 5327 1299 5382 in
1332 5328 1506 5383 modo
1538 5327 1792 5383 laudatis
1838 5329 1937 5384 Se-

269 5417 531 5474 nioruml
569 5417 690 5474 ocis
720 5413 843 5471 ὁδόν
905 5432 1033 5474 esse
1080 5416 1473 5485 retinendum,
1529 5416 1669 5487 quia
1716 5415 1767 5471 ei
1830 5417 1934 5471 lle-

345 5686 390 5723 ¹θ
420 5690 592 5742 Barn.
616 5685 827 5758 Epist.,
860 5701 909 5741 c.
932 5685 965 5737 7
1042 5684 1187 5739 1°Il.
1220 5683 1423 5757 Steph,
1456 5683 1627 5755 Thes.,
1660 5687 1801 5739 tom.
1841 5684 1910 5751 II,
1943 5682 2053 5738 col.
2081 5683 2236 5739 1183.

2047 4712 2141 4767 Sic
2172 4712 2349 4783 igitur
2378 4710 2513 4766 ille:
2551 4732 2577 4760 ‹‹
2610 4710 2673 4779 In
2724 4711 3019 4766 Philastrii
3070 4712 3322 4782 episcopi
3385 4710 3694 4766 Brixiensis

2047 4799 2314 4855 volumen
2364 4815 2542 4854 manu
2585 4799 2868 4870 scriptum
2899 4816 2929 4854 e
2959 4800 3291 4855 Corbeiensi
3320 4799 3691 4865 monasterio,

2048 4904 2181 4943 cum
2213 4887 2514 4942 incidisset
2546 4886 2861 4958 aliquando
2893 4888 2957 4941 R.
2994 4892 3052 4941 Ρ.
3086 4889 3339 4944 domnus
3369 4888 3531 4957 Hugo
3576 4888 3694 4942 Me-

2050 4977 2288 5045 nardus,
2314 4975 2527 5030 ibidem
2562 4975 2823 5047 proxime
2853 4980 2984 5047 post
3015 4975 3329 5047 Epistolam
3349 4974 3693 5031 Tertulliani

2046 5066 2120 5120 De
2146 5066 2286 5119 cibis
2315 5064 2577 5130 Judaieis,
2612 5064 2885 5119 Barnabas
2918 5064 3152 5119 nomine
3184 5063 3525 5135 insignitam
3566 5062 3692 5133 Epi-

2047 5153 2249 5208 stolam
2280 5168 2398 5207 una
2429 5168 2561 5206 cum
2592 5151 2790 5206 Jacobi
2825 5149 3069 5223 apostoli
3100 5150 3695 5223 Epistoladeprehen-

2049 5241 2133 5295 dit
2159 5257 2171 5293 :
2201 5256 2451 5310 moxque
2481 5238 2541 5293 in
2576 5239 2840 5294 animum
2898 5238 3148 5306 induxit,
3201 5254 3329 5294 eam
3370 5244 3436 5294 ut
3464 5256 3532 5295 ex
3562 5237 3692 5311 pul-

2047 5344 2176 5383 vere
2198 5333 2254 5383 et
2292 5326 2563 5400 squalore
2580 5332 2895 5394 excuteret,
2914 5327 3291 5399 appositeque
3312 5328 3465 5384 notis
3487 5327 3691 5383 diluci-

2046 5417 2228 5471 daret.
2263 5419 2336 5470 At
2364 5414 2503 5485 quia
2540 5431 2607 5469 ex
2665 5414 3020 5487 primoribus
3072 5414 3338 5471 Ecclesia:
3396 5416 3692 5485 Patribus,

2314 5680 2357 5716 ²⁰
2386 5680 2551 5750 Fell.,
2586 5682 2807 5755 praefat.
2841 5683 2915 5739 ad
2932 5684 3114 5757 Epist.
3148 5685 3396 5742 Barnab.
