4090 6340
453 362 577 427 ⁸108

457 588 620 660 gorio
654 590 1037 659 Nazianzenc,
1069 594 1416 670 Hieronymo
1450 599 1696 671 aliisque
1729 618 1844 656 non
1878 602 2101 674 paucis,

456 676 565 732 hac
597 677 655 732 in
709 680 967 751 Epistola
1022 683 1372 753 Barnabam,
1434 704 1537 743 seu
1571 691 1837 761 quemvis
1895 690 2098 755 alium,

454 769 646 823 Graeco
676 768 856 824 fuisse
886 769 1145 827 locutum
1173 773 1327 829 haud
1369 776 1546 832 dubie
1588 779 1891 846 didicerat,
1934 779 2103 835 haesit

457 870 574 910 non
591 858 1173 930 parumimplicatus:
1194 879 1298 918 nec
1320 867 1608 935 ejusmodi
1628 873 2099 934 monumentum,

454 943 539 998 sic
569 943 973 1016 imperfectum
1006 965 1071 1003 ac
1101 952 1276 1007 naavis
1306 958 1556 1023 scatens,
1584 960 1649 1010 ut
1669 955 1770 1011 illa
1788 973 1899 1027 qua
1924 959 2100 1012 codex

452 1032 781 1105 exscriptus
813 1041 901 1090 est
930 1042 1070 1093 astas
1102 1040 1341 1106 ferebat,
1374 1042 1430 1096 in
1465 1043 1764 1114 publicum
1798 1062 1977 1099 ausus
2012 1051 2101 1100 est

452 1120 684 1177 inferre.
709 1122 925 1180 Verum
949 1128 1249 1199 suppetias
1262 1131 1495 1185 tandem
1516 1132 1712 1187 attulit
1726 1134 2099 1189 doctissimus

452 1209 821 1266 Sirmondus.
854 1214 1158 1271 Societatis
1187 1220 1321 1273 Jesu
1356 1221 1691 1291 presbyter:
1718 1222 1767 1276 is
1790 1223 2005 1293 quippe
2028 1223 2097 1277 de

452 1299 786 1370 apographo
820 1302 1037 1373 Graeco,
1071 1306 1225 1375 quod
1258 1307 1450 1363 Romae
1490 1309 1641 1364 inter
1671 1328 1814 1365 mss.
1847 1315 1903 1365 et
1933 1311 2098 1366 sche-

452 1385 557 1441 das
590 1387 654 1441 R.
689 1388 748 1442 Ρ.
775 1390 1044 1446 Turriani
1075 1394 1400 1451 eruditione
1430 1413 1495 1451 ac
1535 1412 1727 1452 rerum
1779 1397 2095 1453 multarum

455 1473 700 1531 scientia
730 1477 1038 1533 clarissimi
1074 1488 1383 1551 repererat,
1438 1483 1827 1540 libentissime
1877 1502 2097 1541 accom-

451 1562 707 1618 modavit
738 1565 1033 1623 Menardo.
1067 1567 1228 1625 Unde
1250 1576 1444 1626 autem
1467 1573 1837 1645 exscripserit
1858 1591 2096 1646 apcgra-

452 1649 633 1721 phum
667 1652 1011 1721 Turrianus,
1046 1672 1137 1712 res
1174 1664 1264 1713 est
1294 1659 1463 1715 nobis
1494 1677 1733 1731 prorsus
1772 1662 1988 1733 ignota.
2022 1666 2095 1717 At

449 1754 584 1793 vero
615 1738 791 1795 veluti
822 1746 1136 1812 genuinam
1168 1748 1403 1803 nomine
1434 1752 1709 1805 Barnabze
1752 1750 2089 1821 Epistolam,

450 1828 520 1941 ab
543 1828 1195 1941 antiquisscriptoribus
1211 1835 1511 1892 laudatam
1533 1843 1707 1909 atque
1727 1844 2088 1912 usurpatam,
2124 1878 2170 1941 B

454 1915 657 1972 Versio
698 1916 827 1988 ipsa
846 1920 1067 1987 Latina,
1101 1923 1227 1979 sine
1244 1925 1568 1982 dubioante
1588 1944 1807 1982 annum
1830 1944 2089 2001 nongen-

448 2004 724 2059 tesimum
758 2006 976 2079 scripta
1025 2013 1337 2081 persuadet
1372 2032 1385 2081 ;
1419 2031 1551 2069 cum
1607 2018 1785 2071 terme
1814 2018 2092 2072 continuo

447 2093 630 2147 textui
660 2097 852 2151 Graeco
884 2100 1232 2169 respondeat
1261 2101 1319 2157 in
1368 2104 1758 2159 omnibus.....
1818 2105 2090 2160 Mutilum

446 2184 537 2235 est
561 2180 844 2251 Graecum,
872 2185 1077 2241 mutila
1110 2189 1296 2244 versio
1338 2190 1561 2246 Latina.
1582 2194 1839 2248 Graecum
1856 2194 2088 2264 quidem

447 2266 676 2324 lacunis
706 2276 763 2325 et
794 2270 1053 2329 hiatibus
1086 2275 1251 2331 initio
1271 2282 1499 2333 tantum
1523 2280 1789 2351 Epistolas
1811 2283 2093 2337 deforma-

446 2360 659 2417 ιαμ...
692 2358 892 2415 Versio
923 2367 1119 2418 autem
1151 2370 1309 2420 caret
1338 2371 1497 2438 parte
1532 2374 1844 2439 postrema,
1880 2371 1971 2425 cui
2004 2388 2095 2427 ac-

447 2445 769 2502 cessionem
802 2465 948 2503 nova
994 2452 1469 2523 interpretatione
1517 2472 1585 2511 ex
1613 2462 1807 2513 Graeco
1839 2458 2092 2515 Romano

447 2532 646 2588 attulit
676 2534 1105 2595 Menardus.....
1139 2541 1409 2597 Codicem
1442 2544 1682 2600 unicum
1706 2546 1932 2617 habuit,
1957 2564 2091 2602 cum

450 2621 712 2678 Graecum
744 2628 869 2679 tum
906 2627 1192 2697 Latinum,
1219 2647 1406 2701 neque
1427 2649 1638 2688 sanum
1666 2635 1881 2706 ubique
1914 2637 2089 2704 satis;

448 2714 515 2766 ut
539 2712 779 2781 proinde
811 2730 965 2769 nunc
1007 2733 1167 2784 cura,
1202 2736 1358 2776 nunc
1406 2722 1740 2791 conjectura
1786 2723 1868 2778 illi
1919 2725 2094 2779 fuerit

448 2798 781 2856 adhibenda
811 2819 822 2855 :
859 2805 1012 2873 quod
1048 2809 1242 2861 tamen
1274 2807 1357 2862 sic
1388 2826 1559 2879 parce
1587 2815 1645 2865 et
1675 2813 1993 2881 prudenter
2014 2813 2091 2868 fe-

447 2886 547 2954 cit,
584 2893 648 2943 ut
676 2888 733 2943 in
765 2889 920 2945 linea
949 2908 1062 2947 non
1096 2893 1261 2950 facile
1289 2895 1541 2951 litteram
1574 2903 1847 2969 mutaret,
1890 2901 1986 2955 sed
2019 2901 2090 2955 ad

447 2975 772 3047 marginem
804 2978 1126 3036 adnotaret.
1160 3005 1188 3031 »
1222 2983 1345 3038 Huc
1374 3000 1560 3055 usque
1593 2987 1925 3043 Dacherius.

517 3080 748 3137 Postero
807 3100 959 3140 anno
1016 3087 1153 3143 1646
1213 3090 1630 3146 Amstelodami
1690 3093 1846 3165 typis
1897 3095 2088 3150 denuo

443 3170 841 3228 excudendam
855 3175 1353 3233 curaviteamdem
1369 3179 1681 3250 Epistolam
1705 3186 1934 3238 lsaacus
1948 3183 2085 3240 Vos-

446 3257 569 3313 sius
600 3260 671 3313 ad
695 3260 908 3317 calcem
932 3263 1321 3335 Epistolarum
1345 3236 1649 3341 S.‘Ignatii
1668 3236 1946 3337 M.,notis
2118 3236 2159 3302 Ο

444 3346 614 3402 vibus
645 3349 745 3404 sed
785 3351 1030 3407 eruditis
1080 3353 1432 3410 illustratam
1468 3373 1479 3409 :
1522 3358 1691 3427 cujus
1742 3362 2090 3431 exemplare

446 3434 734 3491 Salmasic
765 3438 952 3508 primo
975 3447 1276 3513 acceptum
1296 3444 1541 3500 contulit
1571 3463 1705 3501 cum
1725 3447 1915 3504 tribus
1942 3464 2084 3503 mss.

446 3522 766 3591 codicibus,
795 3540 863 3580 ex
893 3527 1260 3587 bibliothecis
1291 3534 1545 3589 Medicae
1585 3535 1937 3602 Florentina,
1971 3537 2089 3592 Va-

447 3611 644 3665 ticana
674 3616 730 3666 et
758 3613 1176 3673 Theatinorum
1206 3620 1397 3675 Romae
1428 3624 1765 3694 degentium
1808 3625 2084 3695 repetitis.

448 3699 673 3764 Quibus
694 3701 976 3759 subsidiis
998 3707 1235 3775 adjutus
1256 3711 1723 3766 vetustissimum
1747 3712 1854 3767 hoc
1886 3730 2090 3768 monu-

449 3790 713 3843 mentum
746 3790 932 3846 multo
970 3794 1310 3863 castigatius
1349 3798 1672 3869 evulgavit:
1708 3823 1736 3849 «
1770 3818 1901 3855 cum
1933 3800 2086 3857 enim

448 3876 707 3932 Menardi
740 3878 933 3947 editio,
969 3885 1033 3935 ut
1062 3881 1309 3954 ipsemet
1336 3885 1434 3951 ait,
1459 3903 1527 3941 ex
1561 3904 1699 3953 uno,
1734 3890 2091 3959 promanarit

448 3964 665 4035 codice,
692 3966 814 4022 fieri
838 3967 1005 4023 aliter
1033 3986 1146 4024 non
1177 3972 1365 4042 potuit
1384 3974 1527 4044 quin
1548 3974 2091 4033 inemendatissima

451 4055 729 4124 prodiret.
764 4079 791 4105 »

524 4159 750 4231 Elapsis
778 4178 909 4217 vero
941 4164 1144 4235 viginti
1175 4184 1275 4221 sex
1300 4167 1470 4222 annis
1495 4186 1528 4223 a
1550 4170 1739 4241 prima
1769 4171 1953 4227 Vossii
1976 4173 2093 4227 edi~

451 4246 634 4317 tione,
665 4248 815 4303 hanc
846 4251 1122 4307 Barnabas
1172 4255 1491 4326 Epistolam
1524 4275 1759 4313 rursum
1792 4260 1851 4313 in
1882 4259 2091 4332 vulgus

451 4336 650 4391 emisit
680 4337 920 4395 Parisiis
952 4340 1091 4395 4672
1129 4360 1263 4399 cum
1310 4350 1500 4401 vetere
1549 4347 1753 4401 Latina
1805 4348 2088 4417 versione,

453 4442 601 4480 nova
630 4425 871 4500 insuper
918 4430 1413 4504 interpretatione,
1464 4437 1733 4507 notisque
1778 4436 2092 4493 luculentis

451 4515 793 4571 adornatam
850 4518 1105 4575 Joannes
1150 4521 1413 4594 Baptista
1463 4524 1800 4593 Cotelerius,
1850 4543 2092 4597 eamque

1629 377 1692 440 S.
1738 376 2161 442 BARNABAB
2204 376 2687 443 APOSTOLUS.

455 496 755 557 Clemente
784 499 1195 574 Alexandrino,
1226 507 1491 580 Origene,
1534 510 1913 577 Tertulliano,
1960 516 2099 568 Gre-
2129 513 2182 580 Α
2212 512 2441 565 Patrum
2530 512 2954 583 apostolicorum

3742 376 3854 441 τοι

3068 508 3408 568 collectione
3521 509 3851 569 Lodinensi.

2282 600 2439 655 Inter
2466 600 2760 656 versiones
2788 606 2981 657 autem
3013 600 3192 671 hujus
3221 599 3491 673 Epistolis
3533 600 3853 673 principem

2212 688 2401 744 locum
2434 689 2545 744 sibi
2576 690 2829 745 vindicat
2858 694 3023 745 vetus
3076 689 3319 744 Latina:
3356 690 3425 744 de
3475 706 3594 760 qua
3654 696 3855 762 preter

2208 793 2275 833 ea
2305 794 2431 849 qua:
2464 778 2713 848 sparsim
2745 778 2882 833 hinc
2913 778 3048 833 inde
3077 778 3403 850 attigimus,
3436 778 3520 833 sic
3550 784 3753 834 censet
3782 779 3848 835 cl.

2208 865 2528 921 Cctelerius
2550 867 2594 902 ²¹
2623 884 2636 933 ;
2677 886 2697 913 ι
2730 867 2912 921 Vetus
2944 866 3343 937 interpretatio
3375 866 3705 922 barbariem
3737 868 3853 922 ubi-

2208 970 2340 1024 que,
2375 954 2587 1024 ubique
2617 954 3029 1027 negligentiam
3063 955 3357 1022 ostendit;
3390 958 3595 1026 estque
3644 955 3849 1027 imper-

2209 1042 2351 1097 fecta
2394 1047 2451 1097 et
2516 1042 2741 1106 mutila,
2794 1047 2919 1097 tum
2972 1042 3214 1113 passim,
3264 1046 3392 1096 tum
3441 1043 3729 1114 praecipue
3784 1044 3849 1098 ad

2210 1131 2407 1197 finem,
2436 1130 2533 1185 ubi
2567 1132 2887 1201 posteriora
2917 1131 3108 1202 capita
3138 1134 3478 1185 resecantur
3503 1147 3516 1198 ;
3539 1130 3688 1186 forte
3719 1132 3851 1201 quia

2208 1218 2406 1273 minus
2430 1220 2599 1273 docta
2629 1219 2977 1275 videbantur
3006 1217 3330 1290 interpreti,
3355 1224 3528 1289 atque
3557 1220 3630 1274 ad
3666 1235 3850 1274 mores

2207 1305 2396 1378 magis
2428 1308 2816 1377 pertinentia:
2852 1307 3031 1379 igitur
3060 1307 3298 1362 omissis
3328 1307 3421 1375 iis,
3472 1306 3847 1378 colophonem

2207 1396 2675 1467 perdoxologiam
2725 1394 2993 1466 imponit.
3043 1396 3226 1450 Suum
3258 1399 3455 1451 tamen
3487 1394 3572 1449 illi
3602 1395 3848 1451 versicni

2204 1484 2456 1554 pretium
2491 1499 2503 1537 :
2538 1485 2630 1539 cui
2653 1484 2935 1539 debemus
2967 1482 3380 1555 prioracapita,
3415 1499 3550 1539 cum
3574 1500 3689 1539 non
3715 1500 3848 1555 pau-

2202 1571 2286 1626 cis
2305 1572 2814 1627 emendationibus
2831 1572 3010 1627 Graeci
3025 1575 3331 1627 contextus
3353 1589 3367 1639 ;
3386 1576 3452 1626 ut
3481 1571 3628 1626 nihil
3660 1573 3846 1627 dicam

2201 1660 2273 1714 de
2306 1660 2653 1731 antiquitate
2693 1659 2852 1715 illius
2872 1676 2937 1715 ac
2978 1659 3372 1733 simplicitate.
3396 1661 3739 1716 nAuctorem
3754 1677 3847 1715 au-

2201 1752 2319 1803 tem
2352 1748 2531 1819 hujus
2561 1748 2842 1804 versionis
2876 1749 3057 1804 fuisse
3078 1748 3137 1804 S.
3182 1746 3558 1803 Philastrium
3612 1748 3847 1804 Brixen-

2202 1852 2324 1891 sem
2339 1836 2674 1908 episcOpum
2694 1837 2939 1905 conjecit
2955 1836 3385 1908 Papebrochius
3400 1837 3466 1902 ”,
3490 1853 3747 1909 eumque
3767 1852 3846 1893 se-

2202 1930 2376 1981 cutus
2407 1924 2705 1980 Fabricius
2727 1925 2793 1981 ²⁸.
2817 1927 2887 1979 At
2917 1925 3210 1980 immerito
3251 1941 3410 1981 sane.
3444 1925 3643 1997 Neque
3692 1925 3844 1980 enim

2204 2014 2541 2082 Menardus,
2573 2014 2799 2087 primus
2816 2014 3024 2069 veteris
3050 2012 3212 2069 illius
3234 2013 3733 2085 interpretationis
3753 2013 3848 2068 dc-

2201 2107 2405 2166 tector,
2471 2119 2657 2172 neque
2706 2106 2790 2157 Vo
2828 2102 2971 2168 sius,
3020 2119 3208 2173 neque
3258 2101 3597 2168 Cotelerius,
3659 2118 3847 2173 neque

2201 2190 2298 2244 alii
2332 2192 2428 2244 aui
2484 2191 2758 2244 deinceps
2792 2120 2968 2244 3hanc
3020 2190 3339 2244 Epistolam
3394 2191 3735 2244 vulgarunt-
3794 2191 3847 2244 id

2201 2190 2298 2245 alii
2332 2192 2428 2262 qui
2484 2191 2758 2263 deinceps
2806 2190 2968 2246 hanc
3020 2190 3339 2261 Epistolam
3394 2191 3735 2262 vulgarunt,
3794 2191 3848 2245 id

2202 2296 2462 2351 unquam
2490 2278 2698 2334 litteris
2719 2279 3029 2334 tradidere.
3056 2279 3225 2333 Error
3254 2283 3447 2334 autem
3470 2278 3849 2333 duumvirum

2201 2366 2435 2423 illorum
2466 2384 2496 2422 e
2526 2368 2717 2423 verbis
2752 2368 3011 2423 Dacherii
3043 2367 3215 2422 modo
3238 2366 3439 2422 relatis
3479 2366 3726 2422 fortasse
3754 2383 3849 2421 or-

2201 2460 2325 2523 tus;
2358 2456 2574 2527 quibus
2595 2456 2874 2511 docemur
2892 2478 2921 2504 «
2948 2455 3295 2512 Menardum
3328 2456 3385 2510 in
3410 2454 3710 2510 Philastrii
3735 2456 3849 2527 epi-

2201 2544 2361 2615 scopi
2393 2543 2713 2599 Brixiensis
2743 2543 3015 2599 volumen
3065 2560 3176 2600 ms.
3210 2559 3241 2598 e
3270 2542 3597 2599 Ccrbeiensi
3646 2560 3848 2599 mona-

2201 2632 2379 2688 sterio
2418 2632 2750 2687 incidisse»
2802 2633 2861 2686 in
2911 2648 3029 2703 quo
3060 2649 3180 2687 una
3220 2648 3355 2687 cum
3403 2631 3536 2687 aliis
3589 2638 3847 2687 veterum

2201 2720 2522 2792 opusculis,
2553 2724 2841 2776 vetustam
2872 2735 3108 2792 quoque
3137 2720 3413 2775 Barnabas
3461 2719 3732 2791 Epistolas
3763 2720 3849 2775 in-

2199 2809 2677 2879 terpretationem
2708 2808 3107 2880 deprehendit,
3144 2824 3320 2879 quam
3342 2825 3411 2863 ex
3426 2808 3627 2863 eodem
3653 2808 3850 2863 codice

2200 2898 2509 2970 descripsit
2537 2898 2596 2952 in
2621 2897 2810 2954 lucem
2841 2897 3190 2953 emissurus.
3211 2896 3488 2953 Pluribus
3515 2896 3635 2969 egit
3654 2896 3768 2952 hac
3781 2897 3849 2952 de

2200 3004 2260 3042 re
2288 2986 2607 3043 Galeardus
2640 2987 2709 3042 V.
2740 2989 2799 3041 C.
2834 2986 2893 3040 in
2916 2986 3253 3058 prefetione
3283 2987 3354 3041 ad
3376 2984 3740 3040 luculentam
3760 3002 3846 3041 ve-

2196 3083 2386 3131 terum
2448 3080 2683 3130 Patrum
2746 3074 3025 3130 Brixianae
3072 3074 3341 3130 Ecclesiae
3392 3073 3844 3141 collectionem;

2198 3180 2395 3236 quem,
2429 3164 2477 3219 si
2502 3168 2690 3229 vacat,
2721 3163 2903 3219 lector
2932 3164 3100 3219 adeat
3120 3165 3185 3217 “.

2270 3270 2709 3326 Recentioribus
2738 3287 2871 3326 vero
2901 3268 3270 3325 versionihus
3310 3271 3547 3339 praestat
3605 3267 3848 3341 Anglice

2198 3358 2492 3414 Guilielmi
2525 3359 2714 3415 Wakii
2745 3375 2879 3413 cum
2911 3356 3185 3428 Epistolis
3206 3357 3543 3425 Clementis,
3572 3357 3760 3428 Ignati
3791 3361 3846 3413 et

2198 3446 2519 3519 Polycarpi,
2554 3464 2660 3502 nec
2693 3464 2803 3501 non
2835 3450 3062 3501 Hermae
3090 3448 3335 3512 Pectore,
3385 3444 3630 3500 Lcndini
3693 3446 3849 3501 edita

2201 3552 2343 3592 ann.
2368 3536 2505 3590 1693
2536 3539 2592 3589 et
2623 3536 2778 3589 1710.
2826 3534 2906 3590 De
2936 3534 3044 3589 hac
3074 3537 3270 3589 autem
3300 3533 3563 3589 versione
3595 3532 3842 3605 loquens

2198 3625 2452 3680 Joannes
2480 3622 2735 3679 Clericus
2758 3623 2816 3677 in
2839 3622 3086 3694 epistola
3102 3620 3529 3694 nuncupatoria
3558 3621 3847 3694 posterio-

2199 3714 2279 3768 ris
2308 3714 2543 3768 Patrum
2573 3713 2987 3784 apostolicarum
3014 3710 3287 3766 editionis
3334 3709 3727 3777 Cotelerianm,
3776 3711 3847 3765 ad

2198 3802 2467 3856 eumdem
2492 3800 2769 3856 Wakium
2789 3802 2913 3871 jam
2937 3799 3441 3871 archiepiscopum
3464 3798 3850 3855 Cantuarien-

2200 3906 2346 3959 sem,
2378 3889 2501 3945 haec
2530 3888 2744 3944 habet:
2775 3911 2795 3937 α
2826 3886 2956 3943 Fuit
2975 3890 3032 3942 et
3060 3886 3173 3942 alia
3202 3887 3370 3953 ratio,
3397 3902 3581 3957 eaque
3607 3886 3847 3958 majoris

2199 3978 2491 4050 ponderis,
2512 3981 2747 4049 prepter
2769 3992 2945 4048 quam
2977 3974 3299 4031 existimavi
3324 3975 3430 4030 tibi
3452 3974 3602 4031 hanc
3620 3977 3849 4031 Patrum

2200 4068 2617 4137 apostolicorum
2663 4065 2976 4121 editionem
3006 4079 3122 4119 non
3183 4062 3633 4136 displicituram.
3669 4064 3849 4121 Nemo

2200 4155 2479 4211 nimirum
2512 4158 2657 4222 erat,
2709 4154 2809 4224 qui
2868 4152 3065 4208 minus
3095 4152 3511 4225 dedignaretur
3556 4152 3847 4223 ejusmodi

2201 4244 2516 4315 scriptores
2541 4260 2553 4309 ;
2590 4259 2838 4314 quorum
2858 4240 3259 4313 plerosque,et
3287 4257 3386 4297 eos
3412 4240 3651 4312 quidem
3662 4243 3848 4312 genui-

2200 4347 2320 4399 nos,
2354 4336 2409 4385 S.
2471 4331 2819 4397 Barnabam,
2853 4331 2911 4387 S.
2949 4330 3263 4402 Ignatium,
3295 4332 3353 4384 8.
3382 4327 3742 4386 Clementem
3792 4333 3846 4385 et

2200 4424 2256 4474 S.
2315 4419 2719 4492 Polycarpum,
2746 4420 2817 4474 ad
2850 4434 2998 4489 quos
3050 4433 3345 4473 accessere
3373 4422 3568 4473 Pastor
3627 4419 3849 4474 Herma:

2202 4515 2259 4563 et
2280 4508 2843 4580 IgnatiiMartyrium,
2864 4506 2921 4561 in
2941 4505 3250 4578 Anglicum
3270 4520 3601 4562 sermonem
3616 4522 3848 4562 summa

450 4604 736 4675 praeclarae
782 4623 899 4661 suae
931 4609 1160 4664 Patrum
1207 4614 1623 4682 apostolz'corum
1665 4614 1900 4669 editioni
1932 4594 2089 4671 insc-
2122 4598 2169 4662 D
2202 4598 2315 4653 ﬁde
2348 4600 2521 4667 atque
2543 4595 2847 4668 elegantia:
2882 4595 3071 4666 quoad
3104 4610 3195 4650 re“
3225 4594 3463 4660 ferebat:
3488 4594 3845 4663 οοηνθηῖείίν

453 4693 589 4747 ruit.
622 4696 804 4757 Quam
838 4697 1076 4767 quidem
1108 4699 1422 4755 editionem
1454 4703 1564 4756 sub
1596 4704 1772 4757 finem
1830 4704 2091 4775 ejusdem

453 4781 669 4850 saeculi,
703 4799 855 4839 anno
891 4786 1045 4851 1698,
1078 4788 1409 4859 Antuerpiae
1442 4806 1543 4844 seu
1575 4791 1768 4861 potius
1808 4792 2095 4848 Amstelo-

452 4868 609 4925 dami
642 4872 795 4943 typis
817 4874 1180 4946 consignavit
1198 4892 1330 4930 cum
1357 4878 1509 4932 notis
1535 4879 1822 4934 variorum
1842 4880 2096 4935 Joannes

452 4958 730 5026 Clericus,
799 4962 1131 5035 iterumque
1177 4964 1369 5020 saeculi
1418 4968 1705 5022 currentis
1756 4985 1906 5023 anno
1961 4970 2096 5023 1724

453 5048 754 5107 nonnullis
784 5051 1028 5109 Joannis
1058 5052 1276 5108 Davisii
1302 5054 1541 5127 suisque
1574 5056 2096 5113 animadversioni-

453 5137 565 5193 bus
597 5144 852 5196 auctam.
885 5140 1165 5213 Denique,
1199 5147 1265 5198 ut
1296 5143 1453 5211 Felli,
1487 5143 1701 5216 Moynii
1732 5144 2098 5217 aliorumque

453 5231 873 5296 praetereamus
898 5230 1206 5299 editiones,
1248 5231 1511 5287 eamdem
1569 5231 1884 5304 Epistolam
1940 5232 2098 5305 prelo

456 5315 754 5371 commisit
810 5316 1134 5375 Richardus
1191 5319 1397 5375 Russcl
1453 5337 1605 5376 anno
1665 5322 1823 5391 1746,
1884 5322 1943 5377 in
1993 5339 2100 5378 sua

522 5528 574 5605 ἒξ
597 5528 775 5605 Cgtel.
802 5530 977 5605 ludia.
1012 5531 1075 5586 de
1103 5534 1276 5605 Epist.
1310 5532 1365 5587 S.
1398 5535 1566 5588 Barn.
1598 5535 1708 5589 sub
1740 5534 1838 5588 fin.
1916 5536 1963 5569 "
1996 5534 2241 5605 Papebr.
2272 5535 2385 5589 Act.
2416 5534 2512 5589 SS.
2544 5532 2704 5601 Jun.,
2764 5537 2909 5605 tom.
2942 5532 3012 5602 li,

1039 5619 1129 5666 ag.
1163 5604 1223 5675 3,
1250 5608 1305 5658 et
1334 5606 1554 5675 praefat.
1587 5605 1659 5660 ad
1708 5606 1764 5661 S.
1801 5604 2093 5661 Philastr.’
2151 5606 2197 5640 ²⁴
2225 5605 2515 5675 Galeard,
2581 5606 2805 5663 Prcl‘at.
2837 5604 2915 5663 ad
2959 5604 3164 5660 collect.
3202 5609 3304 5661 vel.
3336 5604 3445 5659 PP.
3495 5604 3656 5663 Brix.
3689 5606 3840 5670 ενι-ειη

452 5601 594 5656 Bibl.
630 5599 743 5669 Gr.,
776 5606 892 5659 tom
925 5602 967 5656 .\'

2202 4694 2256 4741 et
2285 4684 2581 4757 prooemiis
2611 4684 2960 4756 pereruditis
2989 4683 3295 4752 acjudicio
3316 4699 3549 4738 summo
3591 4683 3843 4739 conscri-

2205 4773 2319 4845 ptis
2350 4773 2593 4829 ornasti.
2626 4795 2653 4821 »
2686 4772 2772 4827 Ita
2800 4771 3073 4827 Clericus.
3099 4772 3234 4836 Quae
3266 4770 3503 4842 quidem
3536 4770 3595 4825 in
3642 4771 3846 4844 primis

2204 4862 2299 4917 hic
2330 4861 2655 4917 describere
2686 4860 2923 4933 placuit,
2975 4864 3040 4915 ut
3082 4863 3306 4915 constet
3333 4858 3529 4931 ipsum
3588 4866 3846 4916 mutasse

2205 4949 2591 5007 sententiam:
2644 4949 2935 5021 siquidem
2977 4952 3149 5004 antea
3178 4948 3237 5003 in
3278 4964 3386 5004 sua
3414 4949 3655 5004 Historia
3682 4950 3843 5005 eccle-

2202 5040 2427 5094 siastica
2445 5039 2490 5074 ³⁵
2515 5037 2821 5093 sinistrum
2852 5037 3066 5093 tulerat
3094 5037 3165 5092 de
3195 5037 3251 5091 S.
3284 5035 3561 5092 Barnabas
3591 5036 3846 5109 Epistola

2198 5126 2512 5200 judicium,
2566 5141 2743 5198 quam
2794 5126 2905 5180 hoc
2945 5124 3055 5182 loci
3109 5125 3347 5181 demum
3403 5126 3707 5196 genuinam
3746 5143 3848 5199 ap-

2202 5214 2399 5287 pellat.

2275 5321 2588 5393 Reliquum
2618 5324 2709 5377 est
2737 5325 2804 5376 ut
2834 5320 3035 5394 paucis
3054 5320 3451 5379 edisceremus
3479 5337 3594 5393 qua
3623 5321 3843 5379 ratione

3072 5549 3131 5604 p,
3178 5533 3436 5587 457-460.
3515 5534 3559 5567 ’³
3590 5532 3837 5601 Fabric.,

450 5689 509 5751 p.
544 5688 802 5728 xx-xxvr.
883 5673 927 5708 ’⁸
957 5673 1129 5740 Cler.,
1164 5674 1308 5730 Hist.
1336 5673 1491 5747 cccl.,
1525 5677 1598 5733 ad
1630 5692 1766 5732 ann.
1796 5678 1885 5746 71,
1920 5678 2027 5747 §2,
2060 5692 2193 5750 pag.
2227 5678 2349 5733 474.
