4118 6340
430 395 464 454 7
471 396 547 456 07

1604 397 1670 458 S.
1716 391 2141 456 BARNABAS
2185 386 2670 456 APOSTOLUS.

3721 391 3844 460 708

429 529 503 584 ab
553 530 788 583 auctore
862 525 1154 600 Epistolas,
1204 543 1330 599 quis
1381 532 1445 582 Ι).
1506 528 1781 583 Barnabas
1827 524 2085 597 apostolo
2115 526 2170 592 Α
2198 525 2460 582 videntes
2492 525 2631 582 salvi
2681 542 2808 582 esse
2854 530 3110 596 possent,
3164 541 3296 580 cum
3341 525 3605 582 videntes
3635 527 3848 598 solem,

430 617 602 689 vulgo
632 615 933 686 tribuitur,
958 632 1073 672 non
1099 620 1206 684 est,
1241 617 1396 688 quod
1421 615 1670 682 mireris,
1696 616 1757 670 in
1779 619 1900 669 tam
1924 614 2081 669 brevi

433 705 698 777 epistola.

501 797 784 848 Csiterum
837 792 1107 864 quamvis
1165 797 1369 849 auctor
1415 793 1594 864 hujus
1648 791 1935 863 Epistolas,
1978 791 2080 859 ju-

429 881 663 938 dicibus
692 881 900 937 Vossio
944 885 1118 953 atque
1148 881 1332 937 Hodio
1363 881 1461 954 (9),
1512 898 1580 936 ex
1619 880 1814 936 Graeca
1845 883 2077 950 septua-

433 968 762 1043 gintavirali
808 969 1072 1025 versione
1120 971 1178 1026 S.
1227 970 1538 1042 Scriptura:
1586 968 1713 1024 loca
1758 967 2081 1022 describere

433 1057 817 1125 consueVerit,
862 1056 1206 1129 plerumque
1257 1060 1450 1112 tamen
1494 1056 1838 1113 Hebraicam
1869 1054 2078 1110 verita-

431 1150 548 1202 tem
580 1152 818 1202 secutus
850 1146 980 1201 fuit.
1013 1146 1192 1218 Cujus
1215 1145 1451 1216 quidem
1484 1145 1566 1200 rei
1596 1145 1861 1215 quaedam
1894 1159 2082 1197 exem-

430 1234 528 1306 pla
572 1234 632 1289 in
692 1234 951 1288 medium
1013 1233 1268 1304 proferre
1317 1234 1504 1304 juvat.
1569 1233 1646 1286 Ex
1703 1231 1841 1286 LXX
1895 1232 2076 1285 Inter-

427 1327 658 1394 pretum
688 1322 953 1378 versione
985 1322 1146 1376 Isaiae
1177 1339 1228 1377 c.
1275 1327 1470 1391 xxvm,
1501 1339 1554 1377 v.
1607 1323 1694 1388 16,
1728 1319 1848 1374 haec
1878 1319 2080 1374 recitat

429 1416 636 1468 auctor
663 1410 814 1482 (10):
847 1413 977 1466 Ecce
1009 1412 1243 1465 immitto
1275 1411 1336 1465 in
1366 1410 1736 1479 fundamenta
1782 1408 1968 1464 Sionis
1996 1408 2076 1462 la-

422 1499 608 1572 pidem
635 1501 958 1570 pretiosum,
987 1498 1235 1569 electum,
1266 1499 1616 1566 angularem,
1662 1497 2038 1553 honorabilem
2058 1511 2077 1548 :

428 1585 569 1643 Ἰδοὺ
600 1579 866 1659 ἐμϐάλλω
897 1585 972 1646 εἷς
1001 1586 1069 1639 τὰ
1117 1583 1344 1657 θεμέλια
1393 1585 1533 1638 Σιὼν
1583 1583 1732 1639 λίθον
1773 1579 2077 1652 πολυτελῆ,

427 1673 701 1746 ἐκλεκτὸν,
735 1674 1150 1749 ἀκρογωνιαῖον,
1200 1671 1437 1746 ἔντιμον.
1489 1674 1681 1729 Verba
1717 1679 1911 1728 tamen
1946 1687 2078 1742 pro-

425 1765 579 1820 xime
600 1765 1019 1835 subsequentia
1039 1780 1107 1819 ex
1132 1763 1366 1818 Hebraeo
1391 1764 1546 1818 fonte
1571 1761 1780 1833 repetit
1800 1763 1912 1829 (11)
1946 1757 2076 1814 εΚαῖ

2193 613 2294 685 qui
2325 614 2640 685 aliquando
2686 629 2814 670 esse
2845 613 3100 682 desierit,
3135 618 3191 669 et
3237 631 3386 685 opus
3430 619 3520 670 est
3556 633 3846 672 manuum

2190 703 2338 770 ejus,
2363 719 2476 758 non
2493 703 2721 774 possint
2743 702 2936 758 radios
2954 703 3082 773 ejus
3102 702 3326 758 diutius
3347 702 3560 759 intueri
3581 704 3608 758 ?
3627 727 3654 754 »
3678 705 3849 761 Deni-

2190 807 2304 860 que
2351 791 2538 863 capite
2588 793 2675 857 12,
2727 791 2847 846 hinc
2898 791 2967 846 de
3014 791 3318 846 Servatore
3367 796 3569 848 nostro
3625 793 3848 850 habet:

2189 882 2376 952 Ἔχεις
2419 879 2508 931 καὶ
2551 877 2601 931 ἐν
2649 877 2829 949 τούτῳ
2875 879 2974 946 τὴν
3023 875 3178 947 δόξαν
3236 881 3334 932 τοῦ
3381 883 3583 951 Ἰησοῦ,
3646 879 3728 934 δτι
3791 880 3847 936 ἐν

2187 965 2553 1037 αὑτῷπάντα,
2617 966 2706 1021 καὶ
2755 966 2832 1028 εἷς
2890 965 3066 1021 αὐτόν.
3102 990 3130 1017 ‹‹
3177 967 3364 1024 Habet
3416 968 3592 1025 etiam
3643 969 3703 1026 in
3735 970 3851 1027 hoc

2187 1055 2434 1127 gloriam
2490 1057 2668 1112 Jesu:
2730 1057 2886 1128 quod
2945 1057 3004 1112 in
3061 1056 3190 1128 ipso
3244 1056 3364 1112 sint
3419 1057 3638 1128 omnia,
3697 1058 3849 1114 etin

2185 1143 2402 1216 ipsum.
2437 1167 2466 1194 »
2498 1145 2604 1200 Pro
2625 1144 3006 1216 explicatione
3031 1145 3210 1216 hujus
3230 1148 3425 1202 textus
3449 1147 3521 1202 de
3549 1147 3860 1210 creatione,

2186 1250 2250 1289 ac
2285 1233 2722 1289 conversatione
2770 1233 3034 1288 omnium
3085 1248 3280 1288 rerum
3328 1249 3427 1304 per
3455 1238 3513 1289 et
3553 1234 3612 1290 in
3642 1234 3843 1307 ipsum

2187 1321 2438 1377 multum
2468 1321 2662 1378 valent
2690 1320 2968 1393 parallela
2995 1338 3236 1393 prorsus
3274 1322 3333 1377 S.
3367 1321 3530 1378 Pauli
3563 1324 3737 1380 verba
3765 1325 3842 1380 ad

2186 1410 2559 1466 Colossenses
2615 1411 2765 1482 (15):
2819 1411 2938 1462 Ὅτι
2996 1407 3047 1462 ἐν
3109 1407 3254 1480 αὐτῷ
3295 1408 3510 1480 ἐκτίσθη
3558 1411 3624 1464 τὰ
3669 1412 3844 1466 πάντα

2183 1497 2251 1550 τὰ
2299 1495 2350 1549 ἐν
2386 1501 2502 1557 τοῖς
2549 1496 2796 1572 οὐρανοῖς
2841 1497 2931 1550 καὶ
2977 1496 3045 1551 τὰ
3098 1496 3185 1552 ἐπὶ
3239 1505 3338 1568 τῆς
3383 1501 3504 1573 γῆς,
3552 1500 3619 1553 τὰ
3669 1499 3842 1575 ὁρατὰ

2186 1582 2274 1638 καί
2301 1586 2367 1638 τὰ
2396 1584 2615 1659 ἀόρατα,
2648 1606 2698 1639 κ.
2731 1606 2782 1642 τ.
2815 1583 2894 1652 λ.;
2955 1591 3012 1641 et
3041 1603 3212 1642 mox:
3242 1586 3317 1640 Τὰ
3346 1588 3517 1642 πάντα
3573 1584 3641 1641 δι’
3671 1588 3843 1643 αὐτοῦ

2185 1671 2272 1726 καὶ
2306 1672 2382 1733 εἷς
2430 1672 2586 1726 αὐτὸν
2647 1669 2902 1742 ἔκτισται,
2962 1691 3027 1729 ac
3085 1691 3255 1732 versu
3307 1678 3410 1732 17:
3461 1675 3536 1730 Τὰ
3582 1677 3754 1730 πάντα
3784 1676 3842 1730 ἐν

2189 1760 2332 1832 αὐτῷ
2363 1782 2452 1814 συν
2461 1762 2669 1831 ἔστηκε.

423 1852 482 1914 'o'c
515 1851 722 1907 ἐλπίσει
774 1851 856 1904 ἐπ’
910 1850 1065 1905 αὐτὸν
1118 1853 1332 1921 ζήσεται
1390 1850 1464 1911 εἷς
1496 1850 1586 1904 τὸν
1647 1848 1828 1902 αἰῶνα.
1892 1851 1951 1902 Et
1983 1863 2071 1917 qui

631 1943 662 1956 ο.
716 1944 725 1954 ι
806 1942 857 1956 ιιι
988 1944 998 1954 ο
1069 1945 1080 1956 ι
1127 1943 1135 1953 ο
1280 1950 1290 1956 .
1609 1941 1620 1956 1
1652 1939 1661 1949 ⁵
1711 1939 1730 1956 τ
1754 1939 1841 1956 ἶνιν
1876 1955 1879 1956 ,
1923 1943 1956 1956 l7
2003 1936 2014 1949 ‘
2058 1936 2069 1956 τ

2261 1851 2468 1906 Veram
2503 1850 2628 1904 Filii
2651 1851 3014 1906 divinitatem
3039 1868 3152 1906 non
3186 1851 3382 1907 minus
3402 1853 3631 1926 egregie
3652 1853 3844 1910 decla-

422 1943 666 2014 sperarit
702 1944 762 1997 in
793 1942 910 2013 illo,
942 1944 1082 1997 vivet
1113 1943 1172 1996 in
1217 1950 1513 2005 aeternum,
1567 1939 1664 1994 ubi
1710 1939 1844 1993 LXX
1873 1955 1885 1991 :
1922 1936 2018 1989 Καὶ
2050 1936 2077 1989 ὁ

422 2028 689 2083 πιστεύων
726 2030 802 2100 μὴ
851 2029 1216 2104 καταίσχυνθῇ
1253 2047 1264 2083 ;
1313 2030 1374 2083 Et
1419 2028 1640 2083 credens
1692 2044 1800 2082 non
1838 2028 2074 2096 confun-

422 2119 602 2175 detur.
634 2152 701 2158 —
729 2118 880 2173 Alibi
929 2123 1124 2174 autem
1156 2134 1225 2172 ex
1254 2117 1459 2172 (lenes.
1515 2135 1575 2183 ιι,
1625 2117 1678 2185 '3,
1713 2116 1832 2169 haec
1863 2114 2070 2169 habet:

425 2205 523 2260 Καὶ
573 2202 914 2260 συνετέλετεν
953 2206 1004 2277 (ὁ
1053 2204 1204 2276 Θεὸς)
1273 2203 1323 2257 ἐν
1373 2208 1442 2276 τῇ
1492 2201 1673 2275 ἡμέρᾳ
1719 2206 1787 2274 τῇ
1846 2196 2074 2273 ἑϐδόμῃ,

425 2317 476 2352 κ.
508 2317 558 2349 τ.
593 2292 648 2350 λ.
682 2297 744 2351 Ει
770 2297 1166 2352 consummavit
1205 2294 1387 2366 (Deus)
1418 2296 1479 2349 in
1524 2293 1610 2348 die
1634 2293 1888 2363 septima,
1922 2295 2071 2346 etc.:

425 2389 485 2439 at
562 2383 737 2439 LXX:
826 2380 877 2434 ἐν
964 2381 1145 2456 ἡμέρᾳ
1225 2384 1294 2453 τῇ
1362 2377 1509 2454 ἕκτῃ,
1592 2383 1652 2435 in
1733 2379 1820 2434 die
1894 2387 2070 2435 serta.

424 2473 570 2528 Hinc
599 2474 657 2528 S.
705 2471 1086 2544 Hieronymus
1135 2472 1192 2525 in
1241 2469 1680 2525 Traditionibus
1734 2467 2069 2523 Hebraicis:

423 2564 530 2618 Pro
583 2564 741 2617 sexta
796 2561 906 2631 die,
958 2563 1019 2615 in
1071 2561 1289 2615 Hebraeo
1343 2559 1491 2614 diem
1546 2558 1838 2628 septimam
1894 2555 2068 2610 habet.

422 2653 605 2716 Quem
655 2650 710 2705 in
770 2649 964 2705 locum
1021 2648 1189 2720 plura
1240 2647 1566 2703 observavit
1621 2645 1886 2701 eruditus
1931 2644 2070 2699 Gra-

421 2739 554 2794 bius
585 2739 698 2809 (12)
729 2738 908 2810 digna
951 2753 1111 2806 sane,
1163 2753 1286 2800 qua;
1337 2735 1491 2806 apud
1543 2733 1737 2804 ipsum
1779 2731 2068 2803 legantur,

419 2827 548 2882 Alia
610 2843 739 2882 vero
799 2826 1090 2896 ejusmodi
1144 2823 1409 2896 exempla
1461 2839 1529 2876 ex
1585 2819 1843 2894 Epistola
1908 2835 2067 2890 repe-

422 2916 620 2971 tenda.

449 2932 620 2972 enaa.

493 3007 631 3074 §I[.
692 3010 769 3060 De
824 3003 956 3058 Filii
1000 3003 1092 3057 Dei
1139 3001 1578 3074 praeexistentia,
1636 2997 2065 3053 consubstantia-

419 3095 597 3162 litate,
630 3098 739 3149 etc.
774 3123 842 3134 —-
877 3090 1086 3146 Filium
1132 3108 1166 3146 a
1217 3091 1332 3145 Deo
1383 3094 1550 3144 Patre
1592 3087 1851 3159 genitum
1886 3085 2066 3140 fuisse

417 3186 551 3239 ante
572 3183 733 3254 jacta
755 3181 960 3236 mundi
1007 3180 1418 3244 fundamunta,
1451 3193 1666 3249 perque
1697 3175 1893 3247 ipsum
1925 3189 2063 3228 con-

2186 1945 2274 1994 rat
2304 1939 2397 1994 hic
2428 1944 2628 1995 auctor
2659 1956 2766 1994 sua
2795 1939 2852 1992 in
2887 1938 3162 2010 Epistola.
3195 1943 3341 1995 Nam
3378 1939 3459 1996 ibi
3489 1940 3698 1996 Filium
3733 1942 3842 1999 Dei

2187 2027 2439 2098 appellat
2457 2051 2482 2077 ‹‹
2502 2028 2662 2082 orbis
2683 2032 2968 2082 terrarum
2995 2027 3326 2094 Dominum,
3353 2053 3375 2081 ι
3408 2028 3585 2101 idque
3604 2034 3842 2087 antece-

2185 2120 2390 2172 danter
2411 2118 2500 2188 (ut
2527 2116 2848 2186 loquuntur
2876 2116 3108 2188 scholas)
3140 2117 3210 2172 ad
3256 2118 3620 2174 mcononiam
3648 2118 3838 2191 illam,

2185 2221 2362 2271 quam
2423 2210 2632 2260 nostra
2693 2204 2899 2261 salutis
2969 2222 3146 2261 causa
3202 2206 3498 2278 suscipere
3556 2207 3840 2279 dignatus

2183 2297 2291 2348 est.
2491 2344 2494 2348 .

2254 2381 2349 2435 Ait
2377 2381 2552 2436 etiam
2575 2379 2819 2453 gloriam
2839 2382 2865 2436 J
2871 2397 2975 2437 esu
2996 2385 3223 2437 tantam
3244 2386 3418 2450 esset,
3445 2387 3510 2438 ut
3528 2399 3627 2455 per
3645 2384 3838 2453 ipsum

2181 2480 2234 2527 et
2256 2475 2485 2542 propter
2515 2473 2693 2541 ipsum
2721 2473 2835 2526 sint
2877 2472 3063 2526 omnia
3113 2471 3262 2542 (16);
3297 2471 3409 2526 hoc
3454 2475 3562 2537 est,
3596 2473 3669 2526 ab
3700 2471 3864 2544 ipso

2183 2565 2247 2616 ut
2275 2577 2454 2616 causa
2477 2559 2786 2628 efﬁciente,
2817 2560 3014 2615 omnia
3041 2560 3205 2628 fiant,
3237 2564 3294 2615 et
3336 2560 3408 2615 ad
3440 2559 3656 2632 ipsum,
3690 2565 3834 2616 tan-

2180 2665 2359 2720 quam
2382 2649 2555 2704 ﬁnem
2587 2649 2786 2703 omnia
2832 2648 3197 2704 referantur:
3229 2665 3358 2720 quae
3391 2652 3544 2704 certe
3573 2649 3646 2705 de
3669 2665 3835 2705 crea-

2179 2741 2311 2794 tura
2338 2737 2464 2792 sine
2493 2735 2860 2808 blasphemia
2890 2735 3000 2790 dici
3029 2753 3140 2790 non
3173 2740 3439 2807 possunt.
3474 2736 3698 2804 Quibus
3729 2738 3838 2793 ad-

2178 2827 2283 2882 das
2311 2825 2599 2880 illustrem
2632 2824 2824 2880 locum
2875 2825 2933 2879 in
2974 2825 3240 2894 ejusdem
3292 2824 3550 2896 Epistola
3579 2825 3690 2896 (17)
3722 2826 3832 2882 ubi

2177 2915 2344 2970 docet
2367 2914 2699 2984 Dominum,
2728 2912 2826 2984 qui
2851 2913 3043 2967 omnia
3070 2912 3428 2984 presciverit,
3451 2912 3580 2968 ideo
3607 2913 3828 2969 dixisse

2175 3019 2238 3058 se
2281 3001 2492 3074 populo
2539 3019 2645 3057 suo
2697 3017 2795 3056 cor
2843 2999 3137 3073 lapideum
3187 2995 3542 3066 ablaturum,
3591 3001 3826 3073 ipsique

2174 3108 2270 3147 cor
2301 3108 2512 3147 novum
2546 3095 2603 3146 et
2647 3106 2922 3145 carneum
2973 3089 3321 3155 inditurum,
3373 3086 3455 3142 ὅτι
3499 3084 3731 3159 ἔμελλεν
3764 3088 3820 3143 ἐν

2171 3179 2324 3254 σαρκὶ
2367 3178 2740 3256 φακθεροὺσθαι,
2789 3176 2877 3230 καὶ
2925 3175 2975 3229 ἐν
3009 3178 3143 3248 ἡμῖν
3186 3181 3477 3233 κατοικεῖν.
3529 3173 3670 3237 Ναὸς
3722 3176 3828 3251 γὰρ

416 3273 538 3328 dita
587 3271 766 3326 fuisse
822 3270 943 3324 hzec
1000 3269 1272 3324 universa
1327 3271 1527 3322 auctor
1582 3263 1869 3337 Epistolas,
1931 3278 2058 3334 quas

2182 3269 2345 3342 Εἱγιος,
2380 3254 2603 3344 ἆδελςθοί
2632 3287 2758 3338 μου,
2779 3269 2858 3336 τῷ
2889 3265 3092 3341 Κυρίῳ,
3115 3265 3178 3319 τὸ
3208 3265 3631 3340 κατοικητήριον
3663 3267 3830 3336 ἡμῶν

417 3361 692 3415 Βανηειοω
724 3357 1085 3424 inscribitur,
1115 3374 1228 3413 non
1262 3356 1433 3427 longe
1477 3356 1547 3409 ab
1579 3353 1742 3408 initio
1774 3349 2063 3423 Epistolas,

412 3433 583 3518 juxta
609 3452 863 3502 veterem
897 3444 1338 3500 translationem
1376 3444 1640 3499 Latinam
1679 3443 1839 3514 (nam
1872 3441 2068 3496 Graeca

417 3535 502 3589 ibi
546 3534 971 3602 desiderantur)
1032 3534 1335 3603 proﬁtetur
1391 3533 1460 3586 de
1516 3531 1816 3586 Servatore
1870 3533 2066 3584 nostro

420 3623 508 3678 sic
537 3622 815 3694 loquens:
851 3626 914 3676 Et
961 3621 1032 3675 ad
1080 3622 1176 3676 hoc
1211 3623 1476 3676 Dominus
1517 3620 1786 3675 sustinuit
1812 3617 1930 3690 pati
1967 3633 2067 3688 pro

421 3712 623 3768 anima
667 3715 885 3778 nostra,
937 3725 1070 3764 cum
1120 3709 1168 3763 si
1217 3709 1375 3764 orbis
1422 3713 1707 3762 terrarum
1752 3707 2066 3771 Dominus;

421 3801 516 3856 cui
547 3799 693 3855 dixit
727 3804 873 3853 Deus
915 3801 1048 3852 ante
1080 3796 1554 3852 constitutionem
1605 3793 1837 3849 szeculi:
1877 3795 2068 3848 Facta-

416 3906 540 3945 mus
587 3889 865 3944 hominem
918 3886 988 3942 ad
1040 3887 1344 3954 imaginem
1399 3889 1450 3940 et
1495 3883 1925 3938 similitudinem
1971 3898 2067 3937 no-

413 3987 594 4035 stram
623 3977 757 4048 (l3).
795 4000 822 4026 ››
856 3977 926 4030 Et
955 3973 1128 4047 paulo
1162 3979 1311 4045 post,
1339 3971 1522 4027 solem
1542 3972 1683 4025 dicit
1712 3993 1738 4019 «
1774 3987 1921 4040 opus
1955 3987 2069 4024 ma-

416 4083 602 4121 nuum
633 4065 760 4120 Filii
785 4065 907 4120 Dei.
944 4086 972 4113 ››
1023 4064 1207 4118 Locus
1240 4060 1487 4116 illustris
1531 4058 1703 4114 estin
1739 4059 1942 4113 eodem
1975 4075 2068 4113 ca-

417 4155 536 4225 pite
567 4154 719 4224 (1-1):
755 4175 783 4202 «
814 4154 980 4207 Tunc
1008 4150 1264 4207 ostendit
1295 4166 1356 4205 se
1385 4163 1513 4204 esse
1545 4147 1757 4202 Filium
1797 4146 1915 4201 Dei.
1947 4146 2068 4202 Nisi

418 4243 578 4299 enim
609 4241 867 4296 venisset
897 4241 956 4295 in
989 4256 1182 4306 carne,
1229 4237 1519 4308 quomodo
1571 4235 1839 4291 homines
1873 4234 2068 4306 ipsum

489 4490 564 4561 (9)
596 4490 763 4545 Joan.
798 4488 1041 4561 Vossius
1069 4489 1140 4542 De
1169 4488 1425 4561 translati.
1479 4487 1605 4561 LXX
1620 4489 1784 4561 iintt..
1817 4502 1944 4557 cap.
1975 4485 2066 4561 21,

457 4559 552 4633 ag.
582 4562 671 4616 69.
709 4560 1062 4633 llumfredus
1094 4560 1334 4633 Hodius.
1386 4560 1460 4614 De
1491 4560 1676 4629 Blibl.,
1718 4562 1870 4613 textu
1900 4559 2064 4627 orig.,

416 4579 550 4686 pag.
582 4579 671 4616 ou.
709 4579 1062 4614 numlreaus
1094 4579 1212 4614 nou

442 4634 520 4688 ib.
555 4649 637 4699 Ill,
671 4648 799 4703 cap.
834 4632 891 4695 3,
920 4647 1055 4756 ἕθεν.
1086 4632 1212 4686 277.

491 4704 605 4756 (10)
637 4704 884 4756 Barnab.
969 4707 1127 4756 mst..
1160 4719 1212 4756 co

491 4704 605 4774 (10)
637 4704 884 4758 Barnab.
920 4703 1127 4773 Epist.,
1160 4719 1286 4773 cap.
1317 4703 1372 4756 6.

493 4773 606 4845 (Η)
639 4773 807 4837 una,
839 4775 1058 4845 cap715.

495 4841 606 4916 (12)
633 4841 1117 4915 Grabius,'Epist.
1152 4844 1219 4897 ad
1274 4841 1521 4916 Millium
1567 4843 1640 4896 De
1658 4841 1761 4916 lib.
1807 4841 1930 4895 Jud.
1963 4858 2070 4912 ge-

421 4915 595 4971 nui-n.
620 4916 740 4970 LXX
767 4917 1132 4984 interpretum
1160 4915 1443 4969 versionis.
1478 4929 1609 4984 pag.
1641 4915 1730 4966 67.

495 4987 608 5057 (13)
639 4985 878 5058 Epistol.
915 4981 1201 5058 Barnab.,
1253 4985 1440 5058 capite
1467 4981 1519 5038 5.
1559 4981 2071 5058 ‘Luce_meridiana

419 5054 635 5112 clarius
669 5054 826 5128 patet
841 5074 914 5128 ex
937 5057 1188 5111 laudatis
1218 5056 1406 5110 verbis
1437 5054 1689 5108 auctoris
1715 5054 1856 5108 ﬁdes
1879 5054 2067 5128 quoad

418 5127 778 5184 divinitatem
832 5127 1046 5194 Verbi;
1100 5131 1432 5197 frustraque
1463 5130 1707 5197 conatus
1763 5130 1853 5179 est
1883 5127 2070 5179 Lucas

415 5199 732 5256 Mellierius
755 5215 854 5254 seu
878 5200 1074 5270 potius
1096 5196 1720 5270 Samuel’Crelliusvim
1742 5197 2071 5270 argumenti

415 5272 685 5326 eludere:
733 5267 954 5342 veteres
1007 5270 1300 5342 siquidem
1353 5285 1557 5322 omnes
1613 5267 1728 5342 fere
1762 5267 1833 5342 _i_n
1866 5268 2068 5342 eodem

415 5358 592 5398 sensu
623 5341 1036 5396 intellexerunt
1064 5338 1164 5396 illa
1196 5340 1490 5395 Geneseos
1519 5338 1715 5404 verba,
1759 5339 1948 5409 iisque
1981 5338 2072 5392 usi

418 5413 654 5484 fuerunt
684 5413 755 5467 ad
813 5412 1314 5484 comprobandum
1367 5411 1475 5484 hoc
1524 5411 2071 5484 dogmauqsterum

419 5480 1048 5570 Crell'iummegregioac
1080 5490 1319 5570 strenue
1351 5481 1626 5570 refutavit
1655 5480 1927 5570 Grattius;

493 5554 605 5624 (14)
674 5550 803 5605 Trita
864 5550 1206 5629 ἓφανὲρωσεν
1269 5553 1452 5606 ἑαυτὸν
1510 5551 1631 5603 Υἱὸν
1693 5555 1823 5603 Θεοῦ
1882 5550 2011 5603 εἶναι
2056 5594 2069 5606 .

422 5618 730 5700 Εἴγὰέ-μτή
761 5618 928 5691 ἦλθεῦ
969 5618 1247 5700 ἐξίραρδᾴ,
1280 5627 1395 5700 πᾶξς
1441 5620 1812 5700 ἃνιξςζώθημεν
1859 5618 2070 5700 divaeei-

418 5690 540 5776 nat,
589 5690 894 5782 ’βλέποήτες
949 5694 1108 5753 αὐτόν
1188 5690 1270 5753 ὅτι
1318 5694 1409 5752 τὸν
1474 5690 1748 5773 μέλλοντα
1805 5692 1881 5771 μὴ
1936 5690 2074 5752 εἶναι

2173 3363 2274 3424 τῆς
2303 3352 2541 3430 καρδίας.
2577 3356 2635 3410 Id
2666 3361 2773 3424 est,
2805 3377 2832 3405 «
2867 3355 3142 3426 quoniam
3186 3355 3310 3426 ipse
3354 3355 3414 3409 in
3446 3370 3616 3410 carne
3646 3371 3830 3426 appa-

2175 3447 2395 3501 riturus
2425 3449 2597 3512 esset,
2649 3449 2706 3499 et
2753 3444 2812 3499 in
2845 3444 3014 3499 nobis
3065 3442 3458 3499 habitaturus.
3511 3443 3826 3515 Templum

2177 3534 2331 3590 enim
2380 3538 2648 3589 sanctum
2700 3538 2790 3588 est
2843 3532 3109 3602 Domino,
3171 3532 3377 3587 fratres
3437 3531 3573 3602 mei,
3633 3531 3831 3587 cordis

2178 3624 2364 3679 nostri
2423 3621 2808 3677 domicilium.
2869 3643 2897 3671 »
2975 3620 3082 3676 Ubi
3141 3620 3214 3676 de
3289 3620 3555 3687 Domino,
3615 3621 3717 3691 qui
3774 3621 3837 3674 in

2177 3728 2349 3767 carne
2399 3711 2520 3766 sive
2576 3713 2786 3765 natura
2837 3709 3099 3764 humana
3155 3724 3218 3764 se
3276 3708 3691 3777 manifestavit,
3727 3708 3838 3764 hoc

2176 3805 2265 3856 est
2343 3801 2414 3855 de
2491 3797 2632 3853 Filio
2713 3798 2836 3867 Dei,
2918 3798 3136 3854 Diserte
3209 3796 3490 3868 loquitur,
3579 3813 3839 3868 eumque

2185 3909 2206 3937 ι
2239 3889 2551 3944 Dominum
2581 3888 2640 3941 in
2680 3887 2957 3943 cordibus
2998 3891 3363 3953 sanctorum,
3400 3908 3427 3936 η
3458 3890 3742 3957 tanquam
3775 3886 3837 3941 in

2179 4001 2206 4028 «
2222 3975 2457 4049 templis
2470 3975 2584 4031 Deo
2599 3975 2972 4042 consecratis,
2988 3974 3250 4030 habitare
3263 3975 3451 4030 docet.
3473 3996 3493 4022 ιι
3510 3973 3644 4036 Qua:
3657 3974 3838 4030 verba

2179 4070 2298 4121 tam
2314 4065 2464 4120 clare
2481 4064 2814 4136 exprimunt
2837 4063 3091 4118 divinam
3117 4061 3246 4117 Filii
3267 4063 3630 4133 majestatem
3654 4065 3836 4134 atque

2179 4152 2730 4225 omnipraasentiam,
2766 4157 2828 4207 ut
2875 4156 3076 4207 nostra
3115 4149 3496 4222 explicatione
3526 4167 3643 4205 non
3676 4150 3832 4206 indi-

2179 4245 2372 4313 geant.
2403 4241 2617 4296 Notatu
2647 4256 2880 4311 quoque
2929 4239 3108 4310 digna
3154 4243 3294 4294 sunt
3342 4237 3516 4293 verba
3555 4237 3832 4293 Barnaba

2177 4485 2359 4561 ἥλιον,
2393 4483 2546 4561 ἕργογ
2576 4489 2776 4561 χςιρῶν
2810 4483 2972 4561 αὐτῷ
3002 4481 3687 4561 ὕπάρχονταηβλὲποντεςι
3736 4479 3835 4561 οὐκ

2181 4552 2477 4633 ἰοχύοὺσίκί
2501 4552 2861 4633 εἷς’ἶᾶδὶτξγαςΔ
2897 4555 3060 4610 αὐτοῦ
3113 4552 3581 4633 ἆῆἕτοφθαχμῆσαι.
3627 4554 3832 4633 “Epist.

2095 4618 2143 4682 D
2177 4618 2371 4709 Begu,
2419 4646 2543 4709 cap:
2602 4630 2656 4684 5.
2717 4627 2944 4709 Fierine
2991 4618 3324 4709 potesth'ut
3372 4618 3506 4697 quis
3550 4618 3836 4709 validiora

2178 4695 2381 4757 atterat
2422 4695 2619 4766 verba,
2671 4716 2785 4772 pro,
2829 4695 3133 4772 divinitate
3182 4701 3354 4772 atque
3377 4695 3835 4772 __pr:eexistentia

2180 4773 2307 4828 Filii
2339 4772 2456 4836 Dei,
2488 4773 2626 4827 Jesu
2656 4767 2920 4826 Christi?
2969 4775 3026 4825 et
3068 4767 3276 4824 simul“
3297 4767 3550 4823 nobilem
3583 4767 3736 4822 hanc
3765 4782 3835 4822 ac

2179 4843 2488 4900 sublimem
2513 4841 2828 4897 Salvatoris
2859 4840 3073 4906 ideam,
3123 4857 3256 4895 cum
3295 4840 3529 4894 notione
3559 4838 3835 4893 humanae

2179 4925 2386 4970 nostras
2417 4917 2634 4968 natura:
2675 4913 2890 4967 uniat?
2935 4911 3216 4966 Caeterum
3266 4909 3494 4982 opinior
3527 4915 3835 4982 auctorem

2180 4988 2336 5042 hunc
2367 4985 2689 5056 respexisse
2720 4985 2811 5038 hic
2853 4983 2924 5037 ad
2969 4983 3224 5056 aliquem
3273 4979 3837 5056 Scripturzelocum,

2180 5057 2279 5112 ubi
2300 5049 2546 5128 Spiritus
2568 5059 2810 5110 sanctus
2824 5070 2929 5128 nos
2950 5049 3134 5119 docet,
3159 5054 3216 5128 in
3244 5049 3417 5128 terris
3437 5049 3839 5128 neminemyi-

2180 5131 2313 5184 dere
2339 5121 2514 5198 posse
2545 5131 2746 5195 Deum,
2781 5124 2932 5198 quin
2982 5129 3122 5198 post
3161 5123 3647 5198 hanc_vi_sionem_
3679 5121 3836 5198 illico

2180 5191 2484 5255 moriatur.
2519 5198 2635 5253 Hoc
2665 5191 2883 5269 posito,
2919 5191 3294 5269 ex'adductis
3327 5193 3507 5269 hujus
3537 5191 3842 5269 scriptoris

2178 5271 2373 5326 verbis
2404 5270 2484 5324 ita
2505 5262 2884 5340 comprobata
2908 5262 3518 5340 remanetorthodoxa
3530 5262 3672 5334 ejus'
3686 5262 3842 5340 circa

2181 5343 2288 5468 inoo
2319 5342 2532 5467 qogma
2554 5333 2720 5409 ﬁdes,
2746 5344 2810 5394 ut
2844 5339 2915 5394 de
2934 5337 3036 5394 illa
3051 5338 3317 5393 dubitare
3341 5333 3597 5408 amplius
3617 5333 3843 5390 nemini

2207 5429 2328 5468 icea
2365 5455 2377 5467 .

2207 5414 2377 5468 iceat.

2254 5484 2366 5551 (15)
2396 5481 2577 5552 Epist.
2615 5481 2684 5534 ad
2717 5479 2958 5550 Coloss.,
2992 5496 3118 5551 cap.
3156 5497 3193 5551 ι,
3228 5494 3378 5535 vers.
3409 5477 3495 5547 16,
3530 5475 3622 5532 17.

2282 5555 2370 5621 16)
2402 5551 2541 5624 cap.
2572 5551 2664 5624 #42,

2282 5556 2370 5621 16)
2402 5556 2541 5624 Cap.
2576 5556 2664 5606 42.

2255 5556 2368 5701 (17)
2399 5623 2536 5698 Cap.
2567 5623 2603 5682 5
2631 5621 2814 5695 Epist.
2847 5621 2906 5681 S.
2937 5621 3186 5684 Barnab.
