4118 6340
485 338 599 402 ⁸711

1660 342 1725 400 S.
1770 338 2193 403 BARNABAS
2236 340 2717 405 APOSTOLUS.

3770 340 3899 406 712

488 473 794 547 pulchrius
824 474 1013 544 potest
1040 468 1151 525 dici
1170 469 1385 541 iisquae
1407 468 1499 524 hic
1512 472 1690 528 tradit
1711 477 1909 529 noster
1928 477 2130 529 auctor
2158 475 2213 539 Α
2242 473 2432 530 denuo
2462 475 2695 530 formati
2744 491 2970 546 sumus,
3022 476 3520 548 quemadmodum
3572 492 3780 533 rursus
3824 477 3893 532 in

488 565 561 619 de
593 562 840 618 miriﬁca
868 560 1079 615 virtute
1105 558 1286 614 divini
1327 561 1678 615 sacramenti
1731 561 2123 633 baptismatis,

490 655 663 709 Docet
690 650 847 707 enim
879 648 1055 720 quod,
1089 647 1323 718 quando
1357 648 1768 705 descendimus
1800 650 1859 705 in
1892 667 2126 721 aquam,

488 740 646 814 pleni
687 754 894 794 sumus
943 736 1195 807 peccatis
1240 740 1297 791 et
1345 737 1617 792 sordibus
1652 755 1665 803 ;
1699 740 1798 793 sed
1833 740 2031 794 statim
2064 755 2129 793 ac

486 826 863 900 emergimus,
895 825 1212 895 incipimus
1244 824 1496 879 fructum
1528 826 1731 882 afferre
1760 826 1821 882 in
1854 827 2127 882 cordibus

487 916 706 974 nostris
738 930 841 987 per
869 914 1141 969 timorem
1172 912 1272 967 Dei
1302 918 1359 968 et
1408 929 1572 984 spem
1621 915 1682 969 in
1726 914 1931 971 Jesum
1962 914 2129 969 Chri-

485 1009 851 1076 stum,quam
877 1002 1093 1074 Spiritu
1119 1004 1318 1057 sancto
1346 1001 1580 1057 afﬂante
1603 1002 1887 1057 habemus
1914 1019 1925 1058 :
1966 1024 1992 1054 α
2013 1003 2129 1059 Nos

484 1092 899 1151 descendimus
935 1090 1171 1161 quidem
1221 1089 1280 1143 in
1339 1106 1551 1160 aquam
1586 1090 1739 1161 pleni
1782 1092 2042 1162 peccatis
2072 1096 2131 1147 et

486 1181 758 1238 sordibus
794 1198 806 1249 ;
841 1179 976 1234 inde
1010 1182 1205 1233 autem
1238 1178 1595 1248 emergimus
1627 1179 1879 1233 fructum
1914 1179 2126 1234 aﬁ‘eren

482 1275 591 1336 tes,
622 1269 683 1324 in
706 1269 877 1324 corde
910 1266 1177 1322 timorem
1209 1270 1265 1321 et
1294 1282 1455 1337 spem
1489 1266 1545 1320 in
1594 1266 1798 1321 Jesum
1849 1268 2129 1323 habentes

481 1360 543 1414 in
573 1358 785 1429 spiritu
815 1357 983 1425 (25].:
1018 1354 1205 1426 Ἡμεῖς
1242 1353 1335 1425 μὲν
1359 1348 1753 1425 καταϐαίνομεν
1786 1355 1861 1415 εἷς
1891 1356 1954 1408 τὸ
1980 1352 2126 1429 ὕδωρ

480 1445 741 1520 γέμοντες
776 1445 1052 1519 ἁμαρτιῶν
1099 1442 1188 1496 καὶ
1244 1441 1435 1516 ῥύπου,
1469 1441 1556 1495 καὶ
1610 1437 1965 1513 ἀναϐαίνομεν
1999 1463 2125 1517 καρ-

480 1538 865 1612 ποφοροῦντες,
899 1531 949 1586 ἐν
980 1535 1050 1604 τῇ
1098 1528 1291 1604 καρδίᾳ
1333 1530 1424 1585 τὸν
1472 1525 1637 1608 φόϐον
1683 1531 1772 1584 καὶ
1801 1533 1899 1599 τήν
1935 1528 2129 1586 ἐλπίδι

482 1623 559 1686 εἰς
602 1622 693 1678 τὸν
738 1622 944 1691 Ἰησοῦν
997 1614 1218 1695 ἔχοντες
1289 1617 1341 1673 ἐν
1404 1623 1483 1691 τῷ
1532 1618 1819 1691 πνεύματι.
1881 1622 2124 1676 Textum

480 1714 744 1770 Graecum
774 1709 941 1766 attuli
972 1708 1065 1765 hic
1097 1708 1586 1781 integrum,quia,
1625 1713 1691 1764 ut
1720 1708 1864 1763 mihi
1899 1708 2128 1764 videtur

481 1800 790 1857 utilitatem
823 1815 1098 1870 magnam
1128 1799 1189 1853 in
1219 1815 1280 1853 re
1305 1796 1630 1870 theologica
1658 1815 1773 1871 prae
1803 1814 1864 1853 se
1899 1798 2024 1853 fert.

551 1906 821 1963 Ostendit
848 1905 1015 1961 nobis
1038 1905 1133 1959 hic
1152 1908 1353 1959 auctor
1381 1903 1782 1960 excellentiam
1811 1904 2124 1961 Christiani

481 2011 658 2067 super
703 1994 1028 2061 Hebraeum,
1082 1993 1223 2047 dum
1285 1993 1452 2048 docet
1524 2010 1639 2049 non
1704 1994 1973 2048 Hebraeos
2023 1995 2123 2049 sed

480 2083 841 2139 Christianos
874 2081 1241 2137 solummodo
1272 2081 1634 2137 introductos
1682 2100 1809 2137 esse
1858 2100 1889 2135 a
1921 2082 2034 2137 Deo
2067 2082 2123 2136 in

481 2179 698 2229 terram
732 2171 940 2227 semini
972 2169 1217 2225 Abrahae
1268 2170 1619 2240 promissam
1654 2187 1667 2227 :
1703 2194 1727 2220 ‹‹
1770 2173 1966 2241 Itaque
2018 2186 2124 2225 nos

483 2277 711 2329 sumus,
752 2260 833 2315 ait
877 2258 973 2313 ille
1023 2259 1250 2330 egregie
1308 2259 1441 2329 (26),
1494 2275 1641 2329 quos
1689 2259 2011 2313 introduxit
2062 2258 2121 2313 in

480 2354 695 2404 terram
754 2349 987 2402 bonam.
1054 2370 1074 2396 ι
1138 2347 1355 2402 Deinde
1414 2352 1725 2418 postquam
1807 2346 2112 2418 explicavit

482 2437 832 2508 omnia,quze
861 2436 920 2490 in
950 2435 1524 2491 VeteriTestamento
1546 2452 1649 2508 per
1671 2436 1919 2507 ﬁguram
1943 2435 2122 2507 signi-

482 2527 738 2583 ﬁcabant
758 2531 1005 2581 mortem
1038 2526 1784 2597 Redemptoris,docet,hmc
1815 2525 2125 2581 manifesta

482 2632 610 2672 esse
639 2614 1008 2681 Christianis,
1038 2614 1259 2670 Judaeis
1289 2630 1443 2681 vero,
1478 2630 1544 2669 eo
1575 2614 1712 2685 quia
1742 2614 2032 2681 obdurati,
2067 2618 2125 2669 et

481 2706 639 2760 duras
672 2703 1201 2771 cervicis,obscura
1233 2719 1245 2757 :
1279 2724 1306 2752 ‹‹
1334 2702 1513 2757 Nobis
1541 2702 1778 2774 quidem
1812 2701 2125 2758 manifesta

482 2798 642 2861 sunt,
671 2792 888 2847 Judzeis
932 2800 1129 2846 autem
1182 2791 1451 2858 obscura,
1484 2792 1622 2861 quia
1652 2808 1765 2845 non
1810 2790 2125 2845 audierunt

479 2898 679 2938 vocem
710 2879 999 2936 Domini.»
1028 2879 1205 2933 Juxta
1234 2878 1391 2933 hunc
1414 2882 1707 2934 auctorem
1740 2879 1918 2950 igitur
1947 2895 2126 2934 causa

481 2969 888 3025 obcaecationis
916 2967 1249 3023 Judazorum
1282 2984 1394 3022 non
1430 2967 1544 3021 alia
1575 2967 1889 3038 fuit,quam
1920 2984 2123 3022 eorum

483 3058 898 3133 prevaricatio,
948 3062 1005 3113 et
1045 3057 1184 3129 quia
1231 3056 1475 3112 rebelles
1523 3056 1754 3112 fuerant
1795 3058 1966 3134 verbo
2002 3058 2118 3112 Dei.

481 3149 742 3204 Tandem
773 3146 912 3201 dicit
932 3149 1162 3217 Moysen
1196 3161 1323 3200 vere
1354 3144 1647 3215 accepisse
1668 3144 1899 3199 tabulas
1920 3144 2067 3216 legis
2103 3161 2115 3199 :

482 3238 582 3293 sed
618 3237 756 3309 quia
788 3235 1007 3291 Hebraei
1041 3238 1276 3306 propter
1296 3250 1495 3289 eorum
1530 3232 1931 3288 inﬁdelitatem
1960 3233 2121 3305 digni

485 3340 599 3381 non
631 3326 879 3392 fuerant,
909 3322 1252 3377 Christianis
1284 3321 1507 3376 tradita:
1541 3326 1700 3390 sunt,
1746 3322 1847 3392 qui
1893 3338 1991 3377 eas
2021 3339 2123 3393 per

484 3430 695 3469 manus
726 3412 1040 3467 Salvatoris
1070 3415 1439 3482 acceperunt,
1468 3414 1524 3465 et
1552 3411 1623 3465 ob
1656 3410 1884 3465 inﬁnita
1916 3410 2123 3466 merita

480 3500 773 3573 passionis
801 3501 925 3570 ejus
960 3517 972 3555 :
1010 3521 1031 3548 ι
1066 3500 1305 3571 Accepit
1335 3499 1529 3570 itaque
1573 3499 1800 3571 Moyses
1832 3499 1943 3570 ipsi
1989 3515 2121 3554 vero

481 3590 643 3661 digni
674 3606 788 3643 non
822 3591 1077 3643 luerunt.
1110 3588 1409 3653 Quomodo
1444 3604 1548 3641 nos
1597 3586 1998 3652 habuerimus,
2031 3588 2120 3642 di-

480 3678 873 3749 scite.Moyses
906 3692 1039 3731 cum
1062 3681 1214 3731 esset
1246 3675 1524 3743 famulus,
1548 3692 1644 3731 eas
1668 3676 1927 3747 accepit;
1953 3675 2120 3730 nobis

480 3770 677 3822 autem
709 3766 833 3838 ipse
861 3764 1264 3833 Dominus,cui
1298 3780 1504 3818 sumus
1534 3764 1593 3818 in
1625 3763 1907 3835 populum
1941 3764 2119 3819 haere-

478 3854 946 3924 ditatis,tradidit
973 3870 1076 3925 pro
1108 3854 1277 3908 nobis
1309 3868 1520 3924 passus
1550 3853 1682 3923 (27);
1718 3851 1883 3907 nloca
1909 3852 2122 3921 haec,et

478 3945 549 4001 ad
582 3944 853 4017 pietatem
895 3942 1181 4008 alliciunt,
1236 3946 1292 3996 et
1340 3946 1594 3996 mentem
1644 3941 1938 3996 erudiunt.
1972 3941 2119 3996 Fieri

478 4033 699 4105 nequit,
732 4036 797 4087 ut
826 4031 977 4087 serio
1008 4035 1064 4086 et
1092 4034 1312 4085 attento
1344 4030 1540 4084 animo
1590 4028 1806 4100 aliquis
1847 4028 1973 4083 loca
1999 4028 2117 4084 hac

477 4125 796 4193 percurrat,
831 4120 975 4191 quin
1006 4119 1184 4175 simul
1216 4117 1454 4190 plurimi
1498 4117 1674 4172 faciat
1717 4116 2117 4173 excellentiam

477 4212 688 4263 nostra;
720 4208 1125 4274 vocationis,et
1146 4212 1441 4263 auctorem
1473 4206 1652 4276 hujus
1683 4204 2120 4277 diligat.Caveat

477 4296 889 4367 unusquisque
959 4300 1249 4366 nostrum,
1323 4311 1395 4350 ne
1471 4295 1809 4350 Judzeorum
1874 4293 2118 4351 calami-

2239 562 2353 618 alio
2392 564 2676 635 propheta
2723 564 2863 619 dicit
2895 581 2907 618 :
2944 569 3098 633 Ecce,
3148 566 3343 637 inquit
3392 565 3697 633 Dominus,
3726 568 3891 637 aufe-

2240 668 2361 706 ram
2389 652 2456 707 ab
2486 654 2582 722 eis,
2617 652 2726 708 hoc
2754 657 2867 720 est,
2903 654 2975 708 ab
3027 654 3111 709 eis
3160 670 3308 725 quos
3356 654 3584 709 Domini
3630 653 3892 726 Spiritus

2240 740 2596 812 providebat,
2624 740 2790 797 corda
2831 743 3069 813 lapidea,
3116 752 3167 799 et
3214 743 3517 799 immittam
3576 744 3692 798 illis
3720 742 3892 799 corda

2236 845 2437 884 carnea
2467 829 2577 899 (29)
2614 855 2627 895 ;
2660 829 2798 900 quia
2849 832 3153 902 oportebat
3199 848 3333 887 eum
3386 832 3445 887 in
3493 848 3666 887 carne
3700 849 3885 905 appa-

2238 921 2445 984 rere,et
2474 916 2739 974 habitare
2764 919 2823 973 in
2856 920 3056 976 nobis:
3081 919 3366 991 templum
3389 920 3546 975 enim
3581 925 3885 989 sanctum,

2238 1005 2445 1061 fratres
2478 1006 2611 1074 mei,
2636 1008 2878 1063 Domino
2912 1011 3001 1064 est
3030 1008 3311 1064 habitatio
3342 1008 3535 1065 cordis
3566 1008 3891 1065 nostrqut

2238 1093 2375 1149 alibi
2410 1096 2523 1166 (30)
2558 1112 2569 1150 :
2603 1096 2967 1167 «Antequam
3000 1096 3114 1151 Deo
3147 1097 3668 1168 crederemus,erat
3688 1096 3890 1154 cordis

2237 1184 2418 1238 nostri
2452 1183 2816 1239 domicilium
2848 1183 3203 1255 corruptioni
3239 1185 3577 1255 obnoxium,
3610 1190 3667 1241 et
3696 1185 3888 1240 imbe-

2237 1269 2387 1341 cille,
2420 1270 2491 1325 ad
2522 1271 2762 1325 modum
2793 1270 2994 1343 templi
3027 1287 3156 1326 vere
3188 1286 3290 1342 per
3318 1289 3531 1328 manus
3563 1272 3833 1329 aediﬁcati
3869 1290 3884 1328 :

2237 1357 2473 1430 plenum
2493 1358 2785 1430 siquidem
2806 1363 2930 1414 erat
2953 1358 3241 1414 idolorum
3264 1358 3446 1427 cultu,
3462 1364 3518 1415 et
3534 1361 3889 1416 eratdomus

2238 1445 2687 1515 daemoniorum;
2722 1462 2839 1518 quo
2872 1446 3474 1519 faceret,quaecunque
3505 1447 3621 1503 Deo
3651 1452 3887 1504 contra-

2236 1534 2322 1589 ria
2352 1537 2509 1588 sunt.
2551 1533 2950 1589 Ediﬁcabitur
2991 1538 3188 1590 autem
3233 1534 3291 1589 in
3343 1536 3579 1591 nomine
3624 1534 3884 1591 Domini.

2234 1622 2619 1689 Attendite,ut
2645 1621 2932 1695 templum
2963 1622 3195 1679 Domini
3224 1623 3535 1696 magniﬁce
3564 1624 3891 1681 aediﬁcetur

2237 1711 2537 1775 Quomodo
2549 1710 2797 1773 ‘Idiscite
2816 1727 2830 1765 :
2857 1716 3094 1784 accepta
3118 1712 3462 1769 remissione
3480 1717 3887 1785 peccatorum,

2158 1841 2206 1904 B
2238 1803 2295 1854 et
2324 1815 2427 1872 spe
2457 1799 2658 1855 habita
2686 1799 2746 1854 in
2778 1817 2989 1856 nomen
3020 1800 3274 1868 Domini,
3312 1802 3447 1857 facti
3480 1818 3690 1858 sumus
3722 1801 3886 1872 novi,

2152 3190 2194 3256 C

2235 1887 2446 1942 iterum
2465 1887 2779 1959 abintegro
2810 1888 2985 1944 creati
3020 1907 3033 1945 :
3066 1906 3247 1961 quare
3268 1889 3325 1945 in
3348 1888 3645 1946 domicilio
3679 1892 3889 1946 nostro

2233 1991 2363 2031 vere
2404 1977 2557 2031 Deus
2606 1976 2837 2044 existit;
2890 1977 3120 2033 habitat
3169 1977 3228 2033 in
3282 1977 3478 2044 nobis,
3528 1978 3892 2043 Quomodo?

2235 2066 2474 2120 verbum
2506 2066 2634 2136 ejus
2665 2064 2819 2135 ﬁdei,
2852 2067 3073 2121 vocatio
3123 2068 3252 2136 ejus
3297 2066 3729 2139 promissionis,
3784 2084 3886 2124 sa-

2236 2153 3275 2225 pientiajustiﬁcationum,mandata
3308 2156 3584 2210 doctrinae
3623 2172 3636 2210 :
3672 2155 3796 2227 ipse
3822 2157 3888 2212 in

2234 2242 2402 2297 nobis
2459 2242 2803 2314 prophetat;
2835 2242 2959 2314 ipse
3011 2244 3069 2297 in
3121 2244 3289 2299 nobis
3339 2243 3671 2311 inhabitat;
3708 2242 3892 2300 morti

2233 2331 2479 2386 addictis
2512 2331 2681 2387 nobis
2711 2332 2895 2403 aperit
2927 2332 3076 2388 fores
3108 2331 3331 2404 templi,
3366 2331 3422 2386 id
3455 2338 3544 2388 est
3574 2350 3674 2400 os;
3708 2333 3888 2389 nobis

2234 2420 2332 2473 dat
2360 2419 2782 2491 paenitentiam,
2807 2420 3006 2492 sicque
3035 2421 3354 2477 introduxit
3386 2420 3444 2475 in
3470 2421 3758 2493 templum
3788 2421 3889 2477 in-

2233 2512 2594 2579 corruptum.
2628 2529 2655 2557 »

2303 2595 2383 2651 De
2412 2595 2776 2651 confessione
2808 2600 2999 2651 autem
3033 2595 3125 2651 hic
3157 2601 3361 2652 auctor
3404 2612 3695 2669 exponens
3729 2614 3883 2669 prae-

2232 2688 2399 2755 cepta
2426 2682 2552 2739 vitae
2586 2682 2850 2753 moralia,
2886 2688 2942 2739 et
2968 2684 3146 2740 vitam
3179 2683 3349 2753 lucis,
3385 2685 3468 2740 sic
3499 2685 3583 2740 ait
3608 2690 3881 2757 posteaa-

2232 2776 2354 2827 tera
2386 2789 2400 2826 :
2433 2794 2460 2821 ‹‹
2493 2772 2874 2827 Conﬁteberis
2924 2778 3159 2844 peccata
3186 2775 3287 2828 tua
3311 2816 3324 2841 ,
3359 2790 3476 2829 non
3524 2774 3765 2830 accedes
3797 2774 3875 2830 ad

2232 2860 2551 2916 orationem
2585 2864 2748 2914 tuam
2780 2860 2839 2916 in
2870 2861 3228 2916 conscientia
3258 2860 3413 2916 mala
3441 2862 3574 2933 (31).
3612 2884 3638 2911 »

2302 2966 2605 3021 Disserens
2638 2970 2833 3022 noster
2852 2971 3054 3023 auctor
3078 2968 3147 3022 de
3168 2968 3400 3023 duabus
3430 2968 3539 3023 viis
3561 2969 3879 3040 oppositis,

2229 3054 2377 3109 lucis
2407 3059 2465 3109 et
2494 3054 2886 3124 tenebrarum,
2920 3055 3045 3109 dari
3079 3057 3162 3110 ait
3185 3055 3427 3127 angelos
3459 3057 3729 3124 bonos,et
3746 3074 3875 3113 ma-

2232 3143 2318 3199 los
2354 3160 2365 3197 :
2402 3160 2649 3214 quorum
2678 3143 2874 3214 primi,
2905 3144 3004 3215 qui
3035 3148 3177 3199 sunt
3206 3144 3373 3200 missi
3403 3162 3437 3200 a
3468 3146 3608 3216 Deo,
3648 3146 3881 3202 ducunt

2232 3249 2337 3287 nos
2373 3249 2473 3304 per
2500 3232 2622 3286 vias
2653 3232 2801 3287 lucis
2832 3250 2846 3299 ;
2882 3231 2981 3287 alii
3018 3233 3288 3305 vero,qui
3320 3239 3462 3289 sunt
3492 3234 3747 3290 ministri
3771 3240 3881 3291 Sa-

2231 3325 2402 3385 tanae,
2446 3324 2704 3392 praesunt
2747 3321 2851 3375 vis:
2898 3322 3271 3377 tenebrarum
3306 3340 3319 3378 :
3357 3345 3384 3372 «
3417 3322 3525 3378 Uni
3573 3323 3875 3396 siquidem

2231 3409 2352 3479 (vis:
2400 3408 2569 3479 lucis)
2611 3408 2904 3480 praapositi
2935 3413 3074 3464 sunt
3100 3409 3251 3465 lucis
3289 3410 3627 3480 consiliarii,
3678 3411 3879 3484 angeli

2231 3496 2368 3552 Dei:
2402 3496 2565 3552 alteri
2609 3512 2742 3552 vero
2789 3498 3181 3563 (tenebrarum
3226 3498 3354 3570 vite)
3406 3500 3599 3570 angeli
3647 3500 3879 3557 Satane

2231 3586 2375 3657 (32);
2416 3607 2442 3634 »
2475 3584 2636 3641 locus
2667 3585 2761 3640 hic
2785 3584 2943 3640 velut
2964 3586 3271 3641 indubium
3299 3587 3431 3642 ﬁdei
3466 3588 3881 3645 testimonium

2230 3672 2564 3729 traditionis
2595 3674 2749 3729 circa
2778 3673 3119 3745 angelorum
3166 3675 3498 3733 custodiam
3530 3677 3755 3748 suscipi
3777 3679 3881 3735 de-

2229 3763 2342 3818 bet.
2376 3762 2719 3818 Videbimus
2750 3762 2901 3817 infra
2932 3768 3139 3834 praeter
3169 3768 3468 3819 auctorem
3501 3764 3681 3835 hujus
3707 3766 3879 3838 Epis-

2230 3849 2379 3921 tolas,
2429 3849 2572 3905 alios
2623 3850 2823 3905 haberi
2863 3855 3081 3907 veteres
3157 3851 3423 3907 Ecclesiae
3494 3852 3710 3921 Patres,
3775 3854 3879 3927 qui

2228 3939 2660 3995 distinctionem
2699 3938 2851 3994 hanc
2898 3943 3124 4011 ponunt
3172 3940 3357 3996 bonos
3407 3942 3561 3997 inter
3602 3950 3659 3998 et
3689 3942 3881 3999 malos

2228 4027 2484 4100 angelos,
2517 4027 2717 4083 habito
2749 4033 3015 4100 respectu
3054 4028 3126 4084 ad
3175 4029 3506 4085 custodiam
3556 4047 3737 4103 quam
3770 4031 3881 4088 ho-

2227 4116 2488 4173 minibus
2522 4120 2818 4188 praestant.

2294 4224 2322 4291 §
2362 4222 2451 4277 IV.
2506 4222 2580 4277 De
2631 4223 2829 4277 Veteris
2882 4222 3212 4278 Testamcnti
3256 4223 3640 4292 abrogatione,
3687 4240 3879 4282 ncces-

2224 4313 2389 4366 sitate
2418 4313 2477 4366 in
2505 4311 2684 4366 Iesum
2715 4310 3010 4367 Christum.
3034 4342 3103 4351 —
3133 4311 3296 4367 Circa
3324 4311 3505 4367 Vetus
3528 4314 3876 4370 Testamen-

474 4390 652 4441 ῒειῖθω
684 4385 944 4440 incurrat
972 4390 1029 4440 et
1060 4402 1161 4457 Per
1192 4384 1485 4456 Propriam
1519 4382 1920 4438 inﬁdelitatem
1954 4400 2016 4439 33
2056 4382 2115 4437 ίῐι
2224 4403 2351 4454 tum
2381 4403 2584 4454 auctor
2612 4397 2877 4470 Epistolas
2900 4399 3203 4455 ostendere
3224 4404 3471 4455 conatur
3492 4400 3873 4458 inutilitatem

474 4474 721 4546 dignum
752 4474 958 4529 reddat
988 4474 1214 4544 magnis
1245 4473 1338 4528 his
1369 4472 1744 4540 utilitatibus,
1777 4489 1901 4543 quas
1951 4470 2114 4527 Chri—

472 4563 798 4619 stianorum
831 4562 1168 4635 religionem
1201 4561 1572 4617 comitantur.

541 4668 1027 4724 Justiticationem
1062 4685 1165 4740 per
1196 4668 1648 4734 renovationem,
1685 4683 1750 4722 ac
1798 4683 1995 4722 veram
2028 4683 2115 4722 re-

470 4756 811 4812 missionem
839 4764 1206 4829 peccatorum
1239 4756 1722 4825 ﬁeri,clarissime
1751 4755 1925 4810 etiam
1951 4756 2118 4811 docet

469 4845 563 4900 hic
593 4850 815 4906 auctor.
839 4845 922 4900 ita
944 4844 1206 4900 scribens
1237 4845 1347 4915 (28)
1381 4862 1393 4900 :
1430 4867 1455 4894 ‹‹
1492 4843 1600 4899 Ubi
1631 4860 1767 4915 ergo
1803 4860 1908 4899 nos
1941 4844 2117 4899 refor-

470 4934 778 5005 mavit,per
806 4934 1213 4989 remissionem
1243 4938 1615 5005 peccatorum
1637 4933 1919 4999 eﬁecit,ut
1941 4931 2115 4987 aliam

470 5021 718 5077 formam
751 5021 1125 5089 haberemus,
1163 5022 1422 5076 animam
1452 5037 1664 5093 nempe
1712 5020 1921 5093 puerili
1954 5019 2116 5076 simi-

470 5108 607 5179 lem,
663 5112 788 5183 ipse
826 5111 982 5167 enim
1050 5110 1320 5167 formavit
1388 5126 1515 5165 nos.
1569 5110 1707 5165 Ecce
1775 5110 1956 5182 igitur
2012 5126 2118 5165 nos

733 5359 869 5433 pist.
904 5360 1175 5430 Barnab.,
1208 5378 1330 5433 cap.
1371 5362 1455 5429 ll,
1490 5361 1599 5417 sub
1634 5362 1829 5417 ﬁnem.

574 5432 655 5504 ἓξ)
687 5432 855 5504 ψῖάο,
891 5449 1016 5504 cap.
1044 5436 1096 5488 6.

568 5500 657 5575 si.)
690 5500 857 5575 lbida
892 5500 1016 5575 δεῖ).
1047 5506 1101 5558 6.

690 5572 933 5651 ibidem,
962 5572 1087 5651 cap.
1124 5576 1209 5651 14,

562 5640 655 5717 29)
686 5642 889 5705 Ezech.
917 5640 977 5719 ἐι,
1010 5640 1096 5706 [9.

2225 4493 2281 4543 et
2309 4486 2777 4543 inefﬁcacitatem
2809 4486 3233 4544 sacriﬁciorum
3284 4493 3340 4544 et
3388 4489 3873 4547 caeremoniarum

2147 4551 2193 4615 D
2223 4576 2431 4631 veteris
2458 4575 2604 4649 legis
2633 4601 2647 4644 ;
2678 4576 3171 4648 docetque,Deum
3201 4577 3401 4633 omnia
3431 4577 3553 4634 haec
3586 4580 3875 4651 repulisse

2226 4669 2288 4720 ut
2310 4664 2499 4721 locum
2528 4665 2768 4721 haberet
2796 4664 3011 4722 oblatio
3045 4666 3306 4722 humana
3326 4669 3462 4722 Jesu
3498 4666 3873 4741 Cbristi,quaa

2225 4754 2589 4810 necessitatis
2598 4756 2810 4826 jugum
2840 4772 2954 4811 non
2981 4755 3231 4827 imponit
3264 4774 3277 4812 :
3310 4778 3338 4805 ‹‹
3374 4756 3506 4812 Haec
3536 4772 3675 4829 ergo
3689 4773 3876 4813 vacua

2227 4842 2378 4910 fecit,
2410 4830 2604 4915 inquit
2643 4844 2761 4911 ille,
2813 4848 2877 4898 ut
2924 4860 3072 4899 nova
3105 4848 3191 4899 lex
3239 4843 3470 4900 Domini
3520 4846 3707 4901 nostri
3737 4846 3874 4902 Jesu

2225 4931 2462 4997 Christi,
2496 4949 2623 5003 quae
2658 4932 2944 5004 sincjugo
2976 4932 3339 4988 necessitatis
3384 4938 3494 5003 est,
3545 4933 3875 4991 humanam

2226 5020 2439 5076 habeat
2466 5020 2821 5077 oblationem
2852 5021 2982 5092 (33).
3008 5042 3035 5073 ι)
3068 5022 3287 5093 Jugum
3319 5021 3574 5093 hoc,quo
3602 5029 3762 5079 caret
3783 5024 3875 5080 lex

2226 5109 2573 5181 evangelica,
2608 5109 2752 5165 nihil
2785 5109 2943 5165 aliud
2970 5116 3077 5178 est,
3122 5112 3292 5181 juxta
3340 5110 3494 5166 hunc
3549 5118 3875 5183 auctorem,

2298 5359 2410 5431 (30)
2443 5359 2619 5432 Epist.
2656 5360 2851 5429 Barn.,
2886 5376 3011 5432 cap.
3050 5361 3131 5415 16.

2296 5430 2407 5503 (31)
2442 5430 2611 5496 Ibid.,
2642 5447 2766 5503 cap.
2804 5432 2890 5485 19.

2296 5503 2406 5575 (32)
2440 5503 2607 5575 Ibid.,
2640 5518 2765 5575 cap.
2803 5503 2883 5557 14.

2297 5573 2409 5654 (33)
2441 5574 2611 5643 Ibid.,
2646 5573 2772 5648 cap.
2804 5575 2858 5630 2.
