4090 6340
154 365 281 425 ’713

1545 360 2164 427 PROLEGOMENA.

3443 363 3565 422 7M

149 514 330 569 quam
381 497 625 569 spiritus
682 497 996 565 servitutis,
1063 514 1163 571 per
1209 514 1384 570 quam
1440 498 1803 566 servitutem,
1834 500 1889 565 Α
1920 496 2227 569 superius:
2265 520 2289 545 ‹‹
2328 497 2493 564 Quia,
2525 496 2733 569 inquit,
2768 497 2817 553 si
2864 497 2923 552 in
2954 496 3111 552 hunc
3153 512 3269 553 non
3298 511 3568 568 sperave-

148 590 455 642 vetustum
506 586 693 641 t'csdus
742 603 775 641 a
806 603 951 642 novo
990 587 1330 655 secernitur,
1388 587 1557 657 juxta
1609 586 1808 641 divum

149 674 403 731 Paulum
465 675 533 730 ad
594 674 832 731 Galatas
899 675 1187 731 aientem:
1255 675 1399 730 State
1456 692 1516 730 in
1563 676 1811 730 libertate

147 764 447 835 Evangelii
472 766 598 821 Jesu
651 764 876 834 Christi,
914 774 964 819 et
1008 765 1176 819 nolite
1217 767 1419 819 iterum
1456 766 1581 835 iugo
1629 765 1808 819 servi-

146 856 285 908 tutis
327 854 597 908 contineri
644 854 793 925 (34);
828 870 943 925 quo
991 870 1130 908 sane
1179 853 1236 908 in
1268 852 1392 908 loco
1444 858 1618 924 patet.
1655 860 1807 924 Apo-

150 941 373 998 stolum
397 941 560 1013 loqui
584 942 654 997 de
672 941 797 1014 lege
816 944 1045 1015 Moysis.
1062 944 1237 997 Addit
1261 942 1594 1014 pauloinfra
1615 928 1812 999 noster

148 1030 251 1086 hic
303 1036 525 1102 auctor,
566 1032 800 1102 Moysen
849 1032 1092 1103 fregisse
1140 1031 1371 1087 tabulas
1420 1030 1697 1103 lapideas,
1749 1032 1807 1085 in

150 1119 371 1191 quibus
395 1119 491 1175 lex
518 1123 687 1175 vetus
724 1124 848 1175 erat
895 1119 1197 1192 inscripta,
1231 1136 1347 1175 non
1388 1124 1452 1176 ut
1481 1121 1811 1175 ostenderet

150 1210 393 1263 tantum
422 1206 680 1263 Hebrwis
712 1208 900 1263 fcedus
933 1224 1066 1263 cum
1100 1208 1214 1263 Deo
1239 1208 1449 1264 initum
1480 1224 1582 1279 per
1610 1224 1807 1264 eorum

147 1295 547 1351 idololatriam
596 1295 853 1351 solutum
902 1312 1049 1362 esse,
1110 1296 1276 1352 sicuti
1336 1297 1584 1368 explicat
1613 1296 1809 1353 locum

146 1383 313 1440 hunc
341 1383 547 1456 Fleury
576 1384 708 1455 (3'),
742 1385 841 1439 sed
878 1388 941 1439 ut
971 1401 1135 1441 amor
1162 1384 1300 1441 Jesu
1339 1384 1552 1441 Christi
1586 1385 1644 1441 in
1676 1401 1807 1440 cor-

148 1472 330 1527 dibus
361 1472 576 1528 nostris
628 1474 1091 1545 consignaretur,
1134 1496 1161 1524 ‹‹
1196 1478 1253 1529 et
1308 1473 1549 1546 projecit
1586 1477 1809 1546 Moyses

148 1559 385 1616 tabulas
413 1559 678 1633 lapideas
718 1561 788 1616 de
820 1561 1091 1617 manibus
1129 1563 1271 1634 suis,
1305 1567 1371 1617 ut
1410 1562 1639 1617 dilectio
1670 1563 1805 1618 Jesu

146 1649 527 1720 consignetur
554 1649 613 1705 in
648 1649 981 1723 praecordiis
1020 1651 1229 1707 vestris
1284 1651 1416 1723 (36).
1469 1675 1496 1702 ››
1540 1651 1686 1707 Fieri
1716 1669 1811 1707 ne-

150 1739 303 1810 quit,
341 1738 483 1810 quin
529 1738 912 1811 dignoscatur
942 1738 1001 1793 in
1053 1738 1183 1806 hoc,
1231 1744 1287 1795 et
1335 1740 1392 1795 in
1425 1758 1599 1812 supra
1632 1741 1809 1796 allato

1920 586 2055 654 rint,
2091 603 2321 657 semper
2342 586 2811 641 debellabuntur.
2841 610 2860 633 ι
2889 586 3013 641 Duo
3036 586 3157 641 haec
3183 585 3307 640 loca
3329 586 3573 641 maximi

1918 679 2056 729 sunt
2093 675 2395 739 momenti,
2430 681 2485 730 et
2514 693 2581 730 ex
2613 675 2704 729 his
2735 676 3066 740 innotescit,
3114 692 3385 747 quaenam
3415 677 3574 730 esset

1918 762 2177 817 ﬁdelium
2212 781 2379 818 mens
2412 765 2599 834 primo
2633 764 2893 819 Ecclesia!
2925 780 3041 818 aevo
3072 764 3223 818 circa
3254 763 3569 819 necessita-

1918 857 2031 906 tem
2066 852 2261 923 gratiaa
2297 853 2661 907 medicinalis
2700 852 3039 922 Salvatoris,
3090 852 3223 908 ﬁdei
3257 852 3315 907 in
3348 853 3567 925 ipsum,

1917 941 2163 1011 ejusque
2195 942 2583 1010 mediationis,
2616 943 2794 995 etiam
2828 946 2961 995 ante
3007 940 3493 996 Incarnationem.

1988 1029 2183 1093 Quoad
2218 1029 2373 1084 diem
2406 1030 2641 1085 Sabbati
2686 1029 2743 1083 in
2785 1029 2910 1100 lege
2955 1030 3163 1101 Moysis
3212 1034 3567 1102 praeceptum

1918 1120 1983 1173 ut
2012 1122 2125 1173 Deo
2156 1135 2411 1185 sacrum,
2435 1124 2631 1173 noster
2653 1118 2744 1173 hic
2776 1123 2979 1173 auctor
3006 1120 3190 1189 docet,
3214 1118 3568 1174 Christiano-

1921 1224 2049 1262 rum
2082 1206 2403 1262 Sabbatum
2436 1224 2563 1263 esse
2588 1208 2742 1262 diem
2775 1212 3062 1275 octavum,
3096 1207 3304 1280 quiest
3332 1208 3457 1265 dies
3487 1225 3571 1265 re-

1919 1296 2299 1351 surrectionis
2328 1295 2465 1351 Jesu
2498 1295 2749 1352 Christi:
2783 1320 2801 1344 ι
2842 1297 2998 1351 Diem
3039 1302 3305 1353 octavum
3337 1298 3396 1353 in
3426 1297 3571 1353 lati-

1920 1384 2337 1455 tiaagimus,in
2363 1401 2478 1456 quo
2506 1385 2640 1440 Jesu
2668 1385 2981 1440 resurrexit
3011 1402 3043 1440 a
3075 1386 3323 1441 mortuis
3355 1386 3505 1457 (40);
3541 1408 3569 1435 ››

1921 1474 2075 1544 quod
2106 1490 2245 1527 sane
2277 1490 2379 1545 pro
2412 1474 2596 1546 primo
2628 1474 2894 1529 Ecclesia:
2928 1474 3137 1529 saeculo
3183 1478 3404 1530 attenta
3440 1491 3574 1531 con-

1920 1561 2271 1617 sideratione
2303 1562 2547 1634 dignum
2606 1567 2713 1617 est.
2766 1563 2981 1618 Verum
3031 1561 3285 1617 declarat
3332 1561 3575 1634 insuper

1921 1650 2123 1704 eodem
2155 1649 2299 1719 loco,
2334 1650 2582 1705 alterum
2617 1651 2741 1705 dari
2781 1652 3098 1705 Sabbatum
3132 1651 3371 1706 omnino
3402 1652 3573 1723 spiri-

1920 1738 2099 1805 tuale,
2134 1740 2283 1809 quod
2319 1748 2401 1794 est
2435 1740 2665 1795 initium
2697 1744 2919 1794 internae
2966 1740 3111 1806 vitae,
3146 1740 3319 1795 sicuti
3352 1740 3571 1796 Sabba-

152 1830 322 1882 textu
337 1826 812 1926 diversitasinter
832 1828 946 1883 duo
966 1828 1358 1892 Testamenta,
1382 1847 1509 1901 quas
1532 1830 1810 1885 intimore
1846 1867 1889 1931 Β
1918 1832 2043 1882 tum
2076 1827 2543 1882 Christianorum
2570 1847 2582 1894 ;
2634 1844 2742 1884 nos
2770 1846 2836 1883 ex
2883 1829 2992 1884 hoc
3040 1830 3293 1885 Sabbato
3325 1831 3395 1884 ad
3428 1828 3573 1885 illud

156 1933 227 1971 ac
284 1915 593 1971 dilectione
623 1915 813 1986 posita
841 1920 949 1971 est.
996 1917 1198 1972 Timor
1234 1917 1504 1974 Hebraeos
1538 1919 1806 1991 respicit;

148 2003 390 2060 dilectio
412 2002 799 2059 Christianos.

223 2092 390 2149 Circa
417 2091 948 2160 circumcisionem,
990 2094 1165 2149 tradit
1210 2100 1413 2150 auctor
1443 2112 1571 2151 eam
1600 2113 1806 2153 vanam

142 2197 281 2239 esse
302 2181 431 2237 sine
456 2180 905 2237 circumcisione
928 2182 1139 2249 cordis,
1164 2187 1221 2238 et
1238 2183 1349 2239 ﬁde
1369 2184 1426 2238 in
1452 2184 1662 2239 Filium
1685 2185 1808 2241 Dei.

138 2270 371 2327 Judazis
409 2269 542 2325 dein
575 2275 709 2324 ante
744 2268 943 2325 oculos
986 2272 1148 2342 ponit
1180 2272 1423 2328 Abrahae
1454 2272 1808 2345 exemplum,

142 2359 254 2432 qui
286 2359 533 2431 primus,
558 2358 769 2431 inquit,
799 2380 827 2408 ‹‹
860 2358 1365 2415 circumcisionem
1396 2361 1573 2429 dedit,
1600 2362 1658 2416 in
1690 2363 1809 2433 spi-

140 2449 269 2504 ritu
284 2447 648 2519 prospiciens
671 2447 729 2501 in
752 2446 1612 2521 Filium,circumciditaccepto
1631 2452 1809 2505 trium

139 2537 486 2592 litterarum
519 2539 868 2591 documento
896 2536 1031 2603 (37),
1085 2559 1111 2585 ››
1144 2542 1252 2592 etc.
1304 2538 1445 2593 Eam
1477 2544 1671 2595 autem
1703 2541 1810 2594 cir-

145 2624 577 2682 cumcisionem
618 2641 813 2680 veram
842 2641 971 2680 esse
1001 2626 1365 2681 demonstrat
1397 2644 1533 2699 qua,
1558 2644 1728 2683 aures
1758 2632 1816 2683 et

148 2730 255 2771 cor
303 2713 563 2769 hominis
612 2714 1191 2783 circumciderentur,
1240 2720 1292 2769 et
1330 2716 1525 2771 taliter
1573 2717 1813 2785 dociles,

150 2803 497 2860 obedientes
546 2802 963 2869 redderentur;
995 2803 1497 2861 circumcisionem
1538 2822 1672 2861 vero
1703 2823 1819 2865 cor.

156 2891 320 2965 poris
352 2890 515 2947 illam
550 2907 663 2946 non
698 2907 846 2955 esse,
872 2908 1048 2963 quam
1071 2896 1221 2948 Deus
1243 2894 1639 2965 principaliter
1661 2912 1820 2950 man-

156 2982 365 3036 dasset
389 2997 401 3035 :
428 3003 456 3030 ‹‹
480 2979 650 3045 Nam,
673 2979 890 3051 inquit,
911 2997 1113 3037 omnes
1134 2981 1279 3054 Syri,
1308 2982 1532 3051 arabes,
1552 2984 1818 3056 Egyptii,

155 3068 455 3125 idolorum
506 3068 821 3123 sacrificuli
855 3074 993 3124 sunt
1031 3069 1399 3137 circumcisi;
1453 3089 1594 3127 num
1627 3078 1821 3128 autem

157 3159 337 3214 etiam
370 3158 500 3213 ideo
531 3158 601 3213 de
632 3157 845 3213 fmdere
873 3157 1068 3214 divino
1119 3159 1366 3230 antiqui,
1400 3161 1487 3215 vel
1522 3161 1652 3216 novi
1681 3162 1819 3218 Tes-

157 3247 413 3303 tamenti
443 3246 838 3317 participant?
870 3268 898 3295 »

230 3334 555 3392 Occasione
585 3339 821 3406 sumpta
854 3335 925 3390 ab
977 3352 1065 3403 eo,
1097 3338 1253 3407 quod
1306 3337 1553 3392 refertur
1581 3338 1640 3393 in
1672 3338 1820 3393 Exo-

161 3427 235 3481 do
260 3424 400 3496 (38),
424 3422 647 3479 scilicet
669 3423 822 3495 quod
850 3423 1067 3479 Hebraei
1089 3429 1419 3497 pugnantes
1436 3432 1637 3482 contra
1658 3428 1825 3483 Ama-

163 3514 395 3578 lecitas,
424 3512 756 3583 vincebant,
781 3527 913 3567 cum
947 3511 1160 3568 levaret
1194 3517 1417 3586 Moyses
1449 3531 1699 3583 manus;
1732 3515 1823 3571 sin

164 3607 368 3658 autem
386 3599 692 3672 paululum
708 3599 1369 3673 remisisset,superabat
1389 3602 1829 3670 Amalec,tradit

164 3690 262 3746 hic
322 3693 551 3757 auctor,
618 3688 895 3745 debuisse
953 3689 1244 3747 lsraelitas
1288 3692 1423 3747 inde
1482 3709 1830 3764 cognoscere

166 3777 428 3835 salutem
463 3776 739 3848 consequi
768 3793 883 3833 non
908 3794 1077 3848 posse
1099 3779 1210 3833 nisi
1234 3796 1337 3850 per
1356 3797 1519 3851 spem
1544 3781 1601 3835 in
1627 3781 1827 3837 Jesum

169 3868 518 3932 Christum;
552 3869 609 3922 et
636 3883 735 3935 per
790 3882 955 3937 spem
1014 3865 1073 3920 in
1131 3865 1287 3922 hunc
1338 3870 1617 3939 reportari
1662 3886 1832 3941 posse

170 3954 484 4011 victoriam
518 3954 589 4009 ab
621 3953 897 4010 inimicis.
941 3953 1056 4009 Cur
1099 3954 1206 4010 hoc
1230 3956 1257 4009 ‘t
1292 3979 1318 4003 »ι
1350 3957 1430 4010 ait
1460 3956 1557 4012 ille
1588 3958 1833 4030 loquens

174 4046 245 4100 de
272 4042 529 4099 historia
550 4042 721 4097 modo
741 4041 916 4097 allata
937 4043 1071 4113 (39),
1098 4043 1242 4116 Πρὸς
1261 4043 1313 4097 τί
1339 4063 1351 4113 ;
1386 4068 1413 4095 ‹‹
1438 4045 1510 4101 Ut
1531 4062 1834 4118 cognosce.

175 4138 326 4201 rent,
361 4130 518 4186 illico
568 4130 899 4202 respondet,
953 4153 981 4181 ‹‹
1041 4133 1195 4202 quod
1240 4149 1354 4188 non
1405 4138 1674 4205 poterant
1716 4152 1835 4191 ser-

176 4221 322 4291 vari,
360 4220 474 4276 nisi
504 4235 604 4292 per
650 4235 814 4291 spem
845 4220 905 4275 in
947 4219 1128 4276 illum
1162 4243 1191 4270 ››
1242 4222 1491 4293 (Jesum)
1522 4241 1535 4290 ;
1581 4227 1638 4279 et
1667 4223 1837 4296 paulo

252 4471 372 4541 (‘34)
401 4469 489 4525 Ad
522 4469 709 4541 Galat.
739 4486 797 4537 v,
828 4471 881 4539 Ῡ.
916 4471 967 4527 4.

253 4540 374 4614 (35)
406 4541 476 4614 Τ.
512 4540 535 4597 l
566 4542 865 4614 Hgist._eccl.

266 4612 353 4668 ’36
411 4612 664 4668 Barnab.
693 4612 901 4685 Epist.,
935 4629 1063 4685 cap.
1099 4617 1146 4669 4.

258 4612 378 4756 ξδ’Ἱέ
410 4683 582 4753 Ibid.,
610 4700 659 4739 c.
678 4683 736 4756 _9.
762 4683 844 4738 Cl.
866 4683 1197 4741 Tillemonti

282 4683 378 4753 37)
410 4683 582 4753 Ibid.,
610 4700 659 4739 c.
683 4683 844 4738 9.'Cl.
866 4683 1236 4741 Tillemontio
1258 4690 1315 4742 et
1332 4686 1615 4742 Marechal
1650 4690 1847 4743 nostro

191 4754 645 4829 reprehensione
675 4754 769 4811 hic
800 4756 1009 4827 dignus
1041 4757 1269 4813 videtur
1304 4762 1523 4828 auctor,
1557 4757 1712 4829 quod
1743 4757 1843 4812 Ju-

192 4828 332 4882 daeis
385 4826 892 4882 circumcisionem
944 4828 1135 4882 carnis
1194 4830 1381 4882 matris
1431 4846 1607 4882 uuam
1658 4828 1843 4882 cordis

192 4842 332 4882 uasis
385 4842 892 4882 circumsislonem
944 4844 1135 4883 carnis
1194 4845 1381 4900 magis
1431 4846 1607 4899 quam
1658 4842 1849 4883 cordis

185 4898 575 4969 jactantibus,
629 4902 903 4972 reponat:
931 4930 1039 4972 τί
1076 4900 1279 4955 Umnis
1322 4909 1499 4972 Syrus
1532 4904 1614 4972 iet
1642 4901 1849 4967 Arabs,

194 4976 252 5051 et
306 4971 877 5052 omnesosacerdotes
927 4970 1236 5041 idolorum,
1270 4970 1757 5052 sed'_et_tEg_ypt_ii
1792 4972 1850 5052 in

196 5041 649 5113 circumcisione
678 5047 837 5113 sunt,
871 5072 939 5081 —-
970 5059 1257 5113 quaerens,
1283 5060 1354 5097 an
1390 5043 1536 5096 forte
1574 5041 1633 5097 et
1654 5041 1749 5097 isti
1783 5042 1853 5096 de

1922 1917 2177 1985 tendere,
2210 1918 2443 1987 quando
2472 1918 2709 1971 veniens
2742 1918 2922 1972 Filius
2958 1923 3192 1990 tempus
3220 1918 3404 1989 iniqui
3433 1920 3572 1974 abo-

1920 2004 2077 2070 lebit,
2127 2021 2192 2059 ac
2226 2004 2516 2075 judicabit
2568 2006 2797 2077 impios,
2857 2011 2915 2061 et
2963 2007 3216 2061 mutabit
3272 2007 3453 2063 solem
3508 2023 3574 2063 ac

1921 2095 2122 2149 lunam
2156 2092 2511 2165 stellasque:
2546 2096 2699 2165 quod
2737 2095 2975 2165 quidem
3007 2095 3329 2150 Sabbatum
3362 2095 3576 2167 poteri-

1922 2200 2055 2237 mus
2088 2199 2194 2237 nos
2224 2181 2336 2253 ipsi
2368 2187 2635 2237 sanctum
2685 2184 2945 2255 reddere,
2984 2184 3155 2254 juxta
3184 2184 3341 2239 hunc
3373 2189 3576 2241 aucto-

1922 2288 2069 2338 rem,
2103 2287 2203 2343 per
2235 2272 2385 2325 bona
2415 2288 2589 2342 opera
2612 2272 2669 2326 in
2695 2273 2961 2343 praesenti
2988 2272 3101 2327 vita
3120 2273 3389 2329 exercita.
3420 2296 3448 2323 «
3471 2273 3576 2330 Po-

1922 2359 2281 2415 terimus.....
2344 2366 2483 2415 tunc
2543 2361 2813 2415 eumdem
2888 2362 3042 2417 diem
3116 2365 3386 2418 sanctum
3441 2362 3577 2418 red-

1924 2448 2079 2516 dere,
2112 2447 2224 2518 ipsi
2256 2448 2417 2519 prius
2448 2448 2632 2504 sancti
2664 2450 2869 2505 eil'ecti.
2907 2473 2933 2498 ››

1995 2537 2199 2591 Tradit
2231 2537 2471 2609 insuper
2500 2542 2701 2593 auctor
2730 2538 2847 2605 hic,
2880 2541 3034 2611 quod
3067 2540 3125 2594 in
3157 2556 3257 2595 sex
3287 2556 3576 2595 annorum

1926 2623 2188 2679 millibus
2219 2627 2789 2681 consummabuntur
2820 2630 3125 2683 universa:
3154 2628 3355 2699 sicque
3375 2628 3431 2682 id
3453 2644 3580 2698 prc-

1927 2714 2026 2768 bat
2054 2713 2205 2781 (4i):
2240 2736 2266 2763 «
2300 2714 2611 2782 Advortite,
2643 2713 2768 2785 ﬁlii,
2816 2716 2955 2787 quid
3005 2716 3161 2771 dicat
3190 2716 3536 2789 (Scriptura)
3563 2735 3577 2775 :

1928 2801 2369 2857 Consummavit
2407 2803 2782 2873 (creationem
2835 2804 3061 2875 mundi)
3094 2805 3153 2859 in
3204 2822 3304 2859 sex
3333 2805 3575 2861 diebus:

1930 2889 2039 2945 hoc
2070 2889 2228 2957 dicit,
2258 2890 2394 2961 quia
2414 2891 2613 2946 omnia
2633 2893 3069 2949 consummabit
3100 2894 3379 2950 Dominus
3400 2894 3459 2949 in
3482 2911 3582 2950 sex

1932 2978 2195 3034 millibus
2227 2996 2547 3047 annorum;
2585 2982 2737 3052 apud
2772 2981 2938 3037 illum
2970 2983 3093 3039 dies
3140 2982 3583 3055 asquiparantur

1934 3067 2094 3123 mille
2108 3068 2299 3138 annis,
2316 3073 2379 3122 ut
2401 3068 2647 3140 ipsemet
2666 3074 2915 3125 testatur
2935 3070 3015 3141 (in
3029 3070 3324 3144 Psalmis),
3348 3072 3578 3128 dicens:

1935 3158 2062 3211 Ecce
2093 3156 2387 3211 hodiernus
2436 3156 2550 3213 dies
2606 3160 2709 3213 erit
2757 3162 3021 3230 tanquam
3074 3160 3230 3215 mitte
3254 3162 3393 3214 anni
3424 3160 3577 3231 (42);

1850 3229 1892 3295 C
1932 3245 2150 3318 itaque,
2166 3244 2291 3313 filii,
2309 3246 2366 3299 in
2385 3261 2486 3300 sex
2498 3262 2784 3301 annorum
2810 3229 3069 3302 millibus
3086 3229 3582 3303 consummabun-

1931 3339 2027 3389 tur
2057 3334 2346 3389 universa.
2380 3334 2509 3388 Haec
2556 3334 2749 3406 opinio
2799 3334 2931 3390 licet
2978 3334 3273 3407 aliquibus
3318 3334 3582 3409 singula-

1935 3423 2014 3477 ris
2046 3423 2223 3477 videri
2255 3426 2463 3493 potest,
2481 3422 2861 3478 nihilominus
2878 3423 3073 3495 plures
3094 3424 3361 3481 Ecclesiae
3388 3426 3583 3480 Patres

1936 3510 2143 3566 habuit
2172 3518 2650 3582 propugnatores.
2703 3514 3029 3568 Autumant
3075 3513 3251 3568 etiam
3292 3513 3584 3580 nonnulli,

1937 3599 2268 3671 Opinionem
2300 3598 2449 3653 hanc
2478 3616 2546 3654 ex
2572 3599 2881 3670 Scripturis
2909 3618 3079 3672 posse
3110 3602 3497 3674 comprobari,
3531 3606 3590 3657 et

1939 3687 2136 3757 aliqua
2166 3688 2292 3757 ejus
2322 3686 2564 3759 vestigia
2593 3687 2792 3743 haberi
2823 3688 2881 3743 in
2925 3689 3179 3762 Epistola
3209 3690 3275 3745 D.
3320 3690 3485 3746 Pauli
3516 3689 3588 3745 ad

1944 3777 2207 3831 Hebraeos
2232 3776 2370 3847 (45),
2399 3776 2497 3830 ubi
2530 3777 2587 3830 in
2610 3777 2703 3831 die
2725 3778 2973 3849 septima
2997 3783 3053 3833 et
3075 3779 3131 3832 in
3161 3778 3409 3834 Sabbato
3433 3782 3591 3833 aster-

1943 3881 2079 3920 nam
2113 3865 2374 3936 requiem
2406 3864 2686 3936 designat.
2726 3867 2843 3938 Ego
2875 3872 3069 3922 autem
3098 3867 3385 3939 optimum
3415 3867 3588 3933 duco,

1945 3953 2089 4009 nihil
2122 3953 2230 4008 hac
2261 3952 2317 4007 in
2351 3955 2668 4023 quaestione
2716 3972 3057 4027 proponere,
3099 3972 3162 4009 ac
3192 3955 3328 4011 Jesu
3360 3955 3589 4009 Christo

1946 4042 2239 4098 adhaerere
2288 4047 2345 4097 et
2393 4044 2519 4113 ejus
2571 4044 2851 4114 apostolis
2901 4045 3263 4114 docentibus,
3296 4045 3592 4099 neminem

1948 4131 2198 4201 novisse,
2231 4146 2355 4203 qum
2383 4133 2545 4187 Pater
2567 4134 2751 4203 posuit
2780 4135 2837 4186 in
2882 4136 3158 4203 potestate,
3217 4143 3273 4187 et
3302 4132 3595 4203 quomodo

1948 4224 2209 4275 extrema
2238 4219 2361 4275 dies
2392 4224 2636 4276 ventura
2689 4221 2786 4291 sit,
2819 4222 2986 4292 cujus
3016 4221 3401 4293 praecedentia
3428 4221 3599 4295 signa

1953 4470 2117 4554 enim.
2135 4472 2410 4554 gentipm
2460 4470 2704 4554 nomine.
2726 4472 2931 4554 ‘solum
2973 4471 3392 4554 intelliguntur
3420 4471 3601 4554 Phili-

1955 4544 2119 4599 sthaai
2135 4542 2480 4615 Syro-Graeci
2496 4550 2665 4612 atque
2677 4542 3071 4615 Alexandrini.
3098 4542 3245 4601 Nam
3266 4544 3603 4615 immediate

1893 4600 2224 4686 Dprascedit
2251 4614 2469 4669 ibidem
2500 4600 2873 4686 comminatio
2904 4600 3253 4670 visitatiOnis
3275 4613 3479 4668 divinas
3511 4630 3607 4668 su-

1959 4684 2061 4765 per
2089 4684 2420 4765 Egyptum,
2454 4692 2511 4765 et
2540 4702 2716 4758 super
2748 4685 3083 4765 Idumzsam,
3117 4686 3604 4765 et_super_lf3dom,

1959 4756 2014 4812 et
2040 4756 2411 4827 super’ﬁlios
2459 4756 2729 4811 Ammon.
2782 4757 3089 4821 Arabibus,
3143 4756 3509 4827 tEthiopidus
3552 4760 3611 4809 et

1962 4825 2263 4909 Nubianis,
2324 4827 2913 4909 aliisqueuplurimis
2988 4825 3359 4909 communem
3430 4825 3611 4881 fuisse

1963 4898 2279 4971 quamdam
2343 4898 2867 4962 circumcisionem,
2920 4898 3135 4971 scilicet
3194 4898 3512 4971 politicam_
3545 4912 3611 4971 ac

1964 4966 2287 5042 profanam,
2323 4986 2390 5023 ex
2420 4988 2595 5024 causa
2653 4970 2820 5039 plane
2863 4970 3135 5033 naturali,
3182 4966 3365 5025 Jobus
3402 4966 3609 5023 Ludol-

1964 5041 2115 5119 phus
2164 5041 2912 5119 demonstratI/Ethiopicis,
2961 5042 3177 5119 Judaeis
3227 5047 3419 5095 autem
3468 5055 3611 5119 prte-

193 5112 576 5185 Testamento
607 5112 743 5166 sint.
775 5112 999 5185 ‘Ver‘um’
1020 5130 1131 5167 non
1166 5115 1328 5168 video
1351 5114 1676 5185 quidquam
1705 5130 1855 5168 erro-

196 5200 377 5255 neum
412 5183 469 5236 in
502 5182 631 5237 hoc.
667 5188 742 5237 De
775 5182 1097 5255 Pythagora
1123 5185 1302 5239 totius
1328 5182 1668 5239 idololatriae
1700 5185 1854 5254 apud

198 5254 807 5337 Graecos-mystago‘go,
834 5254 1238 5337 legit’ur,lquod
1268 5256 1855 5337 fueritcircumcisus,

201 5330 267 5380 ut
296 5324 498 5399 abdita
529 5324 1304 5399 ingrediens/Egyptiorum,
1341 5328 1644 5399 mysticam
1677 5328 1859 5381 disce-

202 5399 289 5451 ret
339 5396 793 5468 philosophiam,
845 5396 1271 5453 ritu's'isciticet
1324 5396 1742 5453 sacrificiorum
1792 5414 1857 5451 ac

203 5468 880 5541 consecrationum.7Nec
911 5475 1130 5541 pugnat
1173 5474 1375 5524 auctor
1413 5486 1559 5541 cum,
1581 5470 1773 5541 seipso
1804 5472 1862 5523 et

206 5555 339 5613 cum
373 5539 673 5613 Scriptura
706 5540 777 5593 ab
811 5536 935 5613 ipso
969 5536 1240 5613 allegata,
1290 5558 1407 5612 qua
1453 5536 1857 5595 dicitur—Jers-

206 5611 337 5663 mia:
374 5627 464 5664 1x:
502 5609 530 5658 ἐι
563 5609 777 5665 Omnes
808 5609 1011 5682 gentes
1038 5609 1463 5668 incircumciso:
1496 5618 1637 5667 sunt
1664 5627 1859 5678 carne,

209 5682 401 5737 omnis
423 5687 619 5737 autem
643 5682 856 5737 domus
872 5684 1045 5739 Israel
1069 5684 1475 5741 incircumciso
1498 5684 1668 5741 corde
1692 5702 1706 5753 ;
1732 5705 1761 5733 υ
1782 5683 1863 5738 ibi

1964 5112 2131 5182 oepta
2159 5112 2267 5164 fuit
2298 5112 2665 5182 signaculum
2702 5113 2831 5165 tidei
2865 5114 2933 5165 de
2962 5113 3257 5166 nescituro
3298 5128 3366 5165 cx
3394 5112 3614 5165 semine

1966 5183 2212 5237 Abrahae
2264 5183 2515 5250 Messia;
2569 5186 2717 5254 quod
2770 5189 2970 5237 auctor
3018 5189 3215 5237 noster
3274 5184 3614 5238 nullatenus

1968 5260 2161 5309 negat.

2044 5271 2161 5322 gat.

2044 5326 2148 5395 [38)
2180 5326 2313 5395 Cap.
2348 5342 2484 5389 xvu,
2518 5327 2570 5392 ᾗ.
2612 5326 2693 5379 li.

2060 5396 2149 5463 39)
2184 5397 2355 5450 Barn.
2389 5398 2593 5467 Epist.,
2624 5412 2750 5467 cap.
2786 5396 2869 5449 12.

2042 5468 2149 5537 (47)
2189 5468 2332 5520 Ibid.

2041 5539 2149 5605 (4ο)
2183 5538 2351 5607 Ibid.,
2381 5555 2430 5592 c.
2472 5540 2553 5593 15.

2041 5610 2155 5681 (42)
2179 5609 2392 5681 Psalm.
2428 5627 2647 5679 LXXXIX,
2682 5610 2732 5665 4.

2045 5681 2158 5760 (43)
2190 5680 2367 5753 Epist.
2402 5684 2472 5737 ad
2504 5682 2797 5750 Hebraeos,
2830 5698 2956 5755 cap.
2991 5700 3068 5740 ιν.

537 5809 800 5873 ΡΔτιιοι..
849 5808 958 5871 Gs.
1011 5808 1085 5873 Il.

3235 5812 3309 5873 23
