4086 6342
503 347 617 405 715

1702 357 1768 415 S.
1814 357 1911 416 BA
1922 354 2224 420 RNABAS
2269 360 2747 427 APOSTOLUS.

3798 371 3910 441 7‘6

422 556 429 565 .
499 478 898 549 praenuntiant
927 480 1186 551 quidem,
1221 485 1452 554 tempus
1483 489 1677 541 autem
1722 503 1837 542 non
1867 488 2145 545 determi-
2175 495 2229 558 Α
2258 498 2495 561 possent
2525 495 2583 549 in
2618 501 3016 570 contemptum
3049 500 3369 573 religionis,
3414 509 3643 563 tantum
3674 524 3910 582 progre-

501 573 663 635 nant,
698 568 868 624 sicuti
899 570 1122 641 peregit
1152 576 1352 627 auctor
1382 572 1558 642 hujus
1590 574 1877 645 Epistolas.

790 737 933 786 Am.
966 732 1035 786 II.
1068 764 1137 772 —
1169 733 1574 791 Observationes
1602 739 1853 793 morales.

567 855 885 911 Videamus
918 858 1111 921 modo,
1146 875 1273 929 quae
1305 859 1456 914 circa
1488 877 1679 917 mores
1709 863 1900 917 tradat
1932 863 2021 918 hic
2046 880 2145 919 au-

498 949 638 1000 ctor.
673 944 807 1000 Post
838 946 1271 1001 distinctionem
1302 948 1550 1003 duarum
1584 951 1836 1016 viarum,
1869 968 2018 1022 quas
2049 970 2146 1007 su-

498 1052 603 1107 pra
634 1035 971 1101 memoravi,
1003 1036 1311 1107 utriusque
1343 1043 1509 1093 notas
1541 1039 1789 1095 exhibet.
1824 1040 2149 1112 Insigniora

496 1124 646 1180 lucis
679 1142 854 1197 Opera
882 1129 1057 1180 sunt:
1092 1126 1209 1180 imo
1241 1124 1480 1197 diligere
1519 1128 1847 1198 proximum
1881 1135 2146 1184 nostrum

496 1214 811 1285 plusquam
828 1231 933 1269 nos
952 1213 1140 1284 ipsos:
1169 1213 1430 1284 «Diliges
1452 1216 1778 1285 proximum
1805 1222 1969 1272 tuum
1994 1218 2149 1289 plus-

496 1319 671 1373 quam
691 1303 946 1358 animam
970 1307 1132 1355 tuam
1155 1302 1287 1372 (44).
1316 1324 1341 1349 ››
1372 1304 1577 1374 Agitur
1598 1304 1710 1372 hic,
1748 1311 1809 1359 ut
1832 1306 2148 1378 unicuique

495 1391 825 1457 innotescit,
854 1392 923 1445 de
946 1390 1255 1445 dilectione
1278 1408 1415 1463 erga
1439 1393 1788 1462 proximum,
1814 1412 1939 1465 quae
1970 1396 2145 1451 vitam

494 1482 672 1537 etiam
705 1481 868 1535 daret
898 1496 999 1551 pro
1026 1481 1150 1549 ejus
1191 1480 1398 1547 salute,
1433 1482 1481 1535 si
1513 1484 1745 1552 quando
1779 1500 1904 1539 sese
1936 1486 2149 1556 praebe-

495 1575 583 1626 ret
612 1569 837 1624 occasio
864 1586 876 1635 ;
911 1574 967 1621 et
996 1568 1129 1622 licet
1159 1570 1375 1639 gradus
1397 1569 1489 1623 hic
1520 1570 1849 1626 dilectionis
1880 1573 1939 1627 in
1971 1574 2150 1644 perfe-

493 1658 777 1713 ctioribus
810 1656 998 1711 solum
1032 1656 1464 1723 adinveniatur,
1510 1658 1894 1715 nihilominus
1925 1666 2147 1717 certum

491 1752 581 1802 est
610 1763 678 1801 ex
724 1745 1063 1815 Scripturis,
1124 1749 1175 1799 et
1212 1762 1279 1799 ex
1326 1745 1652 1815 traditione,
1701 1749 1771 1802 ad
1823 1749 1972 1805 hanc
2006 1751 2146 1807 dile-

490 1835 742 1891 ctionem
787 1850 991 1888 omnes
1040 1832 1253 1887 Christi
1287 1833 1486 1889 ﬁdeles
1518 1835 1577 1889 in
1614 1852 1821 1907 genere
1851 1840 2055 1907 teneri,
2090 1845 2146 1895 et
2176 1859 2221 1923 Β

490 1939 729 1996 peccare
759 1924 899 1977 dum
934 1922 1269 1977 occasiones
1302 1922 1608 1995 negligant
1658 1926 1727 1979 ad
1780 1926 2143 1997 implendum

489 2017 867 2084 praeceptum,
904 2011 1057 2081 quod
1085 2011 1429 2066 naturaliter
1452 2012 1581 2066 ﬂuit
1602 2030 1668 2067 ex
1700 2020 1983 2086 praecepto
2007 2016 2145 2072 dile-

489 2100 698 2155 ctionis
720 2116 855 2172 erga
874 2100 1080 2155 Deum.
1103 2100 1395 2154 Tenemur
1411 2100 1649 2172 diligere
1667 2104 1994 2173 proximum
2018 2122 2144 2176 pro-

485 2193 613 2260 pter
644 2193 845 2255 Deum,
878 2192 934 2242 et
965 2193 1145 2241 Deum
1176 2188 1370 2258 ipsum
1406 2188 1463 2242 in
1491 2194 1685 2244 nostro
1719 2191 1979 2261 proximo
2012 2192 2140 2247 dili-

485 2278 715 2347 gimus:
751 2281 810 2331 at
834 2276 964 2347 quis
988 2276 1232 2329 inﬁciari
1259 2276 1515 2345 audebit,
1540 2278 1748 2334 debere
1771 2296 1875 2334 nos
1902 2280 2141 2352 diligere

485 2365 670 2420 Deum
702 2364 1011 2437 plusquam
1038 2381 1144 2419 nos
1176 2364 1357 2435 ipsos,
1380 2369 1435 2419 et
1466 2366 1811 2437 sanguinem
1843 2368 2139 2427 effundere

484 2459 719 2527 propter
747 2455 875 2525 ejus
905 2470 1164 2509 amorem
1184 2454 1211 2506 ?

554 2543 794 2615 Oportet
822 2544 1077 2599 secundo
1118 2544 1552 2599 communicare
1593 2545 1652 2599 in
1698 2546 1970 2602 omnibus
2001 2565 2135 2604 eum

481 2633 769 2705 proximo,
794 2635 850 2687 et
872 2632 1016 2686 nihil
1040 2632 1339 2703 proprium
1364 2632 1609 2687 retinere
1638 2651 1650 2688 :
1678 2656 1703 2683 ‹‹
1734 2634 2136 2692 Communica-

481 2722 574 2777 bis
605 2722 663 2776 in
696 2722 970 2777 omnibus
1002 2738 1135 2775 cum
1185 2721 1447 2793 proximo
1492 2726 1614 2788 tuo,
1663 2739 1767 2777 nec
1808 2724 2132 2796 quidquam

481 2810 640 2865 dices
672 2809 972 2881 proprium
1005 2810 1137 2880 (45).
1178 2832 1197 2857 ν
1232 2809 1430 2880 Viguit
1460 2810 1552 2864 hic
1574 2826 1701 2865 mos
1725 2813 1877 2883 apud
1913 2814 2133 2883 primos

479 2898 701 2969 ﬁdeles,
735 2903 800 2952 ut
830 2902 1057 2953 constat
1083 2914 1149 2951 ex
1178 2899 1335 2952 Actis
1382 2899 1779 2969 apostolorum
1824 2902 1959 2970 (46).
1994 2900 2135 2959 Ter:

476 2987 558 3042 tio
590 2986 832 3058 diligere
863 3008 890 3035 «
926 2990 989 3040 ut
1018 2985 1302 3057 pupillam
1334 2986 1485 3041 oculi
1507 3003 1732 3056 omnes,
1768 3010 1796 3037 ››
1829 2990 1928 3060 qui
1962 2992 2131 3047 nobis

477 3076 801 3147 loquuntur
825 3076 1064 3131 verbum
1088 3075 1188 3130 Dei
1212 3091 1225 3129 :
1249 3098 1275 3124 «
1310 3075 1542 3147 Diliges,
1570 3081 1633 3131 ut
1652 3078 1933 3148 pupillam
1955 3080 2126 3151 oculi,

475 3181 709 3221 omnem
742 3166 843 3236 qui
870 3164 973 3219 tibi
1004 3164 1264 3235 loquitur
1293 3165 1536 3219 verbum
1569 3166 1819 3220 Domini.
1856 3190 1882 3216 ‹‹
1912 3167 2127 3231 Quarto

472 3254 732 3310 conﬁteri
775 3258 1013 3325 peccata
1067 3258 1300 3309 nostra:

472 3348 590 3399 tua.
628 3366 656 3392 »
685 3344 944 3398 Tandem
976 3360 1194 3413 cavere,
1232 3359 1300 3397 ne
1332 3360 1591 3413 unquam
1628 3343 1733 3397 «in
1759 3345 2017 3402 oratione
2040 3364 2126 3402 ac-

472 3433 750 3487 cedamus
781 3432 853 3486 ad
876 3432 1059 3485 Deum
1084 3431 1141 3485 in
1164 3431 1518 3485 conscientia
1544 3431 1697 3487 mala
1718 3433 1849 3504 (47).
1876 3456 1902 3483 ››
1928 3435 2127 3489 Praeci-

471 3536 599 3592 puae
630 3520 716 3573 hae
747 3526 888 3574 sunt
916 3524 1064 3574 notae
1098 3520 1197 3573 vix
1228 3519 1377 3574 lucis
1406 3537 1418 3574 :
1455 3544 1479 3569 ‹‹

472 3613 615 3675 ctor,
644 3608 739 3662 via
766 3607 933 3662 lucis.
968 3630 994 3655 ››

542 3702 887 3767 Interopera
908 3696 1299 3765 tenebrarum,
1317 3697 1661 3752 notabiliora
1675 3704 1813 3754 sunt
1831 3700 2120 3757 idolorum

471 3787 740 3855 servitus,
775 3784 1093 3853 temeritas,
1125 3786 1295 3840 elatio
1324 3788 1647 3857 potestatis,
1681 3789 1997 3857 simulatio,
2023 3808 2121 3847 cor

471 3877 706 3949 duplex,
740 3875 1144 3945 homicidium,
1187 3876 1410 3945 rapina,
1445 3876 1636 3943 dolus,
1686 3878 1927 3945 malitia,
1960 3898 2117 3937 arro-

463 3965 682 4038 gantia,
742 3964 1107 4029 veneﬁcium,
1172 3963 1381 4034 magia,
1443 3965 1705 4033 avaritia,
1761 3966 1959 4024 nullus
2014 3969 2116 4024 Dei

459 4055 654 4110 timor.
692 4055 755 4109 In
786 4054 894 4109 hac
934 4054 1306 4109 tenebrarum
1351 4054 1443 4107 via
1492 4054 1862 4111 continentur
1900 4060 2119 4128 pariter

460 4149 860 4215 persecutores
884 4145 1191 4212 bonorum,
1215 4159 1411 4199 osores
1438 4143 1722 4212 veritatis,
1748 4150 1803 4200 et
1826 4151 2115 4204 amatores

460 4231 786 4286 mendacii:
824 4254 851 4280 ‹‹
878 4232 940 4285 In
964 4249 1079 4303 qua
1101 4233 1497 4303 tenebrarum,
1523 4233 1616 4288 via
1646 4238 1803 4301 sunt,
1826 4235 2112 4292 bonorum

458 4325 884 4391 persecutores,
959 4336 1154 4376 osores
1229 4322 1512 4387 veritatis,
1591 4328 1881 4380 amatores
1950 4342 2110 4381 men-

460 4408 610 4464 dacii
641 4408 774 4479 (48).
838 4431 864 4457 ››
922 4409 1191 4473 Quinimo
1246 4410 1368 4464 etii
1426 4428 1646 4475 omnes,
1703 4413 1802 4484 qui
1859 4414 2111 4486 diligunt

455 4514 625 4566 vana,
660 4501 1071 4553 consectantur
1102 4499 1655 4564 remunerationem,
1690 4518 1804 4555 non
1840 4501 2111 4558 miseren-

1538 3522 1660 3575 Haec
1692 3528 1799 3589 est,
1852 3524 1993 3578 dicit
2021 3541 2123 3579 au-

1367 3278 1393 3303 ‹‹
1457 3255 1835 3311 Conﬁteberis
1892 3227 2200 3327 peccataC

2260 580 2417 636 ditur
2445 600 2578 639 cum
2610 585 2902 660 allegoria,
2940 593 3006 644 ut
3027 591 3232 647 docere
3253 593 3537 667 videatur,
3559 601 3738 652 Deum
3770 580 3914 656 nun-

2259 686 2435 740 quam
2468 673 2719 730 voluisse
2742 678 3128 746 quorumdam
3154 681 3418 738 ciborum
3451 701 3623 741 usum
3657 686 3909 745 Hebreis

2259 758 2641 829 interdicere;
2674 766 2774 819 sed
2806 765 3173 825 solummodo
3207 770 3507 829 horrorem
3549 774 3811 847 ingerere
3841 779 3910 834 de

2258 846 2330 902 iis
2360 848 2535 918 vitiis,
2569 868 2696 922 quas
2727 870 2829 925 per
2858 856 3085 912 diversa
3116 857 3215 913 illa
3258 860 3535 917 animalia
3563 846 3909 935 significan-

2256 938 2388 989 tur:
2430 957 2451 983 α
2484 937 2705 1009 Itaque,
2739 941 2818 995 ait
2851 942 2966 1012 ille,
3014 947 3358 1002 mandatum
3408 948 3509 1003 Dei
3542 967 3658 1005 non
3688 958 3799 1017 est,
3836 970 3909 1008 ne

2259 1024 2612 1081 manducent
2637 1045 2648 1094 ;
2674 1030 2772 1083 sed
2808 1030 3034 1103 Moyses
3056 1032 3114 1088 in
3134 1034 3343 1106 spiritu
3369 1035 3599 1094 locutus
3613 1042 3701 1094 est
3720 1040 3855 1108 (49).
3882 1064 3907 1089 »ι

2259 1112 2475 1183 Opinor
2512 1132 2614 1187 ego
2646 1122 2863 1175 textum
2911 1120 3067 1175 hunc
3100 1139 3217 1177 non
3250 1124 3329 1179 ita
3370 1125 3573 1182 stricta
3602 1132 3659 1182 et
3689 1127 3908 1185 littera-

2258 1200 2386 1256 liter
2415 1204 2818 1275 accipiendum
2857 1225 3005 1275 esse,
3040 1216 3105 1265 ut
3126 1228 3240 1267 non
3282 1215 3468 1284 possit
3500 1214 3559 1271 in
3583 1215 3904 1273 orthodeo

2259 1305 2433 1345 sensu
2458 1291 2731 1364 intelligi:
2767 1297 2813 1350 si
2851 1313 3015 1353 mens
3063 1300 3219 1355 enim
3257 1301 3437 1374 hujus
3468 1306 3722 1361 auctoris
3754 1312 3912 1364 recte

2257 1380 2666 1452 perpendetur,
2700 1388 2756 1438 et
2785 1383 2939 1452 ﬁnis,
2974 1403 3147 1457 quem
3180 1388 3293 1445 sibi
3324 1393 3597 1462 proponit
3625 1410 3741 1450 una
3769 1410 3907 1450 cum

2257 1472 2376 1522 toto
2408 1474 2697 1543 contextu,
2731 1472 2898 1529 facile
2944 1477 3236 1532 constabit
3282 1484 3581 1537 auctorem
3628 1482 3686 1538 id
3718 1500 3908 1541 unum

2258 1557 2461 1613 docere
2491 1558 2654 1627 velle,
2689 1561 2909 1618 scilicet
2930 1565 3272 1621 mandatum
3296 1568 3399 1623 Dei
3430 1568 3686 1626 Hebraeis
3716 1572 3909 1645 impo-

2258 1645 2435 1700 situm
2468 1648 2800 1704 abstinendi
2850 1667 2883 1705 a
2914 1653 3270 1722 quibusdam
3321 1656 3488 1726 cibis,
3523 1675 3640 1715 non
3672 1664 3907 1717 tantum

2256 1734 2638 1793 obstrinxisse
2650 1736 2801 1805 illos,
2826 1756 2897 1795 ne
2910 1757 3036 1797 vere
3050 1759 3115 1797 ac
3130 1744 3362 1800 realiter
3373 1745 3533 1802 hisce
3553 1748 3699 1806 cibis
3713 1767 3909 1807 vesce-

2257 1830 2492 1891 rentur;
2528 1842 2723 1881 verum
2757 1829 2953 1897 etiam,
2989 1835 3053 1885 ut
3083 1848 3151 1887 ea
3180 1839 3413 1904 peccata
3436 1835 3739 1894 horrerent
3770 1856 3903 1912 quae

2255 1912 2314 1966 in
2346 1914 2492 1968 cibis
2523 1913 2640 1969 illis
2669 1915 3190 1987 significabantur;
3225 1920 3361 1977 hinc
3400 1922 3737 1982 immediate
3766 1934 3907 1998 post

2254 2002 2572 2058 adductum
2602 2009 2849 2076 textum,
2883 2007 2984 2075 ait,
3022 2010 3198 2065 Deum
3231 2011 3316 2066 sic
3346 2015 3688 2086 praecepisse
3719 2018 3905 2074 absti-

2252 2091 2512 2147 nentiam
2532 2109 2565 2147 a
2586 2109 2757 2148 carne
2780 2095 3037 2167 porcina,
3062 2098 3229 2168 quasi
3253 2099 3301 2155 si
3334 2101 3593 2169 dixisset,
3626 2103 3904 2163 homines

2252 2196 2366 2234 non
2389 2181 2596 2236 debere
2617 2182 2909 2238 adhaerere
2926 2184 3127 2256 iis,qui
3151 2187 3374 2244 similes
3386 2194 3525 2246 sunt
3542 2193 3735 2263 porcis
3758 2196 3903 2267 (50).

2250 2269 2316 2322 Et
2345 2268 2495 2324 infra
2526 2269 2770 2341 loquens
2821 2289 3051 2344 semper
3092 2275 3162 2330 de
3209 2276 3471 2334 ciborum
3517 2280 3901 2341 distinctione

2249 2362 2535 2429 praecepta
2565 2359 2623 2413 in
2656 2359 2781 2432 lege
2812 2362 3048 2433 Moysis,
3082 2365 3277 2431 tradit,
3326 2367 3560 2423 Judaeos
3601 2371 3906 2443 accepisse

2245 2446 2421 2501 verba
2450 2447 2550 2502 illa
2580 2448 2813 2521 Moysis,
2838 2467 2904 2506 ac
2925 2451 2972 2506 si
2996 2452 3067 2507 de
3090 2454 3240 2509 escis
3268 2477 3289 2503 ε
3320 2455 3667 2528 simpliciter
3689 2482 3717 2507 ι)
3742 2461 3903 2533 egis-

2248 2539 2334 2590 set
2389 2536 2521 2607 (5l).
2580 2539 2935 2594 Adverbium
3012 2540 3141 2611 hoc,
3223 2542 3586 2616 simpliciter,
3655 2564 3899 2607 omnem

2244 2625 2457 2679 enodat
2508 2626 2914 2684 difﬁcultatem
2962 2628 3122 2686 allati
3171 2634 3401 2700 textus;
3453 2639 3681 2692 constat
3710 2638 3896 2708 enim,

2242 2712 2400 2768 hunc
2434 2720 2725 2771 auctorem
2743 2733 3045 2789 nunquam
3075 2719 3333 2777 voluisse
3348 2722 3585 2779 Judaeos
3617 2726 3899 2784 solutosa

2243 2808 2527 2874 praecepto
2560 2804 2893 2860 abstinendi
2924 2806 3157 2863 realiter
3187 2826 3220 2864 a
3249 2810 3393 2866 cibis
3426 2811 3483 2866 in
3518 2816 3642 2884 lege
3671 2814 3894 2884 vetitis,

2242 2890 2341 2945 sed
2375 2891 2540 2947 unice
2570 2892 2893 2950 intendisse
2925 2911 3031 2967 ope
3059 2895 3239 2967 hujus
3267 2899 3633 2956 abstinentia:
3660 2918 3760 2959 eos
3793 2921 3891 2960 re-

2242 2976 2472 3035 trahere
2502 2997 2534 3035 a
2562 2981 2720 3037 vitiis
2751 2981 2831 3036 ibi
2864 2985 3214 3041 connotatis.

2282 3145 2419 3195 Anr.
2452 3140 2550 3197 III.
2585 3174 2649 3185 -—
2683 3142 3090 3201 Observationes
3118 3147 3193 3203 ad
3215 3147 3589 3219 philologiam
3617 3168 3845 3211 sacram

2892 3224 3211 3286 spectantes.

2308 3338 2457 3391 Dum
2490 3339 2763 3394 Barnabze
2802 3344 2966 3411 gesta
2998 3341 3122 3396 fuse
3173 3345 3564 3415 prosequitur,
3617 3347 3890 3421 miraque

2235 3426 2453 3497 ingenii
2486 3427 2826 3484 dexteritate
2858 3428 3111 3485 illustrat
3157 3431 3245 3487 vir
3285 3432 3664 3493 doctissimus
3696 3440 3887 3495 Maza-

2234 3515 2421 3585 chius,
2453 3515 2675 3588 aliquot
2704 3517 2880 3572 etiam
2913 3520 3041 3589 ejus
3073 3520 3329 3591 epistolae
3359 3522 3486 3579 loca
3519 3526 3749 3598 egregie
3775 3544 3885 3599 pro

2236 3619 2395 3659 more
2427 3621 2532 3660 suo
2565 3604 2833 3661 edisserit
2862 3623 2874 3661 ε
2908 3612 2974 3661 ut
3004 3608 3249 3679 proinde
3278 3626 3465 3682 operte
3500 3614 3753 3685 pretium
3788 3632 3883 3672 me

2233 3692 2524 3748 facturum
2548 3694 2899 3765 existimem,
2915 3698 2963 3750 si
2985 3694 3316 3756 luculentas
3334 3697 3493 3755 illius
3524 3702 3883 3759 observatio-

2231 3798 2334 3837 nes
2367 3798 2541 3837 sacrae
2572 3781 2901 3854 philologiae
2928 3785 3120 3840 studio
3147 3787 3503 3856 permultum
3535 3792 3879 3863 profuturas

2229 3870 2337 3925 hoc
2364 3869 2486 3926 loco
2519 3871 2847 3926 describam
2879 3872 3010 3943 (52).
3045 3874 3237 3930 Prima
3279 3877 3605 3935 observatio
3635 3881 3880 3953 respicit

2229 3966 2402 4031 caput
2432 3964 2660 4016 sextum
2691 3960 2967 4033 epistolis,
3000 3963 3155 4034 quod
3188 3964 3271 4019 sic
3332 3966 3539 4039 incipit
3567 3968 3719 4040 (53):
3753 3970 3877 4023 Ὅτε

2227 4046 2317 4101 οὖν
2352 4046 2602 4117 ἐποίησεν
2636 4047 2880 4119 ἐντολήν,
2932 4054 3037 4106 etc.
3071 4052 3215 4108 Cum
3266 4059 3463 4110 autem
3494 4056 3628 4112 fecit
3657 4074 3878 4129 praece-

2226 4144 2392 4210 ptum
2425 4139 2757 4211 (Christus),
2786 4138 2927 4210 quid
2961 4139 3148 4195 dicit?
3177 4142 3286 4206 Qui
3316 4147 3426 4213 est,
3458 4144 3878 4216 quijudicetur

2224 4243 2454 4283 mecum
2475 4227 2503 4282 ?
2534 4244 2563 4278 ››
2592 4229 2662 4283 Et
2691 4244 2816 4299 quae
2862 4245 3031 4300 porro
3080 4247 3149 4285 ex
3198 4230 3359 4287 Isaiae
3393 4250 3443 4300 L,
3495 4234 3549 4300 8,
3580 4234 3615 4287 9
3644 4236 3872 4292 recitat.

2228 4319 2325 4374 llic
2356 4318 2663 4372 ubservatu
2696 4333 2809 4372 non
2864 4317 3173 4390 indignum
3223 4325 3333 4389 est,
3383 4318 3633 4391 ἐντολήν,
3662 4340 3872 4396 ρνέεσε.

2219 4412 2394 4479 ptum,
2426 4406 2710 4475 absolute,
2762 4411 2818 4461 et
2862 4422 2964 4478 per
3015 4406 3415 4465 excellentiam
3461 4412 3653 4468 vocari
3682 4415 3873 4471 Patris

2214 4497 2544 4569 jussionem
2575 4495 2646 4550 de
2678 4495 3080 4552 Incarnatione
3108 4501 3164 4552 et
3193 4502 3313 4553 toto
3344 4498 3615 4556 humanae
3642 4518 3875 4574 repara-

454 4590 551 4641 tur
582 4586 793 4659 inopis,
827 4604 940 4641 non
972 4586 1239 4641 laborant
1284 4588 1341 4641 in
1369 4588 1615 4658 gratiam
1666 4589 1845 4657 illius,
1887 4593 1981 4662 qui
2016 4591 2104 4647 la-
2139 4597 2183 4661 1)
2218 4586 2393 4641 tionis
2423 4586 2669 4656 negotio,
2703 4585 2857 4654 quod
2916 4582 3137 4646 ἐντολὰς
3169 4590 3266 4639 τοῦ
3315 4585 3548 4661 Πατρός,
3592 4596 3875 4663 praecepta

454 4676 594 4731 bore
625 4694 690 4730 ac
721 4676 999 4731 aerumnis
1031 4677 1325 4731 confectus
1356 4684 1465 4744 est,
1500 4678 1571 4731 ad
1627 4679 2107 4737 obtrectationem

456 4765 730 4837 prompti,
766 4770 1100 4820 aversantes
1132 4781 1399 4836 egenum,
1454 4766 1773 4837 aftligentes
1804 4768 2106 4840 afflictum,

457 4877 482 4904 ‹‹
520 4854 761 4909 divitum
794 4854 1079 4920 advocati,
1114 4871 1434 4925 pauperum
1461 4855 1688 4924 judiccs
1723 4856 1929 4928 iniqui.
1968 4883 1993 4907 ι,

522 4942 647 4998 Alio
678 4942 736 4997 in
769 4943 1032 5013 ejusdem
1066 4943 1321 5014 epistolae
1357 4943 1502 5011 loco,
1545 4962 1659 5013 quo
1708 4947 1870 5000 abuti
1928 4947 2109 5019 aliqui

545 5176 633 5244 44)
664 5175 762 5248 Ep.
797 5175 1071 5247 Barnab,,
1107 5194 1232 5248 cap.
1273 5178 1355 5231 19.

545 5250 631 5318 45)
665 5249 810 5302 Ibid.

658 5322 910 5404 Aetuum
944 5336 1068 5404 cap.
1105 5337 1143 5375 ιι
1177 5325 1232 5404 et
1266 5338 1335 5374 IV.
1393 5392 1425 5404 ι.
1655 5397 1662 5404 Ι
1952 5392 1964 5404 ‘
2044 5394 2052 5404 '

516 5391 627 5459 (47)
662 5415 685 5437 ‹‹
726 5391 847 5447 Non
878 5394 1115 5447 accedes
1166 5394 1236 5445 ad
1284 5392 1603 5446 orationem
1652 5397 1810 5447 tuam
1852 5392 2003 5447 mala
2041 5394 2096 5448 in

448 5462 822 5518 conscientia.
862 5484 880 5511 υ
921 5465 1025 5533 Ερ.
1068 5466 1261 5529 Uarn.,
1297 5480 1419 5533 cap.
1460 5464 1541 5517 19.

523 5534 631 5603 (48)
662 5540 776 5605 lsp.
802 5537 953 5602 Bar.,
980 5551 1103 5605 cap.
1142 5538 1227 5589 2t).

660 5603 803 5687 lbind.
836 5621 958 5674 cup.
1145 5678 1154 5686 θ
1445 5680 1475 5687 Ἀ
1686 5678 1693 5685 _
1736 5676 1775 5687 Η

515 5676 625 5753 (50)
662 5695 689 5729 (ι
718 5679 1079 5747 Quapropter
1110 5678 1191 5733 sic
1215 5693 1379 5733 suem
1405 5680 1506 5744 ait,
1531 5678 1698 5748 quasi
1720 5676 1961 5747 diceret,
1985 5695 2102 5738 non

2170 5476 2173 5479 ‘
2216 5467 2582 5535 acceperunt.
2620 5484 2647 5535 ξ)
2687 5433 2828 5535 lein.

2222 4677 2427 4741 Patris,
2461 4678 2624 4729 vocat
2645 4674 2769 4746 ipse
2792 4672 3059 4729 Christus
3081 4675 3248 4730 Joan.
3278 4693 3369 4741 xv,
3398 4679 3482 4743 10,
3505 4695 3572 4734 ac
3602 4679 3873 4737 fortassis

2222 4764 2505 4819 alluditur
2534 4780 2565 4818 a
2596 4763 2864 4818 Barnaba
2907 4764 2977 4817 ad
3030 4763 3174 4818 illud
3218 4764 3429 4837 psalmi
3480 4783 3673 4837 xxxxx,
3705 4770 3763 4838 8,
3794 4770 3866 4841 9;

2222 4854 2365 4908 Tunc
2395 4852 2517 4907 dixi
2539 4871 2556 4905 :
2592 4854 2733 4908 Ecce
2780 4852 2935 4907 venio
2970 4897 2982 4909 .
3020 4895 3032 4907 .
3071 4894 3084 4906 .
3122 4894 3133 4907 .
3167 4862 3227 4908 ut
3281 4856 3488 4924 faciam
3532 4857 3873 4915 voluntatem

2221 4946 2411 4997 tuam:
2447 4957 2621 5013 quam
2665 4938 3023 4996 voluntatem
3076 4958 3209 4997 mox
3255 4943 3422 5014 legem
3474 4951 3679 5002 vocat:
3730 4947 3875 5004 Deus

2219 5174 2543 5251 adhaerehis
2566 5172 2904 5231 hominibus
2926 5174 3161 5240 talibus,
3195 5174 3297 5247 qui
3319 5175 3543 5233 similes
3566 5180 3708 5233 sunt
3739 5194 3873 5251 por-

2218 5248 2726 5390 0125:)[glizioyses
2773 5317 2845 5371 de
2890 5319 3043 5390 escis
3075 5319 3184 5373 tria
3234 5319 3468 5374 decreta
3495 5318 3729 5375 locutus
3757 5325 3870 5389 est,

2220 5387 2304 5446 illi
2334 5387 2468 5446 vero
2498 5387 2705 5464 Judaei,
2736 5387 2904 5457 quasi
2945 5389 3015 5445 dc
3059 5390 3208 5445 escis
3251 5391 3600 5463 simpliciter
3627 5387 3867 5464 egisset,

2286 5531 2397 5607 (5‘2)
2427 5531 3107 5607 Mazochltlommentar.
3144 5532 3200 5587 in
3232 5537 3340 5588 vet.
3373 5536 3576 5589 Marm.
3611 5532 3865 5602 Kalend,

2214 5602 2609 5686 Velamima-
2639 5602 2898 5686 φιλ-δη-
3116 5678 3139 5686 .-
3201 5675 3233 5686 ..

2285 5677 2399 5757 (53)
2430 5674 2613 5752 Epist.
2644 5674 2917 5745 Barnab.,
2952 5690 3075 5747 cap.
3110 5678 3162 5733 6.
3198 5675 3283 5734 lit.
3322 5678 3379 5738 C.
