4090 6340
191 374 304 438 717
1568 371 1789 436 PROLl

1902 370 2181 435 )MENA.
3458 380 3579 441 ’718

189 524 339 566 mea:
364 509 525 577 volui,
555 512 610 565 et
639 509 807 580 legem
840 515 992 565 tuam
1021 509 1081 564 in
1110 507 1288 564 medio
1310 508 1493 564 cordis
1521 508 1650 563 mei.
1684 507 1819 562 Om-
1848 508 1906 574 Α
1933 506 2134 571 xisset,
2180 524 2247 563 ex
2302 511 2455 563 terra
2512 508 2827 565 formatum
2882 523 3010 565 esse
3068 510 3281 566 Adam.
3333 511 3403 568 Et
3461 512 3579 570 hac

188 597 325 681 nino
353 598 458 654 hac
490 598 872 670 praeceptione
902 596 1091 653 divina
1125 596 1309 670 plenae
1343 601 1483 653 sunt
1514 596 1822 668 utriusque
1933 594 2106 649 etiam
2138 594 2353 651 ibidem
2396 596 2635 652 totidem
2690 597 2880 653 verbis
2927 598 3191 655 Clemens
3235 600 3409 656 refert
3450 618 3577 675 cap.

187 686 432 743 Fcederis
461 686 708 759 pagina:
743 685 853 742 hoc
883 690 1116 742 tantum
1148 686 1241 742 hic
1272 702 1509 753 novum,
1567 687 1722 757 quod
1755 701 1822 740 ea
1927 683 2030 739 VII
2075 685 2208 755 (57),
2270 687 2441 741 sicuti
2500 687 2674 741 etiam
2735 688 2792 742 in
2842 688 3225 759 sequentibus
3265 690 3577 761 capitibus,

187 775 279 831 hic
308 774 564 832 absolute
590 785 922 847 praeceptum
952 781 1341 848 nuncupetur.
1372 780 1444 830 At
1467 775 1821 831 vetusinter-
1930 774 2151 844 pluries
2206 774 2347 829 illud
2415 775 2731 850 προσέχετε,
2809 778 3099 843 attendite,
3178 779 3576 849 intercaletur,

186 880 315 937 pres
343 865 439 920 Dei
462 869 805 937 praeceptum
832 865 1103 937 reddidit,
1139 870 1201 920 ut
1230 864 1488 920 insolens
1543 861 1821 935 loquendi
1931 864 2082 934 quod
2108 862 2397 935 peculiare
2418 870 2507 919 est
2552 862 3033 939 ἀλληγορούντων,
3068 868 3139 921 ad
3189 868 3574 925 attentionem

185 968 361 1025 genus
383 951 594 1009 clarius
606 954 881 1009 efﬁceret.

1929 953 2274 1007 acuendam.
2307 953 2444 1024 Cap.
2483 953 2550 1008 IX
2574 955 2723 1024 (58):
2760 950 2932 1008 Ἀλλὰ
2974 953 3061 1007 καὶ
3110 953 3213 1016 πὰς
3258 954 3433 1022 Σύρος
3480 956 3571 1011 καὶ

252 1040 460 1097 Eodem
488 1042 547 1096 in
578 1043 768 1114 capite
796 1042 969 1115 paulo
999 1034 1130 1115 post
1159 1043 1271 1113 (54)
1302 1041 1541 1097 recitato
1602 1040 1782 1113 Moysi

1926 1040 2105 1113 Ἄραψ
2131 1038 2218 1093 καὶ
2250 1040 2441 1102 πάντες
2474 1041 2524 1094 oi.
2565 1042 2726 1114 ἱερεῖς
2776 1045 2881 1094 τῶν
2937 1039 3203 1113 εἰδώλων,
3258 1050 3391 1115 etc.,
3443 1062 3573 1118 qua

184 1130 507 1186 testimonio
538 1131 608 1186 de
653 1131 1034 1203 adipiscenda
1084 1137 1239 1186 terra
1295 1130 1510 1186 ﬂuente
1566 1130 1715 1185 lacte
1760 1135 1818 1185 et
1928 1129 2009 1183 sic
2045 1130 2245 1186 Latine
2291 1133 2461 1186 vertit
2484 1131 2570 1185 vir
2593 1131 2958 1186 clarissimus
3006 1132 3323 1189 Cotelerius
3373 1135 3576 1191 doctor

184 1217 364 1289 melle,
397 1220 596 1275 statim
626 1219 749 1275 hac
779 1219 981 1274 subdit
1038 1219 1361 1274 Barnabas:
1402 1240 1427 1270 (ι
1457 1218 1606 1284 Quid
1662 1217 1817 1273 dicat
1925 1218 2347 1275 Sorbonicus...
2407 1241 2433 1272 α
2463 1220 2676 1275 Verum
2709 1224 2767 1274 et
2794 1221 2984 1275 omnis
3033 1221 3213 1292 Syrus
3263 1227 3321 1278 et
3370 1223 3571 1292 Arabs,

183 1309 367 1359 Γνῶσιν
401 1308 682 1380 (cognitio,
730 1309 852 1364 sive
894 1308 1172 1379 scientia),
1225 1307 1458 1363 discite:
1486 1309 1724 1379 Sperate
1756 1307 1813 1361 in
1924 1312 1980 1362 et
2010 1324 2215 1363 omnes
2264 1308 2553 1363 idolorum
2586 1309 2938 1373 .,sacerdotes
2989 1309 3510 1368 circumciduntur.
3541 1335 3572 1363 ››

179 1397 510 1469 eum,quiin
534 1412 707 1453 carne
728 1397 1196 1453 manifestandus
1220 1401 1307 1452 est
1324 1397 1507 1466 vobis,
1531 1397 1755 1451 Jesum.
1784 1418 1811 1443 ››

177 1484 735 1559 Γνώσεωςβοίθηὶὶιε)
752 1486 1127 1555 nomine,cevo
1149 1485 1467 1558 apostolico
1489 1483 1812 1540 intellectas

176 1575 348 1631 fuisse
376 1592 623 1632 arcanas
653 1579 710 1631 et
738 1574 1081 1647 allegoricae
1111 1575 1322 1630 veteris
1344 1573 1596 1629 Foederis
1627 1573 1811 1645 signi-

1924 1397 2057 1461 Qum
2092 1398 2295 1452 merito
2329 1396 2735 1453 difﬁcultatem
2760 1403 3048 1453 crearunt.
3075 1397 3289 1455 Verum
3314 1400 3434 1457 hinc
3455 1417 3573 1457 non

1923 1490 2062 1539 sunt
2094 1486 2164 1540 ad
2199 1486 2543 1541 severiorem
2574 1486 2858 1541 trutinam
2892 1487 3195 1559 exigenda,
3230 1489 3329 1544 sed
3386 1508 3570 1563 παχυ-

1918 1571 2111 1647 τὲρως,
2145 1577 2523 1642 erassiwscule,
2558 1576 2896 1646 accipienda
2925 1576 3081 1631 hunc
3124 1577 3305 1632 ferme
3333 1577 3394 1632 in
3441 1594 3570 1634 mo-

175 1662 481 1733 ficationes,
516 1680 690 1720 nemo
723 1665 970 1736 ignorat.
1004 1664 1085 1718 Ea
1113 1667 1203 1719 est
1228 1662 1406 1718 clavis
1437 1663 1715 1730 scientiae,
1751 1662 1810 1716 in
1920 1661 2094 1717 dum:
2130 1664 2326 1728 Quivis
2357 1665 2555 1736 Syrus,
2589 1664 2780 1735 quivis
2812 1665 3026 1735 Arabs,
3076 1666 3268 1735 quivis
3317 1664 3565 1722 simula-

173 1766 281 1823 qua
308 1752 420 1808 sibi
460 1752 610 1826 legis
640 1753 856 1825 peritos
914 1752 1222 1825 placuisse,
1273 1751 1540 1807 Christus
1589 1749 1812 1806 notavit
1921 1768 2153 1806 crorum
2215 1753 2484 1807 sacerdos
2521 1752 3029 1808 circumcisionem
3079 1753 3357 1810 admittit.
3408 1756 3560 1811 Aut:

168 1839 295 1911 (55).
324 1843 398 1897 At
450 1841 566 1897 hoc
598 1841 854 1913 amplius
882 1841 978 1896 hic
1033 1840 1575 1909 animadvertimus,
1604 1841 1805 1891 Γνῶσιν
1839 1878 1886 1941 Β
1921 1840 2002 1897 Ne
2033 1841 2156 1912 Syri
2188 1842 2427 1913 quidem
2459 1847 2514 1896 et
2544 1842 2762 1897 Arabes
2796 1846 2852 1897 et
2894 1842 3117 1913 profani
3170 1843 3498 1899 sacerdotes
3528 1860 3563 1900 a

170 1931 464 2002 scientiam,
498 1930 667 2002 quasi
694 1930 909 1985 librum
941 1930 1126 1998 citari,
1159 1934 1217 1985 et
1275 1946 1344 1984 ex
1391 1945 1457 1983 eo
1504 1929 1678 1983 verba
1709 1927 1808 1983 illa
1840 1927 1885 1941 "
1918 1932 2361 1987 circumcisione
2389 1931 2722 1986 abhorrent.
2755 1931 2898 1986 Nam
2935 1932 3073 2002 quia
3104 1931 3254 1987 inter
3284 1932 3458 2004 Syros
3506 1937 3563 1989 et

168 2018 436 2089 proferri:
468 2023 728 2091 Sperate,
763 2024 870 2075 etc.
921 2020 1082 2085 Quod
1132 2017 1371 2090 quidem
1419 2034 1487 2073 ex
1516 2016 1806 2071 Clemente
1916 2020 2152 2090 Arabes,
2187 2020 2451 2091 interque
2497 2021 2771 2090 profanos
2822 2019 3152 2075 sacerdotes
3202 2024 3417 2091 essent,
3459 2021 3561 2092 qui

165 2105 542 2165 Alexandrino
570 2109 707 2179 (56),
765 2107 947 2163 multo
979 2112 1067 2163 est
1122 2106 1465 2175 evidentius,
1527 2106 1625 2161 ubi
1686 2106 1805 2161 haec

164 2196 329 2253 verba
355 2214 424 2254 ex
453 2196 727 2253 Barnaba
755 2197 839 2253 sic
872 2196 1207 2262 recitantur,
1230 2199 1294 2251 ut
1315 2194 1497 2271 φησίν,
1532 2196 1686 2267 quod
1709 2194 1804 2251 hic

164 2285 334 2354 deest,
357 2286 729 2359 suppleatur:
746 2284 891 2353 Quid
911 2286 1065 2342 dicat
1079 2285 1594 2358 cognitio,discite:
1620 2280 1805 2353 Ἐλπίτ

165 2391 300 2443 cura,
330 2373 515 2452 φησὶν,
548 2373 638 2429 ἐπὶ
666 2374 759 2428 τὸν
787 2379 923 2446 etc.,
955 2374 1199 2447 Sperate,
1260 2373 1473 2445 inquit,
1534 2376 1591 2428 in
1650 2390 1798 2441 eum,

161 2467 297 2534 etc.,
321 2465 404 2520 uti
425 2482 628 2538 supra.
663 2464 769 2520 Ubi
788 2462 1225 2529 animadvertis,
1252 2461 1396 2517 illud
1422 2460 1582 2537 φησίν
1608 2462 1797 2517 afferri

162 2567 225 2607 ex
253 2569 346 2610 ore
376 2554 676 2622 Barnabas,
709 2554 912 2625 utique
943 2570 1010 2609 ex
1039 2551 1417 2624 Cognitionis,
1452 2552 1568 2607 sive
1600 2552 1796 2605 Scien-

160 2640 246 2696 tiae
275 2641 420 2700 libro
458 2643 715 2700 citantis.
763 2641 963 2697 Plures
1022 2640 1160 2697 olim
1220 2640 1400 2695 fuisse
1458 2639 1797 2710 hujusmodi

158 2729 407 2790 Seieutiw
434 2732 621 2789 libros
661 2730 1056 2800 circumlatos,
1102 2730 1173 2784 ab
1217 2728 1435 2785 Judreis
1486 2727 1797 2801 allegorica

159 2820 510 2877 sectantibus
541 2818 928 2890 conscriptos,
960 2834 1076 2873 non
1108 2821 1198 2873 est
1227 2816 1491 2872 dubium.
1550 2817 1632 2870 Ad
1696 2832 1794 2871 eos

160 2922 284 2979 ergo
314 2908 610 2964 Barnabas
639 2905 983 2980 plerumque
1009 2904 1238 2977 ablegat
1266 2904 1530 2971 lectores,
1568 2904 1665 2959 ubi
1720 2905 1791 2959 ad

155 2994 449 3069 allegorias
478 2996 828 3069 digreditur.
864 2994 1093 3050 Scimus
1124 2993 1440 3049 bodiedum
1480 2994 1538 3047 in
1582 2997 1791 3064 Targa-

154 3086 277 3139 mim
304 3084 430 3141 loca
460 3082 768 3156 complura
795 3083 866 3138 ad
913 3082 1186 3138 Messiam
1238 3082 1475 3137 referri:
1537 3081 1692 3152 quod
1725 3098 1793 3136 ex

155 3173 342 3231 eadem
373 3173 579 3228 Γνώσει
613 3173 891 3228 manavit.

1916 2108 2013 2163 illo
2040 2106 2109 2163 se
2140 2109 2310 2164 modo
2345 2109 2684 2164 mundiores
2715 2112 3099 2179 priestarent;
3134 2108 3299 2164 licuit
3343 2114 3561 2166 Barna-

1913 2199 1996 2253 bas
2028 2197 2289 2269 apostolo
2320 2199 2529 2265 dicere,
2566 2197 3074 2252 circumcisionem
3107 2197 3440 2268 promiscue
3486 2198 3559 2254 ab

1910 2285 2029 2342 illis
2062 2286 2353 2359 usurpari.
2390 2285 2530 2351 Quis
2553 2303 2668 2341 non
2698 2285 2758 2339 in
2792 2284 3005 2340 talibus
3028 2284 3563 2357 similialoquitur?

1909 2380 2190 2431 Caeterum
2222 2376 2477 2429 Arabum
2513 2374 2797 2446 plurimos
2829 2373 3007 2429 fuisse
3037 2390 3264 2445 verpos,
3298 2373 3469 2430 sicuti
3501 2379 3561 2431 et

1910 2466 2239 2520 sacerdotes
2270 2463 2583 2535 iEgyptios,
2619 2480 2731 2517 non
2775 2466 2865 2517 est
2912 2462 3179 2518 dubium.
3230 2468 3311 2518 Ac
3359 2480 3433 2518 ne
3482 2464 3555 2520 de

1908 2554 2063 2625 Syris
2094 2552 2331 2625 quidem
2354 2557 2444 2606 est
2464 2550 2875 2616 dubitandum,
2899 2549 2948 2605 si
2973 2549 3205 2621 quidem
3229 2568 3430 2607 verum
3455 2551 3554 2621 sit,

1907 2643 2061 2715 quod
2092 2641 2317 2712 antiqui
2351 2640 2744 2708 crediderunt,
2778 2640 3079 2695 Phoenices
3108 2640 3412 2712 περιτομὴν
3443 2640 3554 2697 ad-

1907 2731 2159 2786 misisse.
2194 2728 2472 2800 Origenes
2518 2730 2586 2783 ad
2645 2729 2809 2783 Rom.
2867 2746 2928 2798 11,
2976 2730 3067 2797 25,
3119 2729 3271 2784 inter
3318 2733 3554 2786 caeteros

1905 2819 2371 2875 circumci‘sionis
2403 2817 2653 2873 cultores
2685 2818 2862 2872 etiam
2895 2817 3197 2873 Pbcenices
3224 2817 3553 2874 numeravit

1903 2908 1995 2963 his
2026 2908 2249 2963 verbis:
2288 2929 2315 2956 ‹‹
2346 2906 2402 2961 Si
2439 2905 2730 2978 replicetis
2762 2906 3038 2961 historias
3088 2910 3333 2976 vestras,
3387 2906 3552 2963 inve-

1904 2996 2080 3053 nietis
2129 3014 2243 3052 non
2293 2996 2484 3051 solum
2506 2995 2903 3069 [Egyptiorum
2949 2996 3300 3067 sacerdotes,
3343 2996 3444 3069 sed
3493 3000 3551 3053 et

1901 3087 2123 3142 Arabas
2152 3091 2208 3141 et
2237 3085 2553 3158 Egyptios,
2591 3066 2913 3152 Pbmnices,
2964 3083 3246 3155 aliosque,
3299 3066 3551 3154 quorum

1901 3176 2098 3231 studia
2153 3175 2341 3247 gratia
2398 3173 2740 3244 hujusmodi
2799 3172 3237 3243 superstitionis
3296 3171 3550 3228 nobilius

216 3262 549 3319 Notandum
583 3267 673 3317 est
706 3265 899 3317 autem
932 3261 991 3315 in
1024 3259 1277 3331 ascripto
1305 3258 1452 3329 loco,
1495 3260 1602 3315 etsi
1661 3276 1786 3314 om-
1819 3243 1861 3308 C
1899 3265 2113 3337 vigent.
2137 3243 2183 3313 ,ἶ
2482 3243 2489 3244 ί
3005 3303 3007 3306 ο

151 3348 241 3407 nia
258 3351 447 3408 verbis
476 3349 723 3407 totidem
757 3366 825 3406 ex
854 3347 1048 3401 Γνώσει
1067 3349 1404 3416 recitentur,
1428 3348 1571 3403 illud
1593 3358 1785 3403 tamen

149 3437 345 3508 Ἰησοῦν
376 3443 585 3511 Iesum,
620 3439 774 3510 quod
806 3438 877 3493 ad
926 3438 1103 3493 ﬁnem
1163 3437 1416 3504 additur,
1459 3454 1526 3493 ex
1571 3438 1783 3492 Barna-

151 3527 229 3583 bze
282 3546 460 3586 manu
520 3528 869 3602 profectum,
931 3543 1047 3582 non
1098 3526 1170 3581 ab
1217 3530 1448 3582 auctore
1509 3526 1783 3591 Γνώσεως,

150 3632 315 3688 quem
344 3618 587 3691 quidem
618 3617 886 3672 Judaeum
918 3616 1100 3671 fuisse
1131 3630 1367 3671 necesse
1387 3619 1495 3682 est,
1526 3615 1783 3687 alioquin

150 3700 465 3764 aBarnaba
502 3706 744 3763 Judaeos
788 3704 1121 3760 convicturo
1169 3704 1415 3760 minime
1461 3705 1779 3760 citandum.

144 3795 367 3854 Judaeus
397 3801 596 3853 autem
628 3794 898 3851 Messiam
952 3797 1140 3862 norat,
1198 3795 1397 3850 Jesum
1446 3810 1560 3849 non
1594 3798 1779 3849 norat.

146 3884 359 3940 Statim
394 3885 623 3941 ibidem
658 3882 960 3955 sequitur:
1026 3882 1270 3937 «Homo
1328 3882 1483 3937 enim
1542 3887 1612 3956 γῆ
1674 3880 1781 3936 ἐστι

144 3972 440 4049 πάσχουσα,
472 3980 635 4030 terra
662 3977 750 4028 est
779 3972 1025 4045 patiens.
1059 3994 1085 4019 ››
1115 3972 1368 4044 Apparet
1426 3971 1519 4027 hic
1566 3973 1781 4028 Barna-

145 4062 290 4134 bam,
321 4068 423 4120 aut
449 4062 727 4135 quisquis
764 4066 854 4116 est
909 4063 1132 4127 auctor,
1191 4059 1553 4131 philosophis
1611 4076 1784 4115 aures

147 4151 483 4210 admovisse.
504 4152 657 4207 Nam
676 4148 818 4205 illud
840 4148 1147 4222 πάσχουσα,
1168 4149 1410 4220 patiens,
1440 4149 1511 4203 ad
1532 4148 1785 4221 philoso-

146 4239 382 4310 phorum
410 4238 676 4316 τεχνικὴν
722 4234 968 4312 γλῶτταν
1029 4237 1368 4308 (terminum
1425 4236 1782 4310 technicum)

147 4333 228 4386 est
245 4330 639 4397 referendum,
674 4344 792 4401 qua
822 4326 1126 4383 materiam
1154 4328 1276 4397 pali
1303 4326 1591 4382 dicebant.
1614 4350 1642 4377 ‹‹
1671 4328 1783 4383 Ho-

149 4433 256 4486 mo,
285 4420 497 4492 inquit,
558 4423 648 4475 est
690 4435 759 4474 ex
805 4421 1023 4487 terra,»
1086 4432 1199 4471 non
1259 4415 1495 4485 quidem
1555 4420 1779 4488 agente,

149 4506 240 4562 sed
267 4509 545 4580 patiente.
580 4507 762 4578 Cujus
793 4506 993 4561 statim
1025 4504 1309 4560 rationem
1341 4504 1642 4583 redditbis
1665 4522 1783 4561 ver-

1968 3355 2104 3425 Cap.
2124 3352 2274 3408 XVI:
2303 3375 2322 3401 ε
2351 3351 2556 3405 Adhuc
2579 3356 2635 3405 et
2653 3350 2723 3405 de
2744 3348 2963 3421 templo
2986 3348 3177 3404 dicam
3198 3347 3380 3419 vobis,
3405 3364 3547 3420 quo-

1896 3444 2065 3499 modo
2091 3444 2351 3497 errantes
2376 3438 2595 3509 miseri,
2625 3437 2711 3490 ἐπὶ
2740 3437 2839 3504 τὴν
2872 3433 2995 3490 ὁδὸν
3024 3432 3282 3507 ἤλπισαν,
3307 3437 3366 3492 in
3388 3438 3542 3493 viam

1894 3535 2293 3605 speraverant,
2326 3534 2381 3584 et
2411 3545 2526 3583 non
2556 3527 2615 3581 in
2646 3527 2829 3582 Deum
2861 3527 3078 3598 ipsum,
3112 3526 3213 3597 qui
3245 3525 3381 3582 fecit
3418 3542 3537 3597 eos,

1894 3619 2063 3691 quasi
2094 3620 2305 3674 domus
2335 3616 2435 3672 Dei
2463 3621 2616 3671 esset
2645 3616 2777 3686 (59).
2806 3637 2833 3663 n
2862 3615 2966 3670 Hic
3001 3631 3117 3671 non
3146 3619 3237 3671 est
3264 3615 3533 3684 dubium,

1893 3708 2034 3781 quin
2067 3704 2216 3774 ὁδοῦ,
2251 3706 2377 3773 viae,
2409 3704 2643 3760 nomine
2676 3704 2959 3776 templum
2988 3704 3219 3760 veniat:
3246 3721 3383 3761 nam
3405 3704 3539 3760 etin

1894 3797 2303 3870 templototam
2325 3794 2665 3850 Judaeorum
2692 3794 2962 3849 ﬁduciam
2995 3793 3176 3849 fuisse
3198 3793 3537 3866 repositam,

1895 3892 2055 3942 notat
2086 3885 2186 3940 illa
2216 3885 2461 3940 celebris
2501 3882 2920 3938 conclamatio:
2960 3884 3232 3954 Templum
3281 3883 3534 3948 Domini,

1891 3976 2154 4047 templum
2188 3975 2423 4044 Domini,
2447 3977 2503 4028 et
2534 3973 2686 4043 quod
2738 3972 2901 4026 initio
2961 3976 3154 4027 noster
3200 3972 3270 4026 de
3316 3969 3534 4042 templo

1893 4065 2197 4137 proposuit
2227 4064 2416 4118 dicere
2446 4062 2502 4117 ct
2548 4062 2701 4133 quod
2750 4078 2883 4116 mox
2930 4060 3164 4126 subdit;
3216 4061 3376 4131 quasi
3422 4059 3537 4128 (via

1892 4154 2117 4211 scilicet
2147 4152 2268 4223 illa)
2299 4154 2488 4207 domus
2516 4152 2615 4206 Dei
2640 4158 2792 4205 esset.
2821 4149 2981 4203 Vidit
3010 4153 3066 4203 et
3092 4149 3202 4205 hoc
3233 4154 3400 4205 vetus
3446 4148 3538 4203 in-

1891 4247 2135 4315 terpres,
2195 4242 2294 4313 qui
2354 4257 2457 4311 pro
2514 4235 2656 4307 686v,
2726 4238 2914 4309 (viam)
2974 4238 3170 4310 posuit
3215 4238 3409 4295 aedem.
3440 4237 3537 4294 Sic

1892 4333 2046 4389 enim
2071 4331 2353 4388 reddidit:
2380 4332 2441 4385 In
2469 4330 2645 4387 aedem
2674 4345 2823 4401 spem
2850 4328 3183 4383 habuerunt.
3219 4326 3537 4384 Cotelerius

1892 4422 2130 4494 quidem
2163 4421 2236 4476 ad
2276 4420 2543 4491 qumdam
2576 4418 2885 4473 Seniorum
2925 4417 3050 4472 loca
3099 4416 3356 4472 allusum
3405 4432 3539 4471 sus-

1895 4511 2142 4583 picatur,
2174 4510 2231 4565 in
2267 4508 2478 4579 quibus
2509 4503 2632 4567 ὁδός
2666 4506 2937 4562 similiter
2965 4523 3068 4577 pro
3116 4505 3332 4577 templo
3381 4504 3539 4559 sumi

146 4594 257 4652 bis:
316 4598 514 4651 «Ἅπὸ
573 4594 873 4670 προσώπου
930 4594 1029 4668 γὰρ
1088 4594 1186 4661 τῆς
1237 4598 1336 4667 γῆς
1368 4593 1399 4660 ἡ
1433 4589 1632 4654 πλάσις
1688 4597 1784 4647 τοῦ

1902 4616 2065 4672 posse
2094 4598 2340 4653 videtur.
2374 4597 2588 4651 Verum
2620 4601 2678 4650 et
2708 4595 2803 4650 hic
2826 4595 3143 4665 Barnabas,
3188 4600 3243 4650 et
3288 4593 3367 4649 ibi
3401 4591 3540 4647 LXX

149 4680 310 4759 Ἀδὰμ
338 4684 551 4761 ἐγένετο
585 4691 634 4739 Α
666 4684 808 4741 facie
866 4686 1023 4740 enim
1075 4687 1239 4737 terrae
1298 4683 1452 4738 fictio
1500 4683 1624 4753 (seu
1675 4684 1786 4739 for-

146 4776 333 4848 matio)
364 4777 495 4833 Ades
529 4774 771 4831 exstitit.
808 4797 836 4823 ››
869 4772 979 4831 Ubi
1009 4771 1403 4846 pulcherrima
1432 4771 1780 4829 Hellenista-

146 4879 267 4919 rum
295 4864 513 4921 locutio
546 4863 821 4921 occurrit.
871 4862 1219 4918 Hebraicum
1264 4860 1421 4917 enim
1461 4872 1607 4923 ηεξ)
1646 4863 1781 4929 Μέρ-

139 4969 274 5022 pene
302 4954 482 5025 (quod
510 4952 697 5010 Judaei
728 4950 1060 5008 Hellenisms
1094 4954 1394 5023 perpetuo,
1452 4948 1557 5003 ἀπὸ
1598 4971 1782 5026 ηπροσ-

145 5039 309 5111 ώπου,
344 5043 451 5099 hoc
478 5048 593 5111 est,
625 5060 664 5099 α
693 5044 837 5113 facie
865 5041 1139 5111 reddunt)
1170 5039 1492 5111 quamlibet
1521 5058 1781 5109 causam,

145 5131 311 5186 etiam
341 5131 734 5197 materialem,
776 5129 861 5186 uti
892 5128 1185 5202 philosobi
1228 5128 1571 5200 loquuntur,
1631 5129 1784 5186 desi-

144 5225 292 5290 gnat.
315 5220 461 5294 Ergo
492 5219 868 5278 tantumdem
898 5221 1006 5289 est,
1033 5234 1068 5273 a
1094 5218 1242 5289 facie
1271 5223 1453 5286 terrae,
1486 5235 1551 5273 ac
1600 5218 1648 5274 si
1691 5218 1785 5273 di-

230 5490 316 5563 54)
347 5490 448 5563 Ep.
484 5490 762 5563 Barnab.,
796 5506 926 5561 cap.
966 5489 1020 5555 6,
1055 5488 1165 5543 sub
1199 5485 1283 5543 lit.
1320 5492 1381 5544 Β.

229 5561 316 5632 55)
347 5561 483 5617 Luc.
517 5579 599 5632 χι,
617 5562 718 5632 52.

230 5630 317 5701 56)
345 5630 591 5700 Strom.,’
612 5630 716 5688 lib.
747 5647 802 5699 ν,
834 5647 957 5701 cap.
994 5632 1083 5685 10.

211 5700 316 5779 (57)
348 5707 606 5763 Barnab.
637 5703 842 5777 Epist.,
875 5700 1002 5775 cap.
1033 5702 1088 5770 7,
1121 5717 1255 5775 pag.
1292 5702 1414 5770 122,
1447 5700 1485 5755 l.
1523 5702 1587 5771 ι),
1629 5701 1783 5776 apud

209 5490 227 5701 ἑ

1894 4685 2073 4759 οὐδόν,
2100 4688 2291 4752 limen,
2324 4684 2631 4757 scripsisse
2660 4684 2950 4750 videntur,
2979 4688 3257 4738 consueto
3277 4681 3540 4737 schema-

1894 4784 1947 4834 te
1978 4781 2224 4845 utentes,
2258 4791 2371 4847 quo
2405 4792 2538 4846 pars
2567 4790 2669 4845 pro
2698 4778 2818 4827 toto
2842 4772 3116 4839 sumitur,
3138 4776 3193 4826 et
3215 4786 3329 4841 quo
3348 4769 3543 4825 bodie-

1894 4869 2035 4922 dum
2070 4864 2310 4931 utimur,
2344 4864 2443 4917 ubi
2494 4864 2694 4917 limina
2741 4861 3109 4932 apostolorum
3154 4859 3401 4914 invisere
3448 4858 3545 4914 di-

1894 4957 2101 5012 cimur.
2139 4952 2477 5024 Legendum
2524 4956 2611 5005 est
2666 4950 2846 5021 igitur
2901 4947 2985 5002 ἐπὶ
3044 4948 3133 5001 τὸν
3196 4945 3423 5002 οὐδὸν...
3482 4949 3544 5002 in

1894 5046 2110 5107 limine,
2149 5043 2251 5096 hoc
2283 5044 2389 5105 cst,
2427 5040 2626 5110 templo
2674 5054 2823 5109 spem
2880 5038 3215 5093 col/orantes
3263 5040 3543 5091 Caeterum

1895 5133 1943 5188 si
1976 5130 2274 5187 Barnabas
2304 5131 2473 5194 viam,
2504 5128 2603 5194 τὴν
2638 5124 2786 5191 ὁδόν,
2832 5126 2917 5181 uti
2950 5142 3103 5180 nunc
3135 5125 3366 5197 legitur,
3400 5124 3545 5179 scri-

1896 5222 2030 5276 bere
2060 5218 2359 5283 voluissst,
2385 5217 2456 5272 ad
2491 5217 2665 5270 ﬁnem
2699 5214 2857 5268 οὗσαν
2892 5215 3208 5287 posuisset,
3243 5230 3360 5270 non
3392 5204 3538 5284 ὄντα,

1895 5487 2290 5545 Gallandium.

1964 5560 2075 5631 (58)
2105 5560 2347 5624 ibidem,
2382 5557 2581 5631 912:5:

1962 5628 2075 5702 (59)
2110 5631 2352 5697 Ibidem,
2384 5628 2443 5701 ’p.
2480 5628 2609 5698 435,
2643 5632 2707 5688 A.
