4086 6342
495 404 612 464 719
1671 402 1736 459 S.
1783 393 2203 456 BABNABAS
2246 395 2730 457 APOSTOLUS.
3796 394 3919 455 720

498 537 655 610 quod
689 534 923 593 nonnisi
960 536 1039 603 τῷ
1070 528 1226 585 οὐδόν
1259 531 1563 587 convenit:
1624 530 1723 598 ὡς,
1756 528 1965 600 inquit,
2025 521 2111 579 ὅντ

2301 522 2442 593 ὒδον,
2474 526 2830 582 custodienti:
2861 527 3031 582 limen
3060 528 3220 598 (nam
3254 527 3427 584 Hebr.
3461 532 3554 584 est
3584 526 3750 600 saph)
3783 543 3914 585 meo

498 624 645 679 οἷκον
671 627 823 680 Θεοῦ.
849 624 1029 693 Idem,
1050 628 1112 676 ut
1134 620 1269 687 dixi,
1288 620 1579 692 judicium
1599 618 1707 674 erit
1726 618 1796 672 de
1819 618 1961 672 locis
1988 614 2141 671 LXX.
2246 616 2471 685 judicio
2504 617 2759 688 positum
2794 616 3163 683 inveniatur;
3198 633 3313 672 non
3332 616 3521 682 video,
3543 617 3686 690 quin
3706 617 3915 674 eadem

495 715 798 779 viralibus,
821 713 896 767 III
919 712 1056 783 Reg.
1080 728 1204 778 vm,
1228 709 1493 781 44,48,ἱῐι
1518 709 1732 780 quibus
1748 723 1900 762 nunc
1921 703 2147 779 προσεύ-
2257 705 2507 759 mutatio
2538 704 2681 760 locis
2713 722 2889 776 supra
2919 706 3282 777 depromptis
3313 706 3568 778 potuerit
3624 707 3913 762 accidere.

496 803 746 874 ξονται...
794 796 917 853 ὁδόν
973 799 1205 871 legitur,
1268 815 1401 853 cum
1458 797 1771 869 legendum
1832 795 1907 850 sit
1964 790 2109 846 οὐδόκ

2305 799 2558 849 ostremo
2593 811 2663 849 ne
2691 794 2972 849 tricemur
3001 794 3247 862 diutius,
3276 795 3323 849 si
3357 797 3775 867 grammaticos
3807 814 3916 851 au-

495 891 809 946 Adorabunt
840 890 1034 954 limen,
1069 893 1201 959 etc.,
1237 886 1407 941 sicuti
1439 885 1612 940 etiam
1640 885 1687 938 II
1713 882 1896 938 Paral.
1948 900 2022 947 v1,
2056 883 2144 952 34,
2258 882 2512 952 diamus,
2564 878 2687 942 ὁδός
2720 885 2830 946 υἱα,
2865 888 2921 937 et
2951 879 3111 943 οὐδός
3159 884 3349 951 limen,
3404 901 3589 939 unum
3636 886 3919 956 idemque

498 979 587 1034 38.
620 978 745 1034 Non
777 976 1042 1032 inaudita
1067 981 1156 1030 est
1182 976 1335 1047 apud
1369 979 1588 1030 veteres
1621 974 1834 1027 liminis
1873 971 2143 1026 adoratio.
2259 988 2467 1026 nomen
2502 978 2659 1026 sunt.
2697 971 2839 1026 Nam
2873 977 2929 1027 et
2959 972 3203 1027 lIomero
3235 967 3395 1032 οὐδός
3428 990 3531 1044 pro
3591 968 3737 1043 ὁδός,
3797 978 3917 1043 cia,

497 1067 717 1124 Scitum
747 1069 835 1121 est
854 1064 1029 1119 etiam
1050 1062 1320 1133 antiquos
1353 1062 1380 1114 ὁ
1409 1078 1511 1132 pro
1533 1061 1761 1131 integra
1785 1059 2147 1130 diphthongo
2261 1064 2599 1132 usurpatur.
2634 1060 2703 1114 Et
2734 1065 2937 1116 contra
2964 1061 3173 1115 Suidas
3220 1064 3472 1116 testatur
3514 1079 3712 1118 vocem
3760 1059 3918 1130 ὁδός,

498 1174 560 1207 ου
593 1153 868 1227 primitus
900 1151 1207 1223 scripsisse
1239 1151 1326 1221 (ut
1358 1151 1415 1203 in
1472 1149 1737 1203 nummis
1799 1144 2111 1219 Συρακοσία)

2339 1153 2611 1204 tenuetur
2636 1150 2822 1220 prima
2851 1149 3094 1221 syllaba,
3133 1149 3464 1222 significare
3504 1146 3687 1220 οὗδόν,
3733 1152 3794 1207 id
3827 1156 3920 1207 est

498 1260 602 1315 pro
638 1240 1041 1316 Συρακουσίων,
1098 1245 1157 1295 et.
1186 1243 1457 1294 sexcenta
1486 1237 1748 1307 ejusdem
1782 1235 1959 1303 modi)
1994 1236 2145 1306 quod
2262 1240 2450 1307 limen,
2483 1237 2657 1292 allato
2713 1237 3018 1309 Sophoclis
3076 1238 3222 1293 loco.
3278 1240 3448 1294 Paria
3508 1239 3567 1295 in
3611 1240 3919 1298 Eustathio

496 1331 873 1404 postmodum
908 1328 1370 1400 descriptoribus
1403 1326 1593 1381 fraudi
1642 1325 1848 1393 fuisse,
1899 1342 2012 1379 non
2062 1328 2150 1379 est
2260 1328 2531 1397 reperies,
2564 1326 2709 1381 etin
2769 1326 3075 1398 Sophoclis
3133 1327 3441 1383 Scholiasta
3494 1329 3566 1383 ad
3625 1329 3919 1386 celebrem

497 1416 1459 1487 dubitandum.Dixeritaliquisin
1486 1416 1657 1469 modo
1680 1415 1932 1469 laudatis
1955 1413 2150 1469 Senio-
2259 1416 2383 1483 ejus
2417 1414 2608 1469 locum
2641 1432 2676 1469 a
2726 1414 2905 1470 Suida
2959 1423 3013 1470 et
3070 1416 3373 1472 Eustathio
3420 1417 3745 1474 laudatum.
3797 1418 3921 1476 Nec

498 1526 631 1565 rum
663 1508 805 1564 locis
835 1503 957 1560 ὁδόν
987 1523 1115 1562 esse
1144 1505 1539 1571 retinendum,
1589 1521 1705 1575 qua
1763 1504 1812 1559 ei
1873 1503 2149 1558 Hebraice
2260 1508 2315 1558 te
2347 1503 2559 1571 turbet,
2595 1504 2747 1574 quod
2782 1504 2904 1559 haec
2936 1506 3180 1576 antiqua
3209 1509 3265 1560 et
3306 1509 3617 1577 poetacum
3656 1506 3920 1579 peculia-

500 1598 813 1669 respondet
842 1597 1052 1666 derech,
1086 1598 1206 1662 via;
1241 1612 1371 1650 cum
1398 1598 1601 1648 contra
1623 1588 1781 1652 οὐδός
1804 1592 2149 1662 respondeat
2260 1592 2346 1647 ria
2376 1591 2709 1647 videantur:
2746 1609 2880 1647 nam
2919 1593 2977 1647 in
3014 1592 3149 1647 LXX
3189 1598 3245 1648 et
3301 1594 3522 1650 Judmis
3577 1594 3923 1652 Hellenistis

499 1687 782 1743 Hebraico
812 1686 967 1757 sap/i,
1003 1685 1157 1755 quod
1210 1690 1297 1738 est
1351 1685 1537 1738 limen.
1580 1682 1793 1737 Verum
1844 1682 2147 1737 sciendum
2260 1679 2515 1751 plurima
2537 1683 3064 1752 occurruntpartim
3086 1681 3412 1753 antiquata,
3434 1684 3649 1754 partim
3667 1682 3921 1739 Alexan-

500 1782 609 1847 est,
668 1775 1018 1831 Hebraicum
1076 1773 1287 1841 derech,
1348 1789 1480 1827 cum
1520 1789 1553 1825 a
1603 1770 1877 1826 calcando
1936 1770 2147 1839 veniat,
2261 1768 2547 1833 driaa,aut
2579 1767 2826 1824 aliarum
2859 1768 3193 1842 ignotarum
3221 1769 3605 1826 dialectorum
3656 1772 3922 1844 peculia-

501 1880 617 1919 non
650 1867 881 1919 tantum
912 1865 1061 1918 viam
1090 1861 1441 1933 significare,
1476 1860 1574 1916 sed
1618 1864 1675 1915 et
1726 1858 2147 1931 pavimentum,
2183 1894 2229 1957 Β
2263 1857 2419 1911 ria.»
2457 1859 2744 1912 Hactenus
2773 1856 2841 1912 V.
2876 1861 2933 1912 C.
2970 1858 3326 1914 Mazochius.

501 1956 558 2008 et
586 1952 645 2007 in
678 1952 937 2007 recitatis
978 1951 1119 2007 locis
1150 1951 1326 2006 etiam
1385 1953 1571 2016 limen,
1631 1950 1781 2019 quod
1830 1947 2031 2003 statim
2080 1948 2149 2002 ab
2184 1946 2227 1957 ”
2332 1950 2467 2004 ΛΒΤ.
2504 1946 2594 2000 IV.
2626 1978 2693 1986 -—
2724 1948 2798 2001 De
2825 1946 3054 2003 diversis
3086 1949 3143 2003 S.
3174 1948 3446 2006 Barnabx
3475 1950 3737 2020 Epistula
3797 1952 3925 2005 edi-

501 2040 968 2112 ingredientibus
1000 2039 1294 2106 calcatur;
1332 2040 1539 2094 deinde
1573 2056 1705 2093 cum
1736 2038 1853 2093 Jer.
1897 2054 2063 2107 xxxv,
2096 2038 2150 2107 4,
2263 2037 2505 2091 tionibus
2543 2044 2595 2090 et
2624 2037 2963 2091 versionibus
3012 2036 3178 2107 (Vide
3220 2038 3672 2094 Dissertationem
3718 2037 3790 2095 D.
3850 2045 3924 2095 Le

504 2126 869 2204 φυλάσσοντος
924 2128 1021 2195 τὴν
1083 2125 1205 2180 ὁδόν
1265 2128 1618 2183 custodientis
1670 2129 1817 2181 viam
1876 2143 1977 2197 pro
2058 2123 2117 2177 τὸ

2263 2124 2508 2194 Nourry,
2544 2128 2651 2179 art.
2683 2125 2774 2192 XI,
2809 2128 2866 2179 et
2895 2123 3293 2194 Gallandium,
3327 2143 3451 2198 cap.
3489 2129 3543 2194 6,
3579 2129 3812 2199 supra.)

2124 2455 2286 2517 VIII.

512 2583 794 2666 (Carolus
888 2582 1200 2662 Josephus
1307 2582 1643 2651 HEFELE,
1753 2579 2590 2739 Ρατνιῇοὶοὲροὲτοξξῗςωη
2684 2581 2900 2663 Opera,
3004 2583 3329 2663 Tubingae,
3438 2587 3619 2663 1842,
3732 2588 3925 2662 in-8;

587 2844 629 2897 Ι.
662 2844 817 2897 Inter
846 2842 899 2896 S.
933 2840 1097 2896 Pauli
1130 2840 1315 2896 socios
1373 2842 1739 2911 coadjutores
1796 2839 1963 2894 Joscs
2022 2842 2157 2892 Bar-
2338 2841 2389 2907 ρ)
2420 2842 2545 2895 Act.
2578 2858 2652 2909 x1,
2684 2843 2772 2897 25.
2807 2841 3125 2913 Apostolici
3156 2843 3334 2914 hujus
3386 2844 3645 2901 muneris
3683 2846 3924 2903 socium

515 2932 698 2988 nabas
754 2932 992 2998 eminet,
1026 2931 1084 2985 in
1116 2933 1296 3002 Cypro
1328 2936 1524 2994 natus,
1564 2945 1773 3000 genere
1828 2928 2064 2982 Judazus
2103 2930 2160 2981 et
2410 2927 2657 2984 Paulum
2690 2931 2800 2986 sibi
2835 2930 3079 2987 addidit.

515 3020 727 3087 Levita,
760 3020 859 3091 qui
890 3017 1201 3074 Christiani
1232 3019 1450 3073 amoris
1482 3019 1702 3073 fervore
1727 3021 2156 3087 motus,agrum
2338 3017 2395 3087 d)
2427 3019 2549 3072 Act.
2603 3035 2682 3086 x1,
2712 3019 2799 3075 30.
2851 3019 3150 3076 Barnabas
3193 3025 3249 3076 et
3304 3022 3521 3078 Paulus
3560 3024 3716 3078 circa
3762 3041 3817 3080 a.
3851 3026 3923 3079 44

514 3126 690 3165 suum
716 3108 993 3176 vendidit,
1018 3109 1388 3179 pretiumque
1413 3112 1544 3162 ante
1568 3107 1740 3178 pedes
1759 3104 2155 3177 apostolorum
2408 3107 2685 3177 pecunias
2716 3108 3030 3165 Antiochia
3071 3108 3311 3165 collatas
3350 3110 3745 3185 Hierosolyma
3779 3129 3921 3185 per-

515 3197 715 3270 posuit
738 3197 874 3266 (Act.
906 3213 978 3264 IV,
1011 3196 1123 3266 37).
2410 3195 2689 3252 tulerunt.

577 3284 832 3342 Numero
875 3301 980 3339 Lxx
1039 3282 1461 3355 discipulorum
1520 3282 1731 3337 Christi
1780 3299 1912 3337 eum
1972 3280 2155 3336 fuisse
2337 3284 2387 3354 e)
2430 3288 2550 3339 Act.
2585 3302 2683 3341 xm
2717 3290 2774 3341 et
2798 3304 2912 3343 xxv.
2946 3289 3130 3343 Ambo
3188 3288 3358 3344 annis
3398 3290 3467 3343 45
3499 3294 3557 3345 et
3587 3290 3655 3343 46
3702 3307 3756 3363 p.
3810 3292 3919 3348 Cb.

505 3374 826 3444 ascriptum
857 3377 1078 3428 veteres
1110 3389 1222 3427 non
1256 3373 1471 3427 absone
1501 3372 1741 3426 tradunt
1764 3372 1897 3442 (60),
1921 3386 2155 3426 eorum-
2408 3390 2617 3429 nomen
2650 3374 2882 3430 Domini
2914 3376 3294 3447 prmdicantes
3324 3378 3576 3450 Cyprum
3615 3383 3673 3433 et
3718 3380 3923 3436 Asiam

505 3476 618 3532 que
650 3462 1039 3516 narrationem
1072 3462 1141 3516 ad
1174 3462 1471 3517 veritatem
1505 3460 1774 3515 accedere
1800 3458 2149 3514 recentiores
2184 3477 2224 3542 ρ
2408 3462 2687 3517 Minorem
2723 3468 3125 3536 peragrarunt.

506 3565 623 3604 non
682 3549 915 3604 incaute
956 3551 1220 3603 credunt.
1273 3551 1606 3621 Cognomen
1656 3551 1947 3617 Barnabée,
2004 3551 2151 3602 teste
2336 3552 2377 3621 Γ)
2410 3555 2529 3607 Act.
2562 3569 2652 3618 xv,
2684 3556 2719 3607 2
2750 3569 2838 3623 sq.
2873 3558 2930 3607 et
2975 3553 3100 3608 Gal.
3157 3570 3218 3620 II,
3287 3554 3340 3623 l,
3389 3556 3442 3609 9.
3507 3556 3806 3612 Barnabas
3865 3561 3924 3613 et

507 3638 568 3695 S.
602 3637 921 3707 Scriptura,
954 3639 1025 3692 ab
1057 3637 1336 3709 apostolis
1366 3639 1573 3693 Nostro
1600 3639 1965 3709 impositum,
1998 3637 2151 3691 idem
2410 3640 2623 3696 Paulus
2654 3642 2867 3696 reversi
2899 3644 2969 3697 ab
3008 3642 3398 3711 Antiochenis,
3451 3645 3522 3699 ob
3566 3645 3921 3701 seditionem

508 3742 638 3782 esse
669 3726 820 3796 quod
854 3735 1037 3787 nam
1075 3738 1147 3787 πει
1178 3742 1279 3780 seu
1312 3726 1491 3795 ﬁlium
1521 3728 1786 3781 orationis
1842 3728 2153 3795 z'nspiratw,
2408 3730 2950 3801 propterJudaistas
2964 3731 3227 3787 obortam
3242 3732 3708 3805 Hierosolymam
3728 3735 3919 3803 missi,

506 3833 576 3873 ex
602 3815 866 3872 versione
887 3816 939 3871 S.
977 3816 1157 3881 Lucan,
1193 3820 1316 3869 Act.
1354 3832 1426 3884 1v,
1462 3816 1549 3882 36,
1596 3814 1707 3873 υἱὸς
1737 3810 2119 3887 παρακλήσεως

2406 3818 2647 3874 concilio
2702 3818 3097 3890 apostolorum
3156 3820 3564 3877 interfuerunt.
3614 3823 3674 3877 A.
3720 3824 3916 3879 50-52.

506 3906 651 3962 satis
684 3911 925 3978 apparet
957 3905 1093 3976 (6t).
1128 3904 1302 3959 Josen
1335 3904 1659 3958 Barnabam
1683 3903 1981 3974 aJosopho
2014 3908 2151 3958 Bar-
2334 3907 2392 3979 g)
2422 3910 2543 3963 Act.
2577 3925 2668 3974 xv,
2724 3908 2795 3959 37
2827 3925 2912 3979 sq.
2966 3908 3172 3980 Aliquo
3220 3914 3484 3980 tempore
3534 3910 3917 3984 praeterlapso

505 3996 649 4051 saba
678 3995 784 4066 (At.
822 4014 858 4064 ι,
890 3996 982 4066 23)
1018 4011 1127 4049 non
1160 4009 1287 4047 esse
1314 3992 1819 4064 distinguendum,
1843 3997 1899 4046 et
1924 3996 2151 4047 utrum-
2404 3996 2699 4051 Barnabas
2722 4000 2778 4051 et
2811 3996 3020 4052 Paulus
3043 3998 3364 4053 secundum
3390 3998 3499 4053 iter
3520 3998 3915 4070 apostolicum

504 4100 614 4154 que
646 4100 857 4140 nomen
889 4084 1153 4139 eamdem
1212 4082 1486 4137 denotare
1544 4098 1873 4153 personam,
1934 4081 2150 4137 nostris
2404 4084 2998 4157 ingredistatuebant,
3024 4089 3124 4142 sed
3149 4086 3515 4143 dissensione
3539 4087 3915 4146 Marcicausa

503 4172 869 4243 temporibus
901 4171 1248 4227 Ullmannus
1279 4170 1391 4240 (62)
1425 4174 1479 4224 et
1519 4169 1615 4224 alii
1650 4171 1893 4241 probare
1952 4171 2149 4226 stude-
2403 4173 2606 4228 oborta
2636 4174 2932 4230 Barnabas
2964 4191 2997 4228 a
3027 4175 3205 4230 Paulo
3234 4176 3524 4247 discessit,
3568 4183 3909 4250 assumpto-

503 4260 647 4315 hant
667 4259 914 4315 aliorum
947 4277 1193 4315 assensu
1224 4260 1507 4326 destituti,
1540 4260 1799 4328 beneque
1823 4258 2147 4315 reclaman-
2403 4278 2517 4333 que
2558 4262 2750 4317 Marco
2801 4262 3053 4335 Cyprum
3105 4263 3414 4336 navigavit.
3472 4269 3549 4320 De
3598 4265 3733 4321 fatis
3784 4269 3914 4339 ejus

499 4348 660 4403 tibus
690 4348 831 4403 viris
848 4349 1206 4404 doctissimis
1220 4349 1301 4405 De
1321 4348 1513 4403 Wette
1535 4349 1670 4420 (63),
1689 4347 2148 4421 Olshausen(64)
2401 4351 2899 4421 subsequentibus
2986 4351 3133 4408 liber
3158 4358 3159 4361 “
3187 4354 3438 4409 Actuum
3506 4353 3910 4425 apostolorum

501 4442 557 4494 et
578 4437 782 4493 Winer
814 4438 950 4509 (65).
990 4437 1167 4496 Plura
1192 4439 1262 4492 de
1291 4438 1410 4492 vita
1440 4441 1495 4493 et
1522 4438 1821 4492 laboribus
1872 4439 2145 4493 Barnabas
2398 4455 2640 4510 prorsus
2662 4439 2811 4496 silet.
2845 4440 2976 4495 Sed.

499 4526 834 4600 apostolicis
865 4528 1035 4583 nobis
1066 4528 1307 4583 tradunt
1338 4527 1467 4581 libri
1500 4527 1682 4582 sacri:
2330 4528 2387 4599 h)
2421 4529 2440 4583 Ι
2471 4528 2599 4583 Cor.
2626 4547 2701 4596 1x,
2730 4529 2784 4584 5.
2818 4531 2871 4597 6,
2905 4530 3233 4598 edocemur,
3269 4532 3596 4587 Barnabam
3636 4548 3755 4588 non
3794 4534 3912 4589 mi-

2400 4634 2510 4672 nus
2544 4634 2609 4673 ac
2640 4616 2884 4673 Paulum
2917 4618 3117 4674 labore
3146 4636 3412 4675 manuum
3442 4624 3647 4677 victum
3703 4625 3910 4694 quasi-

2396 4708 2533 4762 visse
2557 4708 2749 4779 (juxta
2778 4706 3086 4781 Vulgatam
3120 4712 3176 4764 et
3209 4709 3521 4766 nonnullos
3563 4711 3794 4768 Patres:
3826 4714 3909 4781 fe-

2394 4798 2605 4851 minam
2634 4814 2743 4851 non
2773 4812 2953 4852 secum
2992 4797 3260 4867 duxisse).

498 4664 553 4730 a)
585 4666 710 4717 Act.
773 4680 847 4728 1x,
906 4664 995 4728 26,
1054 4664 1142 4717 27.
1205 4661 1448 4716 Paulum
1517 4677 1861 4715 conversum
1919 4661 2145 4733 primus

567 4750 865 4806 Barnabas
897 4750 1050 4805 circa
1079 4769 1131 4805 a.
1168 4752 1236 4805 40
1266 4749 1551 4821 apostolis
1599 4749 1790 4805 adhuc
1842 4750 2006 4806 illum
2054 4753 2141 4807 ti-

570 4839 889 4904 mentibus,
920 4839 1183 4895 add‘JXit-
1427 4947 1429 4950 ⁴
2175 4848 2220 4910 D
2326 4886 2366 4950 i)
2397 4884 2523 4941 Gal.
2556 4902 2620 4950 II,
2652 4886 2735 4940 13.
2774 4885 2919 4941 Petri
2952 4839 3385 4943 simiilationem
3419 4888 3491 4943 ob
3529 4893 3756 4945 metum
3804 4890 3908 4946 Ju-

494 4971 553 5042 b)
583 4973 705 5027 Act.
739 4988 816 5039 xr,
848 4976 936 5026 22.
974 4971 1151 5026 Paulo
1202 4976 1333 5043 post
1386 4972 1679 5025 Barnabas
1734 4972 1803 5025 ab
1858 4972 2139 5043 apostolis
2392 4974 2715 5029 daistarum
2748 4975 3045 5031 Barnabas
3076 4975 3394 5031 Antiochia:
3426 4976 3694 5034 imitatus
3714 4985 3822 5035 est.
3844 4997 3899 5037 a.

563 5060 927 5116 Antiochiam
962 5061 1178 5115 missus
1238 5064 1346 5127 est,
1380 5065 1444 5114 ut
1478 5060 1627 5114 hanc
1689 5059 1997 5115 Ecclesiam
2050 5078 2136 5117 re-
2386 5064 2455 5118 32
2488 5080 2587 5118 seu
2621 5081 2671 5119 a.
2699 5065 2793 5120 55.

559 5154 738 5222 geret.
2319 5154 2375 5222 k)
2412 5154 2735 5208 llarnabam
2768 5169 2919 5207 anno
2949 5154 3015 5205 57
3052 5155 3259 5209 iterum
3293 5157 3350 5211 S'
3385 5155 3548 5211 Pauli
3582 5155 3769 5215 fuisse
3805 5175 3901 5215 co-

553 5364 871 5446 (Cmrtllcm.
914 5365 1097 5446 A_l_ex._,
1126 5361 1499 5446 Strom.“l..n,
1531 5379 1581 5418 c.
1633 5365 1722 5446 2Q,
1772 5368 1995 5446 p.
2042 5369 2129 5423 ed.
2298 5365 2659 5446 ‘(63)_nli"tlrse
2720 5366 3030 5440 ΕνΙίίιῐνιιηο
3089 5371 3141 5423 (Ι.
3192 5372 3608 5442 Apostelgesch.,
3702 5390 3759 5446 p.
3844 5378 3864 5428 1

486 5437 641 5490 Pott.
676 5437 909 5501 Euseb.,
944 5439 1005 5491 ll.
1051 5439 1107 5491 E.
1147 5455 1181 5499 ι,
1214 5438 1297 5489 12.
1334 5434 1639 5505 Epiphan.,
1677 5434 1815 5491 Ilwr.
1850 5439 1940 5503 '20,
1973 5440 2024 5493 4.
2245 5434 2383 5504 adi,
2416 5438 2504 5490 23.

561 5507 681 5583 (6t)_
710 5512 780 5561 De
814 5507 920 5583 hac
942 5525 1011 5583 rc
1043 5506 1331 5583 disputavi
1364 5506 1423 5583 in
1452 5507 1596 5561 libro
1630 5523 1797 5583 meo:
1828 5510 1931 5563 Das
1964 5510 2129 5565 Seml-
2314 5509 2427 5583 (CQ)
2460 5509 2600 5583 Bibl.
2636 5510 3027 5583 Commenlur.,
3068 5516 3108 5565 t.
3148 5512 3214 5579 II,
3251 5530 3304 5583 p.
3339 5514 3464 5568 574.

480 5577 763 5657 schreiben
795 5576 1158 5657 des_Apostel3
1210 5576 1496 5657 Barnabas
1540 5582 1678 5657 viti/5
1737 5580 1893 5657 ﬂente
1947 5587 2135 5657 ztnter-
2247 5576 2426 5657 “(65)
2458 5580 2599 5635 Bibl.
2639 5576 3129 5657 Realwiifterbiich,
3242 5576 3297 5639 v.
3346 5585 3543 5657 Ioseph
3606 5588 3895 5643 Barsabas.

480 5648 662 5731 metit,
692 5648 965 5731 ii‘l-Jeractzt
996 5650 1107 5731 und
1133 5650 1505 5731 erltlttrthe‘tc.
1540 5649 1886 5731 ’ΜΕ-1840,
1920 5669 1975 5724 p.
2010 5655 2128 5709 6-8.
2240 5648 2327 5707 Cf.
2360 5648 2577 5709 librum
2607 5668 2799 5710 meum
2832 5655 2938 5709 Das
2991 5654 3434 5729 Sendschreiben,
3467 5648 3575 5712 etc.
3628 5676 3687 5731 p.
3736 5660 3891 5716 9-11.

555 5720 667 5799 (62)
698 5720 923 5776 Studien
954 5738 1010 5777 u.
1045 5720 1307 5776 Kritiken.
1344 5720 1500 5789 t828,
1535 5736 1591 5790 p.
1618 5721 1722 5775 377
1750 5738 1879 5796 sqq.
