4090 6340
222 405 338 469 721

1648 410 2251 476 PROLEGOMENA.

3513 412 3634 481 732

411 541 611 598 mitem
642 544 701 597 et
751 541 825 597 ab
853 558 919 599 eo
952 542 1230 600 societate
1275 542 1390 599 Titi
1422 542 1493 599 ad
1543 544 1872 601 Corinthios
1904 547 1955 612 Α
1987 551 2169 603 stram
2203 548 2620 605 adnumerasse
2649 548 2878 604 videtur
2905 546 3034 603 lib.1
3066 544 3426 604 Comment.in
3459 547 3635 619 Ep.ad

405 648 534 687 esse
565 631 835 703 missum,
869 631 1213 688 Gallandius
1262 632 1372 705 (66)
1407 650 1475 688 ex
1507 635 1557 688 II
1588 635 1715 690 Cor.
1749 652 1869 702 vm,

1984 641 2156 707 Rom.,
2191 641 2283 707 24,
2333 645 2373 695 t.
2413 639 2501 707 IV,
2556 658 2609 712 p.
2669 641 2771 695 473
2801 656 2819 692 ,⁸
2850 638 2989 693 Sunt
3034 641 3328 710 praeterea,
3375 639 3518 694 sicut
3566 640 3630 693 in

407 722 472 775 18
501 737 655 792 sqq.,
687 722 949 777 evincere
981 728 1224 778 conatus
1256 728 1361 778 est.
1394 724 1502 779 Sed
1545 722 1756 779 erravit
1786 724 1874 779 vir
1984 729 2174 782 multis
2219 728 2518 799 Scriptura?
2566 728 2693 783 locis
2743 729 3075 790 invenimus,
3125 728 3291 781 etiam
3339 725 3629 797 utriusque

401 809 785 866 doctissimus
819 812 950 882 (67).

329 899 372 970 1)
406 901 571 953 Anno
600 901 670 953 62
700 902 949 969 Marcus,
967 900 1243 957 Barnabas
1275 902 1659 957 consobrinus
1692 907 1747 957 et
1777 901 1870 956 iti-

398 988 555 1043 neris
603 1004 823 1055 comes,
856 987 1065 1043 iterum
1117 990 1176 1044 in
1209 990 1485 1047 societate
1532 990 1695 1045 Pauli
1746 1006 1866 1045 ver-

400 1077 641 1133 sabatur
669 1076 805 1143 (Cir.
842 1077 1061 1133 Coloss.
1096 1096 1171 1141 IV,
1206 1080 1331 1151 10);
1375 1097 1489 1152 quo
1521 1080 1604 1145 fit,
1640 1084 1703 1133 ut
1734 1085 1868 1135 Bar-

400 1167 611 1221 nabam
631 1165 729 1222 illo
750 1168 1033 1236 annojam
1054 1173 1347 1223 mortuum
1371 1169 1550 1224 fuisse
1576 1175 1865 1241 putemus.

399 1256 558 1310 Idem
592 1255 859 1310 concludi
892 1261 1083 1329 potest
1114 1258 1601 1327 eleetr.v,15,et
1633 1259 1680 1312 ll
1713 1259 1865 1313 Tim.

406 1359 488 1415 ιιι,
528 1346 584 1398 11
615 1362 628 1399 ε
660 1360 766 1399 nec
798 1345 994 1400 minus
1026 1345 1368 1411 Alexander,
1403 1346 1726 1401 monachus
1757 1346 1865 1419 Cy-

392 1432 559 1504 prius
590 1434 741 1504 (saec.
774 1450 829 1489 VI
858 1433 946 1488 vel
979 1436 1076 1505 ιχ),
1109 1435 1388 1489 Barnabas
1416 1434 1701 1505 laudator,
1720 1440 1864 1490 tem-

394 1538 507 1593 pus
548 1522 807 1595 martyrii
840 1524 968 1593 ejus
998 1524 1167 1578 annis
1204 1524 1374 1577 53-57
1409 1526 1666 1596 assignat
1729 1526 1861 1595 (68).

288 1610 419 1667 Hec
452 1615 591 1666 sunt
619 1628 745 1682 quis
777 1612 847 1667 de
877 1613 993 1667 vita
1024 1615 1080 1666 et
1111 1612 1244 1667 fatis
1266 1612 1543 1667 Barnabaz
1568 1618 1864 1683 comperta

213 1699 747 1756 habemus.Multas
778 1700 923 1758 alias
949 1717 1163 1773 easque
1185 1700 1483 1757 labulosas
1503 1702 1863 1757 narrationes

209 1788 273 1842 in
304 1787 503 1845 libello
551 1806 681 1845 meo
714 1807 892 1863 supra
940 1791 1113 1846 citato
1162 1790 1497 1863 congestas}
1519 1790 1771 1862 reperies
1803 1809 1859 1862 p.

213 1877 388 1933 11-15
416 1882 553 1950 etp.
590 1878 770 1932 31-47.

284 1966 355 2022 II.
410 1967 685 2022 Barnabas
736 1973 936 2023 nostro
987 1968 1249 2041 Epistola
1309 1967 1611 2031 tribuitur,
1662 1968 1857 2023 Graeco

202 2072 480 2113 sermone
510 2057 860 2128 conscripta,
896 2058 966 2112 de
996 2057 1164 2128 cujus
1195 2057 1498 2113 authentia
1526 2056 1717 2111 adhuc
1747 2058 1856 2112 sub

193 2145 402 2217 judice
432 2144 504 2200 lis
555 2149 661 2200 est.
703 2146 1097 2201 Defenderunt
1147 2163 1275 2202 eam
1325 2145 1857 2201 Ludovicustlias

201 2233 399 2306 Dupin
429 2234 842 2304 (69),Nicolaus
873 2235 1156 2291 Nourrius
1187 2236 1315 2307 (70),
1352 2234 1693 2289 Gallandius
1725 2235 1853 2305 (71),

197 2326 261 2379 et
294 2322 513 2378 nostris
566 2322 930 2393 temporibus
962 2323 1159 2379 Henke
1204 2323 1340 2393 (72),
1376 2324 1622 2379 Rerdam
1658 2324 1768 2394 (73)
1800 2329 1857 2379 et

200 2412 437 2467 Franke
468 2412 617 2482 (74);
651 2411 1020 2467 authentiam
1048 2410 1319 2483 Epistolas
1364 2411 1856 2483 impugnaverunt

200 2500 375 2572 Hugo
435 2500 751 2556 Msnardus
825 2501 957 2572 (75),
1035 2500 1363 2556 Tentzelius
1429 2502 1562 2570 (76),
1630 2498 1853 2556 Natalis

198 2587 537 2644 Alexander
583 2590 717 2659 (77),
768 2589 933 2644 Remi
978 2588 1206 2644 Ceillier
1252 2589 1387 2660 (78),
1438 2588 1669 2661 Ittigius
1718 2590 1850 2659 (79),

199 2676 567 2733 Moshemius
599 2678 728 2749 (80),
764 2678 1091 2749 Lumperus
1137 2678 1273 2748 (81),
1305 2677 1529 2749 Hugius
1560 2677 1691 2748 (82),
1734 2676 1850 2732 Ull-

201 2782 465 2822 mannus
512 2767 649 2837 (83),
679 2766 945 2822 Neander
990 2766 1125 2837 (84),
1166 2767 1423 2838 Mynster
1468 2766 1581 2836 (85)
1629 2769 1685 2819 et
1731 2766 1850 2821 Wi-

201 2870 312 2911 ner
346 2855 483 2925 (86).
516 2860 647 2927 Ipse
676 2871 781 2926 ego
812 2855 871 2909 in
903 2855 1072 2911 tertio
1100 2854 1234 2909 libri
1266 2854 1379 2909 mei
1410 2854 1619 2925 capite,
1653 2855 1854 2926 p.147-

201 2944 330 3012 195,
347 2944 617 3015 pluribus
646 2944 837 3000 verbis
869 2944 1018 3000 hanc
1049 2944 1397 2999 sententiam
1430 2943 1576 2998 tueri
1608 2947 1853 2998 conatus

198 3049 337 3091 sum
366 3052 381 3103 ;
415 3033 619 3104 paucis
650 3050 805 3089 nunc
835 3033 1169 3105 disputabo.

270 3126 329 3190 a)
361 3121 827 3192 Antiquissimus
873 3121 1185 3177 authentiae
1233 3120 1399 3176 testis
1450 3125 1538 3176 est
1584 3120 1850 3176 Clemens

196 3208 652 3276 Alexandrinus,
687 3210 785 3281 qui
818 3210 1030 3282 septies
1060 3209 1380 3281 Epistolam
1414 3210 1688 3265 Barnaba:
1725 3209 1847 3265 lau-

1977 820 2174 888 partis,
2206 819 2289 871 vel
2319 820 2603 887 utriusque
2630 820 2738 872 vile
2778 820 3021 887 fautores
3050 816 3280 887 quidam
3325 822 3375 869 et
3403 813 3623 885 adjuto-

1983 922 2068 961 res
2101 908 2304 976 angeli.

2052 996 2159 1049 Sed
2195 996 2486 1051 neminem
2519 995 2678 1061 latet,
2712 1010 2847 1050 cum
2879 994 3251 1058 Clementem,
3275 999 3400 1049 tum
3433 992 3624 1065 Orige-

1981 1100 2110 1139 nem
2146 1086 2358 1155 saepius
2393 1084 2567 1139 libros
2600 1084 2961 1155 apocryphos
2980 1087 3037 1137 et
3068 1084 3276 1137 nothos
3295 1099 3397 1153 pro
3428 1083 3627 1154 genui-

1981 1174 2071 1228 nis
2103 1174 2399 1239 habuisse,
2432 1174 2677 1244 ideoque
2726 1174 3058 1227 testimonio
3092 1171 3323 1225 illorum
3371 1188 3473 1241 pro
3504 1170 3625 1242 epi-

1979 1263 2140 1319 stolae
2174 1268 2385 1318 nostris
2435 1262 2739 1317 authentia
2771 1279 2885 1315 non
2936 1260 3166 1333 plenam
3196 1260 3313 1313 vim
3346 1276 3473 1314 esse
3521 1258 3624 1313 tri-

1979 1352 2289 1406 buendam.
2324 1353 2473 1406 Bene
2502 1351 2723 1423 llugius
2757 1349 2919 1403 addit
2948 1348 3301 1403 Clementem
3338 1364 3451 1401 non
3489 1363 3621 1401 cum

1976 1441 2175 1495 eadem
2222 1440 2566 1507 reverentia,
2598 1456 2774 1511 quam
2827 1438 3060 1509 scriptis
3106 1454 3235 1491 vere
3288 1434 3623 1499 apostolicis

1976 1529 2198 1595 tribuit,
2232 1530 2302 1583 de
2332 1529 2577 1601 epistola
2610 1533 2811 1583 nostra
2842 1528 3162 1597 disputare.

2046 1620 2098 1685 c)
2130 1617 2445 1672 Eusebium
2477 1622 2533 1672 et
2563 1617 2979 1688 Hieronymum
3010 1612 3371 1668 authentiam
3405 1611 3621 1683 Episto-

1976 1702 2039 1759 las
2074 1712 2286 1761 nostrae
2319 1706 2641 1777 negavisse,
2676 1704 2843 1759 multi
2880 1702 3030 1758 male
3060 1702 3323 1757 credunt.

2046 1796 2316 1866 Legimus
2364 1794 2598 1865 quidem
2634 1794 2689 1848 in
2743 1793 2901 1847 illius
2943 1792 3187 1846 Historia
3233 1791 3619 1859 ecclesiastica,

1890 1912 1937 1976 Β
1973 1902 2053 1952 III,
2086 1886 2156 1938 ‘25
2188 1902 2201 1941 :
2237 1884 2321 1937 Ἐν
2366 1888 2481 1943 τοῖς
2531 1882 2711 1945 νόθοις
2762 1879 3143 1953 κατατετάχθω
3188 1877 3275 1931 καὶ
3322 1882 3427 1931 τῶν
3477 1874 3619 1931 Παύ-

1972 1970 2069 2025 λου
2132 1971 2378 2046 Πράξεων
2438 1974 2472 2039 ἡ
2528 1972 2742 2047 γραφή,
2800 1968 2829 2021 ὅ
2886 1988 2941 2020 τε
3000 1966 3293 2041 λεγόμενος
3354 1966 3616 2038 ΙΙοιμήν,

1968 2061 2057 2114 καὶ
2118 2063 2151 2128 ἡ
2228 2059 2569 2132 ἀποκάλυψις
2636 2057 2839 2130 Πέτρου
2875 2102 2887 2125 ,
2948 2055 3036 2109 καὶ
3097 2055 3231 2129 πρὸς
3304 2052 3522 2115 τούτοις
3581 2056 3615 2121 ἡ

1970 2150 2243 2226 φερομένη
2281 2144 2521 2223 Βαρνάϐα
2548 2146 2830 2215 ἐπιστολή.

2040 2240 2149 2295 Sed
2185 2239 2497 2305 Eusebius,
2530 2236 2838 2309 epistolam
2874 2240 3133 2291 nostram
3166 2238 3281 2292 τοῖς
3311 2230 3491 2291 νόθοις
3524 2247 3615 2287 ac-

1966 2345 2231 2394 censens,
2284 2326 2599 2398 improprie
2632 2326 2779 2379 hanc
2827 2340 3023 2379 vocem
3058 2321 3381 2393 usurpavit,
3413 2323 3469 2375 et
3512 2336 3605 2374 re-

1964 2433 2098 2472 vera
2128 2433 2243 2471 non
2292 2416 2360 2470 de
2390 2414 2554 2469 libris
2602 2412 2950 2477 adulterinis,
3000 2411 3101 2466 sed
3133 2411 3203 2464 de
3251 2404 3603 2481 ἀντιλεγομέ-

1962 2526 2095 2575 vom,
2136 2505 2255 2561 sive
2300 2504 2482 2559 dubiis
2528 2502 2715 2572 libris,
2765 2506 2822 2555 et
2871 2518 2905 2555 a
2956 2498 3255 2555 nonnullis
3301 2495 3607 2569 repudiatis

1961 2596 2139 2651 verba
2185 2595 2341 2659 fecit,
2390 2598 2456 2647 ut
2504 2593 2626 2663 ipse
2674 2590 2847 2661 paulo
2900 2594 3032 2661 post
3080 2591 3327 2643 testatur
3381 2586 3601 2650 dicens,

1960 2686 2134 2734 Ταῦτα
2185 2682 2276 2751 μὲν
2324 2681 2494 2732 πάντα
2544 2680 2602 2745 (i.
2661 2696 2757 2734 e...
2819 2683 2960 2733 Acta
3006 2677 3169 2732 Pauli
3219 2677 3441 2741 Pastor,
3491 2676 3600 2727 etc.

1961 2775 2018 2825 et
2067 2769 2322 2842 Epistola
2379 2769 2677 2839 Barnabas)
2734 2770 2840 2820 τῶν
2891 2763 3320 2840 ἀντιλεγομένων
3376 2760 3434 2815 ἃν
3493 2754 3597 2829 sin.

2032 2860 2157 2914 Non
2190 2859 2385 2913 minus
2416 2857 2703 2913 Eusebius
2735 2858 2792 2911 in
2825 2861 2986 2911 sexto
3005 2854 3263 2911 Historiae
3294 2851 3599 2917 sumlibro,

1961 2964 2011 3002 0.
2096 2948 2177 3012 14,
2254 2946 2563 3019 epistolam
2643 2951 2902 3001 nostram
2977 2948 3091 3003 τοῖς
3166 2938 3601 3017 ἀντιλεγομένοις

1962 3037 2222 3103 ascribit,
2258 3037 2471 3091 docens
2504 3052 2516 3088 :
2551 3034 2900 3090 Clementem
2938 3029 3393 3087 Alexandrinum
3441 3030 3500 3084 in
3532 3028 3604 3082 li-

1962 3124 2082 3179 bris
2130 3127 2538 3196 Ilypotyposeon
2582 3140 2786 3179 omnes
2833 3123 3013 3176 libros
3061 3136 3239 3176 sacrae
3291 3118 3600 3189 Scriptura:

1962 3228 2286 3279 enarrasse,
2318 3230 2389 3267 ne
2418 3208 2855 3284 ἀντιλεγομένοις
2891 3210 3126 3280 quidem
3160 3207 3326 3262 libris
3366 3209 3598 3278 praster-

198 3298 323 3364 dat,
386 3270 721 3370 quaterque
781 3270 909 3354 eam
984 3270 1222 3370 apostolo
1278 3299 1550 3354 Barnabas
1622 3297 1844 3352 tribuit.

1980 3301 2179 3371 nissis,
2246 3298 2385 3370 μηδὲ
2440 3300 2535 3360 τὰς
2612 3296 3029 3372 ἀντιλεγομένας
3110 3292 3392 3369 παρελθὼν
3431 3314 3442 3326 ’
3497 3293 3596 3361 τήν

198 3387 361 3456 (Vide
387 3403 575 3458 supra,
607 3389 751 3444 inter
778 3390 1017 3443 veterum
1048 3387 1416 3458 testimonia.)

269 3476 332 3546 b)
363 3479 778 3547 Praeceptorem
809 3492 983 3531 suum
1016 3480 1250 3532 secutus
1281 3480 1370 3532 est
1399 3475 1693 3547 Origenes.

274 3564 405 3620 Lib.
439 3582 457 3619 ι
486 3572 661 3620 contr.
717 3565 877 3631 Cels,
912 3582 970 3619 n.
1020 3566 1108 3628 63,
1140 3568 1183 3619 t.
1218 3566 1261 3629 Ι,
1302 3582 1359 3636 p.
1411 3566 1515 3620 378
1545 3566 1635 3620 ed.
1687 3566 1794 3621 BB.
1834 3584 1845 3620 :

198 3652 504 3727 Γέγραπται
564 3648 631 3719 δὴ
691 3650 738 3705 ἐν
926 3646 1175 3725 Βαρνάϐα
1220 3649 1487 3723 καθολικῇ
1544 3649 1843 3723 ἐπιπολῇ”

196 3740 283 3795 ὅτι
364 3738 635 3811 ἐξελέξατο
711 3739 837 3801 τοὺς
930 3736 1099 3801 ἰδίους
1174 3739 1511 3801 ἀποστόλους
1587 3742 1795 3809 Ἰησοῦς
1832 3783 1844 3807 ,

196 3827 361 3890 ὄντας
397 3829 529 3904 ὑπὲρ
560 3835 729 3883 πᾶσαν
762 3828 986 3900 ἀνομίαν
1020 3828 1415 3903 ἀνομωτέρους.
1459 3830 1596 3901 Cap.
1627 3833 1680 3884 5.

270 3921 560 3991 Deprinc.
620 3936 705 3985 ιιι,
739 3935 786 3973 c.
819 3921 873 3986 2,
936 3936 991 3973 n.
1025 3918 1080 3984 4,
1145 3923 1183 3972 t.
1238 3919 1279 3973 l.
1338 3936 1393 3990 p.
1455 3918 1559 3973 440
1589 3937 1607 3973 .·
1638 3918 1848 3974 Eadem

193 4023 413 4082 quoque
442 4008 727 4063 Barnabas
759 4009 815 4062 in
850 4008 1103 4079 Epistola
1130 4023 1231 4062 sua
1260 4007 1526 4073 declarat,
1559 4024 1683 4062 cum
1711 4007 1847 4061 duas

192 4101 317 4155 vias
346 4112 463 4154 esse
490 4096 644 4168 dicit,
674 4113 841 4152 unam
877 4096 1035 4162 lucis,
1065 4096 1311 4150 alteram
1340 4098 1845 4167 tenebrarum,qui-

198 4188 297 4242 bus
324 4190 379 4241 et
410 4202 647 4257 praesse
676 4190 846 4241 certos
874 4201 1111 4258 quosque
1138 4188 1356 4255 angelos
1382 4184 1515 4238 dicit
1544 4203 1562 4237 :
1592 4187 1701 4241 vite
1724 4190 1845 4257 qui-

193 4276 321 4332 dem
354 4276 494 4331 lucis
523 4276 742 4345 angelos
781 4276 897 4339 Dei,
936 4276 1284 4330 tenebran
1313 4277 1500 4328 autem
1547 4275 1653 4330 via:
1683 4290 1845 4345 ange-

198 4366 278 4421 los
310 4364 557 4420 Satanae.
590 4363 729 4435 Cap.
767 4365 852 4418 18.

270 4453 467 4509 Sacris
500 4467 734 4523 quoque
766 4451 1087 4524 Scripturis
1118 4451 1395 4523 Origenes
1416 4451 1723 4523 epistolam
1756 4468 1851 4506 no-

269 4649 391 4720 (66)
423 4649 571 4703 Bibl.
599 4652 709 4720 vet.
744 4653 882 4713 PP.,
907 4651 950 4701 t.
983 4647 1026 4715 Ι,
1060 4644 1283 4717 Proleg.
1320 4662 1371 4717 p.
1408 4663 1595 4720 xxxiv.

271 4719 384 4788 (67)
415 4720 527 4774 Cfr.
580 4719 925 4784 Olshausen,
973 4721 1365 4790 Commentar.,
1396 4722 1438 4772 t.
1488 4719 1579 4785 IIl,
1615 4736 1669 4790 p.
1718 4721 1845 4790 783,

198 4796 255 4849 et
292 4790 565 4845 libellum
600 4807 794 4845 meum
827 4806 1006 4860 supra
1035 4788 1298 4853 citatum,
1332 4806 1387 4859 p.
1421 4789 1490 4843 23
1520 4795 1576 4844 et
1599 4788 1687 4844 28.

271 4863 387 4933 (68)
417 4863 540 4933 Cir.
563 4860 824 4915 libellum
854 4876 1072 4931 meum,
1098 4878 1154 4931 p.
1188 4860 1282 4914 231
1323 4876 1454 4933 sqq.
1482 4865 1538 4915 et
1566 4862 1683 4915 159.

271 4932 389 5003 (69)
420 4932 678 4988 Biblioth.
714 4933 803 4986 des
835 4936 1077 4999 auteurs,
1109 4936 1241 5003 etc.,
1274 4935 1318 4984 t.
1353 4932 1393 4985 Ι.

268 5002 385 5075 (70)
416 5004 476 5059 In
500 5008 796 5075 apparatu
825 5003 896 5058 ad
921 5004 1071 5075 Bibl.
1101 5002 1245 5075 Max.
1279 5003 1413 5071 PP.,
1448 5006 1488 5055 t.
1522 5006 1566 5068 Ι,
1600 5003 1739 5058 diss.
1762 5022 1843 5059 ιιι.

268 5073 386 5145 (74)
418 5073 563 5130 Bibl.
583 5073 698 5130 'vet.
725 5077 865 5138 PP.,
898 5078 939 5127 t.
976 5075 1019 5141 Ι,
1057 5073 1274 5145 Proleg.
1310 5090 1364 5143 p.
1400 5089 1533 5127 xx1x
1563 5090 1690 5144 sqq.

268 5145 386 5219 (72)
417 5146 761 5219 Depepistolae
791 5162 910 5217 qua
939 5145 1207 5200 Barnabas
1236 5145 1511 5200 tribuitur
1540 5146 1847 5201 authentia.

198 5217 715 5415 ἷὲἓέεςδέἶγῇτηεηι.
748 5286 816 5343 de
845 5287 1129 5342 authentia
1158 5291 1258 5358 Ep.
1291 5288 1590 5343 Barnabz.
1610 5286 1850 5351 Hafnite,

369 5010 386 5217 ἒ

276 5430 387 5501 (74)
422 5429 484 5484 In
515 5428 762 5485 Guerike
792 5434 846 5501 et
897 5428 1211 5485 Rudelbach
1240 5430 1548 5499 Zeitschriﬂ
1574 5431 1671 5499 [ἄν
1716 5428 1851 5483 luth.

209 5500 414 5569 Theol.,
449 5501 609 5565 4840,
645 5501 784 5555 fasc.
826 5500 879 5553 2.

279 5574 390 5643 (75)
423 5572 487 5627 In
522 5570 791 5643 Epistolas
826 5575 1035 5626 nostra:
1067 5571 1337 5627 editione.

279 5574 370 5643 (75
423 5574 487 5627 In
522 5574 562 5627 E
609 5574 791 5626 istolsz
826 5575 1035 5626 nostra:
1067 5574 1337 5627 editione.

278 5574 392 5711 (76)
422 5589 604 5713 Apqu
622 5642 870 5710 Fabric.,
902 5643 1047 5698 Bibl.
1083 5645 1292 5709 eccles.,
1327 5659 1383 5713 p.
1419 5642 1507 5708 42,
1541 5644 1567 5709 §
1598 5643 1683 5698 l0.

280 5714 394 5788 (T7)
425 5714 563 5772 Hist.
598 5715 810 5783 eccles.,
841 5730 971 5769 saec.
1007 5732 1046 5785 ι,
1079 5731 1128 5769 c.
1166 5714 1250 5783 12,
1285 5717 1395 5770 art.
1430 5714 1479 5766 8.

1878 4637 1925 4700 D

1958 3386 2151 3459 Ἰούδα,
2212 3386 2381 3462 λέγω,
2438 3388 2527 3441 καὶ
2591 3390 2685 3448 τὰς
2747 3386 2937 3446 λοιπὰς
3015 3383 3306 3444 καθολικᾶς
3356 3381 3541 3436 ἐπιστο
3576 3413 3599 3423 -

1958 3474 2075 3547 λὰς,
2133 3480 2231 3546 τήν
2289 3497 2347 3530 τε
2420 3470 2663 3551 Βαρνάϐα
2730 3475 2818 3529 καὶ
2876 3476 2973 3542 τὴν
3033 3473 3237 3549 Πέτρου
3294 3469 3596 3547 λεγομένην

1957 3566 2351 3637 Ἀποκάλυψιν.
2430 3568 2817 3621 Auctoritatem
2890 3563 3069 3635 igitur
3142 3561 3422 3634 epistolae,
3481 3578 3595 3617 non

1957 3657 2084 3725 eius
2113 3656 2480 3723 authentiam,
2515 3654 2801 3709 Eusebius
2829 3654 2886 3707 in
2918 3652 3161 3707 dubium
3192 3650 3435 3706 vocavit.

2030 3745 2176 3799 Pene
2208 3745 2409 3800 eadem
2457 3744 2702 3797 dicenda
2750 3748 2889 3798 sunt
2921 3742 2991 3796 de
3041 3741 3406 3812 Hieronymo,
3456 3739 3600 3794 scri-

1954 3834 2172 3889 bente:
2216 3833 2503 3887 Barnabas
2563 3833 2813 3902 Cyprius,
2869 3832 2965 3901 qui
3022 3839 3071 3884 ct
3126 3829 3319 3899 Ioseph
3377 3828 3597 3893 Levites,

1954 3939 2080 3977 cum
2110 3922 2284 3977 Paulo
2330 3924 2581 3990 gentium
2628 3920 2905 3992 apostolus
2953 3920 3266 3981 ordinatus,
3318 3932 3486 3970 unam
3532 3916 3602 3969 ad

1954 4011 2381 4081 adiﬁcationem
2412 4012 2670 4066 Ecclesiae
2692 4010 3053 4080 pertinentem
3081 4006 3365 4077 epistolam
3393 4019 3603 4074 compo-

1956 4103 2091 4169 suit,
2127 4116 2251 4174 quee
2298 4102 2443 4155 inter
2488 4098 2825 4170 apocryphas
2870 4098 3168 4165 scripturas
3213 4095 3413 4164 legitur
3462 4093 3596 4164 (87).

1957 4192 2137 4255 Quem
2171 4190 2227 4243 in
2278 4188 2471 4243 locum
2523 4187 2665 4241 scite
2717 4185 3057 4241 Pearsonius
3107 4183 3216 4254 (88)
3261 4200 3272 4237 :
3326 4185 3601 4239 Barnabas

1958 4276 2263 4349 Epistolam
2292 4278 2461 4347 [uisse
2493 4275 2663 4329 tradit
2695 4271 3145 4344 (Hieronymus),
3175 4287 3283 4326 non
3333 4272 3443 4342 ipsi
3470 4288 3601 4343 sup-

1955 4369 2210 4439 positam,
2246 4368 2339 4419 aut
2364 4367 2610 4434 spuriam
2640 4381 2660 4425 ;
2693 4386 2719 4411 «
2754 4362 2823 4417 ad
2852 4362 3276 4431 aediﬁcationem
3300 4362 3601 4418 Ecclesia»

1955 4456 2290 4527 pertinuisse
2335 4456 2550 4519 asserit,
2592 4468 2701 4507 non
2749 4454 2932 4522 itaque
2978 4451 3299 4506 haereticam
3342 4451 3597 4521 putavit;

2028 4650 2141 4721 (78)
2176 4650 2420 4705 Histoire
2466 4648 2716 4718 generale
2744 4648 2833 4701 des
2885 4648 3127 4714 auteurs,
3188 4649 3297 4701 etc.
3348 4649 3390 4700 t.
3444 4645 3486 4711 Ι,
3536 4662 3595 4717 p.

1958 4724 2237 4863 49ῗ79ῗῗιι
2270 4791 2499 4846 selectis
2531 4788 2817 4861 capitibus
2848 4790 3100 4843 Historiae
3137 4788 3288 4853 eccl.,
3321 4803 3451 4843 saec.
3482 4804 3521 4857 1,
3554 4791 3594 4843 t.

1958 4869 2003 4931 Ι,
2038 4881 2094 4935 p.
2125 4865 2215 4917 20.

1959 4928 2143 5061 46ς80)
2196 4935 2570 4988 Commentar.
2621 4932 2685 4987 de
2734 4932 2893 4987 rebus
2942 4929 3137 4985 Christ.
3189 4928 3368 4985 Const.
3416 4930 3507 5001 DL,
3540 4946 3597 5002 Ρ.

2033 5076 2144 5146 (81)
2176 5076 2420 5131 Historia
2450 5074 2610 5130 lheol.
2643 5074 2856 5146 critica,
2890 5076 2931 5127 t.
2972 5074 3020 5146 Ι,
3045 5072 3252 5146 p._150.

2034 5142 2143 5218 (82)
2201 5148 2511 5216 Zeitschri/‘t
2566 5144 2814 5218 [argdas
2867 5142 3239 5218 Ertxbislhum
3314 5142 3597 5209 Freiburg.

1961 5216 2123 5272 Faec.
2157 5220 2211 5285 2,
2246 5235 2301 5288 p.
2336 5218 2475 5282 132;
2514 5218 2651 5271 fasc.
2683 5216 2735 5288 3.
2771 5232 2827 5284 p.
2860 5216 2965 5288 208
2996 5230 3125 5288 δίῃ.

2056 5290 2149 5355 83)
2176 5285 2402 5343 Studien
2437 5305 2493 5341 u.
2528 5287 2793 5347 Kritiken,
2827 5290 2870 5339 t.
2904 5286 2946 5351 Ι,
2985 5301 3039 5353 p.
3072 5285 3195 5339 381.

2056 5360 2147 5427 84)
2178 5358 2593 5426 Kirchengesch,
2625 5362 2665 5410 t.
2701 5356 2742 5421 I,
2776 5357 2828 5424 3,
2866 5373 2919 5427 p.
2952 5355 3077 5409 733.

2058 5432 2148 5499 85)
2180 5431 2408 5485 Studien
2440 5430 2551 5482 und
2582 5426 2850 5488 Kritz/ten,
2872 5426 2951 5497 ’Il,
2984 5427 3108 5481 323.

2036 5498 2147 5572 (86)
2182 5502 2343 5572 Bibl.
2366 5498 2852 5572 Realwb’rterbuch,
2887 5515 2935 5553 s.
2963 5515 3019 5572 _v.
3053 5499 3359 5555 Barnabas.

2037 5570 2149 5641 (87)
2182 5571 2362 5627 Catal.
2397 5574 2586 5641 script.
2622 5570 2830 5633 eccles.,
2866 5586 2914 5622 c.
2948 5570 3001 5623 6.

2037 5640 2147 5711 (88)
2184 5644 2387 5698 Vindic.
2440 5640 2638 5712 lgnat.,
2672 5658 2725 5711 p.
2776 5658 2813 5705 ι,
2848 5658 2896 5694 c.
2952 5642 3002 5707 4,
3038 5659 3092 5713 p.
3144 5642 3269 5697 289.
3312 5642 3425 5701 Cir.
3475 5640 3608 5699 Gal-

1965 5713 2148 5785 1and.,
2175 5732 2249 5781 c.,
2284 5733 2340 5785 p.
2373 5732 2504 5769 xxx.
