4090 6340
451 443 572 508 723
1625 443 1689 503 S.
1735 438 2156 502 BARNABAS
2203 441 2687 506 APOSTOLUS.
3745 445 3883 504 724

455 601 484 630 «
510 577 720 634 lectam
754 573 934 632 tamen
967 575 1120 631 inter
1154 574 1516 646 apocryphas
1537 573 1869 644 Scripturas
1900 597 1925 622 ››
1953 574 2102 627 docet
2133 574 2185 640 Α
2215 590 2408 630 smum
2445 577 2725 634 fervorem
2760 578 2818 633 in
2847 576 3092 650 epistola
3115 577 3185 633 ad
3216 575 3568 648 Diognetum
3590 577 3878 648 reperies.

455 685 555 723 nec
583 668 650 722 ab
684 665 938 721 Ecclesia
965 665 1307 735 repudiatam
1338 663 1873 734 z'nnuit.Apocryphi
1906 667 2101 717 autem
2285 665 2381 719 Ill.
2433 666 2647 722 Revera
2699 669 2904 738 primis
2954 666 3149 722 saeculi
3198 667 3438 721 secundi
3496 667 3877 737 temporibus

451 756 589 812 libri
619 761 743 810 tum
777 755 814 809 ii
866 761 1163 820 vocantur,
1191 754 1285 822 qui
1341 753 1659 806 authontici
1710 753 1967 823 quidem,
2003 753 2101 805 sed
2219 755 2456 808 107-120
2487 757 2804 827 Epistolam
2842 762 3099 812 nostram
3133 759 3423 810 exaratam
3476 771 3605 810 esse
3637 760 3877 827 putem.

455 847 526 902 ab
579 843 927 898 auctoritate
976 843 1258 897 canonica
1310 842 1535 906 remoti,
1589 848 1643 895 et
1693 842 1751 894 in
1803 857 2104 894 sacrarum
2291 843 2336 896 l.
2372 848 2507 898 Post
2537 845 2891 900 eversionem
2941 843 3142 914 templi
3193 842 3702 914 Hierosolymitani
3733 860 3880 898 eam

455 933 887 1006 Scripturarum
935 949 1154 985 canone
1203 949 1314 985 non
1371 931 1604 1001 repositi
1655 934 1830 995 sunt;
1866 936 1990 984 tum
2043 929 2105 998 ii,
2217 933 2492 1002 scriptam
2527 949 2674 1000 esse,
2730 949 2798 988 ex
2829 933 3016 1004 capite
3048 935 3114 987 16
3144 932 3287 987 satis
3328 932 3530 1003 liquet.
3566 933 3662 988 Sic
3708 934 3882 987 enim

457 1023 557 1096 qui
590 1040 702 1077 non
735 1026 873 1076 sunt
921 1038 1142 1088 eorum,
1180 1037 1429 1090 quorum
1475 1020 1662 1073 titulis
1709 1023 2072 1089 praznotantu

2272 1020 2296 1072 ui
2333 1037 2344 1072 :
2383 1021 2478 1072 Διὰ
2525 1022 2627 1095 γὰρ
2675 1022 2737 1074 τὸ
2784 1020 3045 1092 πολεμεῖν
3096 1020 3252 1082 αὐτὸς
3302 1021 3569 1093 καθῃρέθη
3617 1021 3670 1093 (ὁ
3717 1021 3887 1092 ναὸς)

458 1108 930 1186 (ψευδεπίγραφα).
965 1111 1374 1179 Hieronymum
1412 1108 1585 1178 priori
1616 1125 1792 1161 sensu
1828 1108 2073 1161 Barnaba

2271 1108 2321 1160 τὸ
2351 1113 2455 1161 τῶν
2507 1108 2734 1183 ἐχθρῶν·
2768 1115 2857 1162 νῦν
2907 1130 2958 1164 κ.
2991 1131 3040 1165 τ.
3077 1108 3130 1164 λ.
3183 1110 3291 1176 Qui
3323 1109 3492 1165 aliter
3532 1127 3709 1180 quam
3765 1128 3886 1166 nos

455 1199 768 1273 epistolam
803 1198 1194 1270 apocrypbam
1227 1197 1552 1267 appellasse
1584 1201 1757 1266 patet,
1792 1213 1926 1251 cum
1979 1213 2105 1250 eam
2219 1197 2613 1269 distinguunt,
2647 1205 2704 1254 et
2732 1199 2794 1251 τὸ
2823 1202 2913 1250 νῦν
2950 1198 3171 1254 nomini
3204 1197 3411 1272 ἐχθρῶν
3439 1200 3722 1269 jungunt,
3757 1204 3890 1254 sta-

461 1289 737 1345 Barnabaa
796 1287 1032 1358 quidem
1094 1286 1362 1351 ascribat,
1405 1290 1460 1338 et
1518 1284 1901 1338 nihilominus
1958 1284 2110 1338 inter
2219 1285 2324 1339 tim
2358 1291 2490 1357 post
2523 1304 2744 1342 annum
2774 1289 2844 1342 7O
2877 1305 2932 1359 p.
2958 1287 3124 1342 Ch.n.
3157 1287 3266 1342 has
3297 1286 3520 1342 litteras
3551 1287 3722 1343 datas
3740 1304 3888 1344 esse

460 1377 826 1451 apocryphas
856 1376 1184 1446 Scripturas
1215 1390 1341 1428 eam
1377 1373 1581 1428 lectam
1615 1389 1742 1428 esse
1773 1373 2104 1427 contendat.
2217 1377 2577 1430 contendunt
2611 1377 2742 1447 (99).

533 1463 1086 1534 Tcstimoniaigitur
1101 1461 1448 1532 scriptorum
1471 1463 1840 1532 antiquorum
1861 1462 2106 1515 authen—
2288 1464 2340 1518 2.
2379 1464 2588 1520 Primis
2619 1466 2812 1520 saeculi
2850 1465 3089 1521 secundi
3121 1465 3506 1536 temporibus,
3558 1465 3886 1536 Judaistm,

459 1555 552 1611 tiae
582 1553 850 1626 Epistola
883 1553 1073 1607 favere
1104 1567 1274 1605 nemo
1305 1549 1962 1621 negabit.Nihiiominus
1992 1566 2109 1604 non
2220 1552 2534 1608 Ecclesiam
2582 1553 2641 1608 in
2675 1553 3000 1626 periculum
3042 1558 3335 1621 vocantes,
3366 1553 3572 1609 eodem
3620 1555 3890 1611 ferventi

458 1643 687 1699 levibus
718 1641 862 1696 moti
897 1639 1260 1710 argumentis
1295 1655 1422 1693 cam
1449 1638 1767 1710 apostolico
1799 1638 1918 1692 viro
1949 1639 2110 1708 abju-
2219 1641 2390 1696 modo
2422 1642 2920 1716 impugnabantur
2950 1660 2985 1698 a
3011 1642 3299 1714 S.Ignatio
3329 1642 3693 1699 Antiocheno
3715 1647 3778 1700 et
3802 1645 3887 1700 ab

461 1732 772 1788 dicandam
805 1745 1135 1786 censemus.
2219 1735 2454 1786 auctore
2483 1731 2737 1803 epistolae
2770 1732 2840 1786 ad
2874 1731 3248 1803 Diognetum.

533 1821 588 1876 4.
623 1819 682 1875 Si
715 1818 968 1890 Epistola
1001 1821 1198 1872 nostra
1229 1819 1299 1872 ab
1332 1816 1590 1888 antiquis
1622 1833 1724 1887 pro
1775 1816 2110 1872 authentica
2289 1821 2339 1872 3.
2375 1819 2498 1875 Non
2533 1827 2664 1875 ante
2695 1820 2976 1877 saculum
3009 1819 3334 1874 secundum
3365 1817 3686 1874 Christiani
3719 1819 3889 1875 Sab-

461 1909 673 1966 fuisset
721 1912 1012 1980 reputata,
1057 1912 1211 1961 certe
1260 1906 1411 1960 inter
1458 1905 1637 1960 libros
1687 1906 1996 1959 canonicos
2043 1922 2109 1958 ea
2140 1937 2186 2000 B
2219 1907 2420 1962 batum
2453 1909 2743 1964 celebrare
2774 1909 3282 1979 desierunt;quod
3306 1908 3432 1978 jam
3460 1907 3893 1980 evenisse,epi-

463 1999 758 2072 legeretur
789 1997 971 2063 ;sicut
1001 1996 1358 2066 Augustinus
1392 1995 1461 2048 de
1492 1993 1839 2065 apocryphis
1869 1994 2108 2048 Andreae
2140 1993 2182 2000 “’
2220 1996 2369 2052 stola
2401 2006 2600 2054 nostra
2631 1999 2799 2054 docet
2829 2014 2881 2053 c.
2917 2000 3001 2052 15.

467 2093 526 2144 et
551 2086 795 2141 Joannis
844 2085 985 2138 dicit
1019 2102 1031 2138 :
1066 2084 1125 2138 Si
1155 2085 1379 2139 illorum.
1425 2087 1620 2148 essent,
1673 2087 1888 2148 recepta
1934 2087 2111 2137 essent
2289 2087 2341 2141 ἀ.
2375 2089 2592 2143 Auctor
2621 2086 2889 2159 Epistolas
2922 2090 3132 2141 nostris
3163 2090 3366 2141 contra
3387 2085 3617 2141 eosdem
3636 2085 3893 2141 haereti-

466 2179 535 2233 ab
566 2177 804 2230 Ecclesia
835 2175 964 2244 (89).
2218 2192 2338 2244 cos,
2395 2175 2698 2231 Judaistas
2754 2181 2811 2231 et
2869 2177 3129 2242 Docetas,
3189 2175 3364 2230 verba
3422 2174 3576 2242 facit,
3611 2191 3764 2245 quos
3818 2176 3891 2231 S.

533 2266 589 2320 2.
620 2263 939 2336 Epistolam
985 2266 1246 2316 nostram
1274 2265 1393 2332 post
1445 2261 1803 2316 eversionem
1839 2261 2105 2316 Hieroso-
2219 2264 2479 2334 Ignatius
2528 2267 2838 2336 vituperat.
2874 2265 2946 2321 Ut
2991 2265 3104 2335 hic,
3138 2264 3222 2319 ita
3251 2269 3308 2319 et
3358 2267 3563 2336 Noster
3591 2264 3892 2336 incarna-

463 2353 628 2426 lymae
673 2335 967 2407 exaratam
1002 2367 1149 2415 esse,
1183 2367 1250 2403 ex
1302 2367 1428 2420 cap.
1471 2350 1531 2402 16
1562 2349 1728 2404 facile
1774 2349 2078 2418 conjicitur

2277 2352 2420 2390 mem
2452 2335 2668 2391 Christi
2698 2341 2898 2392 contra
2928 2336 3172 2392 Docetas
3205 2337 3276 2406 (c.
3307 2337 3343 2389 5
3372 2340 3428 2390 et
3463 2335 3516 2404 6)
3547 2335 3892 2406 praedicam

463 2443 576 2498 Sed
607 2457 787 2512 supra
816 2439 931 2494 lit.I
960 2438 1579 2504 vidimus,Barnabam
1611 2439 1736 2492 sine
1768 2438 1944 2493 dubio
1967 2443 2106 2493 tunc
2217 2428 2464 2479 Conatus
2493 2429 2601 2480 68t-

460 2529 742 2600 temporis
773 2545 887 2582 non
921 2527 1173 2597 amplius
1203 2528 1264 2580 in
1292 2527 1435 2580 vivis
1468 2527 1719 2597 (legisse,
2284 2515 2338 2568 5.
2373 2513 2846 2586 Theologumena
2878 2513 3067 2569 multa
3095 2512 3362 2585 Epistolas
3390 2515 3892 2584 nostrai,preser-

532 2621 585 2672 3.
646 2617 846 2688 Capite
901 2618 935 2668 5
994 2615 1238 2686 apostoli
1299 2615 1428 2689 ὑπὲρ
1487 2621 1654 2666 πᾶσαν
1718 2612 1979 2688 ἁμαρτίαν
2044 2613 2099 2666 ἀ-

2268 2619 2318 2657 m
2349 2604 2539 2674 quoad
2571 2603 2944 2675 typologiam,
2979 2603 3282 2659 simillima
3312 2605 3451 2658 sunt.
3489 2602 3769 2659 doctrinae
3811 2605 3883 2660 S.

459 2706 762 2779 νομώτεροι
792 2709 1092 2760 vocantur.
1125 2704 1286 2758 Talia
1327 2705 1671 2774 Barnabam,
1707 2704 2103 2776 apostolorum
2213 2690 2428 2746 Justini
2460 2695 2513 2746 et
2545 2691 2908 2758 Tertulliani,
2965 2693 3088 2775 i._e.
3124 2691 3475 2763 scriptorum
3521 2689 3716 2747 saeculi
3764 2708 3888 2748 se-

461 2796 712 2862 socium,
745 2794 962 2849 dixisse
1009 2793 1102 2846 vix
1132 2798 1354 2862 putem.
1405 2795 1520 2847 Ista
1547 2800 1741 2846 autem
1787 2792 2104 2863 hyperbole
2215 2780 2410 2834 cundi-

463 2883 649 2940 multo
681 2881 868 2954 magis
899 2881 1138 2937 secundi
1170 2881 1360 2935 saeculi
1396 2881 1681 2936 rhetorem
1718 2881 1926 2951 prodit.

2283 2870 2338 2922 6.
2373 2869 2433 2923 In
2468 2869 2741 2925 omnibus
2784 2869 3082 2925 codicibus
3131 2868 3389 2940 antiquis
3418 2867 3674 2940 Epistola
3720 2869 3887 2925 Bar-

535 2973 728 3035 li.Quaa
751 2971 940 3042 capite
963 2969 1406 3024 10incredibilia
1427 2971 1497 3023 de
1520 2969 2105 3041 lepore,hya3na,etc.,
2216 2958 2378 3012 118st
2428 2961 2732 3030 postposita
2781 2970 2868 3014 est.
2916 2958 3173 3031 epistolae
3242 2958 3563 3030 Polycarpi,
3613 2957 3892 3016 fortasse

463 3058 1408 3134 proferuntur,magisnugatorem
1431 3057 2104 3130 allegorizantem,quam
2215 3047 2354 3116 quia
2376 3046 2600 3117 iunior,
2632 3052 2787 3102 certe
2819 3064 2933 3103 non
2967 3048 3153 3103 multo
3185 3045 3478 3118 antiquior
3524 3045 3887 3134 putabatur.

464 3132 862 3222 apostolorum
897 3147 1175 3203 redolent.
2285 3136 2339 3188 7.
2369 3136 2493 3190 Non
2535 3136 2617 3190 ita
2676 3135 2861 3191 multo
2922 3141 3053 3207 post
3107 3152 3328 3190 annum
3385 3135 3487 3189 1‘20
3545 3132 3890 3205 Epistolam

533 3240 587 3292 5.
623 3238 942 3301 Barnabas,
993 3235 1088 3306 qui
1123 3236 1448 3306 provincias
1498 3235 1646 3290 Asiae
1698 3236 1940 3290 Minoris
1972 3253 2104 3307 per-
2151 3302 2178 3307 _
2216 3229 2473 3279 nostrain
2509 3225 2901 3296 conscriptam
2933 3241 3081 3280 esse.

464 3326 1326 3398 agraverat.multosqueannos
1358 3325 1669 3378 Antiochiae
1694 3325 1750 3378 in
1775 3325 1938 3395 Syria
1958 3325 2108 3380 vixe-
2139 3302 2181 3368 (ἶ
2288 3313 2341 3384 α)
2375 3329 2440 3367 ΕΚ
2474 3314 2660 3384 capite
2693 3315 2759 3367 16
2788 3318 2962 3385 patet.
2997 3313 3097 3368 Ubi
3147 3314 3218 3368 de
3248 3311 3547 3368 eversione
3593 3311 3890 3368 Hieroso-

465 3421 577 3480 rat,
633 3417 779 3469 bene
827 3419 1189 3484 compertum
1244 3414 1458 3468 habere
1507 3413 1727 3478 debuit,
1781 3414 1993 3468 falsum
2049 3414 2104 3467 id
2430 3403 2593 3474 lymze
2624 3402 2707 3457 ita
2731 3403 3060 3468 disseritur,
3093 3406 3156 3457 ut
3187 3401 3380 3473 palam
3415 3401 3491 3456 sit
3522 3399 3723 3456 fEliam
3756 3401 3891 3457 Cv.-

466 3520 615 3568 esse,
666 3504 821 3573 quod
869 3504 1057 3573 capite
1101 3503 1135 3553 9
1185 3503 1531 3572 affirmatur,
1584 3520 1786 3557 omnes
1819 3503 2106 3558 idolorum
2430 3490 2734 3561 PitOIinnm
2783 3491 3044 3546 nondum
3095 3491 3166 3545 ab
3231 3491 3484 3545 Adriano
3536 3489 3716 3544 inisse
3767 3505 3894 3544 ex-

467 3591 796 3646 sacerdotes
827 3592 1116 3661 Syrosque
1147 3607 1349 3645 omnes
1380 3607 1506 3645 csse
1540 3591 1936 3647 circumcisos.
2434 3584 2739 3635 Strnotafm

537 3681 590 3733 6.
626 3679 948 3733 Innumerae
999 3677 1287 3748 allegoriae
1333 3680 1672 3748 nugatorias,
1708 3681 2025 3750 praesertim
2056 3697 2106 3734 c.
2295 3667 2347 3740 β)
2383 3671 2519 3723 Post
2549 3686 2771 3723 annum
2805 3668 3191 3740 137,890llnd0
3224 3666 3376 3723 bello
3404 3666 3640 3722 indaico
3674 3667 3888 3740 ﬁnitO,

466 3770 503 3823 5
531 3799 599 3808 --
633 3769 719 3838 11,
752 3767 824 3821 ab
872 3765 971 3820 illo
1003 3783 1117 3819 non
1173 3773 1418 3836 possunt
1448 3784 1575 3821 csse
1615 3770 1974 3840 conscriptae,
2009 3770 2108 3840 qui
2433 3757 2663 3812 nullum
2696 3757 2949 3829 amplius
2979 3757 3385 3813 Judaistarum
3418 3755 3742 3827 periculum
3777 3759 3900 3814 ad-

468 3861 705 3930 propter
733 3854 1074 3926 eloquentiae
1106 3856 1372 3908 ardorem
1405 3855 1476 3908 ab
1509 3857 1786 3925 apostolis
1818 3868 2008 3918 nam:
2039 3869 2111 3917 Ἴτ’.
2435 3863 2563 3902 esse
2594 3851 2839 3916 poterat.
2873 3846 3152 3917 Denique.

469 3951 560 4002 est
590 3945 938 4017 appellatus.
2293 3936 2348 4006 γ)
2379 3934 2582 3990 Celsus
2605 3936 2727 4004 jam
2757 3935 2910 3990 circa
2941 3951 3162 3989 annum
3221 3935 3460 3988 150-160
3489 3949 3557 3988 ex
3598 3932 3897 4003 Epistole

539 4035 798 4100 7.Quoad
830 4050 1028 4090 sacros
1055 4033 1388 4086 Judaeorum
1409 4032 1554 4086 ritus
1589 4031 1735 4087 falsa
1765 4035 2026 4104 quaedam
2053 4035 2111 4088 in

2437 4030 2648 4079 nostrae
2680 4040 2806 4095 cap.
2838 4025 2873 4078 5
2903 4023 3058 4097 (ὑπὲρ
3109 4026 3279 4076 πᾶσαν
3333 4020 3591 4096 ἁμαρτίαν
3641 4019 3898 4092 ἀνομώ-

469 4121 715 4193 epistola
762 4127 962 4176 nostra
1010 4138 1057 4173 c.
1089 4124 1124 4172 7
1173 4125 1229 4174 et
1273 4121 1305 4173 8
1355 4119 1645 4190 leguntur,
1695 4137 1822 4191 quae
1873 4123 2115 4176 Levitam
2435 4113 2604 4185 τεροι)
2637 4112 2898 4168 C(‘nViCia
2927 4116 3128 4167 contra
3157 4110 3450 4182 θροδῖοιοε
3485 4109 3753 4166 hii-“ﬁsse
3787 4114 3899 4166 Vi-

470 4211 821 4276 Barnabam,
852 4210 952 4280 qui
1004 4209 1225 4263 diutius
1273 4207 1686 4279 Hierosolymis
1736 4210 1972 4275 vixerat,
2008 4229 2114 4266 au-
2438 4202 2608 4256 dotnr
2636 4202 2770 4273 (91).

473 4301 693 4353 ctorem
725 4296 940 4352 habere
972 4315 1088 4351 non
1122 4303 1387 4369 possunt,
2298 4289 2388 4343 1V.
2418 4292 2778 4356 Quibusnam
2830 4289 3145 4345 lectoribus
3176 4289 3432 4362 Epistola
3471 4289 3643 4346 fuerit
3690 4289 3899 4346 desti-

546 4386 600 4438 8.
629 4384 884 4455 Epistola
913 4390 1114 4440 nostra
1145 4387 1360 4456 injuste
1394 4387 1463 4440 de,
1491 4387 1798 4442 Judaismo
1831 4388 2117 4459 disputat,
2228 4383 2386 4445 nata,
2430 4378 2657 4446 nullibi,
2691 4379 2993 4433 deﬁciente
3042 4377 3301 4450 pleniore
3334 4377 3705 4434 salutationis
3754 4378 3901 4434 for-

476 4473 982 4529 circumcisionem
1015 4476 1207 4529 carnis
1226 4474 1689 4546 superstitiosam
1725 4492 2118 4547 essepronun-
2228 4466 2406 4536 mnia,
2442 4467 2615 4522 Claris
2643 4468 2830 4522 verbis
2862 4483 3202 4539 expressum
3233 4467 3624 4539 est.0rigenes
3653 4465 3898 4537 episto-

476 4562 582 4618 tiat
613 4562 684 4633 (c.
716 4563 1118 4634 9),Sabbatum
1153 4562 1441 4632 vituperat
1471 4565 1543 4635 (c.
1580 4564 1854 4635 -15),leges
1887 4566 2118 4621 Mosisa
2225 4557 2341 4611 lam
2394 4561 2652 4612 nostram
2699 4556 3034 4612 catholicam
3081 4556 3384 4623 nominat,
3416 4556 3517 4611 sed
3565 4571 3633 4610 ex
3685 4556 3901 4626 capite

477 4651 698 4708 Judaeis
735 4668 846 4705 non
869 4652 938 4706 ad
971 4651 1220 4705 litteram
1247 4653 1655 4724 intelligendas
1674 4653 1852 4708 fuisse
1883 4660 2116 4709 conten-
2155 4665 2197 4726 ι)
2232 4647 2418 4718 primo
2450 4652 2505 4700 et
2530 4648 2642 4699 line
2675 4647 2810 4700 noni
2843 4645 3100 4717 ναίει,αά
3131 4653 3301 4700 certos
3331 4644 3616 4715 quosdam
3648 4642 3898 4715 ﬁdeles,

479 4741 565 4796 dit
596 4741 669 4811 (c.
705 4741 815 4808 10),
848 4745 904 4794 et
947 4741 1327 4795 cnconomiam
1363 4743 1586 4796 Veteris
1618 4743 1974 4796 Testameuti
2007 4761 2119 4798 non
2231 4737 2461 4789 arctz‘ori
2487 4733 2716 4789 vinculo
2748 4733 2972 4788 auctori
2995 4735 3255 4804 junctos,
3287 4733 3513 4788 litteras
3545 4732 3650 4787 has
3692 4732 3902 4792 fuisse

481 4828 787 4900 Evangelio
819 4831 1076 4896 demum,
1114 4831 1213 4883 sed
1237 4831 1360 4898 jam
1398 4829 1495 4883 illo
1529 4831 1639 4895 die,
1674 4847 1788 4899 quo
1820 4833 2005 4886 Moses
2037 4837 2120 4886 ts-
2233 4824 2850 4895 datas.Argumentum
2879 4823 3078 4894 prima:
3111 4822 3292 4894 partis
3321 4821 3578 4893 epistolae
3608 4824 3668 4876 et
3694 4822 3904 4880 totius

480 4917 651 4972 bulas
700 4917 845 4989 legis
876 4918 947 4971 de
1003 4917 1273 4971 manibus
1323 4919 1588 4989 projecit,
1646 4918 1922 4973 abolitam
1971 4936 2118 4986 esse,
2233 4913 2750 4968 demonstrationis
2802 4912 3112 4967 methodus
3165 4911 3439 4965 certiores
3475 4926 3580 4964 nos
3629 4909 3903 4979 faciunt,

477 5005 828 5077 Judaeosque
859 5009 998 5059 tunc
1033 5010 1444 5060 testamentum
1477 5007 1532 5060 in
1559 5015 1904 5077 perpetuum
1938 5009 2123 5079 perdi-
2233 5006 2527 5056 auctorem
2559 5001 2630 5056 ad
2682 5001 2865 5070 ﬁdeles
2895 5017 2923 5055 e
2951 5000 3172 5065 Iudaeis,
3225 4999 3351 5054 sine
3399 4998 3576 5053 dubio
3627 4997 3908 5056 Helleni-

479 5094 635 5150 disse
669 5095 836 5150 docet
867 5095 939 5165 (c.
967 5096 995 5147 4
1030 5099 1085 5149 et
1118 5096 1223 5163 11).
1249 5095 1469 5149 Cuncta
1498 5095 1617 5149 haec
1653 5112 1766 5150 non
1799 5113 1832 5150 a
1862 5097 2122 5152 Barnaba
2234 5095 2375 5158 stas,
2407 5089 2662 5145 instante
2693 5088 2948 5161 periculo
2993 5088 3395 5143 Judaistarum
3425 5087 3601 5142 verba
3648 5086 3900 5146 fecisse.

477 5190 792 5256 exspectes,
846 5184 964 5253 qui,
999 5189 1062 5238 ut
1111 5184 1308 5239 ﬁdeles
1342 5201 1371 5238 e
1402 5186 1674 5256 gentibus
1724 5189 1780 5238 et
1829 5201 1857 5238 e
1903 5186 2122 5241 Judzeis
2232 5180 2523 5235 Daniclem
2559 5177 2842 5233 Schenkel
2875 5176 3288 5247 Basileensem,
3317 5175 3566 5231 certiora
3595 5177 3668 5231 de
3697 5175 3901 5235 lecto-

473 5272 1239 5344 componeret,Antiochiam
1274 5278 1362 5327 est
1394 5273 1611 5328 missus
1639 5274 1764 5338 ;sed
1801 5275 2121 5330 secundum
2233 5270 2397 5323 ribus
2429 5270 2833 5340 prot‘erentem,
2867 5272 3082 5322 temere
3112 5265 3168 5320 id
3201 5267 3410 5337 egisse,
3446 5264 3585 5320 alibi
3628 5266 3901 5324 demon-

474 5361 754 5416 saaculum
785 5361 924 5417 talia
957 5361 1214 5433 sapiunt,
1268 5362 1638 5432 simile-mque
1691 5367 1890 5418 contra
1919 5364 2118 5419 Judai-
2233 5357 2546 5414 stravimus
2578 5357 2709 5428 (92).

550 5607 659 5678 (89)
689 5612 867 5662 l.‘om‘r.
901 5609 1278 5668 adversarium
1327 5615 1479 5683 Legz's
1527 5619 1576 5667 et
1627 5616 2041 5685 Prophetarum,
2077 5632 2113 5685 ι,

1954 5632 2041 5680 t’m,
2077 5632 2113 5685 ι,
2300 5607 2410 5685 (91)
2442 5605 2757 5685 _Origgan,_c.
2794 5605 2954 5685 (3313.,
2993 5622 3050 5659 n.
3081 5604 3171 5685 6_3,
3204 5608 3247 5658 t.
3284 5605 3324 5685 l,
3359 5621 3412 5675 p.
3447 5604 3569 5685 378.

2100 5679 2106 5685 ’
2299 5675 2410 5747 (92)
2441 5679 2504 5733 In
2538 5675 2734 5733 libello
2768 5694 2780 5732 :
2821 5681 2936 5732 Das
2983 5675 3398 5732 sendscurciben
3443 5676 3496 5729 d.
3547 5677 3612 5732 Α.
3665 5676 3895 5734 Barna-

475 5679 628 5755 eo.“
1398 5679 1412 5683 '
1731 5679 1742 5685 ·
2030 5679 2034 5680 ί
2100 5679 2106 5685 '
2299 5680 2410 5747 (92)
2441 5679 2504 5733 In
2538 5679 2734 5733 libello
2768 5694 2780 5732 ;
2821 5681 2853 5732 ι

551 5749 659 5822 (90)
693 5747 977 5818 Galland.,
1007 5751 1045 5807 l.
1082 5770 1154 5823 0.,
1190 5771 1246 5825 p.
1278 5770 1476 5809 xxxm.
2229 5752 2342 5820 bas,
2374 5755 2505 5822 etc.,
2539 5767 2599 5822 p.
2634 5750 2736 5806 132
2767 5765 2853 5819 sq.
