  <div class='ocr_page' id='page_1' title='image "/cluster/home/n/w/nwhite01/storage/ocr_20150623/2/hvd.32044073501421/374.png"; bbox 0 0 4086 6342; ppageno 0'>
   <div class='ocr_carea' id='block_1_1' title="bbox 231 438 355 500">
    <p class='ocr_par' dir='ltr' id='par_1_1' title="bbox 231 438 355 500">
     <span class='ocr_line' id='line_1_1' title="bbox 231 438 355 500; baseline 0 0"><span class='ocrx_word' id='word_1_1' title='bbox 231 438 355 500; x_wconf 76' lang='grc'>725</span> 
     </span>
    </p>
   </div>
   <div class='ocr_carea' id='block_1_2' title="bbox 238 750 1889 824">
    <p class='ocr_par' dir='ltr' id='par_1_2' title="bbox 238 750 1889 824">
     <span class='ocr_line' id='line_1_2' title="bbox 238 750 1889 824; baseline 0.001 -19"><span class='ocrx_word' id='word_1_2' title='bbox 238 753 490 805; x_wconf 82' lang='lat' dir='ltr'>conatus</span> <span class='ocrx_word' id='word_1_3' title='bbox 521 756 611 806; x_wconf 89' lang='lat' dir='ltr'>est</span> <span class='ocrx_word' id='word_1_4' title='bbox 653 750 970 823; x_wconf 90' lang='lat' dir='ltr'>Epistolam</span> <span class='ocrx_word' id='word_1_5' title='bbox 1002 752 1276 806; x_wconf 64' lang='lat' dir='ltr'>Barnabas</span> <span class='ocrx_word' id='word_1_6' title='bbox 1308 753 1622 824; x_wconf 82' lang='lat' dir='ltr'>genuinam</span> <span class='ocrx_word' id='word_1_7' title='bbox 1657 754 1889 823; x_wconf 86' lang='lat' dir='ltr'>quidem</span> 
     </span>
    </p>
   </div>
   <div class='ocr_carea' id='block_1_3' title="bbox 232 840 1893 912">
    <p class='ocr_par' dir='ltr' id='par_1_3' title="bbox 232 840 1893 912">
     <span class='ocr_line' id='line_1_3' title="bbox 232 840 1893 912; baseline 0.001 -18"><span class='ocrx_word' id='word_1_8' title='bbox 232 854 392 901; x_wconf 87' lang='lat' dir='ltr'>esse.</span> <span class='ocrx_word' id='word_1_9' title='bbox 424 842 520 895; x_wconf 88' lang='lat' dir='ltr'>sed</span> <span class='ocrx_word' id='word_1_10' title='bbox 554 856 668 894; x_wconf 91' lang='lat' dir='ltr'>non</span> <span class='ocrx_word' id='word_1_11' title='bbox 702 840 1341 912; x_wconf 82' lang='lat' dir='ltr'>integram,omnesque</span> <span class='ocrx_word' id='word_1_12' title='bbox 1374 844 1500 910; x_wconf 77' lang='lat' dir='ltr'>ejus</span> <span class='ocrx_word' id='word_1_13' title='bbox 1534 842 1893 912; x_wconf 89' lang='lat' dir='ltr'>partes,viris</span> 
     </span>
    </p>
   </div>
   <div class='ocr_carea' id='block_1_4' title="bbox 233 927 1889 1000">
    <p class='ocr_par' dir='ltr' id='par_1_4' title="bbox 233 927 1889 1000">
     <span class='ocr_line' id='line_1_4' title="bbox 233 927 1889 1000; baseline 0.001 -17"><span class='ocrx_word' id='word_1_14' title='bbox 233 928 427 984; x_wconf 86' lang='lat' dir='ltr'>doctis</span> <span class='ocrx_word' id='word_1_15' title='bbox 457 927 896 1000; x_wconf 89' lang='lat' dir='ltr'>displicentes,a</span> <span class='ocrx_word' id='word_1_16' title='bbox 927 929 1270 1000; x_wconf 86' lang='lat' dir='ltr'>therapeuta</span> <span class='ocrx_word' id='word_1_17' title='bbox 1301 932 1583 1000; x_wconf 86' lang='lat' dir='ltr'>quodam,</span> <span class='ocrx_word' id='word_1_18' title='bbox 1613 930 1889 985; x_wconf 86' lang='lat' dir='ltr'>Christia-</span> 
     </span>
    </p>
   </div>
   <div class='ocr_carea' id='block_1_5' title="bbox 232 1018 1894 1090">
    <p class='ocr_par' dir='ltr' id='par_1_5' title="bbox 232 1018 1894 1090">
     <span class='ocr_line' id='line_1_5' title="bbox 232 1018 1894 1090; baseline 0 -17"><span class='ocrx_word' id='word_1_19' title='bbox 232 1033 449 1073; x_wconf 90' lang='lat' dir='ltr'>norum</span> <span class='ocrx_word' id='word_1_20' title='bbox 484 1034 649 1073; x_wconf 90' lang='lat' dir='ltr'>sacra</span> <span class='ocrx_word' id='word_1_21' title='bbox 670 1018 1180 1089; x_wconf 88' lang='lat' dir='ltr'>secuto,originem</span> <span class='ocrx_word' id='word_1_22' title='bbox 1216 1020 1482 1088; x_wconf 82' lang='lat' dir='ltr'>traxisse,</span> <span class='ocrx_word' id='word_1_23' title='bbox 1511 1020 1609 1089; x_wconf 87' lang='lat' dir='ltr'>qui</span> <span class='ocrx_word' id='word_1_24' title='bbox 1646 1018 1894 1090; x_wconf 86' lang='lat' dir='ltr'>mystica</span> 
     </span>
    </p>
   </div>
   <div class='ocr_carea' id='block_1_6' title="bbox 229 1106 1889 1179">
    <p class='ocr_par' dir='ltr' id='par_1_6' title="bbox 229 1106 1889 1179">
     <span class='ocr_line' id='line_1_6' title="bbox 229 1106 1889 1179; baseline -0.001 -18"><span class='ocrx_word' id='word_1_25' title='bbox 229 1122 345 1161; x_wconf 87' lang='lat' dir='ltr'>sua</span> <span class='ocrx_word' id='word_1_26' title='bbox 375 1106 663 1178; x_wconf 78' lang='lat' dir='ltr'>sapientia</span> <span class='ocrx_word' id='word_1_27' title='bbox 691 1107 798 1161; x_wconf 93' lang='lat' dir='ltr'>viri</span> <span class='ocrx_word' id='word_1_28' title='bbox 832 1107 1134 1178; x_wconf 80' lang='lat' dir='ltr'>apostolici</span> <span class='ocrx_word' id='word_1_29' title='bbox 1178 1107 1401 1163; x_wconf 84' lang='lat' dir='ltr'>litteras</span> <span class='ocrx_word' id='word_1_30' title='bbox 1432 1124 1641 1179; x_wconf 88' lang='lat' dir='ltr'>augere</span> <span class='ocrx_word' id='word_1_31' title='bbox 1682 1109 1758 1162; x_wconf 86' lang='lat' dir='ltr'>sit</span> <span class='ocrx_word' id='word_1_32' title='bbox 1787 1125 1889 1161; x_wconf 88' lang='lat' dir='ltr'>au-</span> 
     </span>
    </p>
   </div>
   <div class='ocr_carea' id='block_1_7' title="bbox 230 1195 1890 1267">
    <p class='ocr_par' dir='ltr' id='par_1_7' title="bbox 230 1195 1890 1267">
     <span class='ocr_line' id='line_1_7' title="bbox 230 1195 1890 1267; baseline 0.001 -17"><span class='ocrx_word' id='word_1_33' title='bbox 230 1212 361 1250; x_wconf 88' lang='lat' dir='ltr'>sus.</span> <span class='ocrx_word' id='word_1_34' title='bbox 399 1195 516 1253; x_wconf 88' lang='lat' dir='ltr'>Nos</span> <span class='ocrx_word' id='word_1_35' title='bbox 546 1201 747 1251; x_wconf 89' lang='lat' dir='ltr'>contra</span> <span class='ocrx_word' id='word_1_36' title='bbox 778 1196 917 1250; x_wconf 88' lang='lat' dir='ltr'>alibi</span> <span class='ocrx_word' id='word_1_37' title='bbox 967 1196 1358 1267; x_wconf 81' lang='lat' dir='ltr'>integritatem</span> <span class='ocrx_word' id='word_1_38' title='bbox 1393 1196 1657 1267; x_wconf 78' lang='lat' dir='ltr'>Epistolas</span> <span class='ocrx_word' id='word_1_39' title='bbox 1699 1197 1890 1251; x_wconf 89' lang='lat' dir='ltr'>defen-</span> 
     </span>
    </p>
   </div>
   <div class='ocr_carea' id='block_1_8' title="bbox 227 1283 1883 1355">
    <p class='ocr_par' dir='ltr' id='par_1_8' title="bbox 227 1283 1883 1355">
     <span class='ocr_line' id='line_1_8' title="bbox 227 1283 1883 1355; baseline -0.001 -15"><span class='ocrx_word' id='word_1_40' title='bbox 227 1283 372 1340; x_wconf 93' lang='lat' dir='ltr'>dere</span> <span class='ocrx_word' id='word_1_41' title='bbox 402 1284 739 1340; x_wconf 87' lang='lat' dir='ltr'>studuimus</span> <span class='ocrx_word' id='word_1_42' title='bbox 770 1284 904 1355; x_wconf 64' lang='lat'>(94).</span> <span class='ocrx_word' id='word_1_43' title='bbox 960 1284 1169 1340; x_wconf 88' lang='lat' dir='ltr'>Paucis</span> <span class='ocrx_word' id='word_1_44' title='bbox 1200 1302 1355 1339; x_wconf 90' lang='lat' dir='ltr'>nunc</span> <span class='ocrx_word' id='word_1_45' title='bbox 1405 1302 1526 1339; x_wconf 91' lang='lat' dir='ltr'>rem</span> <span class='ocrx_word' id='word_1_46' title='bbox 1566 1284 1883 1341; x_wconf 86' lang='lat' dir='ltr'>absolvam.</span> 
     </span>
    </p>
   </div>
   <div class='ocr_carea' id='block_1_9' title="bbox 306 1426 1887 1499">
    <p class='ocr_par' dir='ltr' id='par_1_9' title="bbox 306 1426 1887 1499">
     <span class='ocr_line' id='line_1_9' title="bbox 306 1426 1887 1499; baseline -0.002 -17"><span class='ocrx_word' id='word_1_47' title='bbox 306 1429 359 1482; x_wconf 91' lang='grc'>1.</span> <span class='ocrx_word' id='word_1_48' title='bbox 394 1426 641 1483; x_wconf 69' lang='lat' dir='ltr'>Secunda</span> <span class='ocrx_word' id='word_1_49' title='bbox 670 1443 774 1483; x_wconf 89' lang='lat' dir='ltr'>seu</span> <span class='ocrx_word' id='word_1_50' title='bbox 823 1427 1170 1498; x_wconf 60' lang='lat' dir='ltr'>paraenetica</span> <span class='ocrx_word' id='word_1_51' title='bbox 1213 1444 1343 1497; x_wconf 88' lang='lat' dir='ltr'>pars</span> <span class='ocrx_word' id='word_1_52' title='bbox 1396 1427 1685 1499; x_wconf 65' lang='lat' dir='ltr'>Epistolis,</span> <span class='ocrx_word' id='word_1_53' title='bbox 1736 1446 1785 1481; x_wconf 89' lang='lat' dir='ltr'>c.</span> <span class='ocrx_word' id='word_1_54' title='bbox 1823 1430 1887 1481; x_wconf 85' lang='grc'>18</span> 
     </span>
    </p>
   </div>
   <div class='ocr_carea' id='block_1_10' title="bbox 231 1515 1888 1588">
    <p class='ocr_par' dir='ltr' id='par_1_10' title="bbox 231 1515 1888 1588">
     <span class='ocr_line' id='line_1_10' title="bbox 231 1515 1888 1588; baseline -0.001 -16"><span class='ocrx_word' id='word_1_55' title='bbox 231 1548 301 1558; x_wconf 88' lang='grc'><strong><em>-</em></strong></span> <span class='ocrx_word' id='word_1_56' title='bbox 330 1517 557 1588; x_wconf 65' lang='lat' dir='ltr'>21,quaa</span> <span class='ocrx_word' id='word_1_57' title='bbox 580 1518 706 1587; x_wconf 86' lang='lat' dir='ltr'>jam</span> <span class='ocrx_word' id='word_1_58' title='bbox 738 1520 871 1571; x_wconf 86' lang='lat' dir='ltr'>ante</span> <span class='ocrx_word' id='word_1_59' title='bbox 901 1516 1315 1571; x_wconf 85' lang='lat' dir='ltr'>Schenkelium</span> <span class='ocrx_word' id='word_1_60' title='bbox 1346 1535 1379 1571; x_wconf 89' lang='lat' dir='ltr'>a</span> <span class='ocrx_word' id='word_1_61' title='bbox 1410 1515 1681 1588; x_wconf 82' lang='lat' dir='ltr'>pluribus</span> <span class='ocrx_word' id='word_1_62' title='bbox 1702 1517 1759 1571; x_wconf 93' lang='lat' dir='ltr'>in</span> <span class='ocrx_word' id='word_1_63' title='bbox 1786 1518 1888 1572; x_wconf 52' lang='lat' dir='ltr'>duo</span> 
     </span>
    </p>
   </div>
   <div class='ocr_carea' id='block_1_11' title="bbox 227 1604 1885 1676">
    <p class='ocr_par' dir='ltr' id='par_1_11' title="bbox 227 1604 1885 1676">
     <span class='ocr_line' id='line_1_11' title="bbox 227 1604 1885 1676; baseline -0.001 -15"><span class='ocrx_word' id='word_1_64' title='bbox 227 1605 399 1661; x_wconf 90' lang='lat' dir='ltr'>bium</span> <span class='ocrx_word' id='word_1_65' title='bbox 418 1606 755 1674; x_wconf 88' lang='lat' dir='ltr'>vocabatur,</span> <span class='ocrx_word' id='word_1_66' title='bbox 788 1604 1000 1676; x_wconf 88' lang='lat' dir='ltr'>quippe</span> <span class='ocrx_word' id='word_1_67' title='bbox 1032 1622 1158 1676; x_wconf 78' lang='lat' dir='ltr'>quae</span> <span class='ocrx_word' id='word_1_68' title='bbox 1189 1605 1248 1660; x_wconf 91' lang='lat' dir='ltr'>in</span> <span class='ocrx_word' id='word_1_69' title='bbox 1280 1606 1454 1661; x_wconf 62' lang='lat' dir='ltr'>veteri</span> <span class='ocrx_word' id='word_1_70' title='bbox 1486 1606 1747 1661; x_wconf 87' lang='lat' dir='ltr'>versione</span> <span class='ocrx_word' id='word_1_71' title='bbox 1774 1607 1885 1661; x_wconf 70' lang='lat' dir='ltr'>La~</span> 
     </span>
    </p>
   </div>
   <div class='ocr_carea' id='block_1_12' title="bbox 230 1695 734 1761">
    <p class='ocr_par' dir='ltr' id='par_1_12' title="bbox 230 1695 734 1761">
     <span class='ocr_line' id='line_1_12' title="bbox 230 1695 734 1761; baseline 0 -12"><span class='ocrx_word' id='word_1_72' title='bbox 230 1695 360 1751; x_wconf 90' lang='lat' dir='ltr'>tina</span> <span class='ocrx_word' id='word_1_73' title='bbox 386 1711 504 1751; x_wconf 91' lang='lat' dir='ltr'>non</span> <span class='ocrx_word' id='word_1_74' title='bbox 529 1699 734 1761; x_wconf 84' lang='lat' dir='ltr'>exstet,</span> 
     </span>
    </p>
   </div>
   <div class='ocr_carea' id='block_1_13' title="bbox 302 1817 1883 1891">
    <p class='ocr_par' dir='ltr' id='par_1_13' title="bbox 302 1817 1883 1891">
     <span class='ocr_line' id='line_1_13' title="bbox 302 1817 1883 1891; baseline 0.001 -18"><span class='ocrx_word' id='word_1_75' title='bbox 302 1823 361 1889; x_wconf 86' lang='grc' dir='ltr'>α)</span> <span class='ocrx_word' id='word_1_76' title='bbox 383 1821 512 1891; x_wconf 86' lang='lat' dir='ltr'>jam</span> <span class='ocrx_word' id='word_1_77' title='bbox 563 1821 635 1876; x_wconf 90' lang='lat' dir='ltr'>ab</span> <span class='ocrx_word' id='word_1_78' title='bbox 682 1819 1115 1891; x_wconf 83' lang='lat' dir='ltr'>antiquissimis</span> <span class='ocrx_word' id='word_1_79' title='bbox 1169 1817 1287 1874; x_wconf 91' lang='lat' dir='ltr'>illis</span> <span class='ocrx_word' id='word_1_80' title='bbox 1336 1819 1739 1889; x_wconf 87' lang='lat' dir='ltr'>scriptoribus,</span> <span class='ocrx_word' id='word_1_81' title='bbox 1783 1819 1883 1891; x_wconf 90' lang='lat' dir='ltr'>qui</span> 
     </span>
    </p>
   </div>
   <div class='ocr_carea' id='block_1_14' title="bbox 412 1907 1883 1982">
    <p class='ocr_par' dir='ltr' id='par_1_14' title="bbox 412 1907 1883 1982">
     <span class='ocr_line' id='line_1_14' title="bbox 412 1907 1883 1982; baseline -0.001 -18"><span class='ocrx_word' id='word_1_82' title='bbox 412 1909 589 1982; x_wconf 83' lang='lat' dir='ltr'>primi</span> <span class='ocrx_word' id='word_1_83' title='bbox 648 1908 920 1981; x_wconf 67' lang='lat' dir='ltr'>Epistolas</span> <span class='ocrx_word' id='word_1_84' title='bbox 977 1908 1331 1965; x_wconf 87' lang='lat' dir='ltr'>mentionem</span> <span class='ocrx_word' id='word_1_85' title='bbox 1385 1908 1697 1977; x_wconf 85' lang='lat' dir='ltr'>faciebant,</span> <span class='ocrx_word' id='word_1_86' title='bbox 1764 1907 1883 1963; x_wconf 73' lang='lat' dir='ltr'>(lle-</span> 
     </span>
    </p>
   </div>
   <div class='ocr_carea' id='block_1_15' title="bbox 411 1966 1966 2068">
    <p class='ocr_par' dir='ltr' id='par_1_15' title="bbox 411 1966 1966 2068">
     <span class='ocr_line' id='line_1_15' title="bbox 411 1966 1966 2068; baseline -0.002 -15"><span class='ocrx_word' id='word_1_87' title='bbox 411 1966 607 2054; x_wconf 60' lang='lat' dir='ltr'>;nente</span> <span class='ocrx_word' id='word_1_88' title='bbox 653 1966 713 2052; x_wconf 72' lang='lat' dir='ltr'>et</span> <span class='ocrx_word' id='word_1_89' title='bbox 753 1996 1036 2068; x_wconf 88' lang='lat' dir='ltr'>Origene,</span> <span class='ocrx_word' id='word_1_90' title='bbox 1088 1995 1237 2052; x_wconf 87' lang='lat' dir='ltr'>lecta</span> <span class='ocrx_word' id='word_1_91' title='bbox 1275 2000 1381 2063; x_wconf 88' lang='lat' dir='ltr'>est,</span> <span class='ocrx_word' id='word_1_92' title='bbox 1434 2001 1491 2051; x_wconf 90' lang='lat' dir='ltr'>et</span> <span class='ocrx_word' id='word_1_93' title='bbox 1542 1966 1780 2051; x_wconf 74' lang='lat' dir='ltr'>laudata</span> <span class='ocrx_word' id='word_1_94' title='bbox 1835 2000 1887 2050; x_wconf 84' lang='lat' dir='ltr'>et</span> <span class='ocrx_word' id='word_1_95' title='bbox 1922 1966 1966 2029; x_wconf 77' lang='grc' dir='ltr'>Β</span> 
     </span>
    </p>
   </div>
   <div class='ocr_carea' id='block_1_16' title="bbox 416 2088 612 2143">
    <p class='ocr_par' dir='ltr' id='par_1_16' title="bbox 416 2088 612 2143">
     <span class='ocr_line' id='line_1_16' title="bbox 416 2088 612 2143; baseline -0.015 0"><span class='ocrx_word' id='word_1_96' title='bbox 416 2088 612 2143; x_wconf 87' lang='lat' dir='ltr'>citata.</span> 
     </span>
    </p>
   </div>
   <div class='ocr_carea' id='block_1_17' title="bbox 304 2174 1886 2249">
    <p class='ocr_par' dir='ltr' id='par_1_17' title="bbox 304 2174 1886 2249">
     <span class='ocr_line' id='line_1_17' title="bbox 304 2174 1886 2249; baseline -0.002 -17"><span class='ocrx_word' id='word_1_97' title='bbox 304 2176 365 2249; x_wconf 87' lang='grc' dir='ltr'>β)</span> <span class='ocrx_word' id='word_1_98' title='bbox 395 2177 609 2232; x_wconf 87' lang='lat' dir='ltr'>Eadem</span> <span class='ocrx_word' id='word_1_99' title='bbox 643 2176 702 2230; x_wconf 93' lang='lat' dir='ltr'>in</span> <span class='ocrx_word' id='word_1_100' title='bbox 736 2176 1033 2244; x_wconf 89' lang='lat' dir='ltr'>omnibus,</span> <span class='ocrx_word' id='word_1_101' title='bbox 1059 2192 1208 2246; x_wconf 90' lang='lat' dir='ltr'>quos</span> <span class='ocrx_word' id='word_1_102' title='bbox 1237 2174 1765 2241; x_wconf 78' lang='lat' dir='ltr'>habemus,Gra3cis</span> <span class='ocrx_word' id='word_1_103' title='bbox 1796 2192 1886 2229; x_wconf 92' lang='lat' dir='ltr'>co-</span> 
     </span>
    </p>
   </div>
   <div class='ocr_carea' id='block_1_18' title="bbox 412 2265 878 2321">
    <p class='ocr_par' dir='ltr' id='par_1_18' title="bbox 412 2265 878 2321">
     <span class='ocr_line' id='line_1_18' title="bbox 412 2265 878 2321; baseline -0.004 0"><span class='ocrx_word' id='word_1_104' title='bbox 412 2265 642 2321; x_wconf 89' lang='lat' dir='ltr'>dicibus</span> <span class='ocrx_word' id='word_1_105' title='bbox 672 2269 878 2320; x_wconf 80' lang='lat' dir='ltr'>exstat.</span> 
     </span>
    </p>
   </div>
   <div class='ocr_carea' id='block_1_19' title="bbox 300 2352 1885 2427">
    <p class='ocr_par' dir='ltr' id='par_1_19' title="bbox 300 2352 1885 2427">
     <span class='ocr_line' id='line_1_19' title="bbox 300 2352 1885 2427; baseline -0.002 -17"><span class='ocrx_word' id='word_1_106' title='bbox 300 2356 361 2427; x_wconf 89' lang='grc' dir='ltr'>γ)</span> <span class='ocrx_word' id='word_1_107' title='bbox 403 2355 528 2410; x_wconf 88' lang='lat' dir='ltr'>Non</span> <span class='ocrx_word' id='word_1_108' title='bbox 561 2354 760 2409; x_wconf 90' lang='lat' dir='ltr'>minus</span> <span class='ocrx_word' id='word_1_109' title='bbox 782 2354 840 2409; x_wconf 92' lang='lat' dir='ltr'>in</span> <span class='ocrx_word' id='word_1_110' title='bbox 868 2352 1287 2409; x_wconf 88' lang='lat' dir='ltr'>stichometriis</span> <span class='ocrx_word' id='word_1_111' title='bbox 1316 2357 1573 2409; x_wconf 88' lang='lat' dir='ltr'>veterum</span> <span class='ocrx_word' id='word_1_112' title='bbox 1601 2370 1736 2424; x_wconf 89' lang='lat' dir='ltr'>pars</span> <span class='ocrx_word' id='word_1_113' title='bbox 1767 2353 1885 2407; x_wconf 61' lang='lat' dir='ltr'>hinc</span> 
     </span>
    </p>
   </div>
   <div class='ocr_carea' id='block_1_20' title="bbox 418 2442 1145 2500">
    <p class='ocr_par' dir='ltr' id='par_1_20' title="bbox 418 2442 1145 2500">
     <span class='ocr_line' id='line_1_20' title="bbox 418 2442 1145 2500; baseline -0.003 -1"><span class='ocrx_word' id='word_1_114' title='bbox 418 2443 675 2500; x_wconf 90' lang='lat' dir='ltr'>secunda</span> <span class='ocrx_word' id='word_1_115' title='bbox 704 2442 1145 2498; x_wconf 89' lang='lat' dir='ltr'>numerabatur.</span> 
     </span>
    </p>
   </div>
   <div class='ocr_carea' id='block_1_21' title="bbox 308 2530 1885 2605">
    <p class='ocr_par' dir='ltr' id='par_1_21' title="bbox 308 2530 1885 2605">
     <span class='ocr_line' id='line_1_21' title="bbox 308 2530 1885 2605; baseline 0 -18"><span class='ocrx_word' id='word_1_116' title='bbox 308 2530 365 2604; x_wconf 75' lang='grc' dir='ltr'>ὃ)</span> <span class='ocrx_word' id='word_1_117' title='bbox 394 2534 591 2590; x_wconf 86' lang='lat' dir='ltr'>Sancti</span> <span class='ocrx_word' id='word_1_118' title='bbox 624 2532 789 2589; x_wconf 91' lang='lat' dir='ltr'>Pauli</span> <span class='ocrx_word' id='word_1_119' title='bbox 824 2549 1055 2605; x_wconf 89' lang='lat' dir='ltr'>quoque</span> <span class='ocrx_word' id='word_1_120' title='bbox 1084 2531 1354 2604; x_wconf 71' lang='lat' dir='ltr'>Epistolaa</span> <span class='ocrx_word' id='word_1_121' title='bbox 1402 2532 1550 2602; x_wconf 88' lang='lat' dir='ltr'>parti</span> <span class='ocrx_word' id='word_1_122' title='bbox 1592 2531 1885 2587; x_wconf 69' lang='lat' dir='ltr'>didactica:</span> 
     </span>
    </p>
   </div>
   <div class='ocr_carea' id='block_1_22' title="bbox 418 2622 1743 2694">
    <p class='ocr_par' dir='ltr' id='par_1_22' title="bbox 418 2622 1743 2694">
     <span class='ocr_line' id='line_1_22' title="bbox 418 2622 1743 2694; baseline -0.002 -16"><span class='ocrx_word' id='word_1_123' title='bbox 418 2623 662 2678; x_wconf 82' lang='lat' dir='ltr'>alteram</span> <span class='ocrx_word' id='word_1_124' title='bbox 694 2627 919 2693; x_wconf 88' lang='lat' dir='ltr'>partem</span> <span class='ocrx_word' id='word_1_125' title='bbox 954 2622 1362 2694; x_wconf 72' lang='lat' dir='ltr'>paraeneticam</span> <span class='ocrx_word' id='word_1_126' title='bbox 1396 2622 1743 2691; x_wconf 77' lang='lat' dir='ltr'>adjungunt.</span> 
     </span>
    </p>
   </div>
   <div class='ocr_carea' id='block_1_23' title="bbox 313 2710 1886 2784">
    <p class='ocr_par' dir='ltr' id='par_1_23' title="bbox 313 2710 1886 2784">
     <span class='ocr_line' id='line_1_23' title="bbox 313 2710 1886 2784; baseline 0 -20"><span class='ocrx_word' id='word_1_127' title='bbox 313 2714 365 2783; x_wconf 84' lang='grc' dir='ltr'>ε)</span> <span class='ocrx_word' id='word_1_128' title='bbox 397 2717 460 2768; x_wconf 89' lang='lat' dir='ltr'>In</span> <span class='ocrx_word' id='word_1_129' title='bbox 508 2716 672 2784; x_wconf 93' lang='lat' dir='ltr'>parte</span> <span class='ocrx_word' id='word_1_130' title='bbox 723 2712 979 2767; x_wconf 86' lang='lat' dir='ltr'>secunda</span> <span class='ocrx_word' id='word_1_131' title='bbox 1026 2712 1095 2765; x_wconf 93' lang='lat' dir='ltr'>de</span> <span class='ocrx_word' id='word_1_132' title='bbox 1140 2711 1371 2765; x_wconf 90' lang='lat' dir='ltr'>duabus</span> <span class='ocrx_word' id='word_1_133' title='bbox 1421 2710 1531 2765; x_wconf 91' lang='lat' dir='ltr'>viis</span> <span class='ocrx_word' id='word_1_134' title='bbox 1560 2710 1886 2773; x_wconf 88' lang='lat' dir='ltr'>disseritur,</span> 
     </span>
    </p>
   </div>
   <div class='ocr_carea' id='block_1_24' title="bbox 422 2799 1893 2874">
    <p class='ocr_par' dir='ltr' id='par_1_24' title="bbox 422 2799 1893 2874">
     <span class='ocr_line' id='line_1_24' title="bbox 422 2799 1893 2874; baseline -0.002 -18"><span class='ocrx_word' id='word_1_135' title='bbox 422 2818 673 2874; x_wconf 90' lang='lat' dir='ltr'>quarum</span> <span class='ocrx_word' id='word_1_136' title='bbox 697 2802 822 2872; x_wconf 90' lang='lat' dir='ltr'>jam</span> <span class='ocrx_word' id='word_1_137' title='bbox 858 2801 915 2855; x_wconf 92' lang='lat' dir='ltr'>in</span> <span class='ocrx_word' id='word_1_138' title='bbox 947 2804 1111 2871; x_wconf 93' lang='lat' dir='ltr'>parte</span> <span class='ocrx_word' id='word_1_139' title='bbox 1142 2799 1331 2871; x_wconf 89' lang='lat' dir='ltr'>prima</span> <span class='ocrx_word' id='word_1_140' title='bbox 1361 2816 1487 2871; x_wconf 89' lang='lat' dir='ltr'>cap.</span> <span class='ocrx_word' id='word_1_141' title='bbox 1522 2801 1550 2852; x_wconf 83' lang='grc'>4</span> <span class='ocrx_word' id='word_1_142' title='bbox 1584 2804 1639 2853; x_wconf 94' lang='lat' dir='ltr'>et</span> <span class='ocrx_word' id='word_1_143' title='bbox 1667 2801 1702 2852; x_wconf 87' lang='lat'>6</span> <span class='ocrx_word' id='word_1_144' title='bbox 1732 2814 1893 2853; x_wconf 87' lang='lat' dir='ltr'>men-</span> 
     </span>
    </p>
   </div>
   <div class='ocr_carea' id='block_1_25' title="bbox 415 2891 918 2947">
    <p class='ocr_par' dir='ltr' id='par_1_25' title="bbox 415 2891 918 2947">
     <span class='ocr_line' id='line_1_25' title="bbox 415 2891 918 2947; baseline -0.004 -1"><span class='ocrx_word' id='word_1_145' title='bbox 415 2891 499 2947; x_wconf 93' lang='lat' dir='ltr'>tio</span> <span class='ocrx_word' id='word_1_146' title='bbox 528 2891 718 2946; x_wconf 82' lang='lat' dir='ltr'>fuerat</span> <span class='ocrx_word' id='word_1_147' title='bbox 747 2891 918 2945; x_wconf 85' lang='lat' dir='ltr'>facta.</span> 
     </span>
    </p>
   </div>
   <div class='ocr_carea' id='block_1_26' title="bbox 308 2976 1890 3052">
    <p class='ocr_par' dir='ltr' id='par_1_26' title="bbox 308 2976 1890 3052">
     <span class='ocr_line' id='line_1_26' title="bbox 308 2976 1890 3052; baseline -0.002 -18"><span class='ocrx_word' id='word_1_148' title='bbox 308 2980 358 3047; x_wconf 80' lang='grc' dir='ltr'>ζ)</span> <span class='ocrx_word' id='word_1_149' title='bbox 394 2978 537 3052; x_wconf 81' lang='lat' dir='ltr'>Styli</span> <span class='ocrx_word' id='word_1_150' title='bbox 568 2978 965 3034; x_wconf 88' lang='lat' dir='ltr'>diversitatem</span> <span class='ocrx_word' id='word_1_151' title='bbox 997 2995 1065 3034; x_wconf 81' lang='lat' dir='ltr'>ex</span> <span class='ocrx_word' id='word_1_152' title='bbox 1094 2977 1321 3033; x_wconf 88' lang='lat' dir='ltr'>diversa</span> <span class='ocrx_word' id='word_1_153' title='bbox 1367 2978 1674 3045; x_wconf 88' lang='lat' dir='ltr'>utriusque</span> <span class='ocrx_word' id='word_1_154' title='bbox 1704 2976 1890 3048; x_wconf 89' lang='lat' dir='ltr'>partis</span> 
     </span>
    </p>
   </div>
   <div class='ocr_carea' id='block_1_27' title="bbox 419 3066 1610 3139">
    <p class='ocr_par' dir='ltr' id='par_1_27' title="bbox 419 3066 1610 3139">
     <span class='ocr_line' id='line_1_27' title="bbox 419 3066 1610 3139; baseline -0.003 -17"><span class='ocrx_word' id='word_1_155' title='bbox 419 3066 614 3123; x_wconf 88' lang='lat' dir='ltr'>indole</span> <span class='ocrx_word' id='word_1_156' title='bbox 639 3070 823 3123; x_wconf 86' lang='lat' dir='ltr'>ortam</span> <span class='ocrx_word' id='word_1_157' title='bbox 856 3081 985 3121; x_wconf 91' lang='lat' dir='ltr'>esse</span> <span class='ocrx_word' id='word_1_158' title='bbox 1018 3066 1182 3122; x_wconf 84' lang='lat' dir='ltr'>facile</span> <span class='ocrx_word' id='word_1_159' title='bbox 1206 3066 1610 3139; x_wconf 87' lang='lat' dir='ltr'>perspicimus.</span> 
     </span>
    </p>
   </div>
   <div class='ocr_carea' id='block_1_28' title="bbox 309 3154 1887 3228">
    <p class='ocr_par' dir='ltr' id='par_1_28' title="bbox 309 3154 1887 3228">
     <span class='ocr_line' id='line_1_28' title="bbox 309 3154 1887 3228; baseline -0.002 -16"><span class='ocrx_word' id='word_1_160' title='bbox 309 3158 366 3212; x_wconf 85' lang='lat'>2.</span> <span class='ocrx_word' id='word_1_161' title='bbox 400 3158 595 3212; x_wconf 80' lang='lat' dir='ltr'>Prima</span> <span class='ocrx_word' id='word_1_162' title='bbox 626 3170 856 3228; x_wconf 89' lang='lat' dir='ltr'>quoque</span> <span class='ocrx_word' id='word_1_163' title='bbox 886 3155 1160 3227; x_wconf 66' lang='lat' dir='ltr'>Epistolm</span> <span class='ocrx_word' id='word_1_164' title='bbox 1192 3172 1326 3227; x_wconf 89' lang='lat' dir='ltr'>pars</span> <span class='ocrx_word' id='word_1_165' title='bbox 1351 3154 1577 3226; x_wconf 86' lang='lat' dir='ltr'>integra</span> <span class='ocrx_word' id='word_1_166' title='bbox 1608 3158 1664 3209; x_wconf 89' lang='lat' dir='ltr'>et</span> <span class='ocrx_word' id='word_1_167' title='bbox 1694 3155 1764 3209; x_wconf 88' lang='lat' dir='ltr'>ab</span> <span class='ocrx_word' id='word_1_168' title='bbox 1795 3154 1887 3209; x_wconf 90' lang='lat' dir='ltr'>in-</span> 
     </span>
    </p>
   </div>
   <div class='ocr_carea' id='block_1_29' title="bbox 235 3242 1433 3318">
    <p class='ocr_par' dir='ltr' id='par_1_29' title="bbox 235 3242 1433 3318">
     <span class='ocr_line' id='line_1_29' title="bbox 235 3242 1433 3318; baseline -0.003 -17"><span class='ocrx_word' id='word_1_169' title='bbox 235 3244 729 3318; x_wconf 86' lang='lat' dir='ltr'>terpolationibus</span> <span class='ocrx_word' id='word_1_170' title='bbox 759 3242 944 3299; x_wconf 89' lang='lat' dir='ltr'>libera</span> <span class='ocrx_word' id='word_1_171' title='bbox 974 3248 1061 3299; x_wconf 91' lang='lat' dir='ltr'>est</span> <span class='ocrx_word' id='word_1_172' title='bbox 1092 3244 1433 3314; x_wconf 86' lang='lat' dir='ltr'>reputanda.</span> 
     </span>
    </p>
   </div>
   <div class='ocr_carea' id='block_1_30' title="bbox 1636 440 2254 505">
    <p class='ocr_par' dir='ltr' id='par_1_30' title="bbox 1636 440 2254 505">
     <span class='ocr_line' id='line_1_30' title="bbox 1636 440 2254 505; baseline 0 -3"><span class='ocrx_word' id='word_1_173' title='bbox 1636 440 2164 505; x_wconf 84' lang='lat' dir='ltr'>PROLEGOMEN</span> <span class='ocrx_word' id='word_1_174' title='bbox 2181 443 2225 503; x_wconf 84' lang='lat' dir='ltr'><strong>A</strong></span> <span class='ocrx_word' id='word_1_175' title='bbox 2241 487 2254 501; x_wconf 94' lang='lat'>.</span> 
     </span>
    </p>
   </div>
   <div class='ocr_carea' id='block_1_31' title="bbox 306 569 1972 646">
    <p class='ocr_par' dir='ltr' id='par_1_31' title="bbox 306 569 1972 646">
     <span class='ocr_line' id='line_1_31' title="bbox 306 569 1972 646; baseline 0 -21"><span class='ocrx_word' id='word_1_176' title='bbox 306 571 380 628; x_wconf 88' lang='lat' dir='ltr'>V.</span> <span class='ocrx_word' id='word_1_177' title='bbox 411 570 569 629; x_wconf 87' lang='lat' dir='ltr'>Idem</span> <span class='ocrx_word' id='word_1_178' title='bbox 594 569 685 628; x_wconf 84' lang='lat' dir='ltr'>vir</span> <span class='ocrx_word' id='word_1_179' title='bbox 712 571 938 640; x_wconf 89' lang='lat' dir='ltr'>doctus,</span> <span class='ocrx_word' id='word_1_180' title='bbox 984 570 1185 629; x_wconf 88' lang='lat' dir='ltr'>Daniel</span> <span class='ocrx_word' id='word_1_181' title='bbox 1229 572 1513 630; x_wconf 85' lang='lat' dir='ltr'>Schenkel</span> <span class='ocrx_word' id='word_1_182' title='bbox 1553 574 1687 645; x_wconf 88' lang='lat'>(93),</span> <span class='ocrx_word' id='word_1_183' title='bbox 1723 580 1789 630; x_wconf 90' lang='lat' dir='ltr'>ut</span> <span class='ocrx_word' id='word_1_184' title='bbox 1819 574 1889 627; x_wconf 85' lang='lat' dir='ltr'>li-</span> <span class='ocrx_word' id='word_1_185' title='bbox 1921 582 1972 646; x_wconf 79' lang='grc' dir='ltr'><strong>Α</strong></span> 
     </span>
    </p>
   </div>
   <div class='ocr_carea' id='block_1_32' title="bbox 230 660 1895 736">
    <p class='ocr_par' dir='ltr' id='par_1_32' title="bbox 230 660 1895 736">
     <span class='ocr_line' id='line_1_32' title="bbox 230 660 1895 736; baseline 0.001 -21"><span class='ocrx_word' id='word_1_186' title='bbox 230 663 359 717; x_wconf 88' lang='lat' dir='ltr'>tem</span> <span class='ocrx_word' id='word_1_187' title='bbox 404 661 476 716; x_wconf 90' lang='lat' dir='ltr'>de</span> <span class='ocrx_word' id='word_1_188' title='bbox 526 661 828 717; x_wconf 88' lang='lat' dir='ltr'>authentia</span> <span class='ocrx_word' id='word_1_189' title='bbox 877 660 1149 734; x_wconf 75' lang='lat' dir='ltr'>Epistolas</span> <span class='ocrx_word' id='word_1_190' title='bbox 1210 668 1601 734; x_wconf 89' lang='lat' dir='ltr'>componeret,</span> <span class='ocrx_word' id='word_1_191' title='bbox 1654 664 1895 736; x_wconf 85' lang='lat' dir='ltr'>probare</span> 
     </span>
    </p>
   </div>
   <div class='ocr_carea' id='block_1_33' title="bbox 3530 441 3649 503">
    <p class='ocr_par' dir='ltr' id='par_1_33' title="bbox 3530 441 3649 503">
     <span class='ocr_line' id='line_1_33' title="bbox 3530 441 3649 503; baseline 0.017 -2"><span class='ocrx_word' id='word_1_192' title='bbox 3530 441 3649 503; x_wconf 75' lang='grc'>726</span> 
     </span>
    </p>
   </div>
   <div class='ocr_carea' id='block_1_34' title="bbox 2181 574 3648 648">
    <p class='ocr_par' dir='ltr' id='par_1_34' title="bbox 2181 574 3648 648">
     <span class='ocr_line' id='line_1_34' title="bbox 2181 574 3648 648; baseline 0.002 -19"><span class='ocrx_word' id='word_1_193' title='bbox 2181 574 2451 646; x_wconf 81' lang='lat' dir='ltr'>genuinis</span> <span class='ocrx_word' id='word_1_194' title='bbox 2484 578 2621 630; x_wconf 88' lang='lat' dir='ltr'>sunt</span> <span class='ocrx_word' id='word_1_195' title='bbox 2652 579 2934 647; x_wconf 78' lang='lat' dir='ltr'>reputate.</span> <span class='ocrx_word' id='word_1_196' title='bbox 2990 576 3214 648; x_wconf 90' lang='lat' dir='ltr'>Ubique</span> <span class='ocrx_word' id='word_1_197' title='bbox 3256 575 3411 632; x_wconf 91' lang='lat' dir='ltr'>idem</span> <span class='ocrx_word' id='word_1_198' title='bbox 3460 576 3648 633; x_wconf 80' lang='lat' dir='ltr'>fervor</span> 
     </span>
    </p>
   </div>
   <div class='ocr_carea' id='block_1_35' title="bbox 2182 666 3278 721">
    <p class='ocr_par' dir='ltr' id='par_1_35' title="bbox 2182 666 3278 721">
     <span class='ocr_line' id='line_1_35' title="bbox 2182 666 3278 721; baseline 0.001 -1"><span class='ocrx_word' id='word_1_199' title='bbox 2182 670 2383 721; x_wconf 90' lang='lat' dir='ltr'>contra</span> <span class='ocrx_word' id='word_1_200' title='bbox 2406 666 2780 721; x_wconf 89' lang='lat' dir='ltr'>Judaismum</span> <span class='ocrx_word' id='word_1_201' title='bbox 2813 666 2979 721; x_wconf 89' lang='lat' dir='ltr'>nobis</span> <span class='ocrx_word' id='word_1_202' title='bbox 3010 666 3278 721; x_wconf 89' lang='lat' dir='ltr'>occurrit.</span> 
     </span>
    </p>
   </div>
   <div class='ocr_carea' id='block_1_36' title="bbox 2077 754 3647 827">
    <p class='ocr_par' dir='ltr' id='par_1_36' title="bbox 2077 754 3647 827">
     <span class='ocr_line' id='line_1_36' title="bbox 2077 754 3647 827; baseline 0.005 -22"><span class='ocrx_word' id='word_1_203' title='bbox 2077 754 2120 823; x_wconf 85' lang='grc' dir='ltr'>ε)</span> <span class='ocrx_word' id='word_1_204' title='bbox 2156 754 2459 825; x_wconf 86' lang='lat' dir='ltr'>Perperam</span> <span class='ocrx_word' id='word_1_205' title='bbox 2492 755 2869 809; x_wconf 79' lang='lat' dir='ltr'>Schenkelius</span> <span class='ocrx_word' id='word_1_206' title='bbox 2913 756 3183 819; x_wconf 77' lang='lat' dir='ltr'>affirmat,</span> <span class='ocrx_word' id='word_1_207' title='bbox 3220 758 3288 810; x_wconf 91' lang='lat' dir='ltr'>de</span> <span class='ocrx_word' id='word_1_208' title='bbox 3322 756 3475 813; x_wconf 86' lang='lat' dir='ltr'>Novo</span> <span class='ocrx_word' id='word_1_209' title='bbox 3505 773 3647 827; x_wconf 87' lang='lat' dir='ltr'>quo-</span> 
     </span>
    </p>
   </div>
   <div class='ocr_carea' id='block_1_37' title="bbox 2183 844 3645 913">
    <p class='ocr_par' dir='ltr' id='par_1_37' title="bbox 2183 844 3645 913">
     <span class='ocr_line' id='line_1_37' title="bbox 2183 844 3645 913; baseline 0.002 -16"><span class='ocrx_word' id='word_1_210' title='bbox 2183 858 2293 913; x_wconf 90' lang='lat' dir='ltr'>que</span> <span class='ocrx_word' id='word_1_211' title='bbox 2325 844 2704 897; x_wconf 88' lang='lat' dir='ltr'>Testamento</span> <span class='ocrx_word' id='word_1_212' title='bbox 2738 845 3026 899; x_wconf 89' lang='lat' dir='ltr'>contraria</span> <span class='ocrx_word' id='word_1_213' title='bbox 3058 845 3248 899; x_wconf 90' lang='lat' dir='ltr'>doceri</span> <span class='ocrx_word' id='word_1_214' title='bbox 3301 846 3354 899; x_wconf 92' lang='lat' dir='ltr'>in</span> <span class='ocrx_word' id='word_1_215' title='bbox 3400 844 3645 902; x_wconf 87' lang='lat' dir='ltr'>diversis</span> 
     </span>
    </p>
   </div>
   <div class='ocr_carea' id='block_1_38' title="bbox 2180 932 2487 1003">
    <p class='ocr_par' dir='ltr' id='par_1_38' title="bbox 2180 932 2487 1003">
     <span class='ocr_line' id='line_1_38' title="bbox 2180 932 2487 1003; baseline -0.003 -17"><span class='ocrx_word' id='word_1_216' title='bbox 2180 932 2487 1003; x_wconf 83' lang='lat' dir='ltr'>capitibus.</span> 
     </span>
    </p>
   </div>
   <div class='ocr_carea' id='block_1_39' title="bbox 2077 1021 3644 1094">
    <p class='ocr_par' dir='ltr' id='par_1_39' title="bbox 2077 1021 3644 1094">
     <span class='ocr_line' id='line_1_39' title="bbox 2077 1021 3644 1094; baseline 0.001 -18"><span class='ocrx_word' id='word_1_217' title='bbox 2077 1024 2123 1089; x_wconf 85' lang='grc' dir='ltr'>ζ)</span> <span class='ocrx_word' id='word_1_218' title='bbox 2155 1022 2279 1075; x_wconf 80' lang='lat' dir='ltr'>lam</span> <span class='ocrx_word' id='word_1_219' title='bbox 2314 1021 2583 1075; x_wconf 88' lang='lat' dir='ltr'>Clemens</span> <span class='ocrx_word' id='word_1_220' title='bbox 2634 1021 3081 1085; x_wconf 75' lang='lat' dir='ltr'>Alexandrinus,</span> <span class='ocrx_word' id='word_1_221' title='bbox 3116 1024 3213 1093; x_wconf 91' lang='lat' dir='ltr'>qui</span> <span class='ocrx_word' id='word_1_222' title='bbox 3257 1023 3481 1093; x_wconf 86' lang='lat' dir='ltr'>primus</span> <span class='ocrx_word' id='word_1_223' title='bbox 3512 1023 3644 1094; x_wconf 85' lang='lat' dir='ltr'>Epi-</span> 
     </span>
    </p>
   </div>
   <div class='ocr_carea' id='block_1_40' title="bbox 2178 1110 3648 1183">
    <p class='ocr_par' dir='ltr' id='par_1_40' title="bbox 2178 1110 3648 1183">
     <span class='ocr_line' id='line_1_40' title="bbox 2178 1110 3648 1183; baseline 0.001 -20"><span class='ocrx_word' id='word_1_224' title='bbox 2178 1110 2337 1163; x_wconf 71' lang='lat' dir='ltr'>stolze</span> <span class='ocrx_word' id='word_1_225' title='bbox 2371 1117 2580 1165; x_wconf 60' lang='lat' dir='ltr'>nostra:</span> <span class='ocrx_word' id='word_1_226' title='bbox 2615 1110 3102 1181; x_wconf 89' lang='lat' dir='ltr'>meminit,capita</span> <span class='ocrx_word' id='word_1_227' title='bbox 3138 1113 3247 1166; x_wconf 89' lang='lat' dir='ltr'>ista</span> <span class='ocrx_word' id='word_1_228' title='bbox 3278 1112 3648 1183; x_wconf 85' lang='lat' dir='ltr'>displicentia</span> 
     </span>
    </p>
   </div>
   <div class='ocr_carea' id='block_1_41' title="bbox 2179 1198 3645 1271">
    <p class='ocr_par' dir='ltr' id='par_1_41' title="bbox 2179 1198 3645 1271">
     <span class='ocr_line' id='line_1_41' title="bbox 2179 1198 3645 1271; baseline 0.003 -20"><span class='ocrx_word' id='word_1_229' title='bbox 2179 1198 2319 1269; x_wconf 83' lang='lat' dir='ltr'>legit</span> <span class='ocrx_word' id='word_1_230' title='bbox 2344 1204 2401 1253; x_wconf 91' lang='lat' dir='ltr'>et</span> <span class='ocrx_word' id='word_1_231' title='bbox 2430 1198 2709 1263; x_wconf 88' lang='lat' dir='ltr'>laudavit,</span> <span class='ocrx_word' id='word_1_232' title='bbox 2743 1204 2795 1253; x_wconf 89' lang='lat' dir='ltr'>et</span> <span class='ocrx_word' id='word_1_233' title='bbox 2841 1218 2911 1255; x_wconf 88' lang='lat' dir='ltr'>ne</span> <span class='ocrx_word' id='word_1_234' title='bbox 2943 1200 3254 1255; x_wconf 89' lang='lat' dir='ltr'>minimum</span> <span class='ocrx_word' id='word_1_235' title='bbox 3287 1202 3522 1271; x_wconf 91' lang='lat' dir='ltr'>quidem</span> <span class='ocrx_word' id='word_1_236' title='bbox 3556 1200 3645 1255; x_wconf 90' lang='lat' dir='ltr'>in-</span> 
     </span>
    </p>
   </div>
   <div class='ocr_carea' id='block_1_42' title="bbox 2177 1289 3459 1360">
    <p class='ocr_par' dir='ltr' id='par_1_42' title="bbox 2177 1289 3459 1360">
     <span class='ocr_line' id='line_1_42' title="bbox 2177 1289 3459 1360; baseline 0.001 -18"><span class='ocrx_word' id='word_1_237' title='bbox 2177 1289 2579 1360; x_wconf 85' lang='lat' dir='ltr'>terpolationis</span> <span class='ocrx_word' id='word_1_238' title='bbox 2610 1290 3013 1344; x_wconf 88' lang='lat' dir='ltr'>testimonium</span> <span class='ocrx_word' id='word_1_239' title='bbox 3058 1289 3221 1343; x_wconf 86' lang='lat' dir='ltr'>ullibi</span> <span class='ocrx_word' id='word_1_240' title='bbox 3252 1295 3459 1345; x_wconf 84' lang='lat' dir='ltr'>exstat.</span> 
     </span>
    </p>
   </div>
   <div class='ocr_carea' id='block_1_43' title="bbox 2068 1377 3634 1435">
    <p class='ocr_par' dir='ltr' id='par_1_43' title="bbox 2068 1377 3634 1435">
     <span class='ocr_line' id='line_1_43' title="bbox 2068 1377 3634 1435; baseline 0.003 -6"><span class='ocrx_word' id='word_1_241' title='bbox 2068 1377 2161 1432; x_wconf 89' lang='lat' dir='ltr'>Vl.</span> <span class='ocrx_word' id='word_1_242' title='bbox 2200 1379 2274 1433; x_wconf 90' lang='lat' dir='ltr'>De</span> <span class='ocrx_word' id='word_1_243' title='bbox 2306 1380 2569 1434; x_wconf 89' lang='lat' dir='ltr'>doctrina</span> <span class='ocrx_word' id='word_1_244' title='bbox 2599 1380 2877 1433; x_wconf 73' lang='lat' dir='ltr'>Barnabrc</span> <span class='ocrx_word' id='word_1_245' title='bbox 2930 1382 3031 1433; x_wconf 88' lang='lat' dir='ltr'>cfr.</span> <span class='ocrx_word' id='word_1_246' title='bbox 3081 1379 3340 1435; x_wconf 90' lang='lat' dir='ltr'>libellum</span> <span class='ocrx_word' id='word_1_247' title='bbox 3391 1396 3585 1435; x_wconf 91' lang='lat' dir='ltr'>meum</span> <span class='ocrx_word' id='word_1_248' title='bbox 3623 1397 3634 1433; x_wconf 91' lang='lat'>:</span> 
     </span>
    </p>
   </div>
   <div class='ocr_carea' id='block_1_44' title="bbox 1999 1466 3643 1541">
    <p class='ocr_par' dir='ltr' id='par_1_44' title="bbox 1999 1466 3643 1541">
     <span class='ocr_line' id='line_1_44' title="bbox 1999 1466 3643 1541; baseline 0.001 -20"><span class='ocrx_word' id='word_1_249' title='bbox 1999 1471 2107 1522; x_wconf 83' lang='lat' dir='ltr'>Das</span> <span class='ocrx_word' id='word_1_250' title='bbox 2150 1466 2547 1523; x_wconf 78' lang='lat' dir='ltr'>Sedschreibcn</span> <span class='ocrx_word' id='word_1_251' title='bbox 2580 1470 2632 1521; x_wconf 81' lang='grc' dir='ltr'>(ί.</span> <span class='ocrx_word' id='word_1_252' title='bbox 2688 1471 2751 1522; x_wconf 88' lang='lat' dir='ltr'>A.</span> <span class='ocrx_word' id='word_1_253' title='bbox 2808 1470 3107 1529; x_wconf 82' lang='lat' dir='ltr'>Barnabas.</span> <span class='ocrx_word' id='word_1_254' title='bbox 3159 1474 3289 1539; x_wconf 84' lang='lat' dir='ltr'>etc.,</span> <span class='ocrx_word' id='word_1_255' title='bbox 3337 1487 3390 1541; x_wconf 93' lang='lat' dir='ltr'>p.</span> <span class='ocrx_word' id='word_1_256' title='bbox 3438 1471 3543 1523; x_wconf 74' lang='grc'>242</span> <span class='ocrx_word' id='word_1_257' title='bbox 3575 1501 3643 1510; x_wconf 89' lang='grc'><strong><em>-</em></strong></span> 
     </span>
    </p>
   </div>
   <div class='ocr_carea' id='block_1_45' title="bbox 1995 1556 3640 1627">
    <p class='ocr_par' dir='ltr' id='par_1_45' title="bbox 1995 1556 3640 1627">
     <span class='ocr_line' id='line_1_45' title="bbox 1995 1556 3640 1627; baseline 0.003 -19"><span class='ocrx_word' id='word_1_258' title='bbox 1995 1556 2207 1610; x_wconf 77' lang='lat' dir='ltr'>262.De</span> <span class='ocrx_word' id='word_1_259' title='bbox 2236 1557 2434 1611; x_wconf 90' lang='lat' dir='ltr'>eadem</span> <span class='ocrx_word' id='word_1_260' title='bbox 2473 1572 2529 1611; x_wconf 90' lang='lat' dir='ltr'>re</span> <span class='ocrx_word' id='word_1_261' title='bbox 2560 1557 2939 1627; x_wconf 86' lang='lat' dir='ltr'>disputarunt</span> <span class='ocrx_word' id='word_1_262' title='bbox 2969 1558 3276 1623; x_wconf 78' lang='lat' dir='ltr'>Franke,in</span> <span class='ocrx_word' id='word_1_263' title='bbox 3311 1558 3640 1614; x_wconf 79' lang='lat' dir='ltr'>Rudelbach.</span> 
     </span>
    </p>
   </div>
   <div class='ocr_carea' id='block_1_46' title="bbox 1996 1644 3642 1717">
    <p class='ocr_par' dir='ltr' id='par_1_46' title="bbox 1996 1644 3642 1717">
     <span class='ocr_line' id='line_1_46' title="bbox 1996 1644 3642 1717; baseline 0.001 -20"><span class='ocrx_word' id='word_1_264' title='bbox 1996 1648 2051 1697; x_wconf 91' lang='lat' dir='ltr'>et</span> <span class='ocrx_word' id='word_1_265' title='bbox 2082 1644 2330 1699; x_wconf 89' lang='lat' dir='ltr'>Gueribe</span> <span class='ocrx_word' id='word_1_266' title='bbox 2365 1663 2377 1703; x_wconf 85' lang='lat'>:</span> <span class='ocrx_word' id='word_1_267' title='bbox 2412 1646 2725 1713; x_wconf 78' lang='lat' dir='ltr'>Zeitschrift</span> <span class='ocrx_word' id='word_1_268' title='bbox 2749 1646 2848 1717; x_wconf 82' lang='lat' dir='ltr'>fur</span> <span class='ocrx_word' id='word_1_269' title='bbox 2893 1646 3033 1700; x_wconf 80' lang='lat' dir='ltr'>lulh.</span> <span class='ocrx_word' id='word_1_270' title='bbox 3072 1646 3275 1713; x_wconf 78' lang='lat' dir='ltr'>Theot.,</span> <span class='ocrx_word' id='word_1_271' title='bbox 3307 1651 3439 1715; x_wconf 89' lang='lat' dir='ltr'>etc.,</span> <span class='ocrx_word' id='word_1_272' title='bbox 3483 1648 3642 1713; x_wconf 79' lang='grc'>1840,</span> 
     </span>
    </p>
   </div>
   <div class='ocr_carea' id='block_1_47' title="bbox 1994 1734 3643 1806">
    <p class='ocr_par' dir='ltr' id='par_1_47' title="bbox 1994 1734 3643 1806">
     <span class='ocr_line' id='line_1_47' title="bbox 1994 1734 3643 1806; baseline 0.003 -21"><span class='ocrx_word' id='word_1_273' title='bbox 1994 1736 2155 1787; x_wconf 90' lang='lat' dir='ltr'>Fasc.</span> <span class='ocrx_word' id='word_1_274' title='bbox 2192 1751 2255 1802; x_wconf 88' lang='grc' dir='ltr'>ιι,</span> <span class='ocrx_word' id='word_1_275' title='bbox 2288 1739 2343 1787; x_wconf 90' lang='lat' dir='ltr'>et</span> <span class='ocrx_word' id='word_1_276' title='bbox 2373 1751 2480 1788; x_wconf 91' lang='lat' dir='ltr'>van</span> <span class='ocrx_word' id='word_1_277' title='bbox 2534 1734 2709 1799; x_wconf 89' lang='lat' dir='ltr'>Gilse,</span> <span class='ocrx_word' id='word_1_278' title='bbox 2763 1734 2953 1806; x_wconf 89' lang='lat' dir='ltr'>Heyns</span> <span class='ocrx_word' id='word_1_279' title='bbox 3001 1738 3057 1788; x_wconf 92' lang='lat' dir='ltr'>et</span> <span class='ocrx_word' id='word_1_280' title='bbox 3102 1735 3315 1789; x_wconf 90' lang='lat' dir='ltr'>Junius</span> <span class='ocrx_word' id='word_1_281' title='bbox 3365 1735 3421 1789; x_wconf 92' lang='lat' dir='ltr'>in</span> <span class='ocrx_word' id='word_1_282' title='bbox 3456 1735 3643 1790; x_wconf 89' lang='lat' dir='ltr'>tribus</span> 
     </span>
    </p>
   </div>
   <div class='ocr_carea' id='block_1_48' title="bbox 1995 1824 3648 1896">
    <p class='ocr_par' dir='ltr' id='par_1_48' title="bbox 1995 1824 3648 1896">
     <span class='ocr_line' id='line_1_48' title="bbox 1995 1824 3648 1896; baseline 0.001 -19"><span class='ocrx_word' id='word_1_283' title='bbox 1995 1824 2487 1877; x_wconf 89' lang='lat' dir='ltr'>commentatibus</span> <span class='ocrx_word' id='word_1_284' title='bbox 2537 1824 2607 1878; x_wconf 89' lang='lat' dir='ltr'>de</span> <span class='ocrx_word' id='word_1_285' title='bbox 2677 1824 2967 1895; x_wconf 88' lang='lat' dir='ltr'>theologia</span> <span class='ocrx_word' id='word_1_286' title='bbox 3014 1824 3249 1878; x_wconf 90' lang='lat' dir='ltr'>Patrum</span> <span class='ocrx_word' id='word_1_287' title='bbox 3305 1824 3648 1896; x_wconf 88' lang='lat' dir='ltr'>apostolico-</span> 
     </span>
    </p>
   </div>
   <div class='ocr_carea' id='block_1_49' title="bbox 1999 1910 3647 1984">
    <p class='ocr_par' dir='ltr' id='par_1_49' title="bbox 1999 1910 3647 1984">
     <span class='ocr_line' id='line_1_49' title="bbox 1999 1910 3647 1984; baseline 0.001 -18"><span class='ocrx_word' id='word_1_288' title='bbox 1999 1928 2130 1967; x_wconf 91' lang='lat' dir='ltr'>rum</span> <span class='ocrx_word' id='word_1_289' title='bbox 2182 1910 2411 1981; x_wconf 88' lang='lat' dir='ltr'>morali,</span> <span class='ocrx_word' id='word_1_290' title='bbox 2462 1913 2534 1967; x_wconf 87' lang='lat' dir='ltr'>ab</span> <span class='ocrx_word' id='word_1_291' title='bbox 2586 1913 2896 1967; x_wconf 75' lang='lat' dir='ltr'>Academia</span> <span class='ocrx_word' id='word_1_292' title='bbox 2941 1913 3461 1984; x_wconf 85' lang='lat' dir='ltr'>Lugdune-Batava</span> <span class='ocrx_word' id='word_1_293' title='bbox 3508 1914 3647 1967; x_wconf 89' lang='grc'>1833</span> 
     </span>
    </p>
   </div>
   <div class='ocr_carea' id='block_1_50' title="bbox 1998 2001 2512 2073">
    <p class='ocr_par' dir='ltr' id='par_1_50' title="bbox 1998 2001 2512 2073">
     <span class='ocr_line' id='line_1_50' title="bbox 1998 2001 2512 2073; baseline -0.004 -17"><span class='ocrx_word' id='word_1_294' title='bbox 1998 2001 2235 2073; x_wconf 80' lang='lat' dir='ltr'>praemio</span> <span class='ocrx_word' id='word_1_295' title='bbox 2268 2002 2512 2056; x_wconf 91' lang='lat' dir='ltr'>ornatis.</span> 
     </span>
    </p>
   </div>
   <div class='ocr_carea' id='block_1_51' title="bbox 2067 2088 3644 2161">
    <p class='ocr_par' dir='ltr' id='par_1_51' title="bbox 2067 2088 3644 2161">
     <span class='ocr_line' id='line_1_51' title="bbox 2067 2088 3644 2161; baseline 0.003 -19"><span class='ocrx_word' id='word_1_296' title='bbox 2067 2090 2189 2143; x_wconf 84' lang='lat' dir='ltr'>VII.</span> <span class='ocrx_word' id='word_1_297' title='bbox 2224 2091 2359 2144; x_wconf 89' lang='lat' dir='ltr'>Post</span> <span class='ocrx_word' id='word_1_298' title='bbox 2389 2090 2775 2161; x_wconf 86' lang='lat' dir='ltr'>Nicephorum</span> <span class='ocrx_word' id='word_1_299' title='bbox 2809 2088 3199 2161; x_wconf 87' lang='lat' dir='ltr'>patriarcham</span> <span class='ocrx_word' id='word_1_300' title='bbox 3232 2090 3644 2146; x_wconf 87' lang='lat' dir='ltr'>Constantino-</span> 
     </span>
    </p>
   </div>
   <div class='ocr_carea' id='block_1_52' title="bbox 1998 2178 3645 2249">
    <p class='ocr_par' dir='ltr' id='par_1_52' title="bbox 1998 2178 3645 2249">
     <span class='ocr_line' id='line_1_52' title="bbox 1998 2178 3645 2249; baseline 0.001 -17"><span class='ocrx_word' id='word_1_301' title='bbox 1998 2178 2321 2249; x_wconf 88' lang='lat' dir='ltr'>politanum</span> <span class='ocrx_word' id='word_1_302' title='bbox 2355 2178 2405 2247; x_wconf 57' lang='grc' dir='ltr'>(τι</span> <span class='ocrx_word' id='word_1_303' title='bbox 2438 2180 2563 2245; x_wconf 74' lang='grc'>828)</span> <span class='ocrx_word' id='word_1_304' title='bbox 2596 2184 2653 2232; x_wconf 88' lang='lat' dir='ltr'>et</span> <span class='ocrx_word' id='word_1_305' title='bbox 2706 2184 3003 2233; x_wconf 89' lang='lat' dir='ltr'>auctorem</span> <span class='ocrx_word' id='word_1_306' title='bbox 3051 2178 3301 2249; x_wconf 81' lang='lat' dir='ltr'>antiquae</span> <span class='ocrx_word' id='word_1_307' title='bbox 3334 2180 3645 2249; x_wconf 90' lang='lat' dir='ltr'>cujusdam</span> 
     </span>
    </p>
   </div>
   <div class='ocr_carea' id='block_1_53' title="bbox 1997 2267 3645 2339">
    <p class='ocr_par' dir='ltr' id='par_1_53' title="bbox 1997 2267 3645 2339">
     <span class='ocr_line' id='line_1_53' title="bbox 1997 2267 3645 2339; baseline 0.001 -17"><span class='ocrx_word' id='word_1_308' title='bbox 1997 2267 2437 2337; x_wconf 68' lang='lat' dir='ltr'>Stichometriaz,</span> <span class='ocrx_word' id='word_1_309' title='bbox 2472 2286 2505 2321; x_wconf 90' lang='lat' dir='ltr'>a</span> <span class='ocrx_word' id='word_1_310' title='bbox 2536 2267 2817 2321; x_wconf 88' lang='lat' dir='ltr'>Cotelerio</span> <span class='ocrx_word' id='word_1_311' title='bbox 2868 2268 3151 2338; x_wconf 71' lang='lat' dir='ltr'>pulicatze,</span> <span class='ocrx_word' id='word_1_312' title='bbox 3206 2285 3391 2339; x_wconf 88' lang='lat' dir='ltr'>usque</span> <span class='ocrx_word' id='word_1_313' title='bbox 3436 2269 3509 2323; x_wconf 90' lang='lat' dir='ltr'>ad</span> <span class='ocrx_word' id='word_1_314' title='bbox 3541 2285 3645 2323; x_wconf 69' lang='lat' dir='ltr'>saa-</span> 
     </span>
    </p>
   </div>
   <div class='ocr_carea' id='block_1_54' title="bbox 1997 2355 3647 2427">
    <p class='ocr_par' dir='ltr' id='par_1_54' title="bbox 1997 2355 3647 2427">
     <span class='ocr_line' id='line_1_54' title="bbox 1997 2355 3647 2427; baseline 0.002 -17"><span class='ocrx_word' id='word_1_315' title='bbox 1997 2355 2197 2410; x_wconf 90' lang='lat' dir='ltr'>culum</span> <span class='ocrx_word' id='word_1_316' title='bbox 2224 2372 2340 2411; x_wconf 80' lang='lat' dir='ltr'>xvu</span> <span class='ocrx_word' id='word_1_317' title='bbox 2365 2372 2532 2410; x_wconf 90' lang='lat' dir='ltr'>nemo</span> <span class='ocrx_word' id='word_1_318' title='bbox 2556 2355 2819 2427; x_wconf 68' lang='lat' dir='ltr'>Epistolas</span> <span class='ocrx_word' id='word_1_319' title='bbox 2844 2360 3051 2411; x_wconf 73' lang='lat' dir='ltr'>nostra:</span> <span class='ocrx_word' id='word_1_320' title='bbox 3076 2356 3340 2411; x_wconf 86' lang='lat' dir='ltr'>notitiam</span> <span class='ocrx_word' id='word_1_321' title='bbox 3366 2356 3647 2413; x_wconf 88' lang='lat' dir='ltr'>habuisse</span> 
     </span>
    </p>
   </div>
   <div class='ocr_carea' id='block_1_55' title="bbox 1997 2444 2242 2499">
    <p class='ocr_par' dir='ltr' id='par_1_55' title="bbox 1997 2444 2242 2499">
     <span class='ocr_line' id='line_1_55' title="bbox 1997 2444 2242 2499; baseline 0 -1"><span class='ocrx_word' id='word_1_322' title='bbox 1997 2444 2242 2499; x_wconf 83' lang='lat' dir='ltr'>videtur.</span> 
     </span>
    </p>
   </div>
   <div class='ocr_carea' id='block_1_56' title="bbox 2069 2533 3645 2606">
    <p class='ocr_par' dir='ltr' id='par_1_56' title="bbox 2069 2533 3645 2606">
     <span class='ocr_line' id='line_1_56' title="bbox 2069 2533 3645 2606; baseline 0.001 -19"><span class='ocrx_word' id='word_1_323' title='bbox 2069 2534 2301 2589; x_wconf 89' lang='lat' dir='ltr'>Primus</span> <span class='ocrx_word' id='word_1_324' title='bbox 2330 2534 2543 2589; x_wconf 90' lang='lat' dir='ltr'>iterum</span> <span class='ocrx_word' id='word_1_325' title='bbox 2575 2549 2725 2599; x_wconf 90' lang='lat' dir='ltr'>eam,</span> <span class='ocrx_word' id='word_1_326' title='bbox 2752 2533 3009 2605; x_wconf 64' lang='lat' dir='ltr'>epistola:</span> <span class='ocrx_word' id='word_1_327' title='bbox 3044 2533 3340 2606; x_wconf 79' lang='lat' dir='ltr'>Polycarpi</span> <span class='ocrx_word' id='word_1_328' title='bbox 3372 2535 3645 2605; x_wconf 58' lang='lat' dir='ltr'>conjunco</span> 
     </span>
    </p>
   </div>
   <div class='ocr_carea' id='block_1_57' title="bbox 1997 2622 3646 2689">
    <p class='ocr_par' dir='ltr' id='par_1_57' title="bbox 1997 2622 3646 2689">
     <span class='ocr_line' id='line_1_57' title="bbox 1997 2622 3646 2689; baseline 0 -12"><span class='ocrx_word' id='word_1_329' title='bbox 1997 2626 2139 2689; x_wconf 91' lang='lat' dir='ltr'>tam,</span> <span class='ocrx_word' id='word_1_330' title='bbox 2172 2623 2421 2677; x_wconf 86' lang='lat' dir='ltr'>Jacobus</span> <span class='ocrx_word' id='word_1_331' title='bbox 2452 2622 2799 2676; x_wconf 87' lang='lat' dir='ltr'>Sirmondus</span> <span class='ocrx_word' id='word_1_332' title='bbox 2829 2623 2887 2677; x_wconf 90' lang='lat' dir='ltr'>S.</span> <span class='ocrx_word' id='word_1_333' title='bbox 2921 2622 2975 2676; x_wconf 89' lang='lat' dir='ltr'>J.</span> <span class='ocrx_word' id='word_1_334' title='bbox 3010 2622 3066 2675; x_wconf 91' lang='lat' dir='ltr'>in</span> <span class='ocrx_word' id='word_1_335' title='bbox 3114 2623 3310 2677; x_wconf 89' lang='lat' dir='ltr'>codice</span> <span class='ocrx_word' id='word_1_336' title='bbox 3359 2624 3646 2678; x_wconf 85' lang='lat' dir='ltr'>Turriano</span> 
     </span>
    </p>
   </div>
   <div class='ocr_carea' id='block_1_58' title="bbox 1999 2699 3651 2781">
    <p class='ocr_par' dir='ltr' id='par_1_58' title="bbox 1999 2699 3651 2781">
     <span class='ocr_line' id='line_1_58' title="bbox 1999 2699 3651 2781; baseline 0.001 -16"><span class='ocrx_word' id='word_1_337' title='bbox 1999 2711 2324 2781; x_wconf 89' lang='lat' dir='ltr'>detegebat.</span> <span class='ocrx_word' id='word_1_338' title='bbox 2371 2710 2547 2765; x_wconf 89' lang='lat' dir='ltr'>Paulo</span> <span class='ocrx_word' id='word_1_339' title='bbox 2590 2699 2719 2781; x_wconf 80' lang='lat' dir='ltr'>post</span> <span class='ocrx_word' id='word_1_340' title='bbox 2754 2711 2809 2763; x_wconf 92' lang='lat' dir='ltr'>in</span> <span class='ocrx_word' id='word_1_341' title='bbox 2838 2710 2966 2765; x_wconf 87' lang='lat' dir='ltr'>aliis</span> <span class='ocrx_word' id='word_1_342' title='bbox 3006 2710 3195 2765; x_wconf 86' lang='lat' dir='ltr'>tribus</span> <span class='ocrx_word' id='word_1_343' title='bbox 3219 2711 3538 2778; x_wconf 90' lang='lat' dir='ltr'>codicibus,</span> <span class='ocrx_word' id='word_1_344' title='bbox 3563 2712 3651 2766; x_wconf 91' lang='lat' dir='ltr'>Bi-</span> 
     </span>
    </p>
   </div>
   <div class='ocr_carea' id='block_1_59' title="bbox 2000 2799 3650 2864">
    <p class='ocr_par' dir='ltr' id='par_1_59' title="bbox 2000 2799 3650 2864">
     <span class='ocr_line' id='line_1_59' title="bbox 2000 2799 3650 2864; baseline 0.001 -10"><span class='ocrx_word' id='word_1_345' title='bbox 2000 2799 2297 2855; x_wconf 80' lang='lat' dir='ltr'>bliothecze</span> <span class='ocrx_word' id='word_1_346' title='bbox 2336 2799 2972 2864; x_wconf 74' lang='lat' dir='ltr'>Vaticanze,cardinalis</span> <span class='ocrx_word' id='word_1_347' title='bbox 3004 2800 3300 2855; x_wconf 69' lang='lat' dir='ltr'>Columnae</span> <span class='ocrx_word' id='word_1_348' title='bbox 3331 2807 3386 2856; x_wconf 89' lang='lat' dir='ltr'>et</span> <span class='ocrx_word' id='word_1_349' title='bbox 3410 2802 3650 2856; x_wconf 68' lang='lat' dir='ltr'>Andreae</span> 
     </span>
    </p>
   </div>
   <div class='ocr_carea' id='block_1_60' title="bbox 1997 2888 3651 2963">
    <p class='ocr_par' dir='ltr' id='par_1_60' title="bbox 1997 2888 3651 2963">
     <span class='ocr_line' id='line_1_60' title="bbox 1997 2888 3651 2963; baseline 0.003 -21"><span class='ocrx_word' id='word_1_350' title='bbox 1997 2888 2213 2943; x_wconf 90' lang='lat' dir='ltr'>Schotti</span> <span class='ocrx_word' id='word_1_351' title='bbox 2244 2890 2301 2944; x_wconf 91' lang='lat' dir='ltr'>S.</span> <span class='ocrx_word' id='word_1_352' title='bbox 2336 2889 2415 2957; x_wconf 91' lang='lat' dir='ltr'>J.,</span> <span class='ocrx_word' id='word_1_353' title='bbox 2468 2890 2671 2943; x_wconf 88' lang='lat' dir='ltr'>eadem</span> <span class='ocrx_word' id='word_1_354' title='bbox 2724 2888 2981 2960; x_wconf 86' lang='lat' dir='ltr'>Epistola</span> <span class='ocrx_word' id='word_1_355' title='bbox 3016 2891 3433 2961; x_wconf 88' lang='lat' dir='ltr'>reperiebatur.</span> <span class='ocrx_word' id='word_1_356' title='bbox 3486 2891 3651 2963; x_wconf 86' lang='lat' dir='ltr'>Hugo</span> 
     </span>
    </p>
   </div>
   <div class='ocr_carea' id='block_1_61' title="bbox 2000 2978 3655 3050">
    <p class='ocr_par' dir='ltr' id='par_1_61' title="bbox 2000 2978 3655 3050">
     <span class='ocr_line' id='line_1_61' title="bbox 2000 2978 3655 3050; baseline 0 -17"><span class='ocrx_word' id='word_1_357' title='bbox 2000 2980 2195 3033; x_wconf 89' lang='lat' dir='ltr'>autem</span> <span class='ocrx_word' id='word_1_358' title='bbox 2227 2978 2561 3045; x_wconf 89' lang='lat' dir='ltr'>Menardus,</span> <span class='ocrx_word' id='word_1_359' title='bbox 2595 2995 2625 3033; x_wconf 92' lang='lat' dir='ltr'>e</span> <span class='ocrx_word' id='word_1_360' title='bbox 2656 2978 3107 3050; x_wconf 86' lang='lat' dir='ltr'>congregatione</span> <span class='ocrx_word' id='word_1_361' title='bbox 3149 2980 3207 3034; x_wconf 89' lang='lat' dir='ltr'>S.</span> <span class='ocrx_word' id='word_1_362' title='bbox 3258 2980 3466 3047; x_wconf 85' lang='lat' dir='ltr'>Mauri,</span> <span class='ocrx_word' id='word_1_363' title='bbox 3498 2980 3655 3034; x_wconf 84' lang='lat' dir='ltr'>anti-</span> 
     </span>
    </p>
   </div>
   <div class='ocr_carea' id='block_1_62' title="bbox 2000 3066 3648 3138">
    <p class='ocr_par' dir='ltr' id='par_1_62' title="bbox 2000 3066 3648 3138">
     <span class='ocr_line' id='line_1_62' title="bbox 2000 3066 3648 3138; baseline 0.001 -17"><span class='ocrx_word' id='word_1_364' title='bbox 2000 3083 2176 3138; x_wconf 90' lang='lat' dir='ltr'>quam</span> <span class='ocrx_word' id='word_1_365' title='bbox 2210 3066 2474 3137; x_wconf 59' lang='lat' dir='ltr'>Epistolas</span> <span class='ocrx_word' id='word_1_366' title='bbox 2509 3068 2834 3122; x_wconf 91' lang='lat' dir='ltr'>versionem</span> <span class='ocrx_word' id='word_1_367' title='bbox 2890 3068 3155 3121; x_wconf 85' lang='lat' dir='ltr'>Latinam</span> <span class='ocrx_word' id='word_1_368' title='bbox 3189 3068 3247 3122; x_wconf 93' lang='lat' dir='ltr'>in</span> <span class='ocrx_word' id='word_1_369' title='bbox 3281 3069 3479 3123; x_wconf 89' lang='lat' dir='ltr'>codice</span> <span class='ocrx_word' id='word_1_370' title='bbox 3508 3070 3648 3125; x_wconf 88' lang='lat' dir='ltr'>Cor-</span> 
     </span>
    </p>
   </div>
   <div class='ocr_carea' id='block_1_63' title="bbox 2000 3155 3650 3226">
    <p class='ocr_par' dir='ltr' id='par_1_63' title="bbox 2000 3155 3650 3226">
     <span class='ocr_line' id='line_1_63' title="bbox 2000 3155 3650 3226; baseline 0.001 -16"><span class='ocrx_word' id='word_1_371' title='bbox 2000 3155 2221 3210; x_wconf 89' lang='lat' dir='ltr'>beiensi</span> <span class='ocrx_word' id='word_1_372' title='bbox 2254 3161 2387 3209; x_wconf 82' lang='lat' dir='ltr'>ante</span> <span class='ocrx_word' id='word_1_373' title='bbox 2419 3172 2546 3209; x_wconf 66' lang='lat' dir='ltr'>saec.</span> <span class='ocrx_word' id='word_1_374' title='bbox 2576 3159 2651 3222; x_wconf 69' lang='grc' dir='ltr'>ιχ)</span> <span class='ocrx_word' id='word_1_375' title='bbox 2676 3156 2991 3210; x_wconf 89' lang='lat' dir='ltr'>invenerat.</span> <span class='ocrx_word' id='word_1_376' title='bbox 3016 3156 3402 3226; x_wconf 90' lang='lat' dir='ltr'>Apographon</span> <span class='ocrx_word' id='word_1_377' title='bbox 3435 3156 3650 3212; x_wconf 89' lang='lat' dir='ltr'>codicis</span> 
     </span>
    </p>
   </div>
   <div class='ocr_carea' id='block_1_64' title="bbox 2002 3242 3649 3299">
    <p class='ocr_par' dir='ltr' id='par_1_64' title="bbox 2002 3242 3649 3299">
     <span class='ocr_line' id='line_1_64' title="bbox 2002 3242 3649 3299; baseline 0 0"><span class='ocrx_word' id='word_1_378' title='bbox 2002 3243 2326 3299; x_wconf 88' lang='lat' dir='ltr'>Schottiani</span> <span class='ocrx_word' id='word_1_379' title='bbox 2346 3248 2400 3298; x_wconf 91' lang='lat' dir='ltr'>et</span> <span class='ocrx_word' id='word_1_380' title='bbox 2422 3244 2633 3299; x_wconf 83' lang='lat' dir='ltr'>veteris</span> <span class='ocrx_word' id='word_1_381' title='bbox 2656 3243 2815 3298; x_wconf 91' lang='lat' dir='ltr'>illius</span> <span class='ocrx_word' id='word_1_382' title='bbox 2836 3243 3118 3298; x_wconf 88' lang='lat' dir='ltr'>versionis</span> <span class='ocrx_word' id='word_1_383' title='bbox 3140 3242 3350 3297; x_wconf 69' lang='lat' dir='ltr'>Latina:</span> <span class='ocrx_word' id='word_1_384' title='bbox 3372 3243 3649 3299; x_wconf 84' lang='lat' dir='ltr'>Claudius</span> 
     </span>
    </p>
   </div>
   <div class='ocr_carea' id='block_1_65' title="bbox 310 3332 3647 3405">
    <p class='ocr_par' dir='ltr' id='par_1_65' title="bbox 310 3332 3647 3405">
     <span class='ocr_line' id='line_1_65' title="bbox 310 3332 3647 3405; baseline 0 -19"><span class='ocrx_word' id='word_1_385' title='bbox 310 3335 368 3405; x_wconf 87' lang='grc' dir='ltr'>α)</span> <span class='ocrx_word' id='word_1_386' title='bbox 399 3332 647 3405; x_wconf 79' lang='lat' dir='ltr'>Singula</span> <span class='ocrx_word' id='word_1_387' title='bbox 696 3332 850 3387; x_wconf 92' lang='lat' dir='ltr'>enim</span> <span class='ocrx_word' id='word_1_388' title='bbox 912 3332 1105 3404; x_wconf 88' lang='lat' dir='ltr'>capita</span> <span class='ocrx_word' id='word_1_389' title='bbox 1151 3332 1327 3387; x_wconf 90' lang='lat' dir='ltr'>unius</span> <span class='ocrx_word' id='word_1_390' title='bbox 1374 3332 1703 3403; x_wconf 89' lang='lat' dir='ltr'>argumenti</span> <span class='ocrx_word' id='word_1_391' title='bbox 1753 3335 1894 3387; x_wconf 90' lang='lat' dir='ltr'>sunt</span> <span class='ocrx_word' id='word_1_392' title='bbox 1924 3333 1965 3399; x_wconf 88' lang='lat' dir='ltr'>C</span> <span class='ocrx_word' id='word_1_393' title='bbox 2004 3332 2331 3388; x_wconf 88' lang='lat' dir='ltr'>Salmasius</span> <span class='ocrx_word' id='word_1_394' title='bbox 2363 3337 2559 3387; x_wconf 86' lang='lat' dir='ltr'>Isaaco</span> <span class='ocrx_word' id='word_1_395' title='bbox 2591 3332 2816 3398; x_wconf 90' lang='lat' dir='ltr'>Vossio,</span> <span class='ocrx_word' id='word_1_396' title='bbox 2849 3332 3091 3386; x_wconf 80' lang='lat' dir='ltr'>Vossius</span> <span class='ocrx_word' id='word_1_397' title='bbox 3124 3332 3356 3386; x_wconf 92' lang='lat' dir='ltr'>Usserio</span> <span class='ocrx_word' id='word_1_398' title='bbox 3384 3332 3647 3387; x_wconf 87' lang='lat' dir='ltr'>tradidit.</span> 
     </span>
    </p>
   </div>
   <div class='ocr_carea' id='block_1_66' title="bbox 420 3420 1891 3494">
    <p class='ocr_par' dir='ltr' id='par_1_66' title="bbox 420 3420 1891 3494">
     <span class='ocr_line' id='line_1_66' title="bbox 420 3420 1891 3494; baseline -0.001 -17"><span class='ocrx_word' id='word_1_399' title='bbox 420 3426 645 3494; x_wconf 89' lang='lat' dir='ltr'>partes,</span> <span class='ocrx_word' id='word_1_400' title='bbox 677 3437 930 3493; x_wconf 90' lang='lat' dir='ltr'>eumque</span> <span class='ocrx_word' id='word_1_401' title='bbox 962 3421 1180 3476; x_wconf 90' lang='lat' dir='ltr'>habent</span> <span class='ocrx_word' id='word_1_402' title='bbox 1208 3420 1407 3489; x_wconf 86' lang='lat' dir='ltr'>finem,</span> <span class='ocrx_word' id='word_1_403' title='bbox 1442 3424 1507 3473; x_wconf 91' lang='lat' dir='ltr'>ut</span> <span class='ocrx_word' id='word_1_404' title='bbox 1537 3420 1891 3475; x_wconf 89' lang='lat' dir='ltr'>demonstre-</span> 
     </span>
    </p>
   </div>
   <div class='ocr_carea' id='block_1_67' title="bbox 419 3507 1890 3579">
    <p class='ocr_par' dir='ltr' id='par_1_67' title="bbox 419 3507 1890 3579">
     <span class='ocr_line' id='line_1_67' title="bbox 419 3507 1890 3579; baseline -0.002 -14"><span class='ocrx_word' id='word_1_405' title='bbox 419 3518 538 3578; x_wconf 81' lang='lat' dir='ltr'>tur,</span> <span class='ocrx_word' id='word_1_406' title='bbox 564 3509 941 3565; x_wconf 90' lang='lat' dir='ltr'>Judaismum</span> <span class='ocrx_word' id='word_1_407' title='bbox 970 3524 1097 3564; x_wconf 89' lang='lat' dir='ltr'>esse</span> <span class='ocrx_word' id='word_1_408' title='bbox 1127 3507 1434 3572; x_wconf 90' lang='lat' dir='ltr'>abolitum,</span> <span class='ocrx_word' id='word_1_409' title='bbox 1468 3524 1740 3579; x_wconf 82' lang='lat' dir='ltr'>novaeque</span> <span class='ocrx_word' id='word_1_410' title='bbox 1757 3524 1890 3563; x_wconf 91' lang='lat' dir='ltr'>eum</span> 
     </span>
    </p>
   </div>
   <div class='ocr_carea' id='block_1_68' title="bbox 424 3596 1891 3668">
    <p class='ocr_par' dir='ltr' id='par_1_68' title="bbox 424 3596 1891 3668">
     <span class='ocr_line' id='line_1_68' title="bbox 424 3596 1891 3668; baseline -0.003 -13"><span class='ocrx_word' id='word_1_411' title='bbox 424 3598 759 3655; x_wconf 84' lang='lat' dir='ltr'>ceconomiae</span> <span class='ocrx_word' id='word_1_412' title='bbox 808 3598 1015 3653; x_wconf 86' lang='lat' dir='ltr'>salutis</span> <span class='ocrx_word' id='word_1_413' title='bbox 1043 3596 1310 3663; x_wconf 85' lang='lat' dir='ltr'>cessisse,</span> <span class='ocrx_word' id='word_1_414' title='bbox 1344 3612 1522 3667; x_wconf 89' lang='lat' dir='ltr'>quam</span> <span class='ocrx_word' id='word_1_415' title='bbox 1556 3597 1709 3667; x_wconf 86' lang='lat' dir='ltr'>typis</span> <span class='ocrx_word' id='word_1_416' title='bbox 1742 3614 1891 3668; x_wconf 69' lang='lat' dir='ltr'>prae-</span> 
     </span>
    </p>
   </div>
   <div class='ocr_carea' id='block_1_69' title="bbox 420 3685 1889 3758">
    <p class='ocr_par' dir='ltr' id='par_1_69' title="bbox 420 3685 1889 3758">
     <span class='ocr_line' id='line_1_69' title="bbox 420 3685 1889 3758; baseline -0.003 -14"><span class='ocrx_word' id='word_1_417' title='bbox 420 3692 765 3754; x_wconf 87' lang='lat' dir='ltr'>monstrare,</span> <span class='ocrx_word' id='word_1_418' title='bbox 783 3688 907 3758; x_wconf 91' lang='lat' dir='ltr'>jam</span> <span class='ocrx_word' id='word_1_419' title='bbox 924 3687 994 3740; x_wconf 91' lang='lat' dir='ltr'>ab</span> <span class='ocrx_word' id='word_1_420' title='bbox 1007 3685 1194 3751; x_wconf 88' lang='lat' dir='ltr'>initio,</span> <span class='ocrx_word' id='word_1_421' title='bbox 1207 3685 1501 3739; x_wconf 87' lang='lat' dir='ltr'>Judaismi</span> <span class='ocrx_word' id='word_1_422' title='bbox 1518 3702 1733 3739; x_wconf 91' lang='lat' dir='ltr'>munus</span> <span class='ocrx_word' id='word_1_423' title='bbox 1748 3691 1889 3739; x_wconf 88' lang='lat' dir='ltr'>erat.</span> 
     </span>
    </p>
   </div>
   <div class='ocr_carea' id='block_1_70' title="bbox 312 3773 1892 3852">
    <p class='ocr_par' dir='ltr' id='par_1_70' title="bbox 312 3773 1892 3852">
     <span class='ocr_line' id='line_1_70' title="bbox 312 3773 1892 3852; baseline -0.003 -19"><span class='ocrx_word' id='word_1_424' title='bbox 312 3778 369 3852; x_wconf 84' lang='grc' dir='ltr'>β)</span> <span class='ocrx_word' id='word_1_425' title='bbox 410 3776 644 3833; x_wconf 79' lang='lat' dir='ltr'>Falsum</span> <span class='ocrx_word' id='word_1_426' title='bbox 677 3780 785 3846; x_wconf 89' lang='lat' dir='ltr'>est,</span> <span class='ocrx_word' id='word_1_427' title='bbox 820 3775 975 3846; x_wconf 91' lang='lat' dir='ltr'>quod</span> <span class='ocrx_word' id='word_1_428' title='bbox 1024 3773 1408 3829; x_wconf 86' lang='lat' dir='ltr'>Schenkelius</span> <span class='ocrx_word' id='word_1_429' title='bbox 1446 3774 1764 3840; x_wconf 89' lang='lat' dir='ltr'>contendit,</span> <span class='ocrx_word' id='word_1_430' title='bbox 1798 3791 1892 3829; x_wconf 89' lang='lat' dir='ltr'>ca-</span> 
     </span>
    </p>
   </div>
   <div class='ocr_carea' id='block_1_71' title="bbox 420 3863 1892 3938">
    <p class='ocr_par' dir='ltr' id='par_1_71' title="bbox 420 3863 1892 3938">
     <span class='ocr_line' id='line_1_71' title="bbox 420 3863 1892 3938; baseline -0.003 -17"><span class='ocrx_word' id='word_1_431' title='bbox 420 3870 531 3938; x_wconf 87' lang='lat' dir='ltr'>put</span> <span class='ocrx_word' id='word_1_432' title='bbox 560 3870 789 3920; x_wconf 83' lang='lat' dir='ltr'>sextum</span> <span class='ocrx_word' id='word_1_433' title='bbox 824 3881 937 3918; x_wconf 90' lang='lat' dir='ltr'>non</span> <span class='ocrx_word' id='word_1_434' title='bbox 998 3879 1131 3917; x_wconf 91' lang='lat' dir='ltr'>cum</span> <span class='ocrx_word' id='word_1_435' title='bbox 1182 3863 1453 3935; x_wconf 89' lang='lat' dir='ltr'>septimo,</span> <span class='ocrx_word' id='word_1_436' title='bbox 1504 3863 1605 3917; x_wconf 91' lang='lat' dir='ltr'>sed</span> <span class='ocrx_word' id='word_1_437' title='bbox 1655 3864 1892 3917; x_wconf 88' lang='lat' dir='ltr'>demum</span> 
     </span>
    </p>
   </div>
   <div class='ocr_carea' id='block_1_72' title="bbox 424 3951 1895 4023">
    <p class='ocr_par' dir='ltr' id='par_1_72' title="bbox 424 3951 1895 4023">
     <span class='ocr_line' id='line_1_72' title="bbox 424 3951 1895 4023; baseline -0.003 -13"><span class='ocrx_word' id='word_1_438' title='bbox 424 3971 559 4011; x_wconf 93' lang='lat' dir='ltr'>cum</span> <span class='ocrx_word' id='word_1_439' title='bbox 609 3954 779 4009; x_wconf 92' lang='lat' dir='ltr'>tertio</span> <span class='ocrx_word' id='word_1_440' title='bbox 812 3952 1059 4023; x_wconf 90' lang='lat' dir='ltr'>decimo,</span> <span class='ocrx_word' id='word_1_441' title='bbox 1106 3951 1385 4007; x_wconf 91' lang='lat' dir='ltr'>orationis</span> <span class='ocrx_word' id='word_1_442' title='bbox 1416 3968 1563 4007; x_wconf 83' lang='lat' dir='ltr'>nexu</span> <span class='ocrx_word' id='word_1_443' title='bbox 1598 3968 1725 4006; x_wconf 89' lang='lat' dir='ltr'>esse</span> <span class='ocrx_word' id='word_1_444' title='bbox 1758 3968 1895 4006; x_wconf 88' lang='lat' dir='ltr'>con-</span> 
     </span>
    </p>
   </div>
   <div class='ocr_carea' id='block_1_73' title="bbox 422 4040 1895 4113">
    <p class='ocr_par' dir='ltr' id='par_1_73' title="bbox 422 4040 1895 4113">
     <span class='ocr_line' id='line_1_73' title="bbox 422 4040 1895 4113; baseline -0.004 -14"><span class='ocrx_word' id='word_1_445' title='bbox 422 4044 715 4113; x_wconf 90' lang='lat' dir='ltr'>junctum.</span> <span class='ocrx_word' id='word_1_446' title='bbox 759 4042 839 4097; x_wconf 91' lang='lat' dir='ltr'>Ea</span> <span class='ocrx_word' id='word_1_447' title='bbox 892 4042 1047 4097; x_wconf 92' lang='lat' dir='ltr'>enim</span> <span class='ocrx_word' id='word_1_448' title='bbox 1094 4042 1304 4113; x_wconf 86' lang='lat' dir='ltr'>capita,</span> <span class='ocrx_word' id='word_1_449' title='bbox 1350 4058 1477 4112; x_wconf 74' lang='lat' dir='ltr'>qua:</span> <span class='ocrx_word' id='word_1_450' title='bbox 1515 4040 1895 4095; x_wconf 86' lang='lat' dir='ltr'>Schenkelius</span> 
     </span>
    </p>
   </div>
   <div class='ocr_carea' id='block_1_74' title="bbox 434 4128 1892 4203">
    <p class='ocr_par' dir='ltr' id='par_1_74' title="bbox 434 4128 1892 4203">
     <span class='ocr_line' id='line_1_74' title="bbox 434 4128 1892 4203; baseline -0.003 -16"><span class='ocrx_word' id='word_1_451' title='bbox 434 4131 679 4188; x_wconf 86' lang='lat' dir='ltr'>delenda</span> <span class='ocrx_word' id='word_1_452' title='bbox 708 4134 894 4203; x_wconf 88' lang='lat' dir='ltr'>putat,</span> <span class='ocrx_word' id='word_1_453' title='bbox 926 4146 976 4185; x_wconf 92' lang='lat' dir='ltr'>c.</span> <span class='ocrx_word' id='word_1_454' title='bbox 1008 4131 1041 4181; x_wconf 92' lang='lat'><strong>7</strong></span> <span class='ocrx_word' id='word_1_455' title='bbox 1070 4160 1138 4170; x_wconf 83' lang='lat'><strong><em>—</em></strong></span> <span class='ocrx_word' id='word_1_456' title='bbox 1169 4131 1237 4183; x_wconf 87' lang='grc'>12</span> <span class='ocrx_word' id='word_1_457' title='bbox 1267 4129 1429 4195; x_wconf 90' lang='lat' dir='ltr'>incl.,</span> <span class='ocrx_word' id='word_1_458' title='bbox 1465 4129 1546 4184; x_wconf 90' lang='lat' dir='ltr'>nil</span> <span class='ocrx_word' id='word_1_459' title='bbox 1578 4128 1759 4199; x_wconf 86' lang='lat' dir='ltr'>aliud,</span> <span class='ocrx_word' id='word_1_460' title='bbox 1781 4130 1892 4184; x_wconf 90' lang='lat' dir='ltr'>nisi</span> 
     </span>
    </p>
   </div>
   <div class='ocr_carea' id='block_1_75' title="bbox 430 4219 1895 4278">
    <p class='ocr_par' dir='ltr' id='par_1_75' title="bbox 430 4219 1895 4278">
     <span class='ocr_line' id='line_1_75' title="bbox 430 4219 1895 4278; baseline -0.003 -1"><span class='ocrx_word' id='word_1_461' title='bbox 430 4220 927 4278; x_wconf 87' lang='lat' dir='ltr'>continuationem</span> <span class='ocrx_word' id='word_1_462' title='bbox 988 4219 1381 4275; x_wconf 89' lang='lat' dir='ltr'>antecedentis</span> <span class='ocrx_word' id='word_1_463' title='bbox 1446 4219 1895 4273; x_wconf 90' lang='lat' dir='ltr'>demonstratio-</span> 
     </span>
    </p>
   </div>
   <div class='ocr_carea' id='block_1_76' title="bbox 435 4308 1895 4381">
    <p class='ocr_par' dir='ltr' id='par_1_76' title="bbox 435 4308 1895 4381">
     <span class='ocr_line' id='line_1_76' title="bbox 435 4308 1895 4381; baseline -0.003 -16"><span class='ocrx_word' id='word_1_464' title='bbox 435 4310 549 4381; x_wconf 89' lang='lat' dir='ltr'>nis,</span> <span class='ocrx_word' id='word_1_465' title='bbox 604 4325 817 4365; x_wconf 87' lang='lat' dir='ltr'>novam</span> <span class='ocrx_word' id='word_1_466' title='bbox 870 4308 1256 4364; x_wconf 69' lang='lat' dir='ltr'>mconomiam</span> <span class='ocrx_word' id='word_1_467' title='bbox 1308 4324 1341 4362; x_wconf 90' lang='lat' dir='ltr'>a</span> <span class='ocrx_word' id='word_1_468' title='bbox 1387 4308 1693 4362; x_wconf 87' lang='lat' dir='ltr'>Judaismo</span> <span class='ocrx_word' id='word_1_469' title='bbox 1745 4308 1895 4378; x_wconf 86' lang='lat' dir='ltr'>typis</span> 
     </span>
    </p>
   </div>
   <div class='ocr_carea' id='block_1_77' title="bbox 424 4396 1580 4470">
    <p class='ocr_par' dir='ltr' id='par_1_77' title="bbox 424 4396 1580 4470">
     <span class='ocr_line' id='line_1_77' title="bbox 424 4396 1580 4470; baseline -0.003 -17"><span class='ocrx_word' id='word_1_470' title='bbox 424 4399 607 4455; x_wconf 88' lang='lat' dir='ltr'>fuisse</span> <span class='ocrx_word' id='word_1_471' title='bbox 639 4397 1228 4470; x_wconf 65' lang='lat' dir='ltr'>praemonstrandam,</span> <span class='ocrx_word' id='word_1_472' title='bbox 1262 4396 1580 4452; x_wconf 87' lang='lat' dir='ltr'>continent.</span> 
     </span>
    </p>
   </div>
   <div class='ocr_carea' id='block_1_78' title="bbox 308 4484 1894 4561">
    <p class='ocr_par' dir='ltr' id='par_1_78' title="bbox 308 4484 1894 4561">
     <span class='ocr_line' id='line_1_78' title="bbox 308 4484 1894 4561; baseline -0.004 -17"><span class='ocrx_word' id='word_1_473' title='bbox 308 4491 365 4561; x_wconf 76' lang='grc' dir='ltr'>γ)</span> <span class='ocrx_word' id='word_1_474' title='bbox 405 4494 525 4543; x_wconf 89' lang='lat' dir='ltr'>Duo</span> <span class='ocrx_word' id='word_1_475' title='bbox 560 4486 674 4542; x_wconf 90' lang='lat' dir='ltr'>alia</span> <span class='ocrx_word' id='word_1_476' title='bbox 704 4503 935 4558; x_wconf 90' lang='lat' dir='ltr'>quoque</span> <span class='ocrx_word' id='word_1_477' title='bbox 978 4486 1188 4557; x_wconf 91' lang='lat' dir='ltr'>capita,</span> <span class='ocrx_word' id='word_1_478' title='bbox 1226 4487 1291 4539; x_wconf 87' lang='grc'>15</span> <span class='ocrx_word' id='word_1_479' title='bbox 1319 4490 1376 4540; x_wconf 91' lang='lat' dir='ltr'>et</span> <span class='ocrx_word' id='word_1_480' title='bbox 1408 4487 1492 4555; x_wconf 88' lang='grc'>16,</span> <span class='ocrx_word' id='word_1_481' title='bbox 1518 4502 1644 4555; x_wconf 85' lang='lat' dir='ltr'>quae</span> <span class='ocrx_word' id='word_1_482' title='bbox 1676 4484 1894 4539; x_wconf 87' lang='lat' dir='ltr'>Schen-</span> 
     </span>
    </p>
   </div>
   <div class='ocr_carea' id='block_1_79' title="bbox 416 4573 1893 4647">
    <p class='ocr_par' dir='ltr' id='par_1_79' title="bbox 416 4573 1893 4647">
     <span class='ocr_line' id='line_1_79' title="bbox 416 4573 1893 4647; baseline -0.005 -14"><span class='ocrx_word' id='word_1_483' title='bbox 416 4576 568 4633; x_wconf 83' lang='lat' dir='ltr'>kelio</span> <span class='ocrx_word' id='word_1_484' title='bbox 650 4574 984 4647; x_wconf 80' lang='lat' dir='ltr'>displicent,</span> <span class='ocrx_word' id='word_1_485' title='bbox 1051 4574 1293 4629; x_wconf 91' lang='lat' dir='ltr'>minime</span> <span class='ocrx_word' id='word_1_486' title='bbox 1355 4578 1493 4629; x_wconf 90' lang='lat' dir='ltr'>sunt</span> <span class='ocrx_word' id='word_1_487' title='bbox 1560 4573 1893 4644; x_wconf 85' lang='lat' dir='ltr'>rejicienda,</span> 
     </span>
    </p>
   </div>
   <div class='ocr_carea' id='block_1_80' title="bbox 420 4663 1974 4763">
    <p class='ocr_par' dir='ltr' id='par_1_80' title="bbox 420 4663 1974 4763">
     <span class='ocr_line' id='line_1_80' title="bbox 420 4663 1974 4763; baseline -0.003 -42"><span class='ocrx_word' id='word_1_488' title='bbox 420 4666 638 4738; x_wconf 90' lang='lat' dir='ltr'>quippe</span> <span class='ocrx_word' id='word_1_489' title='bbox 697 4681 824 4735; x_wconf 81' lang='lat' dir='ltr'>quae</span> <span class='ocrx_word' id='word_1_490' title='bbox 908 4664 978 4719; x_wconf 90' lang='lat' dir='ltr'>ad</span> <span class='ocrx_word' id='word_1_491' title='bbox 1041 4663 1599 4719; x_wconf 88' lang='lat' dir='ltr'>demonstrationem</span> <span class='ocrx_word' id='word_1_492' title='bbox 1662 4678 1974 4763; x_wconf 81' lang='lat' dir='ltr'>necesseD</span> 
     </span>
    </p>
   </div>
   <div class='ocr_carea' id='block_1_81' title="bbox 421 4750 1899 4828">
    <p class='ocr_par' dir='ltr' id='par_1_81' title="bbox 421 4750 1899 4828">
     <span class='ocr_line' id='line_1_81' title="bbox 421 4750 1899 4828; baseline -0.004 -19"><span class='ocrx_word' id='word_1_493' title='bbox 421 4754 773 4828; x_wconf 88' lang='lat' dir='ltr'>pertineant.</span> <span class='ocrx_word' id='word_1_494' title='bbox 837 4753 999 4818; x_wconf 89' lang='lat' dir='ltr'>Quod</span> <span class='ocrx_word' id='word_1_495' title='bbox 1057 4752 1104 4805; x_wconf 91' lang='lat' dir='ltr'>si</span> <span class='ocrx_word' id='word_1_496' title='bbox 1155 4751 1309 4806; x_wconf 91' lang='lat' dir='ltr'>enim</span> <span class='ocrx_word' id='word_1_497' title='bbox 1342 4750 1578 4806; x_wconf 90' lang='lat' dir='ltr'>abolitio</span> <span class='ocrx_word' id='word_1_498' title='bbox 1606 4750 1899 4806; x_wconf 85' lang='lat' dir='ltr'>Judaismi</span> 
     </span>
    </p>
   </div>
   <div class='ocr_carea' id='block_1_82' title="bbox 423 4840 1955 4909">
    <p class='ocr_par' dir='ltr' id='par_1_82' title="bbox 423 4840 1955 4909">
     <span class='ocr_line' id='line_1_82' title="bbox 423 4840 1955 4909; baseline -0.003 -10"><span class='ocrx_word' id='word_1_499' title='bbox 423 4846 615 4899; x_wconf 89' lang='lat' dir='ltr'>fuerat</span> <span class='ocrx_word' id='word_1_500' title='bbox 666 4841 1147 4909; x_wconf 88' lang='lat' dir='ltr'>demonstranda,</span> <span class='ocrx_word' id='word_1_501' title='bbox 1198 4840 1374 4896; x_wconf 91' lang='lat' dir='ltr'>etiam</span> <span class='ocrx_word' id='word_1_502' title='bbox 1424 4841 1495 4895; x_wconf 91' lang='lat' dir='ltr'>de</span> <span class='ocrx_word' id='word_1_503' title='bbox 1525 4840 1899 4909; x_wconf 88' lang='lat' dir='ltr'>abrogatione</span> <span class='ocrx_word' id='word_1_504' title='bbox 1950 4852 1955 4857; x_wconf 76' lang='lat'><strong>‘</strong></span> 
     </span>
    </p>
   </div>
   <div class='ocr_carea' id='block_1_83' title="bbox 422 4928 1900 5003">
    <p class='ocr_par' dir='ltr' id='par_1_83' title="bbox 422 4928 1900 5003">
     <span class='ocr_line' id='line_1_83' title="bbox 422 4928 1900 5003; baseline -0.003 -15"><span class='ocrx_word' id='word_1_505' title='bbox 422 4933 648 4988; x_wconf 82' lang='lat' dir='ltr'>Sabbati</span> <span class='ocrx_word' id='word_1_506' title='bbox 678 4934 752 5003; x_wconf 81' lang='grc' dir='ltr'>(ο.</span> <span class='ocrx_word' id='word_1_507' title='bbox 778 4932 864 5001; x_wconf 88' lang='grc'>15)</span> <span class='ocrx_word' id='word_1_508' title='bbox 898 4934 955 4986; x_wconf 91' lang='lat' dir='ltr'>et</span> <span class='ocrx_word' id='word_1_509' title='bbox 986 4930 1178 5001; x_wconf 83' lang='lat' dir='ltr'>templi</span> <span class='ocrx_word' id='word_1_510' title='bbox 1207 4930 1279 5001; x_wconf 83' lang='grc' dir='ltr'>(ο.</span> <span class='ocrx_word' id='word_1_511' title='bbox 1311 4928 1400 4999; x_wconf 75' lang='grc'>16)</span> <span class='ocrx_word' id='word_1_512' title='bbox 1432 4928 1605 4983; x_wconf 92' lang='lat' dir='ltr'>verba</span> <span class='ocrx_word' id='word_1_513' title='bbox 1634 4928 1900 4985; x_wconf 84' lang='lat' dir='ltr'>facienda</span> 
     </span>
    </p>
   </div>
   <div class='ocr_carea' id='block_1_84' title="bbox 310 5026 1899 5184">
    <p class='ocr_par' dir='ltr' id='par_1_84' title="bbox 310 5026 1899 5184">
     <span class='ocr_line' id='line_1_84' title="bbox 310 5026 1899 5184; baseline -0.003 -17"><span class='ocrx_word' id='word_1_514' title='bbox 310 5109 366 5184; x_wconf 82' lang='grc' dir='ltr'>δ)</span> <span class='ocrx_word' id='word_1_515' title='bbox 397 5026 609 5184; x_wconf 46' lang='grc' dir='ltr'>(ἓξὲξ</span> <span class='ocrx_word' id='word_1_516' title='bbox 656 5108 1003 5166; x_wconf 85' lang='lat' dir='ltr'>Schenkelio</span> <span class='ocrx_word' id='word_1_517' title='bbox 1050 5106 1420 5180; x_wconf 87' lang='lat' dir='ltr'>displicentia</span> <span class='ocrx_word' id='word_1_518' title='bbox 1466 5125 1581 5163; x_wconf 90' lang='lat' dir='ltr'>non</span> <span class='ocrx_word' id='word_1_519' title='bbox 1632 5108 1799 5163; x_wconf 88' lang='lat' dir='ltr'>aliter</span> <span class='ocrx_word' id='word_1_520' title='bbox 1828 5108 1899 5162; x_wconf 93' lang='lat' dir='ltr'>de</span> 
     </span>
    </p>
   </div>
   <div class='ocr_carea' id='block_1_85' title="bbox 416 5198 1898 5268">
    <p class='ocr_par' dir='ltr' id='par_1_85' title="bbox 416 5198 1898 5268">
     <span class='ocr_line' id='line_1_85' title="bbox 416 5198 1898 5268; baseline -0.003 -13"><span class='ocrx_word' id='word_1_521' title='bbox 416 5200 617 5256; x_wconf 85' lang='lat' dir='ltr'>Veteri</span> <span class='ocrx_word' id='word_1_522' title='bbox 657 5200 1035 5256; x_wconf 87' lang='lat' dir='ltr'>Testamento</span> <span class='ocrx_word' id='word_1_523' title='bbox 1089 5198 1411 5268; x_wconf 88' lang='lat' dir='ltr'>disputant,</span> <span class='ocrx_word' id='word_1_524' title='bbox 1445 5214 1510 5252; x_wconf 91' lang='lat' dir='ltr'>ac</span> <span class='ocrx_word' id='word_1_525' title='bbox 1540 5213 1608 5251; x_wconf 93' lang='lat' dir='ltr'>ea</span> <span class='ocrx_word' id='word_1_526' title='bbox 1638 5212 1766 5268; x_wconf 66' lang='lat' dir='ltr'>quae</span> <span class='ocrx_word' id='word_1_527' title='bbox 1796 5212 1898 5268; x_wconf 88' lang='lat' dir='ltr'>pro</span> 
     </span>
    </p>
   </div>
   <div class='ocr_carea' id='block_1_86' title="bbox 235 5391 1898 5529">
    <p class='ocr_par' dir='ltr' id='par_1_86' title="bbox 235 5391 1898 5529">
     <span class='ocr_line' id='line_1_86' title="bbox 235 5391 1898 5529; baseline -0.008 -74"><span class='ocrx_word' id='word_1_528' title='bbox 235 5398 524 5529; x_wconf 46' lang='grc' dir='ltr'>ὀῦἓρὲἒὲιι</span> <span class='ocrx_word' id='word_1_529' title='bbox 569 5395 887 5454; x_wconf 92' lang='lat' dir='ltr'>Ullmanni.</span> <span class='ocrx_word' id='word_1_530' title='bbox 921 5399 1033 5451; x_wconf 92' lang='lat' dir='ltr'>etc.</span> <span class='ocrx_word' id='word_1_531' title='bbox 1071 5410 1083 5448; x_wconf 91' lang='lat'>:</span> <span class='ocrx_word' id='word_1_532' title='bbox 1118 5392 1344 5450; x_wconf 78' lang='lat' dir='ltr'>Studien</span> <span class='ocrx_word' id='word_1_533' title='bbox 1387 5392 1501 5448; x_wconf 85' lang='lat' dir='ltr'>und</span> <span class='ocrx_word' id='word_1_534' title='bbox 1541 5393 1705 5459; x_wconf 80' lang='lat' dir='ltr'>Krz&#39;l.,</span> <span class='ocrx_word' id='word_1_535' title='bbox 1741 5391 1898 5458; x_wconf 83' lang='lat'>1837,</span> 
     </span>
    </p>
   </div>
   <div class='ocr_carea' id='block_1_87' title="bbox 2003 3419 3649 3487">
    <p class='ocr_par' dir='ltr' id='par_1_87' title="bbox 2003 3419 3649 3487">
     <span class='ocr_line' id='line_1_87' title="bbox 2003 3419 3649 3487; baseline -0.001 -12"><span class='ocrx_word' id='word_1_536' title='bbox 2003 3424 2125 3487; x_wconf 89' lang='lat' dir='ltr'>Quo</span> <span class='ocrx_word' id='word_1_537' title='bbox 2160 3422 2308 3475; x_wconf 89' lang='lat' dir='ltr'>facto</span> <span class='ocrx_word' id='word_1_538' title='bbox 2359 3421 2613 3475; x_wconf 87' lang='lat' dir='ltr'>Jacobus</span> <span class='ocrx_word' id='word_1_539' title='bbox 2665 3420 2955 3487; x_wconf 89' lang='lat' dir='ltr'>Usserius,</span> <span class='ocrx_word' id='word_1_540' title='bbox 2987 3419 3412 3485; x_wconf 83' lang='lat' dir='ltr'>Armachanus,</span> <span class='ocrx_word' id='word_1_541' title='bbox 3447 3420 3649 3475; x_wconf 89' lang='lat' dir='ltr'>Hiber-</span> 
     </span>
    </p>
   </div>
   <div class='ocr_carea' id='block_1_88' title="bbox 2003 3507 3651 3581">
    <p class='ocr_par' dir='ltr' id='par_1_88' title="bbox 2003 3507 3651 3581">
     <span class='ocr_line' id='line_1_88' title="bbox 2003 3507 3651 3581; baseline 0.001 -17"><span class='ocrx_word' id='word_1_542' title='bbox 2003 3510 2109 3564; x_wconf 74' lang='lat' dir='ltr'>niae</span> <span class='ocrx_word' id='word_1_543' title='bbox 2159 3511 2402 3581; x_wconf 86' lang='lat' dir='ltr'>primas,</span> <span class='ocrx_word' id='word_1_544' title='bbox 2459 3528 2491 3562; x_wconf 89' lang='lat' dir='ltr'>a</span> <span class='ocrx_word' id='word_1_545' title='bbox 2542 3510 2680 3563; x_wconf 72' lang='grc'>1643</span> <span class='ocrx_word' id='word_1_546' title='bbox 2726 3508 2927 3563; x_wconf 80' lang='lat' dir='ltr'>Oxonii</span> <span class='ocrx_word' id='word_1_547' title='bbox 2987 3507 3307 3579; x_wconf 81' lang='lat' dir='ltr'>Epistolam</span> <span class='ocrx_word' id='word_1_548' title='bbox 3374 3509 3651 3565; x_wconf 71' lang='lat' dir='ltr'>Barnabze</span> 
     </span>
    </p>
   </div>
   <div class='ocr_carea' id='block_1_89' title="bbox 2003 3597 3651 3670">
    <p class='ocr_par' dir='ltr' id='par_1_89' title="bbox 2003 3597 3651 3670">
     <span class='ocr_line' id='line_1_89' title="bbox 2003 3597 3651 3670; baseline 0.002 -19"><span class='ocrx_word' id='word_1_549' title='bbox 2003 3598 2160 3670; x_wconf 91' lang='lat' dir='ltr'>prelo</span> <span class='ocrx_word' id='word_1_550' title='bbox 2211 3598 2479 3668; x_wconf 80' lang='lat' dir='ltr'>subjecit.</span> <span class='ocrx_word' id='word_1_551' title='bbox 2532 3599 2639 3651; x_wconf 90' lang='lat' dir='ltr'>Sed</span> <span class='ocrx_word' id='word_1_552' title='bbox 2690 3597 2898 3669; x_wconf 79' lang='lat' dir='ltr'>ingens</span> <span class='ocrx_word' id='word_1_553' title='bbox 2942 3598 3302 3664; x_wconf 91' lang='lat' dir='ltr'>incendium,</span> <span class='ocrx_word' id='word_1_554' title='bbox 3346 3599 3501 3669; x_wconf 93' lang='lat' dir='ltr'>quod</span> <span class='ocrx_word' id='word_1_555' title='bbox 3536 3616 3651 3654; x_wconf 90' lang='lat' dir='ltr'>non</span> 
     </span>
    </p>
   </div>
   <div class='ocr_carea' id='block_1_90' title="bbox 2003 3686 3655 3758">
    <p class='ocr_par' dir='ltr' id='par_1_90' title="bbox 2003 3686 3655 3758">
     <span class='ocr_line' id='line_1_90' title="bbox 2003 3686 3655 3758; baseline 0.001 -17"><span class='ocrx_word' id='word_1_556' title='bbox 2003 3687 2273 3758; x_wconf 84' lang='lat' dir='ltr'>exiguam</span> <span class='ocrx_word' id='word_1_557' title='bbox 2309 3692 2528 3757; x_wconf 86' lang='lat' dir='ltr'>partem</span> <span class='ocrx_word' id='word_1_558' title='bbox 2584 3687 2745 3741; x_wconf 90' lang='lat' dir='ltr'>urbis</span> <span class='ocrx_word' id='word_1_559' title='bbox 2779 3686 3123 3741; x_wconf 83' lang='lat' dir='ltr'>Oxoniensis</span> <span class='ocrx_word' id='word_1_560' title='bbox 3154 3687 3423 3754; x_wconf 86' lang='lat' dir='ltr'>vastavit,</span> <span class='ocrx_word' id='word_1_561' title='bbox 3456 3687 3655 3743; x_wconf 90' lang='lat' dir='ltr'>omnia</span> 
     </span>
    </p>
   </div>
   <div class='ocr_carea' id='block_1_91' title="bbox 2005 3774 2998 3846">
    <p class='ocr_par' dir='ltr' id='par_1_91' title="bbox 2005 3774 2998 3846">
     <span class='ocr_line' id='line_1_91' title="bbox 2005 3774 2998 3846; baseline 0 -17"><span class='ocrx_word' id='word_1_562' title='bbox 2005 3792 2235 3846; x_wconf 87' lang='lat' dir='ltr'>quoque</span> <span class='ocrx_word' id='word_1_563' title='bbox 2262 3774 2615 3845; x_wconf 82' lang='lat' dir='ltr'>exemplaria</span> <span class='ocrx_word' id='word_1_564' title='bbox 2646 3775 2998 3845; x_wconf 83' lang='lat' dir='ltr'>absumpsit.</span> 
     </span>
    </p>
   </div>
   <div class='ocr_carea' id='block_1_92' title="bbox 2074 3864 3655 3935">
    <p class='ocr_par' dir='ltr' id='par_1_92' title="bbox 2074 3864 3655 3935">
     <span class='ocr_line' id='line_1_92' title="bbox 2074 3864 3655 3935; baseline 0.001 -17"><span class='ocrx_word' id='word_1_565' title='bbox 2074 3867 2196 3929; x_wconf 87' lang='lat' dir='ltr'>Quo</span> <span class='ocrx_word' id='word_1_566' title='bbox 2224 3869 2419 3918; x_wconf 90' lang='lat' dir='ltr'>autem</span> <span class='ocrx_word' id='word_1_567' title='bbox 2452 3864 2631 3918; x_wconf 89' lang='lat' dir='ltr'>ferme</span> <span class='ocrx_word' id='word_1_568' title='bbox 2658 3868 2918 3935; x_wconf 88' lang='lat' dir='ltr'>tempore</span> <span class='ocrx_word' id='word_1_569' title='bbox 2942 3864 3211 3919; x_wconf 87' lang='lat' dir='ltr'>Usserius</span> <span class='ocrx_word' id='word_1_570' title='bbox 3236 3880 3404 3919; x_wconf 90' lang='lat' dir='ltr'>suam</span> <span class='ocrx_word' id='word_1_571' title='bbox 3436 3880 3655 3935; x_wconf 73' lang='lat' dir='ltr'>prazpa-</span> 
     </span>
    </p>
   </div>
   <div class='ocr_carea' id='block_1_93' title="bbox 2005 3951 3655 4024">
    <p class='ocr_par' dir='ltr' id='par_1_93' title="bbox 2005 3951 3655 4024">
     <span class='ocr_line' id='line_1_93' title="bbox 2005 3951 3655 4024; baseline -0.001 -16"><span class='ocrx_word' id='word_1_572' title='bbox 2005 3955 2167 4008; x_wconf 88' lang='lat' dir='ltr'>rabat</span> <span class='ocrx_word' id='word_1_573' title='bbox 2196 3953 2609 4019; x_wconf 86' lang='lat' dir='ltr'>editionem,de</span> <span class='ocrx_word' id='word_1_574' title='bbox 2635 3953 2759 4023; x_wconf 89' lang='lat' dir='ltr'>ipsa</span> <span class='ocrx_word' id='word_1_575' title='bbox 2782 3953 3040 4024; x_wconf 86' lang='lat' dir='ltr'>Epistola</span> <span class='ocrx_word' id='word_1_576' title='bbox 3062 3953 3303 4007; x_wconf 89' lang='lat' dir='ltr'>Parisiis</span> <span class='ocrx_word' id='word_1_577' title='bbox 3325 3951 3655 4023; x_wconf 88' lang='lat' dir='ltr'>evulganda</span> 
     </span>
    </p>
   </div>
   <div class='ocr_carea' id='block_1_94' title="bbox 2006 4041 3651 4113">
    <p class='ocr_par' dir='ltr' id='par_1_94' title="bbox 2006 4041 3651 4113">
     <span class='ocr_line' id='line_1_94' title="bbox 2006 4041 3651 4113; baseline 0 -16"><span class='ocrx_word' id='word_1_578' title='bbox 2006 4042 2297 4113; x_wconf 86' lang='lat' dir='ltr'>cogitabat</span> <span class='ocrx_word' id='word_1_579' title='bbox 2330 4042 2493 4113; x_wconf 87' lang='lat' dir='ltr'>Hugo</span> <span class='ocrx_word' id='word_1_580' title='bbox 2527 4042 3190 4111; x_wconf 85' lang='lat' dir='ltr'>Menardus,monachus</span> <span class='ocrx_word' id='word_1_581' title='bbox 3223 4041 3651 4097; x_wconf 88' lang='lat' dir='ltr'>Benedictinus.</span> 
     </span>
    </p>
   </div>
   <div class='ocr_carea' id='block_1_95' title="bbox 2007 4130 3653 4201">
    <p class='ocr_par' dir='ltr' id='par_1_95' title="bbox 2007 4130 3653 4201">
     <span class='ocr_line' id='line_1_95' title="bbox 2007 4130 3653 4201; baseline 0.001 -18"><span class='ocrx_word' id='word_1_582' title='bbox 2007 4136 2138 4201; x_wconf 88' lang='lat' dir='ltr'>Ipso</span> <span class='ocrx_word' id='word_1_583' title='bbox 2169 4136 2397 4185; x_wconf 90' lang='lat' dir='ltr'>mortuo</span> <span class='ocrx_word' id='word_1_584' title='bbox 2432 4132 2586 4195; x_wconf 65' lang='grc'>1614,</span> <span class='ocrx_word' id='word_1_585' title='bbox 2640 4132 2819 4185; x_wconf 85' lang='lat' dir='ltr'>Lucas</span> <span class='ocrx_word' id='word_1_586' title='bbox 2853 4130 3185 4196; x_wconf 78' lang='lat' dir='ltr'>Dacherius,</span> <span class='ocrx_word' id='word_1_587' title='bbox 3219 4130 3483 4200; x_wconf 87' lang='lat' dir='ltr'>ejusdem</span> <span class='ocrx_word' id='word_1_588' title='bbox 3516 4147 3653 4185; x_wconf 91' lang='lat' dir='ltr'>con-</span> 
     </span>
    </p>
   </div>
   <div class='ocr_carea' id='block_1_96' title="bbox 2006 4219 3653 4292">
    <p class='ocr_par' dir='ltr' id='par_1_96' title="bbox 2006 4219 3653 4292">
     <span class='ocr_line' id='line_1_96' title="bbox 2006 4219 3653 4292; baseline 0 -17"><span class='ocrx_word' id='word_1_589' title='bbox 2006 4219 2647 4292; x_wconf 83' lang='lat' dir='ltr'>gregationis,Menardi</span> <span class='ocrx_word' id='word_1_590' title='bbox 2667 4220 2980 4274; x_wconf 89' lang='lat' dir='ltr'>editionem</span> <span class='ocrx_word' id='word_1_591' title='bbox 3004 4219 3208 4273; x_wconf 12' lang='lat' dir='ltr'>ltiei5in</span> <span class='ocrx_word' id='word_1_592' title='bbox 3228 4219 3415 4274; x_wconf 87' lang='lat' dir='ltr'>lucem</span> <span class='ocrx_word' id='word_1_593' title='bbox 3435 4219 3653 4287; x_wconf 91' lang='lat' dir='ltr'>emisit,</span> 
     </span>
    </p>
   </div>
   <div class='ocr_carea' id='block_1_97' title="bbox 2007 4308 3436 4379">
    <p class='ocr_par' dir='ltr' id='par_1_97' title="bbox 2007 4308 3436 4379">
     <span class='ocr_line' id='line_1_97' title="bbox 2007 4308 3436 4379; baseline 0.001 -17"><span class='ocrx_word' id='word_1_594' title='bbox 2007 4308 2185 4363; x_wconf 84' lang='lat' dir='ltr'>textui</span> <span class='ocrx_word' id='word_1_595' title='bbox 2218 4309 2503 4363; x_wconf 75' lang='lat' dir='ltr'>&#39;l&#39;urriano</span> <span class='ocrx_word' id='word_1_596' title='bbox 2536 4310 2796 4363; x_wconf 79' lang='lat' dir='ltr'>versione</span> <span class='ocrx_word' id='word_1_597' title='bbox 2826 4308 3158 4365; x_wconf 88' lang='lat' dir='ltr'>Corbeiensi</span> <span class='ocrx_word' id='word_1_598' title='bbox 3192 4310 3436 4379; x_wconf 84' lang='lat' dir='ltr'>adjecta.</span> 
     </span>
    </p>
   </div>
   <div class='ocr_carea' id='block_1_98' title="bbox 2077 4397 3658 4468">
    <p class='ocr_par' dir='ltr' id='par_1_98' title="bbox 2077 4397 3658 4468">
     <span class='ocr_line' id='line_1_98' title="bbox 2077 4397 3658 4468; baseline 0.001 -17"><span class='ocrx_word' id='word_1_599' title='bbox 2077 4397 2545 4452; x_wconf 83' lang='lat' dir='ltr'>Emendatiorem</span> <span class='ocrx_word' id='word_1_600' title='bbox 2571 4398 2841 4452; x_wconf 74' lang='lat' dir='ltr'>llarnaba:</span> <span class='ocrx_word' id='word_1_601' title='bbox 2868 4397 3183 4468; x_wconf 89' lang='lat' dir='ltr'>Epistolam</span> <span class='ocrx_word' id='word_1_602' title='bbox 3206 4399 3343 4451; x_wconf 68' lang='grc'>1616</span> <span class='ocrx_word' id='word_1_603' title='bbox 3372 4398 3658 4454; x_wconf 82' lang='lat' dir='ltr'>Amstelo-</span> 
     </span>
    </p>
   </div>
   <div class='ocr_carea' id='block_1_99' title="bbox 2008 4486 3656 4558">
    <p class='ocr_par' dir='ltr' id='par_1_99' title="bbox 2008 4486 3656 4558">
     <span class='ocr_line' id='line_1_99' title="bbox 2008 4486 3656 4558; baseline 0.002 -18"><span class='ocrx_word' id='word_1_604' title='bbox 2008 4486 2164 4540; x_wconf 90' lang='lat' dir='ltr'>dami</span> <span class='ocrx_word' id='word_1_605' title='bbox 2188 4486 2365 4541; x_wconf 92' lang='lat' dir='ltr'>edidit</span> <span class='ocrx_word' id='word_1_606' title='bbox 2388 4491 2623 4541; x_wconf 89' lang='lat' dir='ltr'>Isaacus</span> <span class='ocrx_word' id='word_1_607' title='bbox 2644 4486 3183 4558; x_wconf 88' lang='lat' dir='ltr'>Vossius,pluribus</span> <span class='ocrx_word' id='word_1_608' title='bbox 3204 4488 3335 4542; x_wconf 88' lang='lat' dir='ltr'>aliis</span> <span class='ocrx_word' id='word_1_609' title='bbox 3357 4487 3656 4543; x_wconf 89' lang='lat' dir='ltr'>codicibus</span> 
     </span>
    </p>
   </div>
   <div class='ocr_carea' id='block_1_100' title="bbox 2008 4575 3656 4645">
    <p class='ocr_par' dir='ltr' id='par_1_100' title="bbox 2008 4575 3656 4645">
     <span class='ocr_line' id='line_1_100' title="bbox 2008 4575 3656 4645; baseline 0.001 -15"><span class='ocrx_word' id='word_1_610' title='bbox 2008 4592 2172 4645; x_wconf 83' lang='lat' dir='ltr'>usus,</span> <span class='ocrx_word' id='word_1_611' title='bbox 2210 4575 2559 4645; x_wconf 80' lang='lat' dir='ltr'>Florentino,</span> <span class='ocrx_word' id='word_1_612' title='bbox 2594 4575 2873 4630; x_wconf 85' lang='lat' dir='ltr'>Vaticano</span> <span class='ocrx_word' id='word_1_613' title='bbox 2923 4581 2979 4631; x_wconf 90' lang='lat' dir='ltr'>et</span> <span class='ocrx_word' id='word_1_614' title='bbox 3029 4578 3287 4631; x_wconf 82' lang='lat' dir='ltr'>Romano</span> <span class='ocrx_word' id='word_1_615' title='bbox 3339 4576 3656 4632; x_wconf 88' lang='lat' dir='ltr'>Theatino-</span> 
     </span>
    </p>
   </div>
   <div class='ocr_carea' id='block_1_101' title="bbox 2008 4663 3654 4735">
    <p class='ocr_par' dir='ltr' id='par_1_101' title="bbox 2008 4663 3654 4735">
     <span class='ocr_line' id='line_1_101' title="bbox 2008 4663 3654 4735; baseline 0.001 -18"><span class='ocrx_word' id='word_1_616' title='bbox 2008 4680 2160 4718; x_wconf 92' lang='lat' dir='ltr'>rum.</span> <span class='ocrx_word' id='word_1_617' title='bbox 2188 4663 2388 4718; x_wconf 89' lang='lat' dir='ltr'>Plures</span> <span class='ocrx_word' id='word_1_618' title='bbox 2419 4663 2628 4717; x_wconf 88' lang='lat' dir='ltr'>deinde</span> <span class='ocrx_word' id='word_1_619' title='bbox 2661 4668 2873 4718; x_wconf 65' lang='lat' dir='ltr'>secutis</span> <span class='ocrx_word' id='word_1_620' title='bbox 2906 4670 3044 4719; x_wconf 90' lang='lat' dir='ltr'>sunt</span> <span class='ocrx_word' id='word_1_621' title='bbox 3075 4664 3381 4731; x_wconf 88' lang='lat' dir='ltr'>editiones,</span> <span class='ocrx_word' id='word_1_622' title='bbox 3412 4681 3654 4735; x_wconf 70' lang='lat' dir='ltr'>praeser-</span> 
     </span>
    </p>
   </div>
   <div class='ocr_carea' id='block_1_102' title="bbox 2008 4751 3658 4825">
    <p class='ocr_par' dir='ltr' id='par_1_102' title="bbox 2008 4751 3658 4825">
     <span class='ocr_line' id='line_1_102' title="bbox 2008 4751 3658 4825; baseline 0.001 -20"><span class='ocrx_word' id='word_1_623' title='bbox 2008 4752 2113 4805; x_wconf 91' lang='lat' dir='ltr'>tim</span> <span class='ocrx_word' id='word_1_624' title='bbox 2146 4751 2431 4818; x_wconf 86' lang='lat' dir='ltr'>Cotelerii,</span> <span class='ocrx_word' id='word_1_625' title='bbox 2462 4752 2709 4807; x_wconf 84' lang='lat' dir='ltr'>Russelii</span> <span class='ocrx_word' id='word_1_626' title='bbox 2743 4758 2799 4807; x_wconf 88' lang='lat' dir='ltr'>et</span> <span class='ocrx_word' id='word_1_627' title='bbox 2827 4752 3137 4820; x_wconf 80' lang='lat' dir='ltr'>Gallandii,</span> <span class='ocrx_word' id='word_1_628' title='bbox 3172 4769 3347 4825; x_wconf 92' lang='lat' dir='ltr'>quam</span> <span class='ocrx_word' id='word_1_629' title='bbox 3381 4753 3658 4824; x_wconf 88' lang='lat' dir='ltr'>posterio-</span> 
     </span>
    </p>
   </div>
   <div class='ocr_carea' id='block_1_103' title="bbox 2012 4841 3655 4913">
    <p class='ocr_par' dir='ltr' id='par_1_103' title="bbox 2012 4841 3655 4913">
     <span class='ocr_line' id='line_1_103' title="bbox 2012 4841 3655 4913; baseline 0 -18"><span class='ocrx_word' id='word_1_630' title='bbox 2012 4857 2133 4895; x_wconf 91' lang='lat' dir='ltr'>rem</span> <span class='ocrx_word' id='word_1_631' title='bbox 2165 4858 2272 4896; x_wconf 88' lang='lat' dir='ltr'>nos</span> <span class='ocrx_word' id='word_1_632' title='bbox 2305 4841 2590 4912; x_wconf 56' lang='lat' dir='ltr'>praecipue</span> <span class='ocrx_word' id='word_1_633' title='bbox 2623 4842 2829 4896; x_wconf 90' lang='lat' dir='ltr'>ducem</span> <span class='ocrx_word' id='word_1_634' title='bbox 2861 4842 3319 4912; x_wconf 88' lang='lat' dir='ltr'>habuimus,non</span> <span class='ocrx_word' id='word_1_635' title='bbox 3354 4841 3655 4913; x_wconf 89' lang='lat' dir='ltr'>pedisequi</span> 
     </span>
    </p>
   </div>
   <div class='ocr_carea' id='block_1_104' title="bbox 2008 4929 2587 4985">
    <p class='ocr_par' dir='ltr' id='par_1_104' title="bbox 2008 4929 2587 4985">
     <span class='ocr_line' id='line_1_104' title="bbox 2008 4929 2587 4985; baseline 0 -2"><span class='ocrx_word' id='word_1_636' title='bbox 2008 4929 2195 4985; x_wconf 89' lang='lat' dir='ltr'>instar</span> <span class='ocrx_word' id='word_1_637' title='bbox 2224 4946 2351 4984; x_wconf 90' lang='lat' dir='ltr'>eam</span> <span class='ocrx_word' id='word_1_638' title='bbox 2386 4930 2587 4985; x_wconf 88' lang='lat' dir='ltr'>secuti.</span> 
     </span>
    </p>
   </div>
   <div class='ocr_carea' id='block_1_105' title="bbox 2078 5017 3656 5091">
    <p class='ocr_par' dir='ltr' id='par_1_105' title="bbox 2078 5017 3656 5091">
     <span class='ocr_line' id='line_1_105' title="bbox 2078 5017 3656 5091; baseline 0.003 -22"><span class='ocrx_word' id='word_1_639' title='bbox 2078 5018 2225 5072; x_wconf 71' lang='lat' dir='ltr'>Vlll.</span> <span class='ocrx_word' id='word_1_640' title='bbox 2288 5018 2618 5073; x_wconf 84' lang='lat' dir='ltr'>Notandum</span> <span class='ocrx_word' id='word_1_641' title='bbox 2672 5020 2945 5091; x_wconf 88' lang='lat' dir='ltr'>denique,</span> <span class='ocrx_word' id='word_1_642' title='bbox 3008 5020 3061 5073; x_wconf 88' lang='lat' dir='ltr'>in</span> <span class='ocrx_word' id='word_1_643' title='bbox 3116 5019 3392 5074; x_wconf 89' lang='lat' dir='ltr'>omnibus</span> <span class='ocrx_word' id='word_1_644' title='bbox 3442 5017 3656 5073; x_wconf 72' lang='lat' dir='ltr'>Graecis</span> 
     </span>
    </p>
   </div>
   <div class='ocr_carea' id='block_1_106' title="bbox 2011 5105 3655 5179">
    <p class='ocr_par' dir='ltr' id='par_1_106' title="bbox 2011 5105 3655 5179">
     <span class='ocr_line' id='line_1_106' title="bbox 2011 5105 3655 5179; baseline 0 -18"><span class='ocrx_word' id='word_1_645' title='bbox 2011 5105 2310 5161; x_wconf 89' lang='lat' dir='ltr'>codicibus</span> <span class='ocrx_word' id='word_1_646' title='bbox 2361 5108 2561 5162; x_wconf 89' lang='lat' dir='ltr'>deesse</span> <span class='ocrx_word' id='word_1_647' title='bbox 2617 5108 2807 5179; x_wconf 90' lang='lat' dir='ltr'>capita</span> <span class='ocrx_word' id='word_1_648' title='bbox 2858 5109 2956 5161; x_wconf 68' lang='grc'>1-4</span> <span class='ocrx_word' id='word_1_649' title='bbox 2997 5107 3206 5163; x_wconf 90' lang='lat' dir='ltr'>inclus.</span> <span class='ocrx_word' id='word_1_650' title='bbox 3249 5111 3305 5162; x_wconf 86' lang='lat' dir='ltr'>et</span> <span class='ocrx_word' id='word_1_651' title='bbox 3342 5106 3655 5162; x_wconf 90' lang='lat' dir='ltr'>dimidium</span> 
     </span>
    </p>
   </div>
   <div class='ocr_carea' id='block_1_107' title="bbox 2010 5194 2221 5266">
    <p class='ocr_par' dir='ltr' id='par_1_107' title="bbox 2010 5194 2221 5266">
     <span class='ocr_line' id='line_1_107' title="bbox 2010 5194 2221 5266; baseline 0 -17"><span class='ocrx_word' id='word_1_652' title='bbox 2010 5194 2221 5266; x_wconf 91' lang='lat' dir='ltr'>quinti.</span> 
     </span>
    </p>
   </div>
   <div class='ocr_carea' id='block_1_108' title="bbox 2085 5390 3655 5466">
    <p class='ocr_par' dir='ltr' id='par_1_108' title="bbox 2085 5390 3655 5466">
     <span class='ocr_line' id='line_1_108' title="bbox 2085 5390 3655 5466; baseline 0.004 -25"><span class='ocrx_word' id='word_1_653' title='bbox 2085 5390 2199 5461; x_wconf 79' lang='grc'>(94)</span> <span class='ocrx_word' id='word_1_654' title='bbox 2233 5392 2774 5466; x_wconf 58' lang='lat' dir='ltr'>Tubirzg.__}l‘lieolog.</span> <span class='ocrx_word' id='word_1_655' title='bbox 2826 5392 3268 5466; x_wconf 75' lang='lat' dir='ltr'>Quartalschrift.</span> <span class='ocrx_word' id='word_1_656' title='bbox 3314 5394 3472 5457; x_wconf 86' lang='grc'>1839,</span> <span class='ocrx_word' id='word_1_657' title='bbox 3504 5398 3549 5463; x_wconf 91' lang='grc' dir='ltr'>Ι,</span> <span class='ocrx_word' id='word_1_658' title='bbox 3598 5411 3655 5466; x_wconf 93' lang='lat' dir='ltr'>p.</span> 
     </span>
    </p>
   </div>
   <div class='ocr_carea' id='block_1_109' title="bbox 2013 5460 3659 5537">
    <p class='ocr_par' dir='ltr' id='par_1_109' title="bbox 2013 5460 3659 5537">
     <span class='ocr_line' id='line_1_109' title="bbox 2013 5460 3659 5537; baseline 0.004 -23"><span class='ocrx_word' id='word_1_659' title='bbox 2013 5460 2249 5531; x_wconf 38' lang='lat' dir='ltr'>60&#39;sqq.</span> <span class='ocrx_word' id='word_1_660' title='bbox 2292 5466 2349 5515; x_wconf 88' lang='lat' dir='ltr'>et</span> <span class='ocrx_word' id='word_1_661' title='bbox 2380 5462 2439 5516; x_wconf 91' lang='lat' dir='ltr'>in</span> <span class='ocrx_word' id='word_1_662' title='bbox 2471 5460 2665 5518; x_wconf 90' lang='lat' dir='ltr'>libello</span> <span class='ocrx_word' id='word_1_663' title='bbox 2699 5460 2826 5520; x_wconf 81' lang='lat' dir='ltr'>meo</span> <span class='ocrx_word' id='word_1_664' title='bbox 2850 5460 3045 5535; x_wconf 87' lang='lat' dir='ltr'>supra</span> <span class='ocrx_word' id='word_1_665' title='bbox 3075 5460 3269 5531; x_wconf 83' lang='lat' dir='ltr'>citato,</span> <span class='ocrx_word' id='word_1_666' title='bbox 3302 5482 3359 5537; x_wconf 90' lang='lat' dir='ltr'>p.</span> <span class='ocrx_word' id='word_1_667' title='bbox 3398 5466 3496 5523; x_wconf 86' lang='grc'>196</span> <span class='ocrx_word' id='word_1_668' title='bbox 3525 5460 3659 5537; x_wconf 72' lang='lat' dir='ltr'>sqq.</span> 
     </span>
    </p>
   </div>
  </div>
