4086 6342
232 433 353 499 733
1488 436 1872 501 EPISTOLA
1913 436 2381 503 CATHOLICA.
3528 433 3643 501 734

232 571 543 643 Scriptura
573 586 585 626 :
617 570 683 626 Et
708 570 819 640 fuit
852 570 1056 644 Moyses
1081 572 1140 627 in
1170 578 1349 628 monte
1386 571 1650 644 jejunum
1682 572 2047 645 quadraginta
2103 573 2310 641 diebus,
2361 578 2415 629 et
2473 572 2843 646 quadraginta
2897 571 3186 629 noctibus:
3234 576 3287 629 et
3328 573 3535 645 accepit
3561 576 3643 629 te-

227 668 566 716 stamentum
599 679 632 715 a
664 663 907 731 Domino,
943 663 1158 717 tabulas
1190 662 1438 732 lapideas
1463 665 1696 732 scriptas
1722 680 1890 717 manu
1921 665 2018 718 Dei
2050 666 2111 717 ιο.
2148 663 2257 718 Sed
2293 664 2555 719 conversi
2587 664 2645 719 in
2677 664 2850 730 idola,
2885 663 3263 736 perdiderunt
3294 661 3439 717 illud
3466 678 3478 717 :
3504 661 3648 718 dicit

228 750 392 806 enim
423 752 707 806 Dominus
764 752 979 823 Moysi:
1036 756 1274 823 Moyses,
1328 751 1587 807 descende
1616 753 1865 822 celerius,
1926 754 2059 823 quia
2113 755 2383 823 prazteriit
2431 754 2601 821 legem
2657 754 2892 825 populus
2923 761 3069 821 tuus,
3127 768 3287 823 quem
3314 752 3555 808 eduxisti
3582 750 3649 806 de

226 846 380 894 terra
409 841 634 911 τεθυρίί
666 842 730 893 ³1.
758 841 822 894 Et
849 841 1075 910 projecit
1121 841 1321 912 Moyses
1351 841 1570 895 tabulas
1621 841 1860 911 lapideas
1891 842 1963 897 de
2016 842 2275 896 manibus
2317 844 2435 896 suis
2469 843 2548 896 ¹²;
2610 846 2668 897 et
2698 842 3056 896 confractum
3112 844 3201 896 est
3230 844 3646 896 testamentum

226 944 435 983 eorum
467 953 481 994 ;
514 933 577 983 ut
608 928 837 984 dilectio
866 929 1003 984 Jesu
1036 929 1490 1001 consigneturin
1526 930 1859 1002 praecordiis
1885 930 2116 999 vestris,
2150 930 2208 984 in
2243 947 2405 1001 spem
2434 930 2587 999 ﬁdei,
2623 929 2799 985 illius.
2824 930 3064 1002 Propter
3084 930 3234 1000 quod
3264 929 3639 984 attendamus

223 1017 570 1072 novissimis
601 1018 826 1073 diebus.
862 1017 1016 1072 Nihil
1044 1018 1199 1072 enim
1233 1019 1489 1089 proderit
1512 1019 1679 1074 nobis
1711 1034 1883 1073 omne
1905 1024 2137 1091 tempus
2167 1020 2294 1074 vitae
2327 1024 2538 1075 nostra:
2571 1024 2623 1075 et
2656 1020 2809 1086 fidei,
2844 1019 2891 1074 si
2925 1036 3038 1074 non
3061 1019 3192 1073 odio
3224 1018 3335 1090 (52)
3366 1018 3635 1089 iniquum

225 1111 287 1161 et
321 1106 557 1160 futuras
586 1106 930 1162 tcntatienes
960 1107 1279 1162 habeamus
1305 1125 1317 1172 ;
1352 1107 1504 1163 sicut
1533 1107 1673 1162 dicit
1703 1107 1885 1162 Filius
1916 1108 2050 1163 Dei:
2086 1110 2421 1163 Resistamus
2449 1108 2560 1179 (53)
2591 1124 2739 1163 omni
2774 1108 3078 1180 iniquitati,
3109 1116 3162 1163 et
3190 1108 3311 1163 odio
3343 1107 3643 1162 habeamus

222 1211 371 1250 eam.
406 1199 551 1267 Ergo
584 1195 947 1251 considerate
977 1212 1152 1268 opera
1184 1196 1350 1251 male
1380 1197 1502 1251 viae.
1535 1197 1659 1252 Non
1694 1198 2007 1268 separatim
2057 1198 2281 1253 debetis
2313 1198 2588 1253 seducere
2630 1214 2733 1253 vos
2764 1202 3038 1268 tanquam
3065 1196 3412 1268 justiﬁcati;
3444 1196 3545 1251 sed
3576 1195 3637 1251 in

223 1299 417 1339 unum
450 1285 857 1340 convenientes
890 1286 1000 1356 (54)
1034 1284 1334 1357 inquirite,
1365 1286 1516 1356 quod
1548 1286 1944 1340 communiter
1973 1284 2204 1341 dilectis
2246 1285 2551 1341 conveniat
2579 1289 2636 1341 et
2686 1286 2886 1358 prosit.
2920 1286 3072 1340 Dicit
3104 1285 3260 1341 enim
3294 1284 3596 1357 Scriptura
3624 1300 3637 1339 :

228 1374 324 1430 Vae
353 1372 491 1440 illis,
552 1375 647 1445 qui
670 1373 775 1429 sibi
832 1374 1173 1445 intelligunt,
1232 1378 1285 1429 et
1313 1374 1461 1443 apud
1514 1390 1574 1430 se
1626 1374 1771 1430 docti
1824 1374 2081 1429 videntur
2127 1375 2189 1428 ιδ.
2253 1374 2451 1430 Simus
2502 1373 2860 1447 spirituales,
2923 1374 3111 1429 simus
3166 1372 3452 1446 templum
3505 1372 3638 1444 (55),

224 1466 708 1518 consummatum
741 1463 895 1530 Deo;
944 1464 1002 1518 in
1034 1466 1315 1534 quantum
1367 1467 1456 1518 est
1484 1462 1543 1517 in
1593 1462 1783 1530 nobis,
1817 1462 2173 1518 meditemur
2213 1462 2483 1518 timorem
2535 1463 2635 1518 Dei
2664 1464 2797 1533 (56),
2828 1465 2886 1517 et
2932 1460 3333 1519 custodiamus
3362 1462 3640 1519 mandata

224 1548 389 1606 illius
420 1550 554 1621 (57).
2994 1545 3002 1552 ’

296 1639 585 1695 Dominus
615 1655 729 1693 non
762 1644 999 1711 accepta
1046 1655 1294 1711 persona
1334 1640 1567 1711 judicat
1615 1640 1925 1695 mundum.
1976 1639 2390 1712 Unusquisque
2433 1641 2754 1697 secundum
2805 1658 2933 1712 quae
2984 1640 3120 1697 facit
3162 1639 3373 1711 accipit
3401 1640 3554 1712 (58):
3587 1639 3639 1694 si

223 1728 403 1785 fuerit
434 1728 642 1797 bonus,
676 1728 906 1784 bonitas
929 1744 1063 1784 eum
1088 1728 1373 1784 antecedit
1397 1746 1410 1797 ;
1434 1729 1482 1784 si
1510 1746 1783 1801 nequam,
1816 1745 2038 1785 merces
2064 1729 2331 1800 nequitia:
2356 1746 2490 1785 eum
2522 1730 2807 1802 sequitur.
2833 1730 3145 1797 Attendite,
3180 1743 3251 1785 ne
3276 1728 3386 1801 (59)
3406 1728 3637 1799 quando

224 1816 592 1888 quiescentes
615 1818 740 1888 jam
774 1818 959 1873 vocati
992 1818 1431 1874 addormiamus
1463 1820 1521 1873 in
1552 1818 1803 1891 peccatis
1834 1818 2052 1874 nostris
2079 1844 2092 1886 ;
2124 1823 2180 1873 et
2225 1835 2472 1890 nequam
2523 1819 2816 1891 accipiens
2848 1822 3194 1889 potestatem
3227 1821 3510 1885 nostram,
3541 1833 3639 1871 su-

223 1907 399 1962 scitet
430 1906 540 1977 (60)
573 1915 629 1962 et
657 1906 923 1962 excludat
953 1924 985 1962 a
1017 1923 1193 1979 regno
1224 1908 1475 1963 Domini.
1509 1908 1713 1963 Adhuc
1744 1911 1800 1963 et
1830 1906 1974 1963 illud
2008 1906 2340 1980 intelligite,
2395 1925 2528 1964 cum
2558 1907 2820 1963 videritis
2852 1908 2964 1979 (61)
2995 1911 3158 1962 tanta
3189 1906 3357 1979 signa
3383 1909 3441 1961 et
3469 1921 3635 1961 mon-

222 1998 347 2050 stra
380 1996 440 2050 in
474 1995 686 2067 populo
714 1996 1071 2066 Judaaorum,
1104 2004 1161 2051 et
1190 1998 1272 2052 sic
1295 1998 1407 2067 (62)
1430 1996 1562 2052 illos
1586 1996 1937 2066 derelinquit
1958 1997 2263 2053 Dominus.
2293 1998 2672 2053 Attendamus
2695 2013 2849 2069 ergo,
2884 2013 2958 2052 ne
2979 1997 3145 2068 forte,
3170 1996 3321 2051 sicut
3351 1995 3641 2067 scriptura

221 2087 332 2151 est,
367 2085 531 2139 multi
559 2087 752 2151 vocati,
780 2086 950 2156 pauci
972 2086 1143 2151 electi,
1177 2085 1546 2141 inveniamur
1580 2088 1643 2142 ‘t.

511 2190 573 2245 V.
601 2191 810 2245 Monum
838 2192 1035 2263 fcedus,
1062 2194 1317 2263 passione
1349 2192 1555 2248 Christi
1580 2193 1899 2263 fundatum,
1929 2197 2007 2248 est
2036 2193 2191 2249 nobis
2222 2194 2292 2248 ad
2310 2195 2568 2261 salutem,
2600 2194 2810 2251 Iudaeis
2838 2194 2909 2249 ad
2938 2195 3248 2251 interitum.

305 2281 546 2352 Propter
576 2280 684 2335 hoc
714 2280 996 2335 Dominus
1030 2281 1310 2337 sustinuit
1334 2283 1562 2338 tradere
1585 2300 1797 2353 corpus
1829 2299 2003 2337 suum
2026 2282 2085 2337 in
2107 2283 2541 2349 exterminium,
2568 2288 2632 2338 ut
2654 2284 2997 2339 remissione
3020 2286 3390 2355 peccatorum
3425 2281 3641 2337 sancti-

221 2370 491 2437 ﬁcemur,
526 2370 677 2439 quod
708 2375 797 2425 est
826 2370 1126 2441 sparsione
1158 2372 1466 2443 sanguinis
1498 2371 1657 2427 illius
1689 2372 1827 2444 (63).
1856 2372 2147 2444 Scriptum
2179 2376 2267 2428 est
2315 2373 2427 2440 (64)
2477 2373 2631 2428 enim
2664 2374 2735 2428 de
2764 2372 2885 2440 illo,
2938 2372 3200 2443 quaedam
3250 2372 3322 2427 ad
3354 2368 3637 2443 populum

220 2459 588 2528 Judaorum,
621 2458 887 2530 quaedam
918 2460 988 2513 ad
1021 2476 1146 2515 nos.
1198 2460 1349 2515 Dicit
1379 2465 1575 2516 autem
1629 2460 1751 2516 sic:
1790 2462 2111 2517 Vulneratus
2158 2469 2234 2516 est
2276 2466 2503 2533 propter
2552 2463 2868 2533 iniquitates
2927 2470 3161 2528 nostras,
3201 2463 3250 2516 et
3309 2467 3537 2515 vexatus
3562 2474 3641 2524 est

218 2553 447 2621 propter
474 2553 697 2614 peccata
727 2556 909 2603 nostra
931 2567 948 2602 :
978 2551 1247 2618 sanguine
1276 2551 1387 2621 (65)
1420 2551 1573 2605 illius
1619 2552 1800 2607 sancti
1826 2567 2037 2606 sumus.
2075 2552 2349 2624 Tanquam
2403 2552 2515 2607 ovis
2546 2552 2617 2607 ad
2646 2553 2921 2607 victimrm
2949 2550 3211 2606 adductus
3265 2558 3347 2605 est
3367 2568 3386 2605 :
3412 2552 3465 2605 et
3502 2549 3643 2605 sicut

223 2652 407 2706 agnus
428 2652 615 2693 coram
639 2636 890 2693 tondente
917 2653 992 2703 se,
1024 2639 1104 2692 sic
1133 2654 1242 2693 non
1257 2641 1472 2710 aperuit
1501 2656 1556 2695 os
1584 2655 1748 2695 suum
1776 2639 2327 2712 ‘5.Supergratu1ari
2358 2657 2494 2713 ergo
2526 2641 2806 2697 debemus
2855 2640 3122 2711 Domino,
3154 2639 3289 2711 quia
3318 2642 3375 2694 et
3404 2640 3639 2711 prater—

224 2727 312 2785 ita
343 2725 512 2780 nobis
541 2725 815 2790 ostendit,
848 2729 904 2780 et
931 2726 1223 2798 sapientes
1257 2728 1391 2783 fecit
1417 2745 1430 2795 ;
1459 2732 1515 2782 et
1544 2728 1613 2784 de
1645 2728 1858 2785 futuris
1898 2745 2014 2783 non
2058 2746 2268 2785 sumus
2320 2729 2446 2785 sine
2475 2728 2793 2785 intellectu.
2848 2729 2995 2785 Dicit
3025 2732 3260 2784 autem:
3293 2728 3411 2784 Non
3438 2726 3641 2798 injuste

226 2815 534 2872 tenduntur
562 2816 703 2869 retia
730 2815 918 2871 avibus
950 2816 1011 2870 ³⁵.
1039 2816 1157 2871 Hoc
1187 2816 1350 2886 dicit,
1378 2817 1514 2888 quia
1535 2818 1695 2888 juste
1717 2818 1898 2889 periet
1928 2818 2039 2889 (66)
2062 2818 2236 2875 homo
2258 2819 2481 2875 habens
2510 2819 2663 2875 viam
2688 2819 2969 2885 veritatis,
3001 2817 3303 2874 scientiam
3334 2816 3469 2888 (67),
3500 2819 3557 2872 et
3576 2830 3639 2871 se

304 2934 349 2974 ιο
380 2931 559 2986 Exod.
594 2947 782 3001 xxx1v,
814 2932 902 2987 28.
984 2934 1024 2968 ¹¹
1056 2932 1233 2988 Exod.
1292 2950 1470 2998 xxxn,
1498 2935 1552 2987 7.
1586 2938 1643 2988 et
1698 2937 1862 2989 Deut.

2019 2935 2095 2988 l2.
2178 2936 2219 2969 ¹²
2274 2935 2451 2989 Exod.
2486 2952 2662 3003 χχιιι,
2698 2936 2782 2990 19.
2864 2934 3048 2990 13Isa.
3095 2952 3148 3003 v,
3192 2935 3282 2988 2t.
3362 2934 3407 2969 “
3433 2932 3635 2989 Matth.

226 3020 320 3071 xx,
355 3003 422 3058 16
451 3020 463 3068 ;
496 3019 637 3070 xxu,
670 3003 755 3057 14.
836 3004 879 3037 ¹⁵
912 3004 1002 3058 Isa
1032 3020 1149 3071 Lm,
1184 3004 1237 3073 5,
1268 3005 1320 3056 7.
1405 3005 1447 3041 ¹⁶
1479 3004 1639 3060 Prov.
1675 3023 1712 3074 ι,
1748 3007 1832 3059 17.

1600 3120 1985 3176 VARIORUM
2024 3121 2257 3177 NOTIE.

226 3210 629 3282 Testamentum
657 3206 728 3282 ad
777 3223 892 3274 nos,
943 3223 1019 3262 an
1049 3207 1141 3282 ad
1190 3209 1324 3282 illos
1353 3210 1647 3282 pertinent,
1695 3212 1876 3282 Quam

2019 3229 2115 3275 ιος,
2153 3231 2179 3282 ς(
2212 3208 2341 3262 Οὐαὶ
2373 3209 2426 3262 οἱ
2458 3210 2663 3263 συνετοὶ
2714 3210 2857 3282 παρ’.
2890 3210 3125 3282 sacrate,
3152 3206 3241 3262 καὶ
3288 3206 3514 3261 ἐνώπιον
3542 3206 3635 3261 αὐ·-

226 3278 779 3371 quidemﬂbar‘nabaa
797 3279 1161 3371 'sengantiam
1299 3278 1593 3364 Justipius
1631 3279 1670 3334 l.
1706 3281 1876 3369 c.'his

2019 3284 2097 3333 ὢν
2150 3279 2527 3371 ἐτςεστήμῖονεξ,
2584 3306 2609 3331 ››
2658 3278 2978 3371 προσίτᾴξας,
3027 3278 3303 3364 ἐπήγαγεῖ
3322 3295 3334 3307 ·
3387 3301 3415 3371 ξ(
3450 3283 3636 3371 ⁸Ῑξγευ.

218 3345 417 3425 verbis
464 3348 721 3425 illustrat
750 3367 767 3425 :-
796 3348 858 3401 Εἰ
910 3345 966 3401 δὲ
1011 3369 1111 3425 ,τις
1164 3352 1354 3425 cynicum
1392 3354 1518 3425 ςςῷγ
1568 3350 1876 3425 προχείρως

2019 3345 2571 3425 ια’ςικφὶᾃγεῖώμεθὰ,
2629 3345 2755 3413 ναὸς
2810 3345 3158 3425 τέλειος
3202 3345 3336 3425 Θεῖν’
3386 3347 3631 3425 ἐφ’ᾐὸσογ

223 3372 417 3407 vernis
467 3372 858 3404 iuuetratzm
910 3372 966 3401 οε
1025 3372 1105 3408 τις
1164 3372 1354 3424 parum
1412 3372 1518 3403 των
1568 3372 1878 3425 προχειρως
2038 3372 2211 3405 ατικοι
2304 3372 2568 3423 ενωμευα,
2629 3372 2755 3413 veto:
2810 3372 3018 3411 τεΛειος
3076 3372 3155 3422 τῳ
3202 3372 3336 3418 usq)"
3386 3372 3447 3425 εφ
3507 3372 3631 3402 οσον

223 3419 547 3507 ᾀῖῖιξκέέγεινδ
568 3419 903 3507 εξθισμὲνωνι,
958 3421 1031 3491 μή
1075 3422 1350 3507 ᾒὴμῖνὶτὰε
1387 3416 1613 3507 βίϐλῖους
1660 3421 1880 3507 τάύτας,
1992 3372 2130 3507 glqu
2166 3372 2435 3507 ἐφ’ἶςῃξῖν,
2490 3421 2954 3507 μελετῶμενὶτὸν,
3000 3416 3167 3507 φόκϐρν
3212 3424 3307 3507 τρῦ
3337 3424 3509 3507 θθεςξθῦ,
3543 3420 3631 3507 xui

223 3490 378 3547 ἀλλὰ
410 3486 1035 3563 ’ἰουδαίοιζπροσήκέιπ
1071 3486 1157 3545 Stal
1203 3492 1264 3546 τὸ
1318 3486 1395 3547 ἔτί
1436 3493 1527 3563 καὶ
1558 3497 1648 3546 νῦν
1680 3493 1729 3547 ἐν
1762 3486 1879 3554 ταῖξ
1992 3486 2279 3563 φυλάᾳσέιν
2300 3486 2355 3546 "tl

229 3566 567 3637 συγαγωγαῖς
624 3560 818 3637 οιύηιτῖὶίνΔ
854 3562 1113 3637 σώζεσθαξι
1150 3609 1163 3633 ,
1222 3563 1310 3617 καὶ
1375 3562 1546 3636 μάτην
1618 3566 1766 3637 ἡμᾷς
1824 3563 1883 3617 ἐκ

223 3629 439 3709 toxicum
500 3632 716 3709 φάσλξειν
762 3633 860 3699 τὴν
908 3629 1237 3709 θξοσὲϐειὲκνῄ
1267 3629 1673 3709 Ηξμαθηδὶέναί
1703 3633 1877 3709 λ-ἑγοι·

222 3705 423 3780 γνώτῳ
456 3702 541 3780 ἀτᾷ
573 3702 759 3780 ανότῶγι
783 3709 905 3780 .τῴνέ
951 3704 1001 3757 ἐν
1050 3711 1168 3780 ταῖς
1220 3702 1434 3780 βίϐλόις
1464 3702 1880 3780 Ϊεγρᾳμμοσξνὶρν,

226 3772 314 3832 ὅτε
336 3775 448 3854 ,0ρκ
476 3774 678 3854 αρτοῖς,
710 3772 834 3827 ἀλλ’
884 3778 1017 3847 ἡμῖν
1050 3779 1084 3845 ἡ
1114 3776 1171 3829 ἐκ
1220 3772 1425 3832 ὲούτων
1460 3772 1697 3854 διοίφὲῥεὶ
1732 3772 1881 3831 διδαὲ

227 3844 448 3903 exalia.
494 3847 641 3915 Quod
669 3850 717 3901 si
746 3850 867 3917 quis
910 3844 1081 3903 exiis
1115 3851 1212 3919 qui
1240 3852 1468 3905 libenter
1507 3844 1884 3905 contradicere

228 3922 429 3984 solent,
470 3935 580 3992 non
627 3922 839 3973 nostros
894 3919 987 3992 hos
1038 3921 1222 3984 libros,
1271 3922 1362 3977 sed
1408 3922 1725 3978 Judazorum
1755 3938 1879 3992 pro-

221 3994 379 4064 prios
408 4005 523 4045 esse
551 3989 715 4055 dicat,
749 4005 809 4044 eo
838 3991 988 4064 quod
1023 3994 1331 4047 etiamnum
1381 3994 1441 4047 in
1489 4008 1678 4048 eorum
1705 3989 1880 4064 syna-

224 4062 384 4135 gOgis
426 4069 790 4135 asserventur,
840 4078 904 4115 ac
961 4063 1167 4131 frustra
1214 4064 1537 4131 religionem
1593 4066 1677 4118 his
1723 4062 1883 4120 libris
1991 4064 2048 4119 id

226 4133 518 4207 acceptam
547 4149 580 4207 a
609 4133 763 4207 nobis
790 4135 1041 4204 referri:
1064 4137 1273 4190 noverit
1305 4136 1402 4189 ille
1420 4152 1489 4190 ex
1510 4136 1579 4189 iis
1609 4136 1741 4206 ipsis
1762 4152 1883 4206 quae
1992 4153 2099 4191 nos
2125 4137 2409 4193 videlicet.
2444 4138 2593 4193 Max.
2628 4169 2696 4177 —
2717 4139 2785 4192 At
2815 4133 3007 4192 Fellus
3028 4139 3161 4207 post
3188 4136 3440 4203 suscitet,
3474 4133 3637 4190 addit

1992 3490 2279 3571 φυλάςσὲιν
2310 3490 2727 3571 ι’ἆγωνίζῴμεθὰ
2759 3493 2878 3571 ’τὰς
2937 3490 3159 3554 ἐν’ἐολὰς
3204 3491 3389 3561 αὐτοῦ,
3440 3490 3536 3545 ’ἱνα
3578 3490 3630 3546 ἐν

1990 3562 2104 3641 ’ἑοῖς
2138 3562 2504 3641 δικᾳιώμὸισιχ
2529 3562 2692 3619 αὐλτοῦ
2725 3563 3123 3641 εὐφρανθωμεν.
3159 3588 3210 3619 ››.

2063 3637 2174 3707 (58)
2206 3637 2430 3707 Accipit.
2466 3637 2613 3693 Edit.
2646 3636 2835 3693 Oxon.
2878 3636 3132 3709 accipiet.
3180 3636 3294 3694 Sic.
3328 3636 3351 3692 Ι
3379 3636 3510 3692 Cor.
3544 3654 3629 3703 ιιι,

1991 3709 2443 3781 8:Unusquisque
2492 3718 2676 3764 autem
2719 3712 3004 3781 propriam
3049 3710 3358 3765 mercedem
3406 3709 3637 3780 accipiet

1990 3780 2289 3835 secundum
2317 3796 2478 3834 suum
2507 3782 2766 3837 laborem.

2063 3851 2175 3922 (59)
2208 3853 2496 3921 Attendite,
2527 3869 2615 3921 ne,
2648 3856 2762 3907 etc.
2804 3850 3028 3906 Alludit
3062 3853 3133 3906 ad
3164 3850 3503 3923 parabolam
3535 3852 3635 3906 de-

1992 3938 2115 3977 cem
2147 3923 2465 3993 virginum,
2497 3923 2702 3979 Matth.
2734 3940 2863 3977 xxv.
2896 3926 3042 3976 ΜΕΝ.

2062 3995 2174 4064 (60)
2231 3991 2503 4061 Nostram,
2560 3996 2799 4050 suscitet.
2857 3994 3126 4061 Nostram,
3182 3991 3239 4046 id
3297 3992 3635 4064 est_nostri,

2110 4070 2198 4120 est
2253 4066 2312 4121 in
2370 4083 2498 4121 nos.
2555 4066 2803 4131 Suscitet,
2835 4064 2981 4131 lege,
3011 4065 3320 4127 suscitetur,
3353 4062 3634 4118 adversus

229 4206 319 4261 his
350 4206 411 4258 in
441 4204 596 4259 libris
644 4205 853 4274 scripta
900 4212 1048 4269 sunt,
1100 4222 1209 4261 non
1255 4206 1592 4270 Judworum,
1629 4204 1737 4260 'sed
1772 4204 1881 4262 ἠο-

230 4281 407 4348 stram
436 4290 549 4330 esse
593 4274 788 4348 horum
835 4277 1109 4348 librarium
1162 4277 1421 4348 doctrinae
1464 4280 1879 4348 possessionem.

231 4347 527 4403 Nimirum
542 4346 972 4419 contendebant
990 4347 1193 4417 Judaei,
1219 4365 1390 4403 suum
1416 4346 1563 4419 esse,
1587 4365 1701 4404 non
1724 4348 1884 4404 Chri-

232 4419 586 4491 stianorum,
640 4417 820 4491 Vetus
873 4419 1332 4491 Testamentum.
1396 4417 1553 4485 Quos
1607 4436 1742 4491 ergo
1789 4420 1883 4474 hic

231 4488 447 4563 refellit
477 4489 539 4563 S_.
582 4489 899 4544 Barnabas.
932 4489 1048 4544 Hac
1096 4490 1167 4563 de
1198 4508 1259 4545 re
1305 4507 1535 4563 quoque
1563 4488 1881 4546 Eusebium

235 4560 477 4617 consule
508 4561 814 4615 Demonstr.
846 4574 1063 4629 evang,
1095 4560 1196 4617 lib.
1233 4580 1272 4626 ι,
1311 4560 1523 4631 can—6.

1991 4207 2200 4263 litteris
2232 4209 2492 4264 miniatis
2522 4225 2639 4265 nos.

2063 4280 2173 4350 (61)
2205 4283 2341 4336 Cum
2374 4280 2637 4343 videritis,
2670 4284 2778 4335 etc.
2802 4279 3053 4350 Verbum
3092 4276 3341 4350 videritis
3370 4279 3638 4350 estprae-

1990 4348 2227 4405 teritum
2260 4350 2369 4406 hoc
2418 4352 2559 4405 loco.
2598 4351 2744 4406 Nam
2799 4351 2948 4405 infra
2976 4348 3235 4421 loquitur
3286 4348 3363 4421 de
3396 4348 3634 4404 subver-

1993 4422 2166 4494 sione
2184 4422 2386 4493 templi
2420 4421 2926 4494 Hierosolymitani
2951 4419 3077 4494 jam
3109 4421 3279 4476 facta.
3312 4419 3462 4475 ΜΕΝ.

2085 4493 2175 4560 62)
2206 4495 2270 4548 Et
2298 4495 2395 4548 sic.
2432 4494 2491 4548 Id
2523 4498 2631 4560 est,
2665 4493 2826 4559 Quod
2859 4494 2962 4549 sic.
2998 4493 3150 4549 MEN.

2085 4494 2155 4546 62
2206 4495 2270 4548 Et
2298 4492 2395 4548 sic.
2432 4494 2491 4548 Id
2523 4498 2631 4560 est,
2665 4492 2826 4559 Quod
2859 4494 2962 4549 sic.
2998 4493 3150 4549 MEN.

2064 4492 2175 4635 l63l
2205 4564 2502 4635 Sparsione
2557 4566 2851 4636 sanguinis
2902 4564 3124 4636 illius__I
3184 4562 3409 4627 Petr.1,
3455 4562 3526 4615 2:
3572 4564 3635 4615 In

306 4633 419 4701 (52)
449 4632 590 4706 Non_
609 4632 759 4686 odio.
818 4632 928 4687 Ms.
984 4649 1095 4687 non
1143 4635 1316 4690 modo.
1364 4634 1557 4689 Usser.
1590 4648 1700 4688 non
1730 4633 1886 4689 modo
1914 4632 1962 4651 ”
1994 4632 2304 4705 aspersione
2331 4637 2619 4706 sanguinis
2645 4632 2778 4691 Jesu
2809 4635 3029 4690 Christi.
3063 4634 3214 4689 ΜΕΝ.

237 4706 514 4758 animum.
551 4703 715 4757 FELL.

306 4774 420 4844 (53)
452 4775 799 4828 Resistamus.
832 4777 939 4828 etc.
986 4778 1146 4829 Hanc
1196 4775 1403 4831 Christi
1436 4774 1786 4831 sententiam
1818 4774 1877 4828 in

230 4844 697 4917 totoEvangelio
729 4861 842 4899 non
895 4846 1216 4917 repereris:
1268 4848 1368 4901 sed
1415 4847 1711 4901 Barnabas
1749 4863 1876 4917 eam

231 4916 457 4972 audivit
487 4916 557 4970 ab
587 4916 713 4987 ipso
761 4916 1009 4988 Christo,
1042 4923 1145 4972 aut
1189 4918 1261 4971 ab
1309 4917 1507 4988 aliquo
1550 4916 1874 4987 discipulo:

231 4988 429 5059 qualis
459 4992 546 5042 est
578 4990 697 5059 hac
733 4986 889 5042 Pauli
922 4988 1233 5053 sententia,
1258 4995 1381 5044 Act.
1406 4986 1495 5059 xv,
1528 4989 1634 5043 35:
1672 4986 1739 5045 Et
1767 5005 1879 5043 me-

223 5058 457 5115 minisse
491 5058 639 5114 verbi
670 5060 889 5131 Domini
917 5062 1059 5125 Jesu,
1093 5062 1350 5130 quoniam
1385 5058 1499 5131 ipse
1528 5060 1708 5114 dixit:
1740 5061 1876 5114 Bea-

227 5134 341 5187 tius
374 5138 453 5186 est
480 5131 657 5200 magis
685 5129 834 5199 dare,
867 5147 1032 5201 quam
1060 5129 1319 5202 accipere.
1353 5129 1501 5186 Man.

303 5203 416 5272 (54)
449 5204 510 5257 In
542 5218 714 5255 unum
763 5204 1158 5257 convenientes.
1219 5206 1323 5258 His
1349 5202 1567 5258 similia
1613 5202 1785 5257 Hebr.
1819 5221 1874 5269 χ,

222 5274 319 5338 24,
350 5274 442 5326 25.
477 5272 639 5327 Ἐειι..

302 5344 415 5415 (55)
448 5343 635 5399 Simus
662 5343 940 5415 templum.
975 5343 1033 5400 S.
1066 5343 1284 5400 Paulus
1321 5345 1430 5401 hac
1459 5344 1732 5415 loquendi
1764 5344 1875 5399 for-

228 5414 404 5470 mula
424 5431 573 5486 saepe
604 5414 807 5479 utitur,
844 5415 863 5469 Ι
894 5418 1019 5469 Cor.
1057 5432 1139 5482 III,
1168 5416 1254 5483 16,
1290 5417 1358 5472 17
1388 5434 1402 5483 ;
1434 5434 1511 5479 v1,
1536 5414 1630 5473 19.
1665 5417 1713 5471 ΙΙ
1744 5415 1873 5471 Cor.

224 5502 307 5551 v1,
340 5487 446 5555 16;
482 5486 690 5556 Ephes.
726 5502 787 5554 II,
818 5486 882 5541 21
913 5504 926 5553 ;
961 5486 1005 5545 Il
1038 5486 1243 5543 Thess.
1280 5505 1341 5554 II,
1376 5490 1427 5543 4.
1460 5488 1624 5543 Εειῑ..

303 5558 413 5629 (56)
472 5557 795 5629 Meditemur
852 5558 1110 5615 timorem
1162 5560 1279 5615 Dei.
1336 5560 1512 5615 Juxta
1563 5558 1709 5614 illud
1763 5560 1873 5614 Isa.

224 5645 426 5697 χχχιιι,
462 5629 527 5684 18
556 5647 567 5685 :
604 5628 707 5685 Cor
737 5633 853 5684 tum
881 5630 1242 5687 meditabitur
1273 5632 1544 5686 timorem.
1580 5634 1727 5685 ΜΕΝ.

301 5701 414 5771 (57)
444 5703 611 5756 Hunc
640 5700 835 5756 locum
864 5699 1068 5775 laudat
1097 5702 1365 5775 Clemens
1412 5701 1591 5775 Αιθκ.
1625 5706 1872 5775 Στρῳμ.,

227 5766 333 5827 ΙῘΗ.
370 5766 432 5843 1i,
467 5788 591 5844 cap.
650 5777 701 5841 7,
763 5787 897 5844 pag.
928 5774 1033 5827 447
1084 5772 1201 5830 εΚαῖ
1246 5768 1521 5850 Βαρνάϐας
1572 5772 1599 5825 ὁ
1646 5766 1873 5827 induto;

2066 4708 2178 4776 (64)
2208 4701 2487 4777 Scriptum
2516 4710 2609 4761 est.
2646 4707 2752 4761 Pro
2806 4722 2966 4761 more
2988 4701 3364 4777 interpretis,
3396 4701 3633 4777 rectius,

1989 4771 2198 4867 δενῖριέε
2219 4771 2495 4867 wet-ﬁn
2526 4778 2681 4866 θηίπξ
2715 4778 2959 4867 fortasse
2984 4771 3625 4867 ἔθείιέῖΓέχροξετῖεέιξγδξξ

1988 4840 2110 4923 περὶ
2142 4847 2305 4901 αὐτοῦ
2334 4848 2401 4901 τὰ
2433 4847 2547 4923 μὲνΔ
2578 4847 2715 4923 api);
2761 4847 2853 4901 τὸν
2905 4840 3190 4901 λαὸκῖτῶν
3237 4840 3635 4912 Ἰ’ὁυδαίων,’τ’ἁ

1988 4909 2067 4992 χὲ
2080 4920 2215 4989 πρὸς
2247 4921 2412 4990 ἡμᾶς.
2433 4909 2737 4976 'tht.'Sic
2767 4924 2823 4975 et
2842 4924 2989 4974 ΜΕΝ.

2059 4982 2505 5116 (65)FSanguine.
2558 4991 2789 5063 Legisse
2820 4991 3049 5047 videtur
3104 4988 3409 5060 interpres,
3440 4988 3518 5057 τῷ
3548 4982 3630 5039 αἶ’-

2059 5081 2139 5116 ῐτι.
2214 5080 2331 5116 ELL.

2034 5081 2139 5116 11L
2176 5080 2331 5117 PELL.

1992 5082 2407 5203 μαῖὦῖἓῐέὲέεε.
2435 5132 2625 5189 Semel
2655 5132 2930 5189 lectorem
2962 5146 3191 5199 moneo,
3226 5144 3465 5203 menon
3499 5144 3626 5203 pro-

1988 5200 2125 5259 bare
2156 5200 2471 5259 maximam
2506 5210 2730 5275 partem
2758 5204 3094 5267 lectionum,
3135 5218 3288 5275 quas
3318 5200 3630 5275 Menardus

1987 5277 2060 5330 ad
2092 5292 2251 5331 oram
2310 5270 2523 5331 veteris
2552 5276 2728 5346 hujus
2784 5270 3301 5346 interpretationis
3332 5270 3626 5346 apposuit.

1987 5346 2073 5401 Ita
2101 5348 2301 5418 peribit
2329 5346 2575 5401 correxit
2601 5342 2703 5418 p'ro
2731 5342 3097 5416 perietfcum
3142 5361 3257 5400 non
3288 5342 3630 5418 hoc’minus

1987 5434 2162 5489 quam
2195 5417 2465 5483 alterum,
2502 5418 2560 5472 in
2593 5415 2704 5473 usu
2735 5417 2911 5472 fuerit
2938 5434 3075 5489 aevo,
3098 5415 3546 5489 posteriori._l_t_a
3573 5419 3631 5470 et

1984 5486 2146 5614 plibi,
2164 5492 2426 5614 gnteriet,
2457 5491 2602 5545 exiet
2632 5497 2686 5545 et
2716 5490 2969 5551 transiet,
3003 5486 3180 5544 etiam
3225 5487 3379 5560 apud
3428 5486 3625 5544 Tibul-

2010 5578 2130 5614 um.
2215 5578 2331 5614 oss.

2010 5578 2130 5616 um.
2164 5565 2331 5616 Voss.

2056 5632 2171 5704 (67)
2205 5633 2416 5687 Habeas
2462 5634 2613 5687 viam
2650 5633 2919 5700 veritatis,
2968 5632 3273 5687 scientiam.
3308 5629 3445 5686 Felli
3475 5628 3629 5686 edito

1984 5703 2187 5774 Oxon.,
2224 5704 2444 5759 [labens
2474 5706 2581 5760 uiae
2613 5704 2858 5759 veritatis
2890 5705 3197 5759 scientiam.
