4086 6342
513 425 631 483 747
1754 426 1819 481 S.
1867 421 2259 482 BARNABzE
2303 419 2685 481 APOSTOLI

3811 421 3937 482 748

517 554 689 628 spina
716 551 1104 610 formidabilis
1141 554 1238 621 sit,
1270 554 1479 609 debeat
1525 553 1779 624 plurima
1817 554 2079 623 sufferre,
2111 557 2168 607 et

2305 555 2521 613 ικανθῶν
2570 549 2772 603 τιθέασι
2804 566 2817 617 ;
2849 548 3029 609 Τόπος
3079 546 3187 603 ἕστὶ
3229 552 3327 602 τοῦ
3358 549 3537 618 Ἰησοῦ
3583 552 3653 622 τῇ
3690 551 3938 619 Ἐκκλη-

516 644 829 700 afﬂictatus
859 642 1030 714 potiri
1063 640 1245 696 illius.
1296 641 1402 707 Sic,
1455 641 1668 712 inquit,
1713 644 1812 714 qui
1858 642 2048 697 volunt
2080 658 2166 697 me

2305 638 2365 709 ia
2394 637 2663 710 κείμενος,
2690 636 2782 691 ’ἶνα
2812 638 2946 711 (58),
2980 636 3038 698 ’ὃς
3089 634 3176 691 ἐὰν
3219 634 3350 710 θέλῃ
3393 637 3456 691 τὸ
3501 632 3646 713 ἔριον
3696 639 3827 711 ἆραι
3876 640 3939 693 τὸ

513 732 697 789 videre
733 736 787 787 et
829 731 901 787 ad
957 746 1189 799 regnum
1242 745 1425 785 meum
1463 732 1772 801 pervenire,
1822 730 2017 786 debent
2069 746 2167 801 per

2305 722 2548 795 όκκινον,
2576 723 2657 779 δεῖ
2686 725 2846 780 αὐτὸν
2877 723 3064 780 πολλὰ
3091 726 3300 798 παθεῖν,
3334 722 3423 780 διὰ
3468 726 3531 781 τὸ
3581 726 3711 782 εἶναι
3766 722 3937 804 φοϐε-

514 822 842 893 afﬂictiones
871 827 925 875 et
953 826 1222 875 tormenta
1245 817 1524 890 passidere
1554 833 1653 874 me.

2310 817 2368 869 ἂν
2418 817 2516 884 τήν
2568 812 2821 885 ἄκανθαν,
2852 814 2941 869 καὶ
2991 808 3243 878 θλιϐέντα
3269 819 3545 890 κυριεῦσαι
3577 818 3711 889 (59).
3747 816 3939 885 Οὕτω,

514 907 700 983 φησὶν,
754 908 806 961 οἱ
865 905 1113 971 θέλοντές
1176 927 1242 979 με
1300 903 1453 978 ἰδεῖν,
1511 906 1601 959 καὶ
1660 902 1891 979 ἅψασθαί
1956 926 2059 980 μου
2115 911 2214 974 τῆς
2278 902 2573 979 βασιλείας,
2635 903 2915 983 ὀφείλουσι
2974 897 3252 965 Θλιϐέντες
3326 904 3416 958 καὶ
3492 904 3755 968 παθόντες
3833 904 3939 961 λα-

520 993 635 1053 ϐεῖν
666 1018 733 1073 με
765 998 899 1071 (60).

1676 1112 1819 1169 VIII.
1860 1114 2033 1170 Vacca
2066 1114 2237 1169 rubra
2262 1143 2331 1153 —
2361 1119 2523 1184 typus
2554 1110 2778 1167 Christi.

592 1235 778 1297 Quam
828 1232 1023 1285 autem
1073 1229 1322 1301 ﬁguram
1380 1228 1601 1300 putatis
1648 1245 1798 1293 esse,
1840 1229 1994 1300 quod
2027 1246 2170 1300 pras-

520 1321 737 1395 cipitur
782 1319 1006 1385 Israeli,
1047 1324 1113 1373 ut
1143 1318 1407 1373 homines
1437 1322 1857 1373 consummatis
1900 1318 2171 1390 nequitiae

512 1412 826 1483 juvencam
877 1408 1141 1475 offerant,
1192 1411 1250 1461 et
1279 1422 1406 1461 eam
1439 1411 1751 1462 mactatam
1785 1409 2171 1474 comburant;

524 1505 702 1571 atque
734 1503 875 1553 tunc
904 1496 1070 1569 pueri
1100 1494 1311 1551 tollant
1341 1494 1616 1563 cinerem,
1650 1496 1709 1550 in
1742 1512 1879 1551 vasa
1912 1496 2174 1553 mittant:

523 1592 728 1662 postea
757 1585 1007 1659 [baculo]
1040 1584 1281 1656 alligent
1311 1585 1506 1639 lanam
1540 1584 1870 1640 coccineam
1892 1601 2025 1639 cum
2047 1583 2180 1656 hys-

526 1694 667 1750 sopo
702 1694 716 1744 ;
748 1680 806 1731 et
835 1675 919 1730 sic
950 1672 1235 1747 pOpulum
1268 1671 1611 1745 singulatim
1640 1672 1807 1744 pueri
1844 1676 2177 1746 aspergant,

525 1770 591 1821 ut
621 1783 655 1821 a
683 1762 937 1837 peccatis
959 1760 1328 1835 purgetur“?
1346 1760 1621 1833 Aspicite,
1646 1762 1934 1833 quomodo
1957 1760 2016 1816 in
2038 1762 2177 1816 sim-

523 1854 781 1927 plicitate
830 1851 999 1908 nobis
1048 1850 1324 1923 loquatur
1371 1851 1720 1922 [Dominus].
1770 1849 1999 1906 Vitulus
2048 1851 2181 1918 iste,

520 1944 696 2000 Jesus
726 1945 854 2009 est;
887 1939 1156 1996 homines
1190 1955 1465 2011 nequam,
1500 1939 1599 2010 qui
1630 1939 1899 2004 offerunt,
1942 1945 2078 1994 sunt
2116 1939 2178 2008 ii,

527 2032 633 2104 qui
667 2030 980 2087 Dominum
1011 2030 1082 2084 ad
1115 2044 1315 2085 necem
1347 2027 1703 2083 obtulerunt.
1739 2028 1856 2084 Sed
1881 2045 2037 2083 nunc
2068 2044 2182 2082 non

529 2118 786 2191 amplius
819 2121 957 2173 sunt
977 2117 1086 2172 viri
1118 2132 1397 2187 nequam,
1429 2132 1535 2172 nec
1561 2116 1816 2189 amplius
1847 2133 1950 2188 pro
1981 2132 2183 2188 pecca-

528 2208 760 2265 toribus
791 2207 1100 2262 habentur.
1142 2205 1315 2261 Pueri
1343 2221 1477 2261 vero
1508 2209 1883 2277 aspergentes
1914 2210 2069 2277 sunt,
2085 2205 2184 2278 qui

528 2296 952 2352 nuntiaverunt
1012 2294 1182 2349 nobis
1235 2292 1641 2349 remissionem
1694 2298 2083 2366 peccatorum,
2131 2298 2187 2349 et

528 2384 999 2457 purificationem
1028 2382 1241 2451 cordis,
1276 2383 1490 2453 quibus
1521 2382 1682 2437 dedit
1712 2382 2006 2454 Evangelii
2040 2399 2182 2455 prai-

532 2473 762 2530 dicandi
793 2475 1177 2544 potestatem:
1210 2471 1427 2542 quique
1457 2475 1599 2525 sunt
1629 2471 1958 2542 duodecim,
1994 2472 2053 2526 in
2082 2471 2187 2526 tri-

530 2562 718 2618 buum
740 2561 1165 2627 testimonium,
1201 2559 1342 2631 quia
1367 2560 1522 2631 apud
1553 2559 1848 2615 Israelitas
1880 2560 2186 2615 duodecim

533 2656 703 2707 erant
732 2649 940 2705 tribus.
974 2652 1049 2703 At
1078 2666 1182 2704 cur
1202 2654 1321 2705 tres
1348 2648 1512 2720 pueri
1535 2653 1950 2720 aspergentes?
1971 2648 2189 2720 Nempe

537 2741 600 2796 in
631 2736 1035 2795 testimonium
1062 2736 1379 2793 Abrahami
1405 2740 1463 2791 et
1490 2736 1674 2791 Isaaci
1700 2742 1756 2791 et
1769 2736 2004 2804 Jacobi;
2033 2737 2187 2808 quod

540 2829 582 2884 ii
614 2827 813 2899 magni
844 2826 1062 2881 fuerint
1085 2842 1281 2880 coram
1316 2826 1450 2880 Deo.
1484 2824 1600 2879 Cur
1628 2841 1760 2880 vero
1791 2824 1926 2880 lana
1947 2826 2005 2880 in
2030 2825 2187 2898 ligno

540 2915 844 2990 (baculo)?
871 2914 1019 2979 Quia
1046 2914 1105 2968 in
1133 2913 1290 2986 ligno
1319 2916 1493 2969 Jesus
1524 2914 1848 2969 dominium
1894 2931 2067 2970 suum
2110 2918 2189 2971 te—

538 3010 657 3074 net,
710 3005 879 3076 cujus
931 3019 1127 3074 causa,
1162 3002 1264 3074 qui
1310 3001 1371 3057 in
1410 3001 1578 3057 illum
1609 3006 1866 3074 sperant,
1895 3003 2089 3059 vivent
2126 3003 2186 3059 in

537 3100 840 3152 internum.
864 3094 1052 3159 Quare
1082 3095 1276 3148 autem
1309 3090 1486 3147 simul
1516 3091 1713 3147 lanam
1737 3096 1794 3148 et
1814 3091 2137 3165 hyssopum
2156 3092 2184 3146 ?

535 3183 823 3251 Quoniam
846 3181 908 3238 in
938 3196 1117 3254 regno
1147 3178 1306 3236 illius
1335 3183 1507 3237 erunt
1533 3179 1660 3236 dies
1690 3178 1830 3237 mali
1861 3197 1928 3236 ac
1966 3180 2187 3236 sordidi

2350 1224 2477 1280 Τίνα
2533 1223 2591 1280 δὲ
2639 1223 2847 1280 δοκεῖτε
2905 1224 3073 1280 τύπον
3140 1225 3295 1294 εἶναι,
3346 1225 3428 1281 ὅτι
3490 1225 3806 1283 ἐντέλλεται
3864 1233 3946 1301 τῷ

2283 1313 2500 1391 Ἰσραὴλ
2545 1317 2590 1351 ⁸³
2639 1313 2960 1392 προσφέρειν
3013 1312 3246 1387 δάμαλιν
3296 1315 3422 1378 τοὺς
3486 1313 3703 1392 ἄνδρας,
3755 1316 3809 1372 ἐν
3860 1319 3946 1380 οἷς

2284 1401 2542 1477 ἁμαρτίαι
2625 1402 2850 1473 τέλειαι,
2923 1404 3012 1457 καὶ
3084 1405 3377 1479 σφάξαντας
3450 1406 3783 1460 κατακαίειν·
3848 1408 3946 1461 καὶ

2285 1489 2453 1566 αἴρειν
2484 1491 2609 1545 τότε
2636 1492 2736 1560 τὴν
2766 1488 2963 1545 σποδὸν
2999 1490 3207 1561 παιδία,
3240 1493 3330 1546 καὶ
3368 1492 3592 1569 βάλλειν
3641 1494 3717 1557 εἷς
3772 1496 3942 1572 ἄγγη,

2284 1580 2374 1635 καὶ
2405 1581 2732 1657 περιτιθέναι
2761 1580 2824 1635 τὸ
2856 1577 3003 1656 ἔριον
3034 1582 3148 1655 (61)
3178 1582 3240 1636 τὸ
3270 1582 3538 1654 κόκκινον,
3571 1584 3660 1638 καὶ
3707 1585 3804 1639 τὸν
3855 1585 3949 1639 ὕσ-

2288 1689 2488 1724 σωπον·
2541 1670 2629 1724 καὶ
2689 1668 2831 1725 οὕτω
2878 1668 3140 1745 ῥαντίζειν
3188 1670 3257 1725 τὰ
3304 1669 3496 1726 παιδία
3541 1674 3658 1727 καθ’
3704 1670 3803 1728 ἕνα
3851 1676 3943 1728 τὸν

2289 1756 2439 1813 λαόνο
2467 1757 2558 1811 τἱνα
2588 1759 2905 1833 ἁγνίζωνται
2949 1759 3052 1813 ἀπὸ
3083 1762 3196 1833 (62)
3225 1764 3331 1815 τῶν
3385 1762 3663 1837 ἁμαρτιῶν
3690 1780 3703 1831 ;
3728 1768 3947 1836 Νοεῖτε,

2290 1853 2407 1910 πῶς
2442 1846 2709 1918 ἁπλότητι
2738 1851 2852 1921 (63)
2883 1846 3031 1923 λέγει
3064 1849 3212 1921 ὑμῖν.
3255 1852 3312 1903 '0
3347 1850 3559 1927 μόσχος
3589 1851 3749 1913 οὗτός
3803 1851 3945 1907 ἐστιν

2292 1938 2320 1991 ὁ
2372 1938 2606 2006 Ἰησοῦς·
2658 1938 2708 1991 οἱ
2774 1936 3166 2015 προσφέροντες
3238 1936 3425 2015 ἄνδρες
3486 1939 3835 2015 ἁμαρτωλοὶ,
3897 1941 3951 1996 οἱ

2293 2025 2741 2101 προσενέγκαντες
2770 2025 2928 2081 αὐτὸν
2963 2025 3049 2081 ἐπὶ
3080 2030 3314 2105 σφαγήν.
3349 2027 3481 2083 Εἶτα
3527 2028 3705 2084 οὐκέτι
3760 2027 3950 2105 ἄνδρες

2295 2114 2640 2188 [ἁμαρτωλοὶ
2700 2117 2854 2188 (64)],
2915 2114 3093 2170 οὐκέτι
3152 2115 3493 2191 ἁμαρτωλῶν
3551 2120 3586 2188 ἡ
3646 2115 3952 2193 δόξα

2295 2203 2356 2255 Ol.
2405 2202 2462 2257 δὲ
2513 2202 2848 2278 ῥαντίζοντες
2895 2201 3107 2276 παῖδες,
3140 2204 3611 2281 εὐαγγελιζόμενοι
3662 2210 3801 2281 ἡμῖν
3844 2210 3950 2277 τὴν

2295 2289 2477 2369 ἄφεσιν
2510 2297 2617 2347 τῶν
2652 2294 2929 2367 ἁμαρτιῶν
2973 2293 3061 2348 καὶ
3109 2294 3199 2349 τὸν
3253 2294 3508 2370 ἁγνισμὸν
3554 2298 3653 2365 τῆς
3696 2294 3950 2372 καρδίας*

2297 2382 2379 2443 οἷς
2410 2378 2578 2436 ἔδωκε
2600 2382 2697 2436 τοῦ
2728 2381 3063 2458 Εὐαγγελίου
3105 2384 3203 2451 τήν
3256 2382 3494 2453 ἐξουσίαν
3527 2418 3597 2428 —
3625 2386 3747 2439 οὖσι
3798 2384 3955 2441 δεκα-

2298 2467 2394 2524 δύο
2428 2469 2503 2532 εἷς
2541 2469 2832 2543 μαρτύριον
2877 2475 2984 2525 τῶν
3030 2470 3239 2549 φυλῶν,
3272 2472 3357 2527 ὅτι
3407 2470 3633 2528 δεκαδύο
3682 2475 3740 2528 αἱ
3780 2474 3951 2551 φυλαὶ

2297 2562 2391 2612 τοῦ
2424 2558 2644 2635 Ἰσραὴλ
2676 2593 2745 2600 —
2775 2558 2848 2621 εἷς
2877 2560 2943 2614 τὸ
2971 2560 3276 2635 κηρύσσειν.
3312 2564 3411 2616 Διὰ
3436 2562 3490 2617 τί
3522 2561 3580 2617 δὲ
3624 2569 3775 2638 τρεῖς
3819 2570 3951 2619 παῖ-

2299 2645 2386 2709 δες
2444 2647 2495 2701 οἱ
2576 2647 2945 2724 ῥαντίζοντες;
3004 2650 3097 2711 Εἲς
3175 2651 3469 2727 μαρτύριον
3530 2647 3801 2728 Ἀϐραὰμ,
3866 2654 3954 2707 καὶ

2299 2735 2497 2805 Ἰσαὰκ,
2548 2735 2639 2790 καὶ
2711 2732 2927 2807 Ἰακὼϐ,
2987 2737 3069 2792 ὅτι
3146 2738 3294 2793 οὗτοι
3374 2739 3606 2815 μεγάλοι
3671 2746 3751 2813 τῷ
3817 2747 3956 2813 Θεῷ.

2297 2827 2416 2878 ’Ότι
2449 2827 2564 2899 (66)
2596 2822 2653 2880 δὲ
2700 2826 2762 2879 τὸ
2812 2821 2953 2899 ἔριον
3002 2826 3087 2881 ἐπὶ
3135 2828 3197 2881 τὸ
3246 2826 3444 2898 ξύλον;
3477 2832 3593 2884 Ὅτι
3632 2832 3668 2900 ἡ
3706 2830 3958 2905 βασιλεία

2295 2917 2392 2967 τοῦ
2424 2914 2602 2982 Ἰησοῦ
2642 2914 2835 2986 ἐπὶτῷ
2882 2914 3045 2987 ξύλῳ
3080 2913 3217 2970 διότι
3272 2918 3323 2970 οἱ
3374 2916 3687 2987 ἐλπίζοντες
3737 2921 3814 2981 εἱς
3868 2920 3960 2974 αὐ-

2294 3002 2386 3056 τὸν
2441 3004 2690 3072 ζήσονται
2752 3002 2826 3065 εἰς
2872 3004 2961 3057 τὸν
3013 3002 3199 3061 αἲῶνα.
3235 3006 3332 3059 Διά
3361 3006 3415 3060 τί
3465 3004 3523 3061 δὶ
3570 3008 3684 3081 ἅμα
3710 3008 3774 3062 τὸ
3808 3007 3956 3083 ἔριον

2294 3089 2385 3145 καὶ
2434 3091 2525 3145 τὸν
2575 3090 2854 3162 ὕσσωπον;
2882 3094 2999 3147 ’Ὁτι
3049 3091 3100 3147 ἐν
3145 3097 3213 3168 τῇ
3267 3093 3517 3168 βασιλείᾳ
3546 3095 3710 3151 αὐτοῦ
3741 3098 3951 3172 ἡμέραι

2299 3175 2507 3235 ἔσονται
2554 3180 2787 3257 πονηραὶ
2834 3180 2924 3235 καὶ
2980 3180 3233 3258 ῥυπαραὶ,
3269 3182 3320 3238 έν
3364 3184 3447 3245 αἷς
3496 3181 3648 3258 ἕμεῖς
3698 3186 3957 3257 σωθησό-

1920 3322 2091 3385 Vetus
2151 3323 2582 3406 interpretatio.

536 3457 782 3517 voluerit
807 3456 1010 3531 tollere
1034 3455 1249 3531 lanam;
1265 3454 1621 3531 coccineum,
1639 3459 1865 3531 oportet
1894 3455 2060 3531 illum
2093 3456 2277 3531 multa
2316 3457 2435 3530 pati
2484 3462 2720 3529 propter
2755 3458 2937 3531 spinis
2987 3459 3333 3531 nequitiam,
3379 3463 3437 3515 et
3488 3465 3814 3518 coartatum
3865 3463 3950 3519 sic

539 3530 828 3605 dominari
857 3529 1020 3605 illius
1041 3529 1178 3605 (67).
1212 3528 1321 3605 Sic,
1354 3528 1547 3599 inquit
1573 3527 1707 3601 (68),
1740 3530 1840 3599 qui
1856 3529 2047 3584 volunt
2076 3527 2358 3585 mevidefe
2400 3533 2450 3584 ct
2487 3527 2756 3601 attingere
2778 3527 3006 3602 fegnum
3034 3527 3235 3599 meum,
3283 3527 3479 3588 debent
3542 3536 3841 3605 compressi
3893 3541 3949 3590 et

539 3603 722 3658 multa
745 3602 893 3672 passi
934 3601 1178 3670 accipere
1204 3600 1339 3672 (69).

611 3670 757 3728 VIIII
780 3672 964 3736 Quam
996 3674 1191 3725 autem
1214 3671 1463 3741 ﬁguram
1494 3671 1716 3741 putatis
1745 3685 1894 3741 esse,
1911 3671 2049 3743 quia
2071 3675 2427 3743 praeceptum
2452 3675 2541 3726 est
2562 3670 2774 3743 populo
2796 3672 3131 3728 Judaaorum
3160 3673 3363 3729 offerre
3385 3690 3621 3730 vaccam
3656 3674 3949 3739 homines,

544 3745 605 3800 in
636 3744 855 3817 quibus
884 3745 1122 3817 peccata
1150 3749 1557 3817 consummata
1589 3745 1748 3817 sunt,
1784 3746 1841 3817 et
1870 3742 2121 3797 occisam
2151 3744 2497 3817 comburere
2523 3760 2535 3809 ;
2569 3749 2625 3798 et
2653 3742 2853 3798 tollere
2886 3749 3025 3817 tunc
3055 3745 3304 3800 cinerem
3352 3762 3586 3817 pueros,
3616 3752 3685 3817 et
3724 3749 3957 3803 mittere

545 3819 605 3892 in
635 3813 776 3892 vasa
804 3813 1117 3892 ﬁctilia,_.et
1147 3813 1504 3892 suspendere
1534 3813 1591 3892 in
1622 3813 1780 3885 ligno
1812 3813 2367 3892 lanam_cocc_ineam
2401 3818 2456 3869 et
2486 3814 2829 3892 hyssopum,
2861 3820 2924 3892 et
2938 3816 3023 3892 sic
3042 3832 3323 3892 spargere
3344 3813 3731 3892 puerosfirca
3753 3819 3955 3892 singu-

544 3888 631 3944 las
644 3887 850 3943 turbas
864 3884 1084 3958 pepuli,
1110 3888 1175 3958 ut
1196 3884 1637 3958 sanctificentur
1655 3884 1689 3939 a
1709 3886 1961 3956 peccatis
1977 3886 2004 3939 ?
2020 3886 2219 3958 Videte
2235 3902 2378 3958 ergo,
2392 3884 2683 3958 quomodo
2697 3885 2755 3940 in
2772 3884 3161 3942 similitudine
3174 3888 3330 3943 dicat
3342 3884 3532 3945 nobis.
3554 3888 3765 3946 Vacca.
3850 3884 3887 3944 .—
3941 3931 3954 3945 .

547 3965 673 4016 erat
702 3954 883 4014 Jesus
909 3954 1052 4028 {qui
1076 3955 1417 4028 offerebant,
1450 3954 1726 4010 homines
1748 3960 2097 4027 peccatores,
2124 3956 2183 4010 hi
2208 3954 2667 4028 quil'obtulerunt
2687 3974 2822 4012 eum
2855 3959 2927 4013 ad
2963 3958 3286 4014 victimam.
3368 4002 3383 4015 .
3463 4001 3477 4015 .
3558 4001 3571 4015 .
3652 4002 3666 4016 .
3752 4002 3767 4015 .
3850 4005 3865 4017 .
3942 4004 3955 4017 .

546 4026 1033 4113 Quisparserunt
1056 4026 1270 4113 pueri,
1292 4026 1351 4081 bi
1383 4031 1547 4113 erant
1577 4028 1675 4113 qui
1712 4026 2131 4113 nuntiaverunt
2150 4026 2319 4113 nobis
2350 4028 3279 4113 remissionem..peccatorumhet
3307 4032 3635 4113 castitatem
3658 4033 3959 4113 praeordii

548 4097 757 4172 nostri,
792 4097 1199 4173 quibusdedit
1229 4097 1521 4173 Evangelii
1551 4097 1898 4169 petestatem
1926 4117 1939 4167 ;
1973 4100 2071 4170 qui
2105 4104 2245 4153 sunt
2280 4100 2608 4171 duodecim,
2667 4097 3085 4173 testi—monium,
3120 4102 3381 4158 tribuum
3409 4120 3421 4171 ;
3468 4103 3605 4173 quia

542 4178 682 4229 sunt
712 4170 902 4228 tribus
931 4170 1429 4240 Judzeorum(70).
1514 4210 1527 4223 .
1609 4211 1622 4223 .
1704 4212 1717 4223 .
1800 4213 1813 4226 .
1896 4212 1908 4224 .
1989 4213 2001 4225 .
2083 4211 2094 4224 .
2177 4211 2190 4225 .

3693 4105 3958 4160 ucdecim

2272 4211 2284 4224 .
2337 4212 2378 4246 ⁵.
2461 4214 2473 4226 .
2546 4214 2567 4246 Α.
2602 4173 2788 4236 Quare
2818 4189 2952 4246 ergo
2986 4179 3041 4227 et
3074 4172 3208 4246 lana
3237 4174 3296 4227 in
3341 4172 3515 4246 ligno:
3547 4174 3708 4246 est?
3762 4216 3778 4229 .

1416 4218 1622 4319 illum,
1654 4218 1813 4319 vivet
1844 4218 2300 4319 inperpetuum.
2326 4218 2514 4319 Quare
2542 4218 3050 4319 i'nﬁﬁhin'iﬁﬁah}
3072 4218 3674 4317 éib'yéEoﬁ'SE‘szié
3696 4218 3958 4319 in.re.gn6

544 4315 707 4370 illius
738 4312 1065 4386 disserunt
1096 4312 1443 4386 nequissimi
1475 4313 2055 4386 etsordidi,hq4uibus
2088 4314 2714 4386 nonqsanabimur(72)
2784 4357 2797 4369 .
2878 4356 2891 4369 .
2971 4358 2985 4371 .
3063 4358 3076 4370 .
3330 4312 3359 4371 ”.
3440 4358 3454 4371 .
3534 4360 3548 4373 .

1466 4425 1479 4439 .
1555 4382 1919 4453 Ιιιοὶᾶα,⁷ίιῐίε
1951 4389 2146 4440 autem
2180 4384 2427 4440 obscura
2454 4403 2466 4453 ;
2501 4382 2747 4457 qui‘non
2780 4386 3094 4444 audierunt
3120 4404 3317 4444 vocem
3347 4388 3599 4444 Domini.

543 4387 653 4443 hoc
684 4386 826 4441 dum
856 4385 941 4441 sic
966 4386 1116 4440 fiunt
1146 4402 1160 4453 ;
1194 4384 1384 4441 nobis.

610 4492 656 4527 ⁴³
685 4491 859 4549 Num.
891 4506 1008 4561 xix,
1037 4491 1074 4544 2
1102 4505 1225 4561 seq.

3626 4319 3695 4373 Et
3723 4326 3961 4391 propter

1898 4578 2285 4636 VARIORUM
2335 4579 2568 4635 ΝΟΤιΕ.

621 4679 738 4753 (68)
774 4680 893 4732 Ἵνα
914 4693 972 4753 ο.
1008 4676 1166 4753 i_n_dic
1196 4692 1365 4753 praes.
1398 4679 1463 4731 ut
1491 4675 1583 4732 bis
1614 4675 1772 4753 inAIfJ.
1806 4678 1873 4733 T.
1900 4676 1921 4732 Ι
1952 4680 2079 4734 Cor.
2111 4695 2185 4745 ιν,

545 4755 599 4809 6.
629 4748 760 4807 Gal.
792 4767 867 4821 ιν,
903 4750 987 4805 17.
1010 4748 1214 4821 Winer
1266 4751 1521 4803 Gramm.
1557 4764 1613 4819 p.
1635 4748 1761 4821 266.

620 4823 735 4895 (59)
764 4819 1063 4895 lita'Qavis.
1099 4820 1526 4895 λᾶι-κυρῶσαι,
1559 4819 1729 4895 male.

622 4889 755 5021 (6οἒ
772 4894 863 4949 Sc.
896 4892 1181 4976 Christus.
1214 4889 1340 4948 Non
1392 4892 1685 4962 profertur
1728 4889 1819 4945 hic
1869 4895 2061 4946 certus
2102 4891 2202 4946 ali-

622 4982 684 5021 us
761 4963 1009 5021 vanaeln
1039 4963 1223 5018 locus.
1258 4962 1407 5017 ΜεΝ.
1441 4962 1545 5017 cfr.
1580 4960 1786 5017 Matth.
1818 4978 1931 5021 xvx.
1962 4962 2052 5016 24.

551 4960 1015 5039 quisEvangelii
1039 4963 1223 5039 locus.
1258 4960 1409 5039 Men:
1441 4962 1545 5039 cfr.
1580 4960 1786 5039 Matth.
1818 4978 1931 5039 xvx,
1962 4962 2052 5016 24.

642 5038 733 5106 61)
764 5030 911 5092 Αόάἶ
942 5031 1022 5106 τῷ
1053 5030 1221 5106 ξύλῳ.
1258 5033 1409 5106 ΜΕΝ.
1442 5034 1545 5089 cfr.
1579 5034 1822 5105 interpr.
1857 5050 1870 5088 :
1906 5033 2114 5090 baculo.

642 5039 707 5092 61
764 5039 911 5092 Add.
942 5039 1022 5106 τῷ
1053 5039 1221 5105 ξύλῳ.
1258 5039 1311 5088 Μ

641 5039 733 5182 62)
764 5114 1013 5182 lta‘Dav,
1047 5107 1154 5161 Ms.
1174 5103 1313 5182 61:6.

639 5174 730 5253 63)
765 5180 821 5235 L.
855 5176 1141 5252 ὁμοιότητι
1174 5178 1321 5231 ΜΕΝ.
1352 5175 1455 5230 cfr.
1504 5174 1714 5248 interp.
1753 5192 1765 5229 :
1825 5179 1886 5230 in
1935 5176 2196 5231 similitu-

544 5252 693 5308 diue.

634 5323 728 5394 64)
764 5323 878 5394 Ηρο
910 5321 1081 5394 addit
1100 5323 1250 5374 Man.

634 5388 728 5463 65)
759 5392 957 5449 Εἶτα...
1002 5388 1149 5462 δόξα,
1186 5409 1219 5447 a
1248 5389 1639 5463 Metaphraste
1662 5406 1776 5445 non
1828 5389 2049 5463 agnita,
2097 5390 2194 5445 de-

544 5464 720 5521 lenda
751 5470 910 5521 sunt.
942 5470 1131 5521 DAVIS.

616 5536 881 5662 (6624mm
910 5566 979 5578 —
1036 5537 1177 5593 cur?
1222 5532 1440 5608 Viger.,
1500 5549 1558 5605 p.
1608 5534 1707 5589 551
1743 5533 1821 5605 (b)
1873 5533 1978 5589 cfr.
2039 5549 2087 5589 c.
2134 5535 2190 5600 7,

544 5615 667 5665 not.
698 5615 787 5664 14.

616 5680 730 5753 (67)
760 5679 1047 5753 Dominari
1077 5678 1253 5734 illius.
1287 5679 1353 5753 In
1384 5675 1795 5753 textu_Graeco,
1816 5677 1956 5753 post
1999 5678 2194 5753 xopta-

547 5744 636 5811 σαί
665 5744 828 5811 deest
862 5748 1049 5823 αὐτοῦ,
1080 5762 1292 5820 nempe
1328 5744 1497 5823 ιριου.
1531 5744 2192 5821 Dominare'illiusa'ane

2300 4676 2357 4731 id
2389 4681 2495 4751 est
2541 4676 2755 4751 habere
2802 4676 2964 4751 illam
2992 4679 3050 4735 in
3083 4683 3385 4751 potestate,
3409 4696 3545 4736 cum
3576 4680 3851 4739 nimirum
3886 4685 3953 4740 de

2310 4748 2497 4820 spinis
2528 4748 2763 4805 sublata
2792 4750 2984 4805 fuerit.
3017 4748 3158 4807 ΜὲΝ.

2381 4818 2494 4893 (68)
2522 4820 2635 4885 Sio,
2668 4823 2867 4893 inquit,
2911 4828 3022 4876 etc.
3074 4821 3449 4893 Hocrsaepius
3495 4822 3820 4893 ingeminat
3856 4830 3958 4880 Do-

2314 4892 2512 4962 minus
2542 4897 2759 4962 noster,
2793 4892 3001 4947 Matth.
3029 4910 3126 4959 vu,
3163 4892 3269 4959 l3;
3301 4892 3355 4959 ἐ,
3406 4894 3508 4960 38;
3559 4892 3672 4959 ivi,
3718 4898 3810 4950 24.
3858 4901 3962 4951 Per

2314 4961 2532 5017 multas
2562 4961 2969 5019 tribulationes
2999 4964 3303 5019 introitum
3332 4964 3391 5018 in
3414 4982 3658 5023 regnum
3682 4968 3957 5023 cmlorum

2308 5034 2689 5109 obtinendum
2717 5035 2882 5091 docet
2925 5035 3222 5091 Barnabas
3280 5052 3414 5091 cum
3466 5034 3532 5091 Ι).
3577 5036 3779 5109 Paulo,
3831 5045 3954 5095 Act.

2310 5122 2424 5173 xxv,
2455 5106 2544 5161 22.
2575 5110 2735 5161 FELL.

2376 5177 2489 5255 (69)
2518 5180 2593 5233 Et
2620 5178 2796 5255 multa
2824 5178 2972 5246 passi
2998 5178 3281 5255 _a_ccipere.
3317 5177 3488 5255 Iiege,
3538 5181 3812 5255 etmulm
3854 5200 3949 5255 pa-

2307 5248 2505 5303 tientes
2534 5251 2785 5320 accipere
2804 5265 2915 5320 me,
2948 5253 3014 5302 ut
3044 5248 3102 5301 in
3134 5254 3294 5302 textu
3326 5248 3538 5304 Graeco.
3566 5250 3717 5305 ΜΕΝ.

2376 5320 2467 5386 (70
2517 5319 2857 5377 Iudaeorum.
2894 5319 3149 5386 Rectius,
3181 5321 3580 5376 Israelitarum.
3606 5326 3767 5378 FELL.

2378 5321 2490 5463 (7i)
2523 5392 2664 5460 Quia
2694 5396 2809 5463 qui.
2846 5391 3014 5463 Lege,
3047 5408 3217 5463 quare
3246 5394 3360 5463 qui,
3394 5392 3537 5448 utin
3559 5399 3716 5449 textu
3742 5398 3767 5449 (

2378 5392 2459 5461 (71

2305 5460 2459 5517 MEN.

2375 5534 2486 5605 (72)
2520 5534 2723 5602 Quibus
2762 5551 2861 5609 nos
2904 5534 3247 5609 sanabimur.
3299 5533 3467 5609 Lege,
3518 5537 3581 5609 iu
3628 5537 3846 5609 quibus.
3896 5539 3953 5595 In

2303 5603 2693 5681 textu‘_Graz_co
2725 5606 2960 5681 additur
2987 5603 3243 5681 ἡμέραις,
3274 5603 3516 5681 sed—leg.
3549 5603 3739 5681 ἡμὶῖς,
3772 5610 3833 5670 id
3873 5616 3955 5669 est

2302 5690 2420 5733 nos.
2453 5678 2815 5749 Sanabimur,
2848 5679 2993 5735 forte
3020 5678 3381 5737 salvabimur.
3410 5680 3562 5741 ΜΕΝ.

2523 5392 2664 5460 Quia
2694 5396 2809 5464 qui.
2846 5391 3014 5463 Lege,
3047 5408 3217 5463 quare
3246 5394 3360 5463 qui,
3394 5392 3537 5448 utin
3559 5399 3716 5449 textu
3742 5398 3953 5453 Graeco.
