4036 6344
1421 527 1806 588 EPISTOLA
1851 526 2293 591 CATHOLICA
3435 531 3559 592 750

128 532 172 589 7
178 532 260 591 49

130 663 301 734 μεθα·
335 660 417 716 ὅτι
465 659 552 715 καὶ
602 656 781 734 ἀλγῶν
821 658 921 726 τὴν
974 658 1145 731 σάρκα
1190 662 1288 712 τοῦ
1334 656 1505 733 ῥύπου
1563 655 1652 712 διὰ
1696 663 1791 712 τοῦ

1904 662 1965 717 in
2010 663 2229 733 quibus
2272 680 2379 720 nos
2422 665 2791 721 eervabimur
2838 682 2851 721 :
2904 664 3401 736 quandoquidem,
3451 662 3553 734 qui

129 750 397 804 ὑσσώπου
452 747 595 801 ἷᾶται
636 748 772 821 (73).
824 745 923 800 Καὶ
972 742 1063 800 διὰ
1102 750 1263 801 τοῦτο
1328 744 1470 799 οὕτω
1534 745 1791 821 γενόμενα

1906 768 2145 822 corpore
2177 756 2479 825 aegrotat,a
2499 754 2770 809 sordibus
2802 769 2902 825 per
2933 752 3254 825 hyssopum
3287 758 3548 808 curatur.

128 840 279 910 ἡμῖν
330 838 424 911 μὲν
474 835 584 890 ἔστι
634 836 853 911 φανερὰ,
886 833 1110 898 ἐκείνοις
1160 832 1218 889 δὲ
1264 835 1527 889 σκοτεινά·
1563 834 1647 889 ὅτι
1695 834 1791 889 οὐκ

1905 840 1976 894 Ει
2006 843 2240 910 propter
2271 840 2397 906 hoc,
2423 858 2545 911 quae
2573 842 2655 896 ita
2684 857 2745 897 se
2778 840 3013 909 habent,
3035 840 3203 895 nobis
3234 838 3549 895 manifesta

127 924 380 997 ἤκουσαν
416 932 606 1004 φωνῆς
632 928 731 979 τοῦ
763 923 985 999 Κυρίου.

1907 927 2192 996 sunt,illis
2221 928 2484 999 [Judaeis]
2517 933 2713 986 autem
2744 928 3168 1000 obscura,quia
3196 944 3315 984 non
3346 927 3549 985 audie-

1906 1020 2045 1071 runt
2072 1033 2271 1073 vocem
2304 1016 2553 1074 Domini.

718 1158 812 1214 1X.
847 1159 921 1216 De
950 1158 1362 1215 circumcisione
1389 1158 1544 1214 auris
1572 1166 1622 1215 et
1644 1158 1839 1228 cordis,
1872 1159 2010 1215 etde
2054 1161 2471 1217 circumcisione
2514 1160 2695 1234 typica
2722 1160 3041 1217 Abrahami.

215 1275 375 1351 Λέγει
404 1274 505 1351 γὰρ
536 1273 703 1330 πάλιν
756 1274 881 1351 περὶ
929 1278 1038 1330 τῶν
1089 1273 1285 1346 ὠτίων,
1317 1278 1435 1336 πῶς
1485 1272 1791 1349 περιέτεμεν

1979 1277 2260 1351 Loquitur
2284 1294 2453 1351 porro
2478 1277 2779 1349 Scriptura
2800 1278 2871 1333 de
2893 1277 3135 1334 auribus
3160 1277 3555 1349 nostris,quo-

128 1368 326 1438 ἡμῶν,
356 1364 445 1419 καὶ
490 1365 589 1433 τὴν
638 1360 861 1439 καρδίαν
912 1366 1046 1437 (74).
1093 1362 1244 1440 Λέγει
1295 1364 1321 1419 ὃ
1372 1362 1566 1439 Κύριος
1622 1362 1674 1417 ἐν
1721 1367 1791 1435 τῷ

1909 1367 2081 1422 modo
2113 1384 2211 1423 eas
2243 1371 2300 1423 et
2330 1385 2429 1424 cor
2452 1372 2718 1423 nostrum
2750 1366 3180 1423 circumciderit
3200 1365 3549 1438 [Dominus].

131 1454 417 1532 προφήτῃ·
461 1453 556 1515 Εἷς
597 1452 766 1521 ἀκοήν
816 1452 982 1507 ὠτίου
1038 1453 1345 1523 ὑπήκουσάν
1396 1474 1521 1524 μου.
1556 1453 1655 1507 Καὶ
1695 1452 1791 1506 πά-

1906 1456 2001 1510 Ait
2042 1456 2328 1512 Dominus
2376 1457 2531 1528 apud
2581 1455 2932 1528 Prophetam
2994 1473 3008 1512 :
3052 1457 3115 1511 In
3162 1454 3349 1511 auditu
3395 1455 3554 1509 auris

134 1541 229 1598 λιν
283 1541 450 1618 λέγει·
494 1541 661 1617 Ἀκοῇ
704 1541 1023 1596 ἀκούσονται
1075 1542 1126 1595 o'l
1175 1540 1478 1618 πόρρωθεν,
1529 1540 1562 1595 ἃ
1612 1541 1791 1612 ἐποίη-

1908 1544 2223 1599 obedierunt
2251 1546 2393 1599 mihi
2420 1546 2488 1599 “.
2516 1548 2582 1599 Et
2612 1544 2825 1599 iterum
2856 1542 2996 1598 dicit
3028 1560 3041 1598 :
3074 1543 3280 1598 Audita
3308 1540 3551 1607 audient,

134 1653 231 1702 σα,
308 1632 605 1707 γνώσονται
683 1632 815 1703 (75)·
896 1630 1015 1700 Καὶ,
1091 1632 1585 1706 Περιτμηθήσεσθε,
1647 1628 1791 1705 λέγει

1908 1634 2002 1704 qui
2028 1634 2183 1705 longe
2230 1635 2467 1701 absunt,-
2497 1650 2614 1704 quae
2660 1633 2790 1704 feci,
2839 1634 3020 1688 scient
3056 1632 3099 1666 ⁸⁸
3143 1632 3212 1686 Et
3261 1631 3551 1686 :Circum-

138 1720 371 1796 Κύριος,
396 1721 493 1782 τὰς
537 1716 762 1795 καρδίας
812 1719 986 1792 ὑμῶν.
1023 1719 1119 1776 Καὶ
1163 1720 1327 1774 πάλιν
1370 1719 1539 1795 λέγει·
1574 1726 1791 1791 Ἄκουε,

1902 1721 2070 1778 cidite
2099 1722 2265 1778 corda
2294 1730 2475 1778 vestra
2504 1723 2569 1789 ιδ,
2602 1720 2682 1777 ait
2710 1720 3012 1777 Dominus.
3060 1720 3130 1775 Et
3177 1736 3384 1776 rursus
3422 1718 3505 1775 ait
3533 1734 3548 1775 :

134 1807 391 1885 Ἰσραὴλ,
442 1808 523 1863 ὅτι
572 1807 700 1863 τάδε
750 1808 894 1883 λέγει
942 1809 970 1863 6
1015 1808 1210 1884 Κύριος
1260 1809 1288 1862 6
1339 1808 1467 1870 Θεός
1523 1828 1639 1865 σου.
1693 1808 1791 1864 Καὶ

1902 1810 2064 1879 Audi,
2109 1812 2301 1882 Israel,
2334 1810 2453 1868 haec
2482 1809 2617 1865 dicit
2668 1811 2932 1866 Dominus
2973 1810 3117 1864 Deus
3160 1817 3285 1864 tuus
3327 1809 3393 1863 ⁸⁷.
3441 1808 3550 1864 Ite-

136 1898 311 1953 πάλιν
338 1900 402 1953 τὸ
428 1902 638 1970 πνεῦμα
666 1897 864 1971 Κυρίου
894 1895 1247 1974 προφητεύει·
1279 1895 1374 1957 Τίς
1422 1896 1532 1951 ἐστι
1562 1897 1590 1951 6
1622 1895 1791 1951 Θέλων

1904 1914 2156 1971 rumque
2186 1899 2430 1971 spiritus
2479 1898 2711 1954 Domini
2761 1898 3073 1971 prophetat
3104 1914 3118 1954 :
3153 1899 3284 1966 Quis
3328 1905 3425 1968 est,
3458 1898 3555 1969 qui

140 1992 305 2057 ζῆσαι
365 1986 442 2048 εἷς
498 1986 592 2041 τὸν
652 1985 844 2058 αἰῶνα,
891 1986 1061 2059 Ἀκοῇ
1119 1984 1403 2040 ἀκουσάτω
1456 1992 1557 2055 τῆς
1609 1992 1791 2061 φωνῆς

1904 1987 2028 2043 vult
2058 1988 2236 2043 vivere
2286 1989 2348 2042 in
2388 1990 2759 2059 perpetuum?
2797 1986 3086 2043 Auditione
3130 1986 3325 2043 audiat
3371 2000 3556 2042 vocem

130 2080 234 2131 τοῦ
300 2073 504 2138 Παιδός
564 2096 689 2148 μου.
724 2074 823 2129 Καὶ
883 2072 1048 2129 πάλιν
1104 2071 1269 2150 λέγει·
1330 2076 1527 2129 Ἀκουε
1582 2073 1791 2149 οὐρανὲ,

1908 2075 2051 2133 Filii
2078 2078 2189 2132 mei
2218 2076 2283 2130 η.
2317 2077 2388 2131 Et
2420 2075 2633 2131 iterum
2665 2076 2807 2131 dicit
2838 2092 2851 2130 :
2897 2075 3042 2131 Audi
3069 2077 3287 2143 caelum,
3318 2085 3372 2131 et
3399 2075 3556 2131 auri-

140 2164 235 2219 καὶ
286 2163 547 2233 ἱνωτίζου
595 2166 631 2232 ἡ
680 2169 777 2239 γῆ,
809 2162 890 2217 ὅτι
942 2163 969 2217 ὁ
1018 2162 1147 2224 Θεὸς
1178 2164 1291 2237 (76)
1332 2161 1585 2231 ἐλάλησε.
1617 2164 1791 2219 Ταῦτα

1908 2166 2003 2221 bus
2029 2167 2271 2237 percipe,
2304 2169 2474 2233 terra,
2508 2166 2641 2237 quia
2687 2166 2829 2220 Deus
2859 2166 3069 2221 locutus
3106 2174 3184 2221 est
3217 2165 3282 2221 ιθ.
3332 2165 3465 2221 Haec
3493 2162 3556 2220 in

137 2253 215 2316 εἷς
252 2253 556 2327 μαρτύριον
583 2256 717 2326 (77).
752 2252 851 2306 Καὶ
881 2250 1045 2306 πάλιν
1086 2248 1251 2327 λέγει·
1288 2248 1580 2306 Ἀκούσατε
1628 2248 1793 2325 λόγον

133 2342 369 2415 Κυρίου,
403 2339 661 2416 ἄρχοντες
690 2344 790 2395 τοῦ
828 2339 965 2396 λαοῦ
1012 2340 1230 2396 τούτου.
1263 2338 1362 2395 Καὶ
1400 2338 1566 2395 πάλιν
1622 2336 1793 2414 λέγει·

130 2430 414 2502 Ἀκούετε,
462 2428 640 2502 τέκνα,
698 2436 797 2499 τῆς
868 2431 1051 2504 φωνῆς
1098 2428 1314 2504 βοώσης
1361 2427 1412 2482 ἐν
1460 2432 1529 2502 τῇ
1580 2427 1791 2501 ἐρήμῳ.

130 2520 353 2578 Οὐκοῦν
404 2518 715 2593 περιέτεμεν
760 2520 920 2591 ἡμῶν
968 2517 1064 2579 τὰς
1120 2517 1303 2589 ἀκοὰς,
1329 2514 1422 2571 ’ίνα
1472 2516 1794 2579 ἀκούσαντες

130 2608 307 2685 λόγον
357 2608 719 2680 πιστεύωμεν·
748 2609 781 2675 ἡ
830 2606 931 2683 γὰρ
979 2608 1275 2682 περιτομὴ,
1307 2606 1387 2683 ἐφ’
1416 2605 1452 2681 ᾗ
1480 2604 1790 2679 πεποίθασι,

126 2700 500 2773 κατήργηται.
548 2696 857 2772 Περιτομὴν
907 2696 1008 2770 γὰρ
1069 2690 1303 2769 εἷ’ρηκεν,
1337 2694 1397 2749 οὐ
1459 2695 1654 2771 σαρκὸς
1702 2715 1794 2770 γε-

122 2788 387 2857 νηθῆναι·
423 2782 567 2839 ἀλλὰ
598 2780 934 2859 παρέϐησαν,
967 2782 1051 2838 ὅτι
1100 2779 1335 2859 ἄγγελος
1388 2784 1628 2857 πονηρὸς
1676 2782 1793 2837 έσό-

126 2896 285 2955 φισεν
356 2873 569 2936 αὐτούς.
626 2872 923 2950 Λέγειπρὸς
992 2871 1204 2933 αὐτούς·
1267 2870 1403 2926 Τάδε
1482 2870 1625 2948 λέγει
1695 2872 1794 2926 Κύ-

126 2986 250 3037 ριος
302 2965 330 3019 6
377 2963 506 3026 Θεὸς
568 2963 719 3037 ὑμῶν
771 2994 841 3004 -
888 2958 995 3016 ὦδε
1050 2961 1282 3036 εὑρίσκω
1333 2961 1473 3033 [νέαν
1522 2963 1658 3034 (78)]
1708 2960 1789 3016 ἐν-

123 3053 307 3122 τολὴν
364 3086 431 3096 -
495 3052 570 3125 μὴ
630 3050 886 3127 σπείρητε
943 3048 1026 3104 ἐπ’
1079 3049 1358 3118 ἀκάνθαις,
1418 3051 1793 3124 περιτμήθητε

127 3141 191 3198 δὲ
246 3146 328 3213 τῷ
383 3139 566 3216 Κυρίῳ
616 3140 789 3212 ὑμῶν.
823 3138 921 3193 Καὶ
968 3138 1021 3193 τί
1066 3139 1246 3215 Λέγει;
1302 3140 1681 3213 Περιτμήθητε
1725 3139 1787 3194 τὸ

128 3230 375 3308 σκληρὸν
442 3236 543 3301 τῆς
617 3226 845 3306 καρδίας
920 3228 1097 3303 ὑμῶν,
1167 3229 1257 3283 καὶ
1328 3228 1421 3283 τὸν
1499 3227 1785 3303 τράχηλον

1904 2254 2331 2310 testimonium.
2383 2255 2726 2325 Rursusque
2768 2254 2851 2310 ait
2901 2254 3142 2313 :Audite
3190 2253 3411 2310 verbum
3451 2254 3556 2310 Do-

1903 2345 2066 2410 mini,
2098 2344 2373 2415 principes
2402 2344 2590 2415 populi
2619 2343 2782 2415 hujus
2830 2344 2894 2398 δο.
2942 2344 3011 2398 Et
3056 2342 3250 2399 adhuc
3294 2360 3308 2399 :
3357 2343 3558 2399 Audite

1903 2432 2032 2503 ﬁlii,
2064 2447 2246 2487 vocem
2274 2432 2607 2487 clamantem
2635 2434 2697 2486 in
2723 2432 2935 2488 deserto
2969 2433 3039 2488 δι.
3070 2434 3217 2503 Ergo
3248 2430 3556 2487 circumci-

1904 2521 1992 2576 dit
2022 2538 2193 2577 aures
2224 2525 2478 2588 nostras,
2510 2525 2577 2576 ut
2606 2521 2805 2576 audito
2835 2519 3008 2576 verbo
3040 2520 3386 2587 credamus;
3441 2518 3553 2574 cir-

1904 2609 2187 2665 cumcisio
2243 2609 2420 2677 enim,
2456 2608 2515 2664 in
2547 2625 2664 2681 qua
2692 2607 2818 2680 [illi]
2854 2608 3245 2679 conﬁdebant,
3276 2608 3555 2680 abrogata

1903 2703 2011 2755 est.
2073 2698 2348 2770 Praecepit
2406 2698 2555 2753 enim
2622 2697 2971 2768 [Dominus],
3040 2696 3548 2753 circumcisionem

1904 2804 2019 2843 non
2053 2788 2246 2843 carnis
2271 2804 2399 2843 esse
2429 2786 2753 2842 faciendam
2781 2804 2794 2855 ;
2832 2785 2917 2841 illi
2947 2789 3142 2841 autem
3174 2787 3193 2855 (
3199 2792 3552 2858 praeceptum

1902 2876 2037 2947 hoc]
2068 2875 2424 2949 transgressi
2465 2880 2625 2943 sunt,
2661 2876 2801 2948 quia
2832 2876 3024 2932 malus
3055 2874 3295 2948 angelus
3329 2874 3554 2946 decepit

1902 2966 2055 3032 illos,
2087 2966 2176 3021 Ait
2222 2967 2293 3021 ad
2342 2982 2441 3021 eos
2492 2982 2504 3021 :
2548 2965 2662 3021 Hhc
2706 2966 2839 3021 dicit
2886 2966 3152 3021 Dominus
3197 2965 3334 3020 Deus
3380 2972 3555 3020 vester

1901 3054 1983 3126 [in
2011 3054 2103 3110 his
2134 3054 2329 3110 verbis
2358 3053 2591 3111 invenio
2623 3071 2835 3109 novam
2877 3054 3087 3126 legem]
3139 3070 3153 3108 :
3203 3054 3379 3109 Nolite
3404 3070 3555 3108 sere-

1900 3160 1961 3199 re
2006 3160 2170 3215 super
2209 3145 2419 3216 spinas,
2472 3143 2945 3200 circumcidimini
2992 3144 3230 3199 Domino
3267 3144 3441 3197 vestro
3482 3140 3550 3196 ⁸³.

1901 3233 1971 3287 Et
2000 3231 2141 3304 quid
2166 3232 2290 3288 vult
2320 3232 2455 3305 [sibi
2484 3232 2772 3288 Dominus
2803 3232 2963 3288 hisce
2995 3230 3259 3301 verbis]?
3304 3231 3552 3287 Circum-

1557 3372 1713 3429 l’etus
1745 3374 2143 3447 interpretatio.

208 3492 298 3551 IX.
333 3490 484 3548 Dicit
512 3493 756 3564 autem_.
800 3530 813 3542 .
846 3490 917 3546 de
948 3488 1210 3564 auribus,
1243 3490 1559 3564 quomodo
1591 3490 1916 3564 circumdat
1958 3507 2129 3564 aures
2158 3489 2460 3563 praecordii
2491 3490 2695 3546 nostri.
2728 3489 2883 3546 Dixit
2914 3531 2927 3544 .
2975 3531 2987 3545 .
3020 3507 3123 3563 per
3169 3491 3543 3564 Prophetam.

128 3565 341 3621 Audita
372 3566 523 3619 auris
546 3561 843 3636 exaudivit
868 3578 975 3636 me.
1011 3562 1079 3636 Et
1112 3564 1325 3617 iterum
1357 3561 1499 3617 dicit
1531 3578 1543 3617 :
1579 3563 1868 3636 Auditione
1896 3561 2274 3636 audient,'qui
2319 3565 2686 3636 longesunt;
2734 3569 2788 3636 et
2835 3561 3154 3636 quaefaciet
3178 3561 3314 3636 (79),
3344 3566 3541 3621 scient.

132 3679 146 3691 .
197 3678 213 3691 .
246 3634 651 3707 Circumcidile,
688 3633 829 3688 dicit
876 3633 1180 3707 Dominus,
1213 3650 1375 3707 aures
1409 3643 1615 3707 vestras
1646 3635 1778 3707 (80).
1800 3636 1868 3689 Et
1898 3635 2111 3689 iterum
2165 3633 2307 3689 dicit
2335 3650 2348 3689 :
2384 3633 2545 3689 Audi.
2578 3634 2775 3689 Israel.
2808 3634 2939 3705 quia
2971 3634 3085 3690 haec
3112 3634 3249 3707 dicit
3274 3633 3542 3692 Dominus

127 3710 281 3764 Deus
310 3710 457 3761 tuus.
490 3706 558 3760 Et
584 3705 801 3777 iterum,
828 3705 1327 3777 spiritusADomini
1361 3705 1661 3777 prophetat
1695 3723 1707 3762 :
1741 3705 1881 3775 Quia
1914 3707 2025 3777 (81)
2054 3707 2151 3777 qui
2178 3707 2295 3760 vult
2320 3707 2499 3760 vivere
2535 3722 2592 3760 in
2620 3708 2987 3776 perpetuum?
3032 3706 3322 3763 Auditione
3348 3708 3547 3764 audiat

128 3795 315 3835 vocem
342 3779 507 3848 pueri
533 3778 661 3831 mei.
698 3781 762 3830 Et
790 3775 1002 3849 iterum
1034 3775 1223 3849 dicit:
1260 3778 1447 3845 Audit,
1469 3775 1690 3842 caelum,
1721 3783 1773 3832 et
1813 3775 2035 3849 percipe
2063 3775 2330 3849 'auribus,
2364 3786 2533 3845 terra,
2565 3775 2695 3848 quia
2719 3775 2997 3833 Dominus
3027 3778 3235 3834 locutus
3263 3787 3358 3834 est.
3403 3822 3416 3834 .
3463 3820 3476 3834 .
3524 3820 3537 3833 .

128 3852 203 3906 Et
236 3847 447 3905 iterum
480 3849 622 3903 dicit
652 3864 679 3920 :7
700 3847 903 3920 Audite
927 3848 1149 3920 verbum
1177 3848 1417 3916 Domini,
1450 3850 1723 3919 principes
1749 3847 1939 3920 populi
1966 3847 2152 3920 hujus.
2186 3849 2256 3903 Et
2284 3848 2496 3903 iterum
2526 3847 2670 3904 dicit
2693 3866 2705 3904 :
2728 3850 2930 3905 Audite
2953 3890 2966 3903 .
2995 3891 3008 3904 .
3038 3866 3216 3905 vol-em
3244 3852 3539 3906 clamantis

130 3925 193 3979 in
224 3937 423 3977 eremo.
456 3920 605 3991 Ergo
635 3919 1034 3991 circumcidite
1059 3920 1168 3990 (82)
1196 3935 1365 3974 aures
1397 3925 1647 3984 nostras,
1683 3919 1755 3974 ut
1776 3919 1974 3975 audito
2006 3920 2179 3975 verbo
2209 3921 2517 3975 credamus
2563 3962 2576 3975 .
2633 3963 2646 3977 .
2702 3962 2715 3975 .
2771 3963 2784 3976 .
2828 3962 2841 3976 .
2897 3963 2911 3976 .
2942 3961 2979 3991 Α.
3024 3922 3538 3977 Circumcisionem

129 3998 331 4049 autem
367 3989 679 4058 dixitfnon
710 3990 987 4060 corporis.
1025 4031 1037 4044 .
1069 3989 1089 4057 “;
1123 3991 1221 4045 sed
1256 3991 1658 4059 praeterierunt
1689 3992 1837 4063 (83);
1872 3992 2011 4062 quia
2040 3990 2283 4063 angelus
2325 4007 2577 4062 nequam
2628 3992 2872 4047 docebat
2912 3989 3049 4063 illos
3082 4034 3095 4047 .
3142 4032 3153 4046 .
3197 4033 3211 4047 .
3246 3993 3367 4047 Haec
3408 3992 3542 4048 dicit

128 4067 395 4121 Dominus
425 4064 564 4117 Deus
596 4070 765 4135 vester
792 4079 811 4115 .·
842 4063 941 4116 Hic
968 4063 1187 4135 invenio
1215 4078 1412 4135 novam
1443 4063 1635 4131 legem.
1675 4063 1756 4117 Vae
1782 4062 1909 4118 illis
1939 4064 2037 4135 qui
2080 4062 2355 4135 seminant
2384 4063 2496 4135 (84)
2527 4065 2589 4118 in
2642 4064 2853 4134 spinis!
2894 4062 3276 4118 Circumcidite
3302 4079 3392 4119 vos
3428 4069 3541 4119 Do-

126 4139 282 4191 mino
310 4144 500 4190 vestro.
538 4177 551 4188 .
581 4175 595 4189 .
629 4133 744 4189 Hoc
775 4138 883 4197 est,
915 4134 1110 4205 audite
1152 4133 1466 4187 Dominum
1514 4139 1794 4203 vestrum,
1846 4138 1904 4189 et
1948 4133 2325 4189 circumcidito
2366 4133 2676 4205 nequitiam
2718 4135 2787 4189 de
2827 4135 3147 4205 prxcordiis
3194 4137 3414 4191 vestris.
3470 4177 3483 4190 .
3528 4174 3543 4189 .

135 4208 293 4263 Dixit
323 4212 518 4261 autem
552 4205 764 4259 iterum
801 4220 813 4258 :
848 4206 1017 4260 Eccce
1045 4204 1179 4259 dicit
1222 4205 1487 4259 Dominus
1512 4221 1533 4265 ;
1583 4206 1775 4260 Omnes
1822 4206 2069 4261 nationes
2097 4207 2216 4260 sine
2245 4204 2665 4261 circumcisione
2692 4204 2932 4276 corporis
2977 4208 3123 4260 sunt.
3168 4247 3181 4261 .
3230 4247 3241 4263 .
3284 4250 3299 4263 .
3344 4249 3358 4263 .
3403 4224 3416 4263 :
3460 4206 3548 4263 hic

128 4289 324 4335 autem
350 4278 584 4349 populus
614 4278 735 4349 sine
756 4278 1168 4331 circumcisione
1194 4276 1372 4349 cordis
1399 4280 1497 4349 est.
1531 4276 1663 4349 Sed.
1708 4319 1721 4332 .
1755 4277 1932 4332 etiam
1963 4278 2345 4333 circumcisus
2366 4282 2455 4349 est
2485 4276 2736 4349 populus
2768 4278 2826 4330 in
2858 4276 3132 4347 signum;
3168 4278 3270 4335 sed
3304 4282 3404 4336 et..
3434 4279 3546 4336 Ju-

129 4295 324 4335 autem
350 4295 416 4348 po
458 4295 584 4332 uius
614 4295 735 4331 sine
756 4295 1168 4331 circumcisione
1194 4295 1372 4331 corais
1399 4295 1497 4331 est.
1532 4295 1663 4331 neu.
1708 4319 1721 4332 .
1755 4295 1932 4332 suam
1963 4295 2345 4333 circumcisus
2366 4295 2455 4332 esr.
2485 4295 2736 4349 populus
2768 4295 2826 4330 in
2858 4295 3132 4347 Signum;
3168 4295 3270 4335 seu
3304 4295 3404 4336 ει..
3434 4295 3541 4336 Ju-

129 4353 296 4407 daeus
326 4295 812 4420 (85]:etgArabs,et
827 4364 1045 4420 omnes
1075 4348 1407 4420 sacerdotes
1440 4346 1815 4420 idolorum,et
1845 4349 2115 4420 rEgyptii.
2137 4349 2282 4420 Ergo
2312 4352 2370 4403 et
2400 4348 2460 4402 hi
2480 4348 2551 4403 de
2583 4351 2933 4420 testamento
2964 4353 3124 4404 sunt.
3170 4392 3183 4405 .
3228 4391 3243 4407 .
3287 4393 3301 4406 .
3347 4391 3361 4406 .
3407 4392 3420 4406 .
3466 4392 3478 4407 .
3526 4392 3541 4407 .

128 4438 285 4499 quos
312 4418 454 4476 dicit
484 4418 636 4499 filios
670 4418 912 4499 Abrahae
944 4419 1014 4474 de
1044 4419 1317 4499 omnibus
1348 4419 1621 4499 gentibus
1656 4435 1668 4473 :
1702 4419 1842 4491 quia
1870 4418 2166 4476 Abraham
2199 4418 2427 4499 primus
2454 4418 2969 4499 _circumcis_ionem
3009 4420 3189 4499 dedit,
3222 4421 3281 4499 in
3322 4422 3541 4499 Spiritu

130 4490 290 4565 quod
324 4490 714 4563 prospiciebat
738 4490 799 4545 in
827 4494 1050 4547 Jesum.
1082 4490 1478 4545 Circumcidit.
1524 4532 1536 4545 .
1582 4532 1595 4545 .
1641 4530 1655 4545 .
1702 4490 1733 4546 ,⁷
1761 4534 1774 4547 .
1820 4534 1834 4547 .
1880 4532 1893 4546 .
1940 4532 1953 4546 .
1991 4530 2009 4547 .
2049 4532 2063 4546 .
2109 4533 2122 4546 .
2286 4533 2299 4547 .
2333 4492 2406 4546 de
2436 4490 2610 4547 domo
2634 4508 2742 4547 sua
2770 4491 3033 4548 homines
3065 4490 3543 4550 trecentos'octo-

210 4609 256 4643 “
285 4606 438 4663 Psal.
470 4624 607 4673 xvn,
641 4607 728 4662 45.
806 4606 850 4641 ⁴⁵
876 4623 1077 4677 xxxm,
1114 4607 1196 4661 l3.
1272 4607 1317 4641 “
1344 4606 1464 4662 Jer.
1499 4623 1572 4674 1v,
1605 4608 1657 4678 4,
1733 4608 1775 4641 ⁴τ

1902 4626 1923 4664 υ.
1953 4624 2054 4676 vn,
2075 4607 2129 4663 2.
2206 4606 2250 4642 ‘3
2280 4604 2434 4663 Psal.
2468 4624 2667 4675 χχχιιι,
2698 4606 2787 4662 l3.
2869 4607 2917 4645 ‘0
2943 4607 3076 4663 Isai.
3112 4625 3151 4676 ι,
3182 4611 3236 4663 2.
3312 4609 3358 4645 ⁵ο
3385 4608 3533 4666 Ibid.

133 4683 230 4739 10.
304 4680 346 4716 ⁵³
382 4679 493 4734 Isai
522 4696 613 4745 XL,
642 4678 695 4732 3.
771 4678 818 4713 ⁸³
844 4678 961 4734 Jer.
993 4695 1070 4746 IV,
1103 4679 1156 4733 3.

1520 4794 1903 4851 VARIORUM
1933 4794 1979 4851 Ν
1985 4794 2164 4850 ΟΤᾹΞ.

212 4913 325 4985 (ἿΞ)
355 4911 443 4968 Ita
472 4910 595 4968 Cot.
630 4927 741 4967 ms.
912 4910 1011 4964 Διά
1049 4907 1146 4965 τοῦ
1194 4908 1367 4986 ῥύπου
1412 4914 1510 4966 τοῦ
1543 4910 1791 4966 ὑσσώπου

1904 4911 2212 4986 lectionem
2244 4909 2511 4986 sequitur
2540 4909 2735 4986 Fellus
2756 4910 3155 4986 in‘textu,licet
3183 4910 3243 4986 in
3275 4917 3412 4986 nota
3432 4912 3547 4971 lec-

142 4981 316 5041 ἱᾶταιξ
372 5054 425 5056 __
527 5055 532 5056 ί
643 5054 649 5056 _
870 5054 878 5056 _
924 5054 933 5056 _
1085 5054 1118 5056 ῃ
1194 4981 1202 4986 ⁷
1271 5054 1381 5056 ___
1656 5054 1665 5056 _
1905 4984 2121 5056 tionem
2150 4981 2522 5056 circumcidite
2568 4983 2933 5039 retinendam
2982 4981 3297 5056 praecipiat.
3329 4984 3546 5041 Verum

215 5056 327 5128 (74)
357 5054 469 5128 Cir.
505 5055 574 5110 de
604 5054 1287 5128 ci_rcumcisione_Ep._ad
1317 5054 1524 5128 Diogn.
1553 5071 1608 5128 c,
1642 5054 1697 5109 4.
1900 5055 1956 5109 id
1981 5054 2142 5128 (vitio,
2156 5054 2465 5128 typothetaa
2501 5056 2864 5128 vertendum.

215 5124 327 5198 (75)
356 5125 699 5198 Adhortatio
732 5126 1009 5181 audiendi
1058 5124 1296 5181 involvit
1328 5124 1788 5181 admonitionem
1970 5126 2083 5195 (83)
2111 5124 2527 5181 Praeterierunt.
2563 5125 2624 5180 Id
2656 5131 2765 5191 est,
2803 5124 3157 5197 praevaricati
3186 5131 3541 5191 sunt,trans-

140 5197 230 5258 ad
251 5197 747 5271 circumcisionem
780 5198 1034 5253 aurium.
1898 5197 2081 5267 gressi
2115 5201 2274 5251 sunt.
2314 5198 2567 5271 EtPsal.
2611 5213 2831 5266 cxcvm,
2864 5200 2899 5271 6_
2929 5198 3306 5271 :_P_i_-aeceptum
3334 5202 3541 5271 posuit,

240 5271 327 5340 '76)
362 5268 441 5343 ᾼΙ.
476 5265 695 5343 Κύριος.
747 5339 756 5343 _
802 5340 811 5343 _
904 5339 915 5343 _
1898 5265 1952 5343 e_t
1983 5284 2097 5343 non
2118 5268 2445 5343 prateribit.
2480 5268 2626 5322 ΜΕΝ.
2652 5298 2721 5308 —
2750 5265 2903 5340 Apul
2938 5265 3542 5343 Fellum',praetereunt;

237 5343 325 5410 77)
356 5342 448 5396 Sc.
480 5339 951 5411 circumcisionis
989 5344 1101 5393 Deo
1132 5345 1396 5411 acceptis.
1897 5340 2229 5411 Typothetas
2262 5339 2563 5395 mendum.

232 5409 323 5483 78)
354 5411 502 5466 Add.
540 5409 683 5466 νέαν.
716 5415 865 5467 ΜΕΝ.
903 5412 1145 5481 lnterpr.
1178 5409 1395 5467 novam.
1900 5409 2079 5483 χει)
2118 5411 2196 5483 Va:
2226 5410 2342 5465 illis
2372 5412 2465 5481 qui
2492 5410 2780 5465 seminant.
2819 5409 3076 5482 Rectius,
3121 5413 3311 5469 nollite
3346 5430 3547 5472 serere.

214 5481 323 5559 (79)
353 5485 416 5559 Et
447 5498 572 5554 qua:
598 5486 785 5555 faciet.
818 5494 947 5559 heg.
981 5493 1030 5538 et
1062 5498 1186 5559 qua;
1213 5484 1339 5553 feci.
1508 5552 1521 5559 _
1690 5555 1699 5559 Δ
1900 5481 2201 5559 ξειιηῼιιιί
2249 5498 2317 5536 ea
2364 5499 2492 5553 qua
2548 5498 2680 5559 moi:
2730 5481 3077 5559 sequuntur,
3136 5484 3218 5541 ita
3265 5484 3501 5559 supplet
3534 5502 3547 5543 :

217 5552 323 5626 (80)
356 5552 527 5610 Aures
558 5552 782 5621 vestras,
831 5552 919 5609 In'
940 5552 1100 5609 textu
1135 5552 1557 5626 Graeco,rcorda
1588 5555 1786 5626 vestra,
1898 5554 1963 5608 Et
1993 5554 2143 5626 quid,
2178 5553 2283 5626 hoc
2317 5552 2573 5626 estquod
2602 5553 2758 5626 dicit,
2792 5552 3022 5626 audite,
3043 5561 3153 5611 etc.

143 5596 333 5694 male];
366 5643 501 5681 nam
533 5643 737 5682 omnes
767 5598 865 5696 qui
896 5630 1230 5699 sequuntur,
1270 5596 1381 5680 Ιοέί
1421 5628 1690 5699 spectant
1716 5596 1787 5679 ad
1901 5696 1939 5699 _
1970 5596 2079 5699 (85)
2109 5597 2343 5699 iudicas.
2396 5596 2562 5681 Forte
2618 5596 2910 5699 Iduquus,
2942 5596 3031 5681 νὲι
3078 5627 3268 5699 Syrus.
3302 5658 3368 5669 —
3395 5629 3543 5685 Hinc

147 5642 333 5694 male;
366 5643 501 5681 nam
533 5643 737 5682 omnes
767 5643 865 5696 qui
896 5642 1222 5698 sequuntur
1270 5642 1381 5680 ιοοι
1421 5642 1690 5752 signa!“
1716 5642 1787 5679 aa
1970 5642 2079 5697 (eo)
2109 5642 2343 5681 Judaeus.
2396 5642 2562 5681 r‘orte
2618 5642 2910 5690 iaumaeus,
2942 5642 3031 5681 vel
3078 5642 3268 5699 eyrus.
3302 5658 3368 5669 —
3395 5642 3543 5685 hinc

147 5700 400 5773 aurium,
433 5699 653 5773 non_ad
683 5698 875 5773 cordis
904 5696 1431 5773 circumcisionem.
1524 5713 1617 5751 EN.
1900 5695 2037 5773 Felli
2068 5696 2205 5752 edit.
2241 5696 2445 5754 Oxon..
2479 5698 2691 5769 rejects.
2738 5696 2977 5772 vulgata
3014 5698 3279 5773 lectione,
3311 5700 3545 5761 exhibet

247 5771 337 5838 81)
368 5770 527 5842 Quia.
562 5769 820 5842 Rectius,
850 5770 973 5842 quis
1000 5777 1100 5826 est.
1127 5769 1290 5842 Fata.
1636 5838 1646 5842 _
1671 5839 1686 5842 _
1897 5769 2189 5827 Idumaeas.

248 5842 334 5917 82)
368 5838 767 5913 Circumcidite.
799 5838 934 5914 Lég.
966 5840 1325 5899 circumcidit.
1357 5843 1519 5897 Hanc
1550 5838 1789 5914 quidem
