4036 6344
593 500 704 559 751

1837 501 1901 561 8.
1948 499 2338 560 ΒΑΗΝΔΒᾸΞ
2380 498 2759 559 APUSTOLI

3892 503 3997 560 752

593 630 779 701 cidite,
837 628 1045 704 [dicit],
1093 628 1362 684 duritiam
1407 628 1582 685 cordis
1631 631 1815 696 vestri,
1882 633 1935 685 et
1981 631 2226 685 cerricen

2359 627 2511 699 ὑμῶν
2567 625 2627 681 οὐ
2686 628 2759 700 μή
2816 626 3165 701 σκληρύνετε.
3226 627 3326 681 Καὶ
3392 626 3582 682 πάλιν·
3643 625 3815 695 Ἰδοὺ,
3868 629 3994 703 λέγει

602 724 839 776 vestram
865 735 934 775 ne
963 718 1236 774 induretis
1266 718 1328 771 ³³.
1362 722 1551 789 Atque
1596 718 1807 773 iterum
1861 735 1874 772 :
1927 720 2076 789 Ecce,
2111 718 2247 773 dicit

603 809 885 877 Dominus,
916 824 1098 864 omnes
1148 811 1331 879 gentes
1378 808 1778 863 incircumcisae
1807 815 1952 873 sunt,
1999 824 2062 862 ac
2094 821 2243 879 prae-

600 900 821 970 putium
851 896 1091 959 habent;
1121 898 1224 953 iste
1248 911 1372 951 vero
1400 896 1631 968 populus
1676 895 2058 970 pudicarum]
2088 896 2245 951 corde

599 993 679 1044 est
708 988 1121 1043 incircumcisus
1150 985 1219 1041 “.
1267 987 1333 1041 At
1380 985 1611 1056 inquies
1663 1002 1677 1041 :
1729 986 1797 1040 Et
1834 1001 1965 1041 vero
2014 984 2113 1041 ille
2142 1001 2241 1057 po-

598 1076 775 1149 pulus
806 1075 866 1131 in
907 1075 1146 1149 signum
1196 1073 1471 1145 [hederis]
1520 1073 1979 1129 circumciditur.
2025 1073 2241 1129 Verum

599 1170 659 1223 et
689 1164 1192 1221 circumciduntur
1220 1162 1348 1235 Syri
1394 1178 1619 1230 omnes,
1653 1178 1719 1217 ac
1765 1162 2004 1232 Arabes,
2036 1178 2242 1218 omnes

597 1254 931 1312 sacerdotes
961 1251 1274 1308 idolorum.
1306 1250 1449 1306 Hinc
1480 1267 1615 1324 ergo
1654 1251 1947 1322 pertinent
1978 1251 2061 1306 illi
2091 1268 2238 1323 quo-

595 1360 707 1417 que
733 1343 806 1399 ad
837 1341 1067 1398 Domini
1098 1344 1513 1397 testamentum
1536 1340 1564 1394 ?
1593 1340 1703 1395 Sed
1744 1345 1801 1395 et
1838 1340 2086 1412 Egyptii
2126 1340 2237 1396 cir-

594 1430 1011 1489 cumcisionem
1046 1432 1353 1501 usurpant.
1384 1426 1600 1483 Discite
1630 1428 1829 1500 igitur,
1863 1427 1988 1497 filii,
2021 1429 2092 1484 de
2112 1444 2237 1484 om-

592 1520 769 1577 nibus
800 1518 1054 1586 abunde,
1085 1518 1239 1589 quod
1269 1516 1662 1584 Abrahamus,
1687 1516 1788 1588 qui
1817 1516 2045 1589 primus
2076 1517 2238 1573 dedit

592 1607 1121 1673 circumcisionem,
1153 1606 1214 1661 in
1245 1604 1455 1678 spiritu
1500 1606 1861 1678 prospiciens
1910 1610 1968 1662 et
2012 1607 2234 1675 Jesum,

591 1696 979 1767 circumcidit,
994 1694 1312 1768 [arcanam]
1342 1693 1521 1750 trium
1553 1694 1879 1751 litterarum
1907 1695 2236 1752 doctrinam

589 1786 898 1844 adhibens.
931 1784 1140 1841 Narrat
1168 1783 1324 1839 enim
1356 1783 1697 1856 [Scriptura]
1732 1801 1745 1840 :
1790 1784 1855 1840 Et
1893 1785 2237 1841 circumcidit

586 1875 933 1931 Abrahamus
960 1889 990 1930 e
1015 1872 1173 1930 domo
1200 1889 1303 1928 sua
1330 1888 1567 1929 cccxvm
1600 1874 1760 1929 viros.
1816 1875 1950 1939 Quae
1981 1889 2117 1945 ergo
2150 1872 2234 1928 illi

589 1964 648 2020 in
679 1964 789 2020 hoc
818 1964 957 2019 data
990 1965 1079 2018 est
1126 1961 1377 2034 cognitio
1406 1960 1434 2015 ‘2
1483 1961 1696 2017 Discite
1726 1962 1916 2033 primo
1947 1964 2147 2019 decem
2177 1966 2235 2017 et

588 2056 739 2121 octo,
772 2052 906 2109 dein
934 2055 1243 2107 trecentos.
1285 2050 1492 2107 Decem
1536 2054 1732 2107 autem
1779 2054 1836 2107 et
1882 2055 2009 2106 octo
2038 2050 2231 2123 expri-

591 2146 854 2209 muntur,
887 2158 991 2214 per
1036 2140 1059 2195 Ι
1108 2140 1331 2210 decem,
1364 2156 1467 2212 per
1495 2138 1541 2195 H
1596 2142 1744 2195 octo.
1778 2140 1966 2195 Habes
1998 2139 2231 2195 initium

592 2229 895 2305 [nominis]
926 2234 1087 2287 Jesu.
1138 2228 1286 2293 Quia
1328 2245 1463 2284 vero
1511 2244 1651 2283 crux
1688 2227 1748 2284 in
1789 2228 1978 2301 ﬁgura
2006 2228 2232 2299 litteras]

591 2320 636 2375 Τ
684 2318 933 2391 gratiam
983 2315 1425 2390 [redemptionis
1473 2316 1708 2389 nostris]
1741 2322 1864 2372 erat
1910 2316 2231 2387 signatura,

588 2407 719 2464 ideo
750 2406 831 2463 ait
858 2413 1137 2463 trecentos.
1162 2406 1429 2463 Ostendit
1458 2406 1657 2477 itaque
1683 2408 1886 2462 Jesum
1913 2406 1970 2461 in
2006 2406 2234 2462 duabus

2356 715 2384 769 ὁ
2440 715 2655 791 Κύριος·
2708 716 2881 770 πάντα
2939 716 3007 769 τὰ
3069 714 3191 787 ἔθνη
3261 715 3626 791 ἀπερίτμητα,
3679 712 3997 793 ἀκρόϐυσ-ει,

2354 804 2382 858 ὁ
2432 800 2489 858 δὲ
2538 802 2669 865 λαὸς
2718 803 2873 865 οὗτος
2919 803 3296 879 ἀπερίτμητος
3342 801 3557 881 καρδίᾳ,
3605 805 3790 862 Ἀλλὰ
3848 806 3993 882 ἐρεῇι

2352 891 2450 947 Καὶ
2499 893 2605 964 μὴν
2648 892 3018 968 περιτέμνεται
3068 894 3096 947 ὁ
3146 891 3277 956 λαὸς
3342 892 3417 956 εἷς
3487 893 3792 971 σφραγῖδα.
3840 896 4000 951 Ἀλλᾶ

2351 981 2438 1035 καὶ
2484 987 2589 1043 πᾶς
2635 981 2830 1057 Σύρος,
2860 982 2950 1036 καὶ
2984 984 3185 1058 Ἄραψ,
3216 982 3304 1037 καὶ
3353 983 3549 1045 πάντες
3593 984 3647 1037 οἱ
3698 984 3871 1060 ἱερεῖς
3909 990 3998 1039 τῶν

2352 1068 2619 1129 εἰδώλων.
2653 1072 2794 1145 ’Δρα
2824 1071 2915 1125 οὖν
2960 1072 3203 1126 κάκεῖνοι
3253 1072 3305 1126 ἐν
3350 1076 3457 1127 τῶν
3508 1070 3796 1144 διαθηκῶν
3853 1075 4003 1129 αὖτοῦ

2351 1158 2481 1213 εἰσιν
2509 1178 2524 1228 ;
2558 1157 2732 1214 Ἀλλά
2762 1158 2850 1214 καὶ
2885 1160 3177 1236 Αἰγύπτιοι
3209 1159 3261 1215 ἐν
3311 1163 3587 1237 περιτομῇ
3636 1162 3768 1221 εἶσι.
3804 1166 4005 1219 Μάθετε

2349 1249 2463 1319 οὖν,
2495 1248 2671 1320 τέκνα,
2703 1248 2827 1323 περὶ
2883 1247 3092 1304 πάντων
3152 1248 3459 1324 πλουσίως,
3507 1249 3591 1305 ὅτι
3650 1246 3937 1326 Ἀϐραὰμ,
3982 1254 4003 1307 ὁ

2346 1342 2564 1411 πρῶτος
2612 1338 2915 1412 περιτομὴν
2963 1334 3109 1408 δοὺς,
3144 1339 3196 1393 ἐν
3248 1338 3512 1411 πνεύματι
3555 1335 3892 1415 προϐλέψας
3942 1341 4006 1400 εἰς

2343 1424 2436 1482 τὸν
2465 1426 2673 1496 Ἰησοῦν
2720 1428 2856 1500 (86),
2889 1425 3175 1503 περιέτεμε
3222 1422 3407 1482 λαϐὼν
3446 1431 3611 1501 τριῶν
3663 1430 4005 1505 γραμμάτων

2346 1509 2610 1592 δόγματα.
2685 1514 2843 1590 Λέγει
2904 1516 3027 1591 γάρ·
3074 1515 3174 1570 Καὶ
3240 1517 3555 1591 περιέτεμεν
3629 1512 3898 1594 Ἀϐραὰμ
3955 1518 4006 1573 Et

2342 1607 2440 1659 τοῦ
2471 1600 2623 1658 οἷ’κου
2674 1602 2838 1658 αὐτοῦ
2888 1601 3083 1680 ἄνδρας
3132 1602 3259 1659 δέκα
3305 1606 3395 1659 καὶ
3444 1604 3588 1660 ὀκτὼ
3642 1605 3737 1660 καί
3792 1627 4007 1680 τριακο-

2343 1691 2493 1755 σίους
2687 1692 2777 1755 Τίς
2810 1696 2901 1747 οὖν
2928 1695 2962 1763 ἡ
2996 1690 3211 1748 δοθεῖσα
3256 1693 3437 1766 τούτῳ
3467 1696 3581 1768 (88)
3610 1699 3821 1770 γνῶσις
3852 1716 3867 1765 ;
3902 1699 4006 1751 Mi-

2343 1782 2459 1837 θετε
2488 1780 2613 1843 τοὺς
2652 1778 2926 1837 δεκαοκτὼ
2974 1783 3250 1855 πρώτους,
3284 1783 3400 1838 εἶτα
3442 1783 3573 1845 τοὺς
3630 1786 4002 1858 τριακοσίους.

2342 1872 2412 1925 Τὸ
2444 1867 2500 1925 δὲ
2531 1867 2657 1925 δέκα
2684 1869 2773 1925 καὶ
2823 1870 2987 1939 ὀκτὼ,
3016 1877 3035 1925 Ι
3069 1868 3216 1939 δέκα,
3249 1877 3294 1926 Η
3345 1870 3510 1928 ὀκτώ.
3545 1878 3742 1947 Ἔχεις
3770 1880 3999 1943 Ἰησοῦν.

2340 1961 2459 2014 Ὅτι
2491 1956 2548 2013 δὲ
2571 1960 2798 2032 σταυρὸς
2830 1958 2882 2014 ἐν
2908 1964 2987 2031 τῷ
3015 1965 3053 2013 Τ
3086 1957 3315 2032 ἔμελλεν
3351 1956 3495 2036 ἔχειν
3542 1962 3643 2029 τήν
3690 1963 3892 2037 χάριν,
3926 1962 4001 2017 λέ-

2339 2070 2419 2125 γει
2467 2049 2557 2102 καὶ
2600 2049 2727 2110 τοὺς
2772 2048 3139 2124 τριακοσίους.
3175 2048 3351 2119 Δηλοῖ
3392 2054 3482 2105 οὖν
3524 2051 3619 2105 τὸν
3654 2050 3755 2122 μὲν
3793 2052 3996 2121 Ἰησοῦν

2343 2137 2393 2193 ἐν
2416 2142 2535 2200 τοῖς
2572 2133 2687 2192 δυσὶ
2716 2135 3023 2213 γράμμασι,
3052 2137 3142 2191 καὶ
3191 2136 3242 2193 ἐν
3295 2138 3368 2193 ἑνὶ
3413 2138 3503 2193 τὸν
3556 2138 3821 2213 σταυρόν.
3851 2137 3995 2194 Οἶδεν

2343 2226 2371 2282 ὁ
2398 2226 2497 2295 τὴν
2530 2222 2765 2301 ἔμφυτον
2794 2222 2998 2302 δωρεὰν
3028 2232 3128 2295 τῆς
3162 2222 3399 2301 διδαχῆς
3450 2224 3612 2281 αὐτοῦ
3663 2226 3904 2299 θέμενος
3950 2228 3994 2281 ἐν

2341 2316 2499 2389 ἡμῖν.
2551 2312 2741 2377 Οὐδεὶς
2795 2314 3161 2391 γνησιώτερον
3218 2313 3412 2389 ἔμαθεν
3470 2315 3562 2369 ἀπ’
3611 2314 3756 2389 ἐμοῦ
3816 2315 3994 2393 λόγον

2344 2400 2490 2458 ἀλλὰ
2519 2400 2659 2473 οῖδα,
2692 2402 2775 2458 ὅτι
2805 2401 2944 2475 ἄξιοί
2973 2402 3088 2458 ἐστε
3120 2402 3295 2476 ὑμεῖς.

581 2492 809 2564 litteris,
843 2498 901 2552 et
925 2512 1157 2553 crucem
1189 2494 1249 2551 in
1280 2494 1469 2551 tertia.
1498 2494 1619 2550 Scit
1650 2494 1780 2562 hoc,
1814 2494 1913 2566 qui
1941 2494 2288 2567 profundius
2317 2495 2535 2551 donum
2566 2493 2844 2551 doctrinas
2874 2511 2993 2551 suae
3023 2495 3222 2567 posuit
3249 2494 3311 2552 in
3342 2494 3532 2552 nobis.
3582 2493 3775 2553 Nemo
3809 2498 3993 2570 magis

580 2600 928 2657 germanum
959 2602 993 2641 a
1020 2600 1112 2642 me
1139 2585 1361 2657 accepit
1388 2598 1720 2641 sermonem
1746 2601 1759 2654 ;
1788 2584 1890 2641 sed
1923 2586 2066 2654 scio,
2095 2600 2197 2640 vos
2227 2583 2433 2655 dignos
2463 2599 2613 2640 esse.

1180 2713 1251 2765 Χ.
1292 2709 1549 2767 Mandata
1578 2709 1644 2767 de
1669 2710 1829 2781 cibis,
1864 2710 2010 2768 male
2036 2727 2071 2767 a
2097 2709 2304 2769 Iudaeis
2332 2709 2611 2767 intellecta
2654 2708 2983 2766 Christianis
3010 2712 3137 2767 sunt
3166 2717 3379 2783 aperta.

650 2837 838 2903 Quare
884 2839 1081 2892 autem
1144 2834 1336 2892 Moses
1401 2834 1546 2891 dixit
1600 2852 1615 2892 :
1663 2836 1781 2893 Non
1827 2836 2228 2893 manducabitis

576 2941 749 2993 suem,
780 2940 960 2998 neque
988 2924 1256 2996 aquilam,
1289 2940 1461 2999 neque
1503 2925 1843 2997 accipitrem,
1886 2941 2057 2999 neque
2102 2942 2223 2982 cor-

576 3031 726 3081 vum,
756 3031 857 3071 nec
884 3015 1060 3071 ullum
1084 3016 1307 3087 piscem,
1340 3016 1439 3087 qui
1462 3030 1573 3070 non
1603 3014 1807 3071 habeat
1834 3031 2121 3087 squamam
2141 3013 2226 3071 5"?

579 3103 715 3160 Tria
744 3103 1021 3176 dogmata
1049 3103 1109 3159 in
1139 3101 1434 3159 intellectu
1456 3102 1915 3176 comprehendit.
1940 3103 2114 3160 Porro
2144 3102 2226 3161 ait

576 3192 693 3248 illis
723 3192 1049 3266 [Dominus[
1080 3192 1139 3247 in
1190 3192 1638 3249 Deuteronomio
1686 3209 1699 3248 :
1744 3194 1807 3248 Et
1835 3192 2125 3265 disponam
2154 3193 2227 3249 ad

572 3283 842 3355 populum
868 3281 1016 3339 hunc
1048 3285 1323 3355 praecepta
1368 3298 1492 3339 mea
1532 3282 1597 3339 ⁸⁸.
1630 3281 1857 3355 [Nonne
1886 3300 2021 3355 ergo
2054 3300 2223 3339 man-

2404 2836 2527 2893 ’Ότι
2554 2834 2663 2909 (89)
2716 2832 2772 2889 δὲ
2818 2840 3023 2905 Μωσῆς
3074 2831 3309 2911 εἷ’ρηκεψ
3362 2835 3434 2891 Οὐ
3485 2833 3718 2914 φάγεσθε
3771 2842 3985 2915 χοῖρον,

2333 2921 2459 2980 οὖδὶ
2530 2923 2701 2997 ἀετὸν,
2777 2920 2903 2978 οὐδὲ
2977 2922 3289 3001 ὀξύπτερον,
3361 2922 3486 2980 οὐδὲ
3552 2924 3785 3002 κόρακα,
3869 2926 3985 2982 οὐδὲ

2331 3014 2502 3069 πὶντα
2534 3013 2713 3090 ἰχθῦν,
2745 3014 2803 3075 ’ὀς
2832 3012 2932 3068 οὐκ
2977 3011 3093 3089 ἔχει
3144 3011 3339 3068 λεπίδα
3386 3012 3437 3069 ἐν
3490 3012 3677 3086 «ora»;
3860 3016 3985 3091 Τρία

2331 3098 2523 3157 ἔλαϐεν
2583 3102 2634 3157 έν
2690 3104 2759 3176 τῇ
2808 3102 3016 3157 συνέσει
3067 3099 3327 3177 δόγματαο
3364 3103 3538 3178 Πέρας
3585 3102 3646 3178 γέ
3693 3123 3784 3156 τοι
3845 3102 3982 3179 λέγει

2334 3189 2517 3253 αὐτοῖς
2568 3188 2619 3244 ἐν
2668 3194 2747 3262 τῷ
2801 3188 3227 3267 Δευτερονομίῳ·
3280 3191 3379 3245 Καὶ
3447 3187 3786 3264 διαθήσομαι
3856 3192 3983 3267 πρὸς

2331 3279 2423 3334 τὸν
2497 3276 2626 3334 λαὸν
2698 3282 2887 3335 τοῦτον
2964 3279 3033 3333 τὰ
3096 3274 3438 3353 δικαιώματά
3503 3300 3631 3353 μου.
3688 3280 3837 3357 Ἆρα
3895 3280 3985 3335 οὐκ

1988 3418 2141 3474 Vetus
2171 3414 2572 3487 interpretatio.

571 3531 794 3606 decim.
826 3573 840 3588 .
884 3573 899 3589 .
943 3575 957 3589 .
993 3575 1016 3606 γ.
1060 3574 1075 3592 .
1238 3571 1252 3588 .
1298 3574 1312 3589 .
1357 3575 1400 3606 ._
1423 3575 1436 3590 .
1470 3532 1609 3606 quia
1639 3533 1958 3605 primatum
1985 3533 2098 3605 (91)
2129 3532 2373 3606 trecenti
2393 3535 2545 3606 sunt
2570 3548 2587 3606 ;_
2614 3534 2672 3586 et
2701 3529 3073 3606 distinctione
3112 3531 3291 3606 iacta,
3343 3530 3484 3587 dicit
3513 3530 3782 3606 decernet
3819 3538 3928 3589 octo
3963 3550 3975 3587 :

568 3603 751 3677 habes
780 3604 841 3659 in
871 3605 1101 3677 duabus
1132 3604 1341 3661 litteris
1362 3603 1591 3677 Jesum.
1627 3603 1691 3661 lu
1723 3606 1937 3676 quibus
1967 3603 2285 3677 incipiebat
2316 3603 2527 3677 habere
2558 3604 2797 3677 donum,
2840 3606 2980 3659 tunc
3010 3603 3173 3677 dicit,
3204 3606 3259 3659 et
3286 3606 3576 3677 trecentos.
3607 3646 3621 3659 .
3659 3647 3672 3659 .
3706 3603 3894 3662 habes
3922 3607 3969 3658 in

568 3691 688 3748 una
716 3675 951 3743 litttera,
986 3676 1563 3748 Tq,crucem.Scitote
1589 3674 1871 3748 quia'(92)
1904 3674 2167 3733 naturale
2196 3677 2417 3733 donum
2449 3674 2719 3730 doctrinas
2751 3691 2871 3729 suae
2907 3675 3104 3746 posuit
3146 3675 3206 3731 in
3238 3675 3428 3732 nobis.
3462 3676 3644 3733 Nemo
3679 3678 3872 3734 artius
3901 3678 3973 3732 di-

565 3746 708 3803 dicit
739 3764 773 3802 a
803 3763 897 3803 me
925 3746 1168 3803 verbum
1196 3765 1210 3815 ;
1244 3747 1345 3802 sed
1377 3748 1498 3803 scio
1532 3746 1669 3819 quia
1700 3746 1861 3820 digni
1894 3749 2057 3804 estis.

634 3844 703 3900 X.
737 3844 925 3910 Quare
954 3848 1150 3918 autem
1178 3848 1410 3918 Moyses
1434 3844 1573 3899 dicit
1601 3861 1615 3898 :
1647 3846 1763 3901 Non
1793 3847 2151 3902 manducabis
2181 3846 2627 3918 porcinqunec
2672 3843 2939 3918 aquilam,
2986 3860 3088 3918 nec
3132 3847 3469 3918 accipitrem,
3498 3859 3865 3915 neccorvum,
3890 3862 3971 3900 nec

564 3932 782 3989 omnem
824 3918 1026 3989 piscem
1046 3915 1284 3989 quinon
1315 3915 1476 3970 habet
1508 3918 1567 3989 in
1593 3932 1650 3989 se
1678 3921 2007 3987 squamam?
2044 3915 2193 3974 Tres
2216 3916 2427 3989 accipit
2471 3915 2696 3989 Moyses
2743 3915 2801 3970 in
2834 3916 3190 3972 conscientia
3228 3918 3339 3989 (93)
3371 3933 3478 3972 sua
3503 3919 3962 3975 constitutiones.

562 3987 651 4060 Ad
682 3986 917 4045 summa
941 3986 1291 4060 dici—illisin
1324 3987 1579 4060 secunda
1608 3986 1733 4058 lege
1765 4005 1778 4043 ε
1813 3990 1876 4043 Et
1914 3989 2202 4059 disponam
2230 3988 2299 4060 ad
2325 3986 2589 4059 populum
2631 3988 2775 4060 hunc
2816 3989 3102 4060 aequitates
3146 3986 3657 4060 meas.'Ergo_non
3692 3995 3788 4045 est
3818 4006 3964 4045 man-

562 4059 766 4115 datum
799 4060 920 4142 Dei,
948 4076 1019 4142 ne
1049 4059 1433 4142 manducent;
1467 4059 1820 4142 sed‘lldoyses
1850 4061 1909 4114 in
1943 4058 2125 4142 ﬁgura
2146 4061 2257 4131 (94)
2282 4058 2512 4142 lacutue
2538 4062 2627 4142 est
2659 4058 3069 4142 illia-Porcina;
3101 4060 3213 4142 (Qé)
3244 4076 3379 4142 ergo
3410 4058 3481 4114 ad
3511 4058 3622 4114 hoc
3653 4060 3961 4117 dixitzNon

562 4144 678 4204 gris
728 4128 1077 4204 conjunctus
1119 4129 1458 4204 hominibus
1496 4128 1733 4204 talibus.
1771 4173 1785 4187 .
1820 4173 1833 4185 .
1870 4172 1883 4186 .
1923 4172 1935 4187 .
1968 4128 2089 4204 qui,
2141 4128 2274 4204 cum
2324 4129 2641 4204 luxuriant,
2689 4128 3115 4204 obliviscuntur
3156 4128 3474 4186 Dominum
3515 4147 3719 4204 suum.
3759 4172 3775 4187 .
3813 4174 3828 4187 .
3864 4175 3877 4187 .
3908 4174 3919 4186 .
3950 4172 3961 4185 .

562 4199 779 4257 Porcus
808 4199 988 4269 enim,
1020 4218 1154 4258 cum
1188 4201 1520 4268 manducet,
1555 4202 1861 4257 dominum
1893 4199 2008 4257 non
2044 4199 2199 4257 novit
2232 4221 2244 4258 :
2280 4219 2410 4257 cum
2445 4201 2645 4267 esurit,
2679 4205 2819 4257 tunc
2849 4201 3103 4268 clamat;
3134 4207 3191 4257 et
3222 4219 3354 4258 cum
3386 4201 3607 4271 accepit
3637 4202 3962 4272 iterum,ta-

558 4273 843 4357 θρα-[γορ
878 4273 1275 4357 manducpbis,
1317 4272 1527 4357 inquit,
1578 4272 1850 4357 aquilam,
1881 4284 1995 4357 .aut
2040 4277 2431 4357 accipitrem,‘.

2478 4316 2490 4329 .
2526 4276 2619 4329 aut
2650 4290 2889 4329 corvum.
2938 4278 3055 4331 Hoc
3088 4274 3227 4330 dicit
3260 4292 3273 4329 :
3309 4290 3424 4328 non
3457 4274 3755 4345 adjunges
3788 4284 3844 4330 te
3874 4290 3961 4329 nec

556 4341 845 4417 similabis
873 4344 1091 4401 talibus
1120 4341 1476 4417 hominibus,
1499 4344 1597 4415 qui
1622 4341 1899 4401 nesciunt
1931 4362 2032 4417 per
2061 4341 2317 4401 laborem
2348 4341 2405 4402 et
2433 4346 2705 4417 sudorem
2740 4346 3181 4417 sibiiacquirere
3204 4341 3811 4417 escam,sed'_rap'iunt
3840 4346 3959 4401 alie-

553 4430 690 4489 nam
721 4415 854 4489 (96),
888 4433 991 4489 per
1021 4434 1188 4473 suam
1218 4415 1561 4489 inquitatem
1593 4434 1607 4484 ;
1641 4421 1699 4472 et
1728 4415 2237 4489 observant,quasi
2267 4418 2324 4472 in
2358 4416 2732 4487 simplicitate
2764 4415 3339 4489 ambulantes,quem
3372 4415 3821 4489 dispolient.Sic
3843 4433 3959 4472 aves

550 4486 677 4544 istas
708 4485 846 4543 Solae
877 4485 990 4544 sibi
1021 4504 1137 4545 non
1168 4485 1537 4559 acquirentes
1567 4504 1762 4545 escam
1785 4489 2027 4562 (97),sed
2060 4485 2235 4563 pigras
2261 4485 2831 4558 sedentes,quzerunt
2860 4506 2973 4561 quo
2999 4485 3414 4545 modo'alienas
3444 4485 3652 4546 carnes
3673 4489 3954 4551 devorent;

618 4602 665 4641 ⁸³
686 4602 909 4678 Jer.vn,
938 4604 1030 4660 26.
1104 4604 1151 4641 ⁸³
1180 4603 1299 4661 Jer.
1336 4620 1413 4671 ιι,
1444 4604 1537 4673 25,
1566 4604 1657 4659 26.
1734 4605 1779 4641 ⁸⁸
1806 4609 1938 4663 Lev.
1968 4622 2028 4662 xi
2054 4624 2068 4675 ;
2102 4605 2220 4662 Deu

2341 4620 2417 4661 ιν.
2493 4603 2537 4638 ⁸⁸
2566 4606 2731 4658 Deut.
2764 4619 2843 4669 ιν,
2876 4604 2928 4659 1.

1921 4719 2307 4778 VARIORUM
2344 4716 2578 4775 NOTAE.

615 4833 730 4963 l(3812)
760 4838 846 4895 Ita
882 4835 1073 4898 Davis.
1124 4835 1253 4893 νει.
1302 4833 1517 4908 interp.
1573 4854 1585 4891 :
1636 4836 1840 4897 Jesum.
1893 4836 2003 4894 Ms.
2054 4834 2193 4906 υἱόν,

549 4921 725 4964 male.

614 4978 901 5053 (87)Νοῐι⁸
929 4987 1017 5053 est
1045 4979 1106 5036 in
1137 4979 1198 5037 S.
1244 4976 1581 5053 scriptura;
1612 4978 1715 5036 sed
1746 4979 1850 5038 cfr.
1885 4979 2027 5039 Gen.
2054 4997 2191 5053 xvu,

541 5050 641 5118 26,
668 5050 760 5120 27,
794 5050 925 5108 coll.
958 5051 1101 5108 Gen.
1133 5052 1248 5119 xiv,
1282 5050 1370 5107 14.

758 5122 849 5179 Al.
883 5120 1051 5196 αὐτῷ.

636 5194 724 5265 89)
754 5196 874 5248 ’Ότι
901 5194 1129 5265 :‘cur,
1163 5196 1227 5249 ut
1256 5208 1303 5248 c.
1335 5194 1371 5245 7
1427 5194 1503 5265 et,
1536 5194 1588 5247 8.

632 5262 723 5335 90)
751 5266 881 5322 Haec
924 5262 1129 5323 recitat
1158 5282 1187 5320 e
1223 5269 1392 5318 Barn.
1448 5262 1624 5319 Clem.
1675 5263 1835 5321 Alex.
1882 5266 2085 5322 Strom.
2120 5283 2187 5335 ιι,

538 5348 589 5389 c.
627 5335 713 5408 15,
736 5354 792 5408 p.
826 5339 949 5405 464,
982 5344 1039 5394 et
1067 5338 1107 5393 l.
1138 5354 1194 5404 v,
1226 5353 1277 5403 c,
1310 5338 1363 5403 8,
1398 5350 1453 5408 ρ.
1488 5335 1613 5389 677.

2375 4834 2492 4904 (94)
2520 4834 2581 4889 ιη
2612 4832 2810 4906 ﬁgura.
2844 4832 3100 4900 Rectius,
3129 4836 3190 4890 in
3218 4836 3439 4906 spiritu,
3467 4833 3644 4905 juxta
3673 4832 3943 4890 Graecum.

2303 4904 2466 4989 FeLL.
2497 4937 2566 4946 -
2594 4906 2674 4959 Ex
2702 4905 2824 4989 boc
2841 4906 3025 4989 capite
3070 4904 3370 4989 Sarmatiae,
3420 4904 3483 4962 et
3506 4922 3542 4961 a
3584 4921 3800 4989 mensa
3828 4923 3943 4989 pm-

2303 4977 2529 5034 miscua
2560 4981 2762 5049 sancto
2784 4976 2951 5049 Petro
2983 4977 3214 5033 caelitus
3243 4978 3384 5034 olim
3414 4994 3528 5049 app

2303 5065 2477 5105 suum
2529 5047 2940 5119 allegorizandi
2988 5049 3250 5105 defendit
3296 5047 3688 5106 Adamantius
3750 5050 3938 5108 homil.

2300 5138 2375 5176 vn
2410 5123 2467 5175 in.
2498 5121 2665 5175 Levit.
2703 5120 2880 5175 BERN.

3532 4976 3705 5044 osita,
3733 4976 3943 5034 facinus

2371 5194 2484 5264 (95)
2513 5192 2787 5264 Parcinae.
2838 5192 2970 5263 Leg.
3018 5193 3324 5264 porcinam.
3356 5191 3445 5247 Sic
3493 5205 3733 5262 quoque
3766 5191 3940 5247 Fellus

2298 5261 2356 5316 in
2390 5263 2527 5317 edit.
2561 5262 2742 5315 Oxon.

2365 5334 2477 5403 (96)
2526 5334 2797 5403 Alienum.
2854 5332 2951 5403 Al.
3007 5332 3229 5390 nallent
3280 5332 3493 5398 aliena,
3546 5333 3612 5386 ut
3671 5330 3732 5387 in
3795 5338 3938 5390 textu

602 5402 855 5480 (91)'Qui
882 5402 1206 5480 primatum,
1250 5402 1359 5463 etc.
1398 5402 1561 5480 ’Lege
1612 5423 1746 5463 cum
1794 5407 1975 5480 Fello,
2005 5410 2186 5480 primo
2297 5402 2512 5480 Graeco.
2544 5402 2737 5480 Ifellus
2769 5402 3067 5480 vulgatam
3101 5408 3310 5462 retinet
3340 5407 3671 5480 lectionem.

531 5476 975 5552 octodecim,tum
1001 5481 1233 5536 trecenti
1256 5482 1407 5534 sunt.
1432 5476 1535 5533 Vel
1568 5493 1724 5535 cum.
1756 5478 1830 5534 al.
1854 5482 1987 5551 quia
2005 5476 2185 5552 primi

530 5546 844 5620 octodecim,
876 5555 1013 5620 tum,
1047 5556 1156 5608 etc.

595 5616 708 5695 (βὲ)
744 5616 941 5695 ξσιξζοιε
967 5616 1121 5695 quia.
1154 5622 1341 5678 Forte.
1373 5618 1519 5676 :Scit
1549 5617 1648 5673 hoc
1676 5620 1791 5690 qui.
1818 5620 1912 5677 Sic
1941 5620 2178 5693 quidem
2293 5616 2463 5695 modo
2505 5632 2538 5695 .z

2293 5686 2433 5770 μᾴνα
2462 5684 2846 5770 ορζχηέαυτοξςι
2874 5689 3166 5770 πορίζοντα
3210 5692 3441 5770 τροφήν.
3476 5692 3631 5770 ΜΕΝ.
3668 5722 3742 5770 -τ
3774 5691 3929 5770 ξευΙΟ

2288 5758 2456 5839 aliter
2492 5758 2729 5839 Pellae-ﬂ:
2765 5760 2892 5839 Ἐὰν¹
2934 5758 3193 5839 συλῷσιν·
3246 5758 3421 5839 haec;
3466 5766 3638 5820 ταῦτα
3685 5761 3757 5826 τὰ
3783 5758 3926 5839 ὄρνισι

2290 5829 2425 5906 μόνα
2456 5828 2524 5886 οὗ
2552 5829 2848 5909 πορίζοντα
2877 5831 3091 5901 ἑαυτοῖς
3116 5836 3218 5911 τὴν
3247 5835 3479 5921 τροφήν.

530 5688 719 5747 edidit
748 5691 959 5749 Fellus.

523 5761 808 5895 "Pius.
846 5764 1200 5825 conscientia.
1260 5759 1423 5834 Legit
1452 5760 1764 5833 interpres,
1818 5759 1871 5816 ἓν
1928 5758 2177 5834 συνειδή-

2368 5475 2482 5550 (97)
2537 5474 2721 5550 Quem
2752 5475 3112 5545 dispolient...
3176 5494 3287 5533 non
3357 5479 3701 5550 acquirentes
3753 5492 3932 5550 escam.

2292 5545 2423 5632 Haec
2452 5544 2764 5632 desupﬁt'in
2814 5544 2969 5603 textu
3002 5550 3393 5632 ‘(jraacon'sed
3431 5544 3813 5632 restituenda
3843 5549 3933 5632 hoc

2601 5613 2723 5668 Ἐάν
2767 5636 2887 5671 τινα
2933 5616 3161 5673 συλῶσι·
3216 5613 3359 5674 οὕτω
3400 5623 3568 5674 ταῦτα
3613 5618 3684 5672 τὰ
3735 5616 3932 5673 πετεινὰ
