4036 6344
127 379 267 438 ’157

1427 380 1812 443 EPISTULA
1855 380 2301 444 CATHOLICA

3447 383 3565 445 758

128 508 275 585 περῖ
318 514 419 565 τοῦ
467 508 654 573 ὕδατος
701 509 790 566 καὶ
839 514 936 566 τοῦ
981 514 1231 587 σταυροῦ.
1282 511 1411 587 Περὶ
1467 512 1562 585 μὶν
1610 509 1790 567 ὕδατος

1920 530 2059 571 nere
2086 515 2159 570 de
2189 530 2341 586 aqua
2370 518 2428 570 et
2457 515 2527 570 de
2545 529 2736 571 cruce.
2769 517 2837 569 Bt
2870 513 3105 587 quidem
3138 514 3211 570 de
3241 529 3395 585 aqua
3420 514 3560 569 scri-

126 600 455 676 γέγραπται
507 600 592 655 ἐπὶ
636 601 728 655 τὸν
784 600 1027 677 Ἰσραὴλ,
1076 605 1193 663 πῶς
1244 603 1306 656 τὸ
1366 602 1682 676 βάπτισμα,
1737 602 1800 656 τὸ

132 689 319 767 φέρον
354 688 431 750 εἰς
468 690 646 767 ἄφεσιν
678 692 786 763 (20)
826 691 1104 764 ἁμαρτιῶν
1127 737 1142 763 ,
1176 689 1238 744 οὗ
1290 692 1364 763 μή
1415 688 1798 764 προδέξωνται,

129 777 276 832 ἀλλ’
308 778 519 839 ἑαυτοῖς
552 776 979 851 οἰκοδομήσοδσι
1028 781 1163 852 (21).
1194 778 1345 855 Λέγει
1396 777 1487 833 οὖν
1521 781 1548 834 6
1584 781 1797 855 προφή-

128 886 278 936 της·
348 873 608 937 ’Έκστηθι
644 914 657 939 ,
713 868 905 943 οὐρανέ
940 912 952 935 ,
1002 867 1091 923 καὶ
1168 868 1254 923 ἐπὶ
1327 869 1505 941 τούτῳ
1564 868 1797 946 φριξάτω

130 958 171 1024 ἡ
215 958 318 1028 γῆ,
369 955 451 1010 δτι
504 953 600 1011 δύο
646 956 858 1031 μεγάλα
902 956 991 1011 καὶ
1043 956 1257 1029 πονηρά
1304 956 1556 1027 ἐποίησεν
1611 959 1638 1011 6
1670 955 1800 1018 λαὸς

132 1042 334 1105 οὗτος·
397 1044 494 1117 ἐμὲ
549 1044 904 1121 ἐγκατέλιπον
939 1090 953 1114 ,
1013 1047 1196 1121 πηγὴν
1258 1050 1471 1115 ζῶσαν,
1530 1044 1619 1100 καί
1678 1047 1797 1100 ἑαυ-

128 1140 264 1195 τοῖς
327 1129 531 1209 ὤρυξαν
600 1133 832 1195 λάκκους
890 1132 1372 1210 συντετριμμένους
1411 1178 1422 1190 .
1485 1135 1573 1202 Μὴ
1632 1134 1800 1208 πέτρα

132 1220 360 1295 ἔρημός
392 1223 502 1277 ἐστι
526 1223 587 1278 τὸ
619 1218 742 1299 ὅρος
771 1223 833 1277 τὸ
865 1224 1015 1299 ἅγιόν
1065 1245 1168 1296 μου
1218 1224 1361 1277 Σιών
1401 1227 1551 1294 (22ι;
1584 1225 1800 1279 ’Έσεσθε

129 1313 245 1386 γὰρ
306 1311 382 1373 ὡς
439 1317 685 1366 πετεινοῦ
738 1313 999 1384 νεοσσοὶ,
1062 1311 1415 1385 ἀνιπτάμενοι
1477 1314 1589 1385 (23)
1646 1333 1797 1367 νεοσ-

134 1408 265 1461 σιᾶς
318 1400 694 1477 ἀφῃρημένης.
750 1401 846 1455 Καὶ
892 1402 1056 1457 πάλιν
1092 1400 1296 1477 λέγειὸ
1340 1404 1629 1480 προφήτης
1663 1405 1794 1475 (24)·

131 1490 287 1565 Ἐγὼ
338 1489 672 1565 πορεύσομαι
724 1488 1019 1566 ἔμπροσθέν
1074 1512 1191 1560 σου,
1249 1490 1337 1545 καὶ
1396 1485 1496 1565 ὄρη
1554 1490 1796 1564 ὁμαλιῶ,

131 1579 229 1633 καὶ
293 1578 457 1654 Οὖρας
509 1578 720 1654 χαλκᾶς
778 1580 1049 1655 συντρίψω
1084 1624 1098 1648 ,
1156 1579 1245 1634 καὶ
1309 1578 1559 1655 μοχλοὺς
1614 1578 1734 1650 σιδη
1773 1613 1795 1622 -

135 1672 271 1741 poi};
331 1666 657 1734 συνθλάσω,
722 1668 810 1723 καὶ
872 1666 1030 1722 δώσω
1088 1689 1172 1722 σοι
1238 1668 1538 1744 Θησαυροὺς
1593 1689 1796 1723 σκοτει-

133 1756 290 1827 νοῦς,
351 1756 722 1834 ἀποκρύφους,
776 1758 1058 1832 ἀοράτους,
1105 1756 1194 1812 ’ίνα
1246 1762 1440 1833 γνῶσιν
1499 1760 1659 1831 (25),
1710 1757 1792 1813 ὅτι

1914 608 2079 675 ptum
2113 607 2202 659 est
2230 604 2288 658 in
2325 603 2637 669 Israelitas,
2663 620 2777 676 quo
2835 605 3009 659 modo
3041 602 3424 675 baptismum,
3459 604 3560 675 qui

1912 692 2079 747 aﬂ‘ert
2109 696 2477 763 peccatorum
2509 693 3069 757 remissionem,non
3101 696 3241 748 sunt
3269 692 3558 764 recepturi

1912 782 2011 837 sed
2038 779 2220 835 alium
2252 781 2365 835 sibi
2426 782 2703 852 paraturi.
2763 780 2916 836 Dicit
2970 780 3168 852 itaque
3223 781 3553 852 propheta:

1912 869 2204 940 Obstupeas
2235 870 2447 935 aulum,
2500 872 2549 924 et
2578 886 2741 941 super
2796 871 2893 925 hoc
2922 869 3203 925 inhorreat
3235 878 3401 939 terra,
3431 872 3554 943 quis

1909 960 2014 1014 duo
2038 977 2235 1031 magna
2265 966 2315 1015 et
2341 960 2490 1014 mala
2534 961 2664 1031 fecit
2692 961 2922 1031 populus
2970 961 3058 1015 hic
3072 978 3091 1014 :
3122 976 3211 1015 me
3249 960 3553 1033 derelique-

1909 1053 2060 1114 runt,
2091 1053 2293 1120 fontem
2325 1051 2526 1115 vivum,
2584 1057 2637 1103 et
2680 1049 2933 1118 [oderunt
2974 1051 3086 1105 sibi
3112 1051 3379 1104 cisternas
3425 1066 3551 1106 con-

1908 1140 2068 1193 tritas
2098 1140 2162 1193 ⁵ο.
2220 1138 2479 1209 Nunquid
2532 1147 2696 1208 petra
2750 1139 2954 1193 sterilis
2992 1139 3299 1209 (aquarum
3326 1140 3553 1210 expers)

1907 1231 1987 1282 est
2019 1243 2175 1282 mons
2228 1229 2448 1281 sanctus
2485 1242 2640 1281 meus
2687 1226 2815 1282 Sion
2839 1230 2863 1279 .9
2882 1228 3051 1282 Erilis
3087 1229 3233 1283 enim
3264 1230 3409 1283 velut
3438 1230 3555 1283 avis

1903 1316 2056 1387 pulli
2084 1318 2396 1381 avolantes,
2456 1315 2587 1371 nido
2610 1316 2793 1371 ablato
2833 1317 2897 1370 ⁸ο.
2953 1319 3020 1371 Et
3047 1332 3252 1372 rursus
3308 1317 3392 1373 ait
3420 1334 3552 1388 pro-

1908 1404 2083 1476 pheta
2114 1420 2127 1460 :
2161 1407 2281 1473 Ego
2314 1405 2401 1460 ibo
2451 1412 2576 1459 ante
2622 1413 2690 1471 te,
2724 1410 2777 1460 et
2833 1409 3041 1460 montes
3096 1405 3471 1477 complanabo,
3503 1414 3556 1460 et

1900 1497 2090 1564 portas
2117 1508 2272 1550 aerea
2362 1498 2711 1562 :onteram,et
2739 1500 2904 1548 vectes
2930 1496 3135 1564 ferreos
3161 1494 3513 1567 confringam
3533 1511 3553 1555 ,θ

1903 1586 1957 1636 et
1984 1582 2119 1637 dabo
2150 1582 2252 1636 tibi
2280 1582 2563 1636 thesauros
2602 1584 2855 1647 occultos,
2887 1580 3245 1649 absconditos,
3299 1582 3551 1637 invisibi-

1905 1670 2002 1737 les,
2034 1673 2091 1725 ut
2111 1672 2314 1739 sciant,
2345 1672 2479 1741 quia
2508 1684 2605 1738 ego
2649 1671 2913 1726 Dominus
2969 1671 3109 1724 Deus
3137 1670 3205 1723 ⁸1.
3252 1673 3319 1723 Et
3349 1669 3551 1725 :Habi-

1904 1760 2039 1815 tabit
2066 1762 2126 1814 in
2155 1760 2368 1815 excelsa
2397 1760 2658 1830 spelunca
2686 1763 2864 1830 petra:
2888 1760 3204 1830 [artissima
3233 1759 3301 1814 ⁶².
3334 1758 3550 1815 Deinde

136 1847 343 1919 Κύριος
403 1847 430 1901 ὁ
489 1846 638 1908 Θεός.
700 1848 815 1901 Καίο
878 1848 1199 1916 Κατοικήσει
1259 1846 1309 1899 ἐν
1370 1846 1567 1920 ὑψηλῷ
1626 1868 1733 1916 σπη
1768 1879 1790 1890 -

1907 1849 2041 1920 quid
2075 1848 2157 1904 ait
2181 1849 2251 1904 de
2290 1846 2480 1904 Filio?
2535 1848 2688 1919 Aqua
2738 1848 2895 1904 illius
2942 1847 3119 1917 ﬁdelis
3175 1847 3495 1919 [perennis]
3530 1864 3543 1903 :

136 1934 290 2008 λαίῳ
321 1937 517 2010 πέτρας
551 1935 777 2012 ἰσχυρᾶς
827 1938 962 2009 (26).
1013 1936 1141 1990 Εἶτα
1168 1934 1220 1989 τί
1271 1934 1419 2009 λέγει
1448 1936 1499 1989 ἐν
1531 1934 1609 2008 τῷ
1639 1937 1747 2008 Υἱῷ
1773 1956 1786 2005 ;

130 2026 207 2079 Τὸ
270 2022 417 2099 ὕδωρ
474 2024 639 2079 αὐτοῦ
695 2025 901 2079 πιστόν·
966 2023 1192 2101 βασιλέα
1251 2024 1385 2097 μετὰ
1440 2021 1601 2095 δόξης
1660 2020 1787 2097 ὅψε-

134 2115 255 2183 σθε,
316 2114 405 2167 καὶ
464 2116 498 2183 ἡ
558 2115 711 2188 ψυχή
774 2114 925 2185 ὑμῶν
999 2112 1285 2186 μελετήσει
1352 2109 1518 2187 φόϐον
1592 2114 1788 2190 Κυρίου

129 2205 277 2276 (27).
321 2202 418 2256 Καὶ
475 2200 640 2257 πάλιν
702 2202 752 2257 ἐν
808 2201 968 2275 ἄλλῳ
1025 2204 1280 2280 προφήτῃ
1327 2201 1495 2277 λέγει·
1548 2204 1729 2258 Ἔσται
1761 2205 1789 2258 6

127 2295 306 2346 ταῦτα
360 2296 551 2361 ποιῶν,
612 2292 686 2353 ὡς
745 2292 807 2347 τὸ
850 2290 1008 2364 ξύλον
1068 2292 1129 2346 τὸ
1187 2292 1586 2367 πεφυτευμένον
1643 2295 1790 2369 παρὰ

124 2382 229 2442 τὰς
295 2377 565 2450 διεξόδους
640 2384 747 2435 τῶν
806 2378 1012 2435 ὑδάτων
1049 2426 1065 2451 ,
1123 2381 1152 2435 ὃ
1209 2382 1300 2435 τὸν
1362 2382 1566 2457 καρπὸν
1626 2381 1789 2437 αὐτοῦ

126 2466 297 2523 δώσει
331 2469 382 2523 ἐν
414 2474 588 2545 καιρῷ
638 2469 819 2525 αὐτοῦ·
874 2470 963 2524 καὶ
1010 2469 1073 2524 τὸ
1122 2467 1332 2546 φύλλον
1389 2469 1553 2525 αὐτοῦ
1600 2470 1699 2525 οὐκ
1729 2472 1788 2525 ἀ-

126 2556 529 2633 πορῥυήσεται,
586 2558 674 2613 καὶ
734 2559 943 2626 πάντα,
1002 2557 1100 2612 ὅσα
1156 2556 1216 2612 ἂν
1272 2561 1457 2633 ποιῇ,
1515 2556 1787 2614 κατευδω-

131 2647 359 2715 θήσεται
417 2649 550 2721 (28).
607 2646 725 2722 Οὐχ
782 2646 961 2709 οὕτως
1019 2646 1069 2701 οἱ
1128 2641 1373 2717 ἀσεϐεῖς,
1430 2646 1537 2723 οὐχ
1594 2646 1787 2718 οὕτως,

130 2733 264 2789 ἀλλ’
322 2734 451 2789 ὡσεὶ
509 2734 676 2812 χνόῦς
725 2738 887 2809 (29),
944 2735 1002 2790 ’ὀν
1056 2734 1294 2812 ἐκρίπτει
1353 2736 1381 2790 ὁ
1437 2737 1634 2809 ἄνεμος
1685 2737 1789 2793 ἀπὸ

1897 1954 2081 2006 regem
2109 1955 2236 1993 cum
2260 1939 2443 2009 gloria
2462 1937 2738 2004 videbitis,
2773 1941 2825 1992 et
2871 1938 3068 1993 anima
3096 1944 3275 1992 vestra
3309 1937 3546 1993 medita-

1901 2026 2048 2081 bitur
2076 2027 2325 2082 timorem
2346 2027 2567 2081 Domini
2584 2026 2648 2078 ⁵³.
2685 2029 2750 2080 Et
2788 2024 3001 2080 iterum
3028 2025 3088 2080 in
3120 2024 3232 2080 alio
3263 2025 3548 2097 propheta

1900 2115 2077 2171 dicit:
2102 2118 2242 2183 Erit,
2274 2117 2371 2187 qui
2410 2115 2528 2172 haec
2579 2116 2793 2184 fecerit,
2850 2117 3112 2186 tanquam
3141 2115 3375 2186 lignum,
3406 2115 3549 2187 quod
3582 2134 3587 2139 τ

1892 2205 2208 2275 plantatum
2261 2213 2341 2260 est
2393 2220 2539 2260 secus
2568 2203 2828 2259 decursus
2887 2220 3178 2276 aquarum,
3236 2205 3381 2276 quod
3414 2206 3544 2274 Iru-

1899 2297 2045 2348 ctum
2072 2310 2235 2348 suum
2264 2292 2414 2348 dabit
2444 2294 2504 2347 in
2538 2296 2780 2363 tempore
2808 2307 2904 2347 suo
2931 2309 2945 2360 ;
2971 2297 3023 2347 et
3070 2291 3278 2363 folium
3295 2294 3413 2364 ejus
3436 2308 3548 2349 non

1897 2380 2100 2451 deﬂuet
2126 2385 2177 2437 et
2205 2382 2413 2449 omnia,
2462 2395 2817 2453 quacumque
2844 2381 3031 2451 faciet,
3049 2383 3545 2452 prosperabuntur.

1899 2470 2018 2526 Non
2045 2472 2123 2526 sic
2178 2472 2359 2542 impii,
2416 2485 2529 2526 non
2555 2470 2635 2525 sic
2662 2486 2683 2531 ,°
2713 2468 2806 2525 sed
2860 2472 3121 2540 tanquam
3174 2471 3353 2542 palea,
3385 2488 3551 2543 quam

1896 2568 2086 2615 ventus
2111 2559 2354 2630 dispellit
2383 2575 2418 2613 a
2441 2560 2582 2629 facie
2613 2566 2797 2615 terrae.
2854 2556 2985 2614 Ideo
3038 2574 3155 2613 non
3184 2559 3410 2615 stabunt
3438 2562 3546 2615 im-

1896 2652 1981 2718 pii
2009 2652 2070 2705 in
2097 2648 2320 2719 judicio,
2351 2664 2526 2719 neque
2550 2651 2862 2719 peccatores
2892 2648 2952 2702 in
2988 2648 3219 2703 concilio
3241 2649 3546 2719 justorum.

1898 2754 2161 2813 quoniam
2187 2740 2339 2794 novit
2366 2738 2631 2794 Dominus
2677 2737 2826 2792 viam
2846 2736 3127 2809 justorum
3154 2740 3208 2792 et
3235 2738 3339 2793 iter
3358 2737 3550 2810 impio-

1533 2853 1702 2915 Vetus
1733 2855 2163 2937 interpretatio.

137 2959 791 3043 popu‘lum-Ju'dzeo‘rum
824 2960 1284 3043 (30),quo‘modo
1313 2959 1668 3043 tinctionem
1689 2959 2431 3043 quaehali‘ertremissionem
2464 2957 3412 3043 peccatorum,nonﬁre_cip_iant,sed
3426 2960 3540 3043 sibi

142 3030 479 3105 instituant.
514 3032 663 3105 Dicit
690 3048 826 3102 ergo
861 3031 1177 3105 propheta:
1208 3030 1298 3086 Sic
1324 3032 1541 3087 horruit
1568 3030 1764 3088 caelum
1786 3034 1976 3105 (31),et
2005 3034 2190 3105 inrhoc
2218 3033 2754 3105 plurimumexpavit
2782 3032 3105 3105 terra.Quia
3126 3030 3255 3085 duo.
3291 3072 3306 3086 .
3340 3073 3352 3086 .
3385 3033 3540 3086 mala

141 3105 280 3177 fecit
304 3104 541 3177 papulas
573 3104 671 3177 hic,
692 3120 710 3156 :
744 3120 830 3156 me
860 3104 1269 3177 dereliquerunt
1296 3105 1506 3173 fontem
1534 3120 1691 3175 aquze
1740 3102 1888 3171 vita,
1910 3111 1960 3160 et
1992 3102 2255 3177 foderunt
2282 3104 2394 3177 sibi
2423 3104 2575 3177 lacus
2594 3102 2941 3177 delritos,qui
2957 3118 3065 3157 non
3086 3107 3311 3177 possunt
3336 3119 3539 3177 aquam

139 3174 672 3255 portare.lﬂunqnuid_
700 3182 855 3244 petra
878 3190 1106 3255 renuosa
1138 3175 1250 3255 (32)
1280 3183 1377 3242 est,
1409 3191 1564 3255 mons
1589 3184 1809 3255 sanctus
1846 3192 2001 3255 meus
2046 3178 2183 3255 Sina
2214 3175 2324 3245 (33)
2355 3178 2379 3227 .9
2423 3175 2601 3255 Erilis
2648 3174 2797 3255 enim
2844 3182 3113 3255 tanquam
3160 3174 3291 3255 aliis
3318 3175 3539 3255 pusillis

138 3244 345 3300 ablatis
372 3247 507 3315 (34).
540 3244 607 3298 Et
637 3246 846 3299 iterum
881 3246 1021 3299 dicit
1044 3244 1272 3299 Isaias:
1308 3287 1320 3299 .
1358 3287 1370 3299 .
1406 3248 1511 3314 Ego
1567 3247 1892 3302 antecedam
1934 3252 2007 3312 te,
2047 3251 2099 3303 et
2144 3244 2351 3300 mentes
2401 3246 2649 3315 ¢mquabo,
2683 3249 2734 3299 et
2776 3245 2922 3299 ostia
2967 3258 3113 3300 aerea
3141 3244 3534 3312 contribulabo,

134 3323 188 3373 et
209 3333 360 3372 seras
404 3324 610 3385 ferreas
655 3318 1006 3386 confringam
1029 3332 1049 3377 ;
1075 3324 1125 3372 et
1144 3316 1278 3371 dabo
1308 3317 1409 3371 tibi
1439 3319 1716 3373 thesauros
1745 3320 1993 3374 obscuros
2026 3360 2038 3372 .
2079 3361 2089 3371 .

138 3391 303 3456 Deus,
335 3389 655 3443 inhabitans
700 3390 761 3441 in
810 3388 1079 3459 altissima
1122 3390 1379 3459 spelunca
1424 3391 1583 3459 fortis
1611 3394 1787 3455 petrw
1819 3432 1833 3445 .

134 3460 392 3517 videbitis
408 3476 429 3521 ;
461 3467 513 3513 et
542 3460 735 3513 anima
758 3463 934 3514 vestra
965 3458 1322 3514 meditabitur
1350 3462 1621 3516 timorem.

1883 3430 1896 3444 .
1933 3431 1947 3444 .
1989 3431 2001 3443 .
2042 3432 2052 3443 .
2088 3388 2503 3471 [Eloqua‘illius
2528 3385 2721 3471 fidelis.

1662 3504 1673 3517 .
1725 3464 1792 3515 Et
1838 3459 2050 3516 iterum
2108 3459 2285 3515 David
2319 3459 2495 3513 dicit:
2528 3459 2665 3529 Erit,

2128 3358 2140 3371 .
2190 3318 2413 3381 invisos,
2464 3320 2525 3370 ut
2570 3317 2769 3384 sciant,
2801 3317 2931 3384 quia
2971 3331 3067 3384 ego
3108 3330 3231 3369 sum
3277 3317 3538 3370 Dominus

2828 3402 2979 3457 egem
3006 3402 3133 3441 cum
3159 3386 3540 3456 magnitudine

2725 3457 2824 3528 qui
2872 3459 2993 3529 haec
3036 3457 3225 3512 facere
3278 3457 3540 3529 coeperit,

134 3541 399 3603 tanquam
431 3532 641 3601 lignum
669 3530 810 3601 quod
852 3532 1165 3602 plantatum
1217 3534 1299 3587 est
1346 3532 1514 3602 juxta
1567 3536 1777 3587 tractus
1823 3548 2114 3604 aquarum,
2172 3530 2313 3603 quod
2364 3532 2605 3602 fractum
2660 3544 2823 3584 suum
2852 3528 3004 3584 dabit
3032 3530 3271 3601 tempore
3316 3528 3457 3586 suo:
3490 3532 3544 3584 et

204 3638 249 3673 ¹⁹
274 3636 392 3693 Jer.
425 3636 487 3706 1i,
522 3636 609 3707 12,
646 3636 733 3691 13.
754 3636 800 3671 ⁶⁰
830 3634 963 3691 Isai.
995 3641 1107 3704 xvi,
1138 3636 1193 3691 3.
1224 3636 1268 3672 ⁶¹
1303 3637 1436 3694 Isai.
1472 3654 1598 3703 XLV,
1630 3641 1684 3709 2,
1716 3639 1768 3692 3.

1907 3637 2013 3693 sai.
2050 3652 2246 3703 χχχιιι,
2282 3636 2368 3690 16.
2400 3635 2446 3671 ⁸³
2476 3633 2622 3690 Ibid.
2660 3634 2860 3691 16-18.

1484 3753 1868 3811 VARIORUM
1915 3753 2147 3809 NOTZE.

209 3843 320 3916 (20)
352 3838 613 3916 giacpépov
648 3836 851 3916 ἄφεσιν,
886 3843 1032 3895 ΜΕΝ.

212 3914 326 3985 (24)
356 3912 482 3967 Non
517 3912 823 3985 necessum
883 3928 1011 3985 esse
1043 3916 1202 3983 puto,
1238 3916 1300 3967 ut
1328 3929 1461 3967 cum
1492 3913 1790 3985 Vossioqet

138 3979 261 4040 (ἰοὶ.
308 3979 680 4056 reponamus
738 3979 1200 4056 οἷ’κονομήσουσις
1261 4001 1397 4039 nam
1446 3988 1523 4054 τῷ
1570 3979 1788 4037 οἰκοδο-

144 4060 263 4129 μεῖν
313 4055 661 4129 instituendi
703 4056 945 4129 faciendi
991 4055 1076 4110 vis
1119 4056 1568 4129 inesse__potest,
1604 4057 1792 4110 'ducta

141 4125 215 4184 ab
246 4126 507 4181 tediﬁciis
542 4128 897 4197 metaphora.
924 4132 1049 4181 Dn.
1074 4158 1143 4166 —
1166 4125 1440 4197 Intelligit
1470 4129 1639 4181 Barn.
1666 4143 1788 4182 cre-

141 4202 246 4256 bra
277 4203 331 4252 et
362 4197 743 4269 supertitiosa
784 4198 1121 4253 Judaaorum
1152 4198 1531 4269 baptismata.
1566 4199 1716 4269 ΜΕΝ.

215 4271 324 4335 (22)
360 4271 437 4324 Ita
472 4268 510 4323 1.
544 4286 676 4323 cum
711 4269 868 4337 LXX,
901 4273 1043 4338 Cot.,
1070 4268 1208 4325 Fell.
1244 4271 1330 4324 Ms
1360 4274 1511 4337 Σινᾶ,
1546 4268 1716 4325 male.

212 4342 324 4412 (23)
349 4340 436 4396 Al.
470 4338 831 4411 ἀνιστάμενοι,
886 4343 1194 4409 instabiles,
1253 4341 1486 4411 depulsi.
1512 4341 1787 4412 Sensus:

143 4430 234 4469 me
264 4412 654 4483 relinquentes
686 4411 871 4478 eritis,
904 4412 1051 4466 sicut
1083 4412 1227 4483 pulli
1262 4412 1397 4467 nido
1430 4411 1645 4467 ablato.

216 4485 325 4555 (24)
359 4482 615 4539 Sensus:
652 4483 755 4537 Per
786 4482 1127 4555 prophetam
1160 4483 1426 4538 Christus
1458 4485 1528 4538 de
1549 4499 1611 4539 se
1643 4500 1790 4537 nun-

145 4554 250 4610 tiat
272 4573 285 4609 :
310 4554 427 4623 Ego
446 4555 567 4627 [ons
592 4555 743 4609 vivus
774 4554 1154 4627 (utsupra)...
1195 4555 1363 4611 beabo
1390 4571 1503 4611 vos.

219 4627 329 4698 (25)
363 4624 548 4698 Γνώσῃ
576 4628 748 4698 scias,
773 4625 931 4680 LXX.

221 4696 331 4769 (26)
346 4696 567 4769 Sensus
593 4697 890 4769 :Christus
908 4699 995 4751 est
1026 4713 1182 4768 aqua
1204 4696 1497 4769 perennis,
1528 4696 1587 4751 in
1621 4713 1790 4752 cacu-

152 4767 307 4823 mine
341 4768 559 4823 montis
584 4770 800 4823 fontem
834 4767 1074 4823 habens.

222 4842 333 4909 (27)
358 4840 612 4911 Sensus:
650 4842 707 4894 In
769 4839 1337 4911 perpetuumgratia
1366 4839 1580 4894 Christi
1629 4839 1794 4894 vobis

152 4911 373 4977 afﬂuit;
399 4910 709 4980 aliquando
740 4910 1174 4966 vero’videbitis
1199 4927 1334 4966 eum
1382 4911 1441 4966 in
1466 4912 1790 4981 majestate,

150 4988 209 5039 et
238 4981 602 5052 replebimini
639 4981 975 5037 reverentia.

222 5052 524 5125 ('28)Hisce
572 5053 759 5108 verbis
792 5053 1107 5125 Barnabas,
1139 5052 1298 5125 larga
1355 5052 1506 5108 bona
1554 5052 1791 5123 indicat,

149 5123 705 5198 quieiegbaptismo
728 5128 987 5198 etcruce
1020 5123 1189 5179 nobis
1211 5123 1473 5198 afﬂuant.

219 5197 332 5262 (29)
364 5194 558 5265 Χνοῦς,
592 5195 745 5267 quod
776 5195 983 5251 Noster
1039 5212 1170 5250 cum
1218 5196 1363 5250 LXX
1410 5194 1552 5267 legit
1584 5212 1597 5262 ;
1634 5195 1792 5267 17(la-

150 5284 319 5335 nugo,
348 5268 405 5335 2)
439 5266 624 5322 tenuis
669 5268 847 5338 palea,
898 5268 1111 5338 gluma.
1181 5266 1489 5323 Schleusn.
1521 5266 1579 5320 L.
1628 5266 1791 5337 Χοῦς,

152 5346 303 5394 terra
334 5342 543 5404 errata,
574 5340 773 5410 pulvis.
807 5338 973 5393 Voss.

223 5411 333 5483 (30)
363 5406 707 5483 Iudaeorum.
742 5409 1082 5483 Observabit
1109 5407 1327 5483 lector,
1340 5425 1541 5483 vocem
1574 5406 1793 5483 Ἰσραήλ

155 5481 369 5551 ubique
398 5482 470 5535 ab
501 5483 815 5551 interprete
845 5481 1007 5536 reddi
1037 5481 1274 5537 Judaeus.
1316 5482 1473 5534 FELL.

229 5548 340 5622 (3i)
372 5555 594 5608 Horruit
617 5548 843 5622 calum,
902 5552 1245 5622 etchuxta
1302 5552 1471 5622 LXX:
1534 5548 1794 5622 Εξέστηὸ

158 5618 382 5699 οὐρανὸς
412 5622 506 5699 ἐπζ
530 5621 731 5699 τοέτῳ,
781 5618 869 5699 καὶ
910 5618 1113 5699 ἔφριξεν
1173 5620 1274 5699 ἐπὶ-
1306 5619 1505 5699 πλεῖον.
1521 5618 1748 5699 σφόδρα.
1783 5621 1795 5643 ’

158 5693 268 5753 Se'd
300 5698 459 5753 deest
482 5696 519 5765 ἡ
551 5695 625 5769 γῆ
658 5711 669 5750 :
705 5696 856 5768 quod
897 5693 1094 5752 tamen
1118 5693 1466 5750 vocabulum
1486 5693 1797 5750 Ma'ldona-

1894 3846 1991 3897 tus
2013 3842 2169 3896 hunc
2209 3839 2425 3911 locum,
2462 3854 2778 3910 exponens.
2827 3839 2886 3894 in
2940 3838 3296 3911 quibusdam
3344 3853 3538 3895 exem-

1896 3914 2160 3987 plaribus
2192 3910 2721 3987 reperiri_testat_ur.
2748 3911 2898 3987 Men.

1969 3985 2081 4056 (32)
2104 3980 2365 4056 Renuosa.
2428 3981 2598 4056 Puto!
2628 3982 2939 4056 legendum
2994 3982 3241 4035 ruinosa.
3286 3980 3436 4035 ΜΕΝ.
3469 4011 3539 4056 έ-

1898 4052 2236 4111 Oxoniensis
2276 4054 2462 4109 editor
2508 4052 2697 4109 habet
2732 4053 2791 4107 in
2851 4056 3119 4108 contextu
3166 4067 3405 4107 eremosa
3433 4067 3455 4113 ;
3480 4052 3536 4105 in

1901 4128 2053 4182 notis
2100 4143 2232 4180 vero
2292 4124 2602 4193 conjicitur
2653 4139 2881 4179 arenosa
2911 4139 3098 4187 :nam,
3147 4122 3357 4193 inquit,
3419 4122 3544 4177 loca

1900 4215 2144 4275 arenosa
2164 4198 2223 4251 in
2251 4197 2457 4275 primis
2487 4197 2718 4275 deserta
2770 4195 2865 4275 vel
2890 4196 3175 4275 renudosa.
3212 4195 3543 4275 Stephanus

1901 4271 1951 4325 lc
1979 4270 2152 4325 Moine
2177 4266 2523 4337 conjiciebat
2577 4268 2803 4331 rimosa,
2852 4266 2959 4321 hoc
2990 4269 3100 4337 est,
3133 4282 3247 4337 prae
3280 4266 3545 4322 siccitate

1900 4340 2241 4396 hians.Vide
2274 4355 2400 4409 quae
2432 4338 2669 4408 scripsit
2699 4354 2755 4408 p.
2786 4336 2912 4407 848,
2936 4337 2995 4391 in
3030 4336 3379 4393 Barnabam.
3412 4342 3543 4392 Cre-

1900 4413 2145 4468 diderim
2172 4408 2453 4481 scriptum
2486 4409 2669 4464 fuisse
2698 4408 3101 4481 eremi,iidque
3131 4410 3547 4481 aidormitante

1901 4483 2140 4538 librario
2172 4479 2511 4552 corruptum
2548 4501 2568 4552 ς,
2595 4479 2859 4550 qualium
2888 4479 3369 4551 depravationum
3384 4479 3546 4535 nulla

1903 4560 2059 4611 certa
2089 4553 2231 4609 ratio
2262 4551 2574 4623 exeogitari
2606 4555 2819 4624 potest.
2843 4555 3010 4624 Casa.

1972 4627 2086 4694 (33)
2133 4626 2289 4681 Sina.
2321 4623 2780 4694 Oportuit’Sion
2836 4623 3047 4678 dicere.
3108 4623 3244 4677 Sina
3292 4636 3429 4694 ergo
3460 4628 3547 4677 est

1901 4702 2182 4764 erratum,
2215 4698 2314 4750 aut
2344 4693 2637 4749 memoria;
2662 4693 2721 4749 in
2756 4694 3038 4761 Barnaba,
3071 4697 3171 4749 aut
3216 4693 3456 4747 incuria;
3486 4694 3545 4746 in

1902 4768 2177 4824 librariis.
2212 4767 2319 4819 Vix
2347 4766 2501 4821 enim
2536 4766 2902 4832 crediderim,
2949 4765 3020 4819 ab
3041 4780 3107 4818 eo
3159 4772 3384 4818 montes
3405 4764 3545 4818 Sina

1902 4840 2109 4918 etSion
2134 4853 2381 4918 pro‘uno
2439 4836 2762 4918 eodemque
2804 4835 3297 4918 fuiss‘e‘hlabitos.
3331 4834 3412 4889 De

1903 4906 2212 4968 stinctiohe
2241 4908 2450 4963 horum
2503 4906 2790 4963 montium
2844 4910 3033 4964 exstat
3073 4910 3354 4962 tractatus
3402 4906 3545 4961 anti-

1905 4999 2057 5053 quus
2087 4982 2237 5036 inter
2266 4996 2441 5053 opera
2460 4980 2741 5053 Cypriane
2772 4979 3095 5053 supposita.
3129 4982 3350 5053 Cor._—
3380 4977 3544 5053 Utro:

1905 4999 2057 5053 quus
2087 4997 2237 5036 inter
2266 4997 2441 5050 opera
2460 4997 2741 5052 uypriano
2772 4997 2839 5036 su
2927 4997 3095 5035 οειιιι.
3129 4997 3258 5033 υοτ.
3282 5008 3350 5018 -
3385 4997 3544 5032 Utro-

1904 5054 2079 5125 bique
2108 5050 2463 5125 Sion_Fellus
2490 5050 2766 5125 restituit.
2790 4997 3122 5125 misitque:
3159 5070 3186 5100 «
3216 5048 3352 5125 Sion
3371 5048 3549 5125 scribi

1904 5119 2141 5180 omnino
2172 5122 2390 5179 debuit.
2424 5122 2532 5177 Sed
2593 5121 2776 5177 altera
2823 5119 3004 5176 lectio‘
3034 5119 3366 5191 interpretis
3408 5123 3550 5174 tem-

1904 5194 2359 5269 poreobtinuit:
2419 5192 2655 5249 interim
2694 5193 3048 5248 inveteratus
3087 5208 3246 5247 error
3291 5195 3551 5262 tempore

1905 5264 2017 5323 non
2044 5264 2366 5321 invalescit.
2403 5286 2431 5313 »

1975 5339 2087 5410 (24)
2126 5338 2264 5393 Aliis
2297 5336 2551 5410 pusillis
2583 5333 2814 5389 ablatis.
2844 5334 3010 5410 Apud
3066 5332 3200 5410 LXX
3230 5349 3241 5388 :
3274 5337 3406 5410 Ἔσῃ
3451 5331 3550 5406 γὰρ

1905 5402 1990 5469 ὡς’
2010 5402 2256 5481 πετεινοῦ
2284 5402 2655 5481 ᾇνεπταμὲνου
2694 5402 2911 5481 νεοσσᾷξ
2938 5402 3303 5481 ἀφῃρημένος.
3338 5402 3417 5459 Ex
3439 5402 3552 5481 (iub

1906 5480 2071 5535 facile
2095 5476 2686 5535 emendantur'verba
2709 5482 2823 5532 vet.
2860 5476 3194 5548 interpretis
3216 5476 3321 5548 hoc
3347 5477 3548 5548 modo:

1907 5553 2077 5608 Erilis
2106 5552 2257 5607 enim
2288 5558 2551 5620 tanquam
2608 5548 2773 5603 alitis
2798 5549 2989 5620 pullus
3018 5547 3270 5620 ablatus.
3304 5547 3455 5620 ΜΕΝ.
3481 5579 3552 5587 -

1908 5622 2099 5679 Fellus
2124 5622 2182 5676 in
2215 5618 2508 5692 conteitu,
2539 5620 2696 5676 alitis
2715 5618 2959 5691 pusillus
3018 5618 3249 5676 ablatis.
3281 5618 3367 5675 Al.
3402 5620 3553 5675 alitis

1899 5694 2098 5768 pusilli
2123 5692 2313 5749 ablati.
