4036 6344
208 476 338 537 ’161

1492 469 1874 529 EPISTULA
1918 469 2359 529 CATHOLICA

3506 463 3624 524 762

210 607 381 685 Λέγει
414 604 473 662 δὲ
498 604 660 662 πάλιν
694 606 744 662 ὲν
774 608 854 677 τῷ
874 600 1501 677 Μωσῇ,πολεμοι›μένου
1521 597 1622 656 τοῦ
1650 598 1867 675 Ἰσραὴλ

1995 600 2138 656 :ruci
2171 599 2499 671 affigendus
2529 596 2948 671 [praesagium].
2974 596 3181 654 Adhuc
3207 611 3344 652 vero
3372 595 3504 669 [hac
3552 597 3625 653 de

216 697 333 753 ὑπὸ
373 701 481 752 τῶν
537 692 869 773 ἀλλοφύλων
899 697 1033 766 (47).
1065 694 1161 747 Καὶ
1204 690 1296 746 ’ίνα
1344 692 1632 764 ὑπομνήσῃ
1675 688 1868 751 αὐτοὺς

214 784 703 859 πολεμουμένους,
735 783 818 839 ὅτι
852 780 941 837 διὰ
966 783 1062 843 τὰς
1106 780 1372 855 ἁμαρτίας
1420 780 1593 835 αὐτῶν
1634 776 1869 851 παρεδό-

219 886 398 946 θησαν
451 874 527 936 sic
575 874 821 944 Θάνατον,
855 870 1003 947 λέγει
1053 871 1128 933 εἷς
1179 871 1279 938 τὴν
1326 867 1547 944 καρδίαν
1590 872 1760 941 Μωσῇ
1808 868 1871 921 τὸ

217 958 470 1037 Πνεῦμα,
497 961 589 1017 ἵνα
618 966 822 1037 ποιήσῃ
850 962 1017 1017 τύπον
1067 965 1319 1034 σταυροῦ,
1351 961 1440 1014 καὶ
1486 964 1583 1014 τοῦ
1635 956 1873 1031 μέλλον-

217 1074 318 1115 τος
366 1052 617 1128 πάσχειν
664 1051 768 1124 ὅτι,
823 1050 910 1104 ἐὰν
960 1052 1036 1123 μὴ
1088 1048 1378 1104 ἐλπίσωσιν
1446 1048 1530 1104 ἐπ’
1576 1046 1741 1120 αὐτῷ,
1795 1046 1872 1107 εἷς

219 1143 316 1197 τὸν
370 1141 541 1196 αἰῶνα
587 1138 1069 1213 πολεμηθήσονται
1103 1141 1234 1211 (48).
1265 1137 1483 1208 Τίθησιν
1532 1138 1624 1191 οῦν
1673 1142 1875 1204 Μωσῆς

218 1231 279 1289 ’ἐι
314 1230 396 1309 ἐφ’
424 1231 481 1286 ἓν
514 1229 686 1286 ὅπλον
733 1228 785 1285 ἐν
832 1230 980 1302 μέσῳ
1024 1235 1124 1298 τῆς
1174 1230 1354 1303 πήγης
1385 1228 1496 1300 (49)
1524 1227 1612 1281 καὶ
1667 1224 1875 1285 σταθεὶς

224 1318 571 1395 ὑψηλότερος
632 1318 871 1389 πάντων,
920 1318 1137 1389 έξέτεινε
1200 1318 1296 1379 τὰς
1366 1321 1556 1392 χεῖρας
1601 1317 1742 1389 (50),
1785 1313 1873 1367 καὶ

222 1410 404 1470 οὕτως
434 1407 597 1463 πάλιν
630 1408 774 1462 ἐνίκα
803 1409 831 1463 ὁ
860 1406 1102 1484 Ἰσραήλ.
1138 1405 1285 1475 Εἶτα,
1318 1406 1513 1461 ὁπόταν
1548 1404 1709 1458 πάλιν
1741 1414 1877 1467 καθ-

224 1498 367 1566 εῖλε,
415 1497 577 1553 πάλιν
628 1497 998 1561 ἐθανατοῦντο.
1052 1497 1193 1571 Πρὸς
1241 1494 1332 1564 τίς
1364 1497 1478 1551 Ἵνα
1524 1498 1745 1569 γνῶσιν,
1794 1491 1877 1547 ὅτι

225 1586 291 1642 οῦ
329 1585 578 1642 δῦνανται
629 1588 889 1655 σωθῆναι,
921 1585 1007 1640 ἐὰν
1044 1586 1119 1658 μὴ
1155 1584 1239 1639 ἐπ’
1268 1584 1415 1655 αῦτῷ
1445 1586 1557 1656 (51)
1590 1580 1875 1637 ἐλπίσωσι.

227 1676 328 1731 Καὶ
392 1675 444 1730 ἐν
509 1676 677 1751 ἑτέρῳ
730 1677 986 1751 προφήτῃ
1048 1673 1217 1748 λέγει’
1266 1672 1437 1742 Ὅλην
1504 1673 1604 1741 τὴν
1666 1672 1875 1746 ἡμέραν

228 1764 518 1835 ἐξεπέτασα
572 1766 665 1826 τὰς
724 1764 915 1840 χεῖράς
975 1785 1080 1836 μου
1128 1764 1263 1839 πρὸς
1332 1760 1463 1815 λαὸν
1534 1761 1876 1830 ἀπειθοῦντα,

226 1855 319 1908 καὶ
377 1852 726 1930 ἀντιλέγοντα
780 1850 892 1924 ὁδῷ
957 1848 1138 1921 δικαίᾳ
1198 1872 1301 1923 μου
1356 1852 1487 1923 (52).
1549 1849 1648 1904 Καὶ
1712 1847 1877 1903 πάλιν

228 1948 433 2011 Μωσῆς
466 1948 613 1997 ποιεῖ
644 1943 810 1997 τύπον
842 1946 939 1995 τοῦ
973 1943 1172 2011 Ἰησοῦ,
1206 1940 1287 1994 δτι
1332 1937 1413 1994 δεῖ
1459 1938 1615 1994 αὐτὸν
1670 1940 1876 2010 παθεῖν,

226 2032 321 2085 καὶ
354 2032 514 2085 αὐτὸν
558 2037 899 2101 ζωοποιῆσαι
928 2034 1061 2103 (53),
1092 2031 1151 2084 ’ὀν
1204 2026 1427 2102 δόξωσιν
1472 2026 1883 2083 ἀπολωλεκέναι

230 2118 285 2174 ἐν
343 2119 559 2192 σημείῳ
616 2122 749 2192 (54),
808 2118 1099 2180 πίπτοντος
1166 2123 1262 2171 τοῦ
1326 2117 1570 2189 Ἰσραήλ.
1629 2116 1885 2186 Ἐποίησε

230 2208 338 2283 γὰρ
404 2209 579 2262 πάντα
642 2204 764 2286 ὄφιν
832 2204 1037 2262 δάκνειν
1100 2205 1315 2273 αὐτοὺς,
1365 2207 1453 2260 καὶ
1522 2206 1883 2278 ἀπέθνησκον,

235 2293 425 2366 ἐπειδὴ
473 2299 508 2366 ἡ
558 2292 857 2369 παράϐασις
911 2294 999 2351 διὰ
1046 2301 1142 2350 τοῦ
1190 2292 1364 2373 ὄφεως
1414 2294 1465 2350 ὲν
1492 2293 1605 2366 Εὕα
1645 2294 1881 2370 γέγονεν·

240 2387 327 2439 ἱνα
357 2384 550 2461 ἒλέγξη
580 2385 890 2457 αὐτοὺς,ὅτι
924 2384 1012 2440 διὰ
1040 2386 1137 2453 τήν
1169 2380 1467 2459 παράϐασιν
1500 2384 1672 2439 αὐτῶν
1695 2383 1746 2438 ἐν
1772 2382 1888 2438 θλίο

237 2477 330 2548 ψει
386 2474 615 2529 θανάτου
671 2471 1157 2550 παραδοθήσονται.
1218 2473 1388 2549 Πέρας
1446 2474 1507 2549 γέ
1572 2493 1657 2528 τοι
1724 2471 1885 2534 αὐτὸς

242 2569 447 2633 Μωσῆς
520 2563 911 2637 ἐντειλάμενος·
986 2563 1096 2618 Οὐκ
1160 2561 1305 2617 ἔσται
1374 2562 1501 2636 ὑμῖν
1572 2561 1695 2616 οὕτε
1753 2560 1885 2638 γλυ-

238 2654 389 2724 πτὸν,
424 2649 547 2708 οὔτε
593 2651 866 2728 χωνευτόν
913 2650 987 2714 εἷς
1044 2653 1160 2707 Θεὸν
1226 2652 1376 2725 ὑμῖν,
1424 2656 1593 2722 ποιεῖ,
1637 2648 1730 2705 ’ἶνα
1792 2650 1885 2706 τύ-

240 2764 341 2797 πον
371 2747 469 2797 τοῦ
502 2744 678 2811 Ἰησοῦ
709 2740 870 2815 δείξῃ.
905 2747 1058 2796 Ποιεῖ
1088 2739 1179 2796 οῦν
1212 2748 1412 2811 Maia-Ec
1452 2740 1696 2817 χαλκοῦν
1739 2737 1883 2817 ὄφιν,

235 2830 327 2886 καὶ
372 2829 585 2901 τίθησιν
621 2830 671 2885 έν
717 2827 862 2901 δοκῷ
1092 2832 1182 2884 καὶ
1228 2829 1543 2905 κηρύγματι
1589 2828 1747 2884 καλεῖ
1791 2830 1883 2884 τὸν

238 2918 386 2976 λαόν.
442 2918 719 2981 Ἐλθόντες
776 2918 867 2973 οῦν
919 2919 1005 2974 ἐπὶ
1055 2920 1117 2974 τὸ
1165 2919 1316 2991 αὐτὸ,
1369 2916 1581 2974 ἐδέοντο
1627 2919 1884 2987 Μωσέως,

1979 693 2062 760 re]
2093 689 2233 745 dicit
2263 690 2322 744 in
2356 689 2536 753 Mose,
2568 688 2803 759 quando
2836 685 3012 743 Israel
3061 686 3520 759 impugnabatur
3549 686 3622 743 ab

1980 778 2387 850 alienigenis“.
2413 777 2479 832 Et
2508 782 2571 833 ut
2600 777 3123 832 commonefaceret
3151 792 3271 843 eos,
3305 777 3459 848 quod
3493 792 3626 849 pro-

1980 874 2108 940 pter
2140 871 2370 939 peccata
2408 884 2515 923 sua
2558 867 2930 921 traderentur
2973 867 3045 921 ad
3096 870 3365 932 mortem,
3416 866 3487 921 ad
3529 882 3627 921 cor

1980 957 2158 1013 Mosis
2205 957 2345 1011 dicit
2390 956 2661 1027 Spiritus,
2711 960 2773 1010 ut
2816 955 2988 1010 faciat
3048 955 3296 1026 ﬁguram
3336 955 3527 1009 crucis
3569 958 3627 1010 et

1982 1048 2109 1118 ejus
2136 1048 2233 1116 qui
2264 1050 2388 1100 erat
2419 1062 2737 1117 passurus;
2766 1043 2921 1113 quia,
2954 1043 3003 1097 si
3034 1043 3095 1097 in
3126 1043 3282 1098 hunc
3331 1060 3445 1098 non
3493 1059 3625 1114 spe-

1984 1135 2256 1200 raverint,
2315 1134 2375 1189 in
2434 1140 2779 1206 perpetuum
2826 1134 3145 1188 vincentur.
3179 1133 3376 1187 Posuit
3428 1132 3625 1203 itaque

1985 1225 2176 1280 Moses
2206 1241 2369 1279 arma
2399 1240 2577 1295 super
2605 1222 2843 1277 armain
2870 1223 3059 1277 medio
3080 1221 3327 1293 aggeris,
3352 1225 3625 1277 etomnes

1984 1312 2430 1386 supereminens
2446 1328 2655 1367 manus
2676 1311 3159 1382 extendit;sicque
3174 1327 3379 1366 rursus
3397 1310 3625 1365 Israeli—

1984 1408 2056 1459 ιω
2082 1402 2408 1458 vincebant.
2442 1402 2587 1458 Cum
2614 1405 2810 1456 autem
2859 1400 3070 1455 iterum
3116 1416 3325 1455 manus
3365 1399 3628 1455 demitte-

1986 1492 2108 1559 bat,
2139 1491 2354 1548 iterum
2402 1489 2838 1546 occidebantur.
2870 1489 2985 1544 Cur
3013 1489 3159 1543 hoc?
3204 1488 3278 1544 Ut
3314 1505 3627 1561 cognosce-

1986 1585 2137 1648 rent,
2168 1580 2325 1652 quod
2355 1596 2472 1634 non
2510 1582 2748 1651 possent
2777 1578 3017 1645 servari,
3052 1577 3165 1633 nisi
3211 1594 3315 1650 per
3355 1593 3520 1649 spem
3569 1577 3628 1631 in

1986 1669 2177 1725 illum.
2212 1669 2277 1724 Et
2306 1669 2365 1724 in
2405 1668 2518 1723 alio
2567 1668 2849 1740 prapheta
2882 1666 3061 1723 dicit:
3090 1669 3213 1723 Tota
3254 1667 3343 1722 die
3389 1666 3634 1739 expendi

1985 1774 2183 1813 manus
2212 1773 2360 1813 meas
2386 1757 2457 1812 ad
2482 1757 2748 1829 pupulum
2776 1756 3140 1822 incredulum,
3173 1760 3223 1811 et
3251 1756 3632 1811 contradicen-

1989 1851 2095 1903 tem
2142 1851 2249 1904 υἱέε
2287 1849 2453 1919 justas
2497 1847 2701 1903 mem“.
2735 1846 2804 1900 Et
2834 1847 3045 1901 iterum
3090 1846 3279 1901 Moses
3327 1845 3465 1900 facit
3484 1846 3633 1916 ﬁgu-

1990 1955 2115 1992 ram
2136 1939 2293 2001 Jesu,
2317 1937 2471 2007 quod
2496 1953 2779 2007 passurus
2800 1942 2977 2002 esset,
3004 1941 3060 1991 et
3080 1936 3259 1991 vitam
3278 1935 3635 2006 praebiturus

1994 2027 2140 2098 ipse,
2200 2042 2375 2098 quem
2434 2026 2722 2097 putabant
2770 2041 3011 2080 necasse
3059 2025 3115 2079 in
3170 2040 3360 2094 cruce,
3392 2024 3636 2079 cadente

1994 2114 2191 2172 Israel.
2234 2116 2517 2181 Quoniam
2550 2115 2706 2170 enim
2751 2121 3056 2185 peccatum
3088 2130 3187 2185 per
3217 2118 3545 2185 serpentem
3578 2113 3637 2167 in

1995 2207 2109 2262 Eva
2134 2205 2396 2277 contigit,
2428 2204 2614 2259 effecit
2644 2204 2819 2270 Deus,
2845 2208 2911 2258 ut
2940 2203 3131 2259 cuncti
3162 2208 3462 2274 serpentes
3484 2219 3638 2257 mor-

1994 2296 2199 2351 derent
2224 2309 2352 2360 eos;
2385 2298 2442 2348 et
2471 2293 2890 2359 moriebantur,
2924 2296 2990 2347 ut
3020 2297 3287 2364 argueret
3324 2308 3444 2362 eos,
3483 2292 3640 2365 quod

1994 2388 2230 2457 propter
2261 2386 2495 2456 peccata
2524 2399 2631 2438 sua
2661 2383 2721 2437 in
2752 2382 3056 2454 angustiae
3080 2381 3285 2437 mortis
3300 2388 3501 2437 essent
3520 2386 3638 2436 tra-

1995 2473 2237 2530 dendi".
2271 2472 2531 2544 Denique
2563 2473 2776 2539 Moses,
2809 2473 2909 2544 qui
2957 2476 3341 2545 praeceperat:
3373 2472 3493 2527 Non
3537 2472 3645 2527 erit

1993 2564 2145 2619 vobis
2188 2579 2364 2636 neque
2390 2562 2663 2633 sculptile,
2708 2578 2886 2635 neque
2930 2564 3203 2632 conﬂatile
3250 2562 3315 2616 in
3361 2560 3526 2617 deum
3552 2577 3639 2616 ve-

1994 2653 2238 2722 strum“,
2281 2651 2409 2724 ipse
2455 2651 2513 2706 id
2565 2651 2722 2722 facit,
2755 2655 2821 2707 ut
2864 2652 3134 2707 ostendat
3175 2651 3424 2723 ﬁguram
3480 2651 3637 2705 .lesu.

1997 2741 2157 2796 Facit
2174 2756 2311 2813 ergo
2341 2740 2530 2797 Moses
2560 2745 2892 2809 serpentem
2919 2757 3165 2809 aeneum,
3198 2758 3263 2795 ac
3292 2739 3534 2795 collocat
3580 2740 3639 2793 in

1993 2831 2157 2885 trabe
2179 2835 2353 2902 atque
2384 2845 2488 2901 per
2516 2846 2840 2901 praeconem
2866 2835 3141 2885 convocat
3171 2828 3471 2901 populum.
3492 2828 3638 2883 Con-

1996 2919 2218 2992 gregati
2248 2918 2431 2991 igitur
2458 2918 2706 2974 orabant
2736 2919 2958 2987 Mosen,
2985 2924 3162 2990 utpro
3184 2920 3327 2991 ipsis
3347 2918 3641 2974 sacriﬁca-

231 3005 324 3064 ἵνα
356 3009 487 3082 ὑπὲρ
539 3008 713 3063 αὐτῶν
764 3008 1019 3083 ἁνενέγκῃ
1066 3005 1318 3081 δεόμενος
1367 3008 1491 3083 περὶ
1539 3014 1641 3077 τῆς
1693 3007 1879 3062 ἰάσεως

1995 3013 2101 3077 ret,
2135 3008 2455 3079 deprecans
2486 3025 2590 3080 pro
2614 3008 2917 3064 sanatione
2965 3024 3190 3064 eorum.
3252 3008 3402 3063 Dixit
3443 3012 3637 3061 autem

236 3096 434 3152 αὐτῶν.
488 3096 620 3151 Elite
672 3094 729 3151 δὲ
776 3098 911 3171 πρὸς
966 3095 1159 3157 αὐτοὺς
1212 3098 1430 3164 Μωσῆςο
1487 3097 1678 3163 Ὅταν,
1728 3096 1879 3173 φησὶ,

1995 3096 2186 3153 Moses
2215 3097 2286 3152 ad
2319 3097 2451 3153 illos
2486 3116 2499 3154 :
2536 3097 2693 3165 Cum,
2719 3097 2929 3169 inquit,
2962 3098 3165 3169 aliquis
3198 3112 3267 3151 ex
3294 3098 3442 3151 vobis
3489 3112 3640 3150 mor-

235 3182 423 3262 δηχθῇ
470 3206 553 3247 τις
608 3185 779 3258 ὑμῶν,
814 3184 1017 3240 ἐλθέτω
1068 3184 1156 3240 ἐπὶ
1200 3184 1289 3239 τὸν
1341 3180 1461 3263 ὅφιν
1511 3185 1602 3239 τὸν
1653 3183 1739 3239 ἐπὶ
1787 3189 1879 3239 τοῦ

1995 3202 2084 3242 sus
2103 3188 2295 3258 fuerit,
2325 3188 2511 3243 veniat
2536 3186 2608 3243 ad
2636 3191 2941 3259 serpentem
2969 3188 3031 3241 iu
3077 3187 3233 3258 ligno
3281 3188 3537 3257 positum,
3592 3193 3643 3239 et

1622 3302 1786 3364 Vetus
1818 3302 2258 3384 interpretatio.

237 3417 293 3468 et
315 3410 855 3491 cecideruntJudzei
879 3410 951 3491 ab
974 3408 1337 3491 alienigenis;
1373 3414 1438 3464 ut
1469 3408 2290 3491 illos.(.56)_commemoraret,
2319 3411 2461 3491 dunm
2502 3414 2936 3491 oppugnantur,
2970 3407 3109 3481 quia
3149 3412 3385 3491 propter
3406 3415 3644 3491 peccata

238 3500 345 3538 sua
375 3484 693 3539 trahuntur
724 3482 783 3554 in
812 3488 1080 3549 mortem,
1113 3481 1257 3536 dixit
1288 3482 1345 3536 in
1377 3482 1696 3553 precordiis
1728 3481 1908 3553 Moysi
1933 3482 2224 3553 Spiritus:
2250 3481 2359 3537 Fac
2382 3481 2630 3554 figuram
2662 3481 2872 3537 crucis.
2977 3521 2991 3535 .
3037 3522 3051 3535 .
3098 3523 3110 3536 .
3156 3523 3169 3535 .
3209 3497 3221 3535 :
3257 3483 3396 3554 quia
3422 3483 3469 3535 si
3528 3500 3637 3538 non

238 3555 591 3611 crediderint
620 3556 677 3609 in
711 3553 900 3619 illum,
936 3554 995 3607 in
1028 3558 1309 3626 perpetuo
1336 3551 1993 3626 oppugnabantur‘_(57)1
2024 3554 2093 3626 Et
2118 3554 2327 3626 iterum
2352 3594 2385 3626 Α.
2427 3551 2452 3626 ζ
2493 3594 2506 3608 .
2553 3595 2568 3609 .
2613 3594 2627 3609 .
2670 3551 2978 3626 εοεοοιιὰἰῑ
2996 3555 3223 3626 Moyses
3254 3551 3313 3626 in
3357 3594 3370 3607 .
3417 3591 3429 3605 .
3464 3570 3641 3625 agge-

240 3642 384 3695 rem,
415 3631 473 3682 et
500 3632 664 3681 stans
698 3666 710 3696 .
758 3665 771 3679 .
820 3666 830 3678 .
865 3623 1077 3680 manus
1107 3623 1474 3690 extendebat,
1499 3623 1559 3679 et
1586 3642 1600 3680 :
1639 3666 1651 3679 .
1684 3624 1996 3679 vincebant
2018 3624 2204 3679 Judaei
2232 3642 2245 3679 :
2272 3623 2485 3696 deinde
2523 3640 2655 3679 cum
2688 3624 3059 3696 deposuerat,
3091 3623 3359 3696 vincebat
3384 3623 3639 3681 Amalec.

239 3698 354 3754 Hoc
384 3698 457 3753 ad
490 3698 664 3769 quid?
693 3695 767 3752 Ut
795 3696 1014 3751 scirent
1044 3696 1183 3767 quia
1214 3713 1327 3750 non
1360 3702 1609 3767 possunt
1635 3696 1895 3769 liberari,
1927 3696 2036 3769 nisi
2071 3696 2128 3749 in
2161 3712 2331 3751 cruce
2356 3695 2571 3751 Christi
2595 3694 2981 3769 speraverint.
3014 3696 3084 3769 Et
3130 3694 3343 3751 iterum
3393 3697 3536 3752 dicit
3582 3699 3640 3752 in

238 3770 350 3825 alio
382 3766 704 3842 propheta;
737 3768 991 3842 Expandi
1028 3766 1226 3842 melius
1254 3766 1410 3842 meas
1457 3772 1569 3823 tota
1613 3766 1702 3842 die
1748 3768 1846 3842 ad“
1860 3768 2133 3842 populum
2178 3766 2799 3842 impersuasibilemket
2826 3767 3430 3842 contradicenteva
3446 3769 3639 3841 juslze.

238 3838 639 3912 Item'Mo'yses
670 3840 807 3893 facit
832 3838 1079 3912 ﬁguram
1109 3838 1271 3901 Jesu.
1305 3840 1442 3912 quia
1471 3840 1775 3912 oportebat
1812 3838 1979 3893 illum
2013 3838 2154 3912 pati,
2184 3844 2241 3893 et
2270 3839 2410 3909 quia
2437 3839 2562 3912 ipse
2593 3838 2899 3912 viviﬁcavit
2929 3840 3061 3908 (58),
3094 3856 3268 3912 quem
3295 3839 3376 3893 illi
3412 3838 3641 3910 putave-

237 3918 372 3968 runt
400 3910 752 3984 perdidisse.
780 3952 793 3965 .
829 3952 842 3965 .
880 3910 897 3965 ξ
941 3910 1196 3984 Cadente
1226 3911 1382 3965 enim
1417 3911 1631 3984 populo
1650 3910 2437 3984 Judaaorum,quiajuss_erat
2458 3910 2763 3984 Dominus,
2797 3916 2863 3966 ut
2911 3927 3108 3984 morsu
3155 3911 3405 3984 colubrae
3442 3951 3455 3965 .
3502 3952 3516 3965 .
3562 3954 3576 3966 .
3624 3954 3638 3984 .

239 3981 622 4047 morerentur,
656 3983 798 4054 quia
828 3981 1135 4053 praeteritio
1159 3982 1283 4036 Eva:
1316 3981 1747 4054 percolubram
1782 3982 1969 4036 fuerat
1998 3981 2132 4052 (59),
2162 3981 2343 4054 voluit
2374 3982 2505 4038 illos
2537 3983 2858 4052 corripere;
2892 3987 2949 4035 et
2977 3981 3103 4054 ideo
3148 4024 3161 4054 .
3199 4023 3211 4035 .
3246 4022 3260 4035 .
3302 4023 3313 4034 .
3346 3982 3441 4054 sic
3468 3983 3639 4037 morti

235 4057 477 4121 tradere,
508 4054 608 4127 qui
639 4051 918 4127 mandata
945 4055 1073 4125 ejus
1103 4051 1520 4127 presterierunt.
1539 4053 1623 4108 Ad
1648 4051 2039 4127 summam,ut
2070 4051 2197 4125 ipse
2227 4053 2457 4126 Moyses
2508 4054 2609 4125 qui
2641 4051 3012 4127 praeceperat,
3047 4052 3188 4127 di_cit
3217 4054 3329 4123 (60)
3355 4070 3367 4106 :
3391 4051 3509 4127 Non
3537 4056 3642 4107 erit

238 4128 407 4196 vobis,
440 4124 615 4199 neque
633 4126 933 4196 conﬂatile,
961 4124 1136 4197 neque
1162 4125 1437 4196 sculptile.
1479 4167 1493 4179 .
1541 4167 1554 4179 .
1600 4167 1612 4180 .
1661 4165 1673 4179 .
1701 4141 1715 4193 ;
1754 4124 1877 4196 ipse
1907 4125 2043 4181 fecit
2073 4124 2404 4197 serpentem
2436 4124 2674 4190 aereum,
2698 4130 2762 4180 ut
2810 4126 3062 4195 ﬁguram
3091 4124 3231 4179 Jesu
3262 4124 3590 4180 ostenderet
3624 4141 3636 4181 :

307 4234 350 4271 ⁸³
380 4235 557 4291 Exod.
587 4247 726 4300 xvu,
760 4232 847 4288 11.
922 4233 967 4269 ⁶⁹
998 4230 1133 4289 Issi.
1167 4248 1292 4301 ην,
1312 4235 1368 4287 2.
1443 4233 1488 4270 ⁷ο
1517 4232 1692 4289 Num.
1725 4233 1879 4303 xxx,(

1995 4248 2124 4289 can.
2159 4248 2243 4301 ιιι,
2277 4233 2364 4288 14.
2442 4232 2486 4269 τί
2518 4234 2686 4288 Deut.
2719 4247 2890 4297 xxvu,
2915 4231 3001 4286 15.

1580 4351 1999 4415 VARIORUM
2046 4351 2306 4413 NOTIE.

306 4446 496 4575 (4721.
550 4463 601 4504 e.
659 4447 895 4504 Amalec.
951 4446 1067 4504 Cfr.
1105 4446 1323 4504 Justin.
1386 4447 1529 4505 Dial.
1581 4463 1629 4503 c.
1682 4448 1879 4575 Τὲνρὴ.
1914 4450 1957 4519 c
2066 4448 2182 4519 (56)
2212 4448 2361 4504 Illos.
2399 4447 2534 4521 Leg.
2567 4445 2713 4505 illis.
2740 4446 3468 4517 MsN.—Moxlrahuntur,
3502 4451 3644 4509 forte

241 4537 298 4576 ιι.
350 4520 373 4576 1
424 4521 476 4576 1.
526 4536 584 4576 ι).
621 4519 746 4575 2Ο4ε
778 4519 933 4575 Tert.
976 4518 1101 4574 adv.
1144 4519 1268 4575 Iud.
1302 4535 1352 4575 ο.
1410 4520 1496 4576 1Ο;
1544 4519 1667 4574 adv.
1766 4536 1880 4575 arr.
1993 4519 2311 4576 traduntur.

460 4563 476 4589 ,
526 4536 584 4646 Ε,
617 4519 746 4601 ξο4ε
778 4519 939 4602 Τθι·1;ἒ
976 4518 1101 4574 adv.
1144 4519 1268 4600 ξῙιιιί.
1302 4535 1352 4575 ο.
1410 4520 1496 4588 1Ο;
1544 4519 1667 4574 adv.

483 4607 519 4645 ιι
565 4606 581 4645 ι
614 4592 791 4646 udem
821 4595 942 4646 tvm
973 4596 1365 4646 reperiuntur.

240 4608 324 4660 ιιι,
359 4591 449 4662 18,
483 4591 581 4646 ubi
614 4591 791 4646 iidem
821 4591 942 4663 typi
973 4591 1365 4662 reperiuntur.

308 4663 422 4734 (47)
452 4663 514 4717 In
538 4671 870 4734 perpetuum
894 4664 1204 4727 vinceutur,
1236 4662 1321 4718 ita
1350 4666 1414 4717 ut
1453 4677 1756 4733 nunquam
1804 4662 1885 4717 vi-

241 4738 463 4789 ctorum
486 4734 699 4805 jugum
728 4739 993 4805 excutere
1024 4734 1288 4804 possint;
1331 4750 1466 4789 nam
1502 4734 1621 4789 hac
1668 4739 1758 4789 est
1792 4734 1883 4789 in-

240 4805 467 4861 terdum
489 4801 589 4860 vis
609 4805 768 4861 verbi
798 4801 1171 4876 πολεμοῦμαι.
1204 4805 1373 4860 Casa.

308 4876 419 4947 (49)
453 4876 609 4949 [Ιήγη
635 4903 717 4931 —_—_
743 4873 891 4949 πάγη
929 4873 1077 4949 locus
1130 4878 1375 4949 excelsus
1422 4876 1578 4948 apud
1622 4876 1880 4949 Hesych.

240 4946 409 5022 Ypss.
471 4946 582 5004 ms.
634 4946 887 5022 πηγμῆς,
936 4948 1089 5004 male
1127 4948 1166 5004 l.
1213 4946 1503 5021 πήγματός
1552 4946 1881 5019 tabulatum,

240 5018 422 5233 Μῖέό)
451 5088 650 5143 Stabat
680 5089 861 5161 igitur
890 5090 949 5144 in
981 5090 1167 5145 forma
1188 5089 1398 5146 crucis.

330 5163 395 5217 51
448 5159 569 5214 Ἐπὶ
627 5163 839 5232 σταυρῷ
894 5161 1091 5218 ΒΑνιε.
1116 5162 1362 5233 Interpr.

303 5159 422 5244 (51)
448 5159 569 5214 Ἐπὶ
627 5159 839 5232 σταυρῷ
894 5161 1091 5218 ΒΑνιε.
1116 5162 1362 5234 Interpr.
1400 5179 1414 5217 :
1450 5163 1510 5218 In
1540 5178 1697 5218 cruce
1727 5160 1883 5218 Chri-

240 5240 673 5376 fu(.52)WSensus
706 5316 721 5357 :
758 5302 995 5376 In‘cruce
1020 5304 1257 5376 pependi
1284 5304 1347 5359 ob
1372 5306 1639 5376 papulum
1676 5306 1881 5375 z'mpro-

242 5374 385 5448 bum.
433 5374 677 5448 Eodem‘
702 5374 874 5429 modo
900 5374 1094 5448 verba
1133 5374 1884 5448 prophetis‘interpretatur

238 5445 506 5519 Justinus
536 5444 695 5519 Apol.
730 5462 859 5519 ιλιι.
892 5444 1150 5519 35;DialI
1184 5444 1461 5519 cITryph.
1486 5465 1541 5503 n.
1574 5444 1663 5503 97.

306 5518 419 5587 (53)
452 5518 536 5572 Ita
556 5517 695 5572 Dav.
731 5517 838 5571 Ms.
878 5517 1026 5572 male
1060 5536 1072 5573 ε
1111 5517 1502 5588 ζωποιήσόοσι.

305 5588 419 5662 (54)
452 5589 493 5643 I.
529 5604 791 5662 c.7cruce,
826 5592 889 5643 ut
916 5590 1071 5661 apud
1119 5591 1335 5646 Justin.
1371 5591 1523 5645 Dial.
1574 5607 1621 5647 ε.
1650 5589 1883 5662 Thyph.,

240 5660 418 5803 “15%)
450 5661 739 5799 iugale,
770 5731 833 5785 in
850 5746 1029 5797 cruce,
1060 5736 1174 5788 vet.
1226 5732 1438 5803 interp.
1484 5748 1595 5787 ms.
1654 5727 1882 5803 ἐνδόξως

235 5800 488 5870 gloriose.

1766 4537 1880 4575 ανσ.

621 4536 746 4575 Ζυιιε
778 4536 933 4575 '1'ert.
976 4536 1101 4574 aav.
1144 4536 1268 4575 sua.
1302 4536 1352 4575 ο.
1410 4536 1496 4588 1U;
1544 4536 1667 4574 aav.
1716 4536 1861 4575 uarr

614 4591 791 4646 iidem
821 4590 942 4663 typi
973 4590 1365 4663 reperiuntur.
1848 4662 1853 4663 ί

1993 4519 2311 4577 traduntur.

2061 4592 2176 4715 (57)
2232 4592 2295 4646 In
2351 4598 2608 4662 perpetuo
2657 4591 3134 4663 oppugnabantur.
3184 4588 3279 4652 Εἲς
3322 4590 3416 4646 τὸν
3471 4592 3640 4647 αἰῶνα

2061 4690 2063 4707 ι
2109 4662 2475 4715 ειιτιθτςσονται
2510 4680 2523 4715 :
2558 4662 2667 4715 hoc
2698 4668 2805 4715 est-
2838 4665 2897 4715 in
2946 4674 3263 4715 perpetuum
3308 4666 3640 4715 vincentur:

1991 4662 2475 4735 πολεμηθήσονται
2510 4680 2523 4717 :
2558 4662 2667 4735 hoc
2688 4662 2813 4731 est,
2838 4665 2897 4718 in
2942 4674 3263 4735 perpetuum
3308 4666 3642 4733 vincentur;

1992 4734 2075 4790 ita
2107 4739 2171 4789 ut
2202 4749 2503 4806 nunquam
2526 4734 2813 4789 victorum
2833 4734 3049 4806 jugurn
3075 4739 3341 4806 excutere
3370 4738 3637 4806 possint:

1994 4823 2142 4878 nam,
2163 4806 2283 4861 haec
2309 4804 2395 4861 eet
2421 4804 2717 4860 interdum
2747 4804 2848 4861 vis
2865 4804 3022 4861 verbi
3052 4804 3421 4878 πολεμέομαί.
3453 4809 3643 4866 Vertit

1992 4876 2333 4950 Cotelerius,
2357 4892 2570 4950 semper
2619 4878 3091 4950 debellabuntur;
3140 4876 3315 4950 quod
3345 4881 3637 4950 signﬁcat,

1992 4949 2268 5005 omnibus
2322 4948 2487 5004 bellis
2536 4948 2842 5005 inferiores
2890 4948 3307 5006 futurosfSed
3338 4948 3425 5005 ἀεί
3469 4956 3525 5007 et
3564 4948 3639 5013 εἰς

1993 5018 2165 5073 αἰῶνα
2195 5020 2472 5075 differunt
2501 5035 2514 5075 :
2548 5022 2702 5092 quod
2736 5021 2919 5076 miror
2947 5022 3138 5076 virum
3166 5022 3530 5092 diligentem,
3582 5028 3642 5080 et

1992 5093 2168 5220 πόει-δα
2200 5108 2344 5165 pene
2375 5092 2435 5147 in
2468 5091 2853 5149 translatione
2883 5091 3366 5149 adnumerantem
3398 5095 3640 5167 fugisse,

2041 5180 2167 5219 LER.

2041 5180 2167 5219 LER.

2064 5236 2177 5306 (58)
2213 5234 2534 5309 Viviﬁcavil.
2571 5235 2735 5291 Forte
2764 5235 3081 5307 viviﬁcabit.
3112 5236 3181 5292 Et
3212 5252 3366 5306 mox,
3411 5240 3643 5309 periisse

1992 5323 2097 5379 pro
2121 5306 2441 5432 perdidisse.

2065 5380 2120 5432 (5
2161 5383 2174 5432 ὶ
2204 5380 2441 5432 Przlerz'

2065 5378 2174 5449 (59)
2204 5380 2523 5435 Prwlerz'tio
2550 5379 2679 5435 Eva?
2694 5394 2797 5450 per
2824 5378 3168 5434 columbram
3192 5380 3396 5450 fuerat.
3431 5386 3641 5440 Praete-

1992 5451 2126 5526 ritis
2143 5454 2233 5526 est
2263 5451 2640 5521 trangressio,
2692 5450 3124 5526 praevaricatio:
3160 5455 3225 5526 ut
3272 5468 3423 5526 sape
3477 5458 3642 5526 ponit

1988 5524 2274 5594 praeterire
2303 5538 2434 5594 pro
2485 5521 2799 5594 trangredi,
2849 5525 3234 5594 praevaricari.
3298 5521 3443 5581 Dicit
3477 5521 3637 5583 'colu-

1996 5593 2150 5648 bram
2180 5592 2497 5663 feminime,
2527 5592 2863 5665 priscorum
2885 5594 3302 5661 more,Nonius
3332 5597 3639 5655 Marcellus

1995 5665 2427 5739 cap_.3,leubra
2454 5665 3010 5739 [eminine.Luci1ius
3040 5667 3223 5739 Squr.
3260 5666 3635 5726 lib.xx.MsN.

1995 5737 2344 5864 ἀ
2377 5738 2534 5794 dicit.
2559 5738 2727 5795 Forte
2754 5737 2867 5813 leg.
2898 5746 3037 5797 eL...
3068 5737 3282 5805 dicens;
3313 5746 3417 5799 aut
3443 5742 3640 5800 delen-
