4086 6342
428 396 543 454 767

1647 407 1709 465 S.
1762 407 2151 471 BARNABE
2194 408 2601 473 APOSTOLI.

3708 406 3834 468 768

428 544 547 586 ecce
570 534 738 603 posui
756 540 809 588 te
836 542 1052 604 patrem
1078 540 1348 606 gentium,
1376 554 1494 610 quae
1526 540 1588 594 in
1638 544 1912 613 prwputio
1952 559 2064 599 cre-

2181 545 2381 621 πατὲρα
2436 544 2600 599 ἐθνῶν
2658 546 2763 599 τῶν
2848 537 3208 596 πιστευόντων
3298 535 3387 595 διὰ
3463 533 3830 617 ἀκροϐυστίας

428 618 566 676 dunt
591 623 818 678 Domino
847 623 915 678 ⁸⁸.

2174 638 2252 706 τῷ
2286 633 2492 709 Κυρίῳ.

1028 722 1171 779 XlV.
1207 726 1604 784 Testamentum
1633 731 1771 802 quod
1790 732 1952 789 Moses
1978 736 2181 806 accepit
2206 738 2258 789 et
2286 734 2555 801 contrivit,
2589 734 2849 789 Dominus
2878 730 3031 786 nobis
3050 728 3218 785 dedit.

500 817 605 872 Sed
640 834 775 875 sene
796 835 1148 891 quaeramus,
1175 840 1248 879 an
1268 825 1489 881 dederit
1511 828 1837 902 [Dominus]
1896 836 2064 886 testa-

2249 830 2350 883 Ναὶ
2407 828 2552 886 ἀλλά
2601 830 2700 897 τὴν
2754 827 3043 897 διαθήκην,
3073 826 3135 896 ἣν
3188 819 3371 896 ὤμοσε
3416 827 3537 887 τοῖς
3565 825 3831 900 πατράσι,

431 912 716 974 mentum,
750 910 904 979 quod
930 911 1426 983 patribusjuravit
1447 932 1507 971 se
1530 917 1743 988 populo
1765 920 2060 976 daturum.

429 994 599 1054 Dedit
627 995 863 1068 quidem
890 1016 902 1066 ;
935 1015 1136 1055 verum
1166 1000 1250 1056 illi
1283 1007 1519 1074 propter
1555 1010 1789 1077 peccata
1819 1024 1926 1063 sua
1976 1010 2062 1064 in-

429 1084 588 1156 digni
625 1085 872 1148 fuerant.
907 1088 1003 1159 qui
1038 1090 1380 1162 acciperent.
1414 1093 1564 1150 Dicit
1583 1094 1733 1151 enim
1750 1096 2060 1169 propheta:

435 1177 498 1230 Et
527 1174 691 1231 Moses
716 1176 774 1230 in
802 1184 990 1232 monte
1017 1181 1157 1235 Sina
1172 1181 1453 1253 jejunavit
1482 1183 1848 1254 quadraginta
1876 1186 2064 1241 diebus

427 1272 479 1318 et
505 1263 872 1337 quadraginta
896 1268 1162 1336 noctibus,
1209 1274 1271 1325 ut
1312 1273 1697 1328 testamentum
1741 1276 1962 1330 Domini
1995 1275 2064 1329 ad

427 1353 699 1426 populum
740 1357 1004 1427 acciperet
1058 1358 1125 1411 3‘.
1185 1359 1255 1414 Et
1302 1361 1523 1431 accepit
1553 1378 1587 1416 a
1616 1362 1859 1418 Domino
1916 1364 2065 1419 duas

426 1441 657 1498 tabulas
689 1444 937 1515 scriptas
969 1446 1148 1517 digito
1180 1464 1388 1503 manus
1420 1449 1670 1518 Domini,
1703 1450 1759 1504 in
1812 1452 2020 1523 spiritu
2047 1469 2060 1520 ;

429 1536 816 1602 sumptasque
846 1533 1034 1589 Moses
1058 1536 1353 1594 deferebat
1372 1538 1441 1593 ad
1468 1538 1770 1610 populum,
1794 1545 1859 1595 ut
1878 1541 2063 1595 trade-

428 1622 514 1674 ret
541 1619 604 1672 ⁸⁵.
639 1620 703 1674 Et
732 1621 879 1676 dixit
910 1622 1193 1679 Dominus
1225 1627 1295 1680 ad
1329 1626 1565 1682 Mosen:
1626 1630 1811 1699 Moses,
1864 1633 2062 1698 Moses,

427 1707 687 1765 descende
715 1711 1010 1774 celeriter;
1054 1716 1243 1785 inique
1296 1718 1443 1770 enim
1491 1733 1545 1773 se
1597 1720 1758 1788 gessit
1810 1720 2061 1790 populus,

429 1802 576 1866 tuus,
610 1815 767 1871 quem
788 1802 858 1855 de
888 1810 1034 1857 terra
1062 1803 1283 1875 Egypti
1301 1805 1541 1861 eduxisti
1569 1807 1631 1860 ³⁸.
1661 1807 2065 1881 Intellexitque

430 1887 640 1955 Moses,
676 1891 827 1961 quod
862 1890 1072 1947 iterum
1103 1893 1356 1949 fecerant
1386 1896 1692 1967 imagines,
1727 1903 1785 1952 et
1824 1898 2066 1969 projecit

428 1975 499 2030 de
534 1977 802 2034 nianibus
834 1978 1083 2049 tabulas,
1128 1984 1502 2055 contritaque
1552 1991 1691 2040 sunt
1738 1986 1948 2041 tabula:
1980 1990 2064 2042 te-

429 2067 703 2120 stamenti
740 2066 1044 2124 Dominici.
1098 2072 1332 2143 Accepit
1384 2073 1580 2145 itaque
1630 2080 1812 2131 Moses
1863 2074 2061 2147 [testa-

428 2157 756 2229 mentum];
789 2157 902 2229 ipsi
930 2174 1062 2214 vero
1094 2159 1253 2232 digni
1284 2177 1397 2216 non
1456 2162 1712 2219 fuerunt.
1765 2165 2063 2230 Quomodo

428 2259 534 2299 nos
566 2244 670 2316 [id]
700 2248 1116 2318 acceperimus,
1152 2249 1379 2305 discite.
1412 2251 1600 2307 Moses
1632 2270 1764 2308 cum
1791 2258 1947 2308 esset
1978 2253 2065 2308 fa-

428 2332 626 2389 mulus
655 2335 719 2405 8",
752 2334 895 2390 illud
931 2338 1188 2411 accepit;
1225 2339 1393 2395 nobis
1415 2345 1609 2395 autem
1635 2341 1759 2414 ipse
1780 2342 2065 2399 Dominus

426 2422 834 2495 tribuit[esse]
871 2425 931 2481 in
981 2428 1263 2499 populum
1318 2427 1692 2497 haereditatis,
1749 2448 1851 2501 pro
1896 2430 2065 2487 nobis

430 2527 668 2583 passus.
708 2515 992 2586 Apparuit
1020 2533 1171 2585 vero,
1206 2521 1271 2571 ut
1304 2526 1423 2573 tum
1457 2517 1541 2574 illi
1572 2519 1799 2591 [Judaei]
1828 2519 1889 2574 in
1929 2536 2066 2590 pec-

429 2601 578 2657 catis
599 2610 1168 2674 consummarentur,
1190 2610 1317 2662 tum
1340 2624 1448 2664 nos
1465 2624 1568 2680 per
1594 2608 1788 2681 ipsum
1807 2608 2065 2665 haredes

429 2691 566 2747 facti
596 2691 824 2747 Domini
853 2694 885 2748 J
892 2709 995 2749 esu
1024 2699 1446 2753 testamentum
1492 2697 1910 2770 acciperemus,
1964 2698 2064 2770 qui

431 2780 760 2839 destinatus
789 2789 931 2852 erat,
962 2788 1026 2839 ut
1055 2800 1158 2856 per
1179 2786 1491 2841 adventum
1541 2803 1715 2842 suum
1748 2787 2067 2859 praecordia

430 2875 651 2940 nostra,
674 2871 800 2941 jam
834 2889 867 2927 a
896 2878 1081 2928 morte
1128 2879 1436 2946 assumpta
1482 2880 1541 2930 et
1586 2877 1802 2931 tradita
1852 2877 2066 2931 erroris

425 2958 743 3031 iniquitati,
780 2960 1072 3018 redimens
1103 2980 1132 3018 e
1159 2964 1439 3029 tenebris,
1469 2965 1642 3021 verbo
1668 2966 1821 3037 [suo]
1869 2966 2064 3037 dispo-

426 3054 526 3103 nat
554 3048 614 3104 in
645 3049 814 3105 nobis
842 3054 1281 3107 testamentum.
1341 3053 1636 3126 Scriptum
1684 3053 1901 3126 quippe
1951 3058 2059 3122 est,

426 3140 720 3209 quomodo
744 3139 930 3211 Pater,
964 3141 1376 3211 redempturus
1415 3159 1522 3199 nos
1571 3160 1606 3199 a
1652 3143 1929 3212 tenebris,
1979 3144 2065 3200 illi

421 3228 807 3297 mandaverit,
851 3233 915 3285 ut
971 3229 1084 3287 sibi
1142 3236 1373 3304 pararet
1429 3231 1716 3305 populum
1770 3236 2062 3290 sanctum.

2175 915 2356 972 δοῦνάι
2416 921 2494 989 τῷ
2552 916 2687 989 λαῷ,
2721 916 2766 971 εἷ
2798 913 3024 986 δέδωκε,
3067 918 3318 987 ζητῶμεν
3361 915 3498 987 (77).
3555 910 3831 968 Δέδωκεν·

2174 1005 2325 1060 αὐτοὶ
2359 1003 2416 1060 δὲ
2448 1006 2548 1060 οὐκ
2577 1005 2824 1082 ἐγένοντο
2856 1002 2991 1075 ἄξιοι
3024 997 3212 1059 λαϐεῖν
3265 999 3355 1056 διὰ
3399 1002 3496 1063 τὰς
3552 1000 3831 1076 ἁμαρτίας

2172 1094 2368 1153 αὐτῶν.
2424 1094 2578 1171 Λέγει
2650 1095 2755 1171 γὰρ
2814 1095 2842 1148 6
2913 1094 3222 1170 προφήτης
3301 1091 3403 1146 Καὶ
3477 1090 3544 1161 ἦν
3618 1092 3831 1159 Μωσῆς

2170 1183 2440 1254 νηστεύων
2498 1184 2548 1239 ἐν
2608 1178 2723 1259 ὄρει
2783 1187 2932 1255 Σινᾶ,
2990 1185 3088 1237 τοῦ
3147 1174 3333 1236 λαϐεῖν
3390 1179 3490 1249 τὴν
3557 1176 3833 1250 διαθήκην

2172 1272 2369 1349 Κυρίου
2426 1272 2566 1349 πρὸς
2614 1272 2705 1327 τὸν
2782 1270 2935 1344 λαὸν,
2995 1268 3206 1344 ἡμέρας
3280 1267 3674 1345 τεσσαράκοντα
3736 1266 3835 1323 καὶ

2170 1362 2362 1424 νύκτας
2418 1360 2813 1438 τεσσαράκοντα
2866 1362 3000 1435 (78).
3051 1358 3150 1415 Καὶ
3209 1352 3372 1414 ἔλαϐε
3426 1359 3573 1435 παρὰ
3624 1357 3832 1435 Κυρίου

2169 1452 2264 1514 τὰς
2316 1448 2411 1506 δύο
2459 1450 2673 1512 πλάκας
2720 1449 3099 1526 γεγραμμένας
3141 1451 3222 1519 τῷ
3271 1444 3524 1519 δακτύλῳ
3573 1452 3675 1515 τῆς
3710 1465 3836 1522 χει-

2174 1540 2265 1615 ρὸς
2325 1539 2522 1615 Κυρίου
2582 1538 2633 1594 ἒν
2691 1537 2977 1611 πνεύματι·
3022 1536 3113 1591 καὶ
3170 1530 3355 1591 λαϐὼν
3415 1537 3617 1603 Μωσῆς
3665 1534 3830 1589 κατέ-

2172 1649 2299 1707 φερε
2355 1628 2491 1705 πρὸς
2546 1626 2639 1683 τὸν
2693 1625 2824 1683 λαὸν
2885 1623 3091 1683 δοῦναι.
3124 1624 3223 1680 Καὶ
3268 1625 3385 1678 εἶπε
3434 1623 3631 1699 Κύριος
3683 1623 3828 1699 πρὸς

2171 1725 2393 1788 Μωσῆν·
2463 1720 2659 1789 Μωσῆ,
2738 1722 2931 1785 Μωσῆ,
3003 1708 3271 1781 κατάϐηθι
3341 1712 3405 1767 τὸ
3479 1713 3675 1789 τάχος,
3738 1711 3827 1767 ὅτι

2172 1806 2446 1880 ήνόμησεν
2504 1807 2531 1861 6
2592 1805 2720 1868 Λαός
2779 1826 2895 1873 σου,
2957 1804 3048 1866 οὓς
3120 1803 3383 1878 ἐξήγαγες
3441 1800 3501 1857 ἐκ
3556 1808 3662 1877 γῆς
3722 1801 3827 1857 Αἱ-

2172 1895 2400 1972 γύπτου.
2462 1894 2560 1949 Καὶ
2620 1901 2818 1964 συνῆκε
2872 1899 3099 1961 Μωσῆς,
3158 1891 3240 1946 ὅτι
3319 1889 3578 1961 ἐποίησαν
3653 1888 3827 1945 πάλιν

2172 1983 2519 2061 χωνεύματα,
2550 1984 2639 2039 καὶ
2671 1981 2885 2060 ἔρῥιψεν
2919 1982 2978 2036 ἐκ
3024 1985 3133 2036 τῶν
3187 1984 3390 2056 χειρῶν
3433 1979 3529 2040 τὰς
3584 1978 3829 2046 πλάκας,

2172 2073 2261 2129 καὶ
2320 2067 2705 2150 συνετρίϐησαν
2760 2072 2815 2126 αἱ
2870 2069 3077 2131 πλάκες
3131 2075 3233 2139 τῆς
3281 2066 3547 2139 διαθήκης
3596 2065 3826 2140 Κυρίου.

2172 2169 2374 2233 Μωσῆς
2411 2162 2504 2236 μὲν
2536 2161 2639 2237 γὰρ
2671 2154 2883 2233 ἔλαϐεν,
2915 2158 3069 2213 αὐτοὶ
3101 2154 3157 2212 δὲ
3210 2156 3308 2212 οὐκ
3356 2155 3599 2233 ἐγένοντο
3657 2154 3825 2226 ἄξιοι.

2175 2256 2300 2313 Πῶς
2355 2252 2518 2324 ἡμεῖς
2578 2243 2869 2322 ἐλάϐομεν,
2903 2249 3117 2322 μάθετε.
3175 2252 3380 2315 Μωσῆς
3438 2245 3686 2319 θεράπων
3743 2240 3827 2298 ὣν

2174 2334 2387 2412 ἔλαϐεν,
2417 2338 2577 2401 αὐτὸς
2626 2335 2683 2393 δὲ
2713 2338 2740 2392 ὁ
2773 2336 2969 2411 Κύριος
3016 2338 3153 2409 ἡμῖν
3212 2330 3433 2401 ἔδωκεν,
3463 2335 3482 2408 [
3513 2334 3626 2408 (79)
3664 2332 3830 2407 εἶναι]

2175 2429 2253 2493 εἷς
2299 2427 2428 2485 λαὸν
2479 2425 2873 2503 κληρονομίάς,
2917 2423 3007 2480 διὰ
3056 2427 3205 2498 ἡμᾶς
3235 2422 3551 2497 ὑπομείνας.
3602 2423 3831 2501 Έφανε-

2176 2519 2322 2595 ρώθη
2380 2514 2572 2585 δὲ,’ίνα
2613 2517 2851 2571 κάκεῖνοι
2897 2513 3227 2569 τελειωθῶσι
3277 2517 3394 2575 τοῖς
3441 2512 3829 2587 ἁμαρτήμασι,

2173 2608 2261 2663 καὶ
2322 2608 2483 2680 ἡμεῖς
2535 2603 2603 2661 δι’
2643 2604 2808 2659 αὐτοῦ
2863 2602 3347 2679 κληρονομοῦντες
3406 2598 3673 2671 διαθήκην
3707 2603 3829 2673 (80)

2175 2695 2375 2774 Κυρίου
2408 2698 2585 2766 Ἰησοῦ
2616 2688 2893 2767 λάϐωμεν,
2926 2692 2986 2755 ’ὀς
3019 2692 3094 2755 είς
3140 2696 3303 2747 τοῦτο
3331 2691 3643 2763 ⁴ἦτοιμάσθη
3681 2692 3824 2763 (81),

2168 2783 2279 2854 τίνα,
2336 2784 2494 2846 αὐτὸς
2552 2781 2753 2860 φανεὶς,
2810 2781 2906 2843 τὰς
2964 2777 3072 2851 ἤδη
3158 2776 3602 2849 δεδαπανημὲνας
3657 2780 3829 2850 ἡμῶν

2173 2871 2394 2950 καρδίας
2427 2870 2646 2947 (82)τῷ
2694 2871 2927 2942 θανάτῳ,
2975 2868 3065 2923 καὶ
3113 2865 3557 2943 παραδεδομένας
3601 2869 3670 2940 τῇ
3716 2872 3830 2935 τῆς

2172 2961 2386 3033 πλάνης
2435 2961 2651 3035 ἀνομίᾳ,
2686 2958 3102 3035 λυτρωσάμενος
3153 2957 3213 3013 ἐκ
3256 2961 3357 3012 τοῦ
3405 2954 3654 3028 σκότους,
3702 2952 3828 3009 διά-

2175 3063 2333 3122 θηται
2380 3050 2433 3106 ἐν
2478 3052 2613 3125 ἡμῖν
2664 3047 2929 3118 διαθήκην
2981 3045 3152 3124 λόγῳ.
3207 3047 3513 3122 Γέγραπται
3542 3044 3669 3121 γὰρ,
3701 3048 3826 3105 πῶς

2173 3140 2320 3213 αὐτῷ
2372 3141 2400 3195 ὁ
2459 3139 2645 3216 Πατὴρ
2703 3135 3032 3208 ἐντέλλεται,
3094 3136 3509 3210 Λυτρωσάμενος
3565 3136 3714 3207 ἡμᾶς
3764 3132 3826 3188 ἐκ

2171 3234 2268 3286 τοῦ
2335 3228 2584 3297 σκότους,
2639 3225 2921 3300 ἑτοιμάσαι
2978 3225 3150 3297 ἑαυτῷ
3219 3222 3350 3281 λαὸν
3426 3223 3598 3300 ἅγιον.
3660 3222 3830 3297 Λέγει

1822 3333 1975 3388 Vetus
2011 3330 2415 3403 interpretatio.

490 3423 633 3504 _XIV.
666 3425 775 3504 S_ed
807 3428 1413 3504 testamentumquod
1437 3428 1660 3499 juravit
1688 3428 2029 3499 parentibus
2060 3433 2125 3485 ut
2173 3429 2338 3504 daret
2387 3424 2620 3504 populo,
2662 3441 2734 3504 an
2769 3423 3006 3504 _dedet_-it
3048 3435 3402 3504 quaeramus.
3455 3418 3661 3502 Dedit:
3716 3419 3824 3504 sed

418 3495 506 3551 illi
536 3497 922 3573 nontuerunt
950 3500 1110 3573 digni
1141 3492 1400 3571 accipere
1437 3492 1937 3573 propter-peccata
1966 3518 2093 3556 sua.
2129 3500 2278 3555 Dicit
2325 3492 2481 3573 enini
2538 3496 2863 3573 pmpheta;
2920 3497 2988 3573 Et
3022 3492 3160 3573 erat
3202 3492 3405 3573 Moyses
3426 3492 3825 3573 jejunansuin

417 3574 602 3646 monte
631 3567 784 3646 Sina,
810 3573 867 3646 ut
895 3564 1163 3646 acciperet
1193 3564 1572 3646 testamentum
1599 3591 1634 3629 a
1660 3564 1908 3646 Domino,
1942 3572 2331 3646 quadraginta
2359 3564 2558 3646 diebus
2595 3564 2666 3646 ei
2694 3564 3381 3646 ᾳιιαᾴναθὶηξαηῖξοεὶίὺιιδς
3426 3564 3496 3646 EF
3528 3578 3645 3646 39°!

667 3639 899 3715 tabulas
924 3633 1172 3712 scriptas
1205 3660 1382 3699 manu
1418 3645 1536 3699 Dei.
1569 3682 1585 3699 .
1625 3686 1637 3698 .
1672 3645 1740 3699 Et
1770 3650 1833 3698 ut
1862 3633 2099 3715 accepit,
2134 3633 2197 3699 .”’.
2232 3642 2526 3698 deferebat
2553 3641 2623 3694 ad
2656 3633 3036 3715 populumut
3071 3635 3188 3690 illis
3213 3635 3395 3715 daret.
3426 3633 3687 3715 EtDixit
3708 3633 3795 3715 Do

427 3639 562 3696 Deo.
602 3679 615 3692 .

3472 3569 3496 3617 ι
3533 3563 3761 3634 accepit
3790 3580 3825 3618 α

423 3711 622 3789 minus
665 3725 677 3764 :
725 3707 1222 3789 [ttoy_ses,__Mo_yses,
1271 3715 1525 3789 descende
1571 3716 1826 3781 celerius,
1882 3707 2034 3789 quia,
2062 3707 2287 3786 populus
2334 3707 2973 3789 tu‘usjguemedumisti
2999 3708 3065 3789 de
3106 3716 3255 3763 terra
3286 3707 3536 3789 {,Egypft',
3579 3710 3826 3789 ηνάειεντ

420 3784 491 3838 iit
516 3780 713 3858 legem.
738 3775 1118 3840 Et'intellexi't
1148 3775 1391 3858 Moyses,
1428 3788 1563 3858 quia
1592 3775 1851 3842 fecerunt
1881 3775 1991 3842 sibi
2022 3775 2234 3841 iter'um
2265 3775 2594 3858 conﬂatile:
2645 3787 2706 3858 et
2741 3780 2984 3858 projecit
3030 3781 3102 3834 de
3145 3775 3438 3858 manibus
3460 3775 3716 3857 tabulas,
3766 3783 3827 3833 et

422 3854 724 3929 contractas
760 3860 917 3911 sunt.
996 3896 1011 3913 .
1095 3897 1108 3912 .
1190 3854 1484 3929 .Moyses.
1572 3898 1583 3916 .

1660 3872 1683 3912 ‘.
1719 3859 1979 3929 accepit;
2013 3859 2113 3913 sed
2140 3857 2222 3912 illi
2254 3874 2370 3911 non
2403 3856 2636 3909 fuerunt
2653 3848 2998 3929 dig—nifQuo
3040 3850 3210 3929 modo
3254 3848 3823 3929 acceperimusﬂnos,

423 3925 666 4002 discite:
750 3968 763 3981 .
847 3968 860 3981 .
921 3970 953 4002 Α.
999 3970 1050 4002 _.
1115 3968 1146 4002 _.
1234 3970 1245 3984 .
1335 3919 1473 3983 :cui
1508 3946 1610 3984 nos
1651 3929 1713 3983 in
1762 3919 2159 4002 haereditatem
2210 3928 2342 4002 (83),
2395 3930 2630 3999 pr0pter
2677 3919 2791 4002 nos
2819 3922 3030 4002 _o_mni_a
3058 3920 3364 4002 sustinens
3415 3919 3829 4002 apparuitkut

420 3997 507 4052 illi
530 3999 948 4075 consummgti
964 3999 1082 4055 sint
1111 3999 1168 4053 in
1211 4002 1485 4075 peccatis,
1509 4005 1827 4075 etnosper
1849 4001 2013 4056 illum
2038 3990 2437 4075 haereditatem
2461 3990 2794 4075 testamenti
2815 3992 3075 4075 [Domini
3090 3991 3281 4075 .nostri
3302 3990 3825 4075 Jes’uﬂt‘lbristi(84_)]

423 4068 804 4141 accipiamus,
839 4070 903 4125 Et
934 4070 1146 4127 iterum
1180 4062 1631 4144 p'ropbeta'dicit
1650 4062 1762 4144 (85)
1788 4091 1800 4128 :
1826 4075 1993 4129 Posui
2010 4077 2061 4128 te
2087 4074 2147 4128 in
2177 4073 2357 4128 lucem
2385 4070 2697 4138 nationum,
2727 4076 2788 4122 ut
2810 4062 2881 4123 sit
2926 4066 3185 4121 sanctitas
3234 4071 3329 4119 tua
3379 4062 3493 4133 (86)
3541 4078 3717 4133 usque
3767 4062 3829 4118 in

493 4169 539 4203 ⁸⁸
568 4167 710 4224 Gen.
744 4185 837 4238 xv,
866 4171 935 4237 6;
968 4176 1104 4237 xvii,
1139 4172 1171 4226 4
1201 4189 1214 4240 ;
1249 4170 1416 4229 Rom.
1445 4187 1519 4238 ιν,
1550 4172 1604 4227 3.
1680 4171 1726 4206 ⁸⁴
1753 4171 1931 4228 Exod.
1965 4187 2058 4227 χιι

2186 4170 2242 4224 8.
2317 4169 2361 4204 ⁸⁸
2390 4167 2568 4224 Exod.
2626 4172 2780 4234 xxxi,
2832 4166 2918 4222 18.
2997 4162 3249 4221 ⁸⁸Ειοά.
3302 4160 3479 4224 xxxii.
3523 4161 3598 4229 7;
3648 4160 3825 4217 Deut.

421 4256 500 4309 lx,
536 4240 624 4297 12.
699 4240 743 4274 ⁸⁷
773 4241 943 4298 Hebr.
969 4251 1054 4309 ιιι,
1083 4242 1137 4297 5.

1799 4339 2171 4398 VARIORUM
2202 4337 2440 4396 NOTAE.

501 4436 614 4517 (ῃ)
650 4438 732 4517 ita
757 4453 825 4493 ex
855 4440 967 4494 vet.
1000 4437 1210 4517 interp.
1246 4439 1431 4496 restit.
1464 4440 1600 4497 st.
1634 4439 1743 4496 Ms.
1778 4441 2068 4511 ζητοῦμεν.
2102 4448 2145 4517 c

498 4509 613 4580 (78)
645 4509 762 4565 Cfr.
794 4526 974 4580 supra
1003 4526 1054 4566 ο.
1086 4511 1138 4565 4.

498 4580 613 4650 (79)
646 4581 731 4637 Ita
760 4580 899 4650 Dav.

502 4648 614 4725 (80)
645 4656 749 4727 Ms.
784 4649 874 4707 διὰ
900 4655 997 4727 τοῦ
1022 4648 1528 4727 κληρονομοῦντος,
1577 4655 1747 4711 male.
1800 4654 1950 4710 Men.
2002 4649 2071 4707 δι’

426 4721 605 4797 αὐτοῦ’
625 4721 998 4797 κληρονομίαν
1034 4721 1319 4794 διαθήκης.

499 4796 612 4869 (81)
643 4795 748 4851 Hic
777 4797 836 4852 in
870 4795 981 4869 ms.
1015 4802 1073 4853 et
1110 4797 1465 4854 editionibus
1500 4796 1665 4869 male
1712 4795 2071 4868 transposita

426 4866 725 4941 leguntur,
770 4886 913 4941 quas
964 4868 1119 4925 intra
1176 4869 1341 4924 uncis
1398 4868 1610 4934 inclus,
1688 4874 1745 4925 et
1789 4887 1821 4924 a
1878 4866 2068 4941 nobis,

426 4939 582 5013 duce
605 4939 783 4995 veteri
805 4939 1148 5013 interprete,
1182 4941 1306 4997 loco
1338 4958 1444 5013 suo
1470 4941 1747 5013 restituta
1766 4944 1923 4997 sunt.
1952 4940 2067 4996 Cfr.

427 5011 693 5070 libellum
726 5029 923 5069 meum
948 5011 1096 5069 {Das
1132 5012 1508 5069 Sendschreib.
1539 5018 1594 5068 α.
1638 5013 1699 5069 Α.
1754 5013 2065 5080 Barnabas,

425 5101 751 5295 ρ’ξέἕῗΜε.
781 5154 996 5223 κακίας,
1027 5154 1195 5212 male.
1232 5159 1358 5213 Vet.
1384 5155 1632 5228 interp.:
1661 5153 1993 5227 praecordia.

520 5227 590 5282 83
640 5227 744 5283 Cui
768 5244 867 5285 nos
896 5229 957 5284 in
987 5228 1394 5294 hxreditatem,
1426 5232 1535 5283 etc.
1588 5227 1923 5292 Menardus,
1973 5241 1993 5280 ε

520 5226 609 5294 83)
640 5227 744 5283 Cui
768 5244 867 5285 nos
896 5229 957 5284 in
987 5228 1394 5294 hxreditatem,
1426 5226 1559 5283 οἱοί
1588 5226 1923 5292 Menardus,
1973 5226 2067 5281 cui

425 5298 548 5372 haec
577 5307 852 5372 corrupta
880 5300 1172 5368 videntur,
1204 5302 1289 5357 sic
1318 5300 1494 5372 legit:
1530 5300 1647 5372 Qui
1662 5315 1762 5355 nos
1791 5300 1852 5354 in
1885 5299 2066 5354 haere-

426 5370 653 5444 ditatem
673 5369 857 5441 eiecit,
885 5376 1109 5444 propter
1138 5378 1244 5428 etc.
1282 5369 1475 5427 Fellus
1506 5369 1651 5426 nihil
1698 5374 1924 5426 mutat:
1971 5386 2064 5423 ve-

427 5459 560 5516 rum
578 5442 659 5516 ita
680 5442 999 5516 distinguit
1016 5462 1028 5501 :
1051 5446 1154 5501 Cui
1170 5445 1633 5516 nos...sustinens.
1659 5444 2062 5516 Apparuit,e_tc.

426 5516 499 5586 At
531 5514 761 5586 duabus
790 5513 1010 5571 voéulis
1046 5516 1399 5586 subauditis,
1454 5515 1625 5571 lectio
1672 5513 1907 5586 vulgata
1958 5513 2067 5586 rite

425 5584 536 5661 sibi
573 5585 841 5661 cohmret.
872 5586 966 5642 Sic
996 5604 1243 5661 nempe:
1279 5584 1493 5642 Discite.
1528 5586 1670 5659 (ille)
1700 5584 1807 5661 cui
1854 5600 1951 5661 nos
2004 5585 2066 5638 in

423 5656 797 5731 hzreditatem
824 5659 1100 5731 (sumus),
1136 5656 1367 5731 propter
1411 5674 1509 5714 nos
1538 5656 1741 5713 omnia
1792 5658 2065 5712 sustinens

420 5730 703 5815 apparuit,
732 5735 794 5785 ut
823 5729 934 5796 illi,
967 5734 1077 5785 sto.

2252 4436 2362 4509 (81)
2397 4434 2619 4509 Domini
2644 4431 2974 4509 nostrilesu
3005 4428 3211 4509 Christi
3241 4429 3367 4509 tisse
3396 4427 3590 4509 verba,
3641 4426 3825 4509 etiam

2182 4499 2427 4564 in‘tex'tu
2460 4507 2676 4575 Graeco,
2710 4502 2941 4575 uncinis
2970 4502 3169 4575 clausa
3198 4499 3431 4575 exhibet
3480 4499 3823 4575 Menardus,

2178 4578 2474 4709 1sitlittqris
2504 4570 2765 4633 miniatis
2812 4573 3020 4631 Fellus.
3069 4572 3250 4629 Aliter
3292 4572 3459 4627 editt.
3505 4570 3716 4628 Clerici
3765 4570 3826 4628 et

2232 4668 2366 4707 usse
2393 4667 2455 4705 ιι.

2232 4667 2455 4707 11888111.

2249 4724 2361 4795 (85)
2385 4726 2448 4779 Et
2475 4722 2680 4795 iterum
2698 4718 2970 4795 prppheta
3016 4716 3185 4795 dicit;
3226 4714 3405 4795 Posui
3437 4714 3566 4769 te...
3616 4713 3825 4795 littera-

2178 4784 2264 4851 υἰέ
2287 4784 2448 4849 Deus.
2482 4792 2546 4847 In
2576 4784 2739 4846 cood.
2774 4784 2867 4844 hic
2898 4788 3060 4843 locus
3091 4790 3180 4842 est
3209 4784 3363 4841 male
3392 4786 3819 4856 transpositus.

2178 4866 2325 4925 Nam
2356 4863 2753 4940 postverbum
2785 4861 3120 4940 accipiamus
3148 4857 3449 4940 sequitur;
3484 4855 3595 4923 Qui
3624 4855 3824 4940 innhoc

2214 4928 2401 4995 aratris
2430 4939 2527 5002 est,
2561 4947 2746 5005 usque
2776 4932 2847 4987 ad
2880 4928 2979 5005 illa
3006 4928 3432 5005 verbatiberati
3448 4942 3661 5005 sumus.
3686 4928 3801 5005 Qui

2221 5027 2290 5066 us
2320 4998 2521 5065 statim
2553 4998 2889 5062 subduntur
2917 5003 3062 5058 ista:
3099 5002 3159 5055 Et
3184 5001 3386 5055 iterum
3414 4998 3682 5070 propheta
3738 5001 3825 5055 di-

2372 5080 2539 5136 Posui
2585 5081 2706 5133 te...
2758 5075 3012 5130 liberavit
3076 5073 3235 5128 Deus.
3280 5072 3504 5142 Iterum
3550 5070 3823 5142 propheta

2175 5155 2344 5213 dicit;
2392 5150 2631 5223 Spiritus
2678 5147 3077 5223 Dominiketc:
3112 5158 3317 5223 usque
3361 5142 3433 5223 ad
3477 5140 3677 5197 ﬁnem.
3734 5142 3825 5198 Ita

2177 5240 2239 5280 se
2268 5212 2487 5279 habent
2526 5219 2779 5275 Menardi
2829 5212 3126 5273 etClerici
3174 5212 3340 5269 editt.
3380 5212 3495 5268 Nos
3533 5229 3669 5269 vero
3716 5229 3825 5270 eas

2176 5296 2482 5366 sequimur
2512 5307 2655 5363 quas
2687 5288 2882 5346 Fellus
2911 5292 2968 5344 et
2988 5284 3297 5343 Russelius
3326 5289 3625 5355 curarunt,
3659 5283 3822 5341 Gra-

2176 5367 2261 5423 cis
2294 5366 2661 5421 inhaerentes.

2247 5438 2359 5510 (86)
2389 5437 2473 5510 Sit
2500 5434 2768 5510 sanctitas
2798 5441 2915 5487 tua.
2947 5430 3045 5510 Gr.
3072 5426 3378 5510 Barnabar
3402 5429 3460 5481 et
3502 5425 3668 5510 EXX,
3716 5430 3823 5510 τσῦ

2176 5498 2305 5563 εἷναί
2336 5498 2393 5560 σε
2416 5506 2493 5580 εἰς
2523 5501 2829 5580 σωτηρίανε
2862 5511 2922 5580 ut
2951 5503 3029 5580 sis
3060 5509 3120 5555 tu
3148 5502 3212 5555 in
3232 5499 3489 5580 salutem.
3512 5498 3821 5580 Exp‘uncto

2176 5597 2312 5653 ergo
2339 5579 2512 5634 verbo
2542 5569 2820 5634 vocabulo
2875 5578 2988 5638 tua,
3014 5572 3139 5655 lege
3164 5589 3175 5625 ε
3202 5575 3272 5652 'ut
3308 5570 3383 5624 sis
3414 5578 3471 5624 tu
3490 5569 3723 5636 sanitas,
3759 5569 3820 5625 id

2174 5658 2264 5709 est
2293 5650 2476 5707 salus.
2510 5649 2657 5705 Man.
2689 5678 2755 5689 —-
2781 5619 2868 5701 Ai.
2902 5654 2961 5700 ut
2988 5660 3064 5699 sis
3083 5647 3297 5698 sanitas
3329 5644 3447 5696 tua.
3479 5639 3698 5709 Fellus,
3761 5644 3824 5697 ut

2171 5725 2246 5780 sit
2270 5722 2421 5781 satus
2450 5730 2569 5778 tua.
