4036 6344
444 460 558 514 ’7⁵11

1680 455 1743 515 S.
1792 452 2189 516 BARNABAE
2230 452 2638 516 APOSTOLI.

3753 458 3865 519 772

441 590 568 644 dies
598 588 991 660 aequiparatur
1021 586 1181 642 mille
1224 587 1463 643 annis“.
1502 591 1750 659 lpsemet
1797 589 1953 643 enim
2002 592 2074 641 te-

2200 584 2253 640 έν
2294 582 2681 660 ἑξακισχιλίοις
2730 580 2866 638 ἔτεσι
2913 585 2978 656 τὰ
3021 582 3210 640 πάντα·
3264 587 3297 654 ἠ
3346 586 3452 661 γὰρ
3497 586 3691 661 ἡμέρα
3741 590 3866 663 παρ’

446 682 655 746 statur,
706 678 953 733 dicens:
989 680 1123 733 Ecce
1169 677 1468 733 hodiernus
1515 678 1627 733 dies
1672 678 1782 732 erit
1830 679 2095 748 tanquam

444 767 600 821 mille
618 767 822 821 anni”.
856 767 1071 836 Itaque,
1106 764 1231 836 filii,
1265 765 1324 819 in
1357 782 1455 820 sex
1485 765 1716 836 diebus,
1744 764 1851 821 hoc
1880 768 1990 832 est,
2031 764 2091 818 in

446 871 547 910 sex
576 871 863 910 annorum
904 853 1165 909 millibus
1193 855 1763 909 consummabuntur
1798 852 2089 907 universa.

444 946 509 1001 Et
538 945 804 1016 requievit
840 944 933 999 die
968 946 1215 1014 septima.
1250 943 1366 998 Hoc
1409 942 1491 997 ait
1522 960 1534 998 :
1572 943 1806 1013 quando
1855 941 2092 997 veniens

446 1033 575 1105 ejus
607 1030 789 1088 Filius
821 1036 1051 1103 tempus
1081 1030 1267 1103 iniqui
1292 1030 1567 1099 abolebit,
1591 1030 1961 1102 acjudicabit
1982 1030 2092 1084 im-

451 1122 601 1194 pios,
632 1126 690 1177 et
726 1122 979 1177 mutabit
1007 1119 1185 1175 solem
1217 1136 1283 1175 ac
1313 1119 1515 1175 lunam
1565 1118 1909 1191 stellasque;
1957 1126 2093 1173 tunc

450 1210 695 1282 pulchre
708 1209 1163 1282 resquiescetdie
1186 1210 1456 1281 septima.
1472 1208 1733 1280 Denique
1756 1209 1836 1263 ait
1855 1226 1867 1263 :
1884 1208 2093 1263 Sancti-

444 1301 636 1370 ﬁcabts
662 1317 783 1356 eam
821 1300 1080 1354 manibus
1122 1298 1339 1353 mundis
1383 1303 1433 1353 et
1467 1299 1623 1353 corde
1670 1313 1826 1368 puro.
1867 1297 1923 1353 8i
1955 1312 2091 1369 ergo

435 1405 609 1458 quam
642 1390 795 1444 diem
827 1389 983 1443 Deus
1017 1388 1424 1453 sanctificavit,
1460 1386 1677 1458 aliquis
1710 1403 1861 1441 nunc
1899 1389 2091 1458 potest

432 1478 822 1547 sanctiﬁcare,
875 1477 983 1532 nisi
1035 1476 1113 1531 sit
1181 1492 1282 1548 per
1332 1476 1531 1531 omnia
1580 1476 1837 1531 mundus
1895 1475 2087 1542 corde,

435 1567 780 1622 erravimus.
824 1565 968 1621 Vide
1025 1581 1161 1636 ergo
1196 1581 1208 1619 :
1243 1568 1396 1621 certe
1450 1570 1591 1619 tunc
1644 1564 1883 1636 pulchre
1929 1563 2088 1635 quie-

438 1671 609 1710 scens
667 1655 996 1709 sanctiﬁcat
1043 1653 1303 1725 [aliquis]
1357 1670 1517 1719 eam,
1572 1670 1705 1708 cum
1765 1653 2089 1724 poterimus

436 1743 549 1815 ipsi
573 1745 735 1813 justo
767 1742 1019 1813 [facere],
1053 1747 1289 1814 accepta
1320 1742 1727 1814 promissione,
1760 1742 1949 1797 deleta
1977 1740 2088 1797 ini-

439 1833 700 1905 quitate,
752 1832 978 1887 novatis
1033 1848 1167 1887 vero
1217 1830 1443 1887 cunctis
1496 1848 1531 1887 a
1586 1831 1867 1887 Domino.
1926 1830 2086 1885 Tunc

435 1922 758 1994 poterimus
785 1920 939 1976 diem
970 1920 1131 1976 illam
1165 1920 1616 1986 sanctiﬁcare,si
1649 1936 1755 1976 nos
1786 1919 1897 1991 ipsi
1920 1919 2086 1991 prius

431 2010 719 2065 fuerimus
749 2009 1081 2065 santiﬁcali.
1106 2009 1355 2065 Demum
1390 2008 1507 2063 illis
1566 2008 1707 2063 dicit
1739 2025 1752 2064 :
1784 2007 2087 2064 Novitunia

433 2103 608 2154 vestra
652 2105 703 2154 et
751 2098 989 2154 Sabbata
1043 2101 1225 2153 vestra
1275 2113 1389 2153 non
1430 2098 1615 2168 fero“.
1664 2096 1913 2165 Cernite,
1947 2113 2085 2169 quo-

430 2188 600 2243 modo
633 2188 945 2260 loquatur:
971 2204 1088 2242 non
1121 2186 1268 2242 mihi
1298 2191 1536 2259 accepta
1584 2191 1724 2242 sunt
1776 2186 2086 2257 praesentia

432 2276 705 2343 Sabbala,
739 2277 840 2333 sed
872 2275 993 2345 illa,
1027 2292 1156 2347 quae
1201 2292 1307 2347 ego
1358 2276 1531 2341 fecit;
1574 2275 1808 2347 quando
1837 2274 2081 2342 scilicet,

433 2366 717 2438 universis
749 2367 922 2420 ﬁnem
957 2366 1285 2436 imponens,
1330 2364 1512 2420 octavi
1549 2364 1661 2418 diei
1712 2363 1920 2419 faciam
1967 2363 2084 2418 ini-

432 2455 603 2525 tium,
639 2455 746 2510 boc
799 2458 908 2522 est,
941 2453 1175 2508 initium
1227 2452 1468 2508 alterius
1519 2452 1744 2507 mundi.
1780 2451 1996 2507 Idcirco
2022 2456 2079 2507 et

431 2544 585 2598 diem
633 2548 898 2598 octavum
949 2542 1007 2597 in
1052 2541 1251 2596 laetitia
1306 2542 1576 2613 agimus;
1639 2558 1753 2612 quo
1802 2546 1859 2596 et
1902 2541 2076 2596 Jesus

428 2632 747 2688 resurrexit
778 2648 811 2686 a
844 2631 1112 2697 mortuis,
1143 2636 1355 2686 etcum
1389 2630 1777 2702 apparuisset,
1813 2629 2076 2685 ascendit

426 2723 496 2777 ad
530 2720 725 2777 caelos.

2201 674 2348 745 αὐτῷ
2378 673 2537 749 χιλια
2593 672 2710 743 ἔτη.
2772 672 2943 734 Αὐτὸς
2993 671 3049 727 δὲ
3102 679 3384 749 μαρτυρεῖ,
3438 674 3654 748 λέγων·
3707 674 3860 747 Ἰδοὺ,

2203 764 2442 838 σήμερον
2511 761 2693 836 ἡμέρα
2764 756 2907 815 ἔσται
2986 761 3061 822 ὡς
3135 762 3299 837 χίλια
3374 759 3466 833 ἔτη
3521 807 3535 820 .
3590 763 3809 820 Οὐκοῦν
3848 809 3860 832 ,

2198 852 2379 921 τέκνα,
2439 850 2492 905 έν
2538 850 2592 921 ’ἐξ
2650 848 2906 923 ἡμέραις,
2965 849 3016 903 ἐν
3073 856 3189 912 τοῖς
3246 848 3647 927 ἑξακισχιλίοις
3705 850 3862 925 ἔτεσι,

2202 938 2671 1010 συντελεσθήσεται
2755 938 2822 993 τὰ
2893 939 3066 992 πάντα
3120 981 3134 994 .
3214 940 3317 996 Καὶ
3404 939 3715 996 κατέπαυσε

2199 1029 2381 1103 ἡμέρᾳ
2433 1027 2503 1102 τῇ
2563 1022 2788 1101 ἐϐδόμῃ.
2845 1030 3015 1082 Τοῦτο
3072 1026 3238 1104 λέγει’
3275 1026 3400 1083 ὅταν
3462 1026 3638 1085 ἐλθὼν
3679 1030 3709 1085 ὁ
3743 1032 3864 1095 Υἱὸς

2200 1115 2364 1172 αὐτοῦ
2419 1116 2507 1172 καὶ
2555 1117 2881 1191 καταργήσει
2937 1116 3028 1171 τὸν
3083 1116 3271 1191 καὶρὸν
3329 1116 3535 1191 ἀνόμου
3596 1121 3680 1193 (1)
3707 1164 3725 1191 ,
3781 1121 3863 1175 καὶ

2200 1212 2374 1282 κρινεῖ
2426 1206 2554 1270 τοὺς
2613 1201 2867 1278 ἀσεϐεῖς,
2921 1204 3010 1260 καὶ
3071 1204 3297 1276 ἀλλάξει
3352 1206 3443 1262 τὸν
3501 1206 3716 1281 ἥλιον,
3778 1210 3863 1264 καὶ

2198 1298 2297 1367 τήν
2347 1294 2600 1367 σελήνην,
2653 1296 2743 1350 καὶ
2788 1294 2916 1357 τοὺς
2964 1294 3233 1371 ἀστέρας,
3283 1296 3407 1351 τότε
3451 1298 3643 1359 καλῶς
3699 1319 3863 1354 κατα-

2198 1385 2457 1441 παύσεται
2507 1385 2560 1439 ἐν
2601 1389 2670 1459 τῇ
2721 1386 2903 1459 ἡμέρᾳ
2947 1388 3016 1457 τῇ
3070 1378 3279 1458 ἐϐδόμῃ
3452 1387 3629 1460 Πέρας
3660 1389 3729 1463 γέ
3781 1409 3861 1442 τοι

2199 1474 2343 1551 λέγει
2378 1494 2391 1506 ⁵
2452 1472 2720 1550 ’Δγιάσεις
2794 1472 2961 1542 αὐτὴν
3032 1472 3085 1527 ἐν
3162 1472 3322 1550 χερσί
3395 1476 3658 1550 καθαραῖς
3694 1521 3715 1547 ,
3773 1478 3860 1531 καὶ

2196 1561 2393 1639 καρδίᾳ
2445 1564 2651 1638 καθαρᾷ
2838 1563 2901 1619 Ei
2950 1559 3069 1629 οὖν,
3099 1563 3161 1631 ἣν
3212 1563 3341 1624 Θεὸς
3390 1563 3603 1637 ἡμέραν
3637 1566 3855 1640 ἡγίασε,

2196 1657 2286 1707 νῦν
2332 1674 2415 1714 τις
2474 1649 2692 1707 δύναται
2751 1650 2990 1726 ἁγιάσαι,
3024 1651 3071 1705 εἰ
3105 1652 3181 1724 μὴ
3214 1651 3446 1727 καθαρὸς
3478 1649 3551 1707 ὢν
3604 1658 3677 1727 τῇ
3732 1675 3859 1731 mp-

2197 1738 2286 1813 δίᾳ
2333 1740 2385 1796 ἒν
2440 1748 2591 1813 πᾶσι,
2650 1738 3063 1812 πεπλανήμεθα.
3124 1736 3225 1796 ”Ιδ’
3276 1740 3391 1794 οὖν’
3452 1738 3554 1818 ἄρα
3613 1744 3695 1816 (4)
3738 1742 3857 1798 τότε

2194 1829 2379 1891 καλῶς
2427 1829 2872 1901 καταπαυόμενος
2922 1828 3129 1902 ἁγιάζει
3187 1828 3353 1898 αὐτὴν
3403 1831 3503 1902 (5),
3555 1829 3646 1885 ὅτε
3695 1829 3855 1902 δυνη-

2197 1919 2403 1991 σόμεθα
2449 1919 2601 1974 αὐτοὶ
2656 1916 2875 1973 δίκαια⁶
2929 1913 3297 1981 ἀπολαϐόντες
3346 1919 3445 1989 τὴν
3492 1918 3853 1995 ἐπαγγελίαν,

2195 2007 2372 2063 οὐκέτι
2420 2004 2587 2078 οὔσης
2636 2007 2888 2081 ἀνομίας,
2935 2006 3240 2082 γεγονότων
3293 2004 3351 2063 δὲ
3395 2012 3593 2063 καινῶν
3639 2008 3853 2064 πάντων

2195 2096 2298 2151 ὑπὸ
2357 2096 2555 2173 Κυρίου
2760 2094 2892 2149 Τότε
2948 2091 3293 2167 δυνησόμεθα
3348 2094 3516 2165 αὐτὴν
3578 2097 3847 2173 ἁγιάσαι,

2190 2184 2343 2241 αὐτοὶ
2419 2184 2752 2261 ἀγιασθέντες
2825 2188 3086 2258 πρῶτον.
3146 2182 3318 2259 Πέρας
3396 2183 3461 2260 γέ
3534 2206 3623 2239 τοι
3703 2184 3845 2261 λέγει

2190 2273 2375 2338 αὐτοῖς
2408 2296 2421 2309 ο
2480 2274 2582 2337 Τὰς
2657 2272 2953 2345 νεομηνίας
3028 2273 3181 2345 ὑμῶν
3212 2320 3228 2346 ,
3280 2272 3370 2327 καὶ
3443 2274 3512 2328 τά
3590 2270 3844 2329 Σαϐϐατα

2190 2364 2342 2435 ὑμῶν
2401 2362 2500 2418 οὐκ
2549 2362 2840 2439 ἀνέχομαι.
2892 2366 3095 2434 Ὁρᾶτε,
3154 2366 3275 2424 πῶς
3330 2360 3500 2437 λέγει’
3555 2363 3727 2418 Οὐτά
3754 2368 3843 2419 νῦν

2189 2446 2443 2506 Σάϐϐατα
2490 2450 2614 2524 ἐμοὶ
2666 2448 2846 2521 Sextil,
2897 2448 3021 2505 ἀλλ’
3069 2449 3103 2504 ἃ
3146 2450 3438 2524 πεποίηκα,
3483 2451 3535 2507 έν
3587 2453 3634 2525 ᾧ
3681 2474 3840 2507 κατα-

2185 2540 2390 2602 παύσας
2431 2541 2498 2595 τά
2545 2539 2735 2608 πάντα,
2785 2539 2964 2615 ἀρχὴν
3003 2538 3216 2615 ἡμέρας
3261 2537 3463 2614 ὀγδόης
3513 2542 3761 2611 ποιήσω,
3808 2540 3839 2595 ὅ

2184 2630 2315 2703 ἐστι,
2366 2627 2540 2684 ἄλλου
2589 2628 2799 2702 κόσμου
2858 2630 3034 2705 ἀρχήν
3242 2631 3317 2702 (8)
3365 2630 3457 2684 Διὸ
3504 2630 3597 2683 καὶ
3630 2631 3827 2705 ἄγομεν

2179 2721 2280 2789 τήν
2334 2720 2542 2795 ἡμέραν
2598 2721 2697 2787 τὴν
2752 2715 2949 2792 ὀγδόην
3011 2717 3089 2780 εἷς
3149 2717 3504 2795 εὐφροσύνην,
3552 2717 3603 2772 ὲν
3742 2719 3827 2774 καὶ

2181 2808 2210 2863 ὁ
2238 2809 2446 2878 Ἰησοῦς
2474 2807 2667 2877 ἀνέστη
2700 2806 2759 2861 ἐκ
2786 2811 3011 2880 νεκρῶν,
3043 2805 3133 2861 καὶ
3173 2807 3499 2885 φανερωθεὶς
3534 2809 3615 2880 (9)
3662 2804 3826 2878 ἀνέὸη

2179 2896 2257 2959 εἰς
2282 2895 2408 2959 τοὺς
2440 2896 2725 2972 οὐρανούς.

855 2995 996 3051 XVI.
1029 2995 1145 3050 Non
1176 2994 1435 3065 templum
1460 2993 1796 3065 Iudaeorum,
1828 2994 1921 3049 sed
1949 2996 2241 3066 spirituale
2270 2997 2531 3068 templum
2559 2997 3005 3054 Christianorum
3035 3000 3144 3051 Deo
3171 2995 3400 3067 placuit.

578 3082 778 3139 Adhuc
810 3088 866 3139 et
894 3084 964 3139 de
994 3082 1215 3156 templo
1257 3084 1387 3139 dica
1430 3083 1615 3154 vobis,
1662 3084 1949 3154 quomodo
1980 3100 2067 3139 er-
2101 3087 2143 3152 Ο

2251 3085 2371 3138 Ἔτι
2400 3083 2489 3138 καὶ
2518 3083 2642 3160 περὶ
2670 3086 2767 3137 τοῦ
2809 3086 2940 3138 ναοῦ
2974 3081 3082 3158 έρῶ
3132 3082 3280 3155 ὑμῖν
3313 3086 3428 3144 πῶς
3475 3079 3829 3156 πλανώμενοι

1814 3191 1983 3251 Vetus
2012 3192 2452 3273 interpretatio.

426 3288 680 3371 ctiﬁcare
711 3287 904 3371 mod-0.,
940 3287 1053 3344 nisi
1076 3287 1176 3360 qui
1209 3288 1288 3343 sit
1305 3288 1525 3343 mundo
1555 3288 1727 3343 corde
1755 3287 1812 3342 in
1846 3288 2159 3371 omnibus?
2186 3288 2310 3344 Non
2344 3289 2660 3371 erravimus
2690 3288 3093 3371 (10).”Yidens
3117 3302 3275 3371 _ergo
3325 3286 3830 3371 quiur‘efr‘igerans

424 3359 810 3416 sanctiﬁcavit
838 3359 1042 3429 illum;
1080 3359 1109 3414 ξ
1137 3400 1151 3415 .
1179 3401 1210 3432 ί.
1254 3400 1268 3416 .
1295 3401 1324 3432 ν.
1370 3401 1383 3415 .
1427 3400 1440 3414 .
1485 3401 1497 3413 .
1544 3399 1558 3414 .
1603 3398 1616 3412 .
1664 3400 1677 3432 τ
1722 3400 1735 3413 .
1780 3400 1793 3414 .
1840 3400 1853 3413 .
1895 3365 1953 3414 et
1983 3376 2089 3415 nos
2125 3366 2267 3416 tunc
2296 3362 2619 3432 poterimus
2676 3359 3062 3430 sanetificare,
3113 3359 3227 3432 ipsi
3281 3359 3649 3432 sanctiﬁcati
3709 3360 3828 3432 pri-

424 3448 610 3486 mum.
634 3433 716 3485 Ad
751 3448 1044 3486 summam
1077 3431 1217 3486 dicit
1247 3431 1362 3486 illis
1394 3447 1407 3486 :
1442 3432 1569 3486 Dies
1598 3430 1862 3487 solemnes
1892 3440 2115 3498 vestros,
2138 3437 2190 3487 et
2221 3430 2458 3488 Salonio
2478 3451 2589 3488 non
2616 3435 2875 3488 sustineo.
2908 3430 3279 3502 Videte,'quo
3312 3432 3483 3485 modo
3514 3431 3684 3496 dicit,
3711 3430 3827 3487 non

426 3502 550 3558 haac
579 3502 833 3575 sabbata
862 3504 974 3575 sibi
1006 3519 1121 3575 non
1153 3507 1387 3574 accepta
1414 3503 1550 3575 (11),
1584 3503 1684 3575 sed
1717 3518 1843 3575 quae
1874 3503 2028 3570 fecit,
2061 3508 2119 3558 et
2146 3503 2206 3558 in
2238 3503 2331 3559 die
2361 3521 2467 3559 suo
2489 3504 2920 3560 consummavit
2948 3503 3166 3575 omnia,
3198 3502 3449 3575 initium
3490 3509 3697 3558 octava
3736 3503 3828 3558 die

433 3576 587 3647 facta
617 3574 749 3644 (12),
784 3574 884 3644 qui
915 3577 1004 3647 est
1033 3573 1272 3629 alterius
1293 3573 1489 3629 saculi
1521 3573 1773 3647 initium.
1794 3574 2031 3645 Propter
2061 3576 2214 3647 quod
2235 3575 2465 3644 agimus
2488 3577 2642 3632 diem
2671 3580 2937 3631 octavum
2958 3575 3016 3629 in
3035 3574 3383 3647 legationem
3404 3592 3417 3642 ;
3439 3574 3498 3629 in
3520 3574 3824 3646 quem(43)

436 3649 493 3700 et
512 3644 687 3717 Jes‘us
718 3644 1032 3717 resurrexit
1061 3662 1095 3699 a
1125 3646 1401 3717 mortuis;
1434 3651 1490 3701 et
1520 3646 1811 3717 apparuit,
1848 3644 2197 3701 et’ascendit
2216 3647 2274 3700 in
2307 3647 2501 3701 cmlos.

503 3714 627 3789 XVI
657 3714 859 3789 Adhuc
890 3727 953 3789 et
976 3715 1045 3789 de
1077 3715 1293 3789 templo
1324 3714 1747 3789 dicemus'Uli),
1781 3714 1896 3789 quo
1924 3718 2099 3789 modo
2129 3724 2385 3773 errantes
2416 3719 2472 3771 in
2503 3718 2686 3772 aedem
2710 3732 2871 3788 spem
2904 3716 3239 3772 habuerunt
3281 3721 3561 3789 tanquam
3607 3715 3669 3770 in
3714 3715 3822 3789 Do-

430 3787 657 3861 minum
690 3785 1108 3861 (15),_qui__illos
1140 3785 1273 3861 fecit
1301 3789 1475 3861 quasi
1493 3785 1813 3861 sitdomus
1836 3788 1973 3845 Dei:
2005 3794 2285 3861 tanquam
2309 3789 2653 3860 ethnici(16)
2684 3785 3473 3861 co'nservaverunt(17)illum
3496 3787 3556 3841 in
3580 3786 3820 3859 templo.

434 3858 544 3914 Sed
577 3875 689 3930 quo
724 3858 896 3912 modo
927 3857 1081 3912 dicat
1114 3857 1415 3931 Dominus,
1449 3859 1675 3926 discite,
1709 3876 1957 3931 vacuum
1992 3857 2209 3915 faciens
2237 3862 2509 3931 templum
2545 3857 2559 3916 ξ
2596 3861 2726 3928 Quis
2752 3876 2968 3914 mensus
2997 3863 3077 3913 est
3105 3862 3301 3915 caelum
3327 3860 3531 3931 palmo,
3563 3869 3660 3913 aut
3706 3857 3823 3925 quis

426 3934 592 3986 totam
624 3937 835 3985 terram
861 3945 1045 4001 pugno
1074 3930 1459 4003 apprehendit?
1484 3932 1675 4003 Nonne
1698 3930 1838 4003 mihi
1868 3931 2001 4003 (18),
2034 3932 2167 3986 dicit
2196 3930 2478 3998 Dominus,
2513 3936 2708 3987 ca’lum
2737 3932 2964 3986 thronus
2994 3935 3093 3995 est,
3126 3940 3271 3985 terra
3300 3934 3482 4003 autem
3516 3931 3823 4003 Ascabeltum

417 4003 619 4072 pedum
646 4018 894 4057 meorum
922 4004 1025 4056 est?
1054 4001 1715 4074 ()uatequomumﬂmihi
1743 4001 2116 4071 mdiﬁcabztis,
2152 4012 2247 4058 aut
2291 4006 2412 4074 quis
2471 4004 2619 4059 locus
2672 4006 2777 4058 erit
2812 4004 3171 4073 rcquietionis
3220 4018 3372 4057 meas.
3406 4001 3567 4056 Unde
3609 4018 3825 4074 cogno-

423 4074 609 4138 scitis,
642 4075 778 4143 quia
804 4089 954 4128 vana
984 4090 1117 4145 spes
1148 4078 1239 4129 est
1267 4072 1515 4128 illorum.
1546 4073 1609 4127 Et
1630 4076 1840 4128 iterum
1876 4090 1888 4129 :
1935 4116 1947 4129 .

1992 4114 2008 4129 .
2054 4115 2067 4129 .
2112 4077 2216 4143 Qui
2244 4074 2611 4146 deposuerunt
2639 4075 2905 4148 templum
2934 4075 3052 4142 hoc,
3087 4075 3195 4146 ipsi
3223 4073 3365 4129 illud
3394 4078 3445 4129 et
3475 4073 3822 4143 aediﬁcabant

493 4162 538 4197 9‘
570 4160 686 4218 Cir.
718 4164 753 4216 2
784 4161 935 4217 Petr.
985 4178 1070 4231 111,
1105 4165 1158 4218 8.
1236 4162 1281 4197 9⁵
1307 4161 1459 4218 Psal.
1494 4178 1719 4230 Lxxxm,
1751 4163 1804 4217 4.
1883 4163 1925 4198 εδ
1956 4164 2067 4219 Isa.
2102 4180 2142 4234 1,
2176 4165 2262 4218 13.

1771 4263 2180 4324 VAlthRUM
2229 4264 2463 4323 NOT/E

523 4356 576 4430 1)
605 4358 695 4430 lta
724 4354 862 4410 Fell.
896 4356 1042 4411 duce
1069 4360 1184 4430 vet.
1227 4357 1471 4430 interpr.
1522 4358 1631 4415 Ms.
1673 4355 1858 4425 αὐτοῦ,
1892 4358 2063 4414 male.

520 4427 574 4499 2)
606 4426 648 4499 Ι.
684 4443 733 4499 e.
764 4443 967 4499 verum
994 4428 1311 4484 Sabbatum
1343 4426 1661 4486 {secundo
1694 4431 1929 4485 demum
1961 4430 2069 4486 ori-

2176 4362 2509 4425 erravimus,
2546 4358 2717 4425 Vides,
2750 4362 2858 4414 etc.
2901 4357 3094 4414 Fellus
3141 4361 3335 4412 autem
3384 4356 3469 4411 sic
3500 4372 3513 4410 :
3548 4358 3677 4413 Nisi
3702 4358 3818 4427 quis

2176 4432 2250 4485 sit
2279 4431 2482 4487 mundo
2530 4430 2688 4485 corde
2722 4447 2735 4485 :
2771 4431 2829 4485 in
2886 4431 3140 4485 omnibus
3185 4445 3283 4484 nos
3320 4430 3654 4483 erravimus.
3701 4428 3816 4483 Vide

422 4472 789 4575 isseisse
804 4472 2068 4575 Ξὶιῖἷηῐιξῗᾙὲὂίιῦίὲξέἴιέαἶιῖἵδὲνῖῖιᾉ
2097 4472 2143 4537 Ι)
2173 4472 2480 4575 ἓῖαξιὸξὲἱὲῗ
2501 4472 2696 4556 (ἕιῗέεὶἒ
2722 4472 3668 4573 ὶιὶἱόᾳῖιζῖἱέἨίεὶῖἶῖεὖὶὶῗιὶἱῖἱιῖἂὲ
3693 4472 3814 4571 ἐέξό

422 4568 689 4626 libellum
739 4586 934 4626 meum
969 4588 983 4627 :
1016 4570 1361 4629 Sendscheib.
1411 4574 1466 4629 ἀ.
1514 4574 1579 4630 Α.
1628 4575 1799 4630 Barn.
1852 4590 1909 4646 p.
1961 4573 2065 4628 109

418 4658 551 4697 SUO.

453 4658 618 4784 q1:31.
651 4728 702 4768 e.
735 4713 795 4768 Si
817 4712 1155 4769 Judaiorum
1203 4714 1459 4771 Sahbata
1486 4733 1619 4772 vera
1646 4719 1864 4783 essent,
1898 4730 2003 4770 nos
2033 4730 2067 4769 a

421 4788 532 4839 Deo
568 4784 792 4857 decepti
823 4800 1110 4857 essemus,
1143 4785 1244 4858 qui
1274 4790 1532 4858 postulat
1561 4803 1773 4843 manus
1812 4787 2065 4843 mundae

424 4859 482 4911 et
511 4872 610 4911 cor
639 4872 876 4925 purum.

493 4926 568 5003 (li)
600 4923 851 5003 lt‘a_Dav.
881 4928 988 5003 Ms.
1008 4924 1068 5003 si
1177 4924 1291 4981 οὐδ’
1323 4924 1461 5003 ἅραη
1484 4928 1666 4983 Aliter
1689 4928 1846 5003 hunc
1868 4928 2064 4984 locum

420 4998 1229 5123 expsljcsu;iplgeadschreiben
1262 5019 1314 5055 a.
1342 4998 1409 5058 Ᾱ.
1438 5002 1609 5055 Bam.
1644 5017 1698 5071 p.
1726 5002 1849 5055 110.

596 5087 686 5125 δυ.
719 5090 826 5131 τις.

719 5090 1011 5213 ζιξιιοιιιῐιι
1046 5143 1385 5215 ponendum
1430 5147 1591 5214 puto.
1640 5140 1817 5197 Aliter
1854 5142 2064 5198 distin-

415 5218 606 5283 guunt
636 5214 774 5269 Dav.
809 5220 865 5269 et
894 5214 1019 5268 Cler

483 5283 557 5354 (7)
592 5283 693 5339 Illa
723 5302 821 5339 sex
854 5285 1039 5339 millia
1070 5302 1358 5339 annorum
1404 5285 1683 5340 desinunt
1728 5284 1822 5339 die
1853 5284 2063 5339 ultima

423 5353 567 5408 ike.
613 5357 885 5428 septima)
929 5356 1147 5410 ultima:
1196 5357 1593 5412 hebdomadm.
1661 5358 1776 5428 Ego
1842 5372 2059 5411 novum

412 5440 620 5499 aevum,
652 5426 751 5481 Dei
785 5445 1055 5499 regnum,
1088 5428 1356 5499 sequenti
1397 5434 1596 5499 octava
1627 5426 1975 5498 die'incipit.

481 5494 562 5575 (8)
598 5494 890 5575 Barnabas
920 5494 1294 5575 testatur-hic
1333 5498 1781 5556 celebrationem
1804 5494 1917 5555 diei
1949 5505 2058 5556 Do-

415 5569 825 5640 minicaagapud
852 5570 1153 5640 antiquos.

485 5637 1219 5767 (ﬁZCfﬁgbellummenm
1245 5658 1259 5697 :
1292 5640 2054 5699 Sendschreiben.d.A.Barn.

458 5753 471 5778 ’
507 5751 627 5779 .O-’
663 5751 783 5767 ιιυο

410 5725 1095 5861 p’éfllf’lvgtderravimm,
1126 5785 1237 5843 etc.
1268 5783 1579 5842 Menardus
1616 5782 1701 5841 ita
1727 5782 1869 5860 legit
1901 5801 1917 5844 :
1950 5782 2054 5843 Nos

2175 4574 2308 4645 quia
2331 4575 2673 4644 refrigerans
2700 4574 3093 4645 sanctiﬁcabit,
3124 4575 3233 4627 etc.

2245 4645 2357 4770 (11)
2387 4640 2509 4701 Non
2536 4640 2895 4728 acceptaDele
2934 4660 3044 4700 non
3096 4660 3230 4725 cum
3270 4640 3423 4724 Eellq
3451 4640 3721 4724 aliisque.
3752 4640 3811 4696 Et

2245 4732 2309 4770 ex
2361 4732 2464 4770 eae
2495 4731 2509 4770 :
2536 4733 2598 4770 in
2625 4716 2713 4770 die
2740 4733 2869 4770 auo.
2901 4721 3002 4770 aut
3032 4719 3246 4770 notius.
3279 4713 3336 4767 id
3364 4713 3453 4768 die
3479 4721 3727 4770 septimo.

2174 4713 2309 4771 max
2338 4713 2464 4787 lege
2495 4731 2509 4770 :
2536 4718 2598 4770 in
2625 4713 2713 4772 die
2740 4733 2869 4787 quo,
2901 4721 3009 4787 aut
3032 4713 3336 4787 potius,id
3364 4713 3453 4787 die
3479 4716 3727 4784 septimo.

2245 4788 2353 4859 (12)
2399 4785 2606 4843 Octava
2654 4785 2763 4859 die
2786 4790 2952 4857 facta.
2999 4785 3163 4857 Degit
3219 4785 3580 4859 Menardus:
3633 4788 3809 4840 octauo

2172 4854 2261 4915 die
2289 4861 2554 4927 facturus.
2591 4854 2826 4914 Fellus:
2862 4854 3320 4913 initium'octavae
3347 4854 3464 4928 diei
3485 4859 3755 4928 faciams.

2242 4930 2288 4998 (l
2302 4930 2354 4997 3)
2387 4931 2450 4985 In
2480 4931 2834 4998 legationem;
2863 4932 2925 4983 in
2952 4946 3128 5000 quem.
3149 4927 3490 5000 Menardus,
3510 4928 3570 4981 in
3603 4928 3809 4982 laetitia.

2172 4999 2365 5055 Fellus
2396 5002 2481 5055 sic
2517 5016 2529 5056 :
2564 5002 2620 5055 in
2646 4998 3085 5071 latiﬁcatioﬁcnu
3116 4999 3205 5054 Al.
3242 5002 3299 5054 in
3328 4998 3811 5055 lwtationemdulox

2173 5088 2397 5140 omnes,
2417 5075 2473 5127 in
2507 5088 2630 5143 quo.

2242 5144 2352 5215 (14)
2383 5136 2651 5199 Dicemus.
2686 5142 2811 5199 Vet.
2838 5143 3124 5214 interpres
3153 5140 3405 5215 legebat,
3433 5136 3685 5215 έροῦμεν.

2242 5212 2352 5286 (15)
2386 5216 2662 5286 Tanquam
2691 5216 2751 5269 in
2780 5212 3090 5269 Dominum.
3128 5212 3359 5286 Rectius
3382 5212 3809 5268 ad‘contextum

2171 5285 2455 5355 Graecam,
2486 5285 2535 5342 et
2563 5303 2671 5341 non
2702 5288 2760 5341 in
2792 5288 3103 5341 Dominum.
3140 5285 3304 5340 FELL.

2269 5360 2353 5425 16)
2392 5360 2673 5430 Tanquam
2702 5359 2930 5413 ethnici.
2972 5357 3131 5412 Adde
3175 5372 3245 5430 ex
3276 5355 3404 5430 cod.
3436 5362 3531 5409 aut
3558 5356 3807 5423 forsitan.

2269 5360 2353 5425 16)
2392 5360 2673 5430 Tanquam
2702 5360 2930 5413 ethnici.
2972 5360 3131 5412 Adde
3175 5372 3245 5410 ex
3276 5360 3404 5410 cod.
3436 5362 3531 5409 aut
3558 5360 3807 5423 forsitan.

2240 5360 2351 5501 in)
2387 5431 2868 5485 Conservaverunt.
2903 5430 3037 5500 Leg,
3070 5444 3138 5483 ex
3170 5427 3425 5501 Graecis,
3472 5442 3807 5501 consecraue-

2166 5497 2316 5627 zulnt.
2335 5497 2535 5566 'Quam
2565 5502 2803 5572 quidem
2833 5497 3140 5557 lectionem
3167 5497 3356 5556 Fellus
3376 5498 3433 5553 in
3465 5501 3693 5553 textum
3724 5499 3805 5553 in-

2195 5589 2228 5627 u
2260 5590 2274 5626 ι
2307 5614 2318 5627 .

2166 5572 2318 5627 tulit.

2238 5646 2348 5772 (18)
2376 5644 2567 5727 Nonne
2594 5644 2754 5728 mihi.
2779 5641 2843 5699 Al
2900 5642 3281 5725 interserunt,
3303 5654 3463 5723 ,εῃρκ
3480 5638 3573 5693 Sic
3610 5643 3803 5723 autem

2238 5714 2358 5772 ilus
2396 5716 2705 5772 distinauit
2736 5732 2750 5772 :
2779 5716 2969 5772 Nonne
3004 5715 3149 5772 eoo?
3176 5714 3311 5771 Mihi
3357 5714 3485 5769 eicit
3518 5710 3799 5770 Domum.

2163 5710 2358 5774 Fellus
2396 5715 2705 5789 distinguit
2736 5732 2750 5773 :
2779 5716 2969 5775 Nonne
3004 5715 3149 5786 ego?
3176 5712 3314 5771 Mihi
3357 5710 3485 5769 eicit
3518 5710 3799 5770 Dominus.
