4036 6344
195 408 317 469 773

1478 400 1860 466 EPISTOLA
1903 402 2343 466 CATHOLICA

3488 412 3608 471 ⁸7⁸74

196 540 253 593 οἱ
309 537 653 613 ταλαίπωροι
713 536 800 591 ἐπὶ
846 535 937 591 τὸν
968 532 1137 610 δόμον
1196 536 1310 609 (19)
1340 531 1603 604 ἤλπισαν,
1635 535 1725 590 καὶ
1757 533 1858 589 οὐκ

2002 540 2167 593 antes
2194 538 2412 609 miseri,
2464 556 2580 595 non
2639 540 2696 594 in
2760 541 2955 611 ipsum
3013 540 3220 613 Deum,
3281 542 3610 599 effectorem

195 626 289 682 ἐπὶ
314 626 407 681 τὸν
442 625 570 681 Θεὸν
615 623 797 693 αὐτὸν,
844 623 936 678 τὸν
984 625 1287 693 ποιήσαντα
1337 620 1558 696 αὐτοὺς,
1606 620 1731 677 ἀλλ’
1783 622 1857 684 ὡς

196 701 334 770 ὄντα
369 714 517 770 οἷκον
551 717 705 769 Θεοῦ.
748 709 955 787 Σχεδὸν
979 712 1105 788 γὰρ,
1145 712 1218 773 ὡς
1258 712 1323 765 τὰ
1368 707 1516 782 ἔθνη,
1562 710 1866 789 ἀφιέρωσαν

201 804 365 859 αὐτὸν
414 803 466 858 ἐν
513 807 592 874 τῷ
637 806 771 874 ναῷ.
808 799 988 857 Ἀλλὰ
1017 805 1135 863 πῶς
1165 797 1312 876 λέγει
1335 799 1554 875 Κύριος,
1580 804 1863 874 καταργῶν

204 893 392 966 αὐτὸν,
472 893 667 966 μάθετε
698 909 713 923 ο
771 890 862 953 Τίς
938 888 1204 965 ἐμέτρησε
1276 888 1369 944 τὸν
1443 887 1666 965 οὐρανὸν
1740 910 1866 943 σπιο

202 984 379 1056 θαμῇ,
409 982 501 1036 καὶ
528 980 615 1043 τίς
641 981 740 1049 τὴν
772 986 876 1055 γῆν
906 976 1063 1056 δρακί
1096 996 1111 1048 ;
1137 977 1248 1033 Οὐκ
1277 977 1383 1054 ἐγώ
1415 995 1430 1047 ;
1466 979 1624 1054 Λέγει
1650 978 1862 1051 Κύριοςο

202 1072 267 1127 '0
298 1070 533 1147 οὐρανός
581 1090 676 1143 μοι
724 1068 944 1145 θρόνος,
992 1070 1027 1138 ἡ
1080 1064 1139 1122 δὲ
1185 1074 1258 1142 γῆ
1312 1064 1606 1123 ὑποπόδιον
1634 1071 1742 1122 τῶν
1772 1088 1873 1128 πο,

206 1159 317 1217 δῶν
372 1178 514 1235 μου·
555 1164 714 1214 ποῖον
758 1158 905 1213 οἷκον
948 1154 1344 1231 οἰκοδομήσετέ
1390 1159 1505 1226 (20)
1552 1176 1666 1229 μοι,
1706 1156 1743 1225 ἢ
1782 1154 1867 1217 τίς

199 1251 375 1313 τόπος
416 1256 517 1319 τῆς
565 1247 949 1309 καταπαύσεώς
999 1267 1104 1320 μου
1149 1266 1163 1316 ;
1206 1249 1419 1317 Γνῶτε,
1467 1243 1550 1299 ὅτι
1598 1242 1795 1316 ματαία
1832 1244 1867 1312 ἡ

204 1339 365 1401 ἐλπῖς
402 1338 576 1393 αὐτῶν
618 1340 753 1412 (21).
792 1339 966 1413 Πέρας
1008 1339 1140 1412 γοῦν
1181 1333 1346 1390 πάλιν
1389 1332 1559 1409 λέγει’
1612 1330 1773 1405 Ἰδοὺ,
1816 1325 1871 1388 οἱ

205 1426 529 1493 καθελόντες
599 1427 691 1481 τὸν
762 1426 888 1480 ναὸν
965 1428 1157 1479 τοῦτον
1248 1421 1401 1477 αὐτοὶ
1487 1421 1645 1476 αὐτὸν
1729 1420 1874 1475 οίκο-

210 1516 545 1591 δομήσουσι.
585 1514 794 1570 Γίνεται
851 1516 987 1588 (22)*
1020 1513 1117 1567 Διὰ
1144 1513 1245 1589 γὰρ
1276 1513 1339 1567 τὸ
1370 1510 1635 1584 πολεμεῖν
1677 1509 1871 1572 αὐτοὺς

208 1606 484 1681 καθῃρέθη
546 1604 649 1658 ὑπὸ
701 1607 809 1658 τῶν
872 1602 1107 1678 ἐχθρῶν·
1167 1606 1259 1654 νῦν
1314 1600 1405 1655 καὶ
1462 1598 1616 1654 αὐτοὶ
1668 1600 1719 1654 οἱ
1767 1603 1871 1653 τῶν

215 1697 432 1773 ἐχθρῶν
467 1691 729 1768 ὑπηρέται
778 1688 1304 1764 ἀνοικοδομήσουσιν
1354 1688 1534 1744 αὐτόν.
1569 1685 1767 1757 Πάλιν,
1799 1688 1874 1749 ὡς

215 1782 464 1858 ἤμελλεν
493 1784 528 1852 ἡ
562 1780 726 1843 πόλις
757 1782 845 1835 καὶ
875 1781 903 1834 ὁ
932 1779 1060 1842 ναὸς
1090 1780 1180 1834 καὶ
1212 1779 1240 1833 ό
1273 1776 1403 1840 λαὸς
1449 1775 1667 1854 Ἰσραὴλ
1702 1797 1876 1853 παρα-

220 1871 490 1944 δίδοσθαι,
524 1870 857 1948 ἐφανερώθη.
910 1871 1071 1944 Λέγει
1119 1869 1225 1943 γὰρ
1273 1869 1308 1937 ἡ
1352 1869 1558 1944 Γραφή·
1594 1866 1699 1922 Καὶ
1729 1862 1874 1920 ἔσται

220 1962 305 2017 ἐπ’
363 1960 609 2037 ἐσχάτων
669 1961 935 2036 ἡμερῶν,
994 1954 1302 2033 παραδώσει
1361 1955 1557 2033 Κύριος
1610 1956 1679 2010 τὰ
1734 1954 1873 2030 πρό-

223 2042 519 2120 ϐαταπῆς
572 2052 795 2122 νομῇς,
846 2047 936 2101 καὶ
990 2047 1090 2115 τήν
1150 2043 1385 2121 μάνδραν
1440 2046 1531 2099 καὶ
1586 2045 1677 2099 τὸν
1737 2042 1875 2119 πύρ-

222 2161 323 2215 γον
371 2138 547 2194 αὐτῶν
599 2136 677 2199 εἷς
714 2136 1054 2215 καταφθοράν
1108 2137 1240 2207 (23).
1292 2134 1389 2189 Καὶ
1439 2133 1641 2209 ἐγένετο
1685 2134 1805 2187 καθ’
1844 2131 1878 2186 ἃ

222 2226 467 2297 έλάλησε
520 2224 739 2301 Κύριος.
789 2225 1124 2296 Ζητήσωμεν
1177 2222 1288 2293 οὖν,
1350 2221 1394 2276 εἷ
1427 2218 1535 2277 ἔστι
1567 2221 1695 2284 ναὸς
1740 2225 1878 2277 Θεοῦ

221 2318 360 2391 (24).
396 2318 598 2369 Ἔστιν·
632 2312 769 2369 ὅπου
798 2311 959 2374 αὐτὸς
1009 2310 1157 2386 λέγει
1190 2316 1365 2366 ποιεῖν
1392 2310 1482 2365 καὶ
1520 2310 1876 2382 καταρτίζειν.

222 2408 534 2480 Γέγραπται
608 2403 709 2480 γάρ
747 2422 759 2435 ο
821 2401 918 2456 Καὶ
977 2396 1122 2455 ἔσται
1158 2444 1172 2471 ,
1230 2403 1330 2469 τῆς
1400 2394 1702 2472 ἑϐδομάδος
1757 2420 1880 2453 συν-

222 2494 568 2567 τελουμένης
654 2489 1149 2564 οἰκοδομηθήσεται
1246 2490 1368 2553 ναὸς
1455 2493 1587 2543 Θεοῦ
1672 2486 1882 2561 ἔνδοξος

223 2586 347 2657 (25)
380 2582 465 2637 έπί
495 2587 574 2653 τῷ
626 2580 852 2653 ὀνόματι
905 2578 1124 2653 Κυρίου.
1174 2576 1424 2651 Εὑρίσκω
1473 2575 1586 2649 οὖν,
1638 2576 1721 2631 ὅτι
1772 2574 1881 2631 ἔστι

224 2673 377 2735 ναός.
413 2676 537 2733 Πῶς
566 2668 657 2726 οὖν
719 2666 1212 2742 οἰκοδομηθήσεται
1266 2667 1318 2721 ἐν
1367 2666 1593 2739 ὀνόματι
1635 2665 1880 2741 Κυρίου;

236 2763 433 2837 μάθετε
681 2760 793 2835 Πρὸ
848 2762 946 2812 τοῦ
1002 2760 1151 2831 ἡμᾶς
1199 2760 1478 2811 πιστεῦσαι
1524 2760 1603 2828 τῷ
1634 2760 1768 2828 Θεῷ,
1817 2758 1882 2824 ἦν

234 2855 401 2924 ἡμῶν
461 2850 524 2904 τὸ
568 2850 992 2922 κατοικητήριον
1044 2852 1148 2917 τῆς
1223 2842 1447 2923 καρδίας
1507 2846 1737 2924 φθαρτὸν
1795 2844 1886 2900 καὶ

237 2939 480 3010 ἀσθενὲς,
537 2938 610 2999 ὡς
667 2935 888 3007 ἀληθῶς
939 2932 1303 3007 οἰκοδομητὸς
1352 2935 1476 2996 ναὸς
1540 2931 1629 2989 διὰ
1677 2934 1884 3011 χειρός·

242 3030 326 3084 ὅτι
374 3030 441 3097 ἦν
504 3024 725 3101 πλήρης
787 3024 879 3098 μὲν
940 3021 1396 3100 εἷδωλολατρείας
1444 3026 1581 3097 (27),
1631 3024 1765 3097 [καὶ]
1818 3024 1886 3092 ἦν

240 3120 395 3179 οἶκος
446 3113 765 3187 δαιμονίων,
815 3111 903 3168 διὰ
938 3112 1001 3167 τὸ
1048 3117 1241 3185 ποιεῖν,
1294 3111 1392 3167 ὅσα
1437 3113 1505 3181 ἦν
1550 3111 1759 3167 ἐναντία
1808 3116 1889 3185 τῷ

240 3211 379 3278 Θεῷ.
436 3202 939 3276 Οἰκοδομηθήσεται
997 3201 1054 3256 δὲ
1112 3200 1199 3257 ἐπὶ
1251 3206 1332 3273 τῷ
1393 3200 1617 3265 ὀνόματι
1665 3200 1886 3277 Κυρίου,

1978 642 2201 697 eorum,
2220 644 2383 699 spem
2407 628 2758 695 habuerunt,
2784 631 2885 685 sed
2909 629 2966 684 in
2986 631 3190 695 aedem,
3210 631 3379 702 quasi
3401 632 3612 687 domus

1981 714 2075 770 Dei
2101 720 2272 771 esset.
2296 716 2444 772 Nam
2468 718 2581 772 fere
2602 717 2788 773 instar
2804 718 3065 790 gentium
3097 718 3266 774 illum
3292 719 3352 774 in
3392 720 3615 792 templo

1974 804 2230 858 venerati
2269 809 2429 860 sunt.
2478 805 2588 861 Sed
2638 807 2931 877 quomodo
2986 807 3267 863 Dominus
3316 808 3612 880 loquatur,

1974 891 2379 965 templumque
2408 894 2639 949 irritum
2696 894 2892 963 faciat,
2945 894 3428 953 animadvertite:
3484 898 3615 966 Quis

1973 993 2193 1034 mensus
2224 987 2306 1035 est
2329 980 2524 1036 aetum
2550 981 2857 1053 spithama,
2888 990 2941 1037 et
2979 984 3105 1053 quis
3131 986 3338 1039 terram
3373 985 3567 1056 palma
3586 986 3621 1040 ?

1975 1070 2169 1123 Nonne
2199 1085 2292 1140 ego
2312 1070 2398 1123 97?
2424 1071 2566 1126 Dicit
2592 1071 2855 1127 Dominus
2876 1089 2895 1127 :
2946 1072 3153 1128 Cretum
3202 1073 3345 1128 mihi
3391 1073 3619 1131 thronus

1977 1162 2075 1228 est,
2109 1162 2256 1213 terra
2296 1162 2483 1214 autem
2538 1161 2838 1216 scabellum
2879 1161 3078 1232 pedum
3126 1178 3390 1218 meorum.
3443 1165 3619 1232 Quam

1979 1246 2119 1300 mihi
2147 1246 2367 1302 domum
2422 1248 2790 1318 .zediﬁcabitis,
2849 1254 2945 1305 aut
3001 1252 3121 1323 quis
3176 1253 3322 1308 locus
3358 1254 3621 1324 requietis

1982 1351 2112 1390 meas
2133 1336 2175 1370 ⁰⁸
2196 1335 2223 1389 ‘l
2253 1338 2782 1410 Cognoscite,quod
2815 1356 2965 1395 vana
2994 1345 3083 1396 est
3112 1358 3247 1413 spes
3275 1342 3534 1398 illorum.
3556 1342 3623 1397 Et

1984 1424 2219 1479 tandem
2253 1441 2459 1480 rursus
2491 1426 2571 1481 ait
2596 1444 2608 1481 :
2633 1430 2784 1497 Ecce,
2806 1430 2909 1500 qui
2926 1429 3318 1485 destruxerunt
3365 1432 3627 1503 templum

1984 1511 2101 1579 hoc,
2130 1515 2237 1584 ipsi
2286 1514 2426 1568 illud
2474 1515 2830 1585 aediﬁcabant
2850 1519 2913 1573 9°.
2975 1519 3154 1589 [dque
3211 1520 3420 1575 evenit.
3476 1520 3623 1575 Nam

1985 1601 2122 1673 quia
2151 1601 2362 1657 bellum
2394 1611 2725 1675 gesserunt,
2748 1607 2818 1661 ab
2844 1606 3112 1661 hostibus
3147 1607 3513 1663 destructum
3540 1612 3629 1664 est

1985 1690 2269 1763 templum
2290 1709 2474 1759 ;nunc
2491 1698 2548 1748 et
2569 1694 2682 1765 ipsi
2712 1694 2977 1750 hostium
3000 1695 3253 1750 ministri
3277 1697 3626 1753 rezediﬁcant

1985 1778 2583 1852 illud.1terum,quod
2617 1783 2900 1838 tradenda
2922 1789 3073 1838 esset
3095 1784 3300 1840 civitas
3341 1802 3459 1840 una
3488 1802 3624 1840 cum

1985 1867 2204 1939 templo
2236 1874 2293 1923 et
2323 1885 2455 1923 cum
2489 1869 2701 1941 populo
2737 1870 3074 1941 Israelitico,
3104 1875 3193 1927 est
3242 1872 3626 1929 declaratum.

1983 1955 2077 2011 Ait
2096 1955 2311 2027 quippe
2332 1956 2633 2028 Scriptura
2659 1960 2754 2012 :Et
2796 1960 2906 2014 erit
2953 1960 3017 2014 in
3058 1961 3372 2016 novissimis
3416 1962 3630 2033 diebus,

1983 2046 2169 2100 tradet
2196 2046 2457 2100 Dominus
2488 2061 2608 2101 oves
2636 2049 2830 2117 pascui
2857 2050 2907 2103 et
2938 2049 3087 2104 ovile
3116 2052 3166 2104 et
3194 2051 3397 2104 turrim
3442 2066 3633 2108 eorum

1986 2136 2047 2189 in
2076 2136 2539 2205 exitiumAtque
2561 2134 2823 2206 contigit.
2858 2138 3356 2207 quemadmodum
3398 2138 3630 2196 locutus

1986 2226 2076 2278 est
2108 2221 2405 2277 Dominus.
2440 2224 2778 2288 Quaeramus
2809 2224 3033 2295 itaque,
3064 2242 3136 2280 an
3168 2231 3352 2281 exstet
3391 2227 3627 2300 [adhuc]

1986 2310 2273 2383 templum
2309 2311 2426 2365 Dei.
2461 2311 2717 2378 Exsistit,
2737 2313 2843 2367 ubi
2870 2313 3120 2385 ipsemet
3151 2332 3212 2370 se
3242 2315 3387 2371 illud
3439 2315 3627 2373 facere

1990 2415 2056 2454 ac
2088 2400 2361 2470 perficere
2390 2403 2655 2455 testatur.
2702 2400 2996 2472 Scriptum
3045 2402 3199 2459 enim
3248 2409 3371 2460 est:
3403 2406 3467 2460 Et
3498 2407 3625 2474 erit,

1989 2487 2320 2543 heddomoda
2347 2489 2632 2559 completa,
2663 2488 3040 2557 aedi/imbitur
3084 2494 3442 2563 magniﬁcum
3497 2497 3631 2549 tem-

1984 2578 2144 2648 plum
2172 2578 2287 2642 Dei,
2323 2578 2379 2631 in
2409 2578 2633 2632 nomine
2650 2578 2867 2633 Domini
2890 2580 2970 2633 ¹⁰⁰.
2999 2580 3229 2635 Invenio
3253 2582 3450 2653 igitur,
3476 2583 3629 2653 quod

1994 2665 2281 2738 templum
2314 2666 2559 2721 exsistit.
2592 2669 2716 2733 Qua
2748 2667 2970 2723 ratione
2998 2685 3134 2741 ergo
3164 2669 3545 2725 eedificabitur
3574 2671 3633 2726 in

1995 2755 2231 2811 nomine
2252 2754 2501 2823 Domini,
2518 2754 2746 2811 discite.
2762 2758 3089 2829 Antequam
3104 2758 3218 2813 Deo
3240 2760 3634 2829 crederemus,

1995 2850 2121 2901 erat
2140 2844 2331 2900 cordis
2346 2843 2530 2900 nostri
2549 2844 2913 2900 domicilium
2935 2847 3296 2919 corruptioni
3320 2848 3632 2904 obnoxium

1996 2940 2054 2991 et
2080 2933 2389 3001 imbecille,
2424 2934 2494 2989 ad
2526 2934 2768 2989 modum
2828 2934 3032 3006 templi
3092 2952 3220 2990 vere
3279 2952 3383 3008 per
3422 2954 3634 2995 manus

1998 3022 2302 3089 ediﬁceti;
2336 3022 2573 3094 plenum
2607 3022 2891 3092 siquidem
2951 3026 3074 3077 erat
3119 3023 3407 3080 idolorum
3447 3026 3631 3093 cultu,

1998 3120 2056 3168 et
2081 3117 2206 3167 erat
2236 3113 2446 3167 domus
2467 3112 2812 3181 daemonum,
2836 3110 2971 3182 quia
2996 3112 3636 3186 fecimus,qua3cunque

2001 3202 2115 3257 Deo
2145 3200 2437 3255 contraria
2467 3205 2625 3255 sunt.
2648 3200 3055 3255 JEdiﬁcabitur
3082 3206 3297 3272 autem,
3334 3204 3635 3273 attendite,

236 3272 561 3372 προσέχετε,
587 3272 737 3347 ’ίναό
768 3272 892 3353 ναὸς
942 3289 1138 3365 Κυρίου
1187 3272 1413 3361 ἐνδόξως
1446 3293 1559 3363 (28)
1597 3272 1880 3363 οἶκοδόμηξ

2005 3289 2063 3344 in
2095 3288 2332 3344 nomine
2362 3288 2612 3356 Domini,
2646 3293 2710 3344 ut
2739 3288 3024 3360 templum
3057 3288 3291 3344 Domini
3336 3272 3641 3363 magnifice

234 3388 329 3459 θῇ.
382 3388 555 3452 Πῶς;
609 3382 824 3454 μάθετε.
876 3374 1147 3441 Λαϐόντες
1195 3380 1294 3447 τὴν
1346 3380 1526 3457 ἄφεσιν
1577 3384 1684 3433 τῶν
1719 3381 1889 3455 ἁμαρ-

230 3479 391 3541 τιῶν,
447 3470 538 3525 καὶ
597 3468 904 3529 ἐλπίσαντες
948 3466 1034 3522 ἐπὶ
1086 3468 1166 3539 τῷ
1222 3466 1448 3541 ὀνόματι
1504 3472 1602 3522 τοῦ
1660 3466 1886 3542 Κυρίου,

233 3561 536 3638 ἐγενόμεθα
563 3558 761 3629 καινοὶ,
806 3556 969 3612 πάλιν
1022 3556 1073 3627 ἐξ
1127 3555 1307 3631 ἀρχῆς
1339 3556 1671 3630 κτιζόμενοι.
1708 3557 1800 3610 Διὸ
1831 3554 1882 3610 ἐν

1999 3379 2332 3434 aediﬁcetur.
2367 3378 2666 3443 Quomodo
2686 3378 2714 3431 ?
2746 3377 2978 3433 Discite.
3010 3381 3261 3450 Accepta
3299 3380 3643 3438 remissione

1997 3470 2369 3539 peccatorum
2400 3470 2457 3521 et
2486 3482 2588 3537 spe
2620 3465 2819 3522 habita
2851 3467 2912 3522 in
2944 3468 3179 3523 nomine
3212 3469 3459 3537 Domini,
3500 3470 3641 3526 facti

1998 3572 2204 3611 sumus
2227 3554 2379 3624 novi,
2402 3554 2615 3611 iterum
2643 3555 2713 3612 ab
2746 3556 2970 3629 integro
2993 3558 3191 3614 creati.
3210 3558 3342 3615 Ideo
3362 3559 3419 3615 in
3443 3559 3635 3631 nobis,

1651 3675 1806 3730 Vetus
1837 3671 2234 3743 interpretatio.

236 3779 306 3835 Et
340 3777 437 3831 ﬁet
461 3774 605 3847 (29):
641 3769 1423 3851 dum_enim_bellige_rarent,
1455 3770 1787 3851 depositum
1819 3775 1908 3851 est
1937 3770 2009 3851 ab
2042 3767 2297 3851 inimicis
2325 3767 2438 3851 (30)
2473 3810 2533 3851 λ.
2567 3811 2595 3850 .,

396 3889 410 3903 .
546 3840 603 3899 et
630 3842 884 3916 pepulus
915 3847 1075 3897 totus
1103 3840 1643 3916 Judeeorum‘tradi,
1687 3842 2029 3914 propalavit.
2080 3840 2231 3916 Dicit
2274 3840 2778 3916 enimScriptura

236 3859 354 3917 tas,

2642 3770 2856 3825 Iterum
2914 3770 3069 3827 sicut
3126 3771 3438 3844 incipiebat
3489 3771 3634 3828 civi-

2831 3881 2845 3896 .
2877 3884 2890 3896 .
2930 3883 2943 3897 .
2990 3846 3052 3898 In
3099 3846 3410 3899 novissimis
3447 3844 3637 3899 diebus

238 3913 420 3977 tradet
451 3913 725 3973 Dominus
745 3930 865 3969 oves
891 3928 1130 3986 pascuae,
1154 3917 1203 3969 et
1232 3914 1410 3969 cubile
1437 3913 1573 3985 (31),
1604 3918 1656 3968 et
1680 3913 1893 3986 turre/7i
1917 3929 2103 3986 eorum
2129 3914 2191 3967 in
2199 3913 2635 3986 exterminium.
2668 3914 2746 3986 Et
2764 3914 2979 3986 factum
3010 3920 3098 3970 est
3141 3916 3466 3970 secundum
3510 3933 3639 3986 qua:

246 3993 530 4049 Dominus
559 3989 789 4043 locutus
821 3984 926 4041 est.
961 3988 1302 4052 Quaeramus
1331 3984 1488 4057 ergo,
1523 3986 1571 4039 si
1600 3991 1690 4039 est
1720 3984 2007 4057 templum
2039 3984 2174 4039 Deo.
2199 3984 2300 4057 Est
2323 4000 2343 4057 ε,
2372 3984 2475 4057 ubi
2523 3984 2646 4055 ipse
2695 3985 2836 4039 dicit
2884 3986 3070 4041 facere
3118 3991 3173 4040 et
3203 3984 3638 4043 consummare.

239 4064 539 4135 Scriptum
573 4101 586 4113 .
623 4100 636 4113 .
674 4064 848 4135 ._est:
893 4059 986 4135 Et
1018 4059 1151 4135 erit,_
1191 4055 1421 4135 septimo
1444 4058 1550 4135 μεθ
1596 4055 1965 4135 consummzto
2014 4057 2147 4135 (32),
2180 4055 2575 4135 _.:ediﬁcabitztr'
2607 4057 3001 4135 templumDeo
3024 4056 3384 4135 praeter-ein
3418 4059 3644 4114 nomine

240 4126 486 4193 Dom-ini.
521 4129 777 4196 Invenio,
806 4129 947 4200 quia
972 4126 1260 4201 templum
1294 4133 1400 4183 est.
1436 4129 1557 4192 Quo
1589 4130 1756 4182 modo
1790 4144 1925 4199 ergo
1956 4126 2339 4201 {adiﬁcabitur
2360 4126 2428 4201 in
2461 4128 2697 4201 nomine
2726 4128 3000 4201 Domini?
3025 4126 3268 4184 Discite.
3298 4131 3444 4185 Ante
3463 4146 3643 4201 quam

240 4207 620 4279 crederemus
646 4202 783 4279 Deo,
818 4198 944 4279 erat
970 4198 1252 4279 habitatio
1284 4203 1488 4279 nostra
1515 4239 1530 4254 .
1563 4239 1576 4253 .
1612 4240 1629 4279 ._
1654 4198 1928 4279 corrupta
1955 4202 2012 4254 et
2039 4199 2292 4279 infirma,
2323 4198 2477 4279 sicut
2505 4198 2977 4279 templumquod
3006 4216 3108 4271 per
3135 4217 3367 4279 manus.

3407 4243 3420 4256 .
3459 4243 3471 4256 .
3504 4202 3645 4255 sedi-

240 4281 491 4334 ficatur:
523 4274 663 4347 quia
692 4271 848 4347 pleni
880 4286 1116 4347 eramus
1146 4270 1903 4347 adorationibusmidulorum
1938 4311 1953 4325 .
1986 4311 2007 4347 ,ν
2037 4312 2050 4324 .
2083 4275 2140 4325 et
2167 4274 2291 4347 erat
2320 4270 2532 4347 domus
2563 4270 2983 4347 damoniorum
3009 4270 3023 4340 ξ
3074 4278 3309 4347 propter
3360 4273 3511 4344 quod
3560 4273 3643 4327 fa-

243 4364 533 4417 seremus,

564 4341 840 4417 quae'Deo
871 4346 1069 4417 essent
1098 4342 1415 4417 contraria.
1448 4341 1859 4417 @diﬁcabitur
1917 4346 2111 4417 autem
2171 4341 2231 4395 in
2290 4343 2532 4417 nomine
2584 4341 2832 4410 Domini,
2869 4382 2883 4396 .
2919 4383 2932 4397 .
2971 4384 2983 4397 .

3028 4348 3299 4415 praeclare
3333 4386 3347 4400 .
3385 4386 3399 4399 .
3435 4385 3449 4399 .
3499 4348 3647 4415 tem-

244 4422 412 4505 plum
446 4412 926 4505 Deof'l‘tttendjte.
960 4414 1028 4469 Et
1057 4430 1172 4485 quo
1203 4412 1711 4505 qupiDisqitp‘i
1738 4412 2990 4505 u_t__aqci_piaktis‘remissiopempeppatorum.
3028 4412 3194 4505 'Cumg
3222 4413 3651 4505 crediderimus

243 4482 306 4551 in
336 4491 573 4549 nomine
603 4486 857 4553 Domini,
890 4502 1006 4541 non
1039 4482 1246 4541 sumus
1276 4485 1388 4557 (33)
1416 4484 1539 4555 jam
1568 4482 1734 4556 tales,
1764 4482 1973 4555 quales
1998 4485 2070 4539 ab
2100 4484 2267 4539 initio
2299 4483 2477 4539 creati
2504 4499 2517 4539 :
2550 4482 2788 4556 propter
2818 4486 2974 4556 quod
3010 4527 3025 4541 .
3060 4527 3072 4541 .

3106 4528 3119 4542 .
3181 4487 3241 4543 in
3290 4486 3459 4542 nobis
3514 4500 3648 4540 vere

320 4591 387 4664 (⁸⁷
418 4593 531 4644 Isa.
563 4602 655 4653 χιι,
688 4585 775 4640 12.
851 4583 895 4619 ⁸⁸
920 4586 1036 4639 Isa.
1076 4598 1224 4653 LXVI,
1258 4582 1309 4639 1.
1386 4582 1431 4618 9°
1461 4582 1572 4639 Isa.
1605 4598 1756 4650 χιιι,
1789 4581 1877 4638 17.

2001 4582 2022 4618 °
2051 4580 2198 4637 Dan.
2231 4597 2309 4648 Ix,
2339 4580 2432 4649 24,
2462 4581 2556 4650 25,
2585 4580 2695 4651 27;
2728 4583 2871 4654 Agg.
2902 4600 2971 4651 ιι,
3004 4584 3090 4639 10.

1620 4697 2005 4755 VARIORUM
2043 4698 2279 4754 NOTIE.

324 4804 441 4875 (19)
473 4802 556 4875 Ita
586 4800 710 4855 Cot.
743 4795 888 4875 οἶκον
924 4795 1164 4875 Men:_et
1192 4790 1548 4875 Feli._p§86v,
1581 4796 1749 4875 iidem
1784 4797 1902 4853 Ma-

253 4864 435 4935 zoch:
459 4874 638 4929 cedem
666 4874 777 4925 vet.
809 4868 1021 4939 interp.
1055 4868 1164 4923 Ms.
1196 4867 1295 4936 τήν
1329 4864 1472 4939 ὁδόν,
1508 4864 1679 4939 male.

354 4948 445 5020 20)
477 4946 563 5020 ita
596 4943 745 5020 LXX
775 4945 831 4996 et
858 4937 983 4996 vetf
1002 4940 1247 5011 interpr.
1281 4939 1390 4995 Ms.
1424 4937 1845 5011 οἰκοδομήσατε.

353 5014 445 5073 21)
479 5018 521 5071 Ι.
555 5032 604 5070 e.
633 5014 995 5070 Judaeorum.

330 5021 416 5091 (21
479 5021 521 5071 Ι.
555 5021 995 5070 e.Judaeorum.
1225 5082 1235 5092 ,
1362 5081 1372 5091 ⁸

324 5021 445 5163 (22)
477 5084 997 5163 Spiritualiter,_ut_
1019 5098 1155 5163 mox
1184 5082 1495 5163 videbitur.
1532 5082 1677 5163 Mss.

329 5154 830 5235 Hiec,_prout
850 5154 1294 5235 hic'habentur,
1331 5170 1445 5209 non
1490 5161 1629 5210 sunt
1677 5154 1737 5209 in
1785 5156 1909 5209 tota

257 5226 587 5305 Scriptura.
621 5226 773 5305 Mari.
809 5228 915 5305 cfr.
946 5226 1061 5305 Jer.
1095 5226 1368 5305 xitv._lsa.
1392 5243 1448 5280 v.

333 5295 448 5375 (215.)
478 5304 609 5359 Jam
641 5302 942 5375 destructo
973 5296 1189 5369 templo
1235 5295 1539 5375 Hie_rosp_l.,
1597 5295 1804 5368 quarit
1834 5312 1907 5351 an

260 5368 511 5436 alterum
542 5372 827 5444 templum
858 5368 1271 5444 successurum
1305 5368 1381 5423 sit
1436 5369 1584 5444 Mss.

334 5450 449 5520 (25)
482 5447 602 5520 Vet.
636 5436 881 5520 interpr.
899 5442 1027 5520 Aleg.
1063 5436 1636 5520 ἐνδόξως,Ρνέεείςιςς.

483 5518 663 5575 Clem.
696 5510 854 5570 Alei.
888 5510 1086 5570 Strom.
1122 5529 1185 5580 ιι,
1216 5528 1265 5566 c.
1296 5510 1475 5593 2Ο,,ρ.
1511 5510 1634 5565 490.

339 5523 455 5664 (27)
485 5590 573 5645 Ita
601 5605 670 5664 ex
699 5586 879 5664 Clem:
920 5584 1104 5664 μοι..
1139 5589 1195 5640 et
1242 5587 1350 5664 yet.
1387 5587 1627 5664 interp.‘

485 5590 573 5645 Ita
601 5605 670 5644 ex
699 5586 879 5660 Clem.
920 5584 1104 5660 ‘Alexs
1139 5579 1195 5640 et
1242 5587 1350 5660 yet.
1371 5579 1627 5660 ’_interp._
1646 5579 1910 5660 restituo.

271 5647 509 5735 Infmss.
523 5662 694 5735 post.
715 5652 1191 5735 εἷδωλολατρείας,
1209 5654 1513 5712 abundant
1528 5671 1541 5712 :
1554 5647 1721 5717 ὀἶκος
1751 5647 1914 5708 εἰδω-

272 5730 592 5811 λολατρείᾶ.

2085 4796 2193 4869 (28)
2228 4800 2313 4869 με.
2342 4795 2517 4869 Clem.
2555 4800 2611 4851 et
2636 4800 2748 4851 vet.
2781 4796 2991 4869 interp.
3027 4798 3133 4854 Ms.
3170 4792 3396 4868 ἔνδοξος.

2084 4868 2198 4941 (29)
2220 4868 2419 4941 Etﬁet.
2438 4867 2570 4938 Leg.
2597 4869 2661 4922 Et
2679 4869 2760 4941 ﬁt.
2790 4870 2873 4924 Ita
2894 4867 3127 4941 quoque
3147 4869 3284 4925 Felli
3302 4867 3446 4923 edit.
3465 4868 3649 4924 Oxon.

2084 4940 2197 5007 (30)
2228 4939 2304 4993 Ab
2334 4940 2595 4993 inimicis.
2624 4940 2770 4994 Add.
2806 4956 2874 4995 ex
2911 4939 3048 4996 ’vetf
3076 4942 3201 4997 cod.
3254 4942 3408 4995 Nunc
3453 4948 3503 4995 et
3541 4941 3652 5011 ipsi

2017 5010 2372 5083 inimicorum
2399 5011 2653 5065 ministri
2680 5012 2746 5065 ab
2777 5013 2942 5067 initio
2969 5013 3253 5083 wa’iﬁcant
3282 5012 3440 5066 illud.

2084 5081 2196 5154 (3i)
2231 5082 2441 5147 Cubile,
2474 5088 2581 5137 etc.
2617 5083 2763 5154 Lege
2792 5085 2951 5152 ovile,
2991 5090 3055 5138 ut
3088 5081 3168 5138 'in
3223 5089 3383 5138 textu
3432 5082 3649 5149 Graeco,

2020 5149 2276 5226 μάνδραν.
2306 5155 2370 5208 Et
2400 5162 2621 5226 turrum
2650 5149 2861 5209 eorum.
2886 5149 3108 5210 Alludit
3129 5157 3199 5210 ad
3221 5155 3430 5210 turrim
3464 5153 3649 5221 illam,

2017 5227 2087 5279 de
2120 5224 2235 5294 qua
2266 5225 2323 5297 in
2358 5224 2628 5297 parabole.
2659 5226 2834 5280 vinem
2865 5228 3018 5297 apud
3051 5229 3180 5283 Isai.
3210 5244 3261 5283 ν.
3299 5227 3447 5281 ΜΕΝ.

2089 5297 2220 5365 (32).
2251 5295 2488 5368 (Septimo
2519 5295 3034 5368 die‘consurnm—ato.
3084 5300 3145 5354 In
3205 5300 3397 5356 Graeco
3439 5296 3654 5368 legitur

2019 5361 2374 5442 exibaniel-e‘,
2404 5372 2504 5433 τῆς
2537 5361 2839 5442 ἑϐδομάδος
2868 5366 3320 5442 συντελουμένης,
3351 5375 3415 5426 ut
3442 5361 3657 5424 intelli-

2020 5444 2193 5511 gatur
2220 5438 2549 5509 septimana
2578 5456 2645 5493 ex
2676 5441 2845 5495 annis
2878 5438 3166 5498 constare.
3204 5438 3364 5499 FsLL.

2092 5508 2203 5579 (33)
2240 5508 2303 5566 Ut
2328 5511 2680 5579 accipiatis...
2711 5528 2821 5565 non
2849 5528 3055 5569 sumus.
3089 5520 3255 5570 Hunc
3285 5514 3479 5569 locum
3522 5509 3652 5567 Fel-

2019 5579 2113 5636 ius
2145 5580 2228 5636 sic
2258 5580 2526 5637 exhibet:
2561 5581 3068 5656 quod_a_ccipientes
3114 5589 3494 5643 remissionem
3526 5598 3650 5656 pec-

2020 5660 2284 5723 catorum,
2325 5664 2382 5709 et
2422 5668 2550 5709 cum
2605 5653 2997 5715 crediderimus
3042 5660 3100 5714 in
3145 5659 3366 5717 nomine
3411 5653 3649 5728 Domini,

2021 5739 2119 5783 nos
2144 5740 2354 5800 sumus,
2387 5728 2497 5783 etc.
