4086 6342
549 313 667 369 ’175

1789 317 1855 375 8.
1903 314 2299 375 ΒΑΒΝΑΒᾸΞ
2341 314 2718 374 APOSTOLI

3843 322 3944 380 7'16

550 441 611 497 in
643 443 935 500 domicilio
967 448 1332 514 nostro,vere
1354 445 1508 502 Deus
1530 446 1773 503 habitat.
1809 450 1931 513 Quo
1972 447 2168 502 modo‘

2299 447 2377 515 τῷ
2423 442 2831 518 κατοικητηρίῳ
2879 445 3041 517 ἡμῶν
3090 442 3313 515 ἀληθῶς
3358 447 3385 501 ὁ
3434 448 3564 509 Θεὸς
3609 455 3856 504 κατοικεῖ
3898 450 3940 505 ἐν

550 532 808 589 Verbum
840 534 968 604 ejus
999 534 1154 603 ﬁdei,
1192 535 1413 590 vocatio
1458 537 1587 607 ejus
1634 537 2063 607 promissionis,
2098 553 2190 591 sa-

550 623 773 694 pientia
802 623 1536 696 mandatorum,przecepta
1560 624 1855 693 doctrina},
1880 625 2044 696 [imo]
2068 625 2192 697 ipse

552 711 610 767 in
646 712 813 768 nobis
845 713 1175 785 prophetat,
1206 713 1330 786 ipse
1359 713 1418 769 in
1452 714 1620 771 nobis
1652 715 1972 783 inhabitat;
2013 713 2187 770 morti

553 802 802 858 addictis
832 801 1001 857 nobis
1034 802 1221 874 aperit
1270 802 1421 859 fores
1469 803 1690 876 templi,
1737 804 1775 857 i.
1829 821 1877 859 e.
1912 820 1997 868 os,
2030 803 2192 858 dedit

552 889 723 946 nobis
755 891 1177 962 penitentiam,
1206 891 1409 964 sicque
1440 891 1761 948 introduxit
1807 909 1913 949 nos
1951 893 2009 947 in
2044 896 2189 947 tem-

554 979 739 1052 plum,
774 981 925 1052 quod
961 980 1184 1035 destrui
1212 997 1327 1036 non
1382 985 1593 1053 potest.
1644 982 1854 1048 Quare,
1889 981 1989 1051 qui
2030 980 2192 1052 cupit

549 1084 679 1125 esse
710 1067 926 1136 salvus,
961 1086 1074 1124 non
1109 1069 1167 1124 in
1198 1068 1495 1125 hominem
1526 1069 1781 1142 respicit,
1815 1071 1915 1125 sed
1948 1070 2006 1124 in
2031 1085 2186 1136 eum,

551 1159 652 1230 qui
682 1158 741 1213 in
768 1157 1005 1214 homine
1037 1158 1282 1230 habitat,
1307 1162 1481 1229 atque
1508 1159 1567 1214 in
1598 1175 1664 1214 eo
1694 1158 1983 1229 loquitur;
2008 1158 2191 1213 admi—

553 1264 712 1315 rans,
763 1248 919 1319 quod
979 1264 1277 1317 nunquam
1326 1263 1516 1318 neque
1568 1247 1819 1303 audierit
1866 1264 1996 1303 eum
2048 1246 2191 1303 talia

548 1337 723 1391 verba
754 1353 851 1392 ore
908 1336 1271 1408 fundentem,
1330 1352 1519 1408 neque
1576 1336 1700 1408 ipse
1758 1335 1943 1408 [talia]
1987 1336 2189 1392 audire

550 1426 980 1482 desideraverit.
1015 1425 1133 1480 Hoc
1164 1429 1253 1480 est
1279 1425 1564 1498 templum
1598 1424 1904 1498 spirituale
1945 1426 2187 1481 Domino

546 1519 971 1572 constructum.

2299 535 2455 604 ἡμῖν.
2488 537 2612 593 Πῶς
2647 549 2660 601 ;
2693 533 2749 587 Ὀ
2789 530 2953 608 λόγος
2999 532 3163 588 αὐτοῦ
3212 541 3315 605 τῆς
3353 536 3611 606 πίστεως,
3675 539 3709 607 ἡ
3757 538 3941 607 κλῆσις

2300 620 2464 675 αὐτοῦ
2492 627 2591 689 τῆς
2639 618 2988 695 ἐπαγγελίας,
3021 624 3056 692 ἡ
3089 623 3249 699 σοφία
3296 628 3401 677 τῶν
3457 622 3869 699 δικαιωμάτων,
3900 628 3943 681 αἱ

2301 708 2516 764 ἐντολαὶ
2546 716 2645 779 τῆς
2671 706 2925 785 διδαχῆς,
2956 710 3117 773 αὐτὸς
3148 711 3198 765 ἐν
3232 715 3369 786 ἡμῖν
3400 714 3941 792 προφητεύων,αὐτὸς

2300 799 2351 854 ἐν
2380 801 2514 871 ἡμῖν
2547 802 2834 853 κατοικῶν·
2866 804 2984 861 τοῖς
3014 804 3093 872 τῷ
3114 798 3325 874 Θανάτῳ
3352 799 3787 877 δεδουλωμένοις
3806 805 3938 859 ἀνοὲ-

2299 909 2410 963 γων
2442 890 2579 961 ἡμῖν
2603 887 2764 964 θύρας
2795 893 2892 943 τοῦ
2923 893 3074 963 ναοῦ,
3111 888 3141 945 ὅ
3172 889 3281 946 ἐστι
3314 891 3491 965 στόμα
3519 894 3574 967 (3
3612 895 3941 967 ),μετάνοιαν

2301 975 2481 1039 διδοὺς
2510 980 2670 1049 ἡμῖν,
2704 978 2957 1054 εἰσήγαγε
3005 977 3081 1041 εἷς
3128 980 3219 1035 τὸν
3274 980 3538 1060 ἄφθαρτον
3571 983 3692 1038 ναόν
3726 986 3864 1057 (35)·
3897 986 3942 1040 Ὀ

2297 1065 2386 1121 καὶ
2416 1068 2596 1121 ποθῶν
2620 1073 2881 1139 σωθῆναι,
2919 1066 3108 1143 βλέπει
3141 1068 3241 1124 οὐκ
3270 1069 3347 1133 εἷς
3376 1066 3467 1125 τὸν
3499 1068 3783 1137 ἄνθρωπον
3815 1076 3942 1147 (36),

2298 1154 2425 1211 ἀλλ’
2474 1154 2549 1217 εἷς
2596 1156 2686 1210 τὸν
2746 1156 2798 1210 ἐν
2853 1156 2999 1230 αὐτῷ
3056 1156 3387 1228 ἐνοικοῦντα,
3435 1160 3526 1215 καὶ
3572 1158 3855 1217 λαλοῦντα
3898 1162 3941 1218 έν

2297 1244 2443 1316 αὐτῷ
2471 1246 2603 1319 (37),
2635 1243 3079 1319 ὲκπλησσόμενος
3113 1246 3199 1303 ἐπὶ
3227 1252 3308 1321 τῷ
3343 1246 3637 1323 μηδέποτε,
3682 1253 3829 1324 μήτε
3856 1256 3945 1307 τοῦ

2298 1332 2548 1410 λέγοντος
2577 1334 2645 1388 τὰ
2676 1332 2892 1410 ῥήματα
2922 1334 3210 1406 ἀκηκοέναι
3243 1336 3302 1392 ἐκ
3328 1343 3424 1393 τοῦ
3474 1338 3765 1412 στόματος,
3813 1343 3944 1413 μήτε

2297 1422 2455 1478 αὐτόν
2512 1425 2623 1496 (38)
2682 1444 2815 1478 ποτε
2869 1422 3316 1498 ἐπιτεθυμηκέναι
3373 1426 3586 1483 ἀκούειν
3624 1472 3639 1485 .
3694 1431 3944 1487 Τουτέστι

2295 1513 2658 1586 πνευματικὸς
2688 1513 2815 1575 ναὸς
2847 1511 3316 1589 οἷκοδομοῦμενος
3347 1521 3427 1590 τῷ
3457 1516 3660 1594 Κυρίῳ.

1778 1648 1953 1705 XVII.
1986 1650 2242 1721 Epilogus
2268 1651 2453 1722 partis
2478 1650 2703 1721 primae.

613 1767 905 1831 Quantum
937 1763 1145 1836 potuit,
1178 1768 1235 1819 et
1263 1763 1388 1820 sine
1420 1763 1773 1821 obscuritate
1804 1766 1993 1837 potuit
2020 1766 2183 1821 vobis
2215 1770 2262 1835 Β

546 1854 882 1923 monstrari,
917 1870 1051 1925 spes
1083 1853 1226 1908 mihi
1257 1858 1365 1919 est,
1398 1871 1501 1924 pro
1532 1854 1727 1909 studio
1763 1872 1888 1909 meo
1921 1871 2012 1909 me
2038 1854 2183 1909 nihil

546 1945 812 2000 omisisse
843 1959 1066 2009 eorum,
1122 1959 1250 2013 quas
1300 1943 1370 1997 ad
1428 1946 1679 1998 vestram
1742 1942 1989 1998 salutem
2049 1959 2181 2015 spe-

541 2037 724 2100 ctant,
758 2048 1001 2103 quasque
1033 2035 1171 2086 sunt
1198 2031 1525 2101 praesentia.
1560 2031 1619 2086 Si
1649 2030 1802 2087 enim
1855 2032 1925 2086 de
1973 2031 2181 2087 futuris

545 2122 833 2194 scripsero
866 2120 1047 2187 vobis,
1083 2136 1197 2175 non
1227 2118 1566 2192 intelligetis
1594 2137 1607 2175 :
1641 2119 1917 2192 quoniam
1958 2120 2019 2175 in
2052 2122 2182 2177 abs-

543 2210 773 2267 condito
805 2210 1060 2282 positum
1119 2212 1229 2266 est.
1290 2209 1360 2265 Et
1414 2209 1536 2265 hinc
1594 2209 1833 2282 quidem
1891 2211 1963 2266 ad
2022 2209 2180 2266 hunc

539 2299 801 2354 modum.

2366 1763 2480 1840 Ἐφ’
2530 1761 2654 1817 ὅσον
2714 1764 2780 1832 ἦν
2838 1761 2890 1817 ἐν
2947 1760 3157 1836 δυνατῷ
3210 1765 3302 1820 καὶ
3362 1766 3633 1838 ἁπλότητι
3694 1765 3943 1839 δηλῶσαι

2296 1852 2420 1925 ὑμῖν
2456 1854 2589 1926 (39),
2641 1851 2849 1922 ἐλπίζει
2901 1874 3005 1925 μου
3037 1856 3071 1922 ἡ
3104 1856 3279 1931 ψυχὴ,
3307 1859 3377 1929 τῇ
3430 1855 3692 1930 ἐπιθυμίᾳ
3727 1879 3835 1930 μου
3871 1860 3941 1931 μὴ

2291 1939 2755 2016 παραλελοιπέναι
2818 1942 2885 2014 μέ
2933 1963 2985 1996 τι
3042 1947 3148 1998 τῶν
3199 1943 3508 2013 ἀνηκόντων
3554 1946 3683 2019 ὑμῖν
3730 1946 3809 2009 εἷς
3840 1968 3943 2001 σω-

2288 2029 2482 2105 τηρίαν
2508 2030 2813 2085 ἐνεστώτων
2847 2033 2978 2105 (40).
3014 2032 3133 2086 Ἐἀν
3175 2033 3275 2107 γὰρ
3307 2033 3429 2109 περὶ
3476 2038 3582 2088 τῶν
3619 2032 3941 2106 μελλόντων

2288 2119 2479 2195 γράφω
2513 2119 2661 2192 ὑμῖν,
2718 2118 2778 2173 οὐ
2830 2120 2905 2193 μὴ
2956 2122 3212 2191 νοησητε,
3264 2119 3353 2176 διὰ
3396 2123 3458 2177 τὸ
3508 2123 3558 2177 έν
3596 2120 3945 2199 παραϐολαῖς

2289 2209 2515 2262 κεῖσΟαι.
2550 2210 2731 2264 Ταῦτα
2765 2209 2859 2282 μὲν
2889 2208 3084 2271 οὕτως.

1939 2398 2103 2452 Vetus
2129 2396 2531 2469 interpretatio.

537 2496 688 2552 Deus
715 2492 1022 2572 inhabitat.
1057 2492 1378 2572 Quomodo
1399 2493 1426 2549 ?
1448 2496 1651 2572 Sermo
1682 2491 1814 2572 fidei
1842 2491 2021 2572 illius,
2051 2492 2273 2572 vacatio
2304 2493 2715 2572 promissionis
2738 2493 2925 2572 illius,
2951 2494 3240 2572 sapientia
3270 2496 3593 2572 mquitatis,
3654 2506 3946 2572 praecepta

538 2566 873 2622 testamenti
907 2564 1067 2639 illius
1096 2566 1246 2639 (41),;
1278 2564 1338 2619 in
1371 2564 1918 2639 nobisprophetans
1947 2565 2092 2637 ipse,
2127 2569 2185 2639 et
2213 2566 2272 2620 in
2304 2564 2472 2621 nobis
2504 2566 2796 2639 habitans.
2821 2564 2969 2634 Quia
2998 2564 3110 2639 (42)
3131 2584 3266 2623 cum
3299 2564 3411 2624 sub
3432 2564 3713 2626 servitute
3734 2564 3943 2629 mortis

538 2655 794 2718 eramus,
829 2636 1095 2718 apefiens
1126 2638 1343 2718 ostium
1374 2636 1793 2718 templi‘n‘ostri
1825 2636 2268 2718 (4.3),:q.uold_est
2300 2654 2364 2692 os
2395 2638 2692 2718 sapientia;
2723 2639 2859 2710 (43),
2894 2681 2907 2693 .

2947 2681 2960 2694 .
2998 2682 3011 2695 .
3074 2640 3206 2696 fecit
3252 2640 3324 2696 de
3373 2641 3541 2697 nobis
3569 2642 3821 2699 domum
3853 2644 3940 2699 in-

537 2706 893 2779 corruptam.
927 2706 1033 2783 Qui
1064 2708 1220 2762 enim
1252 2706 1613 2783 concupiscit
1640 2707 1899 2773 liberari,
1927 2706 2069 2783 vivit
2098 2708 2210 2779 (45)
2244 2725 2357 2783 non
2390 2706 2937 2783 in’hominem,'s_ed
2970 2708 3030 2765 in
3061 2726 3127 2766 eo
3158 2711 3518 2783 quihabitat
3548 2755 3561 2768 .
3601 2756 3615 2770 .
3651 2754 3666 2768 .
3702 2714 3763 2769 in
3802 2715 3941 2773 illo:

537 2778 969 2856 miraturquod
1001 2794 1304 2856 nunquam
1331 2778 1481 2856 tales
1510 2795 1812 2836 sermones
1840 2778 2255 2836 audierit’eum
2288 2781 2602 2851 dicentem,
2636 2798 2825 2854 neque
2854 2781 2980 2854 ipse
3036 2778 3397 2856 concupierit
3442 2784 3667 2841 audire.
3709 2786 3817 2842 Hic
3858 2792 3948 2844 est

539 2850 918 2920 spiritualiter
952 2890 965 2904 .
1002 2890 1015 2904 .
1053 2890 1067 2905 .
1100 2850 1442 2905 mdiﬁcatus.

606 2922 775 2978 XVII.
811 2924 1106 2995 Quantum
1141 2962 1206 2995 ._.
1241 2963 1254 2976 .
1288 2922 1459 2995 fuerit
1486 2919 1950 2995 in‘simplicitate
1982 2921 2421 2995 demonstrandi
2455 2921 2624 2995 nobis
2650 2923 2787 2995 (46),
2824 2966 2838 2981 .
2874 2966 2889 2980 .
2923 2966 2939 2981 .
2972 2940 3089 2980 non
3119 2924 3409 2982 intermisi

534 2995 589 3049 Si
626 2996 781 3049 enim
808 2994 885 3070 _de
913 2993 1269 3070 instantibus
1300 3009 1372 3070 ao
1396 2991 1749 3070 futuris_(_47_)
1781 2992 2033 3070 scribam
2064 2993 2248 3070 vobis,
2275 3010 2397 3070 non
2433 2991 2791 3070 intelligetis,
2817 3012 2941 3070 quo
2967 2997 3139 3052 modo
3166 2997 3227 3070 in
3260 2998 3440 3070 parab

535 3064 908 3137 suntmulta.
944 3065 1071 3119 Hinc
1102 3069 1296 3119 autem
1328 3065 1411 3137 sic
1432 3068 1593 3137 sunt.
1627 3063 1814 3137 Habes
1846 3064 2225 3137 interimi”)
2258 3066 2329 3121 de
2362 3063 2667 3137 majestate
2697 3063 2933 3137 Christi,
2963 3063 3278 3137 quomodo'
3305 3071 3507 3127 omnia
3550 3063 3612 3127 in
3656 3070 3676 3127 i

3468 2926 3787 3053 quidquam
3822 2970 3835 2984 .
3859 2970 3887 3013 _.
3930 2970 3944 2985 .

3468 3016 3477 3051 ι
3505 3015 3554 3053 is
3585 2999 3696 3053 (48)
3749 3006 3944 3053 posita

3446 2999 3700 3126 olis-(43}
3749 3001 3946 3073 posita

3450 3087 3507 3127 ia
3550 3086 3612 3127 1n
3656 3087 3676 3127 ι
3709 3072 3851 3144 tum,
3883 3079 3945 3129 et

530 3153 633 3211 per
664 3136 853 3207 illum,
887 3137 1038 3193 facta
1067 3140 1238 3193 sunt:
1273 3136 1363 3192 cui
1398 3135 1474 3191 sit
1505 3135 1709 3204 honor,
1744 3134 1947 3202 virtus,
1981 3134 2185 3207 gloria,
2219 3153 2376 3193 nunc
2406 3134 2471 3193 et
2490 3137 2550 3193 in
2580 3138 2795 3195 saecula
2825 3134 3194 3197 saeculorum.

1753 3267 2120 3325 EPISTOLIE
2152 3268 2328 3325 PARS
2365 3270 2587 3327 SECUN
2591 3271 2705 3328 DA.

1876 3366 2074 3423 XXIII.
2107 3367 2182 3424 De
2208 3367 2419 3424 duabus
2445 3370 2573 3425 viis.

596 3472 986 3526 Transeamus
1016 3471 1210 3525 autem
1243 3472 1300 3523 et
1357 3466 1428 3522 ad
1478 3464 1724 3521 alteram
1774 3465 2162 3537 cognitionem

531 3564 706 3630 atque
735 3558 1076 3615 doctrinam.
1114 3556 1249 3612 Duae
1283 3558 1423 3612 sunt
1450 3553 1556 3610 via
1584 3553 1861 3610 doctrinm
1892 3570 1957 3609 ac
2004 3559 2164 3627 pote-

532 3647 704 3703 statis
731 3664 745 3703 :
777 3663 895 3703 una
924 3645 1093 3717 lucis,
1134 3644 1317 3701 altera
1371 3643 1761 3700 tenebrarum.
1827 3642 2164 3699 Dit‘t’erentia

2346 3461 2680 3538 Μεταϐῶμεν
2712 3462 2888 3520 δὲκαὶ
2943 3464 3032 3520 ἐπὶ
3082 3466 3263 3542 ἑτέραν
3318 3470 3516 3541 γνῶσιν
3545 3466 3635 3522 καὶ
3671 3466 3927 3547 διδαχήν.

2272 3550 2417 3609 Ὀδοὶ
2456 3551 2551 3608 δύο
2598 3554 2697 3609 εἶσὶ
2750 3551 2983 3629 διδαχῆς
3033 3555 3121 3609 καὶ
3170 3554 3410 3628 ἐξουσίας
3644 3558 3682 3627 ἢ
3728 3579 3789 3612 τε
3830 3566 3927 3615 τοῦ

2273 3643 2451 3721 φωτὸς
2484 3645 2617 3717 (51),
2647 3640 2682 3712 ἥ
2714 3663 2771 3697 τε
2794 3647 2896 3697 τοῦ
2941 3643 3184 3705 σκότους.
3218 3645 3459 3722 Διαφορὰ
3506 3641 3563 3700 δὲ
3595 3644 3786 3717 πολλὴ
3818 3654 3925 3703 τῶν

1899 3756 2279 3815 VARIORUM
2309 3759 2539 3815 NO'I‘IE.

593 3861 707 3934 (34)
737 3860 821 3934 Ad
854 3858 1319 3934 annuntiandam
1350 3855 1604 3934 gloriam
1628 3855 1745 3910 Dei.

617 3926 709 4001 35)
743 3933 785 3988 I.
816 3948 865 3988 e.
902 3949 1008 3987 nos
1039 3932 1198 4002 ipsos
1230 3926 1417 4002 effecit
1445 3927 1560 4002 tale
1591 3926 1898 4000 templum.

616 3999 706 4071 36)
743 4004 848 4068 Qui
881 4009 966 4058 est
1000 3999 1183 4074 praeco
1214 3999 1528 4073 Evangelii.

738 4066 824 4154 Ita
856 4066 1486 4154 Dav.'_Vet.~interp."in
1516 4070 1638 4154 illo;
1669 4070 1777 4154 Ms.
1806 4066 1887 4123 ἐπ’
1920 4067 2085 4154 alia}.

590 4139 702 4217 (38)
743 4147 849 4202 Ms.
901 4144 1082 4205 αὐτός.
1142 4139 1523 4200 Scribe-udum
1581 4139 1763 4210 αὐτόν,
1820 4143 1973 4214 quod
2032 4139 2161 4216 ipsa

520 4219 746 4287 syntaxi
780 4218 1054 4288 postulat.
1090 4223 1226 4272 Dav.

589 4292 700 4359 (3‘))
737 4283 817 4342 Ita
847 4289 1005 4355 Dav.,
1040 4288 1335 4343 codicibus
1370 4284 1555 4359 nisus.
1588 4283 1698 4340 Alii
1729 4283 1890 4355 ἡμῖν.

587 4357 699 4430 (40)
735 4365 775 4413 I.
810 4376 857 4413 c.
893 4362 964 4415 de
991 4361 1388 4430 quibusrnunc
1421 4357 1798 4430 disceptatur,
1833 4371 1881 4410 e.
1916 4372 1973 4428 g.
2014 4374 2154 4430 num

514 4428 725 4488 novum
764 4432 949 4486 fcedus
978 4428 1150 4486 veteri
1184 4429 1261 4484 sit
1294 4428 1737 4500 przefereudum,
1772 4444 1913 4483 num
1963 4428 2154 4484 adhuc

510 4504 739 4560 valeant
775 4508 1057 4574 praecepta
1074 4501 1353 4574 Judaica,
1374 4504 1485 4574 etc,

582 4576 695 4647 (41)
736 4565 1067 4647 testamenti
1096 4573 1275 4629 illius.
1308 4571 1435 4627 Vet.
1468 4570 1753 4642 interpres
1783 4568 2013 4641 legebat
2034 4565 2149 4624 8m-

511 4644 685 4716 θήκης
718 4644 899 4700 αὐτοῦ.
934 4647 1094 4701 FELL.

580 4720 693 4789 (4‘2)
729 4720 887 4784 Quia.
922 4718 1107 4787 Forte,
1141 4716 1254 4787 qui.
1289 4714 1453 4789 Face.

580 4783 690 4861 (43)
723 4783 980 4860 Ᾰρενίεηε
1010 4783 1215 4844 ostium
1242 4787 1435 4861 templi
1462 4783 1759 4861 nostri.0s
1789 4783 1849 4838 in
1899 4796 2147 4861 sequeno

506 4855 1301 4933 tib‘us'interpretatur,quoti
1324 4855 1520 4912 revera
1540 4857 1835 4933 estostiupz
1862 4855 2146 4933 corporis.

507 4932 613 4987 Sed
653 4926 906 5003 primum
927 4932 1067 5004 quid
1090 4926 1384 5004 signiﬁcat
1405 4945 1464 4983 os
1481 4929 1709 5004 aperire
1730 4930 1754 4980 .9
1775 4926 1992 4981 Deinde
2015 4927 2146 5004 quis

507 5000 691 5077 nexus
722 5010 809 5077 est
840 5000 992 5077 inter
1022 5000 1527 5077 aper'tionem_oris
1578 5003 1635 5077 e_t
1683 5015 1811 5069 quas
1853 5003 2147 5077 sequntur

504 5076 560 5128 in
600 5076 830 5145 Graecis,
860 5069 1137 5145 μετάνοῖαν
1168 5070 1350 5133 διδοὺς
1382 5070 1540 5145 ἡμῖν,
1581 5069 1717 5123 dans
1770 5069 1930 5145 nobis
1977 5070 2147 5145 paen}-

505 5148 737 5202 tentiam
760 5139 1083 5203 7Alludere
1104 5147 1329 5201 videtur
1376 5139 1445 5198 ad
1486 5141 1679 5196 locum
1724 5139 1933 5211 psalmi
1969 5139 2017 5208 ἐι,
2054 5142 2141 5208 17,

505 5219 601 5272 ubi
637 5218 715 5273 ita
747 5220 960 5275 David:
994 5220 1242 5282 Domine,
1274 5216 1428 5287 aperi
1455 5213 1603 5268 labia
1627 5229 1771 5284 mea,
1803 5215 1853 5268 et
1880 5227 1937 5267 os
1962 5228 2145 5268 meum

504 5292 857 5345 annuntiabit
882 5292 1098 5346 laudem
1129 5295 1301 5345 tuam.
1336 5287 1500 5341 CLI-3a.

576 5362 689 5423 (44)
714 5363 779 5417 Os
809 5365 1112 5433 sapientia.
1140 5363 1238 5417 Est
1260 5375 1454 5433 revera
1477 5372 1533 5413 os
1563 5356 1804 5427 sapiens,
1847 5356 2001 5426 quod
2037 5357 2138 5412 be-

2196 3863 2238 3925 C
2276 3858 2542 3913 censuit:
2580 3857 2736 3912 Vidit
2764 3874 2871 3913 non
2903 3858 2963 3912 in
2996 3857 3293 3925 hominem,
3319 3857 3413 3914 sed
3439 3858 3497 3914 in
3530 3860 3694 3915 illum

3763 3879 3817 3917 ll!
3868 3881 3919 3918 ιη

2276 3878 2542 3913 σθηδυιιῑ
2580 3878 2736 3912 νιαῑῑ
2764 3878 2871 3913 non
2903 3878 2963 3912 ιη
2996 3878 3293 3925 nominem,
3319 3878 3413 3914 sea
3439 3878 3497 3914 ιη
3530 3878 3694 3915 mum
3722 3878 3817 3933 ραι
3868 3881 3917 3918 ΠΙ

2274 3946 2337 3983 eo
2368 3930 2582 3984 habitat
2610 3934 2661 3983 et
2687 3930 2932 3999 loquitur
2958 3931 3018 3984 in
3046 3930 3183 3992 illo;
3215 3932 3471 3996 miratus,
3493 3936 3600 3986 etc.
3652 3932 3719 3986 Et
3751 3951 3917 3990 mox:

2274 4002 2389 4074 Hoc,
2405 4006 2483 4074 est
2515 4002 2884 4074 spiritualiter
2903 4001 3491 4074 Dominoaedi/icatum
3520 4004 3811 4074 templum.

2344 4072 2669 4198 246)Nobis.
2738 4071 2825 4127 Al.
2884 4072 3056 4129 vobis.
3114 4071 3305 4128 Fellus
3364 4071 3692 4146 utrobique,
3754 4077 3918 4147 ἡμῖν,

2379 4160 2449 4198 is.

2268 4159 2425 4199 120018
2438 4185 2449 4198 .

2340 4214 2453 4286 (47)
2482 4215 2555 4269 De
2573 4214 2917 4287 instantibus
2947 4230 3011 4269 ac
3045 4216 3269 4287 futuris».
3295 4215 3375 4270 Ex
3412 4214 3504 4287 his
3530 4221 3689 4287 patet
3719 4217 3918 4275 Graeca

2267 4285 2355 4360 sio
2378 4285 2819 4360 legendacsse:
2860 4286 2982 4360 Ἐᾲν
3014 4285 3117 4360 γὰρ
3148 4285 3270 4360 περὶ
3310 4289 3416 4360 τῷν
3466 4285 3778 4360 ἐνεστώτων
3827 4291 3913 4345 καὶ

2270 4354 2608 4427 μελλόντων.
2647 4357 2799 4412 ΜΕΝ.
2834 4388 2901 4397 -—
2932 4354 3144 4413 Vocem
3175 4354 3477 4412 ἐνεστώτων
3511 4358 3636 4415 loco
3693 4378 3802 4418 suo
3833 4364 3915 4417 di-

2267 4434 2507 4502 motam,
2533 4430 2591 4502 in
2615 4434 2955 4502 sequentem
2977 4429 3307 4502 periodum,
3329 4430 3614 4502 adLatina
3645 4434 3912 4491 versione

2264 4501 2572 4568 admoniti,
2606 4500 2998 4571 reposuimus.
3033 4501 3197 4555 FELL.
3231 4531 3300 4541 —-
3352 4500 3496 4556 Vide
3542 4506 3661 4558 not.
3713 4505 3788 4559 42
3838 4507 3907 4562 ad

2262 4588 2395 4645 cap.
2424 4573 2477 4638 4,
2511 4571 2620 4645 col.
2650 4573 2776 4627 732.
2810 4571 2953 4627 Hinc
3014 4571 3324 4628 Usseriana
3381 4572 3549 4629 lectio
3604 4576 3737 4645 ejus
3796 4576 3906 4633 loci

2260 4644 2594 4699 confirmari
2627 4646 2835 4715 potest.
2868 4645 3039 4701 Casa.

2330 4715 2464 4786 (48).
2517 4714 2639 4784 Quo
2684 4715 2839 4787 modo
2898 4716 2958 4769 in
3011 4714 3315 4787 parabolis.
3365 4714 3699 4787 Legendum
3762 4718 3908 4775 forte

2258 4783 2557 4857 quoniam:
2588 4791 2742 4841 certe
2772 4785 2855 4841 sic
2884 4783 3229 4842 vertendum
3263 4783 3570 4841 fuerat—Stat
3609 4786 3696 4843 τό.
3730 4788 3905 4846 Casa.

2327 4857 2461 4929 (49).
2494 4858 2665 4913 Habes
2688 4859 2937 4924 interim,
2970 4861 3058 4929 etc
3114 4856 3243 4929 Haec
3307 4861 3604 4929 nonsunt
3650 4859 3709 4915 in
3745 4866 3905 4918 textu

2258 4927 2471 5001 amco.
2494 4929 2806 5001 Hucusque
2826 4928 3017 4984 vervio
3041 4927 3247 5001 Latina
3268 4927 3482 5001 codicis
3507 4929 3903 4989 Corbeiensis.

2256 4999 2409 5055 MEN.
2441 5031 2510 5040 —
2542 5004 2675 5067 Qua
2706 4999 2901 5056 autem
2932 5001 3166 5069 desunt,
3186 5000 3399 5069 Graecis
3430 4999 3641 5057 litteris
3671 5004 3759 5058 ita
3788 5005 3907 5061 Fel-

2254 5069 2348 5155 lus
2379 5074 2725 5163 ‘expressiti
2778 5076 2967 5160 Ἔχεις
3008 5068 3099 5163 οξν
3147 5068 3270 5159 περ)
3318 5072 3442 5163 τῆς⁸
3470 5071 3905 5163 ιιξγσλειόξητος

2252 5144 2347 5217 τοὺς
2379 5139 2769 5217 ΧρίστοῦΑλ-ὡς
2820 5139 2992 5217 πᾷντα
3022 5141 3097 5217 εἷς
3145 5139 3321 5217 αὐτδν,
3354 5140 3444 5217 καὶ
3472 5139 3563 5196 ’δι’
3592 5143 3765 5217 αὐτοῦ
3797 5139 3901 5201 ⁷τῖτε-

2251 5211 2494 5290 ποίηται’
2531 5218 2575 5285 ᾦ
2606 5211 2752 5284 δόξα,
2782 5214 2979 5290 κράτος
3010 5214 3099 5268 καὶ
3145 5214 3307 5285 τιμὴ,
3338 5211 3429 5268 νῦν
3470 5215 3559 5269 καὶ
3590 5214 3668 5278 εἰς
3700 5217 3904 5281 αἰῶνας

2248 5289 2355 5338 τῶν
2385 5283 2612 5341 αἰώνων.

2321 5358 2433 5433 (50)
2468 5360 2542 5433 De
2573 5357 2789 5433 duplici
2822 5358 3092 5433 doctrina,
3115 5356 3268 5433 bona
3288 5360 3344 5433 et
3368 5357 3618 5433 mala,et
3649 5361 3723 5416 de
3752 5370 3900 5433 pote-

507 5433 712 5487 nolicia
742 5451 775 5487 a
806 5428 919 5507 Deo
977 5440 1211 5504 accepta
1262 5429 1665 5507 indesinenter
1717 5433 2141 5507 commemorat
2244 5430 2491 5507 statibus
2512 5428 2680 5486 bonis
2697 5435 2751 5485 et
2774 5429 2944 5485 malis
2963 5428 3211 5501 (angelis
3232 5435 3290 5483 et
3309 5428 3696 5503 daemonibus)
3711 5428 3899 5507 loqui-

504 5509 677 5571 atque
710 5506 949 5560 extollit.
983 5507 1092 5562 Sed
1118 5498 1184 5560 in
1232 5502 1470 5571 Graecis
1502 5500 1751 5571 habetur
1777 5498 1932 5569 quod
1965 5500 2137 5556 modo
2244 5506 2361 5556 tur.

506 5568 832 5648 retulimus,
865 5593 978 5648 pro,
1002 5593 1125 5648 quo
1147 5576 1437 5648 interpres
1461 5570 1601 5648 legit
1630 5568 2044 5648 oocplaé.‘CLEn.

2317 5571 2430 5650 (51)
2457 5575 2523 5650 Et.
2557 5570 2598 5627 1.
2701 5570 2934 5650 Qrigen.
2958 5572 3043 5650 _De
3068 5572 3252 5650 princ:
3357 5587 3443 5642 In,
3475 5588 3529 5629 ο.
3556 5576 3613 5647 2,
3649 5592 3707 5631 n.
3750 5576 3805 5650 4,
3837 5581 3894 5633 et

575 5646 690 5725 (45)
727 5640 888 5705 Vivit:
920 5640 1198 5705 Alfvidet.
1230 5640 1424 5702 Fellus
1479 5640 1603 5697 hinc
1650 5640 1733 5698 ita
1763 5641 2135 5702 reformando.
2242 5640 2283 5701 ι.
2312 5640 2333 5699 i
2363 5640 2595 5720 Explan.
2627 5643 2687 5699 in
2718 5640 2830 5718 Ep:
2852 5643 2925 5701 ad
2954 5640 3121 5702 Rom.
3153 5659 3194 5717 ι,
3224 5642 3316 5700 24.
