4086 6342
202 357 325 417 777

1464 358 1847 421 EPISTULA
1890 357 2333 421 CATHOLICA
2348 404 2361 418 .

3496 361 3617 421 778

201 482 299 543 δύο
336 484 501 546 ὁδῶν.
535 488 649 563 Ἐφ’
677 490 742 556 ἧς
777 486 870 561 μὲν
918 484 1020 563 γᾶρ
1070 486 1171 543 εἶσι
1212 487 1527 565 τεταγμένοι
1580 509 1845 567 φωταγω-

1970 506 2098 545 vero
2131 490 2318 547 multa
2348 492 2599 548 duarum
2629 493 2876 549 viarum.
2910 491 3018 548 Uni
3065 491 3365 563 siquidem
3395 508 3619 565 praepo-

200 577 294 651 γοί
324 574 546 652 ἄγγελοι
577 580 673 631 τοῦ
704 581 859 647 Θεοῦ,
892 575 974 653 ἐφ’
1003 579 1069 645 ἧς
1102 575 1159 631 δὲ
1207 574 1429 652 ἄγγελοι
1475 582 1572 631 τοῦ
1622 583 1853 634 Σατανᾶ.

202 666 303 720 Καὶ
336 666 362 720 ὁ
400 666 493 738 μὲν
548 662 657 720 ἔστι
692 666 888 740 Κύριος
938 666 1028 720 ἀπ’
1073 666 1285 720 αἰώνων
1336 666 1413 728 είς
1468 666 1587 728 τοὺς
1639 665 1855 735 αἰῶνας,

200 756 230 811 ὁ
266 752 322 810 δὲ
352 751 539 830 ἅρχων
572 759 763 831 καιροῦ
792 757 897 824 τῆς
930 754 1184 827 ἀνομίας.

1968 578 2064 634 siti
2103 586 2244 633 sunt
2276 580 2462 652 angeli
2496 581 2595 636 Dei
2628 580 2813 637 locem
2863 581 3252 653 praaferentes,
3295 580 3459 637 alteri
3491 599 3623 637 vero

1969 667 2158 739 angeli
2192 670 2418 724 Satanaa
2455 674 2491 724 ί.
2521 675 2601 725 Ac
2631 669 2727 726 ille
2761 670 2997 743 quidem
3033 670 3313 727 Dominus
3342 676 3434 727 est
3465 688 3499 727 a
3523 688 3625 729 saa-

1970 755 2119 811 culis
2175 756 2235 811 in
2295 756 2559 826 sacula;
2622 758 2717 815 hic
2773 762 2968 815 autem
3018 759 3289 831 princeps
3336 759 3622 832 temporis

1971 860 2179 916 iniqui.

1626 969 1772 1023 XIX.
1813 970 1887 1025 De
1917 971 2010 1025 via
2037 969 2195 1025 lucis.

278 1076 341 1130 Ἠ
392 1073 480 1129 οῦν
534 1072 659 1136 ὁδὸς
710 1078 805 1128 τοῦ
854 1074 1031 1152 φωτός
1073 1072 1209 1137 ἐςτιν
1264 1071 1420 1143 αῦτη.
1470 1073 1589 1127 Ἐάν
1630 1095 1712 1135 τις
1768 1074 1852 1136 0&-

202 1161 319 1218 λων
349 1165 461 1237 (52)
483 1160 687 1218 ὁδεύειν
723 1161 807 1216 ἐπὶ
841 1163 931 1217 τὸν
968 1164 1265 1238 ὡρισμένον
1288 1162 1476 1231 τόπον,
1497 1162 1713 1216 σπεύσει
1740 1167 1855 1223 τοῖς

205 1248 394 1328 ἔργοις
442 1252 623 1307 αὐτοῦ.
660 1254 839 1306 Ἔστιν
882 1250 971 1305 οῦν
1004 1254 1038 1321 ἡ
1073 1250 1289 1315 δοθεῖσα
1335 1254 1471 1323 ἡμῖν
1521 1256 1719 1325 γνῶσις
1760 1254 1856 1304 τοῦ

203 1346 519 1416 περιπατεῖν
597 1341 649 1395 ἐν
723 1339 880 1414 αὐτῇ,
938 1340 1185 1409 τοιαύτη.
1249 1341 1574 1414 Ἀγαπήσεις
1644 1338 1735 1393 τόν
1801 1359 1857 1392 σε

204 1432 533 1499 ποιήσαντα,
584 1426 822 1500 δοξάσεις
871 1427 961 1479 τόν
1011 1449 1067 1481 σε
1118 1427 1533 1502 λυτρωσάμενον
1582 1425 1639 1480 ἐκ
1700 1426 1855 1480 Θανά-

199 1538 320 1571 του.
357 1524 487 1590 ’Έσῃ
517 1517 725 1577 ἁπλοῦς
758 1516 826 1590 τῇ
877 1515 1089 1592 καρδίᾳ,
1122 1516 1207 1570 καὶ
1254 1514 1519 1576 πλούσιος
1569 1520 1647 1586 τῷ
1697 1516 1855 1568 πνεύ-

204 1627 361 1678 ματι.
394 1605 466 1659 Οὐ
497 1604 821 1678 κολληθήση
856 1607 988 1677 μετὰ
1034 1610 1141 1659 τῶν
1202 1606 1582 1678 πορευομένων
1647 1603 1697 1657 ἐν
1750 1601 1859 1675 ὁδῷ

200 1694 435 1749 θανάτου
464 1698 575 1767 (53)
608 1697 864 1763 Μιςῆσεις
896 1700 1095 1762 ποιεῖν,
1128 1694 1155 1747 '6
1187 1694 1285 1746 οὐκ
1334 1693 1552 1768 ἀρεστὸν
1604 1697 1682 1765 τῷ
1722 1697 1855 1763 Θεῷ,

203 1784 457 1855 μισήςεις
490 1788 659 1836 πᾶσαν
709 1782 1013 1858 ὑπόκρισιν.
1047 1782 1118 1835 Οὐ
1173 1783 1248 1855 μὴ
1294 1781 1657 1857 ἐγκαταλίπῃς
1707 1780 1859 1836 ἐντο-

200 1870 305 1933 λὰς
342 1871 558 1947 Κυρίου.
591 1874 705 1943 (54)
736 1871 853 1946 Οὐχ
887 1872 1120 1944 ὑψώσεις
1157 1871 1394 1943 σεαυτὸν,
1429 1866 1521 1943 ἔσῃ
1569 1867 1626 1925 δὲ
1672 1891 1859 1925 ταπει-

197 1960 439 2035 νόφρων.
472 1959 585 2017 Οὐκ
624 1960 770 2033 ἀρεῖς
804 1958 887 2013 ἐπὶ
924 1960 1140 2013 σεαυτὸν
1194 1956 1367 2028 δόξαν.
1400 1957 1472 2012 Οὐ
1528 1958 1677 2033 λήψῃ
1732 1960 1856 2033 βου-

199 2047 308 2116 λὴν
343 2049 585 2122 πονηρὰν
618 2048 753 2101 κατά
780 2048 871 2101 τὸν
904 2046 1138 2117 πλησίον
1169 2068 1284 2103 σου.
1319 2046 1391 2100 Οὐ
1427 2044 1617 2108 δώσεις
1660 2046 1728 2119 τῇ
1760 2051 1859 2120 ψυ-

197 2138 282 2211 χῇ
314 2138 533 2212 Θράσος.
712 2135 786 2189 0-3
812 2135 1148 2207 πορνεύσεις,
1182 2136 1244 2189 οὐ
1277 2134 1613 2209 μοιχεύσεις,
1646 2135 1707 2189 οὐ
1738 2157 1860 2189 παι-

199 2223 583 2303 δοφθορεῦσεις
615 2228 730 2297 (56)
762 2224 834 2279 Οὐ
870 2227 943 2296 μή
980 2245 1063 2278 σοι
1098 2225 1125 2278 ὁ
1158 2223 1321 2299 λόγός
1360 2228 1457 2277 τοῦ
1487 2228 1621 2278 Θεοῦ
1674 2223 1861 2297 ἐξέλθῃ

198 2312 256 2369 ὲν
288 2313 587 2389 ἀκαθαρσίᾳ
614 2317 797 2369 τινῶν.
834 2316 947 2385 (57)
975 2312 1047 2367 Οὐ
1100 2311 1251 2385 λήψῃ
1303 2313 1596 2387 πρόσωπον
1642 2312 1859 2386 ἐλέγξας

193 2403 320 2457 τινὰ
350 2402 437 2457 ἐπὶ
468 2405 580 2475 (58)
610 2404 1029 2476 παραπτώματι.
1062 2407 1195 2474 "Ean
1226 2400 1420 2477 πραῢς,
1456 2398 1548 2474 ἔσῃ
1597 2401 1856 2477 ἡσύχως.

197 2498 338 2565 "Em
366 2492 579 2567 τρέμων
611 2489 737 2551 τοὺς
773 2489 995 2565 λόγους,
1028 2490 1121 2551 οὓς
1160 2487 1423 2557 ἤκουσας.
1456 2489 1529 2542 Οὐ
1584 2490 1661 2561 μὴ
1715 2512 1857 2561 μνη-

192 2582 496 2651 σικακήσῃς
524 2583 602 2650 τῷ
626 2576 847 2655 ἀδελφῷ
883 2598 997 2633 σου.
1034 2580 1145 2650 (59)
1179 2577 1251 2631 Οὐ
1288 2579 1361 2649 μὴ
1398 2574 1730 2652 διψυχήσῃς,
1763 2578 1857 2633 πό-

195 2688 357 2744 τερον
390 2670 500 2741 (60)
531 2666 704 2735 ἔσται,
734 2670 769 2735 ἢ
809 2664 892 2722 οὔ.
922 2666 993 2720 Οὐ
1028 2668 1103 2738 μὴ
1140 2663 1310 2739 λάϐῃς
1364 2666 1450 2720 ἐπὶ
1499 2666 1713 2739 ματαίῳ
1744 2669 1854 2740 (61)

196 2752 381 2829 ὄνομα
412 2756 631 2831 Κυρίου.
668 2757 996 2831 ’Δγαπτςσεις
1030 2756 1120 2809 τὸν
1166 2754 1400 2825 πλησίον
1438 2775 1533 2809 σου
1580 2755 1709 2829 ὑπὲρ
1759 2757 1857 2824 τὴν

196 2847 387 2921 ψυχήν
441 2867 557 2900 σου.
593 2847 704 2917 (62)
736 2844 807 2898 Οὐ
862 2844 1135 2922 φονεύσεις
1180 2844 1363 2898 τεκνον
1418 2842 1468 2897 ἐν
1503 2846 1699 2921 φθορᾷ,
1733 2842 1857 2899 οὐδὲ

200 2934 370 2990 πάλιν
415 2934 669 3009 γεννηθὲν
720 2931 945 2994 ἀνελεῖς.
980 2935 1093 3006 (63)
1122 2931 1194 2986 Οὐ
1246 2934 1321 3004 μὴ
1372 2932 1499 3007 ἄρῃς
1545 2934 1642 3000 τήν
1696 2931 1856 3009 χεῖρά

195 3043 299 3077 σου
332 3022 440 3077 ἀπὸ
464 3027 563 3077 τοῦ
595 3023 715 3077 υἱοῦ
745 3042 862 3093 σου,
897 3022 931 3089 ἢ
965 3020 1070 3075 ἀπὸ
1118 3028 1218 3090 τῆς
1264 3019 1528 3096 θυγατρός
1578 3042 1694 3092 σου,
1727 3020 1854 3075 ἀλλ’

198 3113 306 3167 ἀπὸ
338 3112 592 3181 νεότητος
641 3108 870 3181 διδάξεις
904 3104 1072 3187 φόϐον
1110 3110 1329 3187 Κυρίου.
1363 3109 1435 3163 Οὐ
1470 3112 1545 3183 μὴ
1578 3111 1703 3186 γὲνῃ
1736 3110 1851 3165 ἐπι-

1889 1829 1938 1893 Β

2036 1076 2142 1131 Via
2170 1076 2351 1148 igitur
2380 1076 2527 1133 lucis
2560 1077 2680 1133 haec
2710 1082 2834 1135 est:
2869 1080 2927 1134 Si
2961 1080 3094 1151 quis
3126 1080 3287 1151 cupit
3315 1079 3613 1152 pervenire

1966 1165 2037 1219 ad
2074 1166 2425 1237 praefinitum
2468 1165 2683 1233 locum,
2736 1168 2859 1222 suis
2908 1168 3182 1239 operibus
3225 1168 3281 1223 id
3332 1168 3611 1240 consequi

1968 1254 2216 1308 studeat.
2251 1254 2515 1326 Cognitio
2568 1255 2765 1327 itaque
2797 1257 2964 1311 nobis
2994 1258 3128 1311 data
3157 1257 3215 1311 in
3249 1257 3343 1312 hic
3370 1258 3463 1312 via
3487 1274 3610 1312 am-

1967 1341 2209 1395 bulandi
2267 1344 2557 1413 ejusmodi
2605 1349 2713 1398 est.
2778 1344 2987 1416 Diliges
3045 1345 3376 1401 Creatorem
3418 1351 3611 1413 tuum,

1968 1429 2152 1501 gloria
2182 1430 2423 1497 afﬁcies,
2458 1448 2616 1497 eum,
2650 1433 2748 1502 qui
2801 1434 3047 1488 redemit
3078 1439 3131 1488 te
3178 1452 3212 1488 a
3254 1439 3455 1489 morte.
3491 1433 3617 1489 Eris

1969 1519 2139 1573 corde
2174 1519 2423 1591 simplex
2454 1525 2510 1574 et
2543 1520 2753 1591 spiritu
2804 1522 2983 1576 dives.
3036 1523 3159 1577 Non
3191 1522 3515 1578 adhaerebis
3546 1522 3616 1577 ad

1969 1622 2088 1673 eos,
2121 1607 2219 1677 qui
2253 1608 2530 1663 incedunt
2560 1608 2617 1662 in
2650 1614 2741 1664 vta
2771 1610 2998 1665 mortis.
3031 1609 3176 1666 0dio
3209 1610 3454 1666 habebis
3485 1628 3617 1683 per-

1971 1698 2195 1766 petrare
2226 1698 2382 1767 quod
2424 1697 2538 1751 Deo
2573 1714 2685 1752 non
2722 1697 2931 1768 placet,
2972 1699 3103 1753 odio
3136 1699 3351 1755 habeas
3381 1715 3617 1755 omnem

1971 1782 2428 1839 simulationem.
2456 1785 2535 1839 Ne
2562 1785 2935 1856 derelinquas
2960 1788 3235 1843 mandata
3264 1788 3515 1843 Domini.
3541 1788 3619 1843 Te

1972 1872 2166 1943 ipsum
2198 1890 2310 1927 non
2343 1873 2622 1940 exatabis,
2675 1874 2789 1929 eris
2841 1880 3030 1930 autem
3068 1876 3330 1932 humilis.
3365 1877 3487 1932 Non
3517 1894 3616 1933 as-

1972 1976 2169 2016 sumes
2200 1961 2303 2015 tibi
2336 1960 2602 2032 gloriam.
2652 1963 2777 2017 Non
2812 1964 3005 2033 capies
3038 1964 3258 2019 malum
3304 1964 3615 2020 consilium

1971 2050 2251 2105 adversus
2282 2049 2613 2119 proximum
2650 2054 2839 2106 tuum.
2873 2052 2997 2107 Non
3030 2053 3197 2108 dabis
3229 2053 3435 2108 animas
3468 2054 3619 2109 inso-

1970 2136 2234 2193 lentiam.
2267 2138 2393 2193 Non
2426 2138 2826 2206 fornicaberis,
2862 2157 2974 2196 non
3025 2140 3376 2197 adulterium
3421 2142 3619 2209 facies,

1970 2240 2182 2295 pueros
2216 2242 2329 2279 non
2361 2241 2461 2280 cor
2477 2242 2735 2297 rumpes.
2789 2227 2913 2283 Non
2962 2245 3031 2283 ex
3060 2233 3114 2283 te
3144 2230 3384 2284 verbum
3427 2229 3528 2284 Dei
3560 2231 3620 2285 in

1970 2313 2365 2384 quorumdam
2396 2313 2733 2385 impuritate
2764 2320 2949 2372 exeat.
2980 2317 3106 2372 Non
3139 2317 3389 2389 accipies
3417 2333 3619 2389 perso-

1969 2418 2106 2456 nam
2141 2400 2199 2456 in
2232 2403 2531 2474 arguendo
2563 2404 2893 2475 cujuspiam
2938 2406 3127 2477 lapsu.
3178 2406 3304 2461 Eris
3346 2423 3622 2462 mansue-

1970 2493 2083 2558 tus,
2117 2490 2233 2545 eris
2263 2490 2519 2561 quietus.
2550 2494 2974 2549 Contremisces
3015 2495 3087 2549 ad
3130 2495 3324 2564 verba,
3358 2512 3483 2567 qua:
3516 2512 3622 2551 au-

1968 2578 2102 2634 disti
2136 2579 2177 2631 ².
2214 2579 2399 2635 Fratri
2431 2584 2531 2635 tuo
2565 2580 2848 2651 ignosces.
2902 2583 3024 2638 Non
3070 2584 3357 2654 ambigas,
3419 2588 3616 2639 utrum

1966 2667 2229 2722 futurum
2262 2668 2354 2736 sit,
2389 2684 2593 2725 necne.
2633 2670 2715 2725 Ne
2762 2687 3031 2727 assumas
3072 2672 3130 2725 in
3157 2688 3370 2727 vanum
3402 2689 3615 2729 nomen

1968 2756 2217 2811 Domini.
2251 2755 2469 2827 Diliges
2520 2758 2851 2829 proximum
2896 2764 3064 2815 tuum
3113 2760 3247 2832 plus
3277 2778 3455 2832 quam
3488 2762 3614 2816 ani-

1965 2860 2122 2898 mam
2154 2848 2336 2899 tuam.
2371 2845 2495 2901 Non
2530 2846 2843 2902 interﬁcies
2874 2848 3055 2904 fetum
3088 2850 3145 2903 in
3180 2849 3610 2919 abortione,nec

1965 2932 2140 2987 etiam
2173 2934 2471 2990 interimes
2503 2940 2635 3005 post
2665 2936 3045 2993 nativitatem.
3095 2938 3175 2993 Ne
3220 2939 3450 2994 auferas
3482 2956 3605 2994 ma-

1966 3037 2110 3076 num
2142 3030 2303 3077 tuam
2330 3040 2364 3077 a
2392 3022 2511 3078 filio
2539 3028 2661 3091 tuo,
2694 3024 2781 3081 vel
2814 3043 2847 3080 a
2876 3025 2997 3081 ﬁlia
3024 3031 3161 3094 tua;
3215 3028 3316 3083 sed
3352 3045 3384 3083 a
3416 3029 3608 3098 pueri-

1964 3110 2047 3164 tia
2077 3110 2309 3165 docebis
2340 3127 2438 3167 eos
2460 3112 2731 3168 timorem
2769 3114 3017 3169 Domini.
3054 3116 3211 3170 Bona
3237 3116 3483 3186 proximi
3518 3117 3604 3171 tui

197 3206 387 3275 θυμῶν
422 3201 487 3255 τὰ
514 3205 609 3255 τοῦ
635 3198 871 3269 πλησίον
906 3220 1001 3253 σου
1030 3201 1162 3273 (64),
1198 3196 1322 3254 οὐδὲ
1356 3200 1430 3273 μή
1484 3201 1612 3273 γένῃ
1659 3197 1857 3254 πλεονέ

1970 3215 2081 3253 non
2114 3200 2511 3270 concupisces,
2545 3217 2647 3255 nec
2677 3202 2792 3256 eris
2825 3219 3052 3257 avarus.
3093 3201 3290 3273 Neque
3315 3220 3383 3258 ex
3413 3204 3611 3261 anima

197 3311 358 3359 κτης.
392 3286 528 3343 Οὐδὲ
574 3287 900 3362 κολληθήσῃ
941 3288 1000 3342 ἐκ
1042 3293 1227 3363 ψυχῆς
1276 3310 1370 3342 σου
1423 3289 1555 3360 μετὰ
1602 3286 1853 3361 ὑψηλῶν,

200 3377 349 3434 ἀλλὰ
386 3378 521 3451 μετὰ
550 3375 772 3432 δικαίων
805 3376 895 3431 καὶ
925 3381 1191 3431 ταπεινῶν
1239 3378 1606 3453 ἀναγραφήσῃ.
1640 3378 1754 3449 (65)
1783 3377 1857 3430 Τὰ

201 3462 574 3541 συμϐαίνοντα
629 3487 712 3521 σοι
925 3466 1279 3541 ἐνεργήματα,
1328 3466 1404 3526 ὡς
1455 3466 1645 3540 ἀγαθὰ,
1686 3460 1852 3540 πρόσ-

204 3554 371 3628 δεξαι.
403 3558 517 3629 (67)
548 3555 658 3610 Οὐκ
820 3552 1111 3629 δίγνωμος,
1146 3551 1269 3608 οὐδὲ
1324 3551 1653 3627 δίγλωσσος’
1697 3553 1857 3628 παγὶς

200 3646 305 3719 γὰρ
356 3645 588 3707 θανάτου
638 3642 779 3698 ἐστὶν
832 3644 866 3712 ἡ
912 3640 1230 3717 διγλωσσία.
1265 3643 1602 3716 Ὑποταγησῃ
1654 3641 1856 3713 Κυρίῳ,

204 3733 417 3809 κυρίοις
470 3733 544 3794 ὡς
590 3732 743 3804 τύπῳ
790 3735 947 3799 Θεοῦ,
998 3730 1049 3785 ἐν
1102 3729 1333 3806 αἰσχύνῃ
1380 3730 1469 3784 καὶ
1521 3726 1694 3807 φόϐῳ.
1746 3732 1859 3803 (68)

204 3821 278 3876 Οὐ
366 3822 442 3893 μή
522 3820 769 3893 ἐπιτάξῃς
824 3820 861 3888 ἢ
919 3817 1101 3891 δούλῳ
1170 3840 1264 3873 σου
1346 3818 1396 3873 ἐν
1475 3818 1684 3894 πικρίᾳ,
1741 3824 1857 3881 τοῖς

205 3909 294 3964 ἐπὶ
326 3910 420 3963 τὸν
474 3909 632 3963 αὐτὸν
667 3907 968 3978 ἐλπίζουσι,
1006 3910 1081 3980 μή
1132 3928 1265 3963 ποτε
1316 3906 1378 3962 οὐ
1430 3902 1719 3984 φοϐηθήσῃ
1766 3910 1857 3963 τὸν

202 3997 287 4051 ἐπ’
338 3997 669 4073 ἀμφοτέροις
716 3995 867 4050 Θεόν’
920 3994 1003 4050 ὅτι
1064 3994 1229 4064 ἦλθεν
1280 3995 1379 4049 οὐκ
1428 3994 1513 4049 ἐπὶ
1563 3994 1857 4070 πρόσωπον

195 4083 453 4156 καλέσαι,
486 4084 612 4140 ἀλλ’
642 4084 721 4162 ἐφ’
754 4085 846 4147 οὒς
893 4086 955 4139 τὸ
1002 4089 1221 4158 Πνεῦμα
1268 4084 1555 4158 ἡτοίμασε.
1590 4086 1701 4158 (69)
1732 4091 1857 4138 Κοι-

196 4177 471 4244 νωνγςσεις
504 4173 555 4227 ἐν
589 4179 716 4227 πᾶσι
748 4178 828 4246 τῷ
870 4174 1104 4244 πλησίον
1155 4196 1271 4243 σου,
1304 4174 1404 4229 οὐκ
1448 4173 1588 4248 ἐρεῖς
1645 4170 1770 4227 ἷδια’
1816 4172 1861 4227 εἷ

199 4266 310 4340 γὰρ
341 4262 394 4317 ἐν
426 4266 541 4324 τοῖς
574 4261 865 4341 ἆφθάρτοις
896 4264 1147 4319 κοινωνοί
1181 4264 1316 4333 ἐστε,
1358 4262 1512 4334 πόσῳ
1568 4260 1779 4334 μᾶλλον
1809 4260 1859 4315 ἐν

201 4357 324 4413 τοῖς
359 4352 613 4428 φθαρτοῖς
642 4370 655 4419 ;
688 4350 798 4405 Οὐκ
842 4346 933 4425 ἔσῃ
978 4350 1350 4427 πρόγλωσσος’
1384 4350 1543 4425 παγὶς
1590 4351 1691 4424 γὰρ
1742 4344 1862 4403 στό-

206 4461 289 4517 μα
318 4439 567 4495 θανάτου.
598 4442 755 4495 Ὅσον
792 4436 1035 4513 δύνασαι,
1067 4442 1179 4512 (70)
1210 4440 1332 4511 περὶ
1379 4439 1476 4507 τὴν
1529 4439 1714 4512 ψυχήν
1769 4458 1863 4491 σου

1968 3290 2070 3342 tua
2090 3286 2411 3343 adhaerebis
2429 3288 2727 3360 superbis;
2750 3291 2849 3345 sed
2869 3306 3002 3345 cum
3019 3290 3200 3361 justis
3218 3295 3393 3363 atque
3415 3292 3610 3347 humi-

1968 3374 2123 3431 libus
2174 3376 2501 3431 ascriberis.
2546 3377 2679 3441 Qum
2731 3378 2835 3432 tibi
2868 3379 3214 3451 contingunt
3256 3380 3609 3451 vexationes,

1968 3470 2251 3535 tanquam
2282 3466 2434 3520 bona
2464 3466 2857 3521 admitte.Non
2889 3466 3005 3523 eris
3037 3468 3376 3524 inconstans
3406 3486 3510 3525 nec
3531 3469 3615 3525 bi-

1966 3552 2221 3624 linguis;
2265 3553 2511 3624 laqueus
2560 3554 2718 3610 enim
2767 3556 2972 3612 mortis
3013 3562 3103 3611 est
3145 3556 3347 3629 lingua
3376 3558 3610 3631 duplex.

1969 3642 2310 3712 Subjicieris
2357 3643 2595 3699 Domino
2655 3644 2837 3714 [Deo],
2887 3645 3143 3701 dominis
3191 3662 3345 3713 vero,
3396 3652 3462 3703 ut
3509 3647 3613 3704 Dei

1968 3730 2233 3802 imagini,
2268 3731 2324 3786 in
2357 3732 2705 3787 verecundia
2735 3737 2791 3787 et
2823 3733 3032 3789 timore
3056 3735 3097 3767 3'
3133 3735 3217 3793 Ne
3246 3735 3305 3790 in
3336 3736 3613 3792 amaritu-

1967 3819 2104 3874 dine
2132 3819 2384 3892 imperes
2415 3820 2635 3875 ancillae
2666 3826 2767 3877 aut
2796 3839 2959 3877 servo
2982 3828 3101 3892 tuo,
3128 3823 3225 3894 qui
3260 3824 3315 3879 in
3340 3826 3613 3880 eumdem

1970 3913 2240 3980 sperant;
2276 3926 2349 3965 ne
2397 3909 2543 3965 forte
2600 3927 2713 3965 non
2774 3911 2984 3967 timeas
3044 3912 3250 3982 Deum,
3291 3912 3393 3983 qui
3440 3929 3618 3984 super

1971 4001 2291 4069 utrumque
2321 3998 2716 4069 est,quoniam
2747 4016 2862 4055 non
2884 4000 3042 4055 venit
3064 4016 3265 4056 vocare
3288 4002 3615 4056 secundum

1970 4102 2283 4157 personam
2317 4089 2359 4152 ‘,
2388 4088 2488 4142 sed
2522 4088 2847 4143 secundum
2880 4104 2978 4144 eos
3008 4105 3158 4160 quos
3187 4088 3439 4160 Spiritus
3470 4106 3615 4161 pree-

1973 4176 2794 4247 paraverit5.Communicabis
2814 4176 2874 4230 in
2898 4177 3175 4232 omnibus
3194 4194 3326 4233 cum
3351 4178 3616 4249 proximo

1973 4268 2096 4331 tuo,
2126 4279 2229 4318 nec
2261 4264 2583 4335 quidquam
2615 4265 2773 4320 dices
2804 4265 3103 4336 proprium
3132 4284 3144 4334 ;
3175 4266 3224 4322 si
3255 4266 3410 4322 enim
3442 4267 3502 4323 in
3534 4267 3618 4321 in-

1974 4352 2265 4423 corruptis
2296 4358 2594 4408 consortes
2624 4354 2786 4423 estis,
2823 4359 3041 4425 quanto
3075 4356 3265 4428 magis
3298 4356 3355 4410 in
3388 4356 3617 4428 iis,qua3

1974 4441 2513 4513 corrumpuntur“?
2544 4442 2668 4497 Non
2693 4444 2807 4498 eris
2834 4443 3033 4515 lingua
3058 4461 3344 4517 prazceps;
3379 4462 3443 4501 os
3460 4445 3617 4501 enim

286 4571 302 4604 ³
340 4567 391 4622 ΙΙ
422 4565 561 4639 Cor.
585 4582 685 4635 xu,
715 4568 771 4621 7.
849 4568 870 4601 ²
899 4566 1009 4623 Isa.
1046 4583 1193 4637 LXVI,
1224 4566 1296 4633 2;
1330 4564 1543 4637 Philip.
1578 4580 1638 4619 ιι.
1674 4564 1759 4618 12.
1836 4564 1857 4597 ³

1973 4564 2096 4622 hes.
2129 4581 2205 4635 v1,
2235 4566 2290 4620 5.
2366 4566 2387 4599 ‘
2417 4565 2625 4637 Ephes.
2669 4584 2745 4635 νι,
2797 4568 2850 4621 9.
2928 4568 2948 4601 ⁸
2996 4568 3163 4624 Rom.
3214 4586 3337 4637 vm,
3386 4570 3477 4639 29,
3526 4570 3617 4627 30.

209 4643 231 4678 ⁸
260 4642 392 4697 Act.
425 4653 505 4704 ιν,
538 4637 626 4693 32.

1600 4736 1982 4794 VARIORUM
2020 4735 2254 4791 NOTAE.

286 4857 403 4929 (52)
434 4854 817 4929 Participium
847 4852 972 4909 loco
1020 4852 1179 4908 verbi
1211 4850 1381 4919 finiti,
1426 4856 1490 4907 ut
1522 4869 1701 4926 supra
1728 4868 1780 4909 c.
1813 4854 1868 4920 6,

211 4926 341 4987 not.
380 4926 467 4993 15,
504 4926 612 4983 col.
643 4926 770 4981 741.

287 5001 403 5071 (53)
438 5000 654 5054 Eadem
682 4998 741 5051 in
777 4996 956 5071 Const.
990 5000 1187 5071 apost,
1218 5010 1317 5065 vn,
1353 4995 1440 5049 14.

290 5070 405 5140 (54)
440 5071 621 5126 Const.
659 5070 855 5140 apost.,
887 5084 988 5131 v11,
1019 5070 1073 5140 Θ.

289 5136 406 5213 (55)
440 5142 639 5213 ϐοηδιἒ
657 5136 871 5213 aposl.,_
891 5154 991 5203 vn,
1022 5138 1077 5190 2.

1010 5183 1525 5280 praedicansmulla
1557 5209 1721 5279 parte
1755 5223 1872 5262 mo-

217 5301 354 5342 rum
388 5285 472 5340 sis
503 5285 794 5354 impurus.

289 5357 404 5428 (57)
441 5352 625 5411 Const.
660 5361 833 5425 apost.
867 5352 1091 5428 vu,_10.

459 5431 539 5482 lta
590 5418 835 5481 restituo
867 5440 935 5479 ex
954 5418 1149 5479 Const.
1199 5429 1404 5494 apost.,
1437 5437 1546 5477 ms.
1580 5418 1875 5490 παραπτώ-

224 5518 387 5573 ea?!-

290 5571 406 5643 (59)
440 5568 621 5625 Const.
655 5571 986 5643 αροδιηῄνιι,
1024 5564 1254 5643 11.⁸(3Γι·.
1307 5563 1488 5635 Epist.
1524 5564 1545 5620 Ι
1598 5562 1767 5621 clem.
1803 5561 1876 5618 ad

217 5637 351 5705 Cor.
384 5637 434 5700 δ.
464 5657 522 5701 x1
552 5644 609 5699 et
635 5637 799 5709 xxiii,
830 5641 887 5695 et
912 5637 1036 5693 Jac.
1070 5653 1088 5692 ι
1120 5637 1175 5691 8.

511 5769 751 5831 ΡΑΤιιυι.
824 5765 938 5827 Gn.
982 5762 1058 5825 ΙΙ.

2075 4849 2166 4922 60)
2197 4849 2291 4922 Sc.
2327 4850 2481 4920 quod
2516 4853 2664 4922 Deus
2695 4851 2984 4922 promisit.

2073 4920 2161 4991 61)
2195 4917 2598 4991 Ροεῖματαίῳ,
2626 4917 2828 4977 ἱιιϊιιε.
2862 4923 3122 4978 abundat
3154 4920 3251 4981 εἰς.

2074 4991 2165 5063 62)
2196 4991 2376 5046 Const.
2411 5009 2525 5063 ap.,
2558 5008 2657 5061 vn,
2686 4993 2737 5046 3.

2055 5063 2165 5135 (63)
2198 5063 2492 5135 unum.

2053 5132 2169 5203 (64)
2199 5132 2337 5189 Ibid.
2370 5134 2422 5188 4.

2058 5204 2171 5278 (65)
2202 5204 2363 5278 (bid.
2394 5207 2449 5278 8-

2055 5274 2168 5346 (66)
2199 5275 2464 5346 Operatio
2495 5274 2803 5343 laboriosa,
2839 5275 3129 5332 molestia.

2055 5345 2168 5419 (67)
2202 5345 2379 5419 Const.
2412 5350 2585 5417 apost.
2622 5364 2684 5411 ιι,
2716 5348 2787 5413 6;
2818 5364 2917 5416 vn,
2953 5349 3003 5402 4.

2057 5417 2169 5487 (68)
2202 5417 2379 5471 Const.
2412 5426 2611 5488 apost.,
2632 5435 2731 5485 vn,
2768 5420 2852 5472 13.

2079 5488 2168 5557 69)
2202 5488 2384 5542 Const.
2416 5496 2615 5559 apost.,
2648 5506 2749 5554 vn,
2800 5492 2885 5543 12.

2079 5492 2168 5557 69)
2202 5492 2384 5542 Const.
2416 5496 2615 5559 apost.,
2648 5506 2749 5554 vn,
2800 5492 2811 5543 1

2056 5492 2169 5637 (70)
2202 5563 2285 5617 lta
2320 5561 2477 5635 Dav.,
2510 5576 2622 5617 ms.
2658 5559 2811 5639 ὑπὲρ.

2153 5205 2171 5415 ξ
