4086 6342
507 354 625 417 779

1749 357 1817 416 8.
1860 353 2257 415 ΒΛΒΝΑΒᾸΞ
2298 352 2679 414 APOSTOLI

3790 355 3906 415 780

505 487 753 559 laqueus
799 492 891 544 est
934 488 1159 543 mortis.
1220 488 1517 552 Quantum
1574 493 1761 558 potes,
1810 490 2009 542 castus
2064 485 2141 541 sis

2262 482 2552 557 ἁγνεύσεις.
2587 483 2701 555 (71)
2733 482 2821 550 Μὴ
2852 481 3005 557 γίνου
3036 481 3174 557 πρὸς
3208 482 3301 556 μὲν
3332 482 3396 537 τὸ
3422 476 3609 537 λαϐεῖν
3655 481 3904 538 ἐκτείνων

506 574 894 635 anima.«Noli
919 576 1213 648 porrigere
1235 592 1445 630 manus
1471 578 1605 630 tuas
1626 576 1696 629 ad
1722 574 2148 646 accipiendum,

506 666 580 723 ad
611 666 869 721 dandum
893 681 1027 720 vero
1056 664 1401 719 contrahere
1422 666 1461 715 ⁷.
1495 686 1522 713 ››
1545 663 1759 736 Diliges
1782 668 1846 718 ut
1866 661 2149 734 pupillam

505 755 657 811 Oculi
691 754 774 809 tui
805 754 1168 827 omnem,qui
1195 754 1299 808 tibi
1336 752 1605 825 loquetur
1622 753 1864 807 verbum
1896 750 2147 807 Domini.

503 843 564 899 in
597 842 940 899 memoriam
989 848 1153 899 tuam
1198 846 1364 897 nocte
1396 858 1461 896 ac
1498 840 1591 896 die
1621 840 1917 895 revocabis
1938 838 2149 910 judicii

503 932 681 989 diem.
713 931 996 1002 Exquiras
1028 930 1289 1003 quotidie
1335 929 1534 985 vultus
1575 932 1933 997 sanctorum,
1986 932 2043 983 et
2088 930 2146 982 in

502 1037 771 1077 sermone
799 1037 897 1075 eos
926 1024 1322 1092 perscrutans,
1372 1022 1430 1073 et
1478 1018 1549 1072 ad
1593 1017 2021 1073 exhortandum
2052 1017 2147 1071 in-

501 1110 734 1177 cedens,
768 1113 825 1164 et
852 1108 1163 1177 meditans,
1188 1108 1480 1179 quomodo
1509 1106 1767 1161 animam
1799 1106 1971 1161 verbo
2002 1106 2146 1177 [tuo]

504 1214 733 1256 servare
765 1200 976 1269 possis.
1010 1198 1076 1252 Et
1107 1197 1381 1252 manibus
1412 1196 1531 1250 tuis
1563 1194 1895 1265 operaberis
1935 1195 2008 1249 ad
2056 1210 2143 1249 re-

504 1286 899 1359 demptionem
932 1290 1300 1358 peccatorum
1333 1290 1569 1339 tuorum
1598 1283 1773 1339 3.Non
1806 1281 2146 1338 dubitandis

502 1376 665 1443 dare,
723 1390 911 1446 neque
975 1373 1396 1440 murmurabis,
1457 1389 1591 1427 cum
1648 1373 1773 1427 das.
1838 1371 2000 1425 Omni
2047 1386 2143 1441 pe-

501 1465 644 1520 tenti
672 1471 723 1518 te
741 1463 921 1517 tribue
949 1463 1005 1529 °;
1036 1477 1353 1534 cognosces
1383 1465 1605 1525 autem,
1639 1459 1773 1530 quis
1823 1460 1902 1514 sit
1955 1459 2145 1514 bonus

502 1550 787 1607 mercedis
817 1549 1151 1605 retributor.
1186 1548 1474 1617 Servabis,
1536 1564 1665 1618 quae
1712 1546 2005 1617 accepisti,
2038 1563 2143 1602 nec

500 1640 742 1710 addens,
770 1654 874 1693 nec
903 1639 1166 1693 demens.
1190 1636 1378 1691 Malus
1400 1635 1639 1691 odiosus
1663 1635 1769 1690 tibi
1799 1635 1908 1690 erit
1929 1635 1986 1689 in
2022 1652 2145 1706 per-

496 1732 763 1801 petuum.
792 1726 959 1781 Juste
981 1724 1432 1795 judicabis.Non
1464 1724 1641 1779 facies
1673 1723 2007 1791 dissidium;
2036 1724 2136 1779 sed

496 1832 701 1889 pacem
733 1813 1074 1870 conciliabis
1130 1814 1283 1867 inter
1339 1812 1776 1878 contendentes,
1836 1828 1933 1866 eos
1979 1828 2140 1867 asso-

497 1906 679 1960 cians.
738 1901 1113 1958 Conﬁteberis
1161 1906 1395 1973 peccata
1424 1905 1543 1954 tua.
1598 1900 1722 1955 Non
1755 1900 2036 1956 accedens
2068 1901 2138 1955 ad

499 1994 820 2050 orationem
851 1996 1013 2047 tuam
1043 1989 1103 2043 in
1154 1988 1510 2045 conscientia
1560 1988 1733 2044 mala.
1777 2021 1843 2030 —
1891 1988 2020 2043 stc
2053 1993 2142 2045 est

497 2081 591 2137 via
617 2080 788 2136 lucis.

2256 572 2353 632 τὰς
2391 576 2606 645 χεῖρας,
2642 571 2777 645 πρὸς
2835 567 2892 623 δὲ
2948 569 3011 624 τὸ
3043 566 3224 624 δοῦναι
3277 574 3515 626 συσπῶν.
3550 572 3907 644 ’Δγαπήσεις,

2259 660 2332 721 ὡς
2363 658 2534 734 κόρην
2567 657 2858 733 ὀφθαλμοῦ
2892 679 3008 730 σου,
3044 660 3221 713 πάντα
3246 657 3338 713 τὸν
3368 656 3645 714 λαλοῦντά
3674 680 3766 713 σοι
3819 657 3907 714 λό-

2257 768 2356 822 γον
2400 752 2495 802 τοῦ
2524 747 2720 821 Κυρίου
2752 750 2870 820 (72)
2898 748 3192 820 Μνησθήσῃ
3220 746 3377 802 αὐτὸν
3410 748 3626 823 ἡμέρας
3656 748 3909 822 κρίσεωςν

2256 836 2449 897 νυκτὸς
2499 836 2587 890 καὶ
2636 838 2865 911 ἡμέρας.
2918 836 3266 906 Ἐκζητήσεις
3325 838 3445 899 καθ’
3492 837 3725 905 ἑκάστην
3777 837 3913 909 ἡμὲι

2259 944 2350 998 ραν
2381 924 2449 978 τὰ
2478 923 2744 998 πρόσωπα
2771 928 2878 977 τῶν
2929 922 3122 997 ἁγίων,
3154 923 3242 977 καὶ
3276 926 3389 997 (73)
3432 923 3523 978 διὰ
3569 922 3746 999 λόγου
3801 946 3915 980 σκο-

2256 1016 2372 1066 πῶν
2420 1012 2508 1066 καὶ
2555 1011 2923 1088 πορευόμενος
2972 1012 3048 1073 εἷς
3097 1012 3160 1066 τὸ
3200 1011 3594 1088 παρακαλέσαι,
3622 1015 3715 1068 καὶ
3751 1012 3910 1087 μελε-

2253 1106 2361 1156 τῶν
2395 1101 2468 1162 εἷς
2501 1102 2561 1155 τὸ
2601 1105 2766 1154 σῶσαι
2809 1101 2991 1176 ψσχήν
3022 1104 3101 1172 τῷ
3162 1099 3331 1175 λόγῳ.
3366 1103 3481 1175 (74)
3514 1103 3612 1155 Καὶ
3661 1100 3759 1156 διὰ
3805 1107 3911 1157 τῶν

2256 1194 2456 1266 χειρῶν
2513 1211 2607 1243 σου
2664 1188 2858 1265 ἐργάσῃ
2932 1188 3009 1251 εἷς
3092 1186 3361 1265 λύτρωσιν
3436 1194 3543 1245 τῶν
3626 1192 3912 1267 ἁμαρτιῶν

2255 1300 2369 1334 σου.
2403 1280 2513 1351 (75)
2543 1278 2617 1332 Ού
2650 1276 2915 1339 διστάσεις
2963 1275 3167 1349 δοῦναι,
3202 1275 3327 1332 οὐδὲ
3374 1275 3557 1340 διδοὺς
3600 1278 3910 1356 γογγύσεις.

2254 1367 2419 1422 Παντὶ
2468 1366 2705 1421 αἶ’τοῦντί
2752 1388 2810 1420 σε
2863 1363 3034 1421 δίδου’
3086 1367 3271 1441 γνώσῃ
3323 1364 3399 1439 δὲ,
3450 1368 3533 1429 τίς
3593 1368 3622 1422 ὁ
3668 1373 3771 1422 τοῦ
3827 1390 3913 1440 μι-

2254 1458 2380 1511 σθοῦ
2422 1455 2590 1517 καλὸς
2638 1453 3033 1525 ἀνταποδότης.
3074 1457 3187 1530 (76)
3236 1454 3526 1526 Φυλάξεις,
3574 1456 3609 1510 ἃ
3662 1457 3910 1530 παρέλα-

2254 1540 2365 1618 ϐες,
2402 1548 2541 1617 μήτε
2587 1545 2886 1620 προστιθεὶ,
2932 1547 3072 1617 μήτε
3116 1546 3358 1623 ἀφαιρῶν
3391 1546 3485 1607 Εἰς
3536 1545 3699 1607 τέλος
3754 1549 3917 1619 μισ-ις-

2251 1655 2357 1695 σεις
2388 1635 2478 1689 τὸν
2508 1632 2768 1707 πονηρόν.
2803 1635 2917 1706 (77)
2948 1638 3157 1709 Κρινεῖς
3189 1631 3436 1695 δικαίως.
3470 1637 3587 1708 (78)
3617 1634 3691 1689 Οὐ
3747 1637 3915 1704 ποιή-

2253 1744 2362 1784 σεις
2393 1722 2619 1797 σχίσμα,
2654 1721 2983 1798 είρηνεύσεις
3015 1719 3072 1776 δὲ
3105 1723 3470 1796 μαχομένους
3502 1724 3768 1799 συνάγων.
3804 1726 3917 1797 (79)

2252 1810 2663 1887 Ἐξομολογήσῃ
2719 1810 2805 1865 ἐπὶ
2856 1809 3141 1886 ἁμαρτίαις
3185 1832 3300 1867 σου.
3333 1813 3448 1885 (80)
3482 1810 3601 1886 Οὐχ
3655 1811 3811 1882 ἥξεις
3861 1812 3913 1865 ἐν

2250 1904 2532 1976 προσευχῇ
2582 1921 2678 1953 σου
2728 1899 2780 1953 ἐν
2829 1896 3127 1969 συνειδήσει
3178 1904 3407 1976 πονηρᾷ.
3465 1899 3613 1971 Αὕτη
3668 1899 3815 1956 ἐστὶν
3871 1904 3905 1970 ἡ

2251 1987 2376 2050 ὁδὸς
2404 1992 2501 2041 τοῦ
2533 1987 2733 2064 φωτός.

1827 2194 1871 2248 Χ
1879 2194 1944 2249 Χ.
1986 2195 2057 2251 De
2082 2196 2175 2250 via
2202 2196 2577 2251 tenebrarum.

568 2311 677 2367 Via
724 2314 921 2367 autem
979 2310 1355 2365 tenebrarum
1405 2308 1643 2382 obliqua
1709 2313 1798 2366 est
1857 2310 2145 2383 plenaque

500 2398 1054 2457 maledictionis.E3t
1083 2398 1238 2455 enim
1270 2398 1363 2453 via
1384 2399 1590 2453 mortis
1611 2402 1834 2453 aeternas
1852 2414 1986 2453 cum
2009 2415 2143 2470 sup-

500 2488 695 2562 plicio,
726 2487 785 2542 in
816 2504 932 2559 qua
959 2491 1119 2556 sunt,
1172 2494 1298 2557 quae
1331 2487 1582 2556 perdunt
1625 2487 1884 2542 animam
1935 2487 2143 2558 [homi-

503 2580 690 2646 num]
726 2594 737 2631 :
772 2575 1121 2643 idololatria,
1156 2576 1479 2646 temeritas,
1505 2575 1674 2631 elatio
1706 2576 1776 2631 ob
1806 2576 2144 2647 potentiam,

501 2663 821 2733 simulatio,
854 2680 954 2719 cor
978 2663 1211 2734 duplex,
1233 2663 1608 2729 adulterium,
1643 2665 2147 2733 homicidium,ra-

503 2752 663 2824 pina,
696 2752 991 2824 superbia,
1024 2752 1435 2822 transgressio,
1480 2751 1669 2817 dolus,
1709 2751 1950 2822 malitia,
1984 2770 2145 2808 arro-

504 2841 723 2913 gantia,
774 2839 1141 2906 veneficium,
1175 2840 1389 2911 magia,
1422 2840 1682 2907 avaritia,
1715 2840 1911 2896 nullus
1944 2842 2044 2896 Dei
2074 2841 2148 2896 ti-

510 2945 658 2985 mor.
694 2930 779 2997 [ln
813 2932 930 3000 qna
977 2927 1136 2998 sunt]
1169 2927 1456 2983 bonorum
1490 2934 1914 2999 persecutores,
1950 2946 2149 2986 osores

503 3018 784 3088 veritatis,
843 3022 1133 3072 amatores
1196 3016 1551 3087 [mendacii],
1586 3033 1700 3072 non
1732 3022 2147 3089 cognoscentes

504 3107 831 3163 mercedem
854 3105 1121 3177 justitiaa,
1150 3122 1265 3160 non
1293 3104 1552 3177 adjuncti
1582 3106 1653 3160 ad
1686 3106 1927 3176 bonum,
1962 3106 2146 3161 viduae

505 3198 562 3251 et
590 3193 811 3267 pupillo
844 3211 960 3249 non
992 3198 1238 3249 attentes
1289 3210 1357 3249 ex
1392 3194 1554 3264 justo
1602 3194 1845 3263 judicio,
1898 3195 2148 3266 vigilan-

504 3287 594 3340 tes
625 3300 740 3339 non
763 3284 830 3339 ad
866 3282 1132 3339 timorem
1165 3282 1394 3349 Dei,sed
1427 3283 1497 3337 ad
1532 3283 1837 3354 malitiam,
1872 3301 1905 3338 a
1934 3284 2148 3355 quibus

506 3371 679 3443 longe
708 3388 774 3427 ac
806 3370 1005 3443 procul
1037 3375 1176 3426 sunt
1207 3372 1595 3427 mansuetudo
1625 3377 1681 3427 et
1719 3372 2017 3445 patientia,
2050 3374 2148 3444 qui

508 3460 764 3533 diligunt
788 3477 955 3529 vana,
990 3465 1404 3516 consectantur
1428 3461 1974 3530 remunerationem,
2031 3480 2147 3519 non

508 3549 859 3603 miserentur
887 3547 1101 3619 inopis,
1132 3565 1249 3603 non
1279 3548 1546 3604 laborant
1594 3550 1654 3605 in
1711 3551 1959 3622 gratiam
1987 3550 2145 3607 illius

508 3635 610 3708 qui
639 3635 835 3691 labore
867 3652 933 3691 ac
962 3636 1240 3692 aerumnis
1271 3638 1569 3693 confectus
1609 3643 1718 3706 est,
1755 3639 1826 3693 ad
1857 3640 2141 3696 obtrecta-

506 3725 723 3781 tionem
746 3725 1144 3796 prompti,non
1167 3731 1580 3796 cognoscentes
1598 3730 1922 3783 Creatorem
1944 3744 2141 3800 suum,

504 3811 825 3870 liberorum
876 3811 1320 3885 interemptores
1374 3814 1455 3885 [in
1505 3815 1847 3886 abortione],
1883 3834 2139 3873 corrum-

501 3905 707 3975 pentes
735 3901 838 3958 Dei
886 3905 1237 3970 creaturam,
1282 3908 1613 3960 aversantes
1641 3920 1910 3977 egenum,
1947 3907 2140 3978 oppri-

501 3996 730 4048 mentes
762 3990 1066 4061 afﬂictum,
1091 3989 1336 4047 divitum
1368 3992 1649 4063 advocati,
1683 4010 2005 4066 pauperum
2036 3995 2143 4051 ini-

500 4079 847 4152 quijudices
872 4098 886 4148 ;
920 4096 1023 4152 per
1051 4079 1251 4137 omnia
1279 4086 1630 4153 peccatores.

2325 2311 2435 2383 (81)
2464 2314 2525 2365 Ἡ
2556 2306 2613 2363 δὲ
2642 2313 2737 2363 τοῦ
2773 2305 3006 2381 μέλανος
3036 2305 3160 2370 ὁδός
3211 2307 3317 2370 ἐςτι
3368 2307 3583 2380 σκολιὰ,
3615 2308 3709 2363 καὶ
3756 2311 3897 2365 κατά

2256 2418 2347 2473 ρας
2384 2400 2575 2470 μεστή.
2607 2399 2757 2452 Ἔστι
2787 2397 2887 2473 γαρ
2919 2393 3047 2458 ὁδὸς
3071 2400 3167 2451 τοῦ
3211 2397 3440 2451 θανάτου
3490 2397 3717 2452 αἰωνίου
3773 2401 3917 2471 μετᾶ

2254 2486 2520 2562 τιμωρίας
2553 2485 2604 2541 ἐν
2631 2485 2803 2558 ᾖέστι
2850 2485 2917 2539 τὰ
2964 2482 3273 2539 ἀπολοῦντα
3322 2486 3425 2554 τήν
3470 2487 3656 2561 ψυχὴν
3704 2487 3912 2541 αὐτῶν

2256 2573 2698 2649 εἷδωλολατρεία,
2732 2574 3024 2649 θρασύτης,
3077 2573 3210 2647 ὕψος
3244 2571 3547 2646 δυνάμεως,
3592 2575 3910 2650 ὑπόκρισις,

2256 2661 2636 2738 διπλοκαρδία,
2699 2663 2939 2739 μοιχεία,
2999 2662 3184 2738 φόνος,
3243 2663 3484 2738 ἁρπαγὴ,
3538 2663 3909 2741 ὑπερηφανία,

2255 2748 2577 2829 παράϐασις,
2628 2750 2811 2822 δόλος,
2861 2751 3042 2822 κακία,
3094 2748 3369 2821 αὐθάδεια,
3417 2752 3747 2828 φαρμακεία,
3808 2774 3914 2826 μα-

2255 2843 2394 2917 γεία,
2426 2841 2727 2913 πλεονεξία,
2760 2835 2958 2919 ἀφοϐία
2986 2844 3138 2898 Θεοῦ.
3170 2842 3286 2913 (82)
3330 2845 3562 2895 Διῶκται
3613 2845 3722 2895 τῶν
3778 2841 3914 2917 ἄγα-

2256 2934 2384 3004 θῶν,
2448 2936 2722 3004 μισοῦντες
2786 2928 3066 2999 ἀλήθειαν,
3115 2929 3431 3004 ἀγαπῶντες
3487 2931 3601 3004 (83)
3656 2927 3913 3004 ψεῦδος),

2257 3020 2317 3076 οὗ
2357 3021 2711 3096 γινώσκοντες
2764 3020 2951 3092 μισθὸν
3004 3015 3375 3089 δικαιοσύνης,
3433 3018 3494 3073 οὐ
3544 3017 3911 3091 κολλώμενοι

2258 3111 2461 3185 ἀγαθῷ,
2497 3109 2557 3163 ού
2585 3109 2757 3186 κρίσει
2788 3105 2969 3179 δικαίᾳ
2999 3109 3151 3184 χήρᾳ
3187 3107 3276 3161 καὶ
3328 3107 3545 3185 ὀρφανῷ
3594 3104 3905 3183 προσέχον-

2254 3220 2359 3269 τες,
2411 3200 2799 3273 ἀγρυπνοῦντες
2846 3196 2944 3251 ούκ
2991 3195 3066 3257 εἷς
3116 3190 3284 3272 φόϐον
3336 3200 3490 3264 Θεοῦ,
3534 3193 3662 3250 ἀλλ’
3705 3195 3795 3250 ἐπὶ
3847 3199 3917 3251 τὸ

2256 3287 2510 3363 πονηρὸν,
2570 3287 2640 3340 ὧν
2696 3286 2901 3361 μακρὰν
2947 3285 3037 3339 καὶ
3084 3283 3273 3360 πόρῥω
3322 3284 3565 3360 πραΰτης
3629 3286 3720 3339 καὶ
3775 3286 3913 3340 ὑπο-

2261 3378 2419 3450 μονὴ,
2453 3376 2760 3450 ἀγαπῶντες
2813 3374 3030 3447 μάταια,
3063 3371 3354 3435 διώκοντες
3402 3370 3778 3447 ἀνταπόδομα,
3809 3374 3915 3428 οὐκ

2257 3464 2529 3526 ἐλεοῦντες
2569 3462 2814 3537 πτωχὸν,
2851 3461 2910 3515 ού
2960 3465 3249 3523 πονοῦντες
3300 3459 3385 3515 ἐπὶ
3435 3465 3512 3531 τῷ
3559 3481 3913 3515 καταπονου-

2263 3554 2428 3625 μένῳ,
2480 3552 2720 3628 εύγερεῖς
2784 3550 2835 3604 ἐν
2899 3546 3222 3620 καταλαλίᾳ,
3278 3549 3340 3603 οὒ
3405 3550 3768 3624 γινώσκοντες
3818 3550 3915 3604 τὸν

2255 3643 2556 3711 ποιήσαντα
2593 3639 2809 3709 αὐτοὺς,
2842 3644 3021 3717 φονεῖς
3051 3638 3273 3707 τέκνων,
3306 3642 3523 3715 φθορεῖς
3572 3634 3910 3711 πλάσματος

2252 3734 2405 3801 Θεοῦ,
2467 3728 2891 3807 ἀποτρεφόμενοι
2965 3728 3055 3781 τὸν
3130 3724 3466 3799 ἐνδεόμενον,
3525 3731 3904 3781 καταπονοῦν-

2251 3840 2335 3880 τες
2380 3817 2471 3873 τὰν
2524 3812 2867 3891 θλιϐόμενον,
2914 3814 3192 3870 πλουσίων
3234 3814 3601 3891 παράκλητοι,
3652 3817 3911 3886 πενήτων

2252 3906 2443 3981 ἄνομοι
2482 3906 2684 3983 κριταὶ,
2716 3906 3179 3981 πανταμάρτητοι.

1752 4201 1894 4257 XXI.
1937 4203 2215 4263 Conclusio
2247 4204 2636 4262 admonitoria.

564 4293 815 4366 [Equum
875 4296 1053 4368 igitur
1117 4301 1225 4367 est,
1286 4301 1349 4352 ut
1423 4296 1598 4353 homo
1666 4300 1906 4355 edoctus
1966 4318 2135 4357 man-

493 4381 630 4439 data
678 4384 930 4454 Domini,
965 4389 1250 4457 quotquot
1281 4386 1444 4457 prius
1493 4387 1711 4459 scripta
1754 4394 1913 4454 sunt,
1962 4391 2021 4446 in
2052 4392 2136 4448 eis

491 4470 773 4528 ambulet.
806 4474 912 4539 Qui
944 4474 1099 4529 enim
1131 4491 1197 4530 ea
1226 4474 1470 4546 perlicit,
1504 4475 1562 4530 in
1595 4491 1774 4549 regno
1820 4476 1919 4533 Dei
1952 4478 2137 4551 gloria

489 4560 926 4627 cumulabitur;
963 4565 1060 4635 qui
1085 4579 1215 4619 vero
1236 4563 1351 4619 alia
1371 4563 1607 4636 elegerit
1636 4566 1813 4621 simul
1836 4583 1970 4623 cum
2010 4569 2135 4625 suis

2316 4300 2494 4356 Καλὸν
2547 4298 2637 4355 οὖν
2698 4298 2829 4369 ἐστι,
2894 4297 3127 4371 μαθόντα
3166 4296 3233 4351 τὰ
3276 4294 3621 4370 δικαιώματα
3671 4297 3904 4371 Κυρίου,

2246 4389 2343 4445 ὅσα
2408 4389 2838 4467 προγέγραπται,
2893 4386 2944 4441 ἐν
3002 4385 3218 4449 τούτοις
3284 4391 3619 4462 περιπατεῖν.
3675 4387 3732 4440 Ὁ
3797 4388 3902 4463 γὰρ

2243 4483 2410 4535 ταῦτα
2441 4482 2612 4533 ποιῶν
2642 4477 2693 4532 ἐν
2719 4481 2789 4551 τῇ
2825 4474 3074 4552 βασιλείᾳ
3100 4480 3198 4531 τοῦ
3238 4478 3370 4530 Θεοῦ
3421 4471 3837 4544 δοξασθήσεταιλ
3873 4478 3900 4531 ὁ

2246 4567 2421 4622 ἐκεῖνα
2451 4570 2562 4642 (84)
2591 4565 2974 4642 ἐκλεγόμενος,
3006 4565 3139 4638 μετά
3184 4567 3288 4617 τῶν
3336 4558 3506 4639 ἔργων
3549 4563 3713 4618 αὐτοῦ
3772 4585 3898 4619 συν-

491 4650 763 4723 operibus
811 4652 1041 4725 peribit.
1098 4657 1407 4724 Propterea
1436 4656 1799 4725 resurrectio,
1836 4661 2135 4728 propterea

2258 4655 2547 4712 ιπολεῖται.
2583 4655 2679 4710 Διὰ
2703 4658 2863 4710 τοῦτο
2913 4652 3212 4724 ἀνάστασις,
3246 4648 3336 4705 διὰ
3381 4656 3540 4706 τοῦτο
3592 4650 3899 4707 ἀνταπόδο-

484 4738 808 4795 retributio.
848 4741 1004 4813 Rogo
1033 4758 1154 4808 vos,
1185 4758 1472 4813 proceres,
1514 4742 1562 4796 si
1594 4743 1859 4816 accipitis
1892 4746 2130 4818 aliquod

2243 4768 2345 4807 σις.
2398 4747 2617 4819 Ἐρωτῶ
2658 4742 2784 4805 τοὺς
2829 4742 3215 4819 ὑπερέχοντας,
3245 4736 3297 4793 εἷ’
3337 4740 3455 4794 τινα
3511 4760 3620 4813 μου
3662 4742 3901 4815 γνώμης

552 4855 572 4889 ⁷
603 4856 776 4911 Eccli.
812 4874 885 4927 ιν,
920 4857 1010 4925 31,
1041 4857 1128 4911 36.
1205 4858 1225 4891 ⁸
1259 4858 1279 4911 l
1312 4859 1440 4912 Cor.
1473 4875 1549 4924 ιν,
1585 4859 1667 4913 12.
1747 4862 1768 4894 ⁹
1796 4861 2001 4916 Matth.
2038 4881 2068 4916 ν
2099 4864 2141 4917 4';

2258 4865 2377 4918 Luc.
2413 4880 2492 4933 v1,
2526 4864 2617 4917 30.

1866 4978 2244 5034 VARIORUM
2285 4978 2499 5033 NOT/E

550 5070 662 5143 (71)
697 5072 878 5126 Const.
915 5080 1110 5143 apost,
1141 5088 1243 5140 vn,
1277 5071 1360 5123 11.

548 5140 662 5211 (72)
692 5143 853 5210 lbid.,
886 5146 939 5198 9.

545 5208 660 5281 (73)
692 5214 747 5269 Ρ.
785 5208 873 5266 καὶ
907 5211 1199 5287 διαλόγους
1252 5218 1351 5279 [80.
1385 5208 1586 5283 αὐτῶν]
1618 5219 1860 5283 σκοπῶν,
1900 5234 2120 5273 sermo-

472 5296 587 5357 nes
609 5300 809 5357 eorum
843 5294 1237 5357 perscrutans.

541 5355 655 5423 (74)
689 5355 863 5431 Const.
907 5368 1105 5431 apost,
1142 5357 1550 5431 vn,A12._Ant.
1614 5356 1777 5431 labor
1835 5376 2115 5415 manuum

469 5426 1073 5497 commendatum'aut
1108 5426 1440 5485 distributio
1482 5429 1823 5484 facultatum
1876 5432 1931 5485 in
1966 5432 2114 5488 elee-

466 5508 734 5567 mosyna.
770 5504 897 5554 Cor.

538 5566 649 5643 (Ζξ)
682 5572 858 5625 Const.
892 5583 1063 5643 «ipost.
1100 5574 1135 5627 Ι.
1169 5590 1219 5627 c.

534 5638 647 5720 (76)
682 5643 870 5699 Const.
898 5638 1098 5718 dpost.,
1128 5660 1250 5716 vni,
1287 5644 1372 5700 14.

2308 5077 2418 5147 (77)
2451 5075 2629 5130 Const.
2663 5083 2856 5147 apost.,
2887 5091 2986 5141 vn,
3022 5076 3109 5128 10.

2448 5147 2611 5220 I_bicl.,
2646 5142 2755 5202 nis.
2790 5152 3057 5220 σχῆμα...
3087 5142 3425 5219 μαχομὶνος.

2325 5219 2415 5289 79)
2450 5218 2628 5273 Const.
2659 5217 2965 5287 apostfvn,
3001 5217 3085 5271 14.

2301 5291 2415 5361 (80)
2444 5290 2606 5355 Ibid.,
2642 5290 2727 5344 17.

2302 5362 2383 5429 (81
2395 5366 2414 5429 )
2445 5361 2572 5415 Ibid
2602 5405 2615 5429 ,
2651 5361 2739 5415 48.

2297 5426 2408 5504 (82)
2441 5426 2701 5486 Subaudi
2733 5448 2801 5486 ex
2830 5430 3308 5504 antecedentibus
3334 5426 3384 5482 ἐν
3417 5428 3454 5497 ᾗ
3486 5426 3585 5480 εἰσι

2296 5502 2408 5573 (83)
2442 5504 2500 5557 ld
2528 5504 2677 5559 addo
2710 5520 2778 5558 ex
2807 5504 2985 5559 Const.
3021 5520 3111 5573 ap.
3141 5502 3179 5556 l.
3232 5518 3287 5573 ο.

2295 5572 2406 5646 (84)
2439 5574 2645 5627 Ἐκεῖνα
2670 5601 2730 5619 =
2765 5590 2891 5645 quae
2923 5572 3127 5629 divinae
3158 5572 3444 5629 voluntati
3476 5576 3615 5628 sunt
3647 5576 3882 5631 contra-

2264 5646 2344 5719 ia,
2380 5646 2450 5705 de
2484 5646 2701 5723 quibus
2747 5663 2797 5715 ο.
2829 5648 2901 5704 20
2930 5647 3332 5705 fueratsermo.
