4086 6342
181 382 291 444 ’181

1439 384 1820 446 EPISTOLA
1864 383 2328 446 CATHOLICA.

3463 385 3580 449 782

183 512 387 588 ἀγαθῆς
438 507 741 587 λαμϐάνετε
798 506 1132 587 συμϐουλίαν
1166 532 1178 546 ’
1213 510 1385 590 ἔχετε,
1442 515 1519 577 εὶς
1552 514 1643 578 οὓς
1677 514 1865 591 εὐερη

1943 516 2108 573 bonae
2136 515 2451 572 voluntatis
2468 530 2605 572 meae
2630 512 2940 571 consilium
2966 532 2979 572 :
3002 514 3233 573 habetis
3252 517 3578 585 vobiscum,

179 602 406 675 γάσασθε
438 646 453 671 ,
512 603 626 674 μεθ’
685 603 926 656 ἑαυτῶν·
994 603 1069 675 μή
1129 601 1529 679 ἐγκαταλίπητε
1561 648 1572 659 .
1635 603 1827 679 Έγγὺς

176 690 278 764 γὰρ
338 688 539 766 ἡμέρα,
600 689 649 743 ἐν
803 690 1181 746 συναπολεῖται
1245 690 1415 745 πάντα
1460 696 1539 763 τῷ
1581 697 1823 766 πονηρῷ.

194 777 369 854 Εγγὺς
425 779 452 832 6
503 778 697 855 Κύριος
745 780 833 833 καὶ
886 781 913 833 6
968 781 1155 853 μισθὸς
1210 780 1392 837 αὐτοῦ.
1444 786 1564 835 Ἔτι
1610 780 1698 835 καὶ
1748 778 1825 835 ἔτι

178 866 368 941 ἐρωτῶ
402 868 563 940 ὑμᾶς·
618 868 817 922 ἑαυτῶν
866 868 1073 944 γίνεσθε
1114 870 1404 941 νομοθέται
1450 869 1656 945 ἀγαθοὶ.
1708 870 1825 923 ὲαυ-

176 960 284 1009 τῶν
323 954 507 1029 μένετε
554 952 858 1030 σύμϐουλοι
908 957 1114 1025 πιστοὶ,
1159 955 1318 1032 ἄρατε
1366 958 1417 1027 ἐξ
1460 958 1611 1030 ὑμῶν
1656 964 1827 1012 πᾶσαν

178 1043 477 1119 ὑπόκρισιν.
537 1047 650 1119 (85)
691 1048 748 1101 Ὁ
780 1043 837 1101 δὲ
890 1047 1041 1114 Θεὸς,
1073 1047 1101 1099 6
1131 1048 1329 1107 παντὸς
1376 1051 1471 1100 τοῦ
1501 1046 1710 1119 κόσμου
1737 1068 1825 1101 κυ-

179 1131 393 1207 ριεύων,
446 1131 559 1205 δῴη
612 1134 736 1206 ὑμῖν
789 1135 998 1211 σοφίαν,
1051 1134 1382 1207 ἐπιστήμην,
1425 1134 1650 1203 σύνεσιν,
1682 1140 1823 1209 γνῶ-

178 1242 260 1275 σιν
283 1226 393 1276 τῶν
435 1219 817 1294 δικαιωμάτων
866 1223 1053 1293 αὐτοῦ,
1086 1223 1137 1277 ἐν
1186 1225 1456 1296 ὑπομονῇ.
1509 1224 1719 1277 Γίνεσθε
1771 1222 1829 1277 δὲ

178 1307 540 1379 θεοδίδακτοι,
575 1310 944 1382 ἐκζητοῦντες,
992 1313 1043 1365 τί
1097 1318 1246 1381 ζητεῖ
1296 1312 1489 1387 Κύριος
1539 1312 1628 1389 ἀφ’
1673 1314 1823 1385 ὑμῶν

174 1400 265 1452 καὶ
296 1405 523 1469 ποιεῖτε,
567 1399 658 1453 ἵνα
706 1408 918 1470 σωθῆτε
962 1400 1013 1455 ἐν
1063 1402 1243 1475 ἡμέρᾳ
1282 1401 1530 1474 κρίσεως.
1566 1400 1633 1454 Εἴ
1660 1398 1716 1455 δέ
1746 1402 1825 1461 τίς

175 1487 320 1542 ἐστιν
374 1489 575 1563 ἀγαθοῦ
627 1490 799 1562 μνεία,
865 1489 1231 1563 μνημονεύετέ
1293 1511 1437 1562 μου,
1499 1489 1826 1561 μελεὸὧντες

172 1580 365 1648 ταῦτα,
418 1574 511 1631 ’ἶνα
556 1577 643 1632 καὶ
702 1580 737 1647 ἡ
790 1578 1045 1651 ἐπιθυμια
1102 1579 1190 1632 καὶ
1238 1580 1272 1647 ἡ
1333 1578 1597 1654 ἀγρυπνία
1654 1576 1727 1639 εἵς
1771 1600 1823 1633 τι

174 1666 379 1740 ἀγαθὸν
429 1669 679 1741 χωρήσῃ.
744 1668 963 1740 Ἐρωτῶ
1022 1668 1183 1739 ὑμᾶς,
1235 1669 1395 1742 χάριν
1456 1666 1776 1739 αἰτούμενος
1809 1711 1822 1724 .

171 1755 264 1815 Ὡς
298 1752 375 1807 ἔτι
405 1754 467 1808 τὸ
495 1752 662 1808 καλὸν
712 1756 824 1828 (86)
877 1755 1064 1817 σκεῦός
1105 1754 1213 1809 ἐστι
1250 1756 1365 1827 μεθ’
1415 1756 1590 1828 ὑμῶν,
1629 1758 1704 1828 μὴ
1737 1756 1821 1810 ἐκ-

173 1840 407 1912 λείπητε
441 1840 631 1915 μηδενὶ
662 1842 858 1914 αὐτῶν,
892 1842 1038 1898 ἀλλά
1066 1848 1310 1919 συνεχῶς
1340 1842 1611 1913 ὲκζητεῖτε
1633 1849 1822 1914 ταῦτα,

164 1930 260 1983 καὶ
321 1929 695 2005 ἀναπληροῦτε
750 1932 919 1985 πᾶσαν
980 1930 1205 2001 ἐντολήν
1242 1975 1255 1988 .
1315 1928 1423 1987 ἔστι
1500 1932 1602 2008 γὰρ
1654 1936 1819 1986 ταῦτα

171 2016 317 2089 ἄξια.
353 2021 445 2073 Διὸ
480 2016 691 2091 μᾶλλον
744 2018 1047 2074 ἐσπούδασα
1095 2020 1317 2095 γράψαι,
1371 2021 1458 2095 ἀφ’
1509 2022 1579 2075 ὢν
1626 2018 1826 2091 ἠδυνή-

172 2118 302 2176 θην,
352 2107 425 2168 εἷς
470 2109 533 2161 τὸ
582 2108 835 2185 εὐφρᾶναι
882 2110 1042 2181 ὑμᾶς.
1097 2110 1363 2177 Σώζεσθε,
1408 2109 1625 2183 ἀγάπης
1671 2110 1825 2163 τέκνα

169 2196 263 2249 καὶ
298 2195 541 2271 εἰρήνης.
574 2202 626 2251 Ὀ
658 2197 852 2273 Κύριος
883 2204 982 2266 τῆς
1036 2195 1195 2268 δόξης
1245 2199 1334 2252 καὶ
1384 2198 1558 2268 πάσης
1598 2198 1823 2273 χάριτος

173 2284 315 2356 μετᾶ
338 2289 438 2338 τοῦ
466 2285 771 2357 πνεύματος
804 2285 977 2357 ὑμῶν.
1011 2288 1204 2358 Ἀμήν.

1937 606 2152 677 quibus
2185 605 2330 661 bene
2378 604 2636 673 fecistis;
2673 622 2741 661 ne
2773 621 2871 661 eos
2914 604 3356 678 derelinquatis.
3399 608 3580 680 Prope

1935 694 2087 750 enim
2124 698 2212 749 est
2242 693 2386 761 dies,
2438 694 2497 748 in
2544 710 2661 765 qua
2691 694 2887 749 omnia
2918 710 3051 748 cum
3085 694 3237 750 malo
3281 695 3574 767 peribunt.

1937 783 2117 853 Prope
2172 786 2259 838 est
2300 782 2586 838 Dominus
2633 787 2689 837 et
2737 799 2955 839 merces
3000 784 3149 853 ejus.
3183 784 3369 840 Etiam
3401 789 3577 857 atque

1935 873 2109 928 etiam
2136 888 2275 943 rogo
2307 888 2439 927 vos:
2466 876 2652 927 estote
2674 872 2838 927 vobis
2868 872 3002 927 boni
3026 871 3575 944 legislatores,vobis

1936 965 2167 1015 manete
2208 959 2525 1015 consiliarii
2575 959 2793 1025 ﬁdeles,
2826 959 3011 1016 tollite
3050 977 3119 1015 ex
3146 961 3309 1017 vobis
3340 977 3575 1019 omnem

1935 1048 2308 1121 bypocrisim.
2343 1052 2495 1103 Deus
2528 1052 2746 1117 autem,
2781 1048 2881 1118 qui
2918 1049 3187 1104 universo
3220 1051 3438 1105 mundo
3470 1051 3574 1107 do-

1936 1137 2214 1205 minatur,
2248 1137 2346 1192 det
2375 1136 2541 1190 vobis
2586 1135 2953 1206 sapientiam,
3000 1136 3325 1207 scientiam,
3358 1137 3577 1195 intelli-

1932 1226 2191 1296 gentiam
2235 1223 2627 1295 cognitionem
2677 1225 3086 1280 mandatorum
3137 1242 3401 1294 suorum,
3440 1244 3576 1284 cum

1934 1311 2383 1383 perseverantia.
2419 1310 2770 1366 Efﬁciamini
2803 1316 3004 1367 autem
3051 1313 3203 1368 docti
3247 1332 3280 1369 a
3310 1315 3446 1383 Deo,
3479 1332 3576 1372 ex-

1936 1401 2256 1473 quirentes,
2291 1400 2432 1473 quid
2468 1417 2501 1455 a
2532 1399 2695 1455 vobis
2729 1400 2988 1471 requirat
3018 1400 3335 1471 Dominus;
3369 1408 3426 1459 et
3453 1405 3577 1460 efﬁ-

1934 1489 2063 1554 cite,
2108 1494 2174 1544 ut
2204 1488 2347 1544 salvi
2379 1489 2511 1544 sitis
2543 1488 2601 1543 in
2635 1489 2977 1559 diejudicii.
3001 1488 3061 1544 Si
3093 1506 3209 1561 qua
3236 1507 3367 1547 vero
3389 1496 3478 1548 est
3494 1492 3577 1564 [in

1933 1577 2121 1648 vobis]
2147 1577 2283 1633 boni
2317 1576 2661 1645 recordatio,
2685 1582 3037 1633 mementote
3068 1578 3204 1645 mei,
3230 1579 3351 1635 haec
3384 1581 3581 1649 [verba

1936 1671 2082 1733 mea]
2142 1666 2489 1733 mediantes,
2552 1670 2616 1719 ut
2670 1670 2725 1721 et
2782 1665 3143 1722 desiderium
3192 1670 3249 1722 et
3278 1667 3579 1740 vigilantia

1933 1755 2105 1826 [mea]
2141 1756 2197 1809 in
2229 1752 2465 1824 aliquod
2493 1753 2713 1808 bonum
2744 1753 2969 1808 evadat.
3004 1754 3161 1825 Rogo
3190 1771 3294 1811 vos
3326 1756 3575 1827 gratiam

1932 1841 2418 1915 postulans.Cum
2443 1839 2631 1895 adhuc
2661 1838 2720 1894 in
2749 1856 2884 1896 vase
2914 1840 3143 1908 estis,in
3170 1840 3332 1896 nullo
3363 1841 3574 1899 horum

1931 1930 2389 2000 [mandatorum]
2419 1927 2775 1995 deficite,sed
2807 1928 3204 1984 indesinenter
3231 1928 3352 1986 haec
3373 1931 3575 2001 exqui-

1938 2021 2063 2088 rite,
2102 2023 2158 2073 εει
2185 2016 2499 2091 adimplete
2547 2032 2718 2072 omne
2749 2017 3088 2072 mandatum
3122 2036 3134 2073 :
3168 2018 3287 2074 haec
3320 2036 3576 2091 namque

1936 2109 2112 2181 oigna
2156 2112 2314 2162 sunt.
2367 2106 2554 2170 Quare
2613 2106 2990 2176 potissimum
3038 2106 3095 2160 id
3127 2123 3365 2178 operam
3413 2108 3567 2178 dedi,

1937 2202 2224 2269 quantum
2256 2195 2313 2249 in
2355 2210 2447 2249 me
2471 2194 2598 2263 fuit,
2619 2197 2684 2248 ut
2713 2194 3026 2249 scriberem
3052 2195 3237 2265 vobis,
3269 2212 3383 2266 quo
3415 2196 3575 2253 exhi-

1935 2286 2181 2342 lararem
2214 2300 2334 2338 vos.
2368 2282 2616 2351 Salvete,
2649 2280 2753 2335 ﬁlii
2783 2281 3112 2337 dilectionis
3161 2288 3218 2338 et
3256 2284 3432 2354 pacis.
3465 2289 3575 2341 Do-

1937 2374 2135 2430 minus
2164 2371 2362 2445 gloriae
2392 2375 2449 2426 et
2478 2370 2670 2425 omnis
2698 2370 2898 2441 gratiae
2929 2371 3006 2426 sit
3044 2387 3173 2427 cum
3208 2372 3418 2444 spiritu
3447 2389 3574 2430 ves-

1936 2468 2045 2520 tro.
2080 2465 2283 2518 Amen.

1545 2616 1933 2674 VARIORUM
1973 2615 2210 2671 NOTAE.

239 2734 360 2804 (85)
392 2733 523 2790 Haec
552 2732 755 2790 recitat
783 2733 962 2790 Clem.
996 2733 1153 2790 Alex.
1185 2735 1382 2790 Strom.
1416 2751 1478 2802 Il,
1511 2750 1560 2789 c.
1596 2735 1681 2805 18,
1713 2751 1771 2806 p.
1804 2733 1929 2787 472.

2184 2730 2296 2801 (86)
2330 2728 2390 2783 Id
2423 2731 2513 2783 est
2539 2743 2756 2801 corpus,
2787 2732 2853 2783 ut
2880 2727 3113 2799 saepius.

836 3067 1317 3163 DICTUM
1370 3068 1463 3161 S.
1538 3060 2198 3159 BARNABXE
2260 3055 2909 3153 APOSTOLI.

1075 3285 1253 3357 Quod
1283 3285 1349 3345 in
1379 3284 1514 3362 ejus
1544 3280 1862 3345 Catholica
1888 3277 2165 3358 Epistola
2194 3293 2313 3337 non
2343 3274 2675 3354 reperitur.

854 3460 1189 3532 (GALLAND.,
1228 3462 1335 3518 νει.
1368 3462 1522 3517 Patr.
1554 3457 1839 3526 Biblioth.,
1873 3457 1917 3526 Ι,
1950 3455 2073 3520 140,
2100 3469 2171 3509 ex
2197 3450 2375 3509 codice
2402 3452 2595 3515 Barac.
2628 3448 2903 3520 XXXIX.)

245 3645 526 3721 Βαρνάϐας
556 3652 584 3705 6
614 3652 922 3718 ἀπόστολος
963 3653 1087 3732 ἔφη’
1121 3661 1205 3711 Ἐν
1259 3654 1525 3729 ἁμίλλαις
1562 3657 1824 3727 πονηραῖς

165 3735 513 3814 ἀθλιώτερος
564 3742 592 3795 6
642 3745 889 3815 νικήσας,
942 3742 1089 3811 διότι,
1129 3744 1425 3821 ἀπέρχεται
1471 3742 1638 3798 πλέον
1680 3738 1823 3818 ἔχων

163 3828 272 3895 τῆς
307 3828 592 3905 ἁμαρτίας.

2008 3647 2307 3704 Barnabas
2336 3644 2634 3718 apostolus
2682 3644 2805 3701 ait:
2842 3644 2906 3699 In
2950 3642 3120 3701 malis
3160 3645 3579 3702 certaminibus

1936 3738 2222 3795 infelicior
2250 3740 2361 3805 est,
2395 3736 2495 3809 qui
2524 3734 2702 3791 vincit
2752 3750 2766 3791 :
2813 3734 2935 3790 abit
2982 3733 3162 3802 enim,
3192 3734 3325 3807 plus
3354 3735 3578 3792 habens

1935 3827 2178 3903 peccati.
