4036 6344
978 731 1125 893 s.
1266 725 2284 887 MATTHIAS
2422 724 3527 887 APOSTOLUS

1738 1318 2503 1451 FBAGMEN
2527 1321 2765 1460 TA.

554 1630 668 1711 (Ex
697 1629 1010 1692 Clemente
1040 1627 1487 1703 Alexandrino,
1521 1627 1750 1691 Strom.
1798 1626 1906 1689 lib.
1939 1645 2005 1702 ιι,
2044 1646 2206 1768 capi;1
2227 1631 2326 1769 ξξῶ
2356 1626 2465 1786 ἐϋ).
2512 1642 2605 1700 ιιι,
2639 1643 2776 1704 cap.
2808 1629 2886 1700 4;
2921 1626 3078 1705 Opp.
3114 1630 3266 1686 tom.
3301 1625 3351 1699 1,
3381 1622 3485 1686 ed.
3519 1623 3738 1685 Venet.
3776 1622 3950 1697 i757,

2239 2186 2288 2244 Ι.

632 2364 849 2433 Ταύτης
901 2362 957 2418 δὲ
1004 2365 1124 2436 (τῆς
1173 2362 1449 2432 ἀληθείας)
1501 2362 1647 2435 ἀρχὴ
1706 2360 1768 2414 τὸ
1825 2357 2089 2431 θαυμάσαι
2143 2362 2210 2412 τὰ

2389 2361 2531 2432 Ejus
2561 2365 2757 2416 autem
2784 2360 3089 2432 (veritatis)
3121 2364 3211 2415 est
3244 2359 3603 2432 principium
3636 2374 3732 2415 res
3787 2359 3965 2414 admio

560 2454 850 2529 πράγματα
882 2495 896 2521 ,
951 2453 1023 2512 ὡς
1097 2450 1323 2505 Πλάτων
1403 2450 1453 2504 ἐν
1510 2451 1789 2519 Θεαιτήτῳ
1862 2446 2008 2521 λέγει
2046 2465 2058 2479 '
2118 2468 2152 2501 κ

2367 2450 2459 2515 iri,
2512 2454 2575 2503 ut
2625 2449 2767 2505 dicit
2815 2449 2973 2504 Plato
3024 2448 3083 2504 in
3128 2449 3445 2510 Thcwteto;
3495 2453 3553 2503 et
3600 2447 3961 2504 MAT’I‘HIAS

562 2543 871 2598 ΜΑΤΘΙΑΣ
926 2541 983 2594 ἐν.
1026 2545 1145 2601 ταῖς
1196 2536 1526 2615 Παραδόσεσι
1576 2540 1873 2613 παραινῶν’
1910 2561 1937 2587 ‹‹
1986 2534 2156 2609 Θαύμι

2372 2538 2639 2592 lhortans
2656 2537 2716 2592 in
2742 2536 3149 2593 Traditionibus
3176 2554 3188 2592 :
3218 2560 3246 2585 «
3270 2536 3576 2591 Admirare
3597 2536 3966 2606 praesentia,»

562 2650 652 2683 σον
710 2630 777 2683 τὰ
830 2628 1070 2703 παρόντα
1127 2629 1226 2698 (Ι),
1288 2652 1314 2677 ››
1371 2626 1577 2703 βαθμὸν
1626 2630 1815 2681 τοῦτον
1866 2630 2083 2699 πρῶτον
2110 2632 2156 2679 τῆ

2375 2641 2453 2680 im
2470 2641 2599 2681 esse
2616 2626 2871 2696 primum
2900 2626 3150 2698 gradum
3168 2628 3436 2681 statuens
3461 2622 3763 2680 ulterioris
3782 2622 3969 2696 cogni-

562 2716 802 2772 ἐπὲκεινα
828 2717 1079 2791 γνώσεως
1114 2716 1331 2779 ὑποτιθὲ
1339 2735 1522 2788 μενος.
2320 2713 2521 2770 tionis.

2228 2947 2307 3007 ΙΙ.

640 3131 873 3208 Λέγουσι
901 3132 950 3207 γ’
997 3131 1088 3185 οὗν
1152 3130 1242 3185 καὶ
1297 3128 1388 3185 τὸν
1434 3134 1735 3185 ΜΑΤΘΙΔΝ
1774 3127 1947 3191 οὕτως
1979 3125 2207 3198 διδάξαι⁹

2390 3129 2603 3186 Dicunt
2630 3130 2828 3202 itaque
2857 3127 3244 3186 MATTHIAM
3294 3144 3527 3201 quoque
3559 3128 3643 3183 sic
3674 3128 3965 3194 docuisse,

576 3245 598 3274 ιι
635 3221 804 3296 Σαρκί
839 3221 931 3294 μὲν
968 3221 1231 3295 μάχεσθαι
1279 3216 1368 3272 καί
1414 3219 1816 3295 παραχρῆσθαι,
1872 3217 2035 3290 μηθὲν
2073 3217 2170 3271 αὐτ

2384 3220 2527 3274 Cum
2559 3236 2731 3275 carne
2780 3219 3016 3291 quidem
3056 3234 3317 3291 pugnare
3360 3221 3419 3273 et
3463 3233 3534 3273 ea
3580 3218 3690 3287 uti,
3738 3217 3891 3273 nihil
3922 3217 3968 3272 ei

568 3310 703 3386 πρὸς
732 3307 933 3379 ἡδονὴν
964 3307 1262 3364 ἀκόλαστον
1296 3304 1586 3363 ἐνδιδόντα·
1619 3307 1802 3382 ψυχὴν
1831 3304 1888 3361 δὲ
1919 3302 2091 3376 αὔξειν
2124 3304 2162 3361 δ1

2382 3307 2688 3380 ipudicum
2737 3307 3035 3380 largiendo
3066 3307 3139 3363 ad
3168 3305 3531 3380 voluptatem
3558 3323 3572 3374 ;
3604 3322 3827 3378 augere
3877 3323 3976 3363 au-

566 3397 801 3461 πίστεως
829 3398 917 3453 καὶ
944 3398 1213 3473 γνώσεως.
1250 3421 1278 3448 ››

2319 3400 2439 3453 tem
2471 3396 2728 3452 animam
2758 3412 2862 3468 per
2890 3396 3066 3452 fidem
3096 3399 3154 3452 et
3182 3395 3598 3469 cognitionem.
3635 3417 3687 3450 ι.

1893 3785 2643 3884 ADNOTATIO.

638 4051 717 4122 (1)
744 4048 924 4106 Vetus
951 4051 1040 4104 est
1068 4046 1223 4119 apud
1251 4045 1608 4102 Clementem
1637 4044 2091 4103 Alexandrinum
2121 4047 2182 4101 in
2204 4047 2459 4103 secundo
2489 4047 2813 4102 Stromateo
2847 4044 3094 4117 apostoli
3128 4044 3383 4102 Matthia
3417 4045 3668 4117 dictum,
3690 4046 3751 4102 in
3788 4047 3977 4103 Tradi-

564 4139 803 4194 tionibus
832 4138 985 4209 quod
1015 4136 1288 4192 admirari
1312 4135 1479 4206 jubet
1507 4137 1828 4207 praesentia,
1854 4151 1918 4191 ac
1951 4152 2051 4207 per
2081 4152 2147 4191 ea
2177 4151 2283 4190 nos
2314 4134 2606 4206 gradatim
2633 4135 2704 4190 ad
2736 4133 3096 4207 ulteriorem,
3129 4135 3237 4191 hoc
3266 4137 3357 4191 est
3388 4134 3725 4192 divinarum
3753 4151 3975 4192 rerum.

566 4227 959 4296 cognitionem
994 4224 1278 4280 attollere.
1330 4226 1452 4279 lmo
1483 4224 1623 4294 quia
1649 4240 1757 4279 vox
1785 4224 1911 4293 ipsa
1941 4223 2231 4295 θαυμάζειν
2276 4240 2389 4278 non
2419 4224 2629 4279 mirari
2671 4222 2900 4291 solum,
2920 4224 3022 4279 sed
3053 4223 3229 4279 etiam
3260 4223 3483 4293 discere,
3517 4239 3586 4279 ac
3642 4224 3978 4297 discipulum

562 4328 680 4369 esse
710 4314 1021 4385 signiﬁcat,
1055 4319 1118 4368 ut
1147 4313 1515 4386 grammatici
1546 4314 1773 4379 docent,
1830 4318 1887 4368 et
1944 4313 2095 4368 inter
2123 4328 2222 4368 eos
2251 4311 2594 4384 Hesychius,
2628 4312 2720 4368 his
2748 4312 2908 4368 velut
2940 4313 3239 4385 magistris
3270 4329 3336 4369 ac
3368 4312 3732 4383 doctoribus,
3767 4315 3849 4369 ad
3880 4316 3979 4370 Dei

559 4401 827 4457 notitiam
856 4402 1151 4473 proficere,
1184 4418 1250 4456 ac
1283 4401 1368 4456 sic
1398 4405 1679 4473 tanquam
1710 4400 1769 4455 in
1804 4400 1941 4456 ludo
1968 4401 2224 4472 quodam
2254 4405 2310 4454 et
2338 4399 2540 4456 schola
2571 4400 2775 4455 divina:
2806 4400 3340 4473 contemplationis,
3373 4401 3434 4456 in
3466 4401 3575 4457 hac
3608 4418 3811 4458 rerum
3846 4404 3971 4457 uni-

557 4489 832 4547 versitate
860 4489 1076 4545 versari
1110 4506 1214 4545 nos
1246 4489 1475 4545 volebat
1504 4489 1823 4561 apostolus.
1844 4490 2073 4545 Tritum
2106 4488 2252 4544 illud
2282 4494 2371 4545 est
2401 4506 2513 4545 usu
2545 4489 2897 4562 scriptorum
2927 4490 3219 4560 omnium,
3242 4506 3306 4546 ac
3338 4506 3611 4546 sermone
3643 4494 3975 4557 communi,

560 4579 716 4650 quod
748 4594 994 4650 magnus
1023 4577 1119 4632 ille
1150 4578 1499 4650 praedicabat
1544 4578 1831 4634 Antonius
1868 4596 1880 4633 :
1914 4578 2196 4650 grandem
2225 4594 2353 4633 esse
2383 4577 2599 4632 librum
2636 4579 2924 4634 mundum
2967 4578 3127 4634 hunc
3154 4578 3213 4633 in
3263 4595 3400 4650 quo,
3444 4577 3606 4635 velut
3654 4579 3976 4651 antiquarii

558 4667 732 4739 periti
765 4684 941 4722 manu
971 4666 1382 4738 pulcherrimis
1426 4665 1751 4722 litterarum
1802 4666 1955 4722 notis
2001 4666 2253 4721 auctoris
2282 4665 2471 4738 ipsius
2518 4671 2862 4722 ornamenta
2902 4667 3201 4738 descripta
3247 4670 3405 4721 sunt.
3459 4668 3523 4722 In
3552 4666 3973 4738 pulchritudine

559 4756 683 4811 caeli
713 4764 763 4811 et
789 4761 948 4811 terra
978 4756 1080 4826 (ait
1110 4760 1311 4810 auctor
1330 4754 1597 4827 Epistolas
1629 4756 1699 4809 ad
1733 4754 2326 4826 Demetriadem,quaa
2348 4754 2608 4810 estinter
2628 4755 3046 4812 Ambrosianas
3066 4756 3156 4827 33)
3182 4772 3194 4811 :
3220 4755 3467 4826 quaedam
3494 4759 3626 4809 sunt
3647 4757 3975 4826 paginam!

559 4845 806 4900 omnium
835 4846 1019 4900 oculos
1048 4861 1259 4915 semper
1282 4848 1553 4915 palentes,
1586 4853 1635 4899 et
1665 4848 1941 4900 auctorem
1964 4861 2129 4900 suum
2158 4860 2438 4914 nunquam
2470 4847 2730 4909 tacentes,
2774 4860 3009 4914 quarum
3058 4845 3355 4915 potestalio
3383 4843 3691 4899 doctrinam
3719 4845 3974 4902 imitatur

558 4934 970 5003 magistrorum,
1003 4943 1057 4987 et
1085 4933 1301 5003 eloquia
1328 4934 1763 5002 Scripturarum.
1824 4934 2035 5004 Atque,
2078 4938 2141 4987 ut
2189 4932 2499 4987 Facundus
2534 4932 2968 4988 Hermianensis
2999 4932 3146 4988 libro
3176 4950 3254 4987 χιι
3285 4932 3510 4999 scribit,
3537 4931 3693 4988 Sicut
3720 4935 3881 4989 nobis
3906 4933 3973 4988 ad

557 5036 746 5075 rerum
790 5021 1252 5090 signiﬁcationem
1299 5020 1462 5074 verba
1508 5024 1635 5075 sunt
1685 5020 1836 5088 data,
1884 5024 1963 5076 sic
2009 5022 2348 5092 omnipotens
2378 5021 2537 5088 Deus,
2571 5022 2733 5092 cujus
2774 5024 3033 5092 potestati
3060 5024 3300 5093 subjecta
3330 5030 3459 5076 sunt
3488 5023 3701 5090 omnia,
3735 5029 3792 5079 et
3822 5024 3975 5093 cujus

556 5111 829 5180 sapientia
858 5110 1219 5180 singulariter
1239 5110 1389 5164 novit
1420 5110 1476 5162 in
1508 5124 1667 5162 usum
1695 5110 1965 5164 doctrinae
1994 5112 2163 5166 etiam
2191 5109 2536 5164 voluntarios
2564 5112 2903 5165 nescentium
2933 5115 3110 5166 motus
3140 5113 3526 5166 convenienter
3556 5115 3770 5181 aptare,
3806 5129 3970 5184 quas-

554 5213 765 5268 cunque
792 5215 879 5252 res
911 5200 1166 5267 voluerit,
1198 5207 1327 5253 actu
1355 5201 1625 5252 creaturae
1659 5214 1767 5251 sum
1795 5200 2086 5269 signiﬁcat.
2112 5231 2179 5238 —
2211 5197 2673 5266 Quemadmodum
2701 5200 2894 5269 igitur,
2929 5204 2992 5254 ut
3027 5201 3336 5273 Augustini
3369 5199 3560 5255 verbis
3592 5199 3971 5269 absolvam,si

554 5286 775 5341 litteras
820 5288 1088 5355 pulchras
1135 5287 1345 5342 alicubi
1400 5286 1813 5357 inspiceremus,
1867 5302 1977 5341 non
2042 5287 2200 5342 nobis
2257 5287 2531 5357 sufﬁceret
2580 5286 2805 5341 laudare
2852 5292 3134 5359 scriptoris
3184 5289 3510 5355 articulum,
3563 5289 3835 5358 quomodo
3880 5306 3972 5344 eas

544 5376 782 5444 pariles,
814 5378 1067 5447 aequales,
1097 5377 1432 5447 decorasque
1458 5375 1610 5447 fecit,
1643 5377 1754 5429 nisi
1808 5378 1975 5431 etiam
2018 5378 2332 5447 legerimus,
2385 5376 2517 5446 quid
2564 5375 2720 5431 nobis
2746 5392 2849 5446 per
2880 5376 3022 5432 illas
3072 5379 3401 5433 indicaverit
3429 5395 3447 5430 :
3480 5379 3561 5432 ita
3581 5377 3682 5432 Dei
3708 5394 3847 5449 opus
3872 5382 3971 5451 qui

548 5468 762 5516 tantum
790 5464 1036 5533 inspicit,
1085 5464 1385 5518 delectatur
1430 5462 1843 5533 pulchritudine
1891 5467 2089 5535 operis,
2139 5470 2201 5518 ut
2249 5462 2557 5519 admiretur
2603 5464 2910 5533 artiﬁcem;
2942 5466 3036 5536 qui
3064 5470 3254 5522 autem
3284 5466 3565 5536 intelligit,
3614 5469 3781 5535 quasi
3811 5468 3958 5537 legit.

550 5547 668 5601 Hoc
684 5554 774 5603 est
798 5567 810 5604 ε
835 5550 1121 5621 θαυμάζειν
1143 5550 1209 5604 τὰ
1228 5548 1613 5623 παρόντα,ι]οῐι
1636 5551 1890 5606 otiosum
1912 5556 2144 5623 spectati

2366 5556 2398 5606 ιι
2425 5552 2840 5608 admiratorem
2858 5569 3006 5621 esse,
3031 5557 3129 5610 sed
3154 5555 3399 5612 docilem
3418 5553 3960 5629 intelligentemque

551 5635 927 5708 discipulum.
951 5668 1019 5679 -—
1046 5644 1344 5711 Paravws,
1371 5638 1684 5709 Theologica
1712 5640 1998 5713 Dogmata,
2032 5646 2073 5698 t.
2109 5641 2205 5711 III,
2237 5642 2309 5698 De
2336 5641 2555 5715 opiﬁcio
2586 5657 2641 5700 v1
2669 5639 2904 5714 diarum,
2940 5660 2996 5717 p.
3028 5644 3153 5702 221.
