4086 6342
162 544 3581 579 Ἠ

158 776 341 941 S.
470 778 2186 946 BARTHOLOM/EUS
2320 782 3558 953 APOSTOLUS.

1833 1161 1902 1171 —.

1040 1377 1984 1503 SENTENTIA
2069 1382 2688 1508 BREVIS

1784 1672 1817 1718 Ο
1826 1671 1945 1711 UAM

301 1848 454 1910 SUB
498 1848 803 1909 NOMINE
852 1850 1431 1912 BARTHOLOMEI
1478 1852 1861 1914 APOSTOLI
1908 1854 2218 1915 AFFERT
2276 1857 2343 1916 S.
2391 1856 2814 1920 DIONYSIUS
2860 1860 3395 1925 AREOPAGITA.

382 2050 481 2122 (De
509 2050 754 2124 mystica
780 2052 1067 2124 theologia.
1099 2069 1225 2125 cap.
1256 2053 1311 2125 4,
1343 2053 1487 2126 Opp.
1521 2058 1665 2111 tom.
1710 2057 1756 2127 Ι,
1789 2057 1882 2113 ed.
1915 2056 2192 2129 Corderii,
2222 2058 2506 2128 Venetiis,
2538 2060 2696 2131 1755,
2728 2060 2987 2132 in-folio,
3018 2078 3152 2135 pag.
3181 2063 3334 2135 544.)

209 2476 373 2533 Οὕτω
419 2483 548 2553 γοῦν
593 2482 621 2535 ὁ
680 2482 828 2543 θεῖος
885 2484 1414 2540 ΒΑΡΘΟΛΟΜΑΙΟΣ
1469 2505 1600 2561 φησι
1637 2508 1664 2534 ‹‹
1707 2487 1798 2539 καὶ

139 2565 370 2637 πολλήν
431 2570 528 2637 τὴν
589 2569 875 2643 θεολογίαν
926 2572 1061 2625 εἶναι
1108 2569 1196 2624 καὶ
1246 2569 1559 2646 ἐλαχίστην*
1618 2573 1705 2627 καὶ
1738 2576 1800 2629 τὸ
1912 2600 1941 2626 ‹‹
1973 2582 2030 2633 et
2060 2577 2243 2649 copios

1981 2582 2030 2633 et
2060 2577 2356 2649 copiosam
2379 2593 2506 2633 esse
2534 2576 2889 2650 theologiam
2922 2583 2977 2633 ct
3020 2577 3346 2647 minimam,
3380 2584 3557 2651 atque

142 2654 479 2732 Εὐαγγὲλιω
534 2657 710 2715 πλατὸ
764 2658 852 2713 καὶ
915 2658 1070 2735 μέγα,
1122 2660 1211 2713 καὶ
1268 2658 1416 2722 αὖθις
1476 2682 1743 2735 συντετμη
1782 2696 1800 2705 -
1914 2665 2243 2737 Evangelim

1981 2665 2291 2737 rangelium
2326 2664 2587 2737 amplum
2617 2669 2670 2720 et
2704 2681 3007 2737 magnum,
3040 2671 3096 2721 ct
3127 2683 3331 2724 rursus
3362 2668 3555 2724 conci-

150 2764 332 2816 μενον.
372 2771 401 2797 ›)
1915 2770 2068 2810 sum.
2105 2776 2133 2802 »

1990 2771 2068 2809 ΠΙ.
2105 2776 2133 2802 ))

1981 2488 2098 2543 Hac
2128 2488 2332 2559 utique
2371 2488 2598 2543 ratione
2637 2488 2803 2543 divus
2848 2488 3445 2546 BARTHOLOMIEUS
3476 2492 3560 2547 ait

987 3202 1585 3299 CORDERII
1651 3203 2699 3299 COMMENTARIUM

214 3448 324 3500 Hal
362 3445 552 3515 utique
580 3447 793 3501 ratione
838 3447 902 3501 D.
935 3444 1390 3501 Bartholomaeus.
1424 3444 1586 3499 Unde
1625 3444 1941 3517 colligitur,
1972 3448 2243 3501 sanctum
2282 3444 2770 3502 Bartholomaeum
2802 3445 2999 3517 aliqua
3025 3445 3196 3500 etiam
3230 3445 3558 3519 theologica

146 3532 485 3604 scripsisse,
517 3532 603 3586 uti
635 3537 692 3587 et
722 3532 867 3589 alios
897 3533 1194 3605 apostolos
1228 3531 1557 3587 verosimile
1586 3534 1772 3601 est,de
1802 3534 1976 3589 rebus
2006 3550 2072 3588 ac
2103 3534 2525 3604 quaestionibus
2556 3532 2768 3589 divinis
2798 3550 2901 3605 per
2928 3533 3235 3604 epistolam
3261 3550 3363 3605 pro
3389 3551 3558 3591 occa-

142 3621 304 3676 sione
333 3621 745 3691 interrogatos,
778 3621 850 3676 de
878 3621 1089 3677 iisdem
1117 3621 1293 3676 verba
1322 3620 1529 3676 saltem
1563 3622 1776 3693 scripto
1808 3621 2199 3693 respondisse,
2224 3627 2280 3677 et
2302 3622 2749 3692 sublimissima,
2786 3639 2911 3694 quae
2944 3640 3011 3677 ex
3041 3622 3169 3694 ipso
3201 3623 3317 3678 Deo
3346 3623 3564 3679 hause-

146 3712 277 3764 rant
310 3708 574 3775 oracula,
603 3708 937 3777 tradidisse,
973 3726 1099 3781 quae
1134 3709 1497 3782 aliquandiu,
1534 3711 1617 3765 uti
1649 3709 1839 3765 solent
1868 3708 2147 3782 epistolae,
2199 3711 2669 3776 asservabantur,
2715 3715 2771 3765 et
2810 3709 3120 3766 Catholicis
3166 3712 3564 3769 communica-

142 3797 497 3864 bantur,sed
529 3800 904 3868 postmodum
936 3804 1269 3871 temporum
1303 3799 1537 3869 injuriis
1570 3798 2101 3855 interciderint.Ait
2130 3807 2183 3853 et
2212 3800 2483 3869 capiosam
2508 3816 2622 3855 esse
2652 3799 2996 3866 theologiam,
3018 3800 3071 3853 id
3105 3803 3193 3854 est
3222 3800 3568 3871 fusam,qua

139 3890 305 3959 parte
333 3884 606 3941 videlicet
634 3902 701 3941 ex
734 3886 1014 3943 creaturis
1047 3891 1112 3942 ut
1141 3886 1683 3959 effectis,tanquam
1718 3906 1750 3941 a
1780 3887 2120 3959 posteriore,
2155 3891 2219 3941 ut
2247 3886 2413 3941 aiunt
2442 3886 2796 3958 philosophi,
2832 3888 2888 3941 in
2941 3886 3219 3942 creatoris
3264 3904 3331 3942 ac
3373 3904 3562 3943 causa:

141 3976 344 4046 prima:
369 3973 636 4030 notitiam
669 3974 995 4041 devenitur,
1028 3993 1155 4047 quae
1187 3976 1423 4047 quidem
1459 3994 1593 4049 pars
1626 3980 1714 4031 est
1746 3974 2047 4046 theologia:
2078 3975 2560 4042 demonstrantis,
2592 3974 2679 4030 vel
2712 3978 2865 4030 certe
2914 3992 3029 4046 qua
3055 3979 3217 4046 parte
3247 3975 3567 4047 symbolice

143 4068 252 4133 est,
285 4081 419 4136 qua:
449 4066 598 4120 teste
623 4062 898 4136 Dionysio
930 4081 1056 4137 cap.
1090 4081 1191 4136 seq
1223 4064 1394 4137 longe
1426 4065 1731 4120 fusissima
1775 4064 2002 4120 exsistit
2030 4072 2080 4119 et
2108 4066 2427 4134 minimam,
2459 4064 2514 4119 id
2548 4068 2637 4119 est
2665 4070 2755 4119 est
2793 4064 3222 4133 brevissimam,
3255 4080 3371 4133 qua
3402 4066 3565 4135 parte

144 4152 429 4207 nimirum
459 4151 707 4224 mystica
726 4156 833 4219 est,
859 4156 926 4206 ut
958 4153 1173 4208 ibidem
1206 4154 1520 4225 Dionysius
1552 4152 1834 4224 explicat;
1864 4152 1951 4207 vel
1983 4157 2135 4207 certe
2166 4152 2303 4223 quia
2334 4153 2488 4207 Deus
2520 4170 2551 4208 a
2584 4152 2761 4223 priori
2794 4150 3335 4207 indemonstrabilis
3364 4154 3474 4218 est,
3498 4156 3566 4208 ut

144 4256 371 4295 carens.
401 4240 570 4311 Atque
598 4241 958 4309 Evangelium
1003 4243 1250 4313 amplum
1296 4247 1345 4298 et
1390 4259 1680 4311 magnum,
1732 4241 1955 4296 scilicet
2002 4246 2237 4313 propter
2285 4257 2479 4295 rerum
2523 4257 2669 4311 quas
2720 4240 2977 4295 continet
3018 4238 3471 4310 amplitudinem
3503 4244 3563 4296 et

147 4329 557 4400 granditatem,
589 4333 641 4384 et
670 4345 863 4384 rursus
890 4332 1170 4386 concisum
1204 4347 1306 4386 seu
1334 4329 1785 4400 contractum,id
1813 4334 1902 4385 est
1931 4330 2017 4401 (ut
2046 4346 2151 4401 ego
2175 4329 2411 4401 quidem
2438 4329 2805 4401 interpretor)
2828 4327 2980 4383 mole
3002 4327 3238 4398 quidem
3261 4328 3561 4401 exiguum,

148 4433 324 4472 sensu
376 4420 573 4472 autem
621 4420 677 4472 et
727 4416 1083 4488 perfectione
1132 4419 1475 4473 maximum.
1529 4418 1691 4473 Unde
1733 4418 2049 4490 Apostolus
2080 4419 2253 4489 (Rom.
2304 4434 2382 4484 1x,
2429 4418 2520 4488 28)
2566 4416 2822 4489 appellat
2848 4417 3090 4472 verbum
3135 4417 3561 4485 abbreviatum,

148 4510 347 4579 utpote
378 4507 686 4562 continens
714 4506 1128 4563 brevissimum
1152 4508 1285 4563 ﬁdei
1316 4511 1371 4563 et
1400 4506 1732 4563 dilectionis
1763 4511 2139 4579 preaceptum,
2172 4507 2325 4578 quod
2354 4523 2457 4578 pro
2488 4507 2715 4562 cunctis
2746 4506 2996 4563 sinuosae
3026 4506 3172 4580 legis
3201 4505 3564 4562 caeremoniis

150 4594 457 4652 successit.
483 4595 567 4650 [ta
594 4593 908 4651 Anselmus
929 4600 986 4652 et
1015 4595 1427 4654 (Ecumenius.
1451 4596 1547 4652 Vel
1570 4596 1709 4667 quia
1735 4597 1991 4652 continet
2009 4596 2265 4651 Verbum
2288 4596 2757 4662 incarnatum,ad
2777 4595 3035 4651 hominis
3067 4612 3255 4667 usque
3285 4599 3559 4649 naturam

148 4684 552 4741 abbreviatum
583 4688 642 4739 et
670 4683 1056 4753 exinanitum,
1089 4685 1244 4756 quod
1278 4683 1471 4741 salvas
1502 4684 1638 4740 fecit
1666 4683 1943 4755 reliquias
1976 4684 2172 4741 Israel.
