4086 6342
493 476 3904 511 Ἥ

1118 705 2484 909 ANACLETUS
2672 709 3282 910 PAPA

1836 1298 2566 1423 NOTITIA.

1210 1601 1311 1672 (Ex
1347 1600 1488 1659 libro
1514 1602 1835 1674 pontiﬁcali
1863 1600 2099 1658 Damasi
2129 1616 2313 1673 papae,
2345 1617 2439 1673 ap.
2473 1600 2684 1670 MANSI,
2719 1600 2950 1671 Concil.,
2982 1603 3028 1671 Ι,
3055 1603 3208 1674 597.)

579 1839 893 1896 Anacletus
924 1840 999 1914 (1)
1030 1842 1265 1897 natione
1296 1842 1530 1899 Graecus
1563 1843 1579 1877 ί
1611 1858 1679 1897 ex
1709 1846 1871 1913 patre
1900 1840 2199 1907 Antiocho,
2233 1840 2385 1896 sedit
2435 1856 2621 1896 annos
2668 1854 2896 1911 novem,
2931 1855 3162 1898 menses
3209 1846 3328 1898 tres
3360 1843 3494 1911 [cod.
3529 1848 3688 1911 Luc.,
3722 1845 3922 1916 duos],

515 1928 639 1983 dies
668 1928 865 1984 decem
895 1947 907 1997 ;
940 1930 1048 1986 fuit
1076 1935 1271 1986 autem
1302 1931 1666 2003 temporibus
1698 1929 2012 1986 Domitiani
2044 1929 2145 2000 (2),
2195 1946 2229 1984 a
2286 1928 2595 1984 consulatu
2645 1929 2961 1984 Domitiani
3009 1929 3235 1986 decimo
3265 1935 3323 1986 et
3360 1931 3582 2003 Sabini,
3623 1949 3819 2004 usque
3850 1936 3924 1989 ad

512 2016 911 2075 Domitianum
945 2019 1170 2074 decimo
1205 2020 1455 2092 septimo
1487 2021 1561 2092 (3)
1593 2024 1650 2076 et
1692 2020 2046 2075 Clementem
2077 2017 2366 2074 consules.
2417 2017 2519 2073 Hic
2565 2018 2906 2074 memoriam
2939 2018 3093 2075 beati
3124 2020 3275 2075 Petri
3323 2021 3650 2076 construxit
3681 2025 3740 2077 et
3767 2038 3929 2078 com—

512 2106 711 2177 posuit
741 2107 842 2176 (4),
876 2107 1015 2163 dum
1050 2108 1351 2181 presbyter
1379 2110 1566 2165 factus
1596 2109 1806 2164 fuisset
1827 2108 1995 2163 beato
2025 2108 2324 2174 Petro,seu
2354 2106 2468 2161 alia
2488 2106 2636 2174 loca,
2660 2108 2758 2162 ubi
2789 2108 3043 2179 episcopi
3074 2109 3528 2164 reconderentur
3555 2110 3877 2181 sepulturas
3912 2130 3926 2178 ;

510 2194 611 2249 ubi
653 2198 846 2251 autem
878 2200 936 2251 et
965 2196 1089 2268 ipse
1134 2198 1400 2268 sepultus
1432 2202 1522 2253 est
1550 2198 1609 2252 in
1638 2214 1799 2270 pace,
1824 2198 1994 2268 juxta
2024 2213 2235 2267 corpus
2266 2196 2416 2252 beati
2450 2196 2625 2263 Patri,
2659 2196 2829 2270 tertio
2860 2197 2996 2253 Idus
3024 2196 3181 2253 Julii.
3225 2198 3327 2253 Hic
3359 2198 3491 2254 fecit
3519 2199 3926 2256 ordinationes

509 2283 657 2340 duas
688 2285 867 2355 [iuxta
896 2286 1199 2355 Platinam,
1234 2290 1435 2356 unam]
1468 2303 1571 2357 per
1611 2300 1873 2341 mensem
1924 2285 2326 2349 Decembrem,
2372 2284 2739 2357 presbyteros
2787 2284 3066 2357 quinque,
3113 2285 3389 2342 diaconos
3436 2290 3577 2356 tres,
3610 2288 3925 2362 episcopos

506 2386 611 2444 per
638 2372 864 2429 diversa
890 2373 1019 2430 loca
1046 2391 1291 2431 numero
1324 2392 1444 2432 sex.
1475 2376 1543 2431 Et
1574 2374 1822 2431 cessavit
1848 2374 2218 2447 episcopatus
2246 2374 2369 2431 dies
2398 2390 2521 2430 x111.

578 2525 596 2559 ³
630 2522 713 2579 Ds
735 2522 996 2581 Athenis.

2095 2718 2325 2776 NOTIE.

581 2928 657 3001 (1)
706 2926 1017 2983 Anactetus.
1068 2931 1204 2983 Post
1266 2926 1667 2999 interregnum
1716 2930 1969 2998 quatuor
1998 2941 2162 2982 men-

510 3017 665 3075 sium
698 3021 755 3073 et
813 3018 1012 3073 decem
1065 3016 1313 3082 dierum,
1372 3033 1526 3072 anno
1583 3015 1794 3072 Christi
1832 3016 1934 3069 103
1992 3016 2161 3086 [102],

511 3106 753 3179 Trajani
783 3106 1154 3178 imperatoris
1204 3121 1279 3173 ιν,
1313 3106 1483 3161 tertia
1531 3105 1623 3160 die
1652 3104 1872 3160 mensis
1932 3103 2160 3175 Aprilis,

508 3196 828 3253 Anacletus
859 3195 1063 3250 multis
1094 3195 1270 3251 rebus
1323 3193 1598 3266 prmelare
1647 3193 1828 3265 gestis
1859 3191 2167 3248 celeberri-

511 3302 666 3353 mus,
700 3284 1044 3340 Christianae
1075 3282 1375 3356 religionis
1406 3298 1707 3338 summum
1754 3281 2163 3353 pontiﬁcatum

512 3374 777 3445 adeptus,
811 3372 1092 3428 Clementi
1123 3389 1224 3444 per
1252 3370 1596 3444 martyrium
1628 3369 1860 3427 sublato
1889 3369 2168 3441 subroga-

513 3467 631 3517 tur.
665 3462 829 3526 Quod
858 3462 1019 3516 Liber
1047 3461 1388 3532 pontiﬁcalis
1420 3461 1478 3516 in
1529 3460 1664 3516 Vita
1695 3458 2008 3515 Clementis
2039 3457 2164 3530 epi-

515 3553 821 3620 scopatum
853 3549 1125 3605 Romanae
1171 3549 1438 3606 Ecclesiae
1470 3548 1676 3621 viginti
1724 3548 1931 3604 diebus
1961 3551 2018 3603 et
2048 3563 2165 3603 uno

518 3654 779 3694 cessasse
810 3638 1028 3707 scribit,
1077 3638 1169 3692 vix
1200 3643 1288 3694 est
1328 3637 1625 3704 credibile,
1680 3654 1813 3693 cum
1846 3641 1964 3691 tam
2008 3634 2165 3692 brevi

519 3726 802 3798 temporis
833 3726 1020 3797 spatio
1049 3727 1395 3793 martyrium
1428 3726 1763 3794 Clementis,
1803 3726 2164 3781 Chersoneso

520 3820 686 3872 trans
717 3816 967 3871 Pontum
1000 3815 1132 3882 sita,
1166 3816 1408 3870 Romam
1441 3815 1701 3893 nuntiari
1735 3831 1850 3870 non
1891 3813 2163 3886 potuerit.

521 3911 730 3961 Baron.
778 3921 931 3961 anno
984 3906 1106 3970 102,
1142 3920 1306 3959 num.
1350 3906 1409 3971 2,
1441 3907 1497 3958 et
1526 3919 1649 3975 seq.
1682 3920 1854 3971 anno,
1898 3920 2063 3960 num.
2106 3906 2160 3957 2.

522 3995 685 4051 Unde
730 3994 1006 4050 acciderit
1034 3994 1190 4065 quod
1241 3992 1556 4048 Anacletus
1601 4010 1634 4047 a
1677 3992 2009 4048 Tertuliano
2040 3991 2161 4048 Cle-

523 4084 701 4140 menti
736 4086 1141 4155 anteponatur,
1171 4082 1241 4137 ab
1281 4080 1604 4154 Epiphanio
1638 4074 1832 4137 autem
1860 4080 2066 4136 haeresi
2094 4081 2163 4134 27

523 4172 694 4245 plane
720 4173 1043 4241 omittatur,
1091 4190 1268 4244 supra
1299 4170 1553 4226 diximus
1601 4170 1657 4225 in
1691 4170 2165 4226 adnotationibus

524 4262 596 4318 ad
625 4260 820 4315 Vitam
848 4260 1178 4317 Clementis.
1212 4261 1338 4316 Sev.
1372 4260 1593 4315 BINIUS.

596 4395 671 4467 (2)
702 4396 827 4450 Fuit
851 4398 1042 4450 autem
1091 4392 1419 4464 temporibus
1465 4392 1791 4449 Domitiani.
1825 4392 1972 4447 Mira
2013 4393 2170 4447 Libri

524 4484 857 4557 pontiﬁcalis
904 4482 1151 4538 varietas
1188 4486 1245 4537 et
1291 4480 1678 4553 repugnantia
1738 4497 1751 4537 :
1809 4497 1942 4535 cum
1990 4498 2169 4552 supra

526 4574 884 4629 Clementem
927 4570 1181 4626 Anacleti
1244 4571 1730 4642 praedecessorem
1790 4570 1959 4626 tertio
2013 4587 2165 4624 anno

526 4661 759 4732 Trajani
789 4676 820 4715 e
848 4659 967 4714 vita
1026 4658 1326 4714 sublatum
1360 4676 1487 4714 esse
1519 4658 1839 4731 scripserit,
1864 4658 2171 4713 Anacletus

528 4767 644 4806 non
677 4751 787 4805 sub
818 4748 1279 4816 Domitiano,sed
1302 4748 1494 4802 verius
1525 4748 1634 4802 sub
1666 4748 1917 4818 Trojano
1950 4747 2171 4802 sedisse

525 4838 737 4911 potuit.
774 4840 851 4892 in.

597 4972 676 5045 (3)
706 4974 745 5028 A
778 4975 1063 5028 consulatu
1111 4971 1408 5027 Domitiani
1455 4989 1491 5025 χ
1536 4979 1586 5025 ει
1635 4970 1836 5025 Sabini
1884 4985 2053 5042 usque
2100 4968 2168 5024 ad

523 5063 872 5119 consulatum
918 5062 1222 5117 Domitiani
1256 5078 1396 5115 xvn.
1441 5058 1634 5116 Novus
1677 5075 1840 5115 error
1888 5056 2163 5114 auctoris.

524 5151 583 5207 Si
608 5150 919 5207 Anacletus
945 5150 1054 5206 sub
1078 5148 1373 5205 adnotatis
1397 5147 1739 5204 consulibus
1763 5147 2168 5219 pontificatum

522 5240 731 5307 tenuit,
764 5256 899 5296 eum
954 5237 1311 5295 Clementem
1369 5238 1773 5303 antecessisse,
1824 5237 1942 5291 imo
1992 5234 2169 5290 simul

524 5341 657 5380 cum
690 5324 845 5380 Cleto
877 5330 933 5381 et
963 5324 1257 5380 Clemente
1287 5324 1509 5379 sedisse
1538 5325 1812 5396 oportuit.
1845 5322 1990 5377 Nam
2014 5322 2168 5377 deci-

526 5428 661 5468 mus
694 5413 1009 5469 Domitiani
1053 5413 1396 5469 consulatus
1447 5431 1576 5469 cum
1629 5430 1782 5468 anno
1835 5412 2051 5467 Christi
2101 5412 2170 5465 86

526 5502 661 5573 [84].
695 5501 1008 5557 Domitiani
1042 5503 1411 5573 imperatoris
1465 5521 1528 5558 III
1569 5502 1863 5557 coincidit.
1898 5501 2170 5556 Decimus

527 5592 813 5662 septimus
838 5606 970 5645 vero
1001 5591 1266 5660 ejusdem
1292 5592 1631 5647 consulatus
1662 5608 1795 5646 cum
1828 5608 1978 5645 anno
2000 5590 2171 5645 Chri-

527 5678 606 5737 sti
655 5680 724 5733 Ui
776 5678 910 5750 [02],
963 5678 1276 5734 Domitiani
1331 5679 1700 5752 imperatoris
1748 5696 1802 5733 x1
1852 5678 2165 5735 concurrit.

2277 2928 2420 2980 Cum
2452 2924 2634 2998 igitur
2661 2925 2947 2997 Clemens,
2999 2928 3177 3000 hujus
3205 2927 3463 2983 Anacleti
3511 2927 3923 3001 predecessor,

2276 3030 2429 3069 anno
2459 3032 2523 3069 III
2545 3015 2780 3086 Trajani
2801 3016 3167 3088 imperatoris
3194 3016 3315 3071 vita
3331 3016 3509 3072 simul
3538 3021 3596 3072 et
3627 3018 3922 3088 ponticatu

2275 3103 2583 3158 defunctus
2613 3103 2708 3173 sit,
2743 3108 2807 3158 ut
2836 3110 3043 3176 praeter
3070 3110 3364 3161 auctorem
3396 3105 3574 3176 hujus
3602 3105 3758 3173 libri,
3793 3107 3921 3162 Hie-

2276 3208 2500 3264 ronym.
2536 3193 2603 3247 Et
2630 3193 2838 3248 Euseb.
2871 3193 3012 3249 locis
3049 3211 3229 3266 supra
3262 3194 3434 3250 dictis
3464 3199 3776 3261 testantur,
3809 3212 3921 3252 non

2273 3280 2437 3336 video
2487 3298 2605 3351 qua
2657 3282 2879 3338 ratione
2910 3283 3020 3338 dici
3055 3283 3243 3355 possit
3269 3283 3612 3340 Anacletum
3641 3286 3777 3340 ante
3807 3284 3919 3340 im-

2275 3369 2504 3440 perium
2544 3370 2781 3441 Trajani
2819 3371 3178 3443 pontificium
3214 3374 3414 3429 cedem
3455 3373 3917 3430 administrasse.

2275 3458 2359 3512 ID.

2350 3546 2423 3619 (4)
2476 3547 2572 3602 Hic
2616 3548 2761 3603 beati
2825 3551 2980 3605 Petri
3022 3551 3342 3606 memoriam
3396 3553 3706 3607 construxit
3764 3562 3921 3625 atque

2276 3637 2592 3707 composuit.
2661 3640 2770 3692 Per
2840 3639 3185 3694 memoriam
3252 3639 3403 3694 beati
3453 3640 3605 3695 Petri
3666 3641 3922 3714 intellige

2278 3725 2597 3795 quamdam
2655 3725 2881 3780 aedificii
2934 3730 3292 3782 structuram
3341 3727 3414 3783 ab
3452 3728 3749 3797 Anacleto,
3786 3732 3917 3786 dum

2280 3812 2471 3867 adhuc
2512 3814 2812 3886 presbyter
2858 3819 3031 3883 esset,
3092 3816 3150 3870 in
3208 3816 3487 3873 Vaticano
3544 3821 3917 3887 exstructam,

2278 3917 2455 3972 quam
2480 3901 2618 3957 olim
2644 3903 2965 3975 antiquitas
2986 3904 3264 3961 usitatius
3285 3904 3589 3961 ecclesiam
3622 3908 3919 3965 nominare

2279 3990 2600 4046 consuevit.
2636 3992 2782 4048 Nam
2815 3996 2872 4046 et
2899 3997 3147 4064 August.
3179 3995 3252 4050 De
3289 3996 3449 4049 civit.
3495 3996 3590 4050 Dei
3638 3994 3741 4051 lib.
3786 4014 3918 4064 xm,

2279 4095 2328 4135 c.
2363 4080 2427 4134 10
2461 4095 2474 4135 :
2506 4081 2634 4147 Nos,
2667 4080 2879 4151 inquit,
2918 4084 3252 4154 martyribus
3298 4084 3500 4139 nostris
3541 4100 3650 4139 non
3699 4087 3915 4157 tempta,

2277 4170 2413 4224 sicut
2439 4168 2570 4236 diis,
2622 4169 2712 4224 sed
2753 4172 3065 4239 memorias,
3120 4173 3261 4226 sicut
3303 4171 3619 4228 hominibus
3667 4180 3913 4241 mortuis,

2278 4273 2510 4328 quorum
2539 4258 2688 4329 apud
2715 4258 2883 4314 Deum
2919 4260 3111 4314 vivunt
3136 4262 3385 4331 spiritus,
3414 4263 3779 4332 fabricamus.
3807 4262 3916 4318 Has

2280 4345 2487 4401 merito
2519 4345 2689 4401 Caius
2721 4346 2998 4418 antiquus
3042 4347 3371 4420 theologus,
3405 4349 3505 4420 qui
3535 4354 3795 4422 tempore
3822 4351 3916 4406 Ze-

2282 4434 2514 4507 phyrini
2545 4434 2839 4506 pontificis
2883 4435 3107 4503 claruit,
3139 4440 3285 4493 teste
3315 4437 3561 4494 Eusebio
3600 4437 3701 4494 lib.
3736 4456 3796 4493 ιη
3826 4441 3915 4494 Ηί-

2279 4525 2597 4591 storiarum,
2628 4524 2719 4587 24,
2750 4528 2965 4596 tropea
2994 4525 3249 4597 appellat
3278 4542 3291 4579 :
3326 4526 3543 4599 quippe
3585 4544 3711 4599 quae
3741 4528 3914 4584 victo-

2284 4612 2399 4667 rias
2418 4612 2812 4683 apostolorum
2832 4614 2903 4667 de
2924 4614 3184 4669 subactis
3201 4614 3469 4670 hostibus
3487 4621 3914 4687 reprzesentent.

2283 4702 2469 4755 Verba
2520 4700 2678 4756 illius
2717 4702 2869 4773 apud
2932 4703 3246 4757 Eusebium
3296 4704 3567 4774 praedicto
3631 4703 3756 4760 loco
3805 4705 3919 4761 haac

2283 4794 2418 4845 sunt
2480 4808 2491 4845 :
2552 4792 2660 4861 Ego
2708 4792 3082 4859 apostolorum
3132 4801 3338 4862 tropaa
3382 4795 3665 4864 perspicue
3705 4810 3919 4865 possum

2280 4879 2559 4933 ostendere
2586 4899 2604 4933 :
2636 4896 2768 4934 nam
2796 4881 2846 4934 si
2880 4879 3034 4935 lubet
3063 4898 3121 4935 ιη
3159 4882 3484 4937 Vaticanum
3505 4883 3802 4953 proﬁcisci,
3828 4889 3920 4939 aut

2284 4971 2345 5022 in
2374 4969 2525 5022 viam
2580 4982 2705 5038 quas
2762 4967 3018 5023 Ostiensis
3047 4969 3275 5037 dicitur,
3321 4970 3674 5042 te'conferre
3719 4974 3918 5044 tropa’a

2284 5072 2472 5112 eorum
2509 5058 2605 5127 qui
2661 5058 2826 5112 istam
2873 5057 3169 5112 Ecclesium
3211 5073 3310 5113 suo
3340 5074 3589 5115 sermone
3632 5064 3684 5115 et
3726 5064 3919 5118 virtute

2284 5146 2654 5213 stabztz’erunt,
2714 5147 2981 5201 invenies.
3040 5145 3199 5201 Hanc
3244 5146 3536 5219 insignem
3594 5148 3919 5223 claramque

2284 5234 2622 5291 memoriam
2646 5251 2679 5289 a
2698 5234 2933 5290 turbine
2955 5236 3376 5306 persecutionis
3400 5252 3513 5292 non
3537 5237 3717 5295 fuisse
3746 5238 3919 5311 dejec-

2283 5332 2424 5390 tam,
2479 5324 2580 5379 sed
2629 5326 2847 5391 maiore
2904 5324 3098 5395 potius
3149 5324 3208 5378 in
3257 5326 3382 5381 dies
3432 5325 3697 5399 singulos
3743 5326 3916 5400 gloria

2284 5419 2775 5482 au‘ctam,omnem
2802 5413 3249 5469 admirationem
3280 5419 3540 5486 superat.
3567 5416 3913 5473 Baron.anno

2289 5504 2409 5570 106,
2470 5518 2526 5554 n.
2576 5504 2609 5554 2
2654 5506 2710 5557 et
2758 5502 2809 5555 3.
2845 5500 3246 5575 Magdeburg.,
3289 5502 3387 5575 qui
3422 5503 3571 5559 hanc
3590 5504 3661 5559 ob
3692 5520 3912 5561 causam

2282 5589 2621 5646 Anacletum
2655 5590 3107 5661 reprehendunt,
3140 5607 3174 5645 a
3203 5590 3471 5647 Bellarm.
3509 5591 3603 5649 lib.
3637 5609 3692 5648 IV
3720 5594 3793 5651 De
3817 5595 3912 5650 Ro-

2284 5696 2434 5746 man,
2464 5677 2690 5751 pontiﬂ,
2722 5694 2770 5733 c.
2804 5681 2856 5748 8,
2890 5678 2961 5734 de
2990 5676 3288 5737 calumnia
3317 5685 3609 5737 notantur.
3630 5682 3717 5739 Io
