4086 6342
236 444 360 511 789

3528 464 3647 526 790

428 927 1405 1086 ANACLETI
1471 822 2285 1090 ROMANI
2419 935 3481 1096 PONTIFICIS

872 1306 1713 1441 EPISTOLtE
1786 1262 2022 1438 ET
2127 1299 2976 1443 DECRETA‘”

1426 1629 1657 1702 (MANSI,
1686 1632 1921 1688 Concil..
1954 1634 1996 1687 t.
2030 1635 2230 1704 I,pag.
2262 1631 2412 1701 598.)

677 1919 1023 1977 EPISTOLA
1056 1920 1130 1992 (2)
1161 1920 1409 1977 PRIMA.

201 2060 225 2094 ³
255 2061 338 2115 De
365 2062 711 2135 oppressione
740 2061 1181 2118 Christianon
1205 2066 1256 2119 et
1283 2064 1349 2119 de
1376 2065 1725 2120 accusatione
1748 2066 1859 2135 epi-

275 2132 447 2202 scopi,
479 2131 543 2186 de
581 2132 951 2206 ordinatione,
992 2134 1520 2206 archiepiscoporum
1594 2144 1643 2191 et
1697 2131 1858 2191 caete-

276 2217 468 2278 rorum
498 2206 559 2278 et
606 2203 671 2259 de
696 2205 1031 2274 primatibus
1069 2214 1123 2261 et
1167 2203 1524 2277 patriarchis,
1558 2223 1857 2278 eorumque

274 2275 608 2329 ministerio.

277 2445 633 2513 ANACLETUS,
657 2461 859 2501 servus
888 2446 1099 2503 Christi
1148 2449 1305 2515 Jesu,
1356 2448 1416 2503 in
1466 2448 1600 2503 sede
1631 2452 1857 2521 aposto-

200 2533 323 2588 lica
351 2533 599 2589 Domino
622 2534 901 2599 serviens,
925 2535 1214 2608 episcopis
1236 2536 1531 2603 omnibus,
1557 2541 1613 2592 et
1633 2538 1855 2593 caeteris

200 2621 436 2678 cunctis
468 2621 763 2692 ﬁdelibus,
795 2623 895 2696 qui
938 2624 1291 2696 coaequalem
1323 2625 1630 2681 nobiscum
1664 2626 1853 2681 sortiti

198 2714 344 2767 sunt
369 2710 569 2779 ﬁdem,
615 2712 805 2783 gratia
850 2712 1017 2768 vobis
1063 2717 1119 2768 et
1161 2730 1272 2785 pax
1318 2717 1493 2785 atque
1535 2714 1853 2770 consolatio

198 2798 674 2871 multiplicentur
704 2818 738 2855 a
766 2801 1011 2857 Domino
1034 2802 1092 2856 in
1126 2802 1355 2858 secula.

268 2887 597 2943 Benedictus
655 2889 797 2944 Deus
868 2898 919 2945 et
972 2894 1140 2946 Pater
1208 2891 1433 2946 Domini
1495 2894 1673 2947 nostri
1730 2894 1854 2948 Jesu

197 2976 427 3044 Christi,
461 2978 557 3047 qui
583 2977 883 3032 secundum
928 2996 1186 3047 magnam
1233 2980 1669 3036 misericordiam
1696 2998 1853 3035 suam

192 3067 545 3135 regeneravit
574 3081 675 3121 nos
704 3069 763 3121 in
809 3084 960 3139 spem
1006 3070 1205 3135 vivam,
1253 3085 1353 3140 per
1396 3071 1851 3125 resurrectionem

193 3157 327 3212 Jesu
359 3154 565 3210 Christi
595 3171 668 3209 ex
694 3158 944 3222 mortuis,
977 3158 1037 3212 in
1058 3156 1440 3213 ha’redilatem
1469 3160 1852 3229 incorruptibi-

193 3244 307 3300 lem
337 3251 391 3298 et
417 3245 943 3313 incontaminatam,
991 3254 1044 3301 et
1086 3247 1601 3303 immarceseibilem
1636 3264 1848 3303 conser-

194 3340 386 3389 vatam
417 3334 478 3388 in
506 3334 675 3402 caelis,
707 3335 768 3388 in
790 3334 960 3403 vobis,
1002 3351 1097 3405 qui
1126 3337 1186 3389 in
1234 3337 1436 3391 virtute
1480 3338 1577 3391 Dei
1611 3337 1847 3392 custodi-

191 3422 344 3476 mini
367 3436 473 3492 per
494 3422 656 3497 ﬁdem
686 3423 745 3477 in
778 3422 1009 3477 salutem
1055 3427 1303 3494 paratam
1355 3426 1596 3480 revelari
1622 3427 1679 3480 in
1705 3431 1845 3480 tem-

189 3526 329 3582 pore
363 3509 658 3566 novissimo
683 3528 701 3566 :
729 3513 788 3565 in
826 3527 928 3583 quo
967 3513 1335 3577 exsultabitis,
1385 3512 1656 3569 modicum
1704 3531 1849 3569 nunc

190 3600 246 3653 si
274 3601 488 3669 oportet
519 3602 839 3655 contristari
884 3602 943 3654 in
974 3602 1149 3655 variis
1176 3603 1591 3670 tentatiombus,
1621 3610 1684 3657 ut
1718 3620 1847 3675 pro-

192 3689 359 3745 batio
378 3695 575 3745 vestrm
610 3687 738 3758 ﬁdei
776 3689 949 3744 multo
975 3691 1270 3757 pretiosior
1296 3692 1367 3745 sit
1396 3707 1553 3760 auro,
1586 3692 1727 3763 quod
1751 3709 1851 3764 per

189 3780 382 3850 ignem
392 3777 662 3849 probatur
680 3777 721 3842 ³,
738 3776 787 3831 si
808 3780 1005 3832 tamen
1029 3777 1087 3832 in
1110 3777 1585 3834 tribulationibus
1607 3780 1847 3852 experti,

190 3864 433 3939 probati
462 3863 866 3921 inveniamini.
901 3865 1189 3921 Patientes
1220 3871 1423 3935 estote,
1456 3866 1845 3936 dilectissimi,

190 3956 333 4027 quia
369 3954 647 4025 patientia
680 3953 1056 4024 probationem
1102 3959 1380 4024 operatur,
1424 3956 1681 4026 probatio
1726 3974 1848 4014 vero

188 4059 381 4114 spem,
419 4057 541 4111 spes
568 4049 749 4097 autem
786 4058 895 4098 non
925 4043 1211 4113 confundit
1240 4043 1278 4098 ⁵.
1311 4046 1446 4100 Ecce
1474 4047 1725 4117 agricola
1754 4063 1847 4102 ear:-

191 4134 401 4205 spectat
446 4133 743 4203 pretiosum
785 4132 1031 4201 fructum
1084 4137 1269 4197 terrae,
1318 4135 1596 4203 patienter
1641 4136 1849 4205 ferens,

194 4222 370 4278 donec
398 4222 635 4293 accipiat
665 4228 1071 4292 temporaneum
1107 4224 1159 4276 et
1196 4223 1495 4276 serotinum
1526 4223 1565 4278 ⁸.
1601 4223 1660 4278 Si
1692 4224 1849 4295 agri-

197 4309 341 4365 colae
372 4308 493 4365 hac
524 4309 812 4381 patienter
841 4310 1036 4364 terunt
1062 4326 1166 4380 pro
1196 4310 1617 4381 temporalibus
1650 4312 1850 4367 fructi-

194 4398 336 4466 bus,
370 4402 588 4470 quanto
636 4398 826 4470 magis
868 4413 970 4453 vos
1010 4414 1115 4469 pro
1148 4398 1378 4454 aeternis
1406 4398 1693 4470 patientes
1723 4416 1851 4457 esse

269 4606 292 4641 ²
324 4606 399 4661 De
428 4605 775 4676 oppressione
804 4607 854 4658 et
885 4601 1225 4676 laceratione
1254 4602 1698 4676 Christianorum
1721 4622 1743 4667 ;
1790 4611 1840 4661 et

1880 3290 1927 3355 B

1895 1925 1949 1987 Α
1979 1920 2249 1977 debetis?
2275 1925 2454 1978 Estote
2491 1938 2622 1993 ergo
2661 1924 2960 1995 patientes,
3005 1929 3057 1982 et
3097 1926 3414 1996 conﬁrmate
3458 1928 3623 1984 corda

1968 2012 2145 2065 vestra
2174 2010 2214 2075 ⁸,
2248 2014 2312 2065 ut
2337 2011 2681 2066 adveniente
2696 2013 2897 2083 judice
2918 2012 3168 2082 Christo,
3187 2013 3303 2070 laeti
3324 2018 3379 2069 et
3395 2016 3622 2086 probati

1968 2113 2098 2155 esse
2126 2098 2392 2155 valeatis.
2442 2100 2629 2155 Nolite
2674 2102 3040 2175 ingemiscere
3075 2105 3135 2157 in
3182 2104 3529 2175 alterutrum,
3560 2112 3622 2161 ut

1966 2202 2077 2242 non
2084 2188 2420 2258 judicemini
2428 2190 2580 2245 .Ecee
2586 2189 2913 2261 judex,ante
2914 2191 3155 2262 januam
3176 2192 3617 2249 assistit.Exem-

1961 2276 2118 2347 plum
2146 2277 2955 2348 accipite,charissimi,laboris
2985 2284 3035 2335 et
3058 2283 3349 2352 patientiae
3376 2282 3619 2353 prophe-

1967 2374 2069 2436 tas,
2097 2368 2193 2436 qui
2223 2367 2397 2425 locuti
2425 2369 2485 2422 in
2517 2370 2743 2424 nomine
2756 2370 2975 2424 Domini
2986 2372 3217 2425 sunt.En
3242 2370 3615 2439 beatiﬁcamus

1965 2469 2055 2510 eos
2086 2455 2183 2525 qui
2216 2457 2620 2511 sustinuerunt.
2654 2458 3043 2529 Sufferentiam
3074 2460 3169 2514 Job
3198 2457 3448 2526 audistis,
3484 2462 3533 2514 et
3551 2460 3615 2529 ﬁ-

1963 2558 2090 2598 nem
2112 2544 2336 2598 Domini
2364 2544 2601 2611 vidistis,
2634 2548 2893 2617 quoniam
2912 2548 3217 2601 misericors
3245 2550 3297 2601 et
3326 2547 3614 2603 miserator

1963 2632 2229 2687 Dominus
2260 2637 2338 2687 est
2367 2634 2405 2685 ⁷.
2438 2632 2868 2689 Tribulationes
2898 2638 3117 2688 vestras
3150 2633 3482 2690 audivimus
3509 2635 3609 2707 (3),

1964 2718 2191 2788 fratres,
2218 2728 2335 2775 tam
2366 2736 2470 2791 per
2499 2726 2731 2777 nostros
2761 2722 2802 2792 ⁸,
2853 2738 3030 2793 quam
3066 2728 3124 2778 et
3160 2739 3263 2795 per
3311 2722 3561 2779 aliorum
3590 2725 3612 2759 θ

1963 2808 2393 2879 apocrisiarios,
2418 2826 2596 2881 super
2618 2809 2832 2880 quibus
2848 2810 3015 2866 valde
3038 2810 3613 2882 dolemus,vobisque

1963 2896 2372 2968 compatimur,
2407 2902 2463 2953 et
2494 2898 2775 2954 auxilium
2809 2899 2957 2955 ferre
2999 2900 3339 2971 (proutipse
3369 2899 3614 2971 largitus

1961 2985 2153 3054 fuerit,
2189 2988 2289 3058 qui
2313 3004 2416 3059 pro
2438 2988 2606 3043 nobis
2629 3006 2743 3043 non
2762 2988 2952 3043 solum
2977 2989 3416 3059 tribulatus,sed
3434 2990 3610 3044 etiam

1960 3091 2173 3145 passus
2202 3077 2310 3147 est)
2343 3076 2529 3147 parati
2565 3093 2793 3133 sumus.
2820 3076 3007 3132 Nolite
3024 3076 3605 3144 mirari,charissimi,

1962 3162 2060 3234 qui
2095 3164 2522 3234 persecutiones
2554 3165 2841 3237 patimini,
2877 3168 3035 3237 quasi
3061 3168 3191 3221 novi
3216 3165 3365 3220 vobis
3394 3166 3606 3235 aliquid

1960 3254 2237 3322 contingat
2277 3270 2295 3306 :
2349 3253 2441 3307 sed
2488 3253 2951 3309 communicantes
3008 3252 3209 3307 Christi
3255 3253 3605 3323 passionibus

1956 3339 2205 3410 gaudete,
2252 3344 2314 3395 ut
2361 3344 2410 3396 et
2458 3342 2515 3395 in
2566 3343 2900 3397 revelatione
2938 3342 3131 3411 gloriae
3173 3343 3291 3409 eius
3319 3340 3601 3411 gaudeatis

1955 3430 2312 3484 exsultantes.
2384 3430 2446 3486 Si
2501 3430 2921 3501 exprobramini
2989 3434 3046 3485 in
3095 3432 3318 3487 nomine
3376 3429 3597 3500 Christi,

1958 3517 2099 3572 beati
2145 3519 2341 3579 eritis;
2390 3519 2657 3588 quoniam
2703 3518 2843 3589 quod
2888 3527 2965 3574 est
3012 3518 3256 3586 honoris,
3304 3519 3497 3589 gloriae
3553 3525 3605 3573 et

1956 3605 2183 3660 virtutis
2228 3607 2346 3675 Dei,
2394 3614 2445 3661 et
2489 3608 2586 3677 qui
2632 3613 2711 3662 est
2754 3608 2870 3674 eius
2907 3609 3156 3678 spiritus,
3184 3623 3350 3679 super
3376 3624 3467 3663 vos
3511 3623 3598 3663 re-

1956 3695 2202 3764 quiescit.
2235 3695 2397 3749 Nemo
2445 3699 2625 3749 autem
2668 3704 2904 3751 vestrum
2946 3698 3195 3768 patiatur
3236 3698 3398 3769 quasi
3425 3696 3599 3752 homi-

1956 3783 2101 3851 cida,
2131 3791 2225 3837 aut
2252 3784 2373 3856 fur,
2406 3792 2503 3838 aut
2552 3784 2871 3851 maledicus,
2922 3794 3019 3841 aut
3045 3787 3357 3842 alienorum
3404 3786 3605 3857 appeti-

1955 3874 2059 3927 tor.
2094 3871 2155 3926 Si
2208 3880 2391 3927 autem
2437 3880 2497 3927 ut
2548 3871 2912 3945 Christianus,
2941 3892 3050 3929 non
3079 3874 3357 3930 erubescat
3387 3893 3405 3928 :
3432 3874 3605 3945 glori-

1956 3962 2079 4030 ﬁcet
2108 3968 2286 4015 autem
2338 3965 2513 4016 Deum
2541 3962 2600 4016 in
2644 3964 2750 4017 isto
2779 3965 3001 4018 nomine
3031 3982 3050 4018 :
3096 3964 3359 4033 quoniam
3397 3965 3607 4034 tempus

1956 4052 2035 4104 est
2074 4053 2135 4103 ut
2192 4050 2424 4121 incipiat
2472 4049 2751 4120 judicium
2803 4068 2838 4104 a
2888 4051 3047 4106 domo
3090 4052 3206 4107 Dei.
3265 4050 3327 4105 Si
3361 4060 3546 4106 autem
3575 4067 3611 4106 a

1957 4138 2113 4192 nobis
2143 4139 2391 4207 primum
2411 4157 2434 4203 ;
2462 4141 2585 4209 quis
2614 4138 2744 4208 ﬁnis
2773 4154 2965 4193 eorum
2994 4141 3092 4210 qui
3118 4155 3229 4194 non
3256 4138 3484 4194 credunt
3517 4139 3612 4194 Dei

1962 4228 2251 4295 Evangelio
2302 4229 2419 4282 ?Et
2466 4230 2516 4281 si
2572 4230 2669 4282 vix
2718 4229 2895 4294 iustus
2943 4228 3267 4295 salvabitur,
3318 4228 3521 4299 impius
3559 4235 3610 4283 et

1953 4319 2206 4385 peccator
2254 4316 2350 4371 ubi
2388 4316 2696 4387 parebunt?
2741 4318 2924 4388 Itaque
2968 4320 3019 4371 et
3074 4315 3133 4371 hi
3179 4319 3275 4388 qui
3310 4319 3612 4388 patiuntur

1955 4404 2254 4460 secundum
2285 4405 2617 4461 voluntatem
2640 4405 2756 4472 Dei,
2778 4404 2935 4476 ﬁdeli
2965 4403 3207 4461 Creatori
3233 4404 3610 4462 commendent

1895 4607 2035 4681 quod
2070 4609 2334 4681 ,Ecclesia
2366 4610 2512 4681 navi
2536 4613 2879 4681 comparetur
2902 4626 2925 4671 ;
2963 4613 3123 4681 atque
3170 4611 3238 4681 de
3264 4611 3476 4681 caeteris
3523 4608 3603 4681 ibi

270 4625 292 4641 ⁸
324 4625 399 4661 νε
428 4625 775 4676 ορρνεδδιοηε
804 4625 854 4658 ει
885 4625 1225 4658 ιασενιιηοπε
1254 4625 1698 4659 υηνιδιιαπονῑιτη
1721 4625 1743 4667 ,⁸
1790 4625 1840 4661 ει
1895 4625 2035 4678 quoa
2085 4625 2331 4664 bCClGSla
2377 4625 2507 4663 nam
2536 4625 2649 4664 00m

195 4678 424 4733 insertis
452 4678 722 4748 negotiis;
749 4674 1007 4729 omnibus
1035 4676 1309 4748 episcopis
1329 4676 1550 4748 scripta.
1581 4675 1665 4730 Ita
1704 4693 1816 4733 ms.
1848 4678 2215 4734 Collectionis
2265 4680 2468 4734 Isidori
2499 4679 2557 4733 in
2590 4625 2686 4734 big

2690 4680 2937 4752 liotbeca
2982 4679 3207 4752 collegii
3255 4679 3601 4752 Parisiensis

195 4748 329 4821 Sac.
356 4745 541 4821 ‘Jesu,
601 4763 659 4821 e_
686 4762 798 4816 quo
857 4749 997 4821 sunt
1052 4745 1134 4821 has
1192 4745 1484 4821 variantes
1512 4746 1810 4803 lectiones.
1864 4750 1886 4783 ³
1940 4754 1965 4803 I
2019 4754 2171 4806 Petr.
2230 4766 2271 4817 ι,
2302 4752 2419 4806 3-7.
2454 4750 2661 4806 ‘Rom.
2711 4768 2765 4821 v,
2799 4751 2852 4819 4,
2895 4752 2949 4805 5.
2987 4751 3009 4785 ⁵
3038 4745 3161 4807 ὗε.θῖ
3194 4767 3247 4817 v,
3278 4753 3333 4805 7.
3367 4750 3537 4816 Ibid.,
3566 4751 3602 4804 6

193 4820 213 4854 ⁷
245 4819 423 4890 Ibid.,
453 4818 542 4875 9-4
562 4823 609 4873 ι.
642 4818 662 4853 ⁸
690 4820 936 4873 vestros.
968 4818 989 4851 ⁸
1018 4817 1274 4873 notanda
1299 4834 1429 4872 vox.

299 5026 354 5093 1)
385 5023 500 5080 Has
529 5020 808 5095 epistolas
837 5038 953 5077 non
987 5023 1295 5095 aususqest
1345 5019 1732 5095 Bellarminus
1761 5021 1851 5077 in-
1882 5027 1925 5093 α
1964 5039 2031 5079 ex
2061 5022 2133 5078 iis
2177 5040 2302 5094 quia
2344 5024 2415 5079 de
2463 5039 2706 5080 numero
2764 5040 2830 5079 ac
2877 5022 3082 5095 ordine
3104 5021 3453 5095 pontificum
3492 5023 3606 5095 sibi

199 5090 502 5155 dubitatas
524 5090 839 5167 afﬁrmare,
862 5108 967 5149 nec
985 5096 1157 5167 negat
1175 5091 1236 5167 in
1257 5108 1355 5167 eas
1377 5090 1605 5167 aliquos
1628 5108 1852 5149 errores
1896 5090 1924 5093 ”
1963 5090 2415 5167 succedentium
2437 5095 2691 5151 diximus
2712 5111 2892 5167 supra
2912 5093 2971 5148 in
2994 5090 3147 5149 notis
3168 5094 3239 5149 ad
3258 5094 3452 5149 Vitam
3484 5093 3607 5151 Cle-

200 5167 534 5240 irrepsisse.
559 5165 824 5221 Eruditis
850 5180 984 5220 vero
1015 5162 1316 5219 catholicis
1347 5162 1619 5218 videntur
1644 5180 1851 5235 suppo~

200 5238 347 5297 sitae}
382 5238 589 5294 MANSI.

275 5310 358 5382 (2),
390 5309 653 5382 Epistola.
686 5305 1029 5382 Apacletum
1050 5305 1198 5382 duas
1211 5303 1849 5382 decretalesqepistolas,

204 5376 366 5439 omni
384 5376 673 5452 sapientia
689 5378 889 5451 plenas
907 5376 1657 5452 conscripsisse,_vetust_urn
1674 5378 1851 5452 quod-

205 5455 343 5509 dam
372 5446 669 5523 exémplar
684 5446 1176 5523 imanuscriptum
1209 5446 1366 5523 Libri
1398 5446 1738 5523 pontiﬁcalis
1762 5452 1851 5523 te-

206 5529 433 5595 statur:
461 5519 616 5595 quod
641 5521 741 5576 ubi
758 5521 949 5595 ‘sit,_e_t
978 5519 1133 5574 unde
1163 5522 1481 5595 acceptum
1498 5519 1691 5595 fuerit,
1723 5519 1852 5574 vide

204 5588 558 5652 Turriamim
591 5609 717 5665 cap.
750 5592 842 5659 20,
874 5589 975 5647 lib.
1022 5606 1076 5658 v,
1110 5588 1809 5665 contrajMagdeburgenses
1832 5609 1849 5644 .-

207 5684 240 5723 a
268 5660 907 5736 amatoribus-magna
954 5677 1087 5717 cum
1130 5660 1348 5731 injuria
1396 5661 1688 5736 redargui,
1721 5662 1849 5717 ideo

207 5738 362 5810 quod
391 5737 745 5796 Clementem
763 5731 1191 5793 ahtecessorem
1208 5748 1383 5790 suum
1405 5731 1851 5805 nominet,patet

1962 5166 2198 5221 mentis.
2234 5166 2361 5222 Sav.
2396 5166 2620 5222 Bmws.

2032 5237 2107 5306 (3)
2144 5238 2545 5292 Tribulationes
2590 5241 2799 5291 vestras
2849 5235 3180 5291 audivimus.
3230 5236 3376 5291 Nota
3405 5238 3611 5294 contra

1964 5309 2453 5390 novatores‘quod
2486 5307 2800 5390 anacletus
2831 5307 2902 5361 de
2932 5308 3107 5390 rebus
3130 5307 3347 5390 horum
3378 5311 3604 5390 tempo-

1962 5395 2113 5445 rum,
2172 5377 2337 5449 verbi
2389 5379 2594 5449 gratia,
2637 5379 2707 5433 de
2758 5377 3260 5449 persecutionibus
3317 5377 3606 5448 patienter

1961 5448 2222 5520 exemplo
2267 5448 2477 5504 Christi
2540 5450 2819 5521 ferendis,
2870 5448 3133 5521 scribat;
3194 5450 3455 5521 adeoque
3512 5449 3601 5504 his

1961 5520 2217 5591 epistola
2250 5521 2565 5576 decretales
2596 5520 2887 5591 immerito
2904 5520 3406 5591 reprehendantur
3427 5536 3493 5575 ac
3515 5537 3602 5577 re-

1951 5590 2255 5661 jiciantur,
2289 5592 2457 5664 quasi
2489 5592 2548 5646 in
2580 5591 2673 5646 his
2707 5590 2869 5646 nulla
2897 5590 3114 5646 mentio
3132 5592 3232 5647 fiat
3261 5608 3459 5648 rerum
3490 5591 3601 5649 hoc

1960 5667 2217 5735 tempore
2240 5667 2557 5734 gestarum.
2595 5664 2674 5717 In.
