4086 6342
487 463 602 528 ’791

1859 462 2251 527 ANACLETI
2295 462 2526 526 ΡΑΡΛΕ

3788 459 3909 525 792

497 604 718 659 animas
744 617 871 658 suas
904 600 961 657 in
996 599 1287 670 benefactis
1318 597 1380 655 ¹⁰.
1406 598 1576 671 Nam,
1607 602 1673 655 ut
1696 598 1776 654 ait
1795 599 2000 656 beatus
2014 598 2143 655 Cle-
2174 598 2225 665 Α
2257 598 2403 654 fecto
2436 602 2904 671 transgressores
2936 596 3083 672 legis
3115 596 3219 655 Dei
3248 598 3306 655 et
3333 598 3792 670 contemptores,
3823 601 3907 652 at-

510 708 678 748 mens
708 694 1041 746 antecessor
1070 692 1267 744 noster
1298 688 1584 755 “,similis
1614 693 1703 744 est
1728 689 1920 744 omnis
1949 688 2148 744 Eccle-

502 781 600 837 siae
633 784 818 835 status
852 779 983 832 navi
1016 795 1240 849 magna:
1296 795 1420 848 qua:
1452 794 1553 848 per
1584 778 1875 832 undosum
1907 777 2147 849 pelagus

502 867 747 923 diversis
797 884 827 921 e
883 866 1027 921 locis
1082 872 1137 921 et
1189 865 1526 937 regionibus
1573 866 1730 921 viros
1761 868 2044 937 portat”,
2075 866 2145 920 ad

502 972 680 1012 unam
732 956 983 1026 potentis
1037 954 1199 1026 regni
1234 955 1436 1009 urbem
1485 971 1793 1025 properare
1824 953 2143 1025 cupientes.

504 1045 592 1101 Sit
621 1060 757 1116 ergo
790 1044 953 1098 navis
984 1047 1185 1098 auctor
1216 1043 1415 1114 hujus,
1469 1044 1754 1098 Dominus
1803 1043 1929 1115 ipse
1962 1043 2149 1097 omni-

502 1138 708 1205 potens
742 1134 927 1188 Deus:
961 1134 1315 1205 gubernator
1364 1148 1495 1187 vero
1553 1131 1629 1185 sit
1684 1131 1986 1187 Christus:
2021 1137 2149 1187 tum

504 1221 715 1277 deinde
746 1225 988 1292 proretze
1015 1221 1273 1275 officium
1292 1219 1603 1291 epiSCOpus
1634 1219 1874 1291 impleat
1898 1220 2155 1292 :presby-

500 1308 611 1365 teri
655 1313 988 1377 nautarum,
1043 1308 1271 1363 diaconi
1321 1308 1792 1379 dispensatorem
1825 1308 2017 1364 locum
2067 1313 2152 1364 te-

504 1401 682 1453 neant
708 1415 721 1453 :
765 1397 825 1451 bi
858 1398 959 1469 qui
979 1397 1360 1461 catechizant,
1385 1395 1713 1469 nautologis
1743 1398 2150 1453 conferantur:

506 1486 755 1558 epibatis
809 1490 1027 1557 autem,
1080 1486 1261 1541 totius
1308 1484 1685 1540 fraternitatis
1732 1485 2045 1539 multitudo
2078 1485 2155 1540 sit

509 1574 745 1631 similis.
780 1579 983 1647 Ipsum
1016 1591 1249 1647 quoque
1271 1590 1430 1629 mare
1446 1573 1541 1629 hic
1570 1574 1828 1629 mundus
1849 1573 2151 1629 habeatur.

508 1666 832 1719 Ventorum
879 1680 1012 1719 vero
1058 1664 1366 1719 varietates
1410 1666 1467 1717 et
1531 1662 1853 1729 turbinum,
1910 1663 2155 1718 diversis

507 1752 936 1808 tentationibus
980 1753 1392 1807 conferantur:
1428 1750 1880 1823 persecutiones,
1910 1750 2155 1808 tribula-

510 1839 700 1896 tiones
732 1840 853 1895 sive
885 1840 1163 1912 pericula,
1202 1840 1475 1895 ﬂuctibus
1501 1845 1893 1910 exaequentur.
1917 1840 2155 1896 Terreui

2257 704 2369 758 que
2400 687 2798 743 inobedientes
2827 688 2957 758 ejus
2988 686 3290 759 praeceptis
3317 685 3629 741 exsistunt.
3663 685 3831 741 Unde
3853 690 3909 741 et

2257 775 2320 830 B.
2352 777 2605 831 Jacobus
2637 777 2936 848 apostolus
2966 777 3048 832 ait
3072 793 3084 831 :
3109 776 3171 831 Si
3197 776 3434 847 diligitis
3462 777 3750 846 proximos
3774 777 3911 829 sicut

2258 881 2347 919 vos
2376 867 2540 936 ipsos,
2583 866 2920 937 bene/acitis.
2964 866 3029 921 Si
3069 874 3255 921 autem
3317 881 3581 936 personas
3639 866 3913 935 accipitis,

2255 958 2533 1025 peccatum
2570 957 2901 1026 operamini,
2957 954 3240 1025 redarguti
3268 970 3304 1009 a
3364 954 3493 1024 lege.
3544 956 3710 1024 quasi
3739 957 3920 1009 trans-

2257 1058 2533 1113 gressores
2567 1043 2631 1109 ιε,
2675 1048 2782 1098 etc.
2817 1046 2885 1098 Et
2914 1044 3121 1098 beatus
3147 1043 3541 1114 praedecessor
3568 1046 3775 1097 noster
3794 1041 3917 1096 Cle-

2260 1147 2426 1186 mens
2449 1132 2535 1186 vir
2555 1132 2930 1203 apostolicus,
2948 1135 3004 1186 et
3031 1132 3244 1203 spiritu
3270 1131 3367 1186 Dei
3392 1131 3623 1202 plenus,
3646 1148 3770 1186 una
3784 1147 3916 1185 cum

2262 1219 2499 1289 reliquis
2556 1220 2773 1275 sanctis
2833 1219 3073 1293 collegis
3128 1219 3251 1275 suis
3311 1220 3535 1287 statuit,
3587 1218 3796 1275 dicens
3833 1220 3915 1273 ‘9:

2263 1308 2308 1343 2°
2318 1304 2646 1364 Accusandi
2660 1309 2745 1364 vel
2763 1308 3114 1365 testificandi
3128 1307 3362 1364 licentia
3376 1309 3697 1379 denegetur
3713 1308 3806 1364 bis
3819 1308 3920 1379 qui

2262 1395 2599 1452 Christianae
2634 1396 2930 1469 religionis
2962 1402 3019 1451 et
3047 1395 3303 1452 nominis
3335 1395 3707 1469 dignitatem,
3723 1402 3781 1451 et
3802 1413 3920 1451 suae

2263 1484 2407 1557 legis
2434 1485 2522 1541 vel
2550 1486 2641 1541 sui
2671 1485 2951 1557 propositi
2974 1502 3264 1555 normam,
3296 1488 3398 1539 aut
3422 1484 3772 1557 regulariter
3794 1501 3923 1556 pro-

2265 1573 2447 1629 hibita
2475 1573 2856 1647 neglexerint.
2875 1575 3361 1645 Transgressores
3378 1574 3535 1629 enim
3554 1573 3922 1646 spontelegis

2264 1678 2402 1730 suis,
2455 1663 2699 1734 ejusque
2752 1663 3061 1720 violatores
3110 1666 3166 1718 et
3222 1663 3592 1733 recedentes,
3639 1667 3920 1734 apostataz

2264 1750 2664 1807 nominantur.
2713 1751 2915 1807 Omnis
2948 1751 3104 1807 enim
3137 1755 3405 1823 apostata
3452 1751 3804 1808 refutandus
3832 1756 3923 1807 est

2265 1844 2399 1894 ante
2436 1839 2823 1895 reversionem
2856 1856 3044 1910 suam,
3086 1855 3203 1895 non
3251 1838 3311 1893 in
3356 1839 3730 1895 accusatione
3773 1844 3926 1894 recte

512 1928 2158 2000 verospiritus,quiveldetorrentibus,ve1deconvallibus
2190 1958 2238 2024 B
2269 1928 2589 2000 agentium,
2623 1932 2726 1984 aut
2770 1927 3108 1984 testimonio
3157 1926 3606 1998 suscipiendus;
3656 1928 3804 2000 quia
3841 1928 3929 1982 vir

515 2018 764 2089 spirant,
781 2016 1426 2088 pseudopropbstarum
1440 2020 1497 2071 et
1508 2016 2013 2087 seductorum,seu
2028 2034 2163 2089 pra-

512 2123 594 2162 vae
608 2105 885 2162 doctrinae
897 2105 1074 2161 verba
1085 2105 2010 2161 doceantur”.Promontoriavero
2023 2105 2168 2161 etlo-

513 2211 577 2250 ca
590 2194 1020 2266 confragosa,bi
1036 2194 1135 2266 qui
1156 2194 1216 2249 in
1240 2193 1631 2266 potestatibus
1651 2192 1845 2249 saeculi
1863 2194 2166 2266 suntjudi-

513 2282 807 2354 ces,etqui
826 2281 1482 2354 periculaminanturac
1511 2282 2089 2338 mortes.Ditha1assa
2120 2285 2165 2319 ¹⁴

514 2387 650 2426 vero
679 2370 831 2438 loca,
865 2388 991 2443 quis
1050 2370 1383 2443 duplicibus
1441 2371 1611 2425 undae
1660 2370 1880 2426 fallacis
1929 2371 2166 2428 testibus

514 2460 916 2524 verberantur,
968 2460 1161 2515 dubiis
1206 2464 1418 2529 mente,
1451 2464 1507 2514 et
1538 2461 1607 2514 de
1641 2460 2164 2531 repromissionum

511 2548 753 2605 veritate
785 2548 1153 2615 nutantibus,
1207 2550 1601 2613 conferantur,
1633 2552 1810 2619 atque
1841 2549 1930 2605 bis
1962 2550 2060 2620 qui
2091 2550 2163 2604 ir-

518 2636 851 2693 rationabili
882 2638 1054 2693 ﬁdem
1089 2642 1349 2693 nostram
1382 2638 1603 2692 ratione
1626 2637 2164 2710 discutiunt.Hypo-

520 2726 675 2782 critae
704 2743 837 2781 vero
862 2730 918 2781 et
945 2725 1154 2796 dolosi,
1187 2726 1396 2797 piratis
1422 2726 1651 2782 simites
1680 2726 2164 2782 habeantur.Jam

518 2831 655 2870 vero
678 2814 921 2886 rapidus
950 2819 1169 2883 vortex,
1201 2819 1258 2869 et
1286 2818 1537 2870 tartarea
1565 2814 1903 2886 Charybdis,
1926 2820 1982 2871 et
2011 2815 2166 2871 saxis

519 2903 675 2959 illisa
722 2903 1049 2975 naufragia,
1097 2920 1163 2958 ac
1194 2902 1502 2959 mortifera:
1534 2902 1993 2972 submersiones,
2025 2905 2165 2976 quid

524 2991 683 3047 aliud
723 2992 1068 3047 aestimanda
1110 2995 1449 3063 sunt,quam
1466 2994 1701 3063 peccata
1718 2992 1948 3047 ‘lRestat
1968 2993 2166 3064 igitur,

525 3084 592 3136 ut
626 3080 742 3136 haec
785 3080 952 3136 navis
1001 3097 1177 3136 cursu
1216 3097 1491 3152 prospero
1524 3084 1650 3135 tuta
1699 3080 1886 3152 possit
1932 3086 2164 3152 portum

522 3168 861 3225 desideratas
892 3169 1054 3225 urbis
1092 3169 1332 3237 intrare,
1364 3169 1448 3224 ita
1508 3170 1615 3224 Deo
1668 3185 1897 3241 precem
1926 3170 2167 3226 fundere

523 3258 890 3331 navigantes,
924 3262 990 3313 ut
1018 3261 1355 3314 mereantur
1384 3257 1595 3314 audiri.

1326 3428 1368 3481 Ι.

872 3551 947 3605 De
977 3548 1050 3605 iis
1078 3553 1176 3621 qui
1203 3551 1506 3606 sacerdotes
1534 3553 1812 3605 accusant.

591 3699 905 3765 Audimus,
949 3700 1177 3767 fratres,
1227 3701 1382 3770 quod
1431 3700 1668 3772 quidam
1722 3700 2056 3769 detrahunt,
2109 3705 2167 3757 et

517 3792 799 3846 accusant
828 3788 1159 3845 sacerdotes
1184 3788 1300 3856 Dei,
1321 3789 1619 3860 cupientes
1636 3805 1734 3845 eos
1757 3789 2164 3861 damnari,non

516 3877 909 3950 intelligentes
938 3877 1205 3948 forsitan,
1255 3878 1411 3947 quod
1442 3872 1661 3948 injuria
1690 3878 2058 3933 sacerdotum
2092 3880 2164 3934 ad

515 3966 809 4023 Christum
842 3966 1114 4039 pertinet,
1164 3966 1335 4037 cujus
1365 3966 1485 4021 vice
1536 3967 1882 4038 funguntur.
1913 3966 2028 4023 Nec
2057 3967 2166 4025 hoc

516 4055 831 4127 aspiciunt,
883 4055 1040 4127 quod
1090 4055 1152 4109 Β.
1185 4058 1394 4111 Petrus
1424 4054 1697 4126 princeps
1742 4054 2162 4126 apostolorum,

511 4143 835 4200 instructor
866 4148 1085 4210 noster,
1117 4145 1198 4200 ait
1230 4162 1243 4200 :
1277 4146 1606 4216 Deponentes
1627 4144 1797 4214 igitur
1822 4160 2035 4199 omnem
2053 4162 2164 4200 ma-

515 4234 715 4303 litiam,
746 4238 798 4288 et
825 4249 1040 4288 omnem
1069 4233 1274 4300 dolum,
1296 4238 1348 4288 et
1382 4232 1780 4297 simulationes,
1810 4237 1863 4287 et
1891 4234 2161 4299 invidias,

513 4326 568 4377 et
600 4336 781 4376 omnes
810 4321 1191 4390 detractiones,
1226 4325 1367 4377 sicut
1396 4321 1548 4379 modo
1575 4323 1744 4392 geniti
1772 4322 2037 4393 infantes,
2069 4339 2163 4378 ra-

512 4410 784 4466 tionabile
814 4411 1004 4478 “,sine
1031 4410 1155 4465 dolo
1177 4411 1263 4465 lac
1281 4412 1727 4482 concupiscite,ut
1753 4412 1813 4464 in
1832 4426 1892 4466 eo
1906 4415 2161 4467 crescatis

509 4500 572 4554 in
592 4499 830 4554 salutem
854 4498 917 4552 ιθ.
937 4502 1003 4553 Et
1023 4499 1308 4554 Dominus
1330 4515 1432 4570 per
1452 4498 1797 4570 Prophetam
1820 4498 2029 4569 inquit:
2057 4502 2163 4568 Qui

505 4587 623 4643 vult
652 4590 826 4645 vitam
873 4587 1131 4656 diligere,
1181 4597 1231 4643 et
1271 4587 1460 4643 videre
1513 4587 1626 4642 dies
1687 4586 1866 4654 bonos,
1922 4598 2162 4644 coerceat

2275 2017 2489 2089 duplex
2517 2017 2736 2083 animo,
2763 2017 3103 2072 inconstans
3124 2020 3215 2071 est
3242 2015 3303 2070 in
3328 2015 3607 2071 omnibus
3636 2015 3751 2072 viis
3781 2016 3931 2072 suis.

2277 2107 2593 2177 Quicunque
2620 2110 2831 2173 autem,
2862 2110 2928 2160 ut
2967 2105 3049 2161 ait
3078 2104 3380 2177 apostolus
3430 2104 3707 2172 Jacobus,
3762 2110 3933 2161 totam

2275 2196 2449 2264 legem
2475 2197 2797 2262 servaverit,
2828 2195 3124 2267 oﬂenderit
3152 2203 3345 2251 autem
3394 2195 3454 2249 in
3484 2209 3613 2260 uno,
3637 2193 3827 2267 factus
3855 2199 3935 2251 est

2274 2300 2399 2339 reus
2448 2286 2716 2340 omnium.
2771 2284 2877 2352 Qui
2922 2286 3072 2339 enim
3128 2283 3314 2338 dixit:
3363 2284 3481 2339 Non
3523 2284 3931 2352 masc/moeris;

2272 2373 2417 2428 dixit
2470 2378 2570 2432 et:
2628 2374 2745 2428 Non
2795 2373 3022 2428 occides.
3088 2372 3237 2440 Quod
3292 2374 3344 2427 si
3396 2388 3507 2427 non
3544 2372 3930 2443 mwchabcris,

2273 2462 2486 2517 occidas
2515 2470 2715 2529 autem,
2749 2464 2930 2532 factus
2960 2478 3014 2516 es
3032 2470 3412 2532 transgressor
3441 2461 3592 2531 legis.
3626 2462 3720 2517 Sic
3750 2463 3932 2534 loqui-

2274 2552 2438 2621 mini,
2473 2555 2521 2605 et
2551 2553 2632 2606 sic
2659 2553 2844 2621 facile,
2901 2553 3049 2607 sicut
3090 2568 3193 2621 per
3249 2552 3423 2620 legem
3475 2551 3754 2606 libertatis
3785 2553 3935 2606 inci—

2268 2641 2475 2711 pientes
2512 2640 2781 2711 judicari.
2842 2640 3118 2697 Iudicium
3176 2641 3325 2695 enim
3375 2641 3495 2694 sine
3541 2641 3937 2696 misericordia

2272 2728 2363 2797 ﬁet
2396 2730 2505 2799 illi,
2560 2730 2657 2801 qui
2713 2744 2822 2783 non
2877 2730 3010 2798 fecit
3038 2728 3503 2784 misericordiam.
3537 2727 3939 2800 Superescaltat

2273 2826 2455 2873 autem
2510 2817 2899 2873 misericordia
2919 2817 3197 2887 judicium
3245 2818 3313 2870 “.
3374 2817 3439 2871 Et
3473 2817 3755 2872 Dominus
3794 2818 3886 2873 ait
3920 2836 3934 2873 :

2273 2907 2409 2962 Nolo
2440 2910 2671 2961 mortem
2705 2908 3029 2977 peccatoris,
3055 2905 3145 2960 sed
3168 2908 3229 2959 ut
3243 2909 3673 2976 convertatur,et
3705 2908 3937 2962 vivat”-

2274 2998 2341 3049 Et
2371 2994 2557 3050 multa
2577 2993 2735 3061 talia,
2761 2993 3093 3065 horumque
3112 2993 3350 3049 similia.
3373 2995 3539 3050 Nemo
3557 2995 3941 3067 cnim,inquit

2273 3081 2605 3156 Apostolus,
2647 3086 2898 3137 nostrum
2939 3082 3049 3137 sibi
3085 3084 3233 3149 vivit,
3267 3086 3320 3137 et
3347 3098 3507 3138 nemo
3535 3083 3647 3138 sibi
3669 3087 3937 3139 moritur.

2273 3173 2400 3229 Sive
2427 3187 2552 3243 ergo
2584 3173 2835 3239 vivimus,
2876 3170 2992 3226 sive
3035 3173 3331 3237 morimur,
3363 3172 3591 3227 Domini
3617 3188 3831 3227 sumus.
3870 3176 3943 3228 In

2277 3262 2375 3317 hoc
2404 3263 2551 3317 cnim
2582 3260 2827 3315 Christus
2864 3263 3115 3315 mortuus
3143 3264 3242 3331 est,
3296 3264 3348 3315 et
3376 3260 3597 3326 revixit,
3644 3264 3707 3315 ut
3761 3266 3816 3316 et
3847 3263 3909 3317 vi
3915 3294 3942 3304 -

2198 3320 2241 3387 Ο
2278 3367 2472 3407 verum
2500 3358 2551 3405 et
2598 3351 2939 3404 mortuorum
2966 3320 3302 3405 dominetur.
3336 3350 3409 3404 Tu
3458 3320 3641 3405 autem
3671 3350 3807 3421 quid
3834 3353 3939 3423 ju-

2277 3439 2426 3494 dicas
2480 3440 2711 3510 fratrem
2757 3444 2915 3492 tuum
2941 3440 2967 3490 ?
2994 3442 3096 3492 aut
3139 3445 3199 3492 tu
3246 3454 3417 3508 quare
3455 3440 3668 3509 spernis
3695 3440 3941 3509 fratrem

2276 3530 2477 3583 tuum?
2507 3527 2704 3583 Omnes
2731 3528 2881 3582 enim
2934 3526 3210 3581 stabimus
3258 3533 3388 3581 ante
3426 3526 3677 3581 tribunal
3733 3532 3843 3583 De:
3864 3529 3939 3585 ³³.

2278 3616 2574 3688 Scriptum
2603 3620 2694 3672 est
2722 3614 2878 3671 enim
2913 3632 2927 3671 :
2965 3616 3087 3671 Vivo
3135 3630 3249 3687 ego,
3296 3614 3427 3670 dicit
3465 3618 3762 3685 Dominus,
3794 3633 3937 3689 quo-

2273 3707 2430 3760 niam
2450 3703 2593 3759 mihi
2620 3706 2865 3769 [lectetur
2893 3719 3052 3759 omne
3080 3718 3244 3771 genu,
3276 3707 3326 3759 et
3354 3706 3532 3760 omnis
3563 3704 3757 3776 lingua
3789 3722 3935 3761 con-

2271 3794 2516 3866 ﬁtebitur
2562 3793 2687 3847 Deo.
2733 3793 2920 3864 Itaque
2948 3792 3320 3863 unusquisque
3347 3800 3597 3847 nostrum
3624 3810 3727 3864 pro
3756 3810 3813 3850 se
3843 3812 3938 3850 ra-

2272 3884 2482 3937 tionem
2529 3880 2712 3936 reddet
2766 3882 2889 3936 Deo.
2943 3881 3058 3935 Non
3089 3896 3216 3948 ergo
3252 3880 3491 3952 amplius
3521 3882 3759 3937 invicem
3785 3884 3937 3949 iudi-

2272 3986 2472 4041 cemus,
2521 3969 2615 4024 sed
2663 3968 2761 4024 hoc
2780 3968 3028 4040 judicate
3053 3969 3246 4040 magis,
3277 3985 3346 4024 ne
3369 3972 3593 4040 ponatis
3620 3971 3936 4042 oﬂendicu-

2275 4059 2390 4113 lum
2435 4058 2611 4127 fratri
2638 4059 2720 4111 vel
2760 4056 3102 4111 scandalum
3159 4057 3222 4110 ²⁶.
3274 4057 3506 4113 Scimus
3555 4058 3735 4130 enim,
3796 4060 3935 4131 quia

2274 4145 2527 4201 multum
2555 4146 2601 4180 2⁵
2639 4145 2934 4216 derogatio
2983 4144 3277 4216 praevalet,
3328 4147 3566 4217 quando
3612 4148 3933 4219 derogator

2273 4234 2531 4290 creditur
2556 4234 2670 4289 ﬁde
2699 4233 2934 4305 dignus.
2967 4234 3119 4303 Ideo,
3147 4234 3377 4300 fratres,
3409 4235 3586 4291 variis
3613 4235 3931 4291 detractio-

2273 4324 2447 4379 nibus
2479 4326 2537 4377 et
2586 4321 3063 4377 accusationibus
3094 4339 3209 4377 non
3241 4327 3468 4395 oportet
3513 4324 3557 4358 ²⁶
3585 4322 3930 4380 labefactari

2263 4413 2496 4484 judices
2525 4415 2581 4467 et
2610 4410 2890 4482 primates
2918 4408 3186 4465 Ecclesia
3218 4410 3315 4483 (4),
3350 4412 3450 4467 sed
3470 4412 3657 4484 magis
3686 4417 3931 4484 aposto-

2270 4501 2456 4556 lorum
2481 4502 2535 4554 et
2565 4500 2867 4554 doctorum
2890 4497 3109 4570 regulis
3128 4498 3427 4554 informari
3450 4500 3528 4571 (5)
3548 4517 3614 4555 ac
3635 4500 3925 4557 roborari.

2268 4589 2431 4644 Unde
2455 4590 2683 4659 justum
2715 4591 2822 4657 est,
2882 4603 3086 4643 omnes
3114 4587 3173 4641 in
3218 4588 3489 4643 universo
3520 4588 3925 4645 Romanorum

508 4676 766 4750 linguam
813 4692 974 4731 suam
1021 4692 1056 4731 a
1100 4676 1265 4743 malo,
1308 4680 1359 4732 et
1407 4676 1556 4731 labia
1597 4676 1710 4744 ejus
1754 4691 1827 4729 ne
1856 4676 2157 4747 loquantur
2187 4683 2234 4747 D
2267 4678 2405 4733 orbe
2435 4678 2700 4732 doctores
2727 4675 2895 4748 legis,
2933 4692 3001 4731 ea
3031 4692 3159 4747 quae
3199 4675 3346 4749 legis
3374 4681 3513 4732 sunt
3533 4681 3687 4733 recte
3717 4694 3927 4749 sapere

501 4764 688 4821 dolum
716 4767 780 4834 ιτ,
810 4769 923 4821 etc.
956 4764 1066 4828 Qui
1095 4768 1290 4821 autem
1322 4764 1434 4820 ista
1460 4763 1988 4835 transgrediuntur,
2021 4782 2149 4836 pro-

2256 4773 2314 4824 et
2344 4765 2593 4838 operari,
2641 4769 2698 4820 et
2724 4781 2839 4819 non
2878 4764 3112 4837 regulas
3142 4765 3441 4821 nascentis
3468 4764 3742 4822 Ecclesiae
3766 4783 3925 4823 eon-

577 4963 673 5045 ¹⁰,Ι
731 4966 884 5066 Ρθιιι.
923 4980 1009 5066 A1v,
1062 4962 1247 5066 12:19.
1284 4966 1327 4999 ¹¹
1358 4961 1757 5066 .In‘episatollqd
1816 4965 1885 5066 ad
1942 4965 2250 5066 Jaqobum.
2315 4968 2360 5003 ¹²
2416 4964 2593 5066 verba
2645 4968 2784 5066 euq:
2836 4961 3168 5066 int’erpretis
3226 4960 3438 5066 ﬁuﬁni,
3488 4961 3921 5066 qui'treqqptis

582 5051 670 5066 ,ηε
722 5051 824 5066 ηηο
965 5051 1126 5066 mu...
1160 5051 1255 5066 ,πη
1317 5051 1425 5066 ων.
1691 5052 1910 5066 .,.........
2042 5052 2183 5066 .......
2218 5054 2285 5066 ....
2377 5052 2535 5066 MM...
2568 5052 2635 5066 ....
2874 5051 2889 5066 .
2956 5049 3133 5066 ηηηη
3326 5048 3417 5066 τηρ
3514 5047 3731 5066 Mm...
3824 5049 3878 5066 ρ.

499 5034 672 5089 annis
722 5039 855 5105 post
912 5034 1259 5090 Anacletum
1317 5034 1457 5089 vixit
1478 5034 1507 5090 ξ
1554 5036 1598 5069 ⁸³
1653 5035 1946 5100 dicantur,
2004 5036 2158 5092 duca:

501 5106 544 5141 1⁸
574 5110 597 5159 Ι
629 5106 780 5161 Petr.
817 5124 879 5172 ιι,
913 5107 967 5173 4,
999 5108 1051 5162 2.
1106 5108 1148 5141 ¹⁷
1196 5104 1349 5160 Psal.
1399 5107 1723 5178 xxxm,r13,
1766 5108 1849 5161 14.
1906 5108 1948 5144 ³⁸
1992 5108 2113 5163 Jac.
2148 5126 2158 5162 ι

2270 5054 2285 5073 η
2312 5080 2326 5105 ,
2376 5040 2635 5092 vocentur
2663 5076 2676 5091 .
2739 5035 2783 5070 “
2840 5034 3136 5089 bithalassa
3162 5075 3174 5086 .
3226 5034 3271 5068 ¹⁵
3326 5048 3419 5087 ms
3440 5073 3453 5086 .
3513 5034 3878 5090 rationabiles
3909 5077 3922 5089 .

2270 5114 2299 5178 ι,
2332 5108 2385 5162 9.
2417 5109 2462 5143 ¹⁹
2492 5112 2556 5160 In
2591 5106 2762 5177 epist.
2797 5122 2904 5178 sua
2959 5110 3001 5174 1,
3026 5105 3097 5159 ad
3126 5103 3414 5178 Jacobum
3446 5103 3881 5178 sententialiter
3909 5125 3921 5173 ;

500 5193 583 5246 ιιι,
618 5192 672 5246 q.
709 5179 760 5245 4,
816 5183 1019 5233 Beatus
1064 5180 1450 5249 pradecessor.
1507 5175 1671 5231 Et'in
1731 5182 1894 5233 Decr.
1948 5178 2064 5242 Ivo,
2120 5178 2221 5233 lib.
2278 5175 2352 5233 iv.
2413 5180 2458 5214 ²⁰
2504 5175 2767 5232 Anianus
2798 5175 2899 5257 lib.
2951 5190 3062 5257 ιςνι,
3095 5179 3282 5257 const.
3329 5176 3381 5243 1,
3431 5175 3521 5230 tit.
3551 5176 3608 5228 7.
3640 5175 3687 5209 ²¹
3717 5175 3826 5231 Jac
3858 5194 3921 5244 ιι,

499 5247 683 5302 10-13.
720 5250 766 5283 ²²
796 5250 1001 5305 Ezech.
1036 5267 1197 5305 xvm.
1232 5250 1322 5304 32.
1382 5249 1426 5283 ²³
1456 5249 1625 5305 Rom.
1683 5265 1797 5305 xw.
1854 5250 2003 5305 7-10.
2061 5250 2105 5283 ²⁴
2160 5250 2334 5305 lbid..
2389 5250 2577 5305 11-13-
2632 5250 2676 5283 ³⁵
2727 5249 3053 5305 Trinartitaa
3109 5245 3247 5302 bist.
3304 5263 3388 5305 ιιι.
3447 5247 3502 5305 8.
3563 5245 3683 5301 hac
3740 5248 3923 5303 verba

499 5264 683 5302 iu-w.
796 5264 1001 5305 nzecn.
1036 5267 1197 5317 xvm,
1232 5264 1322 5304 ὄις.
1383 5264 1426 5283 ιο
1456 5264 1625 5305 nom.
1683 5265 1797 5320 xw,
1855 5264 2003 5305 'l-IU.
2062 5264 2105 5283 ιο
2160 5264 2335 5321 ιοια.,
2389 5264 2577 5305 ιι-ιδ·
2632 5264 2676 5283 τ’
2727 5264 3053 5319 ϊιιιραιιιιω
3109 5264 3247 5302 ιιιειι.
3304 5264 3388 5313 ιιι,
3447 5264 3502 5313 cs,
3563 5264 3683 5301 nise
3740 5264 3920 5303 verba

493 5317 673 5404 leges.
712 5319 865 5375 Felix
895 5338 956 5387 ιι,
989 5321 1156 5404 epist.
1196 5322 1245 5389 1,
1281 5320 1483 5376 eadem
1512 5324 1775 5392 usurpat.
1811 5319 1857 5355 ²⁶
1886 5320 2173 5377 Damasus
2204 5338 2295 5393 ep.
2329 5322 2401 5377 ad
2434 5321 2740 5394 episcopos
2764 5318 2997 5391 Illyrici,
3031 5318 3184 5390 apud
3218 5316 3439 5372 Theod.
3465 5320 3522 5373 et
3548 5317 3677 5374 Soz.
3696 5318 3920 5392 scripta

495 5405 561 5445 ex
589 5393 851 5447 Romano
874 5392 1141 5448 concilio.

565 5584 642 5660 (lii
670 5586 1115 5660 Accusationibus
1140 5604 1249 5660 non
1282 5593 1490 5659 oportet
1529 5590 1855 5660 labefactari
1882 5590 2150 5659 primates

493 5657 771 5731 Ecclrsia'.
806 5658 955 5731 Vide,
975 5676 1099 5729 quae
1131 5657 1380 5715 dicimus
1414 5659 1469 5714 in
1490 5657 1743 5716 notis'ad
1773 5657 1980 5715 canon.
2010 5677 2151 5731 apo-

492 5726 625 5784 stol.
660 5730 746 5783 74.
780 5732 905 5784 Ssv.
931 5726 1157 5785 Bimus.

2330 5588 2408 5661 (5)
2439 5588 2808 5661 Apostolorum
2840 5586 3409 5661 regulisinforsnari.
3459 5590 3721 5641 Canones
3768 5601 3913 5658 apo-

2260 5655 2568 5729 stolorum,
2592 5660 2682 5728 54,
2713 5659 2782 5713 73
2811 5661 2868 5713 et
2894 5655 2964 5711 74
2994 5655 3285 5728 intelligit.
3320 5660 3403 5711 In.
