4036 6344
232 394 358 460 ’193

1736 362 2166 463 EPISTOLJE.

3516 395 3639 462 794

232 529 503 598 fundere,
554 530 655 586 aut
698 529 897 597 fidem,
946 532 1047 588 aut
1107 529 1429 588 doctrinam
1483 528 1878 605 specttdorum
1910 536 1962 601 Α
1996 531 2207 589 vinitas
2236 528 2526 590 immensa
2552 529 2618 603 3°,
2649 529 3014 607 tempestatis
3044 530 3266 589 incerta
3288 530 3440 589 bono
3474 546 3631 588 sere-

233 618 421 674 variis
452 619 744 675 maculare
774 620 1079 689 doctrinis,
1123 638 1226 677 nec
1277 622 1482 678 fratres
1512 622 1787 677 infestare
1819 623 1885 677 ³⁷.

234 708 283 743 ³⁸
317 707 376 762 Si
408 715 605 763 autem
638 710 837 764 omnia
861 710 918 764 in
949 710 1057 765 hoc
1096 710 1307 766 saeculo
1354 711 1644 766 vindicata
1692 716 1889 767 essent

238 796 436 852 locum
470 797 665 852 divina
688 798 912 869 judicia
942 816 1055 854 non
1098 800 1399 855 haberent.
1433 801 1477 834 ’9
1505 799 1889 871 Supervacuis

240 885 403 941 enim
434 887 504 941 ad
557 886 842 942 beneﬁcia
898 889 1125 944 laborat
1176 888 1514 961 impendiis,
1574 889 1671 959 qui
1705 888 1887 943 solem

239 979 429 1030 certat
459 976 681 1032 facivus
712 977 1007 1048 adjuvare.
1046 979 1173 1033 Ideo
1233 978 1282 1032 si
1334 978 1549 1048 aliquis
1598 982 1788 1050 putat,
1828 993 1888 1032 se

238 1066 360 1118 Deo
392 1062 451 1117 in
485 1063 594 1118 hoc
626 1063 877 1135 placere,
914 1067 1067 1137 quod
1100 1083 1295 1122 servos
1348 1084 1486 1122 suos
1518 1071 1755 1122 accusat
1788 1084 1801 1134 ;
1834 1069 1890 1121 et

240 1156 314 1207 ut
357 1151 630 1209 meliores
681 1154 845 1219 ﬁant,
888 1154 1030 1209 dicit
1069 1172 1131 1209 se
1178 1154 1289 1209 hoc
1341 1171 1548 1227 agere;
1584 1155 1643 1209 in
1674 1172 1889 1209 vanum

238 1239 494 1307 laborat,
524 1246 580 1296 et
608 1240 742 1311 plus
799 1241 1027 1297 invidiae
1084 1243 1343 1299 stimulis
1401 1244 1676 1315 agitatur,
1711 1260 1887 1315 quam

240 1328 551 1384 charitatis
583 1347 597 1385 ε
634 1330 912 1401 quoniam
962 1332 1161 1403 gratias
1210 1331 1509 1403 plenitudo
1568 1332 1889 1403 adjectione

240 1433 362 1472 non
395 1417 639 1488 indiget,
676 1435 779 1473 nec
812 1418 933 1475 ulla
962 1420 1205 1491 requirit
1236 1421 1760 1476 commendationis
1791 1438 1888 1477 au-

240 1512 505 1577 gmenta.
539 1508 584 1541 ³⁰
614 1508 799 1579 Erigit
829 1524 965 1580 ergo
995 1510 1261 1565 doctores
1287 1510 1646 1565 conscientia
1676 1528 1801 1578 sua,
1833 1514 1890 1565 et

241 1594 295 1651 si
329 1596 562 1666 quando
593 1595 835 1653 incertis
865 1602 1196 1669 temporum
1248 1599 1483 1654 flatibus
1514 1602 1890 1671 opponuntur

240 1685 544 1740 sustinent
574 1685 883 1757 mala,qua3
908 1686 1136 1743 saeculis
1160 1687 1346 1759 magis
1378 1692 1516 1742 sunt
1545 1689 1889 1743 ascribenda

241 1790 424 1846 quam
456 1774 697 1829 meritis.
733 1776 775 1810 ³ί
808 1776 1016 1830 Datam
1050 1776 1206 1830 enim
1233 1775 1453 1831 scimus
1484 1780 1705 1831 Satanaa
1734 1781 1888 1848 pote-

246 1866 487 1961 etatem,
530 1867 596 1917 ut
652 1880 850 1961 servos
908 1864 1121 1967 Christi
1178 1864 1458 1920 cribraret
1489 1881 1502 1919 :
1534 1870 1600 1919 ut
1631 1866 1784 1936 quod
1816 1866 1886 1920 de
1918 1904 1965 1967 Β

241 1951 441 2007 tritico
473 1951 720 2007 inveniri
751 1952 1197 2024 posset,horreis
1218 1953 1613 2025 ingereretur:
1648 1958 1705 2009 et
1734 1955 1887 2025 quod

242 2041 320 2096 de
348 2039 633 2112 paleis,ad
665 2041 892 2114 ignium
924 2041 1203 2098 alimenta
1218 2043 1603 2099 transiret.Ad
1635 2060 1737 2100 vos
1757 2061 1887 2115 spe-

238 2128 467 2185 cialiter
513 2129 734 2185 dictum
784 2134 872 2186 est
917 2148 929 2186 :
980 2131 1156 2187 Nolite
1205 2132 1398 2187 timere
1442 2132 1681 2203 pusillus
1754 2149 1890 2202 grex

236 2219 377 2290 quia
405 2218 733 2289 complacuit
762 2220 921 2273 Patri
948 2227 1119 2274 vestro
1176 2219 1307 2275 dari
1360 2221 1506 2275 vobis
1556 2237 1786 2292 regnum
1818 2222 1884 2276 ³³.

236 2306 414 2361 Venit
444 2306 596 2361 inter
646 2323 747 2361 vos
804 2306 1038 2379 gladius
1083 2309 1463 2378 perfidorum,
1512 2313 1575 2363 ut
1630 2309 1888 2365 marcida

240 2394 513 2450 Ecclesiae
546 2396 811 2451 membra
832 2400 1200 2465 resecaret,et
1218 2398 1287 2452 ad
1316 2396 1609 2453 coelestern
1640 2397 1887 2469 gloriam

236 2500 387 2539 sana
410 2484 769 2555 perduceret.
795 2485 948 2548 Quos
965 2485 1178 2541 habeat
1207 2485 1473 2541 Christus
1501 2486 1739 2553 milites,
1773 2504 1888 2543 cer-

236 2576 436 2627 tamen
491 2574 751 2628 ostendit
788 2591 801 2629 :
832 2575 932 2644 qui
978 2575 1345 2646 triumphum
1399 2581 1751 2645 mereantur,
1785 2594 1888 2649 per

237 2657 395 2715 bella
425 2666 859 2732 cognoscuntur
888 2662 951 2715 ³³.
986 2661 1216 2718 Scimus
1247 2668 1443 2718 autem
1478 2664 1693 2719 multos
1723 2666 1795 2720 ob
1826 2664 1883 2720 id

242 2748 521 2804 infestare
550 2750 835 2817 doctores,
870 2755 934 2804 ut
966 2767 1063 2806 eos
1093 2753 1359 2822 perdant,
1394 2757 1451 2807 et
1510 2753 1753 2824 propriae
1784 2770 1882 2808 vo-

242 2836 490 2892 luntatis
516 2837 730 2910 placita
761 2838 1138 2910 adimpleant.
1170 2840 1296 2895 Non
1355 2844 1657 2912 propterea
1688 2847 1883 2898 tamen

240 2927 510 2982 doctores
537 2926 621 2992 (in
644 2932 930 2999 quantum
953 2928 1103 2983 vires
1127 2930 1683 3001 suppetunt)arecta
1712 2948 1886 2987 amu-

242 3013 461 3069 latione
489 3022 544 3069 et
574 3015 1066 3071 bonaintentione
1085 3018 1348 3072 recedere
1379 3018 1882 3087 debent,scientes,

230 3104 374 3176 quia
404 3104 551 3159 beati
579 3106 680 3174 qui
702 3107 1133 3176 persecutionem
1154 3108 1447 3176 patiuntur
1468 3112 1690 3179 propter
1709 3110 1886 3180 justi-

242 3194 384 3248 tiam
412 3193 477 3246 3‘.
513 3194 558 3228 ³⁵
588 3193 742 3248 Nihil
774 3198 970 3249 autem
1004 3193 1101 3249 illo
1155 3200 1243 3250 est
1293 3200 1527 3267 pastore
1586 3197 1881 3267 miserius,

1998 622 2199 677 uitatis
2228 639 2509 678 amovere.
2543 623 2608 677 Et
2633 622 2773 694 quid
2804 620 2983 690 aliud,
3015 621 3064 677 si
3103 620 3369 677 Christus
3417 637 3629 692 passus

1996 713 2084 765 est
2141 728 2241 781 pro
2291 711 2479 778 nobis,
2540 711 2707 765 nobis
2774 709 3110 782 relinquens
3158 707 3518 782 exemplum,
3572 713 3629 765 et

2000 798 2247 869 apostoli
2280 799 2435 870 passi
2467 805 2624 865 sunt,
2663 802 2975 869 sequentes
3025 801 3152 870 ejus
3183 797 3537 870 exemplum,
3568 802 3627 854 et

1998 886 2203 958 reliqui
2238 892 2453 959 patres,
2511 888 2624 942 nisi
2673 892 2738 941 ut
2784 904 3101 958 sequamur
3146 892 3267 943 tam
3302 886 3627 943 doctrinam

1997 991 2197 1031 eorum
2228 992 2404 1046 quam
2436 978 2787 1047 exemplum,
2831 982 2886 1031 et
2919 977 3212 1048 patiamur
3260 976 3502 1032 adversa
3526 992 3629 1047 pro

1997 1064 2245 1131 Christo,
2294 1070 2351 1119 et
2401 1081 2533 1120 cum
2597 1064 2859 1137 patribus
2924 1069 3096 1136 atque
3164 1080 3297 1120 cum
3351 1063 3630 1119 fratribus

1998 1169 2228 1208 crucem
2260 1157 2582 1225 portemus,
2615 1170 2933 1224 eorumque
2961 1151 3436 1209 tribulationibus
3465 1167 3630 1207 com-

1997 1241 2309 1312 patiamur,
2370 1247 2435 1296 ut
2490 1241 2702 1296 Christi
2748 1240 2866 1296 veri
2910 1240 3181 1312 discipuli
3240 1239 3629 1306 inveniamur,

1997 1332 2097 1401 qui
2129 1330 2273 1385 dixit
2306 1348 2317 1385 :
2355 1331 2459 1397 Qui
2486 1331 2602 1386 vult
2625 1338 2745 1402 post
2774 1346 2858 1385 me
2884 1331 3088 1394 venire,
3147 1328 3387 1400 abneget
3438 1334 3628 1383 semet-

1996 1420 2197 1490 ipsum,
2230 1427 2281 1474 et
2311 1421 2465 1475 tollat
2518 1436 2739 1475 crucem
2794 1435 2970 1486 suam,
3028 1426 3080 1473 et
3129 1425 3386 1488 sequatur
3441 1432 3529 1471 me
3583 1415 3631 1450 ⁴⁰

1996 1511 2053 1561 et
2100 1508 2378 1579 reliqua?
2441 1510 2484 1543 ⁴¹
2548 1507 2933 1578 Praesumptio
2980 1510 3087 1571 est,
3148 1506 3197 1561 si
3253 1505 3625 1561 dominorum

1994 1596 2274 1653 beneﬁcia
2305 1598 2505 1653 famuli
2540 1615 2654 1653 non
2694 1600 3033 1669 sequantur.
3085 1595 3444 1667 Obsequium
3493 1610 3629 1665 ergo

1996 1684 2403 1741 azstimandum
2436 1691 2598 1758 puto,
2632 1685 2785 1758 quod
2815 1686 3114 1757 pariturus
3156 1684 3451 1755 impendo.
3484 1682 3633 1747 Quid

1995 1778 2086 1828 est
2114 1775 2290 1842 enim,
2318 1775 2471 1845 quod
2486 1774 2616 1846 plus
2645 1774 2901 1829 creditur
2922 1773 3027 1828 ﬁlii
3049 1771 3393 1829 vocabulum
3413 1770 3629 1841 valere,

1997 1877 2175 1932 quam
2206 1862 2578 1935 obsequium,
2613 1867 2669 1919 et
2699 1880 2813 1917 non
2845 1862 3144 1933 quaeritur,
3163 1860 3304 1932 quid
3334 1860 3393 1915 in
3416 1857 3634 1915 amoris

2000 1948 2164 2004 lance
2195 1967 2555 2021 promoveas,
2588 1952 2689 2008 sed
2721 1950 2890 2023 quale
2920 1952 2991 2006 ad
3040 1949 3449 2023 praejudicium
3479 1946 3633 2006 aesti-

1999 2039 2184 2093 manti
2216 2056 2424 2095 nomen
2455 2056 2876 2112 apponas,cum
2902 2040 3057 2112 apud
3079 2039 3394 2111 prudentes
3415 2037 3634 2092 frustra

1998 2126 2257 2182 sobolem
2317 2128 2567 2183 dicimus
2602 2170 2615 2195 ,
2676 2126 2789 2183 nisi
2829 2127 3097 2183 exhibeat
3126 2128 3281 2198 quod
3338 2128 3576 2183 vocatur
3603 2123 3633 2179 ‘I

1997 2216 2115 2288 Ego
2145 2233 2278 2272 vero
2309 2217 2441 2273 nolo
2473 2234 2665 2273 errore
2694 2233 2823 2272 meo
2853 2215 3076 2272 alienas
3115 2214 3318 2287 culpas
3349 2230 3629 2281 asserere,

1998 2310 2063 2360 ut
2112 2306 2351 2374 factum,
2405 2307 2557 2377 quod
2616 2305 2781 2361 doleo
2829 2306 2895 2371 ‘3,
2943 2304 3251 2360 admisisse
3299 2304 3628 2360 convincar.

1998 2396 2188 2462 Odisti,
2248 2395 2440 2467 inquit
2497 2395 2777 2450 Dominus
2857 2412 2960 2468 per
3013 2394 3385 2466 Prophetam,
3449 2409 3632 2450 omnes

1997 2494 2284 2555 aperantes
2315 2487 2688 2558 iniquitatem,
2717 2485 2905 2551 perdes
2954 2486 3229 2556 loquentes
3282 2484 3629 2540 mendacium

2003 2575 2189 2629 Virum
2216 2576 2550 2645 sanguinum
2578 2582 2629 2630 et
2652 2574 2896 2629 dolosum
2927 2573 3340 2629 abominabitur
3367 2574 3631 2629 Dominus

1995 2679 2091 2730 ego
2120 2670 2305 2717 autem
2336 2665 2395 2717 in
2422 2662 2782 2719 multitudine
2805 2662 3199 2718 misericordia
3231 2671 3345 2719 tuae
3393 2662 3630 2719 introibo

1994 2753 2055 2805 in
2085 2751 2299 2807 domum
2332 2759 2503 2818 tuam,
2536 2751 2873 2824 adoraboque
2904 2753 2963 2806 in
2992 2752 3189 2824 templo
3235 2760 3423 2808 sancto
3453 2752 3631 2807 tuoin

1995 2842 2191 2895 timore
2216 2843 2328 2895 tuo.
2364 2841 2606 2907 Domine,
2637 2840 2810 2895 deduc
2837 2856 2923 2895 me
2954 2842 3013 2895 in
3032 2841 3259 2911 justitia
3287 2848 3381 2895 tua
3403 2848 3631 2913 propter

1996 2928 2245 2983 inimicos
2275 2944 2437 2994 meos,
2469 2930 2653 2999 dirige
2683 2938 2811 2983 ante
2838 2930 3039 3000 faciem
3066 2943 3250 2983 meam
3280 2929 3426 2984 viam
3454 2932 3629 2983 tuam.

1995 3018 2112 3072 Non
2137 3025 2213 3073 est
2239 3019 2387 3072 enim
2418 3019 2479 3072 in
2500 3033 2596 3073 ore
2616 3034 2805 3073 eorum
2843 3025 3050 3073 rectum
3078 3017 3418 3086 ‘ﬁinteriora
3446 3032 3635 3073 eorum

1995 3106 2235 3163 insidiae.
2283 3106 2602 3177 Sepulcrum
2656 3111 2846 3175 patens
2895 3107 3085 3176 guttur
3108 3120 3318 3175 eorum,
3380 3104 3636 3176 linguam

1993 3210 2151 3249 suam
2181 3195 2489 3265 leniﬁcant.
2517 3194 2824 3251 Condemna
2853 3210 2959 3264 eos,
2991 3195 3153 3263 Deus,
3173 3192 3423 3249 decidant
3449 3210 3484 3248 a
3510 3210 3636 3249 con-

240 3280 347 3352 qui
380 3280 654 3352 luporum
681 3280 956 3337 laudibus
985 3283 1289 3354 gloriatur.
1323 3284 1545 3348 Quibus
1575 3285 1623 3340 si
1655 3286 1882 3357 placere
1912 3273 1956 3337 C
1994 3284 2140 3339 siliis
2166 3285 2282 3339 suis
2309 3301 2327 3338 :
2352 3284 2521 3354 juxta
2547 3282 2971 3339 multitudinem
3000 3284 3262 3339 scelerum
3309 3297 3495 3338 eorum
3532 3297 3630 3337 ea:-

240 3368 468 3438 volerit,
520 3374 695 3440 atque
754 3371 825 3425 ab
881 3370 976 3425 his
1036 3372 1219 3427 amari
1277 3371 1575 3444 delegerit,
1608 3373 1717 3429 erit
1747 3374 1884 3430 hinc

238 3458 450 3514 ovibus
480 3475 694 3530 magna
740 3459 1050 3531 pernicies.
1101 3459 1311 3516 Nullus
1361 3478 1495 3533 ergo
1554 3467 1879 3533 pastorum,

230 3547 463 3619 placere
493 3547 649 3620 lupis
696 3551 753 3603 et
800 3548 1077 3620 gregibus
1125 3548 1319 3604 ovium
1368 3553 1577 3621 potest.
1612 3550 1655 3585 ³⁸
1685 3552 1883 3606 Perdit

228 3636 388 3691 enim
413 3634 629 3692 laboris
662 3636 1007 3692 memoriam
1031 3653 1196 3699 mens
1215 3638 1462 3693 terrenis
1480 3638 1736 3711 obligata
1754 3656 1879 3695 car-

230 3725 487 3780 ceribus.
521 3726 564 3759 ³⁷
597 3725 757 3781 Sicut
786 3726 1001 3781 artium
1036 3726 1094 3779 in
1126 3743 1235 3781 suo
1263 3743 1494 3798 quoque
1524 3742 1696 3798 opere
1728 3728 1880 3783 inve-

231 3812 397 3868 nitur
426 3818 613 3869 mater
642 3813 944 3881 instantia,
976 3814 1057 3868 ita
1112 3831 1355 3869 noverca
1412 3816 1756 3871 eruditionis
1788 3821 1879 3871 est

230 3901 608 3974 negligentia.
644 3902 853 3960 Nullus
885 3918 1021 3974 ergo
1052 3903 1453 3974 praejudicium
1481 3904 1645 3959 alteri
1677 3903 1873 3971 faciat,

232 4006 426 4061 neque
464 3990 620 4061 quod
672 3991 783 4047 sibi
839 3990 961 4045 ﬁeri
1012 4008 1125 4047 non
1174 3991 1316 4057 vult,
1368 3995 1645 4047 exerceat.
1694 3993 1874 4048 Nemo

234 4077 455 4133 dictum
488 4079 560 4133 de
590 4079 786 4152 aliquo
818 4079 1143 4148 inveniat,38
1173 4081 1328 4151 quod
1360 4081 1419 4135 in
1462 4081 1589 4152 ejus
1646 4081 1874 4137 actibus

228 4181 345 4221 non
379 4171 678 4239 agnoscat.
711 4167 829 4239 Ego
861 4172 1055 4223 autem
1086 4167 1494 4224 labefactatam
1534 4186 1649 4224 non
1679 4170 1872 4233 solum

228 4254 489 4326 quietem
518 4271 733 4321 meam,
752 4256 851 4311 sed
884 4260 940 4312 et
970 4256 1625 4328 salutem,inimicorum
1656 4259 1873 4315 valetu-

230 4343 363 4399 dine
384 4348 441 4399 et
472 4361 774 4400 rumorum
806 4345 1077 4417 procellis
1110 4363 1385 4419 agnosco.
1419 4350 1629 4405 Potens
1657 4353 1745 4405 est
1774 4349 1869 4405 Di-

1988 3374 2132 3444 pelle
2160 3388 2266 3440 eos,
2324 3376 2583 3445 quoniam
2632 3376 3056 3444 prouocauerunt
3109 3377 3180 3429 te.
3247 3373 3313 3427 Et
3370 3372 3631 3430 laetentur

1991 3477 2173 3518 omnes
2204 3462 2302 3532 qui
2328 3470 2547 3533 sperant
2575 3463 2638 3515 in
2665 3466 2739 3529 te,
2774 3464 2831 3516 in
2880 3465 3153 3519 aeternum
3207 3461 3528 3517 laudabunt.
3558 3467 3630 3518 Et

1985 3553 2208 3620 protege
2237 3565 2344 3620 eos,
2374 3558 2426 3605 et
2455 3550 2799 3605 lxtabuntur
2828 3552 2883 3605 in
2908 3560 2979 3617 te,
3011 3552 3109 3622 qui
3162 3550 3403 3621 diligunt
3429 3566 3629 3607 nomen

1993 3640 2433 3708 tuum,quoniam
2465 3642 2525 3693 tu
2558 3639 2845 3695 benedices
2864 3640 3036 3709 justo.
3058 3641 3374 3707 Domine,ut
3401 3641 3557 3696 hasta
3584 3641 3631 3674 “

1985 3727 2397 3797 placabilitatis
2433 3728 2716 3783 coronabis
2763 3744 2886 3783 eum
2932 3728 2995 3782 ⁸⁵.
3028 3728 3146 3783 Deo
3195 3729 3352 3784 enim
3401 3728 3627 3784 sacriﬁ-

1986 3819 2182 3870 cantes
2211 3817 2481 3887 perfecte,
2510 3833 2623 3871 non
2653 3816 2866 3871 debent
2886 3817 3096 3884 vexari,
3156 3819 3256 3873 sed
3315 3816 3532 3889 portari
3562 3818 3626 3884 ιδ,

1984 3904 2296 3975 consolari,
2332 3910 2507 3975 atque
2537 3905 2608 3960 ab
2639 3905 2914 3961 omnibus
2945 3897 3227 3961 venerari.

2771 4076 2837 4129 ΙΙ.

2057 4198 2120 4254 Ut
2144 4198 2427 4269 episcopus
2459 4198 2564 4252 Deo
2593 4198 2913 4267 sacrificans
2942 4205 3093 4253 testes
3119 4214 3299 4254 secum
3329 4200 3552 4256 habeat.

2054 4349 2168 4421 Ipsi
2200 4352 2416 4419 autem,
2449 4349 2680 4421 quando
2710 4348 2955 4403 Domino
3005 4348 3337 4408 sacrificant
3366 4352 3464 4426 (6),
3511 4369 3627 4424 non

292 4576 339 4653 πῖ
372 4574 512 4653 Luc.
545 4576 670 4653 cod.
704 4576 918 4653 inserit
940 4576 1035 4653 hic
1066 4577 1221 4653 hunc
1252 4578 1491 4653 titulum
1526 4595 1539 4633 :
1570 4581 1705 4653 Item
1735 4580 1802 4635 de
1829 4596 1894 4636 ea
1925 4596 1984 4653 re
2011 4581 2300 4653 Anacletus
2332 4581 2607 4653 inprima
2634 4581 2868 4653 epistola
2898 4584 2983 4638 ita
3012 4582 3093 4637 ait
3128 4599 3139 4637 :
3171 4584 3252 4649 Si,
3284 4586 3392 4637 etc.
3473 4582 3517 4624 ’8
3546 4600 3623 4652 vr,

225 4662 282 4724 q.
318 4649 365 4701 1.
400 4646 463 4724 Si
490 4648 677 4702 omnia
706 4649 788 4724 in:
854 4648 922 4724 f9
951 4649 1250 4724 Ennodius
1280 4667 1340 4717 ιι,
1374 4652 1462 4724 22,
1492 4655 1548 4724 et
1578 4651 1716 4706 dict.
1750 4654 1803 4705 9.
1840 4654 1905 4706 Et
1934 4652 2027 4706 hic
2049 4652 2202 4707 enim
2235 4646 2526 4722 incipiunt
2547 4646 2866 4707 Enn'odiani
2893 4657 3167 4724 centones
3197 4646 3419 4708 fraudis
3450 4646 3628 4724 atque

224 4717 561 4795 imposturaa
583 4718 1061 4795 manifestissimi
1091 4721 1347 4795 indices.
1423 4723 1468 4760 30
1496 4722 1723 4790 Erigent
1753 4740 1880 4795 ergo
1935 4724 2179 4780 doctores
2235 4717 2633 4778 conscientiam
2662 4740 2820 4779 suam
2847 4742 2869 4786 ;
2898 4723 2984 4779 vel
3017 4726 3141 4779 Erit
3191 4740 3316 4795 ergo
3370 4717 3623 4780 doctoris.

224 4789 281 4865 31
301 4789 443 4865 Enn.
480 4806 542 4854 υ,
574 4791 659 4844 14.
748 4791 791 4825 ³³
821 4794 957 4865 Luc.
1002 4793 1229 4865 ιίιινΒτξιἱ
1308 4792 1351 4865 3;"
1378 4789 1747 4865 cognoscitur,
1792 4789 1968 4849 habet
2011 4795 2189 4849 editio
2220 4795 2467 4850 Ennodii
2517 4812 2550 4849 a
2593 4795 2903 4851 Sirmondo
2954 4789 3332 4865 accuratafp.
3364 4794 3454 4865 58,
3482 4796 3619 4852 dist.

224 4860 559 4933 ltBLScimus
587 4863 1009 4933 autemrmultos.
1094 4864 1138 4899 3‘
1177 4863 1379 4919 Matth.
1416 4860 1467 4933 v7,
1506 4866 1589 4917 10.
1680 4866 1725 4899 ³⁵
1772 4865 1917 4920 Dist.
1970 4867 2055 4920 38.
2111 4867 2265 4920 Nihil
2313 4866 2433 4919 illo.
2520 4867 2563 4899 ³⁵
2606 4867 2752 4922 Enn.
2801 4867 2938 4921 dict.
2991 4868 3044 4919 8.
3131 4868 3174 4900 3"
3221 4860 3377 4921 Idem
3427 4860 3486 4921 et
3538 4868 3619 4922 11.

219 4932 261 4965 ⁸⁸
292 4932 439 5007 Enn.
473 4949 545 4997 ιν,
576 4932 616 5007 9
644 4935 700 4986 et
728 4932 819 4986 24.
856 4934 944 5007 f9
971 4934 1256 5007 immensae
1284 4935 1733 5007 tempestatisita
1763 4952 1874 4991 ms.

1993 4937 2285 4991 Sirmondi
2318 4936 2517 5003 editio,
2552 4953 2607 5007 p.
2644 4938 2764 4992 126.
2850 4939 2894 4971 ⁴⁰
2932 4936 3133 4991 Matth.
3190 4955 3301 5004 xvx,
3334 4938 3403 4990 24
3437 4955 3449 5004 ;
3483 4937 3619 4993 Luc.

216 5019 293 5078 ut,
323 5004 413 5058 23.
500 5007 542 5078 ξι
568 5004 722 5078 Enn.
756 5019 823 5078 ea
854 5002 1095 5078 libri_1v_,
1128 5007 1182 5074 4,
1216 5002 1402 5078 8,719,
1432 5006 1716 5077 epistolis.
1749 5006 1907 5062 Obiit
1937 5024 2066 5063 vero
2097 5008 2423 5063 Ticinensis
2458 5002 2674 5078 ille—ep.
2709 5008 2944 5063 an.Chr.
2977 5002 3335 5078 521,Valerio
3356 5002 3617 5063 consule.

215 5074 259 5107 ‘3
288 5079 359 5150 ut
379 5074 520 5146 quod
545 5076 761 5150 [actum
789 5074 960 5141 doleo,
995 5074 1385 5150 habetﬂeditio
1408 5074 1726 5150 Sirmondi,
1762 5096 1815 5149 p.
1854 5078 1978 5150 l22,
2011 5082 2184 5149 atque
2216 5079 2336 5133 haec
2368 5080 2453 5134 vel
2486 5074 2707 5134 sola—ex
2738 5079 2998 5135 Ennodio
3030 5074 3185 5133 furta
3230 5079 3622 5150 imposturam

215 5144 665 5222 cuivis‘cordatp
698 5146 997 5222 detegunt.
1031 5221 1034 5222 ν
1073 5148 1130 5222 f3
1160 5148 1239 5203 Ex
1268 5165 1417 5203 vers.
1452 5144 1785 5222 Hieronymi
1818 5149 1917 5222 qui
1950 5144 2539 5222 posterirorgAnacleto
2565 5151 2837 5206 trecentis
2866 5149 3055 5205 annis.
3118 5152 3165 5185 ἰε
3192 5144 3360 5206 scuto.
3393 5150 3438 5185 ‘5
3470 5149 3621 5207 Psal.

214 5232 267 5286 v,
298 5216 454 5271 7-13.
538 5217 582 5251 ⁴⁶
613 5219 797 5282 Quam
829 5216 1045 5273 absunt
1072 5218 1193 5273 haec
1223 5236 1257 5273 a
1286 5216 1749 5291 praecedentibus
1780 5216 2030 5277 Ennodii
2062 5220 2291 5277 laciniis
2320 5222 2332 5275 l

278 5447 352 5524 (6)
383 5447 496 5517 Ipsi
521 5454 730 5524 autem,
762 5448 982 5524 quando
1010 5451 1246 5524 Domino
1269 5453 1843 5524 sacriﬁcant.Conlir-

210 5523 402 5596 matur
428 5518 747 5596 apostolica
770 5518 1272 5596 constitutioista,
1325 5518 1441 5594 qua
1491 5524 1844 5596 praecipitur,

214 5593 271 5644 ut
300 5589 557 5662 episc30pi
590 5589 1040 5662 solemnioribus
1074 5593 1283 5649 diebus
1331 5589 1464 5650 cum
1491 5589 1846 5651 ’ministerio

212 5660 529 5716 multorum
562 5660 729 5717 altari
768 5663 1089 5718 astantium
1146 5669 1202 5719 et
1254 5665 1694 5723 inservientium
1754 5683 1845 5721 so-

207 5730 394 5789 lemne
423 5733 780 5793 saerificium
827 5733 943 5792 Deo
991 5736 1257 5806 oll'erant,
1309 5738 1542 5810 ipsique
1592 5738 1847 5795 ministri

1958 5469 2164 5527 omnes
2193 5456 2329 5527 post
2367 5452 2699 5527 absolutum
2752 5452 3107 5508 sacrificium
3161 5454 3617 5527 communicent,

1958 5525 2070 5579 nisi
2104 5541 2170 5579 ex
2225 5524 2491 5580 rationali
2538 5529 2594 5579 et
2634 5526 2799 5593 justa
2848 5541 3024 5580 causa
3071 5531 3439 5583 excusentur.
3472 5524 3619 5583 Vide

1956 5596 2366 5723 qgmldicimus
2398 5597 2457 5651 in
2493 5596 2647 5652 notis
2680 5596 2750 5651 ad
2782 5612 3032 5652 canones
3073 5598 3467 5670 apostolorum
3497 5600 3531 5654 9
3561 5603 3617 5653 et

2033 5712 2044 5723 .
2107 5685 2158 5722 ο.

2033 5712 2044 5723 .
2079 5685 2158 5723 lD.
