4086 6342
407 369 524 434 795

1779 370 2168 436 ANAGLETI
2211 374 2307 436 PA
2317 373 2441 438 PJE

3692 371 3822 438 796

412 505 525 562 soli
555 503 665 563 hoc
697 521 867 580 agere
897 505 1131 576 debent,
1147 506 1249 562 sed
1279 507 1456 563 testes
1484 521 1682 563 secum
1713 507 2051 576 adhibeant,
2080 509 2137 574 Α
2165 507 2404 563 adventu
2432 510 2568 582 ejus.
2602 507 2662 565 Si
2709 510 2858 566 scitis
2913 511 3177 582 quoniam
3221 509 3407 582 justus
3460 513 3558 581 est,
3618 510 3834 567 scitote

412 601 481 653 ut
510 596 754 652 Domino
772 596 1020 667 perfecte
1043 595 1102 651 in
1135 597 1380 652 sacratis
1409 596 1524 653 Deo
1555 597 1883 653 sacrificare
1910 596 2055 652 locis

417 686 755 758 probentur.
788 684 886 740 Ait
915 701 1170 756 namque
1230 685 1544 740 auctoritas
1603 684 1750 757 legis
1798 685 2001 739 divinae
2038 702 2050 739 :

423 775 553 832 Vide
576 791 644 831 ne
673 774 872 848 offeras
913 774 1223 830 holocausta
1255 784 1350 829 tua
1404 776 1468 828 in
1524 777 1674 829 omni
1730 775 1842 830 loco
1898 789 2056 844 quem

412 863 740 930 videris,secl
771 864 835 918 in
855 864 966 919 loco
979 879 1141 935 quem
1161 864 1395 935 elegerit
1405 863 1667 918 Dominus
1687 867 1834 918 Deus
1857 867 1912 916 tu
1923 863 2050 916 us”.

418 954 464 988 “
496 952 818 1025 Episcopus
853 957 964 1007 Deo
995 952 1351 1019 sacrificans,
1386 956 1567 1008 testes
1627 954 1716 1023 (ut
1754 952 2054 1024 praeﬁxum

422 1042 532 1113 est)
565 1057 763 1097 secum
795 1041 1026 1107 habeat,
1059 1045 1115 1095 et
1143 1039 1339 1112 plures
1370 1057 1545 1111 quam
1579 1041 1730 1096 alius
1763 1041 2052 1096 sacerdos.

414 1129 579 1186 Sicut
601 1130 756 1185 enim
781 1129 1021 1200 majoris
1039 1129 1278 1185 honoris
1299 1131 1483 1200 gradu
1513 1130 1838 1199 fruitur,sic
1870 1132 2058 1201 major

413 1219 497 1275 ris
525 1218 847 1274 testimonii
879 1219 1235 1274 incremento
1268 1218 1578 1291 indiget.ln
1603 1219 2056 1275 solemnioribus

415 1307 633 1380 quippe
665 1307 893 1376 diebus,
926 1311 1026 1362 aut
1054 1312 1299 1378 septem,
1343 1313 1444 1362 aut
1495 1308 1773 1380 quinque,
1809 1313 1908 1363 aut
1941 1314 2057 1363 tres

417 1397 714 1460 diaconos,
747 1397 847 1468 qui
878 1397 1004 1467 ejus
1036 1396 1183 1451 oculi
1217 1397 1510 1467 dicuntur,
1552 1403 1609 1452 et
1665 1398 2056 1453 subdiaconos

418 1490 593 1556 atque
632 1485 890 1556 reliquos
922 1485 1222 1542 ministros
1251 1503 1448 1541 secum
1481 1486 1710 1551 habeat,
1744 1487 1842 1558 qui
1875 1487 2060 1543 sacris

425 1571 616 1630 induti
645 1573 1030 1641 vestimentis,
1065 1574 1123 1629 in
1156 1575 1343 1630 fronte
1378 1579 1431 1629 et
1458 1592 1490 1629 a
1520 1579 1702 1647 tergo,
1736 1581 1793 1630 et
1822 1577 2058 1648 presby-

417 1663 525 1720 teri
555 1680 586 1718 e
616 1662 852 1736 regione
882 1664 1084 1719 dextra
1106 1663 1638 1734 laevaque,contrito
1670 1664 1841 1719 corde
1871 1669 1928 1719 et
1957 1664 2060 1719 hu-

419 1751 645 1808 miliato
675 1752 906 1824 spiritu,
939 1769 1004 1807 ac
1035 1769 1215 1822 prono
1247 1757 1402 1808 stent
1447 1753 1633 1819 vultu,
1666 1753 2060 1810 custodientes

418 1857 553 1898 eum
584 1859 618 1897 a
641 1841 942 1898 malevolis
965 1841 1385 1912 hominibus,et
1401 1858 1752 1897 consensum
1775 1844 1902 1912 ejus
1923 1861 2062 1915 prm-
2093 1877 2140 1940 B

418 1931 596 1987 beant
616 1930 1163 1986 sacriﬁcio.Peracta
1181 1944 1374 1986 autem
1399 1931 2060 1995 consecratione,omnes

425 2019 880 2084 communicent,
921 2021 1019 2090 qui
1071 2019 1367 2075 noluerint
1415 2019 1826 2076 ecclesiasticis
1869 2039 2064 2077 carere

423 2107 750 2163 liminibus.
782 2108 873 2162 Sic
911 2108 1067 2163 enim
1108 2112 1165 2163 et
1212 2108 1454 2180 apostoli
1506 2112 1836 2164 statuerunt
1867 2111 1966 2180 (7),
2008 2116 2065 2166 et

425 2201 629 2253 sancta
661 2197 923 2252 Romana
951 2202 1108 2252 tenet
1138 2197 1410 2253 Ecclesia.
1443 2198 1667 2264 Servite,
1726 2198 1920 2269 inquit
1950 2200 2064 2255 Do-

423 2287 620 2343 minus
649 2303 751 2358 per
780 2286 1122 2358 prophetam
1156 2286 1352 2356 David,
1387 2287 1444 2340 in
1503 2289 1719 2353 timore,
1781 2291 1833 2342 et
1880 2290 2066 2343 exsul-

425 2379 542 2431 tate
571 2377 628 2432 ei
656 2391 783 2431 cum
810 2377 1061 2431 tremore.
1097 2377 1141 2410 ⁴⁰
1164 2374 1399 2430 Adorate
1425 2392 1662 2446 pure,ne
1684 2377 1829 2446 forte
1858 2378 2064 2433 irasca-

423 2468 517 2520 tur
552 2472 603 2520 et
631 2465 872 2535 pereatis
903 2463 966 2518 de
1019 2465 1125 2520 via.
1185 2464 1229 2498 ⁵ο
1265 2463 1364 2519 Ille
1403 2463 1557 2518 enim
1619 2482 1732 2520 non
1788 2467 1938 2537 perit
1997 2468 2067 2523 de

421 2552 645 2624 via,qui
674 2556 827 2608 recte
853 2552 1142 2626 graditur;
1175 2557 1231 2608 et
1265 2557 1550 2624 praecepta
1595 2555 1850 2609 custodit
1879 2557 2064 2626 majo-

424 2658 578 2697 rum.

500 2729 704 2787 Doceri
735 2747 871 2802 ergo
903 2747 1105 2786 omnes
1135 2734 1381 2802 oportet,
1417 2732 1513 2803 qui
1547 2731 1774 2787 Domini
1808 2735 2069 2789 sacerdo-

426 2819 508 2876 tio
540 2819 886 2891 funguntur,
919 2823 983 2873 ut
1011 2821 1066 2872 et
1097 2821 1644 2875 caaterosinstruant
1672 2826 1729 2876 et
1757 2821 1868 2876 sibi
1901 2824 2070 2893 proii-

432 2908 608 2965 ciant.
642 2907 939 2978 Scriptum
972 2912 1061 2962 est
1085 2912 1279 2961 autem
1307 2925 1325 2960 :
1359 2908 1462 2974 Qui
1518 2909 1660 2963 docti
1703 2911 1932 2980 fuerint,
1963 2912 2072 2981 fut—

427 2999 626 3069 gebunt
657 2996 815 3068 quasi
842 2995 1100 3067 splendor
1145 2998 1484 3066 ﬁrmamenti
1509 3016 1527 3052 :
1557 3007 1607 3052 et
1662 3001 1757 3068 qui
1811 2999 1880 3053 ad
1900 3002 2067 3070 justi-

431 3088 566 3142 tiam
622 3085 885 3141 erudiunt
928 3087 1150 3156 multos,
1215 3088 1378 3156 quasi
1434 3088 1606 3142 stellae
1662 3090 1719 3141 in
1783 3093 2072 3160 perpetuas

427 3177 765 3234 aeternitate;
795 3176 856 3228 5'.
889 3175 954 3229 Et
977 3173 1117 3229 alibi
1151 3193 1162 3230 :
1198 3177 1439 3247 Populus
1467 3182 1654 3232 autem
1700 3179 1876 3233 sciens
1904 3180 2072 3233 Deum

2164 599 2424 668 quoniam
2452 606 2503 653 et
2529 599 2706 655 omnis
2733 602 2830 670 qui
2856 602 2994 672 facit
3026 602 3341 671 justitiam,
3369 616 3441 656 ea:
3487 601 3604 672 ipso
3643 603 3827 656 natus

2163 694 2244 741 est
2273 687 2335 740 ⁵⁸.
2374 687 2548 742 Videte
2576 689 2796 759 qualem
2843 690 3166 744 charitatem
3208 689 3364 745 dedit
3418 691 3577 745 nobis
3623 690 3823 759 Pater,

2164 783 2225 829 ut
2254 775 2364 843 ﬁlii
2391 777 2502 830 Dei
2527 780 2878 833 nominemur
2904 786 2955 834 et
2983 781 3416 849 simus.Propter
3445 778 3543 834 hoc
3569 777 3821 833 mundus

2163 880 2272 919 non
2301 867 2456 920 novit
2482 882 2597 937 nos,
2630 869 2761 938 quia
2787 884 2894 924 non
2923 869 3074 924 novit
3101 885 3246 923 eum.
3283 867 3635 937 Charissimi,
3665 883 3828 922 nunc

2164 952 2280 1021 filii
2303 955 2402 1010 Dei
2424 972 2636 1026 sumus,
2668 960 2717 1012 et
2746 958 3000 1013 nondum
3025 958 3286 1030 apparuit
3307 957 3439 1028 quid
3467 957 3831 1012 erimus.Sci-

2165 1059 2285 1096 mus
2327 1045 2588 1115 quoniam
2633 1063 2759 1101 cum
2804 1049 3147 1118 apparuerit,
3195 1047 3409 1102 similes
3481 1047 3537 1101 ei
3578 1047 3827 1113 erimus,

2167 1133 2428 1202 quoniam
2459 1133 2758 1190 videbimus
2783 1152 2904 1191 eum
2933 1137 3097 1191 sicuti
3123 1139 3220 1190 est.
3253 1137 3319 1190 Et
3349 1137 3525 1190 omnis
3579 1137 3679 1206 qui
3710 1135 3825 1188 ha-

2169 1220 2256 1274 bet
2280 1237 2429 1292 spem
2459 1222 2600 1278 hanc
2630 1225 2690 1278 in
2722 1224 3113 1294 eo,sanctificat
3136 1225 3357 1293 se,sicut
3385 1229 3439 1278 et
3469 1224 3566 1278 ille
3592 1227 3829 1278 sanctus

2166 1317 2259 1363 est.
2292 1309 2480 1365 Omnis
2509 1313 2605 1381 qui
2628 1315 2768 1383 facit
2797 1321 3096 1384 peccatum,
3129 1321 3182 1367 et
3221 1313 3574 1384 iniquitatem
3601 1313 3827 1382 facit,et

2163 1407 2443 1466 peccatum
2467 1407 2542 1454 est
2573 1402 2930 1472 iniquitas.Et
2959 1403 3111 1457 scitis
3140 1402 3275 1472 quia
3304 1398 3407 1456 ille
3443 1401 3730 1471 apparuit:
3758 1405 3827 1456 ut

2165 1492 2386 1559 peccata
2418 1488 2712 1556 totteret,et
2739 1498 3026 1561 peccatum
3057 1490 3118 1544 in
3145 1506 3209 1545 eo
3237 1505 3350 1545 non
3379 1495 3477 1544 est.
3505 1487 3694 1543 Omnis
3715 1491 3827 1559 qui

2172 1580 2231 1632 in
2256 1593 2318 1633 eo
2346 1586 2666 1645 manet,non
2690 1587 2879 1650 peccat
2901 1594 2915 1633 :
2935 1584 2989 1634 et
3015 1579 3192 1635 omnis
3214 1580 3312 1649 qui
3329 1586 3647 1650 peccat,non
3663 1578 3825 1633 vidit

2169 1681 2319 1732 eum,
2351 1682 2450 1720 nec
2477 1667 2725 1734 cognovit
2753 1667 3272 1737 eum.Filioli,nemo
3302 1681 3400 1721 vos
3436 1665 3682 1721 seducat.
3709 1666 3826 1734 Qui

2169 1759 2303 1828 facit
2322 1755 2626 1821 justitiam,
2645 1759 2840 1827 justus
2892 1764 2990 1825 est,
3031 1757 3172 1810 sicut
3224 1758 3276 1810 et
3330 1753 3428 1809 ille
3474 1755 3660 1824 justus
3718 1758 3823 1808 est.

2173 1847 2280 1912 Qui
2305 1846 2440 1914 facit
2461 1852 2757 1915 peccatum,
2790 1861 2860 1900 ea:
2887 1844 3102 1900 diabolo
3130 1847 3226 1910 est,
3250 1844 3512 1914 quoniam
3545 1843 3617 1898 ab
3650 1844 3824 1899 initio

2171 1933 2421 1988 diabolus
2450 1938 2652 2004 peccat.
2687 1935 2746 1988 In
2801 1935 2901 1988 hoc
2929 1935 3188 2005 apparuit
3215 1934 3390 1988 Mlius
3426 1933 3544 2003 Dei,
3575 1936 3637 1986 ut
3694 1931 3818 1987 dis-

2172 2024 2344 2078 solvat
2373 2038 2536 2093 opera
2563 2021 2790 2076 diaboli.
2827 2021 3014 2076 Omnis
3059 2023 3156 2094 qui
3200 2026 3364 2077 natus
3420 2031 3500 2077 est
3551 2037 3624 2075 ex
3685 2022 3818 2086 Deo,

2171 2113 2450 2181 peccatum
2491 2127 2602 2166 non
2647 2113 2831 2180 facit:
2865 2127 3127 2181 quoniam
3187 2127 3370 2166 semen
3420 2111 3592 2182 ipsius
3654 2113 3718 2164 in
3764 2125 3830 2164 eo

2172 2204 2374 2269 manet,
2408 2205 2461 2254 et
2492 2216 2599 2255 non
2629 2208 2802 2270 potest
2829 2216 3074 2270 peccare,
3107 2201 3367 2271 quoniam
3396 2216 3466 2255 ea:
3512 2201 3618 2254 Deo
3655 2203 3828 2252 natus

2174 2290 2270 2342 est.
2300 2290 2362 2342 In
2401 2289 2499 2343 hoc
2543 2290 2828 2358 manifesti
2870 2298 3000 2344 sunt
3044 2289 3156 2358 ﬁlii
3202 2289 3296 2344 Dei
3341 2292 3392 2343 et
3438 2287 3546 2358 ﬁlii
3585 2287 3821 2342 diaboli.

2177 2377 2368 2432 Omnis
2396 2379 2492 2446 qui
2519 2391 2626 2430 non
2658 2381 2736 2431 est
2755 2378 2959 2448 justus,
2992 2395 3103 2432 non
3131 2386 3208 2432 est
3235 2394 3304 2432 ea:
3332 2378 3456 2445 Deo,
3507 2384 3560 2432 et
3588 2377 3687 2446 qui
3704 2390 3823 2431 non

2173 2465 2355 2533 diligit
2381 2467 2611 2536 fratrem
2639 2482 2803 2520 suum
2836 2483 2855 2520 :
2885 2468 3154 2536 quoniam
3189 2467 3302 2521 haec
3329 2473 3405 2521 est
3459 2465 3822 2520 annuntiatio

2176 2571 2342 2625 quam
2377 2554 2612 2609 audistis
2659 2555 2726 2609 ab
2777 2555 2957 2623 initio,
3007 2563 3069 2609 ut
3112 2554 3413 2623 diligamus
3457 2555 3821 2609 alterutrum.

2176 2646 2290 2700 Non
2319 2645 2460 2698 sicut
2489 2643 2649 2710 Cain,
2681 2645 2776 2713 qui
2803 2659 2874 2699 ea:
2899 2644 3144 2714 maligno
3194 2646 3332 2714 erat,
3363 2648 3416 2698 et
3460 2642 3654 2698 occidit
3699 2645 3826 2712 fra-

2178 2742 2317 2788 trem
2363 2749 2545 2786 suum.
2571 2734 2638 2787 Et
2679 2741 2901 2804 propter
2941 2734 3039 2788 hoc
3111 2733 3308 2788 occidit
3350 2749 3494 2798 eum,
3553 2732 3823 2802 quoniam

2177 2837 2342 2893 opera
2373 2821 2490 2891 ejus
2518 2821 2768 2892 maligna
2796 2826 2974 2889 erant,
3021 2823 3217 2893 fratris
3270 2829 3455 2876 autem
3501 2822 3670 2891 justa.
3715 2821 3822 2874 Νο-

2179 2912 2274 2966 lite
2301 2911 2526 2978 mirari,
2555 2913 2776 2980 fratres,
2807 2911 2864 2965 si
2890 2911 3005 2964 odit
3040 2926 3132 2964 vos
3161 2909 3418 2964 mundus.
3471 2910 3575 2964 Nos
3622 2909 3830 2963 scimus

2179 3015 2439 3069 quoniam
2469 2999 2732 3052 translati
2754 3014 2945 3052 sumus
2985 2997 3051 3052 de
3091 3007 3267 3054 morte
3323 2998 3402 3053 ad
3457 2999 3656 3063 vitam,
3691 2997 3824 3067 quia

2181 3089 2465 3156 diligimus
2489 3089 2710 3155 fratres.
2765 3088 2870 3154 Qui
2913 3103 3027 3142 non
3070 3087 3272 3156 diligit,
3323 3088 3506 3140 manet
3541 3087 3600 3138 in
3629 3090 3829 3140 morte.

2183 3179 2359 3232 omnis
2389 3177 2488 3246 qui
2515 3175 2627 3229 vdit
2655 3175 2896 3247 fratrem
2923 3191 3102 3241 suum,
3135 3173 3410 3230 homicida
3449 3180 3545 3228 est.
3579 3175 3644 3228 Et
3671 3175 3826 3228 scitis

432 3283 614 3333 suum,
645 3265 932 3330 obtinebit,
961 3270 1013 3320 et
1041 3267 1231 3335 faciet,
1265 3237 1316 3321 et
1371 3265 1512 3321 docti
1568 3268 1628 3321 in
1684 3268 1883 3338 populo
1913 3268 2072 3323 doce-
2105 3237 2147 3303 C
2186 3237 2447 3338 quoniam
2475 3237 2952 3319 omnis-homicida
2981 3237 3098 3319 noni
3136 3264 3297 3318 habet
3344 3264 3517 3317 vitam
3563 3269 3835 3319 aeternam

437 3354 570 3409 bunt
593 3355 863 3425 plurimos
891 3354 957 3409 ⁵³.
991 3354 1121 3423 Ipsa
1151 3354 1305 3408 enim
1351 3354 1572 3409 Veritas
1632 3371 1733 3426 per
1788 3372 1849 3410 se
1904 3355 2080 3410 infert

437 3447 495 3498 et
523 3442 665 3496 dicit
696 3459 709 3498 :
739 3444 940 3497 Beatus
970 3451 1046 3497 est
1076 3445 1172 3513 qui
1199 3460 1310 3498 non
1356 3445 1534 3516 fuerit
1587 3444 1989 3499 scandalizatus
2019 3446 2080 3498 in

437 3546 523 3585 me
550 3530 614 3585 ⁸³.
647 3531 692 3564 ⁵⁸
721 3530 824 3585 Ille
856 3532 1057 3602 procul
1114 3532 1290 3587 dubio
1347 3532 1701 3588 scandalizat
1757 3533 1813 3587 in
1871 3534 2076 3600 Deum,

437 3619 540 3692 qui
569 3623 724 3676 recte
756 3635 872 3674 non
903 3619 1158 3684 docet,et
1188 3620 1286 3691 qui
1321 3622 1447 3690 ejus
1479 3621 1835 3677 scandalizat
1865 3623 2083 3694 episco-

437 3724 580 3781 pum
612 3706 698 3763 vel
730 3707 1112 3763 sacerdotem.
1150 3709 1332 3780 lmpie
1361 3726 1615 3781 namque
1655 3715 1913 3782 agentes,
1945 3716 2084 3766 sunt

437 3795 627 3869 impii,
671 3811 861 3869 neque
895 3794 1223 3868 intelligent
1250 3814 1455 3853 omnes
1494 3798 1680 3869 impii,
1708 3815 1877 3870 porro
1930 3800 2082 3854 docti

437 3885 784 3958 intelligent.
821 3886 1022 3942 Omnes
1053 3887 1199 3940 enim
1233 3887 1468 3941 invicem
1524 3887 1896 3943 humilitatem
1943 3890 2081 3944 insi-

440 3983 628 4043 nuate,
661 3976 799 4047 quia
827 3979 968 4031 Deus
997 3975 1247 4048 superbis
1295 3977 1518 4042 resistit,
1576 3977 1877 4031 humilibus
1907 3981 2086 4032 autem

443 4066 538 4121 dat
559 4067 801 4134 gratiam
817 4064 1290 4135 “.Nolite,inquit
1308 4065 1565 4120 Joannes
1590 4065 1910 4138 apostolus,
1937 4068 2089 4120 omni

443 4154 674 4226 spiritui
700 4154 936 4224 credere,
968 4153 1063 4209 sed
1090 4155 1313 4226 probate
1340 4156 1596 4225 spiritus,
1624 4158 1675 4209 si
1703 4171 1770 4210 ere
1799 4157 1903 4210 Deo
1931 4164 2088 4217 sunt;

445 4244 755 4314 quoniam;
783 4243 1259 4315 pseudoprophetis
1289 4246 1546 4300 exierunt
1567 4247 1623 4299 in
1655 4245 1922 4299 mundum
1951 4245 2092 4299 “.Et

444 4331 601 4387 idem
631 4330 770 4402 ipse
803 4330 937 4385 alibi
971 4331 1070 4385 ait:
1085 4333 1176 4388 Vos
1199 4333 1336 4404 quod
1361 4333 1597 4388 audistis
1618 4333 1685 4386 ab
1727 4335 1980 4402 initio,in
2002 4348 2092 4388 vos

449 4421 532 4476 bis
559 4427 898 4492 permaneat.
929 4419 991 4474 Si
1023 4421 1082 4474 in
1110 4420 1257 4476 vobis
1281 4423 1648 4492 permanserit
1669 4421 1808 4492 quod
1835 4423 1902 4476 ab
1934 4423 2093 4477 initio

449 4508 682 4565 audistis
712 4516 763 4564 et
792 4524 882 4564 vos
914 4511 974 4563 in
1002 4509 1142 4564 Filio
1171 4513 1224 4564 et
1254 4512 1416 4565 Patre
1459 4511 1843 4566 manebitis.Et
1871 4517 1986 4567 haec
2015 4513 2094 4565 est

2188 3356 2250 3409 in
2278 3369 2333 3408 se
2359 3360 2691 3408 manentem.
2724 3352 2784 3406 In
2814 3351 2911 3408 hoc
2964 3355 3310 3424 cognovimus
3355 3351 3685 3406 charitatem
3711 3351 3832 3416 Dei,

2191 3443 2453 3514 quoniam
2482 3441 2578 3495 ille
2617 3456 2717 3512 pro
2746 3442 2904 3496 nobis
2949 3441 3198 3495 animam
3235 3456 3394 3495 suam
3419 3441 3617 3510 posuit,
3651 3442 3704 3493 et
3734 3454 3831 3494 nos

2188 3531 2446 3586 debemus
2474 3545 2570 3600 pro
2600 3529 2869 3599 fratribus
2897 3531 3114 3583 animas
3156 3545 3380 3600 ponere.
3431 3528 3536 3595 Qui
3580 3527 3838 3582 habuerit

2190 3620 2554 3675 substantiam
2583 3617 2745 3688 hujus
2791 3617 3004 3686 mundi,
3055 3625 3107 3672 et
3150 3617 3349 3672 viderit
3387 3619 3628 3686 fratrem
3674 3631 3840 3670 suum

2189 3709 2564 3764 necessitatem
2594 3707 2814 3770 habere,
2847 3710 2900 3760 et
2925 3706 3188 3761 clauserit
3234 3707 3440 3760 viscera
3485 3721 3590 3758 sua
3630 3703 3699 3759 ab
3754 3719 3835 3770 eo,

2192 3797 2452 3870 quomodo
2511 3797 2756 3852 charitas
2816 3797 2914 3850 Dei
2967 3797 3151 3850 manet
3217 3796 3276 3848 in
3330 3809 3390 3849 eo
3416 3792 3654 3848 ?Filioli
3707 3794 3836 3859 mei,

2192 3900 2303 3939 non
2350 3883 2650 3954 diligamus
2701 3884 2858 3938 verbo
2905 3898 3076 3953 neque
3141 3881 3360 3952 lingua,
3440 3879 3530 3935 sed
3581 3896 3747 3951 opere
3792 3887 3845 3934 et

2196 3975 2443 4028 veritate.
2495 3975 2556 4026 In
2607 3971 2709 4025 hoc
2755 3972 3127 4040 cognoscimus
3174 3971 3440 4042 quoniam
3503 3985 3577 4024 ex
3612 3971 3842 4025 veritate

2196 4079 2406 4130 sumus,
2439 4069 2488 4115 et
2520 4063 2578 4114 in
2607 4065 2889 4130 conspectu
2925 4062 3042 4132 ejus
3086 4060 3381 4114 suademus
3429 4057 3584 4113 cordi
3629 4063 3836 4113 nostro.

2201 4152 2468 4220 Quoniam
2493 4151 2542 4204 si
2568 4149 2981 4220 reprehenderit
3005 4165 3104 4204 nos
3131 4164 3226 4203 cor
3253 4155 3526 4214 nostrum,
3560 4148 3740 4218 major
3767 4155 3844 4202 est

2202 4243 2339 4297 Deus
2387 4239 2545 4294 corde
2591 4242 2794 4304 nostro,
2845 4243 2899 4291 et
2944 4239 3095 4292 novit
3139 4238 3347 4292 omnia.
3401 4234 3749 4305 Charissimi,
3796 4236 3846 4289 si

2200 4346 2292 4386 cor
2319 4332 2570 4384 nostrum
2597 4343 2709 4382 non
2736 4325 3153 4398 reprehenderit
3195 4340 3316 4392 nos,
3364 4325 3630 4396 ﬁduciam
3680 4323 3843 4378 habe-

2201 4435 2326 4474 mus
2371 4417 2441 4471 ad
2488 4417 2702 4471 Deum:
2735 4421 2788 4470 et
2821 4414 3084 4486 quidquid
3125 4415 3472 4486 petierimus,
3515 4414 3846 4484 accipiemus

2203 4509 2270 4564 ab
2298 4523 2382 4575 eo,
2415 4506 2676 4576 quoniam
2700 4503 2961 4558 mandata
3003 4503 3118 4574 ejus
3163 4502 3518 4569 custodimus,
3548 4505 3602 4556 et
3630 4516 3696 4556 ea
3724 4514 3846 4572 quae

454 4601 999 4669 repromissio,quam
1031 4597 1143 4669 ipse
1169 4598 1452 4667 pollicitus
1480 4608 1557 4654 est
1585 4600 1736 4654 vobis
1757 4600 1923 4654 vitam
1950 4607 2103 4655 teter-
2128 4604 2173 4668 ᾖ)
2207 4601 2336 4652 sunt
2361 4595 2567 4666 placita
2595 4609 2777 4648 coram
2801 4608 2886 4660 eo,
2914 4594 3170 4662 facimus.
3203 4592 3270 4645 Et
3300 4591 3397 4646 hoc
3425 4593 3502 4645 est
3527 4589 3850 4644 mandatum

457 4707 590 4745 nam
619 4689 682 4742 ⁵⁷.
717 4692 855 4744 Ηιῖσ
884 4688 1086 4758 scripsi
1113 4688 1262 4741 vobis
1301 4687 1366 4742 de
1410 4689 1500 4742 his
1546 4690 1646 4758 qui
1690 4688 1952 4744 seducunt
1999 4707 2112 4745 vos.

2223 4689 2338 4754 eius
2369 4702 2386 4737 :
2422 4684 2484 4740 Ut
2509 4683 2803 4738 credamus
2827 4683 2888 4736 in
2917 4682 3138 4736 nomine
3165 4679 3301 4734 Filii
3349 4680 3468 4749 eius
3515 4680 3643 4734 Iesu
3697 4676 3851 4733 Chri-

457 4783 532 4836 Et
562 4779 744 4833 unctio
777 4793 940 4847 quam
967 4778 1254 4848 accepistis
1282 4777 1349 4831 ab
1379 4793 1459 4845 eo,
1491 4781 1720 4833 maneat
1751 4779 1806 4832 in
1838 4779 2006 4833 vobis.
2042 4779 2108 4832 Et
2214 4777 2305 4847 sti,
2338 4781 2397 4828 ut
2426 4772 2729 4841 diligamus
2753 4771 3105 4838 alterutrum,
3150 4771 3292 4824 sicut
3338 4767 3492 4824 dedit
3534 4766 3857 4822 mandatum

459 4885 570 4925 non
597 4882 809 4923 necesse
837 4866 1043 4921 habetis
1087 4873 1150 4920 ut
1195 4867 1397 4936 aliquis
1443 4866 1631 4921 doceat
1661 4883 1751 4922 vos
1776 4885 1795 4921 :
1825 4866 1920 4922 sed
1964 4869 2108 4922 sicut

455 4958 641 5014 unctio
671 4956 789 5028 ejus
837 4955 992 5011 docet
1048 4970 1138 5010 vos
1174 4955 1242 5010 de
1297 4956 1571 5022 omnibus,
1621 4963 1672 5010 et
1700 4971 1895 5010 verum
1925 4964 2023 5024 est,
2057 4959 2110 5010 et

450 5063 561 5103 non
591 5053 669 5103 est
700 5043 1070 5100 mendacium.
1107 5045 1171 5097 Et
1200 5045 1342 5098 sicut
1389 5043 1572 5099 docuit
1620 5060 1729 5114 vos,
1780 5054 2000 5100 manete
2049 5047 2108 5100 in

453 5152 532 5193 eo.
565 5136 629 5191 Et
657 5151 824 5201 nunc,
855 5133 1040 5201 ﬁlioli,
1074 5141 1293 5188 manete
1323 5134 1381 5188 in
1410 5149 1490 5199 eo,
1526 5141 1606 5200 ut,
1662 5150 1789 5189 cum
1837 5150 2110 5205 apparue-

457 5226 557 5295 rit,
586 5224 884 5279 habeamus
912 5222 1257 5293 ﬁduciam,et
1288 5239 1401 5276 non
1426 5223 1837 5292 confundamur
1869 5224 1935 5278 ab
1966 5239 2028 5279 eo
2050 5225 2112 5278 in

2215 4865 2392 4920 nobis.
2424 4863 2491 4916 Et
2518 4862 2614 4931 qui
2641 4867 2822 4916 servat
2862 4858 3124 4914 mandata
3168 4861 3290 4930 ejus
3335 4859 3395 4912 in
3449 4856 3547 4911 illo
3575 4859 3782 4924 manet,
3808 4860 3859 4910 et

2217 4957 2332 5025 ipse
2360 4954 2419 5007 in
2454 4965 2534 5006 eo.
2566 4950 2632 5005 Et
2660 4953 2720 5004 in
2749 4949 2846 5003 hoc
2873 4949 3099 5012 scimus,
3140 4947 3398 5017 quoniam
3445 4949 3631 5001 manet
3661 4947 3719 4999 in
3759 4960 3860 4999 no-

2221 5043 2304 5098 bis
2327 5041 2392 5095 de
2419 5041 2623 5110 spiritu
2653 5053 2815 5109 quem
2842 5036 2993 5092 dedit
3015 5037 3172 5091 nobis
3201 5035 3292 5088 ‘3‘.
3325 5035 3369 5069 59
3399 5034 3471 5089 Et
3525 5033 3681 5089 sicut
3710 5032 3858 5088 Deus

2220 5127 2566 5198 creator,qui
2599 5126 2897 5182 hominem
2929 5124 2998 5180 ad
3029 5122 3480 5179 similitudinem
3513 5137 3684 5178 suam
3714 5136 3862 5176 crea-

2221 5219 2323 5288 vit,
2356 5221 2444 5272 est
2465 5216 2747 5282 charitas,
2767 5219 2857 5269 est
2885 5213 3100 5282 bonus,
3118 5213 3346 5283 justus,
3388 5209 3642 5282 patiens,
3694 5213 3862 5278 atque

531 5352 574 5385 ⁸⁷
610 5351 772 5405 Deut.
803 5367 905 5415 xu,
940 5352 1024 5405 13.
1084 5351 1126 5385 ⁴⁸
1158 5349 1238 5405 De
1269 5365 1527 5404 consecr.
1563 5349 1700 5404 dist.
1740 5350 1788 5419 t,
1813 5351 2101 5419 Episcopus
2122 5347 2227 5402 Deo
2258 5342 2596 5419 sacriﬁcans.
2658 5342 2802 5419 ‘fpx
2823 5337 3282 5419 hieronymiapa
3300 5335 3583 5419 vei-sione.
3636 5332 3687 5419 ξο
3709 5329 3859 5419 ,Ρξςξο

463 5439 524 5487 ιι,
561 5403 770 5485 ΠΑΞ.
807 5403 1048 5476 ante.
1083 5403 1187 5486 χιιζ
1215 5403 1550 5476 ἐξίωῡειη.
1582 5403 1788 5491 111,33?
1844 5403 2074 5475 έεΜέιι]

2186 5434 2234 5486 :1,
2264 5418 2346 5491 δέ
2374 5403 2511 5491 huc.
2544 5429 2642 5477 v11,
2672 5412 2790 5491 23;
2810 5403 3247 5491 _“Apistiu..9§.
3308 5405 3412 5462 Ille
3459 5403 3651 5478 procul
3680 5403 3864 5491 dubio,

461 5493 506 5527 εδ
535 5491 556 5547 1
587 5495 737 5546 Petr.
762 5553 772 5559 ,
800 5510 854 5559 ν,
884 5495 936 5548 5.

461 5566 506 5601 ⁶⁹
537 5565 596 5620 S.
630 5553 966 5620 Ambrﬁlib.
1004 5569 1082 5619 De
1110 5553 1671 5634 dz'gnitatc'hominis,
1705 5580 1754 5618 c.
1789 5553 1842 5618 3.

999 5493 1042 5528 ⁵⁸
1074 5493 1094 5548 Ι
1124 5497 1286 5548 Joan.
1326 5509 1397 5560 ιν,
1434 5494 1484 5547 1.
1563 5493 1604 5526 ⁵⁷
1630 5493 1808 5555 nobis,
1843 5493 1953 5547 vita
2003 5498 2226 5555 zrterna,

2307 5478 2595 5556 5"’IJoan,
2649 5501 2710 5554 ιι,
2761 5483 2949 5537 24-29.
3005 5481 3073 5514 ⁵⁸·
3121 5478 3145 5534 Ῑ
3193 5479 3364 5535 Joan.
3419 5495 3483 5533 III
3534 5492 3636 5550 per
3685 5478 3864 5529 totum

531 5673 610 5744 (7)
636 5671 726 5726 Sic
748 5671 895 5727 enim
926 5676 977 5726 et
1003 5669 1231 5740 apostoli
1259 5671 1590 5725 statuerunt.
1621 5669 1852 5726 Ganone
1881 5669 1917 5723 9
1945 5671 2003 5724 et
2034 5667 2119 5723 10.
2151 5666 2276 5724 Ssv.
2304 5665 2530 5722 BINIUS.
