4086 6342
268 411 387 473 797

1760 409 2188 476 EPISTOLE.

3560 407 3683 473 798

271 544 435 602 mitis
462 546 521 603 et
550 543 905 618 misericors,
937 551 993 605 et
1025 549 1229 607 caetera
1260 550 1592 606 sanctarum
1635 546 1915 603 virtutum
1946 548 2001 614 Α
2030 548 2089 602 in
2117 553 2387 603 aeternum
2413 542 2825 616 ﬂuctuationem
2869 542 3018 617 justo
3047 544 3112 600 ⁸⁸.
3145 543 3190 579 ⁸⁸
3247 542 3453 601 Omnis
3506 543 3665 599 enim

268 632 547 707 insignia,
596 653 725 709 quis
781 637 851 693 de
908 654 972 693 eo
1004 638 1417 711 legenturzita
1463 639 1636 694 homo
1695 640 1924 693 creatus

268 728 359 780 est
387 728 453 780 ut
473 724 815 783 charitatem
848 726 1109 793 haberet,
1134 732 1197 783 ut
1219 729 1406 784 bonus
1437 733 1591 784 esset
1620 731 1677 783 et
1699 727 1923 797 justus,

266 818 335 869 ut
364 815 594 886 patiens
625 816 1006 886 atquemitis,
1035 818 1293 873 mundus
1315 822 1373 873 et
1394 816 1723 872 misericors
1758 815 1923 869 foret.

264 904 420 967 Quas
449 903 693 959 virtutes
723 909 941 975 quanto
967 904 1101 976 plus
1155 906 1407 977 quisque
1439 904 1498 959 in
1521 904 1711 975 seipse
1731 902 1925 971 habet,

264 994 427 1046 tanto
457 992 695 1064 propior
719 997 808 1049 est
838 997 947 1048 Deo
975 998 1031 1049 et
1060 996 1251 1065 major
1282 998 1390 1061 est,
1424 1010 1489 1049 ac
1532 993 1622 1048 sui
1667 989 1923 1047 condito-

266 1079 353 1135 ris
383 1080 533 1152 gerit
562 1080 1026 1138 similitudinem.
1052 1082 1110 1137 Si
1133 1098 1289 1148 vero,
1323 1083 1477 1154 quod
1503 1080 1656 1137 absit
1679 1080 1691 1135 Ξ
1714 1078 1928 1151 aliquis

266 1185 374 1241 per
402 1169 567 1225 devia
595 1170 867 1226 vitiorum
897 1176 952 1227 et
996 1172 1243 1228 divortia
1298 1172 1634 1238 criminum,
1684 1170 1757 1225 ab
1814 1168 1923 1222 hac

267 1256 641 1314 nobilissima
672 1260 762 1315 sui
795 1260 1109 1317 conditoris
1141 1260 1524 1316 similitudine
1553 1261 1802 1332 degener
1822 1256 1921 1311 ab-

267 1350 446 1414 erret,
478 1351 620 1403 tunc
648 1347 746 1403 fiet
775 1348 845 1404 de
876 1365 942 1405 eo
969 1350 1125 1420 quod
1157 1350 1441 1420 scriptum
1487 1352 1575 1403 est
1610 1366 1622 1403 :
1655 1348 1719 1401 Et
1774 1352 1928 1401 homo

269 1449 399 1489 cum
422 1436 481 1489 in
520 1436 719 1492 honore
745 1446 905 1507 esset,
952 1453 1061 1493 non
1110 1439 1385 1493 intellexit
1420 1456 1431 1493 :
1465 1444 1807 1507 comparatus
1854 1440 1931 1489 est

260 1516 536 1588 iumentis
584 1526 993 1598 insipientibus,
1026 1535 1079 1581 et
1124 1527 1329 1582 similis
1385 1526 1571 1599 factus
1601 1528 1678 1581 est
1721 1524 1833 1578 illis
1864 1522 1928 1574 ⁸ο.

273 1612 383 1678 Qui
415 1614 605 1685 major
624 1615 811 1670 honor
854 1615 1043 1687 potuit
1073 1614 1296 1671 homini
1329 1631 1481 1681 esse,
1532 1629 1708 1685 quam
1740 1615 1804 1667 ut
1860 1610 1932 1666 ad

271 1701 726 1760 similitudinem
773 1704 865 1758 sui
910 1704 1144 1759 factoris
1199 1704 1565 1771 conderetur,
1607 1706 1663 1757 et
1715 1700 1933 1757 eisdem

270 1789 564 1846 virtutum
595 1790 963 1848 vestimentis
1000 1795 1327 1853 ornaretur.
1384 1791 1601 1862 quibus
1642 1793 1698 1845 et
1728 1786 1934 1844 condi-

282 1880 423 1935 tor?
476 1881 551 1935 De
603 1898 715 1952 quo
750 1880 1009 1953 legitur:
1063 1883 1332 1936 Dominus
1372 1882 1639 1951 regnavit,
1685 1878 1931 1933 decorem

272 1969 501 2024 indutus
530 1978 610 2025 est
639 1971 681 2004 δι
705 1988 718 2037 ;
742 1970 799 2024 id
832 1974 919 2025 est
948 1970 1210 2025 omnium
1261 1969 1543 2024 virtutum
1600 1967 1930 2039 splendore,

266 2063 337 2113 et
366 2058 549 2113 totius
579 2058 862 2114 bonitatis
889 2059 1093 2115 decore
1124 2062 1385 2113 ornatus.
1424 2058 1519 2112 Vel
1551 2058 1703 2128 quod
1736 2057 1930 2127 majus

272 2147 506 2202 homini
536 2152 727 2219 potest
755 2164 883 2203 esse
916 2148 1168 2203 dedecus
1192 2189 1205 2213 ,
1238 2152 1338 2202 aut
1366 2146 1650 2202 infelicior
1670 2144 1927 2210 miseria,

276 2253 458 2308 quam
493 2240 559 2291 ut
590 2236 696 2292 hac
755 2236 1161 2292 similitudinis
1219 2234 1406 2308 gloria
1463 2235 1552 2290 sui
1614 2233 1929 2289 conditoris

275 2326 519 2396 amissa,
553 2325 623 2381 ad
656 2324 965 2381 informem
999 2328 1054 2379 et
1110 2323 1569 2380 irrationabilem
1619 2323 1927 2378 brutorum

264 2413 796 2485 jumentorumque
826 2412 1271 2468 similitudinem
1304 2410 1652 2468 delabatur?
1680 2411 1931 2481 Quapro-

275 2507 406 2574 pter
453 2503 703 2575 quisque
741 2501 1084 2574 diligentius
1121 2502 1383 2557 attendat
1413 2500 1616 2573 primae
1645 2498 1927 2555 conditio-

272 2591 370 2647 nis
402 2608 519 2646 suae
567 2589 985 2657 excellentiam,
1030 2594 1096 2644 ut
1143 2591 1529 2645 venerandam
1561 2592 1774 2644 sanctae
1804 2588 1928 2643 Tri-

284 2679 491 2736 nitatis
521 2680 580 2735 in
610 2696 673 2735 se
700 2679 827 2751 ipso
857 2678 1175 2751 imaginem
1206 2683 1503 2751 agnoscat,
1531 2678 1931 2747 honoremque

279 2767 690 2825 similitudinis
721 2766 951 2837 divinas,
982 2768 1052 2821 ad
1086 2784 1263 2838 quam
1294 2770 1523 2821 creatus
1581 2769 1670 2821 est
1718 2764 1930 2819 nobili-

280 2863 465 2913 tatem
496 2859 543 2892 ⁶²
574 2873 827 2924 morum,
862 2855 1291 2911 exsecutionem
1339 2856 1644 2921 virtutum,
1678 2853 1929 2925 dignita-

274 2950 401 3004 tem
433 2946 777 3002 meritorum
803 2946 1017 3000 habere
1047 2945 1391 3012 contendat;
1442 2948 1507 2999 ut
1556 2944 1791 3015 quando
1836 2960 1931 3014 ap-

279 3036 539 3109 paruerit
571 3034 762 3107 qualis
812 3034 909 3104 sit,
938 3039 1078 3089 tunc
1134 3033 1343 3089 similis
1375 3034 1424 3088 ei
1476 3037 1769 3105 appareat,
1829 3031 1929 3102 qui

280 3142 344 3181 se
376 3124 723 3180 mirabiliter
769 3124 839 3177 ad
898 3122 1347 3178 similitudinem
1409 3140 1577 3177 suam
1636 3122 1694 3176 in
1744 3122 1930 3192 primo

278 3216 461 3271 Adam
492 3212 769 3281 condidit,
822 3212 1269 3283 mirabiliusque
1325 3212 1384 3266 in
1444 3210 1699 3265 secundo
1750 3210 1928 3264 refor-

279 3302 480 3359 mavit.

351 3392 555 3448 Omnis
585 3406 720 3461 ergo
750 3391 946 3459 homo,
1005 3390 1104 3461 qui
1137 3391 1207 3445 ad
1242 3390 1555 3461 imaginem
1592 3388 1687 3444 Dei
1739 3388 1926 3443 factus

280 3487 391 3547 est,
424 3479 593 3535 illum
618 3480 789 3535 debet
817 3479 1056 3547 imitari,
1084 3480 1254 3549 cujus
1282 3479 1352 3533 ad
1375 3477 1690 3550 imaginem
1726 3476 1923 3532 condi-

278 3575 378 3626 tus
399 3573 489 3625 est
514 3585 527 3623 :
553 3567 711 3623 illius
742 3568 912 3625 debet
933 3569 1097 3639 sequi
1127 3568 1390 3639 vestigia,
1414 3567 1513 3638 qui
1538 3583 1671 3622 eum
1685 3567 1755 3621 ad
1775 3565 1925 3620 ima-

277 3660 477 3733 ginem
512 3657 604 3714 sui
637 3657 912 3713 condidit.
944 3655 1350 3712 Consiliarium
1382 3672 1515 3710 vero
1547 3672 1612 3709 ac
1644 3660 1927 3726 protecto-

278 3765 403 3805 rem
433 3746 731 3803 meliorem
756 3745 1007 3817 reperire
1037 3762 1150 3800 non
1169 3743 1399 3817 poterit,
1425 3761 1597 3815 quam
1633 3742 1800 3798 illum
1824 3743 1924 3815 qui

280 3854 416 3894 eum
450 3836 520 3891 ad
551 3835 863 3907 imaginem
899 3834 989 3889 sui
1023 3832 1298 3902 condidit,
1341 3832 1441 3904 qui
1491 3848 1623 3888 eum
1674 3833 1924 3903 pretioso

279 3926 573 3998 sanguine
602 3940 704 3980 suo
737 3921 1003 3989 redemit,
1036 3925 1092 3976 et
1123 3925 1359 3993 propter
1387 3936 1521 3975 eum
1579 3921 1755 3977 homo
1803 3921 1925 3977 fieri

278 4032 402 4071 non
437 4017 527 4069 est
556 4012 926 4084 dedignatus.
963 4011 1143 4073 Quem
1176 4008 1376 4081 procul
1435 4010 1613 4065 dubio
1653 4009 1926 4077 inveniet,

278 4105 333 4162 si
366 4103 426 4158 in
458 4119 590 4157 eum
623 4105 806 4156 totam
839 4115 1002 4170 spem
1035 4115 1225 4167 suam,
1248 4100 1418 4168 juxta
1450 4098 1777 4153 Psalmistae
1826 4116 1930 4154 vo-

273 4208 429 4259 cem,
461 4187 787 4262 projecerit.
818 4188 914 4243 Ait
944 4188 1289 4257 namque”:
1346 4189 1559 4258 Projice
1603 4204 1769 4259 super
1818 4193 1931 4242 Do-

273 4296 497 4337 minum
524 4279 848 4335 charitatem
868 4280 1044 4345 tuam,
1062 4284 1112 4331 et
1143 4277 1257 4347 ipse
1287 4285 1339 4331 te
1366 4278 1621 4344 enulriet,
1653 4292 1752 4332 nec
1780 4276 1932 4332 dabit

2037 635 2211 691 homo
2242 635 2301 690 in
2332 652 2439 691 sua
2486 651 2665 691 causa
2706 634 3001 705 deficiens,
3035 638 3093 690 et
3141 633 3201 690 in
3232 633 3358 690 suis
3402 630 3680 689 hasitans

2034 723 2314 793 consiliis,
2340 724 2546 795 quaerit
2569 724 2680 779 sibi
2704 723 2957 780 amicum
2982 723 3234 791 fidelem,
3266 722 3325 778 in
3348 722 3518 793 cujus
3548 737 3685 777 con-

2037 812 2206 882 siliis,
2236 812 2513 879 confidat,
2536 812 2634 884 qui
2668 812 2727 867 in
2750 812 2873 868 suis
2891 812 3191 867 difﬁdebat
3215 828 3227 866 :
3252 814 3309 866 et
3328 810 3505 866 talem
3536 809 3685 866 fidu-

2036 901 2185 957 ciam
2218 900 2393 956 habet
2417 901 2477 955 in
2509 899 2628 968 illo,
2663 905 2727 955 ut
2747 917 2919 957 omne
2968 904 3257 957 secretum
3295 899 3387 956 sui
3432 898 3683 971 pectoris

2035 990 2085 1046 ei
2118 990 2334 1061 pandat
2363 994 2420 1045 et
2450 990 2690 1061 aperiat.
2726 990 2831 1055 Qui
2873 988 3102 1045 dulcius
3159 994 3248 1044 est
3279 1005 3455 1060 quam
3488 992 3553 1043 ut
3579 988 3685 1043 ha-

2034 1079 2175 1134 beas
2196 1076 2363 1133 illum
2380 1080 2446 1144 ⁸⁸,
2464 1095 2598 1134 cum
2622 1094 2737 1149 quo
2758 1078 2955 1134 omnia
2974 1077 3162 1150 possis
3184 1076 3341 1147 loqui
3367 1079 3434 1132 ut
3452 1076 3687 1132 tecum?

2038 1167 2097 1223 Si
2128 1167 2240 1222 ista
2287 1183 2421 1222 cum
2480 1166 2820 1223 hominibus
2876 1167 3047 1234 ﬁunt,
3078 1169 3295 1237 quanto
3328 1165 3517 1237 magis
3547 1180 3682 1220 cum

2038 1256 2154 1312 Deo
2185 1255 2294 1311 hoc
2316 1259 2405 1312 est
2434 1256 2748 1328 agendum,
2780 1254 2881 1326 qui
2911 1271 3115 1311 omnes
3144 1253 3270 1310 vult
3296 1253 3486 1311 salvos
3534 1252 3684 1320 fieri,

2040 1349 2097 1401 et
2128 1345 2421 1401 neminem
2452 1345 2639 1416 perire
2658 1344 2745 1398 ‘l"
2778 1344 2925 1402 Nam
2957 1343 3008 1400 si
3037 1343 3316 1399 veraciter
3344 1342 3528 1398 Deum
3558 1357 3681 1398 cre-

2040 1432 2258 1504 dimus,
2282 1449 2534 1505 eumque
2556 1431 2855 1505 diligimus
2888 1435 2951 1487 ut
2972 1431 3273 1498 debemus,
3306 1435 3363 1487 et
3389 1429 3684 1502 proximos

2040 1521 2193 1579 sicut
2248 1522 2663 1594 nosmetipsos,
2711 1522 2769 1577 in
2800 1537 2935 1577 eum
2995 1537 3225 1593 quoque
3277 1524 3462 1576 totam
3522 1533 3687 1591 spem

2040 1611 2460 1683 projecerimus
2492 1617 2753 1667 nostram
2786 1628 2799 1680 ;
2828 1611 2953 1682 ipse
2984 1626 3089 1665 nos
3109 1608 3315 1682 eripiet
3340 1613 3397 1665 et
3424 1606 3690 1664 consola-

2042 1701 2218 1755 bitur.
2253 1701 2321 1755 Et
2344 1701 2496 1756 sicut
2528 1717 2630 1772 per
2649 1700 2921 1773 angelum
2948 1698 3429 1766 suum,Habacuc
3450 1696 3695 1770 prophe-

2041 1793 2161 1844 tam
2198 1805 2332 1844 cum
2382 1789 2625 1861 prandio
2652 1789 2710 1843 in
2743 1788 2935 1844 lacum
2971 1789 3206 1843 leonum
3262 1788 3335 1843 ad
3393 1784 3692 1843 Danielem

2041 1882 2230 1933 vatem
2264 1879 2424 1934 misit
2442 1878 2508 1948 ⁸⁸,
2534 1882 2597 1933 ‘et
2627 1877 2986 1950 Philippum,
3010 1894 3195 1933 unum
3227 1877 3298 1933 de
3320 1881 3543 1949 septem
3574 1873 3694 1930 dia-

2042 1966 2307 2035 conibus,
2341 1967 2411 2021 ad
2460 1966 2797 2022 eunuchum
2818 1967 2883 2033 σθ,
2916 1966 2999 2022 ita
3030 1966 3193 2022 dabit
3222 1966 3391 2022 nobis
3423 1962 3691 2021 consola-

2038 2055 2256 2111 tionem
2289 2059 2345 2111 et
2374 2054 2798 2111 liberationem.
2833 2055 2961 2110 Hinc
2992 2054 3313 2122 sectamini,
3338 2053 3694 2121 charissimi,

2038 2149 2096 2200 et
2127 2142 2274 2199 nulli
2307 2161 2569 2216 unquam
2606 2148 2822 2200 nocete.
2857 2144 3089 2200 Fratres
3118 2143 3281 2212 estis,
3315 2143 3563 2199 invicem
3593 2158 3695 2198 vos

2041 2233 2284 2305 diligite,
2318 2237 2384 2289 ut
2411 2234 2531 2289 veri
2561 2233 2791 2289 Domini
2825 2232 3100 2305 discipuli
3141 2232 3292 2287 effici
3324 2229 3691 2288 mereamini.

2038 2321 2186 2380 Nam
2218 2322 2315 2393 qui
2347 2321 2585 2377 rancida
2614 2322 2789 2377 corda
2816 2321 3073 2377 virorum
3104 2321 3148 2355 7°
3170 2320 3375 2391 inficit,
3409 2318 3695 2375 malitiam

2038 2411 2191 2467 inter
2220 2410 2491 2466 homines
2535 2411 2760 2482 spargit
2792 2427 2805 2466 :
2838 2414 2895 2465 et
2924 2410 3023 2482 qui
3053 2408 3307 2465 detrahit
3336 2408 3499 2464 fratri
3558 2423 3685 2475 suo,

2037 2498 2333 2555 homicida
2361 2503 2468 2555 est.
2502 2500 2544 2536 ⁷¹
2578 2500 2647 2555 Et
2675 2499 2771 2571 qui
2803 2497 3109 2555 abstulerit
3138 2496 3357 2569 aliquid
3400 2495 3551 2568 patri
3602 2494 3690 2552 vel

2039 2588 2236 2655 matri,
2268 2588 2525 2661 dicitque
2558 2587 2667 2643 hoc
2696 2590 2999 2659 peccatum
3030 2603 3147 2642 non
3177 2602 3324 2654 esse,
3376 2584 3684 2642 homicidae

2038 2676 2330 2749 particeps
2358 2680 2467 2733 est.
2498 2680 2670 2732 Pater
2688 2681 2887 2732 noster
2911 2675 3037 2731 sine
3058 2675 3233 2731 dubio
3264 2679 3416 2731 Deus
3446 2680 3554 2744 est,
3586 2672 3693 2745 qui

2039 2782 2146 2822 nos
2177 2766 2395 2822 creavit
2425 2782 2438 2820 :
2464 2770 2651 2821 mater
2678 2780 2813 2821 vero
2845 2768 3045 2821 nostra
3100 2763 3377 2833 Ecclesia,
3408 2780 3536 2835 quae
3583 2779 3689 2818 nos

2040 2855 2099 2910 in
2159 2854 2457 2926 baptismo
2516 2852 2902 2927 spiritualiter
2958 2852 3341 2925 regeneravit.
3395 2852 3540 2923 Ergo
3593 2849 3695 2922 qui

2040 2944 2257 2999 Christi
2290 2944 2568 3015 pecunias
2589 2948 2646 2999 et
2675 2942 2944 2999 Ecclesia:
2974 2943 3147 3014 rapit,
3180 2941 3370 2997 aufert
3397 2940 3485 2996 vel
3536 2940 3695 2995 frau-

2042 3034 2160 3101 dat,
2186 3033 2479 3088 homicida
2500 3038 2609 3098 est,
2640 3036 2814 3103 atque
2844 3030 3141 3088 homicida
3159 3034 3293 3085 ante
3315 3032 3693 3100 conspectum

2032 3121 2181 3193 justi
2206 3121 2426 3192 judicis
2458 3138 2585 3177 esse
2615 3120 3011 3193 deputabitur.
3042 3118 3149 3182 Qui
3192 3118 3345 3189 rapit
3386 3115 3693 3189 pecuniam

2040 3210 2293 3282 proximi
2326 3209 2439 3280 sui,
2472 3209 2846 3282 iniquitatem
2878 3212 3183 3279 operatur:
3218 3205 3317 3277 qui
3352 3208 3547 3259 autem
3595 3218 3693 3275 pe-

1954 3280 1996 3347 Ο
2038 3280 2272 3355 cuniam
2305 3299 2393 3355 vel
2426 3316 2517 3355 res
2541 3280 2808 3355 Ecclesia
2839 3295 3167 3362 abstulerit,
3198 3292 3574 3364 sacrilegium
3606 3292 3691 3347 fa-

2035 3388 2113 3444 cit
2134 3388 2200 3444 ”.
2234 3387 2543 3459 Privilegia
2572 3388 2728 3444 enim
2781 3384 3159 3441 ecclesiarum
3209 3387 3267 3439 et
3297 3381 3690 3447 sacerdotum,

2036 3478 2229 3533 sancti
2288 3475 2555 3548 apostoli,
2595 3478 2771 3548 jussu
2832 3471 3170 3540 Salvatoris,
3232 3471 3582 3527 intemerata
3637 3473 3695 3525 et

2034 3564 2310 3621 inviolata
2388 3564 2663 3621 omnibus
2740 3564 3121 3619 decreverunt
3176 3573 3413 3616 manere
3460 3561 3694 3628 tempo-

2034 3654 2214 3711 ribus.

2816 3821 2917 3876 ΙΙΙ.

2180 3950 2254 4003 De
2308 3948 2615 4019 peregrinis
2664 3954 2718 4001 et
2769 3943 3203 4018 provincialibus
3248 3938 3549 4012 judicibus.

2111 4104 2287 4171 Leges
2302 4098 2565 4154 Ecclesiae
2586 4096 2903 4169 apostolica
2923 4097 3230 4149 firmamus
3252 4088 3615 4159 auctoritate,
3637 4089 3695 4142 et

2040 4187 2347 4261 peregrina
2368 4186 2595 4258 judicia
2624 4186 3039 4241 submovemus
3084 4183 3183 4254 (8).
3220 4179 3377 4237 Unde
3406 4181 3463 4235 et
3492 4176 3695 4234 Domi-

2044 4294 2158 4333 nus
2186 4275 2547 4332 mentionem
2595 4274 2813 4331 faciens
2854 4271 2980 4340 Lot,
3012 4287 3115 4344 per
3153 4271 3386 4341 Moysen
3416 4266 3692 4338 loquitur,

349 4492 569 4551 “Psal.
624 4508 818 4558 XLVIII,
874 4491 961 4545 13.
1041 4492 1083 4525 ⁶¹
1117 4490 1271 4546 Psal.
1332 4506 1465 4545 xcu.
1498 4490 1553 4544 4.
1630 4490 1675 4524 ⁶²
1708 4490 2026 4556 nobilitate,
2085 4493 2194 4545 etc.
2258 4490 2316 4542 in
2374 4503 2485 4542 ms.
2544 4487 2814 4558 Just.,et
2859 4488 2919 4541 in
2967 4486 3105 4541 edit.
3162 4479 3496 4558 Ambrosii._
3550 4479 3601 4558 σιξ
3626 4492 3694 4558 βξ

271 4567 435 4622 Hier.
514 4566 558 4609 6‘
582 4563 737 4619 Psal.
768 4555 880 4617 Liv.
903 4563 993 4617 23.
1070 4562 1115 4596 ⁸³
1144 4562 1417 4633 Eangith.
1459 4561 1760 4633 abbatissa
1790 4561 1848 4614 in
1878 4578 1970 4631 ep.
2006 4555 2078 4633 ad
2110 4561 2168 4616 S.
2201 4558 2591 4633 Bonifacium_
2627 4557 2895 4633 archiep._
2942 4555 3349 4633 Moguntinum

278 4654 437 4694 anno
483 4636 610 4690 754.
656 4634 857 4690 Cicero
914 4638 1001 4687 De
1046 4629 1318 4699 amicitia,
1378 4632 1660 4687 Martinus
1725 4629 2089 4695 Bracarensi,
2150 4636 2208 4685 et
2264 4629 2383 4685 alii.
2461 4630 2508 4665 ⁸⁸
2538 4629 2645 4685 Ms.

2685 4557 2881 4629 'chiep.
2942 4555 3349 4629 Moguntinum
3400 4549 3499 4621 qui
3550 4548 3696 4628 obiit

2685 4646 2848 4700 quam
2877 4629 3074 4700 habere
3102 4627 3313 4700 illum:
3376 4623 3419 4656 ⁸⁷
3469 4620 3489 4673 Ι
3536 4620 3689 4700 Tun.

278 4690 428 4777 ῐίέῐζ
506 4709 548 4743 ⁵⁸
578 4707 725 4761 Dan.
756 4722 852 4759 xiv
924 4706 969 4738 θ’
1001 4706 1116 4777 Act.
1150 4723 1273 4759 VIII.
1306 4690 1317 4699 ’
1352 4706 1396 4739 ⁷ο
1418 4706 1683 4759 vivorum.
1738 4706 1823 4758 Ita
1855 4721 1967 4759 ms.
2045 4690 2086 4737 τί
2112 4700 2437 4777 Bonifacius
2467 4717 2561 4777 _cp.
2616 4690 2705 4777 t5,
2736 4703 2805 4777 ad
2853 4698 3225 4755 Ethibaldum
3255 4695 3341 4757 12,
3400 4690 3687 4777 quaesti.

278 4775 736 4864 Quiiab'sjtpulerzlt.
788 4778 857 4831 Et
886 4775 1100 4864 partim
1154 4776 1369 4831 ibidem
1402 4793 1453 4831 c.
1510 4777 1637 4864 Qui
1679 4777 1880 4864 Chr-(isti

273 4852 449 4922 rapit.
487 4850 551 4904 Et.
582 4850 641 4903 in
674 4850 828 4903 decr.

275 4924 449 4992 Leges
479 4921 867 4975 ecclesiarum.

276 5010 371 5049 an.
405 4993 529 5046 856.

351 5197 430 5268 (8)
461 5195 771 5268 Peregrina
788 5194 1005 5266 judicia
1026 5193 1416 5268 submovemus.
1450 5190 1718 5268 Christus
1747 5192 1939 5268 Domi-

282 5263 551 5350 _n_u'_s,"qui
577 5263 695 5350 fuit
736 5263 922 5350 rex‘et
959 5265 1231 5350 sacerdos
1279 5264 1638 5350 secundum”
1671 5263 1935 5350 ordinem

278 5333 729 5403 Melchisedech,
757 5337 814 5391 in
850 5335 1106 5391 Ecclesia
1138 5333 1329 5406 regale
1354 5334 1748 5390 sacerdotium
1768 5335 1935 5389 insti-

281 5411 424 5475 tuit,
457 5408 755 5491 apostolis.
790 5423 1107 5491 eorumque
1153 5406 1603 5491 successoribus
1647 5406 1935 5491 episcopis

280 5476 519 5552 regendi
551 5485 607 5535 et
627 5478 933 5550 judicandi
982 5481 1325 5552 potestatem
1357 5476 1604 5552 contulit
1627 5494 1649 5552 _:
1686 5476 1935 5552 ideoque

280 5548 392 5608 hac
458 5548 705 5619 epistola
748 5567 854 5605 sua
916 5548 1232 5605 Anacletus
1281 5548 1557 5619 pontifex,
1609 5548 1932 5602 doctrinam

283 5569 392 5608 [180
458 5569 705 5676 εγιειοιᾶ
748 5569 854 5605 sua
916 5569 1232 5605 Ληᾶοιεξιυδ
1282 5569 1557 5619 ponulex,
1609 5569 1932 5602 (lOCU‘lIlalll

283 5625 341 5679 S.
378 5623 537 5699 Pan.
566 5625 597 5699 VIA
620 5623 697 5699 ad
721 5624 1423 5699 Co_r.,_cap.__VI,_secutus,
1456 5623 1627 5699 recte.
1653 5619 1932 5699 decernit,

284 5712 357 5751 ne
386 5694 701 5752 Christiani
733 5692 947 5749 ethnici
967 5689 1230 5761 alicujus
1262 5695 1365 5747 aut
1411 5689 1665 5747 inﬁdelis
1715 5690 1935 5761 judicis

1933 4778 2217 4846 pecunias-
2266 4776 2332 4846 Et
2358 4771 2418 4846 in
2450 4761 2601 4827 decr.
2630 4761 2788 4827 Lucii
2848 4785 3215 4846 papaz,_xvu,
3249 4761 3527 4846 quaest.
3590 4761 3695 4846 Qui

925 4846 1038 4901 ucii
1078 4864 1239 4919 papae
1286 4864 1411 4915 xxv,
1440 4833 1754 4915 quaestione
1779 4848 1836 4909 2,
1869 4833 2167 4915 Privilegia
2226 4844 2577 4898 ecclesiarum
2626 4852 2676 4897 et
2729 4833 3114 4898 sacehlbtht
3159 4833 3620 4961 III,_gua;stion.e
3640 4833 3695 4895 6,

946 4918 990 4951 79
1018 4916 1162 4961 Vidn.
1205 4918 1409 4961 Hinnm
1474 4918 1548 4961 lih
1603 4935 1671 4961 nr
1726 4918 1887 4961 (2,15-
1937 4923 1995 4961 et
2045 4916 2200 4961 Dial-
2260 4914 2323 4961 de
2378 4922 2519 4961 statu
2576 4916 2845 4961 Eccl/exim-
2908 4929 2971 4961 ac
3032 4908 3234 4961 concil.
3343 4917 3694 4961 arisiacense

946 4918 990 4951 ⁷³
1018 4908 1174 4973 Vide.
1201 4908 1432 4973 Hincm.
1459 4908 1568 4971 lib.
1603 4935 1691 4979 ιν,
1726 4934 1773 4972 c.
1803 4918 1889 4983 15,
1937 4923 1995 4973 et
2040 4908 2201 4972 Dial.
2260 4914 2323 4969 de
2378 4922 2519 4969 statu
2573 4916 2845 4979 Ecclesiae,
2908 4929 2971 4967 ac
3032 4908 3234 4966 concil.

3343 4903 3694 4961 arisiacense

2044 5191 2303 5247 tribunal
2382 5191 2611 5257 adeant,
2691 5186 3003 5257 litiumque
3082 5198 3322 5242 suarum
3378 5176 3696 5257 discussio-

2046 5280 2201 5331 nem,
2227 5262 2524 5334 judicium
2556 5248 2622 5334 ac
2655 5248 3054 5334 definitio-nem
3114 5257 3348 5334 petant,
3392 5253 3517 5334 Qua
3572 5248 3699 5321 lege

2045 5324 2349 5407 politicum
2394 5332 2766 5407 imperiuma
2815 5324 3135 5407 Deohené
3190 5324 3527 5407 institutum
3577 5336 3694 5407 neu

2043 5391 2291 5471 tollitur,
2331 5404 2433 5460 sed
2477 5391 2764 5457 'Ecclesiae
2810 5399 3070 5455 dominio
3101 5414 3166 5452 ac
3223 5394 3496 5471 potestati
3553 5391 3693 5447 sub-

2035 5468 2283 5547 jicitur.'
2313 5475 2455 5547 Vide
2489 5475 2702 5547 paron.
2765 5488 2860 5547 an.
2901 5471 3010 5547 _57,
3071 5485 3233 5547 num.
3262 5468 3365 5547 “24
3422 5470 3479 5522 et
3534 5478 3692 5547 seqq:

2045 5535 2231 5618 usque
2262 5547 2331 5601 ad
2367 5546 2453 5599 42.
2489 5542 2755 5599 Bellarm.
2790 5543 2863 5597 De
2893 5544 3043 5597 Rom.
3073 5544 3227 5611 pont.
3262 5538 3361 5595 lib.
3394 5555 3447 5604 ν,
3481 5554 3532 5591 c.
3566 5535 3597 5590 4
3639 5538 3697 5589 et

2044 5634 2207 5689 seqq.
2241 5619 2323 5674 In.
