4086 6342
393 359 511 423 799

1763 362 2149 428 ANAGLETI
2190 364 2427 427 PAP/E

3681 362 3803 428 800

390 494 588 551 dicens
623 511 636 551 :
689 499 974 567 Ingressus
1027 511 1084 554 es
1137 496 1374 569 quidem,
1408 500 1687 571 inquiunt,
1733 509 1793 556 ut
1819 500 2028 556 advena
2056 501 2110 567 Α
2142 500 2262 554 rint
2289 499 2662 571 quaestiones,
2697 501 2799 576 aut
2827 498 3239 571 episcoporum
3269 497 3359 555 vel
3387 498 3684 571 majorum
3707 500 3805 571 ju-

388 584 639 657 nunquid
669 591 732 640 ut
752 583 969 657 judices
988 586 1079 642 73?
1107 588 1151 622 ⁷⁸
1191 587 1564 661 υιιιιίιιιιεειιιθ
1594 590 1891 662 provincia
1915 594 2031 644 tam

379 675 551 745 juxta
581 673 848 731 Ecclesia:
879 692 1051 747 quam
1076 678 1247 748 juxta
1275 679 1467 733 saeculi
1492 678 1669 751 leges,
1702 695 1841 734 suos
1864 678 2034 734 debet

378 764 573 835 justos
595 768 652 819 et
680 780 795 819 non
825 764 1059 836 iniquos
1087 765 1299 822 habere
1319 767 1573 837 judices,
1606 772 1663 823 et
1709 785 1822 823 non
1854 772 2033 823 exter-

383 868 510 922 nos,
543 852 655 907 nisi
687 854 1014 925 apostolicae
1046 856 1203 911 sedis
1231 856 1410 927 hujus
1434 858 1751 912 decreverit
1781 856 2027 912 auctori-

381 946 490 1009 tas,
526 946 815 1013 quatenus
863 942 1197 1015 quicunque
1237 962 1474 1001 causam
1523 946 1814 1017 habuerit,
1875 946 2027 1016 apud

385 1046 527 1086 suos
548 1030 837 1101 7‘judices
856 1032 1191 1101 judicetur;
1228 1039 1283 1088 et
1312 1052 1425 1089 non
1460 1036 1534 1089 ad
1561 1034 1802 1103 alienos,
1853 1052 2030 1089 causa

378 1119 649 1190 vagandi,
668 1119 1010 1176 stimulante
1038 1123 1343 1191 protervia,
1369 1140 1538 1179 suam
1564 1124 1893 1195 despiciens
1926 1140 2025 1194 pa-

379 1207 578 1277 triam,
607 1212 887 1277 transeat,
920 1211 1021 1265 sed
1052 1212 1122 1266 ad
1153 1214 1195 1247 ⁷⁶
1228 1212 1535 1267 duodecim
1579 1214 1846 1284 ejusdem
1896 1230 2024 1284 pro-

376 1296 579 1352 vincias
603 1297 856 1368 judices,
890 1300 961 1354 ad
994 1316 1243 1370 quorum
1267 1302 1561 1372 judicium
1591 1318 1794 1357 omnes
1838 1319 2025 1357 causae

381 1383 678 1441 civitatum
702 1387 1051 1459 referuntur,
1083 1390 1375 1445 deferatur
1395 1391 1713 1462 negotium.
1740 1390 1799 1446 Si
1829 1396 2025 1445 autem

381 1472 557 1529 fuerit
582 1472 1042 1530 ecclesiasticum
1072 1478 1225 1547 apud
1258 1478 1562 1549 epis00pos
1584 1478 2027 1548 (interveniente

381 1561 673 1633 primate),
698 1562 987 1633 siquidem
1011 1567 1198 1635 major
1222 1584 1398 1621 causa
1427 1567 1634 1621 fuerit:
1670 1568 1719 1621 si
1752 1584 1883 1622 vero
1916 1567 2024 1620 mi-

382 1667 509 1721 nor,
542 1652 1023 1723 metropolitano;
1058 1654 1107 1709 si
1136 1671 1269 1710 vero
1310 1656 1481 1710 fuerit
1528 1655 1825 1723 szeculare,
1869 1656 2024 1727 apud

382 1740 646 1810 ejusdem
677 1740 896 1796 ordinis
929 1742 1099 1813 viros,
1110 1744 1334 1813 judicio
1366 1750 1559 1800 tamen
1586 1745 2023 1815 episcoporum;

382 1844 517 1885 cum
563 1829 874 1901 Apostolus
905 1831 1261 1902 privatorum
1295 1833 1761 1888 Christianorum
1818 1851 2026 1889 causas

384 1917 574 1988 magis
588 1918 848 1975 ecclesiis
870 1920 1101 1988 deferri,
1136 1920 1423 1977 etibidem
1449 1922 1790 1978 sacerdotali
1807 1922 2030 1993 judicio

386 2005 691 2061 terminari
718 2006 903 2063 voluit
927 2010 989 2062 ⁷⁷.

1164 2180 1253 2234 IV.

389 2322 452 2376 Ut
488 2336 774 2397 oppressus
820 2321 1032 2397 judicio
1079 2325 1439 2380 saecularium
1486 2328 1720 2397 appellet
1765 2325 2033 2391 judzcium

453 2392 832 2466 sacerdotum,
896 2403 946 2447 et
998 2395 1093 2466 de,
1126 2397 1426 2466 majoribus
1494 2392 1674 2452 causis
1730 2397 1799 2452 ad
1853 2397 2031 2452 sedem

455 2465 814 2534 apostolicam
842 2465 1162 2535 referendis.

454 2631 497 2664 ⁷⁸
526 2630 731 2687 Omnis
762 2633 920 2688 enim
980 2650 1317 2706 oppressus,
1353 2637 1397 2671 79
1427 2636 1609 2692 libere
1661 2638 2031 2692 sacerdotum

387 2718 459 2790 (si
490 2719 755 2793 voluerit)
789 2722 1041 2793 appellet
1056 2723 1369 2794 judicium,
1403 2730 1460 2779 et
1496 2743 1529 2781 a
1550 2724 1708 2781 nullo
1735 2726 2037 2797 prohibea-

386 2811 504 2879 tur,
530 2810 630 2865 sed
664 2811 734 2865 ab
757 2810 847 2866 his
880 2811 1153 2868 fulciatur
1171 2818 1225 2868 et
1244 2813 1537 2869 liberetur.
1572 2815 1631 2869 Si
1664 2818 1858 2870 autem
1890 2814 2037 2870 difﬁ-

387 2896 529 2953 ciles
558 2914 769 2970 causae,
803 2904 903 2954 aut
950 2901 1173 2971 majora
1227 2902 1461 2973 negotia
1491 2907 1617 2957 orta
1668 2903 1903 2970 fuerint,
1963 2904 2033 2958 ad

389 2986 670 3055 majorem
702 2988 901 3043 sedem
952 2990 1293 3044 referantur.
1327 2992 1396 3045 Et
1426 2991 1475 3045 si
1524 2990 1643 3046 illic
1702 2990 1867 3047 facile
1915 2993 2034 3047 dis-

387 3073 544 3129 cerni
576 3091 689 3130 non
722 3079 1014 3147 poterunt,
1047 3080 1149 3133 aut
1161 3078 1325 3149 juste
1354 3079 1679 3149 terminari,
1717 3080 1812 3135 ubi
1863 3081 2037 3136 fuerit

388 3179 757 3219 summorum
790 3170 1140 3239 congregata
1169 3168 1563 3239 congregatio,
1596 3185 1723 3239 quae
1764 3185 1865 3240 per
1912 3169 2032 3224 sin-

2143 589 2316 655 dicia,
2347 592 2448 644 aut
2478 589 2729 659 majores
2768 605 2953 644 causae
2982 587 3200 643 fuerint
3225 606 3237 655 ;
3261 588 3308 623 ⁸³
3327 588 3401 643 ad
3428 588 3629 644 sedem
3662 605 3805 660 apo-

2144 678 2403 733 stolicam
2464 678 2535 745 (si
2591 676 2947 749 appellatum
3010 677 3203 748 fuerit)
3260 677 3589 733 referantur
3641 678 3802 747 (10);

2143 767 2420 837 quoniam
2454 766 2699 838 apostoli
2735 766 2844 821 hoc
2870 769 3205 821 statuerunt
3234 765 3343 836 (11)
3366 764 3637 836 jussioue
3674 763 3803 820 Sal-

2140 856 2374 923 vatoris,
2436 859 2501 909 ut
2576 857 2827 926 majores
2885 858 2941 910 et
3011 853 3369 910 difficiliores
3418 854 3803 925 quaestiones,

2142 959 2373 1015 semper
2418 945 2488 999 ad
2532 945 2730 999 sedem
2785 944 3123 999 deferantur
3153 942 3555 1014 apostolicam,
3620 957 3803 1014 super

2140 1050 2318 1104 quam
2376 1033 2644 1089 Christus
2689 1034 3020 1089 universam
3069 1031 3397 1088 construxit
3450 1031 3804 1100 Ecclesium,

2138 1123 2365 1180 dicente
2394 1122 2521 1195 ipso
2552 1123 2623 1177 ad
2649 1123 2883 1178 beatum
2914 1121 3236 1193 principem
3270 1125 3673 1193 apostolorum
3693 1120 3801 1176 Pe-

2144 1219 2337 1267 trum:
2374 1213 2447 1266 Tu
2476 1228 2549 1279 es,
2594 1211 2804 1282 inquit,
2848 1212 3064 1277 Petrus,
3098 1217 3149 1265 et
3188 1225 3358 1282 super
3388 1209 3532 1265 hanc
3584 1217 3807 1279 petram

2141 1299 2429 1371 aediﬁcabo
2478 1300 2775 1356 Ecclesium
2829 1315 3009 1354 meam
3038 1298 3105 1365 ⁸³,
3138 1302 3195 1353 et
3226 1297 3468 1369 reliqua.
3498 1296 3581 1353 Sit
3637 1312 3804 1368 ergo,

2144 1391 2374 1455 fratres,
2409 1389 2738 1444 constantia
2764 1392 2957 1443 vestra
2978 1388 3257 1443 adversus
3279 1386 3683 1442 contentiones
3704 1402 3805 1440 eo-

2139 1496 2270 1534 rum
2304 1478 2399 1549 qui
2434 1479 2680 1533 adversa
2701 1477 2958 1549 sapiunt,
2983 1480 3040 1531 et
3076 1493 3193 1532 non
3224 1492 3348 1547 qua:
3376 1475 3477 1530 Dei
3532 1479 3674 1530 sunt
3703 1491 3806 1530 sa-
3832 1498 3858 1519 ς

2138 1568 2327 1638 piunt,
2361 1570 2419 1621 et
2447 1566 2557 1622 erit
2588 1566 2791 1621 fortior
2820 1569 2985 1636 petra
3014 1564 3345 1620 constantia
3372 1567 3585 1634 vestra,
3632 1563 3798 1618 sicut

2137 1657 2420 1727 scriptum
2452 1660 2574 1710 est:
2606 1655 2682 1710 Ne
2710 1655 3012 1710 timueritis
3038 1654 3109 1709 ab
3139 1654 3244 1721 his,
3268 1668 3439 1725 neque
3471 1653 3801 1708 terreamini

2137 1763 2171 1800 a
2216 1747 2364 1814 facie
2417 1760 2608 1799 eorum
2653 1746 2748 1816 qui
2775 1760 2968 1814 corpus
3018 1743 3300 1810 occidunt,
3331 1743 3582 1797 animam
3612 1743 3805 1796 cidem

2136 1851 2247 1890 non
2274 1836 2497 1904 possunt
2553 1833 2882 1888 occidere“.
2913 1832 3070 1901 Quod
3128 1840 3310 1887 autem
3356 1833 3418 1885 in
3444 1846 3589 1886 aure
3638 1831 3809 1885 audi-

2139 1925 2228 1990 tis,
2258 1922 2563 1994 pradicate
2593 1923 2649 1976 in
2683 1923 2911 1987 lumine,
2952 1922 3117 1977 illum
3170 1922 3419 1975 timentes
3474 1921 3575 1990 qui
3624 1926 3809 1990 potest

2140 2013 2394 2068 animam
2451 2018 2501 2066 et
2558 2026 2752 2081 corpus
2807 2009 3051 2066 occidere
3104 2013 3157 2065 et
3210 2010 3427 2065 mittere
3474 2011 3536 2064 in
3593 2002 3805 2078 gehen-

2139 2117 2272 2156 nam
2298 2100 2360 2154 85.
2391 2104 2614 2156 Fratres
2641 2100 2769 2170 mei,
2816 2100 2875 2153 in
2912 2114 3076 2154 carae
3130 2097 3495 2167 ambulantes,
3553 2112 3669 2151 non
3722 2111 3807 2151 se-

2142 2190 2385 2245 cundum
2414 2204 2639 2244 carnem
2668 2188 2993 2243 militamus.
3027 2188 3195 2242 Arma
3235 2187 3383 2242 enim
3434 2186 3667 2241 militiae
3694 2196 3813 2239 no-’

2140 2287 2273 2335 strue
2301 2294 2410 2334 non
2457 2279 2731 2344 carnalia,
2785 2278 2883 2333 sed
2906 2278 3156 2349 potentia
3187 2280 3319 2343 Deo,
3376 2274 3446 2330 ad
3475 2274 3805 2329 destructio-

2140 2386 2266 2425 nem
2321 2369 2717 2433 munitionum,
2774 2367 3007 2421 consiliu
3061 2366 3410 2429 destruentes,
3466 2367 3516 2419 et
3576 2378 3807 2419 omnem

2141 2458 2535 2513 multationem
2576 2456 2923 2512 extollentem
2950 2471 3008 2511 se
3044 2455 3303 2509 adversus
3332 2454 3629 2508 scientiam
3680 2453 3803 2519 Dei,

2143 2550 2192 2601 et
2248 2550 2307 2601 in
2371 2546 2739 2617 captivitatem
2770 2545 3074 2615 redigentes
3124 2558 3337 2598 omnem
3384 2543 3806 2611 cogitationem,

2142 2646 2198 2691 et
2230 2638 2290 2691 in
2318 2636 2637 2706 obsequium
2670 2634 2877 2689 Christo
2929 2634 3285 2704 perducentes
3313 2632 3377 2684 ⁸⁵.
3442 2634 3524 2685 De
3578 2638 3806 2695 caetero,

2141 2729 2362 2797 fratres,
2391 2724 2785 2794 confortamini
2830 2725 2891 2777 in
2921 2724 3172 2790 Domino,
3202 2726 3256 2777 et
3283 2722 3345 2775 in
3387 2721 3639 2789 potentia
3684 2721 3805 2789 for-

2145 2814 2403 2870 titudinis
2432 2814 2627 2884 ejus“,
2670 2818 2734 2867 ut
2763 2828 2875 2884 pax
2902 2811 3066 2868 vobis
3097 2809 3283 2865 multa
3309 2812 3366 2865 et
3395 2808 3585 2881 gratia
3616 2824 3653 2863 a
3680 2806 3801 2863 Deo

2143 2906 2200 2958 et
2219 2902 2465 2958 Domino
2497 2904 2696 2956 nostro
2747 2901 2885 2957 Jesu
2935 2899 3166 2955 Christo
3215 2898 3599 2953 ministretur.
3660 2898 3802 2951 Am-

2146 2991 2457 3062 plectimur
2488 2993 2545 3045 et
2575 2987 2933 3054 osculamur,
2966 3004 3032 3044 ac
3063 2987 3113 3043 si
3144 2989 3483 3059 praesentes,
3537 2984 3802 3040 charita-

2145 3083 2263 3135 tem
2294 3084 2569 3145 vestram,
2601 3080 2661 3131 in
2696 3077 2922 3132 unitate
2981 3076 3248 3148 spiritus,
3282 3075 3343 3130 in
3372 3073 3607 3129 vinculo
3642 3072 3813 3145 pacis

2148 3172 2204 3223 et
2233 3167 2534 3222 charitatis
2564 3166 2797 3221 Christi.
2844 3168 3079 3237 Propter
3123 3164 3282 3235 quod,
3331 3164 3674 3229 charissimi,
3718 3176 3815 3217 ea:-

386 3251 555 3324 gulos
586 3269 772 3309 annos
802 3254 893 3309 bis
921 3255 1043 3310 ﬁeri
1082 3255 1230 3312 solet
1284 3257 1383 3327 (9),
1418 3260 1476 3311 et
1530 3257 1738 3323 debet;
1766 3259 1927 3327 juste
1985 3262 2041 3313 et
2071 3240 2113 3307 C
2150 3262 2469 3329 spectantes,
2504 3260 2739 3323 satagzte
2768 3255 3112 3310 immaculati
3151 3261 3201 3308 et
3254 3253 3513 3307 inviolati
3566 3251 3815 3306 inueniri

390 3339 505 3396 Deo
536 3340 746 3411 placite
777 3359 970 3399 coram
1004 3345 1341 3415 patriarcha
1370 3349 1471 3401 aut
1499 3345 1746 3417 primate
1776 3345 2045 3401 ecclesia-

393 3426 558 3497 stico,
618 3433 677 3484 et
728 3446 921 3486 coram
978 3433 1216 3503 patricio
1248 3438 1290 3475 ⁸ο
1339 3434 1600 3490 saeculari
1634 3434 2047 3505 81judicentur

396 3515 629 3587 negotia
660 3516 716 3571 in
750 3534 1074 3575 commune.
1109 3523 1270 3585 Quod
1303 3522 1355 3579 si
1384 3522 1741 3579 difﬁciliores
1773 3529 1910 3580 ortae
1931 3524 2048 3579 fue-

471 3732 516 3767 ⁷⁸
545 3731 753 3788 Genes.
808 3748 923 3802 xxx,
982 3734 1035 3787 9.
1113 3735 1157 3774 7‘
1212 3750 1296 3799 ιιι,

395 3803 451 3876 2,
480 3820 537 3875 q.
571 3805 625 3857 6.
705 3804 749 3843 ⁷6
779 3806 945 3857 Conc.
981 3804 1248 3876 Carthag.
1283 3803 1477 3869 Χιξ10.

400 3874 581 3942 tit-4,
615 3878 800 3931 const.
835 3877 869 3928 8
894 3879 951 3929 et
977 3877 1030 3928 9.
1065 3874 1234 3929 Cone.
1270 3877 1462 3931 Colon.
1523 3878 1645 3932 887.

393 3947 633 4017 preside
680 3946 923 4018 reponit.
1029 3948 1072 3981 ⁸¹
1108 3965 1214 4003 ms.
1268 3950 1581 4003 swcularia.

1346 3739 1549 3808 quazst.
1604 3738 1658 3790 6.
1725 3737 2071 3808 Unaquaeque
2119 3740 2428 3808 provincia.

1573 3808 1615 3840 ⁷⁷
1647 3809 1667 3861 Ι
1698 3804 1954 3861 Corinth.
1977 3804 2041 3862 ’νι

2153 3810 2184 3843 ’⁸
2218 3827 2299 3876 ιιι,
2360 3812 2565 3879 qumst.
2600 3809 2654 3871 6,
2716 3808 2905 3879 Omnis
2958 3821 3257 3879 Oppressus.
3337 3806 3390 3879 "_
3414 3804 3536 3857 Lib.
3574 3822 3617 3879 ι,
3672 3804 3815 3879 Cod:

2152 3349 2213 3402 in
2236 3361 2391 3417 pace,
2443 3349 2499 3400 et
2526 3345 2752 3399 Domini
2806 3345 2981 3398 nostri
3036 3342 3533 3413 longanimitatem,
3573 3340 3815 3395 salutem

2156 3435 2529 3501 arbitremini,
2588 3434 2632 3468 ⁸⁸
2660 3435 2800 3488 sicut
2875 3440 2925 3488 et
2988 3432 3354 3487 charissimus
3400 3433 3579 3501 frater
3628 3436 3821 3484 noster

2156 3524 2367 3579 Paulus
2393 3523 2695 3579 secundum
2736 3522 2923 3576 datam
2949 3521 3054 3575 sibi
3090 3522 3427 3593 sapientiam
3455 3520 3683 3590 scripsit
3730 3533 3819 3574 vo-

2532 3737 2575 3770 ⁷⁵
2605 3736 2811 3791 Codex.
2876 3735 3091 3790 Theod.
3155 3734 3253 3788 lib.
3312 3750 3373 3799 ιι,
3409 3733 3477 3787 tit
3535 3734 3559 3786 1
3621 3734 3812 3787 const.

1751 3879 1794 3951 3f)
1835 3879 1973 3933 Vide
2030 3882 2161 3934 Ant.
2195 3873 2590 3951 Augustinum
2649 3879 2709 3932 in
2767 3878 2920 3951 notis
2977 3873 3048 3933 ad
3081 3875 3209 3951 coll.
3272 3876 3445 3951 Hadr.
3485 3890 3531 3928 c.
3592 3876 3651 3937 9,
3713 3873 3817 3951 ubi

1688 3950 1733 4023 ⁷2
1769 3950 1961 4023 Innoc.
2000 3953 2040 4020 l,
2076 3967 2166 4023 ep.
2226 3946 2315 4020 x1,w
2365 3968 2489 4022 cap.
2526 3952 2591 4023 3.7
2656 3951 2701 4023 “ff
2730 3950 2930 4004 Matth.
2990 3965 3102 4023 xvi,
3146 3949 3231 4002 l8.
3309 3948 3353 3980 ⁸⁸
3403 3947 3540 4023 Luc.
3600 3962 3720 4023 nu,
3760 3946 3816 3998 4.

468 4016 761 4102 ξξιίῇᾳιίρξ
783 4036 839 4090 x,
1023 4020 1080 4102 ‘3“
1111 4020 1161 4074 II
1190 4020 1315 4102 Co‘r.
1348 4037 1431 4102 x,‘
1463 4020 1578 4102 3-5ἶ
1629 4020 1700 4102 ’⁸⁷
1731 4021 1972 4102 ‘Eph‘cs.
2021 4016 2129 4102 v1_,'
2162 4023 2246 4102 l0,
2292 4016 2495 4102 'Bsnll'ze
2547 4020 2906 4102 similes-que.
2936 4020 3157 4091 passim
3215 4021 3557 4073 occurentes
3611 4016 3818 4072 lacina:

400 4104 431 4144 e
461 4089 660 4145 bibliis
691 4090 992 4162 descriptae
1023 4090 1193 4163 longe
1224 4092 1441 4146 absunt
1472 4108 1505 4144 a
1535 4090 1682 4162 stylo
1714 4089 1998 4160 Anacleti,
2032 4089 2343 4149 alteriusve
2372 4093 2617 4148 Romani
2651 4089 2961 4165 pontiﬁcis:

472 4300 561 4385 (9).
743 4316 846 4385 per
895 4303 1141 4373 singulos
1171 4320 1372 4385 annos_
1410 4304 1488 4385 bis
1518 4304 1641 4373 ﬁeri
1666 4306 1819 4385 solet.
1880 4305 2051 4385 Junta
2087 4322 2133 4385 D
2164 4305 2665 4385 Cyprianuslibro
2690 4306 2899 4385 primo,
2933 4301 3180 4385 epistola
3200 4302 3333 4385 31st
3359 4303 3410 4355 4.
3465 4300 3823 4385 Athanasius

402 4371 801 4444 apOstolorum
833 4371 1017 4448 legem
1043 4391 1115 4448 _ac
1139 4371 1621 4430 consuetudinem
1650 4392 1661 4431 :
1696 4378 1766 4432 de
1789 4394 1904 4448 qua
1925 4378 2053 4431 vide

399 4460 608 4499 canon.
641 4444 885 4515 apostol.
913 4445 1002 4499 38.
1036 4445 1162 4501 Snv.
1198 4450 1421 4502 Bmms.

472 4514 587 4585 (10)
617 4516 844 4589 Maiores
873 4530 1121 4589 causae...
1151 4519 1230 4573 ad
1274 4518 1458 4573 sedem
1507 4518 1868 4585 apostolicam
1922 4522 2055 4589 refc-

406 4590 624 4641 rantur.
661 4586 776 4642 Hoc
808 4588 1059 4642 Anacleti
1091 4589 1387 4643 decretum
1420 4590 1566 4644 bene
1589 4594 1643 4644 et
1666 4592 1825 4660 juste
1873 4586 2051 4645 latum

412 4674 541 4732 esse
563 4674 630 4712 ex
659 4674 725 4713 eo
754 4664 930 4732 patet,
964 4661 1118 4731 quod
1152 4661 1476 4717 universale
1504 4667 1558 4715 et
1580 4661 1904 4732 legitimum
1928 4664 2056 4719 Sar-

413 4728 998 4809 dicenceconcilium
1024 4749 1245 4809 canone
1275 4733 1383 4809 tet
1414 4728 1670 4809 7,_pla_ne
1711 4734 1865 4809 idem
1924 4750 2057 4788 con-

411 4800 703 4874 stituerit;
737 4803 1009 4874 quodque
1033 4802 1297 4859 Gelasius
1320 4803 1377 4857 in
1400 4800 1663 4873 epistolis
1681 4804 1750 4857 ad
1780 4805 2059 4860 Faustum

411 4876 469 4926 et
498 4872 571 4954 ad
602 4871 1251 4954 εερίεθορρειί[ξιιιδόιι-ρὶιιεΔ
1272 4871 1509 4954 scribat,
1542 4875 1865 4954 secundum
1894 4892 2062 4954 cano-

410 4958 515 4998 nes
538 4943 683 5010 fieri,
712 4943 874 5026 quod
908 4947 1085 5001 totius
1104 4946 1392 5026 _Egclesi_:e
1423 4945 1842 5026 appellationes
1865 4949 1933 5002 ad
1960 4948 2060 5002 llo-

410 5030 599 5091 manaa
629 5016 1054 5091 sediseaamen
1082 5018 1442 5091 deferantur,
1479 5019 1549 5071 ab
1583 5017 1939 5091 ipsaiautem
1966 5036 2061 5091 ap-

408 5084 874 5171 pell‘areOnemini
897 5088 1299 5171 permittatur.
1335 5092 1503 5171 Hanc
1555 5084 1886 5171 appellandi
1913 5084 2060 5171 poti:

408 5158 780 5214 suetudinem
815 5158 1291 5231 antiquissimam
1310 5176 1438 5214 esse
1470 5161 1527 5215 S.
1562 5165 1692 5228 Leo,
1724 5160 1971 5231 epistola
1990 5163 2061 5216 89

408 5231 677 5302 testatur,
707 5233 763 5284 et
800 5231 1348 5302 antiquissimorum
1381 5231 1451 5285 ad
1486 5231 1682 5287 sedem
1740 5234 2059 5288 Romanam

411 5297 832 5383 appellantium
847 5297 1120 5383 exempla
1141 5304 1506 5383 confirmant.
1533 5303 1785 5383 Marcion
1802 5304 1963 5383 enim
1988 5305 2059 5359 ab

411 5374 682 5451 episcopo
729 5374 789 5451 in
847 5374 1039 5451 Ponto
1085 5375 1609 5451 excgmunicatus,
1646 5381 1707 5429 ut
1741 5378 2060 5451 a_Romauo

411 5440 685 5566 pontifice
717 5444 1129 5511 absolveretur,
1187 5448 1430 5502 Romam
1465 5448 1637 5501 venit.
1697 5448 2060 5519 Epiphanius

456 5512 723 5566 aerem/12.
756 5515 1101 5566 Fortunatus
1124 5523 1178 5566 et
1211 5518 1365 5566 Felix
1396 5518 1453 5566 in
1478 5518 1669 5566 Africa
1691 5536 1723 5566 ει
1753 5520 2055 5566 (Ivnrinmm

456 5511 623 5601 seges}
754 5515 1101 5601 Fortunatus
1124 5523 1178 5572 et
1211 5518 1454 5601 Felix
1477 5518 1669 5601 Africa
1691 5536 1723 5573 a
1744 5511 2056 5601 'Cirpriano,

411 5580 693 5660 gasilides
750 5586 811 5660 in
850 5585 1151 5660 Hispania,
1190 5588 1463 5660 depositi,
1514 5590 1584 5642 ad
1619 5580 1950 5647 Cornelium
2006 5580 2064 5647 et

409 5652 773 5728 Stephanum
787 5652 1057 5715 Romanae
1076 5652 1341 5717 Eaclesia:
1356 5652 1659 5731 pontiﬁces
1672 5660 2057 5734 appellarunt.

2166 4372 2650 4433 etB—orientalibus
2673 4372 2996 4448 depositus,
3028 4375 3100 4429 ad
3131 4373 3464 4448 pontiﬁcem
3486 4372 3822 4448 appellavit,

2165 4454 2221 4504 et
2252 4449 2323 4503 ab
2356 4466 2421 4504 eo
2454 4444 2764 4503 restitutus
2802 4452 2903 4501 est.
2941 4444 3301 4501 Sozomenus
3330 4444 3430 4499 lib.
3482 4460 3570 4510 ιιι,
3600 4460 3727 4515 cap.
3762 4444 3817 4495 7.

2166 4520 2499 4645 Pluma/idle
2529 4519 2681 4591 apud
2716 4518 2984 4574 Bcllarm.
3017 4516 3116 4571 lib.
3152 4534 3215 4587 ιι,
3246 4518 3323 4571 De
3358 4518 3591 4572 Roman.
3614 4517 3821 4585 pontif.

2170 4610 2297 4645 can.
2408 4635 2419 4645 .
2481 4611 2530 4645 n.

2170 4610 2297 4647 can.
2330 4595 2419 4647 21.
2454 4595 2530 4646 In.

2242 4610 2662 4735 Ffiilétigniam
2684 4662 2930 4735 apostoli
2961 4661 3057 4715 hoc
3074 4662 3427 4735 statuerunt.
3461 4657 3618 4735 Hanc
3676 4673 3825 4735 apo-

2170 4728 2451 4790 stolorum
2512 4728 2984 4790 constitutionem
3033 4729 3297 4786 Clemens
3348 4728 3390 4784 Ῑ.
3439 4746 3481 4784 ιι
3538 4728 3769 4784 Constit.
3808 4771 3823 4798 ,

2171 4824 2220 4861 ο.
2255 4807 2341 4873 43,
2375 4823 2443 4859 ex
2474 4804 2951 4877 interpretatione
2996 4800 3290 4877 Turriani,
3348 4816 3419 4855 ex
3444 4799 3606 4877 Bovii
3635 4801 3828 4877 inter-

2170 4870 2489 4948 pretatione
2519 4870 2712 4948 autem
2744 4894 2791 4931 c.
2826 4877 2915 4943 49,
2939 4877 3201 4930 recenset
3222 4872 3317 4948 his
3344 4870 3536 4948 verbis
3561 4887 3575 4927 :
3602 4892 3631 4921 ‹‹
3667 4871 3823 4928 Prte-

2171 4941 2328 5004 clara
2357 4947 2671 5004 Christiani
2701 4947 2829 5003 laus
2858 4941 2967 5015 est,
2991 4961 3125 5000 cum
3181 4942 3343 4997 nullo
3375 4941 3590 4998 habere
3644 4958 3826 5015 nego-

2170 5022 2337 5075 tium.
2382 5020 2543 5083 Quod
2585 5020 2631 5074 si
2691 5036 2759 5074 ex
2817 5014 3017 5089 aliqua
3053 5014 3353 5089 vexatione
3384 5018 3443 5089 et
3498 5014 3828 5089 mutatione

2169 5091 2341 5147 alicui
2362 5091 2435 5146 lis
2475 5092 2717 5155 oriatur,
2748 5084 3016 5145 curet—ut
3053 5103 3119 5142 ea
3162 5084 3550 5157 transigatur,
3591 5086 3830 5157 etiamsi

2170 5164 2587 5218 detrimentum
2618 5162 2741 5234 pati
2781 5161 2989 5217 debeat
3013 5177 3038 5234 ;Δ
3069 5173 3175 5213 nec
3211 5156 3284 5212 ad
3327 5156 3627 5234 ethnicum
3660 5156 3829 5234 judi—

2169 5235 2326 5290 cium
2358 5227 2747 5300 accedatfsed
2776 5249 2881 5288 nec
2924 5230 3180 5304 patiatur
3235 5227 3602 5304 ιιιιιιιᾲιῑιιιοξΔ

2174 5311 2392 5362 stratus
2437 5306 2508 5361 de
2529 5298 2698 5361 nabis
2721 5306 2823 5376 jus
2853 5298 3045 5376 dicere
3069 5318 3082 5357 :
3108 5315 3379 5376 nam_per
3390 5298 3531 5376 illos
3547 5298 3821 5376 diabolus

2170 5395 2364 5433 servos
2396 5379 2495 5433 Dei
2525 5370 2795 5441 vexatfet
2823 5375 2991 5431 nobis
3022 5377 3221 5429 notam
3250 5370 3456 5437 inurit,
3486 5371 3676 5443 quasi,
3702 5389 3821 5428 non

2170 5451 2493 5525 habeamus
2523 5467 2629 5525 nos
2660 5465 2845 5525 unum
2883 5447 3239 5525 sapientem,
3270 5442 3369 5513 qui
3437 5442 3624 5525 possit
3666 5442 3823 5501 inter

2170 5524 2484 5593 partesjus
2532 5517 2972 5577 administrare'
3000 5522 3057 5573 et
3113 5517 3535 5571 controversias
3573 5530 3821 5588 compo-

2170 5610 2326 5649 nere.
2370 5616 2397 5642 ››
2420 5599 2499 5647 ID.
