4086 6342
446 380 563 439 803

1798 374 2186 436 ANACLETI
2232 374 2461 436 PAPIE

3731 376 3851 436 804

444 511 642 583 potius
672 510 745 566 ab
775 509 1049 566 omnibus
1080 509 1147 546 ¹⁰⁰
1175 506 1446 564 fidelibus
1476 508 1767 580 portendi,
1800 509 1927 581 ipso
1976 510 2081 564 Do-
2112 510 2168 575 Α
2196 508 2353 563 tibus
2403 508 2729 564 consentire
2778 527 2790 576 ;
2842 508 2981 579 quia
3024 523 3140 563 non
3188 507 3381 563 solum
3443 507 3545 579 qui
3598 507 3849 564 faciunt’

445 599 607 656 mino
638 598 968 671 exemplum
999 598 1433 669 dante,quando
1465 612 1566 670 per
1596 598 1941 669 seipsum,et
1972 614 2085 653 non

446 705 549 760 per
579 688 780 754 alium,
812 687 1150 756 vendentes,
1172 691 1228 741 et
1256 690 1515 741 ementes
1547 686 1715 757 ejecit
1745 686 1814 740 de
1846 685 2084 758 templo,

446 784 504 833 et
532 793 767 832 mensas
781 774 1309 830 nummulariorum
1325 780 1379 830 et
1393 775 1698 830 cathedras
1712 775 2085 830 vendentium

448 866 681 938 proprio
712 866 918 920 evertit
948 864 1268 936 ﬂagello,et
1297 865 1467 933 ejecit
1494 866 1564 919 de
1594 865 1907 935 templo.Et
1939 866 2091 918 sicut

449 954 586 1009 alibi
618 954 699 1008 ait
730 970 742 1007 :
776 955 914 1007 Deus
960 954 1109 1007 stetit
1138 954 1198 1006 in
1228 968 1507 1023 synagoga
1537 952 1779 1017 deorum,
1812 954 1869 1004 in
1913 951 2089 1004 medio

444 1046 630 1097 autem
657 1042 780 1096 deos
812 1043 827 1076 ί
861 1042 1103 1096 decernit
1132 1041 1151 1075 ²
1178 1059 1191 1107 ;
1226 1044 1281 1094 et
1308 1039 1445 1095 alibi
1468 1056 1480 1094 :
1502 1041 1615 1111 Ego
1644 1040 1798 1093 dixi:
1818 1041 1911 1093 Dii
1938 1040 2084 1105 estis,

439 1138 491 1187 et
519 1132 629 1201 ﬁlii
660 1131 869 1186 Excelsi
898 1145 1079 1185 omnes
1108 1130 1148 1182 ³.
1184 1128 1392 1185 Nullus
1438 1128 1595 1183 enim
1629 1130 1719 1198 (ut
1751 1130 1897 1197 reor)
1930 1128 2086 1182 inve-

442 1220 605 1274 nitur
633 1220 784 1274 inter
836 1234 962 1283 nos,
996 1218 1095 1287 qui
1146 1216 1280 1271 velit
1322 1234 1496 1271 suum
1550 1234 1778 1271 servum
1833 1218 1901 1269 ab
1952 1216 2084 1279 alio,

439 1324 616 1380 quam
648 1326 681 1363 a
710 1324 791 1378 se,
818 1307 1070 1378 judicari
1107 1325 1118 1361 :
1154 1307 1305 1375 quod
1340 1308 1389 1361 si
1423 1310 1846 1377 przesumptum
1891 1304 2085 1371 fuerit,

432 1401 533 1453 aut
562 1396 747 1452 multa
796 1396 918 1467 ipse
950 1395 1348 1466 Indignatione
1400 1394 1702 1457 irascitur,
1741 1398 1837 1447 aut
1891 1393 2085 1463 potius

433 1484 717 1542 ultionem
750 1484 957 1556 quaerit
983 1500 1161 1555 super
1190 1500 1345 1537 eum.
1382 1483 1439 1537 Si
1473 1500 1605 1537 vero
1658 1483 1764 1537 hoc
1801 1483 1952 1536 inter
1982 1481 2086 1535 ho-

437 1574 626 1630 mines
656 1574 868 1645 agitur,
903 1572 1042 1643 quid
1078 1572 1295 1643 putatis
1326 1572 1499 1626 faciet
1533 1571 1685 1626 Deus
1734 1571 1998 1636 deorum,
2030 1575 2087 1623 et

437 1663 720 1718 Dominus
752 1661 1203 1730 dominantium,
1232 1662 1331 1731 qui
1368 1660 1649 1715 ultionem
1685 1676 1924 1714 suorum
1964 1676 2087 1729 pro-

440 1751 605 1806 misit
636 1767 750 1806 non
784 1748 1011 1803 differre
1042 1764 1340 1804 servorum
1366 1747 1559 1803 ?Unde
1588 1752 1645 1803 et
1679 1748 1802 1819 ipse
1834 1764 1933 1818 per
1958 1747 2086 1801 Pro-

438 1841 675 1913 phetam
706 1837 983 1909 loquitur,
1016 1838 1217 1892 dicens
1254 1854 1267 1892 :
1302 1839 1439 1892 Deus
1468 1838 1743 1891 ultionum
1787 1839 2084 1905 Dominus,

437 1934 582 1985 Deus
612 1928 887 1983 ultionum
926 1927 1095 1980 libere
1122 1927 1231 1995 egit
1263 1925 1282 1957 ⁸
1316 1943 1327 1979 ;
1359 1930 1417 1980 et
1445 1925 1689 1995 reliqua.
1722 1926 1789 1979 Et
1837 1928 2083 1995 Aposto-

435 2019 531 2072 lus
560 2016 793 2088 inquit_:
828 2017 900 2069 Tu
929 2016 1051 2085 quis
1080 2030 1153 2079 es,
1185 2015 1281 2085 qui
1302 2014 1520 2085 judicas
1550 2031 1767 2068 servum
1801 2015 2086 2067 alienum?

435 2106 543 2162 Suo
572 2107 726 2161 enim
772 2104 993 2159 domino
1021 2110 1127 2158 stat
1171 2106 1266 2157 aut
1310 2102 1457 2157 cadit
1482 2103 1523 2155 ⁵.
1570 2103 1641 2156 Et
1687 2102 1825 2172 ipsa!
1861 2120 1873 2156 :
1907 2102 2086 2156 Nolite

428 2194 685 2267 judicare
718 2193 973 2261 invicem,
1005 2191 1100 2248 sed
1127 2192 1223 2247 hoc
1241 2190 1487 2262 judicate
1516 2193 1711 2261 magis,
1747 2207 1814 2245 ne
1860 2190 2085 2262 ponatis

439 2284 823 2357 offendiculum
851 2284 1022 2353 fratri
1050 2282 1134 2337 vel
1160 2281 1486 2337 scandalum
1514 2282 1553 2334 δ.
1572 2285 1637 2335 Et
1669 2280 1952 2335 Dominus
1986 2297 2086 2351 per

441 2373 784 2446 prophetam
834 2370 1027 2442 inquit
1060 2386 1072 2425 :
1108 2371 1213 2438 Qui
1257 2386 1345 2425 vos
1376 2371 1571 2440 tangit,
1603 2371 1785 2437 tangit
1811 2368 2086 2439 pupillam

441 2464 590 2519 oculi
616 2450 727 2516 mei
755 2462 794 2512 ⁷.
828 2459 969 2515 Nam
1014 2459 1063 2515 si
1095 2458 1307 2531 aliquis
1338 2476 1492 2512 nunc
1523 2458 1583 2512 in
1616 2456 1835 2513 malum
1885 2456 2084 2512 oculos

436 2550 688 2620 alicujus
716 2548 737 2583 ⁸
768 2546 1049 2619 principis
1080 2546 1285 2617 incipit
1316 2550 1584 2612 tractare,
1611 2546 1919 2600 manifeste
1950 2561 2084 2600 reus

437 2637 763 2710 majestatis
788 2635 1173 2707 judicatur,et
1202 2634 1445 2690 infamis
1476 2634 1856 2699 efﬁcitur,aut
1886 2635 2084 2705 potius

440 2726 667 2800 capitali
723 2711 1022 2781 sententia:
1081 2724 1362 2794 subjacet.
1418 2725 1565 2788 llaac,
1628 2723 1855 2788 fratres,
1917 2722 2083 2778 valde

441 2817 695 2873 cavenda
741 2818 899 2881 sunt,
933 2818 990 2869 et
1036 2813 1188 2884 quod
1220 2812 1488 2868 homines
1535 2812 1740 2867 nolunt
1786 2812 1894 2866 sibi
1937 2812 2080 2880 ﬁeri,

444 2908 561 2962 Deo
592 2906 833 2961 deorum
868 2919 983 2958 non
1014 2902 1227 2957 debent
1256 2902 1487 2967 inferre,
1522 2917 1592 2955 ne
1623 2901 1767 2956 forte
1800 2901 2086 2956 irascatur

446 2993 749 3063 Dominus,
782 2996 838 3047 et
868 2990 1041 3047 faciat
1067 2990 1383 3045 vindictam
1431 3006 1653 3056 eorum,
1687 2990 1861 3044 etiam
1893 2989 1951 3044 in
1985 3006 2083 3045 eos

449 3082 549 3154 qui
563 3098 676 3137 non
691 3083 1103 3153 peccaverunt;
1121 3078 1259 3150 quia
1278 3077 1424 3150 perit
1437 3077 1965 3149 saapissimejustus
1980 3094 2082 3149 pro

440 3170 641 3244 impio.
694 3169 1021 3226 Imitandus
1051 3172 1139 3224 est
1184 3169 1360 3223 etiam
1416 3167 1718 3237 Propheta,
1753 3184 1855 3238 per
1903 3184 2077 3238 quem

2197 597 2571 663 damnantur,
2622 598 2721 652 sed
2774 597 2873 668 qui
2924 598 3297 651 consentiunt
3347 596 3720 652 facientibus.
3775 598 3855 653 De

2196 684 2413 740 talibus
2454 690 2510 740 et
2551 685 2645 740 his
2692 684 2985 740 similibus
3034 686 3160 757 ipsa
3206 685 3434 740 Veritas
3481 686 3607 741 ait:
3658 688 3854 758 Vulpes

2194 776 2375 843 foveas
2406 775 2628 837 habent,
2661 784 2709 829 et
2757 776 3002 829 volucres
3030 772 3161 828 creti
3206 774 3364 829 nidos
3398 794 3413 829 :
3446 776 3618 830 Filius
3665 786 3853 832 autem

2197 862 2438 917 hominis
2462 880 2573 917 non
2600 864 2757 918 habet
2788 866 2885 917 ubi
2912 872 3074 934 caput
3102 880 3266 918 suum
3296 865 3531 918 reclinet
3564 865 3633 928 ¹⁶,
3668 864 3724 919 id
3768 870 3858 921 est

2199 951 2257 1005 in
2288 950 2507 1006 talibus
2538 968 2653 1005 non
2685 951 2911 1006 habitat
2928 952 3343 1022 Dominus,nec
3374 952 3484 1023 ipsi
3510 958 3761 1008 manent
3792 954 3852 1009 in

2197 1040 2358 1093 eo.Et
2388 1040 2661 1095 Salomon
2693 1039 2971 1111 loquitur,
3007 1040 3205 1095 dicens
3238 1058 3249 1095 :
3286 1042 3393 1108 Qui
3419 1041 3559 1110 fodit
3597 1044 3851 1112 foveam,

2197 1129 2402 1183 incidet
2433 1131 2491 1183 in
2534 1146 2653 1183 eam
2684 1147 2695 1182 :
2731 1136 2781 1183 et
2808 1130 2904 1198 qui
2932 1129 3099 1183 volvit
3148 1130 3410 1199 lapidem,
3440 1139 3749 1185 revertetur
3785 1130 3854 1185 ad

2197 1234 2342 1271 eum.
2378 1219 2587 1288 Lingua
2616 1219 2808 1288 fallax
2836 1234 2946 1272 non
2976 1226 3123 1272 amat
3154 1219 3456 1286 veritatem,
3488 1225 3545 1273 et
3573 1235 3633 1274 os
3667 1219 3853 1273 lubri-

2194 1322 2317 1360 cum
2348 1315 2603 1377 cperatur
2633 1309 2830 1362 ruinas
2865 1308 2926 1361 ¹⁷.
2964 1306 3133 1361 Grave
3159 1311 3237 1362 est
3278 1324 3501 1374 saxum,
3532 1316 3584 1362 et
3614 1324 3853 1364 onerosa

2195 1411 2365 1450 arena
2393 1414 2411 1448 :
2442 1396 2543 1451 sed
2576 1399 2660 1451 ira
2705 1397 2880 1462 stulti,
2914 1399 3141 1466 utroque
3185 1397 3407 1466 gravior
3438 1397 3500 1449 ¹⁸.
3556 1398 3850 1453 Hominem

2195 1486 2291 1553 qui
2318 1485 2699 1540 calumniatur
2744 1486 2943 1539 animae
2972 1486 3317 1555 sanguinem,
3350 1488 3401 1539 si
3448 1501 3618 1557 usque
3648 1487 3721 1540 ad
3769 1488 3853 1541 la-

2193 1588 2318 1626 cum
2347 1574 2571 1642 fugerit,
2620 1588 2775 1628 nemo
2803 1574 3051 1627 sustinet.
3104 1574 3210 1641 Qui
3238 1589 3293 1628 se
3323 1575 3493 1642 iactat
3520 1578 3570 1630 et
3613 1573 3847 1643 dilatat,

2185 1662 2383 1730 jurgia
2414 1662 2663 1715 concitat.
2718 1662 2829 1730 Qui
2857 1665 3040 1730 sperat
3092 1662 3157 1716 in
3202 1662 3457 1729 Domino,
3507 1662 3842 1717 salvabitur.

2197 1751 2306 1816 Qui
2352 1748 2571 1818 conﬁdit
2619 1766 2679 1803 in
2726 1748 2883 1804 corde
2929 1766 3048 1815 suo,
3096 1750 3299 1805 stultus
3346 1756 3426 1804 est
3455 1768 3474 1804 :
3515 1752 3611 1821 qui
3660 1754 3849 1807 autem

2194 1837 2453 1905 graditur
2496 1837 2790 1908 sapienter,
2822 1840 2936 1908 ipse
2985 1837 3311 1893 laudabitur
3365 1839 3427 1892 ιθ.
3464 1840 3573 1905 Qui
3620 1840 3849 1909 fortiter

2190 1929 2394 1996 premit
2422 1928 2589 1980 ubera
2621 1926 2689 1979 ad
2722 1926 3049 1981 eliciendum
3080 1928 3184 1991 lac,
3216 1928 3481 1997 emprimit
3521 1929 3793 1997 butyrum
3829 1945 3848 1981 :

2194 2016 2291 2086 qui
2338 2014 2683 2070 vehementer
2724 2018 2990 2084 cmungit,
3040 2015 3190 2069 elicit
3234 2017 3611 2083 sanguinem:
3643 2021 3697 2070 et
3750 2032 3850 2086 qui

2192 2108 2443 2175 provocat
2492 2105 2627 2171 iras,
2674 2103 2928 2174 producit
2976 2102 3275 2159 discordias
3324 2105 3389 2159 ὀ.
3434 2108 3563 2158 Haec
3616 2110 3673 2159 et
3727 2104 3850 2161 alia

2196 2191 2523 2263 periculosa
2576 2192 3010 2247 considerantes
3069 2192 3315 2263 apostoli
3356 2196 3713 2257 statuerunt,
3770 2210 3846 2249 ne

2195 2280 2359 2335 facile
2417 2284 2951 2347 commoverentur,
3001 2284 3101 2335 aut
3130 2280 3545 2348 lacerarentur,
3596 2280 3685 2336 vel
3749 2298 3849 2337 ac-

2194 2373 2539 2424 cusarentur
2596 2368 2877 2423 columna
2936 2373 3145 2423 sancta:
3208 2369 3301 2424 Dei
3360 2368 3649 2436 Ecclesiae,
3710 2386 3845 2441 quae

2195 2458 2443 2530 apostoli
2491 2463 2548 2513 et
2577 2473 2942 2513 successores
2990 2473 3192 2513 eorum
3243 2474 3359 2513 non
3406 2458 3699 2514 immerito
3751 2459 3845 2514 di-

2194 2551 2424 2602 cuntur.
2460 2546 2502 2581 ²¹
2540 2546 2651 2601 Sed
2702 2547 2751 2601 si
2782 2546 2915 2617 quis
2964 2547 3241 2602 adversus
3289 2563 3388 2602 eos
3434 2546 3524 2602 vel
3562 2546 3847 2603 ecclesias

2194 2652 2393 2691 eorum
2452 2639 2783 2690 commotus
2844 2635 3037 2701 fuerit,
3097 2639 3199 2690 aut.
3255 2651 3464 2691 causas
3522 2635 3840 2703 habuerit;

2195 2724 2357 2796 prius
2389 2725 2460 2779 ad
2492 2740 2590 2779 eos
2621 2728 2881 2779 recurrat
2900 2723 3204 2780 charitatis
3236 2724 3533 2792 studio,ut
3564 2724 3846 2780 familiari

2195 2812 2481 2883 colloquio
2512 2812 2851 2868 commoniti
2882 2828 2950 2867 ea
2982 2816 3210 2878 sanent,
3230 2828 3357 2883 quae
3391 2813 3655 2868 sananda
3678 2818 3844 2881 sunt,

2193 2906 2249 2957 et
2296 2900 2635 2956 charitative
2682 2902 3011 2965 emendant,
3064 2918 3191 2972 quae
3235 2902 3400 2971 juste
3471 2902 3847 2958 emendanda

2193 2990 2552 3062 agnoverint.
2586 2990 2642 3043 Si
2691 2994 2886 3044 autem
2935 2988 3112 3059 aliqui
3161 3005 3278 3059 eos,
3332 2990 3679 3061 priusquam
3730 2991 3842 3046 hoc

2192 3078 2436 3150 egerint,
2466 3077 2740 3145 lacerare,
2774 3094 3067 3144 accusare,
3104 3083 3206 3133 aut
3236 3078 3512 3134 infestare
3555 3096 3844 3150 praesum-

2192 3167 2433 3239 pserint,
2465 3167 3059 3234 excommunicentur,
3080 3171 3136 3221 et
3167 3166 3409 3223 minime
3440 3167 3845 3236 absolvantur,

433 3241 719 3316 Dominus
766 3258 847 3313 ait
879 3282 893 3315 ς
924 3257 1386 3312 Perambulabam
1416 3258 1474 3309 in
1520 3256 1877 3326 simplicitate
1906 3255 2081 3310 cordis
2111 3241 2153 3307 C
2193 3259 2507 3326 antequam
2552 3272 2654 3327 per
2685 3255 3143 3311 satisfactionem
3175 3259 3263 3325 (ut
3286 3256 3413 3327 jam
3449 3256 3675 3312 dictum
3727 3258 3841 3327 est)

440 3350 569 3414 mei,
600 3350 662 3402 in
691 3346 865 3401 medio
894 3346 1083 3401 domus
1111 3360 1250 3401 meae
1277 3363 1294 3398 :
1326 3344 1442 3399 Non
1470 3360 1676 3415 ponam
1704 3359 1888 3399 coram
1908 3346 1928 3378 θ
1956 3360 2081 3399 ocu-

446 3436 513 3491 lis
540 3436 675 3490 meis
700 3436 920 3490 verbum
949 3433 1129 3489 Belial
1160 3434 1573 3505 1°.Loquentem
1606 3436 1645 3468 “
1681 3434 1742 3486 in
1770 3432 2084 3488 abscondito

445 3532 636 3579 contra
660 3524 987 3596 proximum
1018 3523 1063 3558 ¹²
1092 3539 1269 3586 suum,
1320 3523 1464 3576 hunc
1494 3523 1819 3591 inter/icium
1852 3522 1982 3577 ¹³-¹⁴.
2017 3522 2085 3575 Et

440 3612 503 3667 hi
526 3612 766 3667 cavendi
801 3614 963 3676 sunt,
994 3611 1065 3665 de
1097 3610 1310 3681 quibus
1341 3610 1613 3666 Salomon
1646 3610 1725 3665 ait
1757 3626 1769 3664 :
1803 3610 1955 3665 Sicut
1984 3626 2082 3666 no-

433 3703 564 3757 xius
593 3706 671 3757 est
715 3702 816 3772 qui
858 3700 1027 3753 mittit
1057 3699 1291 3765 lanceas,
1323 3704 1376 3753 et
1424 3700 1659 3767 sagittas
1711 3700 1771 3753 in
1821 3706 2079 3769 mortem,

432 3793 511 3847 sic
560 3792 646 3846 vir
692 3790 791 3861 qui
836 3787 1230 3860 fraudulenter
1272 3794 1428 3841 nocet
1469 3789 1645 3842 amico
1691 3802 1809 3851 suo,
1860 3792 1910 3843 et
1957 3805 2084 3844 cum

428 3881 607 3953 fuerit
653 3876 1026 3951 deprehensus
1050 3876 1186 3933 dicit
1217 3893 1235 3929 :
1266 3874 1477 3930 Ludens
1524 3878 1651 3946 feci.
1685 3876 1839 3930 Sicut
1884 3878 2082 3933 carbo-

435 3986 533 4025 nes
561 3967 633 4023 ad
657 3982 887 4038 prunas,
910 3973 961 4021 et
992 3965 1146 4033 ligna
1174 3963 1244 4018 ad
1273 3964 1565 4034 ignem,sic
1594 3969 1750 4019 homo
1777 3966 2083 4040 iracundus

437 4060 660 4114 suscitat
702 4057 881 4112 rixas.
920 4053 1095 4111 Verba
1139 4054 1459 4108 susurronis
1498 4054 1658 4124 quasi
1701 4053 1999 4125 simplicia,
2032 4059 2084 4111 et

435 4149 559 4219 ipsa
580 4143 997 4219 perveniuntad
1026 4144 1225 4198 intima
1256 4141 1459 4198 ventris
1492 4141 1632 4197 “.Et
1648 4140 1697 4197 si
1730 4141 2083 4200 detractores

436 4248 925 4307 quorumcunque
971 4232 1224 4304 graviter
1264 4230 1628 4302 judicantur,
1674 4234 1729 4286 et
1778 4230 1836 4285 in
1888 4233 2081 4303 perdi-

437 4323 617 4381 tionis
672 4321 948 4392 laqueum
1008 4321 1243 4388 cadunt;
1305 4319 1493 4375 multo
1550 4320 1740 4393 magis
1801 4320 2079 4378 lacerato-

436 4429 551 4482 res,
609 4415 667 4467 et
715 4411 1069 4465 detractores
1126 4413 1301 4480 atque
1358 4413 1725 4465 accusatores
1795 4426 2081 4466 memora-

435 4507 632 4557 torum
666 4499 767 4554 Dei
801 4496 1154 4553 famulorum
1203 4500 1376 4568 atque
1423 4502 1867 4568 persecutorum
1915 4499 2081 4567 dam-

2192 3344 2541 3415 condignam
2573 3344 2797 3416 egerint
2848 3344 3271 3415 pceniteutiam,
3305 3345 3584 3416 quoniam
3617 3346 3841 3416 injuria

2193 3449 2392 3487 eorum
2446 3433 2514 3486 ad
2564 3432 2860 3488 Christum
2910 3433 3161 3503 pertinet
3214 3433 3281 3499 9’,
3324 3434 3498 3502 cujus
3548 3434 3840 3506 legatione

2192 3522 2535 3593 funguntur.
2590 3521 2705 3576 Nec
2753 3520 2862 3576 hoc
2892 3521 3127 3592 mirum,
3161 3521 3301 3592 quia
3349 3521 3398 3576 si
3431 3522 3683 3595 quisque
3735 3539 3839 3579 no-

2193 3614 2381 3665 strum
2414 3610 2645 3665 cuidam
2677 3626 2978 3665 servorum
3009 3611 3055 3644 ’3
3086 3610 3437 3683 legationem
3480 3612 3837 3684 injungeret,

2192 3704 2249 3754 et
2280 3716 2312 3753 a
2342 3714 2637 3769 quoquam
2688 3698 3092 3770 impediretur,
3126 3704 3230 3754 aut
3280 3700 3351 3754 ah
3383 3698 3578 3772 aliquo
3634 3700 3839 3756 subdi-

2192 3803 2387 3858 torum
2429 3803 2669 3842 suorum
2702 3786 3140 3858 despiceretur;
3173 3804 3306 3843 mox
3356 3788 3698 3861 indignatus
3729 3789 3845 3844 ira-

2192 3880 2471 3945 sceretur,
2506 3882 2606 3931 aut
2658 3876 2798 3932 talia
2828 3876 3025 3948 (prout
3052 3877 3273 3948 posset)
3303 3877 3641 3945 vindicaret,
3675 3883 3735 3933 et
3765 3879 3839 3934 ad

2192 3965 2471 4036 injuriam
2503 3981 2568 4020 ac
2599 3963 3013 4020 contumeliam
3066 3980 3238 4020 suam
3271 3964 3378 4021 hoc
3411 3965 3630 4021 factum
3662 3981 3838 4039 repu-

2192 4057 2343 4110 taret
2371 4058 2427 4109 et
2456 4053 2753 4115 talionem(
2761 4053 2808 4108 si
2841 4054 2900 4107 in
2932 4053 3205 4125 praesenti
3235 4070 3350 4109 non
3381 4054 3605 4126 posset)
3621 4055 3839 4112 futuris

2192 4142 2555 4215 temporibus
2586 4142 3024 4198 redderet.Nam
3056 4142 3107 4198 si
3138 4140 3197 4197 in
3229 4141 3486 4199 hominis
3516 4144 3838 4200 causalmc

2193 4232 2361 4297 ﬁunt,
2403 4231 2543 4303 quid
2591 4230 2811 4303 putatis
2840 4230 2993 4287 Deus
3041 4231 3213 4287 faciet
3260 4232 3331 4286 de
3378 4230 3523 4299 suis,
3574 4233 3676 4304 qui
3726 4250 3835 4289 nec

2193 4318 2467 4391 capillum
2498 4319 2705 4391 capitis
2744 4336 2946 4375 eorum
2994 4320 3184 4392 perire
3211 4320 3421 4376 dixerit
3446 4320 3494 4355 ²⁴
3518 4321 3546 4375 ‘t
3584 4320 3749 4377 Unde
3780 4325 3842 4377 et

2192 4408 2477 4463 Dominus
2507 4424 2609 4480 per
2637 4408 2869 4464 Nahum
2900 4408 3243 4481 prophetam
3274 4408 3557 4481 loquitur,
3589 4411 3795 4467 dicens
3822 4427 3838 4467 :

2191 4497 2329 4552 Deus
2380 4497 2696 4567 armulator,
2754 4502 2806 4553 et
2859 4498 3123 4554 ulciscens
3178 4499 3464 4566 Dominus,
3523 4507 3575 4555 et
3624 4498 3842 4557 habens

436 4593 673 4656 nantur,
705 4592 762 4644 et
812 4587 869 4641 in
922 4584 1287 4657 barathrum,
1339 4585 1452 4641 nisi
1502 4602 1563 4642 se
1613 4586 1983 4653 correxerint,
2025 4592 2083 4644 et
2112 4608 2159 4673 D
2190 4586 2456 4659 furorem,
2506 4586 2770 4641 ulciscens
2817 4588 3079 4643 Dominus
3110 4590 3171 4643 in
3221 4588 3395 4644 hostes
3440 4603 3590 4656 suos,
3619 4597 3673 4644 et
3719 4591 3839 4646 ira-

436 4695 542 4752 per
570 4693 774 4736 eorum
822 4674 1283 4732 satisfactionem
1315 4674 1668 4746 condignam
1713 4676 1938 4747 egerint
1969 4693 2084 4748 pce-

416 4768 768 4837 ,nitentiam,
797 4764 1199 4821 indubitanter
1228 4764 1528 4833 vadunt,et
1555 4762 1884 4820 vindicibus
1917 4764 2084 4820 ﬂam-

441 4858 554 4914 mis
605 4858 948 4912 exuruntur.
979 4856 1341 4926 Quapropter
1386 4856 1612 4924 oportet
1642 4870 1846 4908 omnes
1879 4854 1950 4908 ab
1990 4853 2084 4910 his

442 4961 664 5017 cavere,
696 4949 754 5000 et
800 4960 915 4999 non
946 4942 1140 4999 solum
1172 4958 1287 4999 non
1336 4942 1543 5009 facere,
1577 4941 1679 4997 sed
1728 4957 1832 4997 nec
1862 4941 2081 4998 facien-

516 5246 582 5279 ¹⁰⁰
638 5244 968 5302 hominibus.
1086 5256 1099 5289 1
1150 5244 1430 5301 discernit.

1546 5242 1567 5279 ²
1631 5242 1779 5299 Psal.
1833 5261 2016 5313 LXXXI,
2074 5243 2127 5300 4.

2193 4691 2343 4731 scens
2390 4677 2504 4746 ipse
2550 4676 2795 4730 inimicis
2839 4678 2993 4744 suis;
3025 4680 3149 4732 ante
3176 4678 3376 4747 faciem
3431 4677 3843 4747 indignationis

2193 4766 2307 4836 ejus
2336 4766 2459 4835 quis
2499 4765 2711 4819 stabit?
2735 4772 2785 4820 et
2815 4766 2937 4837 quis
2966 4767 3180 4821 resistet
3210 4767 3269 4820 in
3299 4766 3387 4821 ira
3435 4768 3649 4836 furoris
3681 4768 3801 4838 ejus
3820 4771 3845 4822 .9

2192 4853 2512 4923 Indignatio
2542 4854 2658 4909 eius
2686 4854 2859 4925 effusa
2890 4863 2967 4909 est
2994 4855 3133 4909 sicut
3169 4856 3333 4925 ignis,
3365 4864 3418 4910 et
3438 4860 3613 4927 petrae
3663 4855 3843 4913 disse.

2195 4944 2329 4999 tutae
2356 4945 2483 4997 sunt
2528 4941 2595 4997 ab
2625 4957 2704 4998 eo.
2755 4944 2938 5000 Bonus
2982 4946 3058 4999 est
3104 4944 3387 5013 Dominus,
3425 4952 3475 5001 et
3522 4946 3845 5015 confortans

2239 5244 2259 5277 ³
2316 5243 2482 5311 ibid.,
2542 5244 2595 5297 6.
2711 5239 2915 5297 ‘Psal.
2970 5240 3212 5308 Xcm,l.
3322 5240 3543 5296 l‘Rom.
3603 5254 3719 5311 xlv,
3781 5237 3836 5293 4.

442 5318 464 5351 ⁸
493 5315 656 5385 ibid.,
692 5316 775 5388 13.
854 5319 873 5351 "
903 5317 1073 5374 Zach.
1109 5334 1169 5384 ιι,
1204 5319 1256 5374 8.
1332 5317 1352 5350 ⁸
1383 5316 1510 5371 Not.
1564 5333 1687 5372 vox.
1766 5317 1787 5350 θ
1813 5310 2183 5388 proponebam
2228 5323 2359 5371 ante
2387 5310 2589 5388 oculos.
2670 5314 2715 5349 1°
2742 5312 2823 5388 Ex
2872 5312 3044 5369 citato
3094 5311 3497 5388 ms._C_olle_gii_
3534 5314 3661 5388 _Soc_.
3692 5310 3839 5365 Jesu

448 5404 554 5442 nas
583 5381 896 5460 variantes,
956 5381 1235 5446 lectiones
1293 5388 1583 5460 decerpsit
1633 5381 1983 5444 Harduinus.
2046 5388 2151 5444 Ms.
2185 5404 2368 5460 coram
2422 5387 2599 5444 oculis
2645 5384 2883 5460 _verbum
2915 5402 3072 5460 _oris_
3103 5384 3308 5460 Belial.
3388 5381 3841 5460 “detrahentem

448 5460 494 5532 ξπ
526 5457 781 5532 sodalem.
863 5461 984 5501 ίδ-ίδ
1044 5461 1194 5517 Psal.
1221 5476 1281 5532 7c,
1313 5462 1367 5530 2,
1401 5454 1483 5515 ex'
1525 5460 1763 5530 interpr.
1796 5460 1855 5514 S.
1915 5459 2269 5532 Hieronymi.
2302 5459 2409 5532 Ms.
2470 5457 2851 5532 Detrahenlcm
2900 5458 2960 5511 in
2987 5454 3623 5532 Δᾳὺίςςοηᾴιςιο-δοᾰαιεηι
3677 5469 3845 5532 suum

447 5530 591 5600 hunc
646 5531 1059 5599 interﬁciebam.
1140 5534 1181 5571 ’³
1213 5525 1375 5589 Prov.
1434 5548 1587 5598 xxvx,
1650 5525 1834 5586 18-22.
1916 5525 2261 5600 16Luc.'1x,
2310 5530 2401 5584 58.
2480 5529 2739 5600 “Provq
2775 5543 2924 5597 xxvr,
2983 5527 3286 5600 27-28.“!3
3346 5529 3746 5600 Prov.__xxvu,
3781 5525 3838 5580 3.

446 5602 493 5676 19
525 5599 687 5655 Prov.
722 5597 921 5676 nun,
955 5603 1042 5673 17,
1073 5603 1162 5676 25,
1192 5604 1280 5660 26.
1361 5604 1407 5638 ²⁰
1436 5607 1599 5661 Prov.
1648 5619 1777 5673 xxx,
1817 5603 1903 5660 33.
1982 5604 2027 5641 πί
2060 5597 2257 5661 Aurel;
2286 5619 2342 5671 v,
2376 5602 2461 5657 17.
2539 5600 2587 5637 ²²
2618 5600 2677 5659 S.
2710 5599 2902 5673 Greg.,
2936 5614 3025 5672 ep.
3060 5598 3148 5671 32,
3176 5597 3277 5656 lib.
3311 5613 3434 5659 xm.
3515 5597 3562 5635 93
3592 5611 3839 5661 suorum.

446 5674 493 5721 ³⁵
522 5676 660 5732 Luc.
690 5686 805 5749 xxx,
840 5673 927 5733 18.
