4086 6342
213 357 333 446 eos

1671 353 2104 413 EPISTOLIE.

3500 351 3619 415 806

213 490 279 546 in
308 488 399 544 die
429 485 822 552 tribulationis,
854 493 905 540 et
956 486 1133 540 sciens
1162 493 1441 557 sperantes
1490 486 1550 539 in
1588 500 1644 538 se
1689 485 1754 550 π,
1809 488 1865 538 et
1894 486 1949 550 Α
1980 484 2185 539 lineam
2212 489 2260 540 et
2306 486 2569 554 tunicam,
2604 488 2655 539 et
2701 482 3170 555 superhamerale,
3223 490 3273 538 et
3325 484 3621 552 rationale,

214 576 464 648 reliqua.
501 576 777 639 Quaedam
808 579 1002 629 autem
1038 592 1104 629 ex
1134 574 1248 641 his,
1269 574 1395 643 jam
1428 571 1558 626 aliis
1590 573 1867 626 fratribus

216 666 591 736 scripsimus,
642 680 770 734 quae
816 662 991 718 toties
1052 667 1191 717 sunt
1239 661 1591 731 replicanda,
1643 660 1869 731 quoties

216 754 439 809 fuerint
468 752 800 807 necessaria
822 752 935 806 ’6."
956 751 1307 821 Ejectionem
1331 767 1564 820 quoque
1585 750 1671 819 (ut
1692 767 1872 820 supra

214 847 610 898 memoratum
644 842 751 909 est)
785 857 1154 894 summorum
1204 839 1572 893 sacerdotum
1616 838 1724 893 sibi
1761 838 1869 892 Do-

215 931 421 986 minus
455 929 786 998 reservavit,
821 929 957 983 licet
985 928 1326 983 electionem
1362 944 1564 981 eorum
1596 927 1765 981 bonis
1789 944 1874 981 sa-

216 1018 557 1075 cerdotibus
605 1021 663 1072 et
710 1015 1115 1087 spiritualibus
1177 1015 1408 1087 populis
1466 1015 1873 1070 concessisset.

217 1106 579 1162 Electionem
630 1105 785 1160 enim
837 1105 1071 1159 illorum
1142 1104 1337 1158 taliter
1385 1102 1699 1174 Apostolus
1751 1102 1873 1156 fieri

212 1196 390 1265 jubet
424 1211 437 1249 :
470 1194 532 1249 Si
561 1195 683 1265 quis
711 1196 831 1248 sine
856 1194 1092 1247 crimine
1120 1200 1216 1261 est,
1257 1194 1422 1246 unius
1453 1194 1644 1247 uxoris
1676 1193 1880 1254 virum,

224 1283 377 1352 ﬁlios
426 1284 714 1337 habentem
754 1281 961 1351 ﬁdeles,
1008 1297 1114 1335 non
1150 1283 1209 1334 in
1239 1284 1584 1336 accusatione
1612 1282 1882 1349 luxuriae,

228 1377 332 1428 aut
360 1387 473 1426 non
502 1371 745 1426 subditos
777 1371 843 1436 ’9;
876 1374 932 1425 et
963 1369 1208 1440 reliqua.
1258 1370 1302 1403 ³ο
1332 1370 1389 1423 Si
1436 1371 1591 1424 enim
1622 1370 1745 1425 sine
1776 1371 1885 1424 cri-

242 1460 407 1514 mine
456 1460 725 1514 sacerdos
756 1457 889 1529 eligi
922 1457 1275 1529 praacipitur,
1308 1457 1645 1513 nullatenus
1678 1460 1749 1513 ab
1780 1459 1888 1513 ho-

246 1548 512 1603 minibus
560 1547 905 1602 criminibus
952 1546 1193 1601 irretitis
1242 1546 1505 1601 accusari
1536 1553 1638 1602 aut
1666 1546 1889 1602 calum—

249 1636 402 1691 niari
457 1636 837 1707 permittitur,
870 1651 974 1689 nec
1006 1636 1077 1689 ab
1128 1633 1279 1705 aliis,
1328 1651 1503 1705 quam
1536 1637 1607 1690 ab
1658 1636 1748 1690 his
1794 1637 1893 1706 qui

246 1726 378 1780 sine
410 1724 652 1779 crimine
678 1727 841 1790 sunt,
872 1728 928 1777 et
950 1723 1117 1793 juxta
1151 1722 1489 1777 electionem
1522 1724 1587 1790 ³¹,
1622 1724 1669 1779 si
1703 1741 1896 1779 neces-

246 1813 395 1870 sitas
426 1812 618 1877 fuerit,
644 1817 743 1867 aut
774 1812 886 1883 ipsi
919 1811 1165 1866 volendo
1196 1811 1441 1867 Domino
1473 1814 1685 1868 servire
1716 1813 1897 1885 elege-

246 1903 393 1970 rint,
415 1903 460 1937 ³²
491 1902 936 1972 sacerdotesque
967 1902 1094 1956 sine
1124 1901 1365 1955 crimine
1396 1902 1516 1957 ﬁeri
1549 1906 1605 1955 et
1638 1902 1891 1955 ordinari

246 1990 500 2063 possint,
549 1994 606 2045 et
650 1989 796 2045 tales
842 2006 943 2060 per
990 1989 1187 2044 omnia
1220 1988 1455 2057 fuerint,
1506 1989 1706 2060 quales
1758 1990 1893 2061 eligi

248 2080 591 2134 sacerdotes
614 2079 917 2149 jubentur.
946 2078 990 2110 ³³
1032 2077 1206 2132 Porro
1238 2081 1294 2131 et
1323 2077 1505 2149 Moysi
1537 2078 1893 2149 praecipitur,

247 2173 320 2223 ut
349 2167 527 2240 eligat
556 2166 943 2239 presbyteros.
967 2166 1013 2199 ³⁵
1044 2165 1207 2220 Unde
1237 2169 1291 2220 et
1313 2166 1371 2220 in
1406 2166 1731 2221 Proverbiis
1761 2166 1898 2219 dici-

247 2262 398 2313 tur:
434 2256 628 2312 Gloria
668 2271 859 2311 senum
908 2256 1137 2311 canities
1180 2254 1242 2308 ³⁵.
1294 2258 1426 2309 Haec
1472 2272 1602 2309 vero
1654 2254 1897 2310 canities

250 2344 607 2417 sapientiam
641 2344 1006 2416 designat,de
1035 2360 1149 2413 qua
1182 2343 1465 2414 scriptum
1499 2349 1623 2399 est:
1659 2346 1899 2398 Canities

252 2434 542 2490 hominum
588 2433 884 2504 prudentia
928 2437 1005 2487 est
1054 2433 1117 2485 ³⁵.
1167 2435 1427 2503 Cumque
1476 2437 1799 2504 nongentos
1847 2436 1901 2487 et

253 2522 517 2595 amplius
536 2538 720 2578 annos
753 2521 823 2577 ad
853 2522 1035 2576 Adam
1057 2537 1241 2592 usque
1273 2521 1343 2575 ad
1366 2521 1659 2577 Abraham
1689 2520 1902 2576 vixisse

253 2612 533 2668 homines
580 2610 921 2683 legerimus,
970 2609 1169 2664 nullus
1199 2609 1349 2665 alius
1381 2610 1545 2681 prius
1577 2610 1903 2682 appellatus

254 2706 350 2757 est
401 2699 720 2771 presbyter,
766 2699 825 2752 id
874 2703 963 2753 est
1011 2698 1222 2768 senior,
1275 2698 1388 2753 nisi
1434 2699 1751 2768 Abraham,
1806 2699 1904 2769 qui

258 2789 451 2844 multo
504 2787 876 2861 paucioribus
921 2787 1133 2842 vixisse
1165 2787 1334 2841 annis
1366 2788 1747 2843 convincitur.
1782 2788 1905 2843 Non

259 2895 401 2950 ergo
432 2882 667 2949 prOpter
695 2876 1047 2948 decrepitam
1098 2880 1475 2945 senectutem,
1523 2878 1621 2931 sed
1675 2881 1909 2948 prepter

261 2966 615 3037 sapientiam
642 2964 956 3037 presbyteri
993 2964 1389 3019 nominantur.
1420 2966 1462 2998 ³⁷
1497 2966 1730 3020 Initium
1753 2966 1909 3020 enim

263 3054 577 3111 sacerdotii
608 3057 797 3108 Aaron
848 3054 974 3121 fuit,
1023 3052 1157 3108 licet
1204 3052 1581 3109 Melchisedec
1622 3055 1777 3125 prior
1808 3055 1911 3109 ob-

262 3143 471 3198 tulerit
502 3142 875 3209 sacriﬁcium,
927 3146 983 3196 et
1012 3147 1143 3212 post
1188 3142 1345 3197 hunc
1381 3143 1695 3213 Abraham,
1732 3144 1910 3209 Isaac,

1976 574 2119 643 quod
2145 577 2493 643 constringes
2525 575 2697 629 balteo

2748 589 2761 626 :
2815 581 2865 628 et
2909 588 3074 644 pones
3113 574 3319 627 tiaram
3352 572 3410 627 in
3441 575 3624 645 capite

1979 664 2116 733 ejus,
2162 668 2213 717 et
2264 665 2533 717 laminam
2583 666 2832 716 sanctam
2880 678 3042 732 super
3090 664 3311 729 tiaram,
3355 670 3407 717 et
3445 662 3625 717 oleum

1980 754 2257 806 unctionis
2308 752 2506 821 fundes
2562 768 2729 813 super
2779 756 2941 818 caput
2996 752 3130 820 ejus,
3181 760 3341 821 atque
3389 750 3485 806 hoc
3514 754 3628 807 ritu

1981 842 2406 915 consecrabitur.
2478 842 2643 894 Filios
2712 857 2921 912 queque
2985 840 3145 893 illius
3195 842 3518 911 applicabis,
3581 849 3632 895 et

1988 932 2181 984 indues
2218 932 2423 984 tunicis
2472 932 2656 997 lineis,
2706 930 2988 999 cingesque
3039 929 3213 983 balteo
3252 931 3429 984 Aaron
3479 938 3530 984 et
3561 929 3628 984 li-

1989 1019 2137 1073 beros
2168 1020 2304 1089 ejus,
2355 1024 2409 1073 et
2460 1020 2705 1088 impones
2752 1021 2949 1071 mitras
2990 1020 3089 1083 eis,
3141 1023 3409 1088 eruntque
3450 1035 3630 1074 sacer-

1988 1109 2136 1163 dotes
2178 1108 2321 1161 mihi
2349 1108 2613 1175 religione
2641 1110 2899 1176 perpetua
2930 1106 2993 1158 39.
3037 1108 3157 1171 Quo
3198 1105 3321 1160 loco
3370 1110 3632 1163 contem-

1994 1196 2137 1266 plari
2170 1200 2415 1266 Oportet,
2449 1198 2637 1248 Aaron
2687 1210 2988 1248 summum
3039 1195 3421 1264 sacerdotem,
3456 1196 3510 1249 id
3545 1200 3634 1250 est

1995 1284 2333 1355 episcopum
2370 1282 2571 1348 fuisse,
2606 1299 2774 1353 porro
2817 1281 2964 1336 ﬁlios
2995 1283 3122 1350 ejus
3165 1283 3633 1354 presbyterorum

1998 1374 2431 1427 demonstrasse
2462 1372 2731 1442 ﬁguram.
2782 1371 2896 1425 lloc
2945 1371 3099 1425 enim
3135 1372 3241 1425 fuit
3270 1372 3419 1427 inter
3447 1374 3638 1427 Aaron

2000 1478 2301 1517 summum
2333 1462 2712 1525 sacerdotem,
2748 1465 2804 1514 et
2836 1460 2987 1514 ﬁlios
3024 1463 3154 1529 ejus
3183 1461 3283 1531 qui
3314 1462 3642 1516 sacerdotes

2002 1555 2186 1614 erant,
2220 1550 2375 1620 quod
2409 1556 2597 1603 Aaron
2630 1566 2806 1618 super
2832 1549 3092 1602 tunicam
3124 1548 3444 1620 accipiebat
3473 1549 3647 1619 pode-

2004 1655 2147 1707 rem,
2170 1638 2380 1693 stolam
2414 1642 2761 1704 sanctam,et
2789 1653 3063 1691 coronam
3095 1654 3354 1703 auream,
3379 1639 3639 1707 mitram,

2006 1732 2062 1781 et
2097 1743 2302 1781 zonam
2352 1742 2609 1795 auream,
2659 1731 2715 1779 et
2763 1725 3264 1796 saperhumerale,
3314 1731 3370 1780 et
3419 1726 3643 1796 reliqua

2006 1832 2135 1886 quae
2168 1815 2395 1885 praeﬁxa
2421 1820 2560 1868 sunt
2611 1830 2622 1867 :
2677 1813 2779 1868 filii
2810 1820 3006 1868 autem
3042 1819 3251 1881 Aaron,
3285 1832 3461 1886 super
3490 1814 3646 1869 tuni-

2005 1920 2101 1959 cas
2131 1904 2313 1958 lineas
2340 1903 2510 1957 cincti
2535 1903 2939 1957 tantummodo
2970 1908 3025 1957 et
3055 1903 3271 1971 tiarati,
3297 1904 3651 1959 assistebant

2004 1993 2287 2047 sacriﬁcio
2337 1992 2585 2045 Domini.
2637 1992 2681 2024 ‘°
2728 1993 2790 2045 ln
2844 2008 2985 2046 novo
3037 1997 3231 2047 autem
3275 1996 3646 2061 testamento,

2006 2087 2136 2153 post
2167 2081 2463 2136 Christum
2502 2079 2831 2147 Dominum,
2875 2098 2907 2135 a
2940 2081 3101 2135 Petro
3132 2081 3508 2138 sacerdotalis
3535 2099 3653 2137 caa-

2008 2170 2093 2240 pit
2122 2170 2284 2233 ordo,
2316 2169 2455 2240 quia
2482 2168 2593 2239 ipsi
2649 2170 2838 2239 primo
2882 2170 3256 2240 pontiﬁcatus
3286 2169 3345 2224 in
3394 2169 3653 2225 Ecclesia

2008 2258 2219 2313 Christi
2253 2259 2422 2311 datus
2454 2264 2561 2322 est,
2596 2258 2821 2312 dicente
2864 2258 3111 2313 Domino
3144 2259 3211 2313 ad
3247 2275 3379 2313 eum
3418 2276 3429 2313 :
3468 2260 3540 2312 Tu
3571 2274 3647 2325 es,

2008 2346 2221 2418 inquit,
2254 2350 2447 2400 Petrus
2478 2354 2529 2400 et
2554 2361 2717 2416 super
2747 2345 2887 2400 hanc
2912 2350 3125 2416 petram
3151 2346 3432 2415 mdiﬁcabo
3461 2348 3651 2401 Eccle-

2008 2438 2151 2489 siam
2180 2450 2377 2500 meam,
2410 2438 2459 2488 et
2486 2438 2660 2504 porta:
2690 2436 2858 2504 in/eri
2885 2450 2992 2489 non
3040 2435 3423 2506 praevalebunt
3459 2434 3652 2490 adver-

2010 2541 2099 2579 sus
2124 2540 2266 2589 eum,
2299 2532 2349 2578 et
2377 2523 2481 2577 tibi
2532 2522 2667 2577 dabo
2697 2524 2874 2578 claves
2914 2525 3080 2595 regni
3124 2524 3383 2579 caelorum
3431 2525 3495 2577 ιι.
3548 2523 3653 2578 Hic

2013 2629 2147 2683 ergo
2179 2612 2398 2683 ligandi
2431 2616 2604 2683 atque
2635 2611 2891 2666 solvendi
2928 2616 3270 2683 potestatem
3304 2612 3529 2683 primus
3562 2628 3653 2666 ac-

2015 2700 2166 2771 cepit
2190 2718 2223 2755 a
2253 2700 2519 2769 Domino,
2544 2702 2885 2771 primusque
2918 2701 2987 2754 ad
3022 2701 3195 2755 ﬁdem
3228 2700 3509 2772 populum
3540 2699 3660 2754 vir-

2015 2795 2137 2844 tute
2182 2807 2302 2844 suae
2354 2788 2778 2859 praedicationis
2830 2788 3091 2843 adduxit.
3126 2789 3325 2843 Caateri
3356 2805 3490 2844 vero
3522 2805 3660 2860 apo-

2018 2878 2153 2933 stoli
2187 2894 2320 2932 cum
2352 2878 2552 2932 eodem
2578 2878 2701 2948 pari
2723 2878 3012 2933 consortio
3034 2878 3312 2933 honorem
3336 2883 3390 2933 et
3414 2882 3659 2950 potesta-

2019 2973 2135 3021 tem
2170 2971 2537 3037 acceperunt,
2570 2966 2882 3037 ipsumque
2926 2967 3249 3038 principem
3298 2983 3498 3021 eorum
3531 2982 3659 3021 esse

2021 3055 2347 3109 voluerunt.
2381 3054 2488 3118 Qui
2519 3054 2978 3125 etiam,jubente
3004 3055 3336 3122 Domino,in
3370 3059 3487 3110 toto
3520 3056 3657 3110 orbe

2023 3142 2274 3214 dispersi
2308 3142 2684 3213 Evangelium
2717 3144 3176 3214 praedicaverunt
3210 3160 3221 3197 :
3258 3144 3400 3214 ipsis
3431 3158 3663 3214 quoque

259 3236 321 3287 et
348 3230 528 3287 Jacob
569 3248 582 3285 :
615 3232 715 3285 sed
747 3231 807 3285 hi
856 3236 1176 3302 spontanee
1223 3232 1539 3296 voluntate,
1574 3249 1687 3286 non
1719 3249 1907 3287 sacer-
1941 3219 1982 3284 C
2022 3231 2455 3300 decedentibus,
2506 3232 2565 3284 in
2616 3230 2807 3286 locum
2856 3248 3057 3285 eorum
3107 3235 3515 3286 successerunt
3544 3231 3667 3302 epi-

262 3320 445 3377 dotali
476 3320 836 3386 auctoritate,
872 3320 989 3375 ista
1018 3320 1298 3375 fecerunt.
1322 3321 1366 3354 ³⁸
1398 3324 1677 3375 Caeterum
1719 3325 1907 3377 Aaron

258 3410 493 3483 primus
545 3410 602 3463 in
659 3408 783 3480 lege
831 3408 1189 3464 sacerdotale
1239 3425 1447 3464 nomen
1498 3411 1737 3480 accepit,
1792 3410 1908 3482 pri-

260 3514 519 3570 musque
548 3497 865 3569 pontificali
915 3498 1066 3553 stola
1108 3499 1350 3553 indutus
1381 3498 1644 3554 victimas
1676 3499 1905 3567 obtulit,

251 3589 506 3659 jubente
554 3588 795 3641 Domino
849 3602 913 3640 ac
958 3586 1230 3657 loquente
1263 3588 1333 3641 ad
1376 3587 1612 3658 Moysen
1649 3604 1661 3643 :
1695 3590 1907 3659 Accipe,

260 3676 475 3748 inquit.
515 3682 705 3731 Aaron
750 3684 800 3730 et
830 3675 970 3744 ﬁlios
1020 3677 1157 3746 ejus,
1189 3680 1243 3730 et
1273 3676 1577 3747 applicabis
1606 3678 1680 3731 ad
1710 3680 1911 3732 ostium

257 3765 610 3821 tabernaculi
658 3766 979 3820 testimonii.
1028 3767 1269 3835 Cumque
1298 3766 1495 3819 laveris
1536 3773 1748 3835 patrem
1788 3782 1911 3821 cum

261 3855 404 3927 ﬁliis
454 3870 615 3925 aqua,
668 3853 857 3909 indues
906 3854 1087 3908 Aaron
1152 3855 1485 3908 vestimentis
1527 3855 1662 3921 suis,
1728 3855 1787 3908 id
1832 3859 1910 3909 est

340 4076 641 4132 ﬂ‘Nahum
700 4094 740 4146 ι,
770 4079 824 4143 2,
883 4078 939 4145 6,
995 4078 1048 4131 7.

265 4149 519 4205 sacerdos
565 4152 699 4205 sine.
794 4150 837 4185 ³¹
871 4151 1027 4219 justa
1067 4149 1351 4204 electione.

264 4221 324 4273 7.
401 4220 448 4254 ³⁵
477 4225 642 4275 Prov.
673 4238 765 4289 xx,
815 4221 902 4274 29.

266 4308 422 4361 xxxx,
456 4292 572 4345 4-9.

270 4363 318 4398 ⁴⁸
350 4363 489 4418 Luc.
522 4380 577 4430 x,
615 4363 698 4417 16.

1155 4077 1268 4131 ⁹⁶.²⁸
1330 4077 1688 4149 ῡίειίη.η79,
1758 4079 2085 4149 Ejeclionem
2143 4096 2291 4135 vero.

1446 4150 1491 4183 ³²
1541 4148 1715 4203 Hadr.
1749 4148 1903 4219 0011.,
1938 4166 1986 4204 c.
2032 4152 2117 4205 19.

996 4222 1040 4254 ³⁸
1090 4220 1220 4274 Job.
1253 4238 1352 4282 χιι,
1387 4224 1443 4274 et
1490 4221 1627 4292 Sap.
1682 4238 1755 4295 iv.
1786 4292 1808 4295 _
1835 4217 1897 4255 π

2015 4238 2070 4274 m
2104 4221 2239 4295 Isid.
2276 4239 2401 4293 cap.
2443 4224 2515 4295 5.,
2577 4222 2619 4255 ³⁸
2652 4221 2828 4295 Clem.
2874 4221 3056 4295 Const.
3088 4236 3172 4295 vi,
3406 4217 3451 4250 39

678 4292 723 4326 ιο
777 4292 840 4346 21
899 4291 1058 4357 dist.,
1116 4295 1180 4345 In
1208 4307 1343 4347 novo
1399 4289 1639 4363 test.,'et
1679 4294 1736 4346 in
1776 4292 1902 4348 Decr

2015 4308 2133 4348 von.
2177 4292 2277 4347 lib.
2338 4289 2423 4347 iu.
2502 4293 2543 4327 ⁴¹
2572 4292 2772 4347 Matth.
2819 4309 2934 4362 xvr,
2965 4293 3045 4361 (8)
3079 4291 3163 4345 19.
3244 4289 3670 4359 ⁸²’ρν‹εθεα.ταιο.

2019 3321 2175 3392 scopi
2204 3320 2336 3391 (13),
2362 3337 2609 3391 quorum
2637 3321 2924 3374 ordinatio
2957 3324 3226 3391 przetacto
3262 3321 3305 3353 ‘2
3336 3318 3461 3374 ﬁeri
3494 3319 3670 3374 debet

2019 3410 2220 3465 ordine
2258 3416 2315 3462 et
2346 3410 2515 3463 modo
2553 3425 2564 3462 :
2600 3426 2745 3479 quos
2778 3408 2878 3480 qui
2912 3408 3115 3479 recipit
3144 3413 3201 3463 et
3234 3407 3408 3462 verba
3438 3423 3667 3473 eorum,

2020 3499 2202 3553 Deum
2235 3498 2437 3568 recipit
2469 3512 2482 3551 :
2517 3498 2617 3568 qui
2650 3501 2845 3551 autem
2902 3513 3000 3551 eos
3048 3497 3291 3567 spernit,
3325 3512 3460 3551 eum
3492 3514 3526 3551 a
3554 3512 3669 3567 quo

2022 3588 2185 3642 missi
2218 3591 2373 3653 sunt,
2408 3591 2464 3640 et
2506 3587 2674 3657 cujus
2723 3588 3049 3658 funguntur
3078 3585 3386 3656 legatione,
3419 3584 3666 3657 spernit,

2019 3681 2075 3729 et
2106 3674 2216 3746 ipsi
2250 3674 2648 3729 indubitanter
2677 3680 2982 3746 spernetur
3011 3693 3040 3730 a
3074 3674 3321 3730 Domino
3353 3674 3417 3728 ⁸³.
3450 3673 3665 3729 Viden-

2021 3769 2105 3819 tes
2158 3769 2353 3819 autem
2398 3763 2508 3835 ipsi
2557 3764 2806 3836 apostoli
2857 3782 3107 3820 messem
3140 3781 3268 3820 esse
3305 3762 3574 3830 multam,
3608 3765 3671 3817 et

2020 3852 2314 3924 operarios
2347 3868 2583 3923 paucos,
2620 3858 2967 3925 rogaverunt
2996 3854 3303 3909 dominum
3336 3851 3567 3917 messis,
3600 3852 3666 3903 ut

2410 4079 2455 4113 ευ
2512 4078 2624 4133 Tit.
2669 4096 2707 4141 ι,
2747 4079 2800 4132 6.
2914 4078 2958 4113 ³ο
3023 4094 3102 4147 γι,

3144 4074 3465 4147 quastione
3507 4073 3559 4147 t,
3616 4071 3679 4126 Si

2214 4151 2259 4183 ³³
2291 4150 2500 4205 Distin.
2535 4151 2623 4215 84,
2657 4155 2825 4204 Porro
2874 4150 3022 4205 Mosi.

3115 4117 3331 4201 ³ῗῖἑῖἆῖ
3357 4117 3438 4200 he
3468 4117 3559 4270 og’.
3594 4160 3673 4209 χι,

3115 4236 3172 4270 II.
3202 4219 3294 4270 20.
3406 4217 3451 4250 39
3536 4214 3671 4269 xod.

3536 4214 3671 4269 xod.

338 4575 454 4657 (19)
482 4573 540 4627 In
572 4575 753 4657 locum
782 4582 1369 4657 eorum‘succesferunt
1395 4577 1652 4657 episcOpi.
1688 4578 1921 4657 llocﬁest
1956 4580 1999 4643 Ι)
2029 4576 2152 4657 Non
2209 4576 2377 4657 aliter
2428 4582 2625 4657 autem
2675 4573 3301 4657 episcoposnapostolis
3348 4568 3677 4657 succedere,

267 4647 424 4718 quod
458 4647 607 4716 psal.
642 4663 792 4710 xuv,
828 4646 1109 4717 propheta
1159 4646 1331 4701 David
1363 4648 1706 4718 praedixerat
1738 4665 1749 4701 :
1785 4650 1918 4702 Pro-

263 4719 520 4790 patribus
543 4719 659 4790 tuis
688 4720 807 4771 nati
831 4718 1084 4771 sunttibi
1111 4718 1238 4787 ﬁlii.
1268 4718 1757 4790 NamAugustino
1783 4736 1921 4789 prte-

270 4788 409 4843 dicti
441 4789 553 4843 loci
586 4790 918 4860 interprete,
974 4793 1163 4860 patres
1195 4788 1442 4859 apostoli
1490 4796 1648 4859 sunt,
1682 4788 1797 4842 ﬁlii
1820 4806 1919 4860 pro

312 4860 541 4931 atribus
591 4859 753 4931 nati,
782 4859 1176 4930 apostolorum
1228 4876 1594 4915 successores
1642 4859 1921 4931 episcopi.

312 4877 541 4914 ambus
591 4877 731 4923 nati,
782 4877 1176 4930 aposwiorum
1228 4877 1594 4915 successores
1642 4877 1921 4931 episcopi.

270 4877 600 4987 Eoncilium
624 4930 1021 4985 Florentinum
1048 4931 1107 4983 in
1132 4932 1515 4986 instructione
1536 4934 1921 4986 Armenorum

274 5008 330 5057 et
361 5001 572 5057 concil.
614 5002 937 5056 Tridentin.
990 5019 1135 5056 sese.
1187 5002 1278 5071 23,
1313 5019 1437 5073 cap.
1488 5007 1539 5067 4,
1576 5004 1729 5057 idem
1759 5019 1921 5058 asse—

274 5078 430 5128 runt.
470 5074 755 5127 Dicuntur
784 5078 979 5128 autem
1010 5073 1264 5144 epiSGOpi
1291 5074 1568 5144 apostolis
1596 5075 1921 5142 succedere,

276 5162 395 5226 non
425 5145 749 5226 proprie‘eo
781 5146 952 5226 modo
1004 5160 1118 5226 quo
1164 5145 1473 5226 episcopus
1505 5145 1793 5226 episeopo,
1828 5162 1924 5199 rex

274 5217 396 5289 regi
429 5214 713 5289 succedit,
748 5217 847 5270 sed
880 5214 1113 5289 duplici
1150 5214 1265 5289 alia
1307 5214 1557 5289 ratione.‘
1584 5214 1798 5279 Primo,
1833 5233 1925 5271 ra-

272 5286 433 5343 tio'ne
455 5288 605 5359 sacri
624 5286 971 5358 episcopalis
993 5286 1250 5353 ordinis;
1287 5288 1565 5354 secundo,
1584 5304 1686 5359 per
1716 5304 1926 5358 quam-

270 5361 409 5440 dam
436 5358 885 5440 similitudinem
910 5359 1456 5440 etproportionem;
1484 5359 1924 5440 quianifmirum

270 5432 429 5486 sicut
460 5430 692 5484 Christo
740 5430 797 5483 in
842 5429 1010 5484 terris
1057 5429 1291 5497 viventi,
1340 5429 1513 5499 primi
1562 5431 1671 5484 sub
1702 5430 1927 5484 Christo

269 5507 443 5557 erant
474 5501 725 5572 apostoli
758 5501 1089 5572 duodecim,
1141 5501 1351 5555 deinde
1398 5502 1773 5572 septuaginta
1814 5502 1929 5556 duo

269 5571 551 5644 discipuli
572 5590 584 5627 :
602 5572 683 5627 ita
704 5588 859 5626 nunc
886 5571 1056 5642 primi
1077 5572 1187 5626 sub
1212 5571 1761 5644 Romano’pontiﬁce
1790 5577 1931 5627 sunt

270 5643 559 5722 episcopi,
612 5649 747 5719 post
793 5659 892 5703 eos
942 5644 1287 5719 presbyteri,
1336 5643 1470 5704 inde
1499 5643 1766 5716 diaconi,
1816 5648 1929 5703 etc.

2033 4648 2165 4702 inde
2198 4652 2376 4717 patet,
2410 4649 2564 4717 quod
2612 4638 3124 4718 episcOpimulla'm
3174 4638 3679 4718 verwapostolicaa

2032 4714 2395 4773 auctoritatis
2418 4714 2949 4788 partem'babeant;
2986 4715 3233 4788 apostoli
3262 4714 3512 4779 enim,ut
3543 4725 3680 4788 con-

2033 4796 2147 4844 stat
2178 4790 2383 4843 Matth.
2410 4780 2464 4843 ét
2489 4790 2663 4843 Marc.
2697 4806 2823 4859 cap.
2852 4780 3204 4859 ultimo,toto
3233 4792 3520 4859 terrarum
3543 4780 3682 4836 orbe

2034 4860 2368 4935 prmdicare,
2403 4860 2547 4914 alias
2578 4865 2747 4935 atque
2770 4854 2919 4914 alias
2952 4858 3234 4912 Ecclesiae
3290 4854 3557 4935 fundare,
3588 4867 3679 4905 ea-

2035 4924 2281 5004 nonicos
2301 4930 2481 4985 libros
2504 4924 2755 4986 scrib-ere
2783 4935 3078 5004 poterant:
3105 4944 3273 5004 porro
3302 4925 3446 4980 nihil
3468 4924 3677 5004 horum

2033 5003 2288 5074 episcopi
2312 4999 3181 5074 potuerunt.Przeterea,donum
3201 4999 3415 5074 lingua:
3435 4999 3493 5050 et
3509 4999 3683 5048 mira-

2035 5072 2325 5149 culoru’m’
2354 5073 2686 5149 habuerunt
2736 5072 3034 5149 apostoli,_
3059 5087 3174 5126 non
3222 5073 3429 5149 autem
3455 5078 3681 5149 “omnes

2036 5145 2312 5219 episcopi.
2360 5144 2649 5219 Apostolis
2703 5135 3358 5219 omnibusimmediate
3388 5155 3419 5191 a
3451 5135 3682 5219 Christo

2037 5214 2369 5270 universam
2407 5214 2717 5270 Ecclesium
2742 5214 3106 5287 gubernandi
3129 5215 3384 5287 potestas
3407 5224 3483 5287 _ac
3513 5214 3688 5287 juris:

2038 5233 2369 5270 universam
2408 5230 2717 5270 ecclesiam
2742 5230 3106 5287 gubernandi
3170 5230 3384 5266 oresras
3418 5230 3483 5263 ac
3513 5230 3688 5287 juris-

2038 5288 2216 5341 dictio
2248 5287 2458 5341 collata
2485 5293 2593 5349 est,
2625 5288 2795 5341 Joan.
2850 5303 2973 5357 cap.
3007 5287 3096 5348 2U,
3129 5230 3222 5339 Bis
3262 5280 3454 5336 verbis
3489 5295 3502 5332 :
3536 5278 3689 5331 Sicut

2037 5360 2188 5413 misit
2220 5376 2305 5413 me
2337 5359 2515 5413 vivens
2546 5361 2727 5425 Pater,
2769 5362 2819 5412 et
2865 5373 2971 5429 ego
3000 5359 3158 5410 mitto
3206 5370 3297 5408 vos
3328 5358 3687 5421 (quanquam

2040 5429 2335 5483 ordinaria
2360 5429 2716 5498 jurisdictio,
2766 5446 2893 5498 quae
2926 5429 2985 5481 in
3018 5431 3279 5498 posteros
3320 5440 3422 5498 per
3451 5435 3689 5498 succes-
3754 5464 3767 5475 .

2041 5501 2265 5573 sionem
2298 5491 2731 5573 transferretur,
2767 5491 3093 5573 solil’etro,
3126 5491 3584 5573 extraordinaria
3608 5506 3691 5573 re:

2042 5571 2222 5643 liquis
2245 5570 2522 5643 apostolis
2551 5588 2825 5643 concessa
2851 5570 3193 5643 sit):omnes
3214 5570 3691 5643 autemepjscopi

2040 5660 2075 5702 θ.
2102 5634 2658 5704 Ῥθινὶἐιιοοθεεοιιθ
2706 5634 2965 5704 Romano
2998 5640 3295 5720 pontiﬁce,
3338 5637 3433 5703 cui
3463 5634 3687 5704 dictum
