4086 6342
506 377 622 439 807

1860 359 2246 423 ANACLETI
2290 359 2517 421 PAP/E

3791 356 3915 421 808

505 508 764 566 mitteret
792 501 1087 579 operarios
1123 500 1183 557 in
1231 512 1484 557 messem
1515 514 1684 553 suam
1715 497 1778 550 “.
1810 496 1948 551 Inde
1980 493 2148 550 electi
2178 494 2231 560 Α
2260 492 2541 561 civitates,
2575 510 2704 565 quae
2736 493 2990 549 minores
3014 490 3245 562 judices
3276 489 3571 546 habebant
3600 490 3766 562 (licet
3798 506 3918 546 ma-

507 602 649 658 sunt
675 597 746 653 ab
777 594 861 652 eis
893 591 1266 666 septuaginta
1313 590 1427 644 duo
1472 590 1515 622 ‘5
1563 584 1855 659 discipuli,
1900 601 2149 655 quorum
2250 583 2411 652 jores
2467 584 2776 639 comitibus
2824 582 3061 652 essent),
3104 580 3386 636 haberent
3427 580 3914 653 metropolitanos

504 692 710 762 typum
739 688 951 759 gerunt
974 679 1293 755 presbyteri
1314 679 1358 751 (1
1372 678 1628 751 li),atque
1648 676 1705 730 in
1732 692 1932 730 eorum
1956 674 2149 762 locum

507 760 648 835 sunt
675 772 981 831 constituti
1011 771 1071 827 in
1103 769 1375 839 Ecclesia,
1398 768 1469 823 de
1499 781 1751 838 quorum
1785 760 2151 819 ordinatione

504 868 562 920 et
607 862 968 935 reliquorum
1016 859 1443 927 ministrorum,
1493 855 1709 910 dixisse
1755 868 1935 924 supra
1978 850 2149 905 sufﬁ-

506 951 640 1009 ciat.

1281 1118 1375 1172 Ill.

504 1230 663 1300 Quod
706 1232 892 1285 minus
924 1243 1155 1300 quamn
1200 1220 1687 1300 tribusepiscopis
1732 1219 2009 1289 episcOpus
2037 1231 2148 1270 non

1069 1297 1258 1352 debeat
1291 1294 1563 1349 ordinari.

566 1444 609 1479 ⁸⁸
639 1444 814 1499 Porro
848 1440 1003 1512 quod
1034 1440 1346 1511 episcopus
1379 1453 1495 1491 non
1524 1436 1596 1491 ab
1629 1451 1767 1500 uno,
1800 1433 1901 1488 sed
1939 1448 1971 1485 a
2002 1448 2144 1485 cun-

498 1534 630 1603 ctis,
654 1546 943 1588 consensu
974 1535 1075 1584 aut
1106 1526 1424 1600 praesentia
1453 1521 2147 1596 comprovincialium,est

499 1622 883 1685 ordinandus,
936 1624 993 1674 et
1040 1617 1376 1673 nullatenus
1421 1615 1620 1669 minus
1660 1628 1835 1683 quam
1872 1629 1904 1665 a
1932 1610 2142 1673 tribus,

500 1710 724 1767 caeteris
745 1707 1244 1766 consentientibus
1276 1704 1529 1771 cunctis;
1560 1700 2146 1767 idcirco,instituente

498 1799 770 1867 Domino,
801 1797 927 1853 ﬁeri
950 1797 1212 1869 jubetur,
1249 1810 1320 1850 ne
1348 1792 1568 1864 aliquid
1601 1795 1803 1846 contra
1836 1788 2007 1843 ﬁdem
2038 1787 2143 1840 Ec-

500 1888 691 1945 clesiae
729 1887 908 1944 unius
931 1884 1237 1958 tyrannica
1267 1881 1586 1939 auctoritas
1616 1878 1942 1943 moliretur,
1973 1878 2028 1930 et
2058 1890 2142 1929 re-
2177 1864 2223 1928 B

499 1978 641 2050 gula
668 1976 756 2033 vel
788 1976 936 2031 ﬁdes
966 1974 1423 2029 confunderetur
1452 1968 1834 2025 credentium.

1278 2144 1372 2197 IV.

501 2258 569 2309 In
597 2253 793 2324 quibus
822 2251 1134 2307 civitatibus
1160 2251 1445 2324 primates,
1496 2249 1557 2301 in
1589 2246 1782 2316 quibus
1831 2243 2146 2313 metmpoli-

1057 2324 1178 2375 tani
1206 2337 1317 2375 esse
1349 2320 1595 2374 debeant.

574 2470 617 2503 ‘7
645 2466 957 2523 Provinciae
988 2469 1182 2520 autem
1217 2462 1399 2517 multo
1432 2466 1565 2516 ante
1594 2460 1805 2517 Christi
1833 2461 2147 2513 adventum

504 2562 767 2629 tempore
797 2555 993 2611 divisa:
1026 2558 1165 2609 sunt
1216 2552 1467 2607 maxima
1513 2568 1580 2606 ex
1612 2553 1792 2621 parte,
1845 2552 1903 2602 et
1950 2550 2151 2617 postea

503 2646 574 2700 ab
602 2643 883 2717 apostolis
904 2647 961 2697 et
990 2647 1155 2697 beato
1180 2641 1474 2696 Clemente
1497 2639 1919 2710 praedecessore
1950 2639 2148 2690 nostro

500 2735 631 2807 ipsa
661 2733 865 2789 divisio
896 2736 986 2787 est
1016 2734 1307 2786 renovata.
1343 2730 1387 2763 ‘3
1421 2733 1488 2783 Et
1518 2727 1576 2781 in
1610 2726 1799 2797 capite
1829 2724 2150 2796 provincia-

501 2840 655 2890 rum,
690 2821 788 2877 ubi
822 2822 1047 2876 dudum
1080 2819 1359 2891 primates
1390 2818 1536 2889 legis
1565 2818 1608 2850 ‘9
1640 2814 1833 2870 saeculi
1866 2817 2049 2883 erant,
2082 2829 2147 2868 ac

503 2911 692 2985 prima
713 2909 1031 2982 judiciaria
1061 2907 1420 2979 potestas,ad
1454 2923 1601 2977 quos
1634 2904 1731 2976 qui
1764 2921 1865 2975 per
1896 2902 2145 2973 reliquas

502 3000 765 3057 civitates
796 2998 1333 3064 commorabantur,
1356 2995 1591 3067 quando
1622 2994 1705 3049 eis
1736 3008 1973 3047 necesse
2002 2995 2144 3053 erat,

503 3088 606 3162 qui
636 3090 705 3144 ad
741 3086 934 3144 aulam
960 3085 1331 3159 imperatoris
1360 3084 1446 3139 vel
1466 3099 1666 3155 regum
1691 3081 2001 3152 confugere
2032 3097 2146 3134 nun

500 3181 787 3249 poterant,
821 3176 909 3232 vel
941 3176 1157 3247 quibus
1187 3172 1539 3246 permissum
1594 3188 1708 3226 non
1753 3175 1895 3238 erat,
1943 3168 2145 3224 confu-

499 3229 737 3339 giebant
775 3229 895 3338 ’pro
951 3229 1443 3336 rbppress‘ionibus
1490 3260 1579 3316 vel
1635 3229 1945 3330 injustitiis
1998 3257 2146 3323 suis,
2177 3229 2220 3295 δ

500 3357 780 3427 ipsosque
824 3353 1217 3426 appellabant,
1268 3351 1498 3423 quoties
1529 3366 1676 3422 opus
1715 3353 1860 3413 erat,
1893 3348 2044 3402 sicut
2087 3345 2146 3399 in

502 3442 629 3515 lege
659 3459 863 3497 eorum
906 3434 1259 3513 praeceptum
1286 3444 1411 3495 erat
1443 3458 1455 3494 :
1490 3439 1635 3510 ipsis
1666 3453 1899 3509 quoque
1929 3436 1989 3492 in
2018 3436 2150 3491 civi-

504 3530 727 3585 tatibus
755 3529 845 3584 vel
878 3528 1021 3585 locis
1062 3529 1300 3597 nostris,
1335 3527 1695 3601 patriarchas
1729 3526 1813 3581 vel
1847 3526 2151 3598 primates,

508 3619 612 3691 qui
640 3634 817 3674 unam
842 3619 1088 3672 formam
1109 3616 1713 3683 tenent,licetdiversa
1742 3615 1863 3670 sint
1890 3615 2148 3684 nomina,

505 3708 668 3779 leges
690 3706 899 3761 divinae
920 3714 978 3761 et
999 3704 1402 3760 ecclesiastica:
1427 3705 1561 3776 poni
1586 3709 1643 3760 et
1671 3721 1798 3760 esse
1820 3705 2150 3775 jusserunt,

506 3796 579 3851 ad
625 3812 773 3867 quos
817 3794 1074 3867 episcOpi
1123 3794 1194 3865 (si
1227 3809 1461 3849 necesse
1508 3794 1703 3865 fuerit)
1755 3794 2150 3866 confugerent,

505 3902 717 3956 eosque
766 3884 1173 3957 appellarent,
1250 3886 1306 3937 et
1380 3882 1493 3954 ipsi
1544 3883 1861 3953 primatum
1920 3882 2154 3937 nomine

506 3975 856 4043 fruerentur,
879 3978 937 4030 et
959 3990 1071 4029 non
1106 3971 1223 4029 alii.
1245 3971 1500 4043 Reliquae
1531 3987 1664 4027 vero
1698 3971 2155 4045 metropolitanae

580 4208 625 4242 ἰδ
653 4206 855 4261 Matth.
895 4223 970 4272 1x,
1012 4207 1081 4260 37
1114 4224 1126 4274 ;
1172 4207 1307 4260 Luc.
1352 4222 1407 4271 x,
1447 4206 1481 4259 2

511 4294 627 4350 quo
658 4283 715 4332 et
745 4278 1064 4349 superiora.
1143 4278 1187 4312 ‘7
1224 4276 1426 4350 Distin.
1458 4277 1548 4350 99,
1591 4278 1905 4350 Prouincia:
1932 4277 2122 4350 multo.
2157 4277 2226 4330 Et
2256 4277 2313 4330 in
2346 4276 2496 4350 nm.
2526 4277 2687 4350 Alvon.
2722 4276 2825 4350 lib.
2860 4293 2938 4330 IV.

1774 4348 1937 4418 jure.
2000 4348 2040 4380 5‘
2090 4350 2134 4402 A
2190 4349 2465 4418 martyrio
2516 4348 2573 4401 S.
2628 4348 2777 4402 Petri
2830 4347 3091 4402 nondum
3140 4347 3209 4399 60
3257 4346 3541 4418 ﬂuxerant
3595 4349 3728 4402 anni
3783 4346 3922 4404 cum

1710 4420 1754 4451 ⁵2
1805 4419 1862 4473 S.
1912 4417 2081 4490 Greg.
2132 4422 2279 4473 Past.
2316 4417 2357 4473 l.
2410 4436 2445 4488 ι,
2480 4418 2835 4489 quibusdam
2868 4435 2970 4489 pro
3004 4417 3561 4490 morerinterpolatis
3594 4423 3649 4473 et
3675 4426 3925 4490 praeter-

509 4492 729 4547 missis.
789 4489 851 4524 7‘3
881 4491 990 4544 Isa.
1025 4489 1132 4560 LVl,
1169 4492 1254 4544 11.
1332 4491 1377 4524 ⁵⁸
1402 4490 1615 4544 Jcrem.
1649 4506 1709 4559 ιι,
1742 4491 1795 4543 8.
1873 4490 1916 4522 ⁵⁸
1949 4490 1968 4543 Ι
2016 4489 2145 4544 Cor.

2261 4507 2302 4555 γ,
2347 4490 2435 4544 38.
2516 4490 2559 4523 ⁵⁸
2590 4489 2741 4545 Psal.
2778 4506 2968 4558 vam,
3000 4490 3090 4544 24.

511 4343 775 4421 capitum.
820 4343 897 4421 ’ξθ
926 4343 1594 4421 πρῳτονομοδιδάσκᾳλόι.
1692 4349 1735 4421 ⁵9

511 4418 635 4476 haec
666 4418 979 4490 scripsisse
1004 4420 1245 4490 ﬁngitur
1285 4418 1615 4474 Anacletus.

508 4565 585 4619 De
627 4563 968 4619 Pastoribus.

510 4799 600 4850 est
634 4812 646 4850 :
678 4795 845 4850 Pasce
874 4808 993 4849 oves
1022 4808 1191 4862 meas,
1236 4808 1397 4863 pasce
1441 4807 1609 4863 agnos
1656 4807 1800 4847 meos
1828 4791 2004 4861 (Joan.
2037 4808 2153 4859 xxi,

515 4866 968 4938 17),immediate
988 4881 1157 4919 suam
1180 4863 1651 4938 jurisdictionem
1677 4863 1847 4918 certis
1870 4863 2158 4938 limitibus

512 4934 814 5015 deﬁnitam
841 4934 1306 5015 consequuntur.
1362 4935 1658 5015 Denique,_
1672 4952 1784 4989 non
1828 4934 2159 5015 succeditur

555 5010 747 5081 roprie
795 5004 1331 5081 nisijraécedenti;
1379 5011 1439 5081 at
1485 5004 1828 5081 simul_cum
1879 5005 2159 5081 apostolis

540 5077 751 5135 uerunt
802 5080 861 5134 in
910 5077 1169 5134 Ecclesia
1222 5077 1587 5145 Timotheus,
1641 5077 1830 5141 Titus,
1887 5078 2158 5141 Evodius,

512 5151 727 5224 aliique
759 5150 955 5223 plures
986 5151 1266 5224 episcopi.
1384 5148 1561 5224 igitur
1592 5148 1858 5224 episcopi
1882 5149 2160 5220 apostolis

510 5219 1254 5304 succedu'ptﬁuioepiscopo
1284 5219 1448 5304 Titus
1468 5220 1495 5273 ‘?
1525 5220 1617 5304 eui
1648 5219 1991 5304 Timotheus
2028 5236 2156 5304 suc-

509 5295 732 5350 cessit?
763 5290 927 5349 Patet
958 5290 1137 5364 igitur
1183 5290 1299 5348 non
1349 5292 1669 5364 aliter,th
1697 5290 1956 5364 Anacleti
1986 5292 2161 5346 verba

510 5365 757 5438 intelligi
790 5362 1038 5438 debere,
1063 5362 1495 5438 quamhduplici
1526 5362 1626 5438 illa
1654 5363 1907 5438 ratione,
1928 5363 1998 5438 de
2044 5379 2161 5438 qua

513 5435 729 5508 supra:
747 5437 891 5491 Vide
926 5435 1195 5491 Bellarm.
1223 5435 1321 5490 lib.
1355 5453 1433 5501 1v,
1466 5435 1539 5489 De
1570 5437 1719 5489 Rom.
1754 5437 1975 5505 ponti/1,
2010 5435 2159 5500 c.23,

510 5509 581 5563 24
613 5514 670 5563 et
696 5509 787 5563 25.
818 5511 947 5563 Ssv.
982 5508 1208 5563 BINIUS.

613 5524 670 5563 GI.
696 5524 787 5563 ΖΟ.
818 5524 947 5563 θεν.
982 5524 1208 5563 DINIUS.

580 5578 695 5651 (14)
726 5578 1088 5651 Septuaginta
1113 5581 1220 5634 duo
1250 5578 1527 5651 discipuli,
1554 5592 1789 5651 quorum
1824 5581 2027 5651 typum
2066 5592 2159 5651 ge-

514 5648 651 5718 runt
676 5648 998 5735 presbyteri.
1030 5649 1355 5725 Presbyteri
1384 5648 1777 5723 septuaginta
1807 5648 2040 5707 duObus
2067 5648 2161 5704 di-

1589 4206 1633 4238 “
1674 4205 1811 4259 Luc.
1854 4205 1980 4259 cod.
2023 4208 2356 4259 constanter
2392 4204 2532 4277 legit
2569 4206 2943 4277 septuaginta.

2259 689 2417 740 suos,
2452 672 2551 744 qui
2583 671 2875 744 praedictis
2913 671 3073 741 juste
3103 670 3146 703 ⁵ο
3176 668 3481 725 obedirent
3525 667 3911 740 primatibus,

2258 760 2411 815 sicut
2440 766 2495 816 et
2524 761 2582 815 in
2616 761 2844 834 legibus
2884 757 3082 815 saeculi
3114 757 3255 813 olim
3286 758 3625 814 ordinatum
3657 758 3916 831 erat,qui

2258 866 2374 905 non
2406 849 2747 921 primatum,
2798 849 2899 904 sed
2933 852 3033 903 aut
3064 846 3651 918 metropolitanorum
3683 850 3796 902 aut
3827 864 3915 902 ar-

2259 937 2765 1010 chiepiscoporum
2793 937 3030 993 nomine
3063 937 3381 991 fuerentur.
3407 935 3477 991 Et
3497 934 3631 991 licet
3662 934 3913 1008 singula

2259 1025 2609 1098 metropoles
2654 1026 2917 1081 civitates
2974 1041 3114 1079 suas
3164 1023 3492 1095 provincias
3522 1024 3812 1091 habeant,
3863 1028 3916 1079 et

2256 1114 2897 1187 suosmetropolitanos
2914 1113 3144 1184 judices
3166 1113 3382 1169 habere
3399 1113 3651 1168 debeant
3681 1112 3916 1184 episco-

2257 1220 2362 1274 pos
2402 1203 2555 1261 sicut
2595 1206 2759 1275 prius
2810 1202 3285 1274 metropolitanos
3330 1202 3562 1273 judices
3612 1202 3916 1257 habebant

2255 1294 2583 1360 saeculares,
2631 1293 2911 1363 primates
2957 1295 3155 1345 tamen
3205 1292 3292 1360 (ut
3339 1290 3641 1362 praeﬁxum
3694 1290 3811 1359 est)
3862 1295 3915 1344 et

2253 1384 2393 1436 tunc
2423 1386 2479 1435 et
2509 1398 2663 1435 nunc
2694 1380 2908 1435 habere
2944 1380 3130 1449 jussas
3161 1384 3321 1449 sunt,
3369 1379 3439 1433 ad
3472 1395 3619 1450 quos
3652 1384 3791 1450 post
3824 1394 3913 1433 se-

2255 1470 2387 1525 dem
2436 1470 2814 1541 apostolicam
2866 1485 3102 1523 summa
3158 1467 3391 1539 negotia
3440 1467 3818 1537 conveniant,
3855 1472 3914 1522 ut

2254 1558 2491 1624 ibidem,
2547 1558 2758 1628 quibus
2792 1573 3024 1612 necesse
3080 1557 3269 1624 fuerit,
3305 1556 3631 1611 releventur
3663 1561 3721 1610 et
3744 1558 3914 1626 juste

2254 1647 2656 1713 restituantur,
2708 1650 2763 1700 et
2798 1645 2856 1699 hi
2908 1645 3008 1716 qui
3039 1645 3257 1714 injuste
3290 1644 3723 1716 opprimuntur,
3753 1647 3914 1714 juste

2254 1738 2643 1790 reformentur
2727 1738 2901 1805 atque
2976 1732 3312 1804 fulciantur,
3382 1733 3914 1806 cpiscoporumque

2254 1841 2466 1892 causa},
2520 1828 2577 1879 et
2626 1839 2996 1879 summorum
3046 1821 3410 1894 negotiorum
3458 1822 3685 1893 judicia
3725 1821 3916 1891 (salva

2256 1912 2584 1983 apostolica:
2617 1912 2774 1968 sedis
2803 1912 3168 1981 auctoritate)
3210 1910 3543 1981 justissima
3583 1911 3913 1967 terminen-

2254 2006 2369 2056 tur.
2420 2002 2544 2056 Haac
2576 2002 2646 2056 ab
2695 2000 2954 2072 antiquis
2986 2001 3053 2068 δί,
3089 1999 3208 2054 haec
3262 2000 3333 2055 ab
3368 1998 3671 2072 apostolis,
3723 2000 3849 2054 haec
3878 2018 3910 2055 a

2257 2107 2338 2145 sa.-
2369 2090 2475 2145 etis
2505 2089 2772 2144 Patribus
2829 2088 3185 2159 accepimus,
3236 2089 3516 2160 vobisque
3565 2090 3653 2159 (ut
3703 2094 3913 2160 postu-

2257 2178 2447 2249 lastis)
2483 2178 2831 2244 rimanda,et
2860 2176 3073 2231 futuris
3105 2176 3357 2232 tenenda
3383 2176 3749 2248 temporibus
3773 2178 3911 2232 mit-

2258 2266 2459 2335 timus,
2494 2270 2550 2319 et
2580 2264 2821 2336 reliquis
2852 2264 3133 2319 fratribus
3166 2265 3550 2336 praedicanda,
3573 2283 3639 2321 ac
3672 2267 3909 2322 cunctis

2260 2354 2530 2409 fidelibus
2560 2355 2835 2409 tradenda
2870 2354 3242 2424 mandamus,
3281 2370 3352 2408 ne
3382 2360 3685 2425 pastorum
3719 2355 3912 2429 impe-

2259 2443 2411 2511 ritia,
2458 2444 2502 2477 ⁵³
2548 2444 2647 2514 qui
2701 2447 3047 2513 sequuntur,
3098 2442 3411 2498 deteriores
3460 2444 3620 2514 fiant,
3676 2446 3915 2501 dicente

2257 2533 2503 2587 Domino
2535 2547 2638 2603 per
2669 2534 3013 2603 prophetam
3051 2547 3062 2584 :
3096 2533 3208 2603 Ipsi
3237 2541 3477 2603 pastores
3515 2534 3918 2601 ignoraverunt

2258 2623 2684 2691 intelligentiam
2712 2622 2775 2675 ⁵³.

2329 2730 2485 2793 Quos
2512 2744 2717 2782 rursus
2752 2728 3034 2783 Dominus
3056 2728 3395 2799 detestatur,
3424 2730 3624 2787 dicens
3668 2748 3680 2786 :
3716 2733 3787 2788 Et
3836 2741 3917 2789 te-

2254 2822 2462 2872 mentes
2493 2818 2683 2887 legem,
2718 2818 3033 2871 nescierunt
3060 2834 3146 2873 me
3173 2819 3237 2871 5‘.
3272 2818 3489 2873 Nesciri
3518 2836 3653 2893 ergo
3684 2822 3917 2879 Veritas

2257 2923 2318 2962 se
2347 2907 2418 2961 ab
2450 2905 2531 2960 eis
2576 2906 2973 2977 conqueritur,
3022 2910 3077 2961 et
3125 2906 3345 2961 nescire
3392 2923 3454 2961 se
3511 2907 3916 2980 principatum

2256 2994 2640 3050 nescientium
2675 2998 3067 3064 protestetur;
3120 2982 3258 3065 quia
3290 2994 3544 3065 profecto
3578 2995 3634 3050 hi
3685 2998 3786 3069 qui
3819 3016 3916 3071 ea,

2257 3100 2383 3155 quae
2416 3086 2555 3137 sunt
2584 3078 2838 3150 Domini,
2871 3082 3159 3154 nesciunt,
3205 3100 3237 3137 a
3267 3082 3512 3138 Domino
3540 3086 3915 3159 nesciuntur,

2258 3170 2435 3227 Paulo
2467 3174 2798 3237 attestante,
2834 3171 2931 3243 qui
2966 3171 3047 3225 ait
3081 3189 3094 3227 :
3128 3171 3189 3226 Si
3221 3172 3340 3243 quis
3368 3173 3587 3243 ignorat
3614 3176 3915 3245 ignorabi-

2258 3267 2356 3315 tur
2385 3261 2447 3313 ⁵⁵.
2484 3260 2627 3315 Hinc
2656 3264 2713 3315 et
2750 3259 3080 3329 Psalmista,
3115 3277 3230 3316 non
3263 3261 3517 3332 optantis
3549 3262 3769 3335 animo,
3805 3269 3911 3323 sed

2259 3348 2659 3421 prophetantis
2682 3349 2954 3421 mysterio
2986 3349 3311 3420 denuntiat,
3338 3351 3538 3407 dicens
3565 3369 3578 3408 :
3604 3353 3915 3411 Obscuren-

2259 3447 2349 3493 tur
2374 3438 2526 3494 oculi
2552 3453 2760 3503 eorum,
2790 3454 2859 3493 ne
2888 3438 3130 3509 videant,
3164 3443 3213 3494 et
3260 3439 3486 3495 dorsum
3531 3457 3730 3497 eorum
3760 3461 3922 3501 sem-

2256 3543 2362 3599 per
2391 3528 2619 3582 incurva
2648 3528 2713 3581 ⁵⁸.
2736 3526 3075 3582 Obscuratis
3106 3543 3242 3599 ergo
3271 3528 3476 3600 oculis,
3508 3530 3790 3589 deorsum
3817 3535 3923 3592 fle-

2262 3616 2437 3671 ctitur
2466 3634 2478 3683 ;
2513 3615 2792 3687 quoniam
2823 3633 2958 3671 cum
3008 3616 3208 3672 lumen
3240 3618 3492 3673 scientia:
3524 3616 3783 3691 perdunt
3814 3627 3924 3696 qui

2262 3705 2679 3776 praeeunt,sine
2712 3705 2890 3760 dubio
2921 3706 2991 3760 ad
3025 3707 3311 3775 portanda
3336 3713 3708 3778 peccatorum
3740 3729 3929 3769 onera

2263 3792 2626 3849 inclinantur
2658 3798 2990 3865 sequentes.
3034 3794 3075 3827 ⁵⁷
3109 3794 3208 3849 Hic
3242 3810 3377 3867 ergo
3410 3796 3559 3853 inter
3588 3814 3806 3856 manus
3836 3800 3929 3859 la-

2263 3887 2499 3937 tronum
2520 3887 2578 3938 et
2594 3884 2797 3938 dentes
2817 3882 3140 3937 furentium
3172 3882 3445 3955 luporum
3478 3890 3779 3960 utcunque
3803 3906 3932 3946 ver-

2265 3987 2484 4026 samur.
2523 3972 2655 4027 Ideo
2712 3976 2769 4027 et
2824 3972 3027 4026 docere
3087 3970 3252 4042 alios,
3298 3977 3353 4028 et
3401 3991 3506 4030 nos
3537 3975 3698 4046 ipsos
3728 3979 3934 4050 (prout

3055 4205 3098 4277 ιβ
3143 4204 3297 4277 ίξείό.
3354 4205 3429 4259 De
3476 4204 3570 4275 off.
3614 4221 3709 4277 in,
3741 4206 3799 4277 5,
3856 4224 3929 4262 ex

3054 4276 3096 4309 ⁴⁸
3142 4275 3336 4347 Hinm.
3389 4291 3515 4346 cap.
3554 4277 3639 4344 15,
3676 4275 3792 4331 ιη).
3834 4295 3925 4347 Lv,

3168 4489 3232 4542 ⁵⁷.
3266 4488 3326 4543 S.
3361 4491 3609 4561 August.
3644 4488 3693 4545 cI
3724 4492 3781 4560 7,
3816 4490 3923 4547 lib.

2266 4790 2509 4863 scipulis
2538 4790 2766 4845 Domini
2799 4806 2912 4863 non
2944 4789 3113 4863 aliter
3136 4806 3313 4862 quam
3338 4805 3441 4862 per
3462 4791 3923 4850 similitudinem

2268 4860 2585 4937 quamdam
2620 4862 2930 4937 succedere
2962 4860 3259 4937 dicuntur,
3293 4860 3451 4937 sicut
3487 4863 3770 4937 apostolis
3801 4866 3925 4937 epi-

2268 4932 2445 5005 scopi.
2479 4935 2640 4997 Quod
2674 4939 2868 4988 autem
2905 4949 3015 4988 non
3049 4932 3216 4989 aliter
3248 4932 3583 5003 succedant,
3618 4934 3744 4990 haec
3775 4932 3921 4993 ratio

2268 5006 2563 5061 evidenter
2608 5005 2875 5077 probat‘:
2923 5005 3307 5077 Septuaginta
3337 5005 3451 5077 duo
3498 5005 3778 5077 discipuli
3813 5024 3926 5063 non

2269 5078 2505 5158 fuerunt
2535 5074 2874 5158 presbyteri,
2909 5074 3016 5131 nec
3038 5074 3225 5158 ullum
3258 5075 3521 5158 ordinem
3554 5074 3925 5158 auijiurisdi-

2269 5148 2519 5222 ctionem
2541 5147 2578 5203 a
2599 5147 2823 5202 Christo
2847 5152 3231 5222 susceperunt
3253 5148 3587 5222 :_siquidem
3613 5147 3923 5222 Philippus

2269 5167 2519 5203 cuonem
2545 5167 2578 5203 8.
2599 5167 2823 5202 UDI‘ISLO
2847 5167 3266 5218 susceperunt:
3296 5167 3587 5218 anuwuem
3613 5167 3810 5222 l’ﬂlllp
3857 5167 3920 5205 ιιε

2268 5224 2324 5275 et
2352 5220 2718 5292 Stephanus,
2738 5224 2793 5273 et
2823 5217 2921 5292 alii
2954 5218 3481 5292 quinquediaconi
3515 5220 3587 5292 ab
3615 5167 3920 5292 apostogis,

2268 5289 2469 5345 Actor.’
2495 5308 2570 5359 v1,
2598 5289 2847 5345 ordinati
2879 5296 3041 5344 erant
3073 5306 3141 5361 ex
3184 5290 3255 5343 72
3302 5289 3610 5361 discipulis
3657 5289 3919 5356 Domini,

2271 5365 2335 5416 ut
2364 5362 2530 5417 docet
2560 5361 2869 5433 Epiphan.,
2899 5360 3105 5416 haeresi
3136 5362 3244 5427 20;
3277 5378 3395 5433 non
3425 5360 3676 5417 fuissent
3720 5371 3918 5419 autem

2272 5433 2499 5507 diaconi
2532 5432 2805 5507 ordinati,
2840 5433 2889 5486 si
2928 5434 3057 5507 jam
3098 5432 3921 5507 anteuordinemgpresbyterii

2270 5504 2635 5635 habuizssserlit.
2667 5504 2813 5560 Vide
2844 5502 3180 5560 Bellarmin.
3216 5502 3317 5561 lib.
3352 5522 3403 5560 1v
3436 5506 3505 5561 De
3541 5502 3670 5561 Rom
3697 5502 3920 5583 ponti},

2271 5592 2397 5635 cap.
2505 5619 2515 5632 .
2584 5592 2637 5632 ι).

2271 5592 2397 5650 cap.
2427 5592 2515 5633 κο.
2556 5592 2637 5635 ιι).
