4036 6344
179 447 303 508 813

959 579 1053 633 ΙΙΙ.

373 670 448 724 De
477 667 805 724 discretione
831 670 1206 739 episcoporum
1236 675 1287 722 ct
1315 668 1626 724 civitatum.

255 757 676 830 Episcoporum
705 774 837 812 vero
870 757 1010 812 ordo
1041 774 1194 812 unus
1251 760 1340 812 est
1377 755 1512 812 licet
1541 757 1659 812 sint
1708 756 1822 828 pri-

183 853 370 904 mates
394 847 478 902 illi
509 847 607 919 qui
640 847 858 918 primas
888 846 1148 902 civitates
1172 850 1389 911 tenent,
1413 845 1513 917 qui
1534 850 1592 901 et
1612 845 1672 900 in
1695 845 1823 916 qui-

178 938 432 993 busdam
464 936 605 992 locis
637 935 978 1007 patriarchae
1009 953 1042 991 a
1071 935 1368 991 nonnullis
1398 939 1696 991 vocantur.
1737 934 1824 989 Illi

177 1031 375 1082 autem
407 1025 507 1097 qui
537 1025 598 1080 in
621 1024 926 1096 metropoli
949 1042 982 1080 a
1005 1026 1171 1081 beato
1194 1029 1362 1080 Petro
1385 1024 1646 1096 apostolo
1670 1024 1823 1079 ordi-

179 1122 359 1171 nante
391 1115 657 1184 Domino,
690 1119 748 1170 et
777 1132 810 1169 a
866 1115 1289 1186 praedecessore
1319 1120 1515 1170 nostro
1547 1113 1822 1186 praedicto

180 1210 386 1260 sancto
418 1203 734 1274 Clemente,
768 1221 868 1259 seu
901 1221 934 1259 a
961 1204 1131 1260 nobis
1160 1203 1457 1260 constituti
1499 1207 1658 1270 sunt,
1708 1220 1822 1258 non

181 1311 387 1349 omnes
418 1293 697 1365 primates
726 1292 813 1348 vel
847 1292 1187 1364 patriarchae
1226 1309 1353 1348 esse
1403 1297 1676 1364 possunt:
1720 1293 1821 1348 sed

175 1382 293 1437 illa:
316 1383 644 1453 urbes,quae
665 1382 918 1453 praefatis
942 1386 997 1436 et
1019 1382 1226 1453 priscis
1248 1382 1610 1452 temporibus
1641 1382 1684 1415 9‘
1706 1383 1821 1452 pri-

177 1477 407 1528 matum
444 1475 699 1541 tenuere,
741 1473 784 1505 9⁵
835 1470 1296 1542 patriarcharum
1348 1475 1448 1526 aut
1504 1471 1822 1542 primatum

173 1562 417 1617 nomine
446 1562 751 1628 fruantur;
785 1560 1019 1631 reliquae
1044 1577 1175 1615 vero
1201 1560 1568 1632 metropoles,
1599 1559 1824 1615 archie-

173 1651 549 1722 piscoporum
581 1655 682 1706 aut
712 1649 1315 1720 metropolitanorum,
1347 1654 1404 1705 et
1435 1667 1549 1705 non
1575 1649 1820 1721 patriar-

174 1739 423 1795 charum
454 1743 556 1794 aut
594 1739 913 1811 primatum
963 1742 1204 1794 utantur
1253 1738 1626 1806 nominibus;
1685 1737 1823 1810 quia

170 1828 298 1883 haec
329 1829 530 1884 eadem
563 1833 618 1883 et
646 1828 802 1899 leges
834 1827 1027 1883 seculi
1058 1827 1118 1882 in
1144 1828 1267 1883 suis
1286 1832 1586 1884 continent
1604 1827 1822 1900 princi-

171 1918 391 1990 pibus;
423 1918 467 1952 9“
496 1915 621 1973 alia
652 1922 847 1973 autem
897 1916 1096 1988 prima
1145 1917 1402 1972 civitates
1455 1934 1602 1989 quas
1658 1916 1821 1972 vobis

172 2007 541 2078 conscriptas
572 2006 631 2060 in
682 2007 938 2078 quodam
993 2011 1151 2062 tomo
1197 2007 1508 2073 mittimus,
1541 2025 1574 2062 a
1603 2006 1823 2062 sanctis

167 2096 474 2169 apostolis,
508 2099 563 2151 et
593 2114 626 2150 a
652 2096 822 2151 beato
877 2094 1190 2163 Clemente,
1238 2096 1358 2152 sive
1389 2114 1422 2152 a
1451 2097 1644 2163 nobis,
1691 2098 1811 2169 pri-

170 2191 368 2242 mates
389 2186 799 2258 praedicatores
818 2189 1184 2256 acceperunt.
1211 2185 1340 2240 Haec
1364 2203 1497 2241 vero
1521 2203 1823 2242 sacrosan-

163 2281 268 2332 cta
286 2280 551 2331 Romana
562 2278 618 2331 et
639 2273 960 2346 apostolica
981 2273 1260 2343 Ecclesia,
1285 2292 1398 2330 non
1423 2276 1495 2330 ab
1519 2275 1822 2348 apostolis,

174 2365 284 2421 sed
315 2364 387 2419 ab
434 2364 560 2436 ipso
617 2363 858 2418 Domino
913 2363 1208 2419 Salvatore
1265 2368 1465 2420 nostro
1514 2366 1556 2399 97
1605 2366 1822 2437 prima-

174 2458 306 2509 tum
338 2452 610 2522 obtinuit,
644 2457 700 2508 et
730 2452 1108 2508 eminentiam
1139 2453 1445 2524 potestatis
1484 2470 1662 2527 super
1699 2456 1825 2510 uni-

169 2558 377 2598 versas
408 2541 694 2598 Ecclesiae
724 2559 789 2597 ac
821 2546 1006 2598 totum
1033 2541 1346 2598 Christiani
1369 2543 1567 2614 populi
1588 2559 1824 2617 gregem

179 2636 453 2687 assecuta
482 2635 589 2699 est,
623 2631 775 2687 sicut
814 2631 938 2703 ipse
993 2631 1056 2685 B.
1119 2632 1284 2686 Petro
1334 2632 1597 2704 apostolo
1641 2634 1823 2689 dixit:

185 2722 267 2775 Tu
294 2736 349 2776 es
378 2727 592 2787 Petrus,
617 2725 670 2776 et
696 2736 861 2792 super
891 2721 1034 2775 hanc
1087 2726 1310 2792 petram
1337 2721 1615 2791 aediﬁcabo
1644 2723 1824 2778 Eccle-

172 2812 323 2864 siam
351 2825 550 2880 meam,
583 2814 638 2864 et
656 2813 836 2880 porta?
863 2810 1034 2880 inferi
1053 2825 1164 2864 non
1177 2811 1557 2880 praevalebunt
1571 2811 1828 2867 adversus

174 2916 308 2955 eam
333 2915 345 2953 :
376 2903 425 2954 et
450 2900 551 2954 tibi
579 2898 714 2953 dabo
743 2897 923 2953 claves
960 2900 1118 2970 regni
1145 2901 1428 2955 caztorum.
1464 2902 1530 2956 Et
1566 2916 1824 2972 quaecun-

176 3004 287 3060 que
341 2989 595 3059 ligaveris
633 3005 804 3059 super
831 2993 1057 3059 terram,
1081 2992 1241 3043 erunt
1263 2989 1497 3060 ligataet
1522 2991 1586 3045 in
1597 2991 1756 3046 cwlo:
1779 2997 1832 3046 et

178 3093 522 3150 quaecunque
549 3079 773 3133 solveris
802 3093 970 3146 super
995 3084 1228 3144 terram,
1259 3088 1420 3135 erant
1447 3079 1634 3134 soluta
1670 3089 1723 3136 et
1767 3081 1829 3134 in

178 3168 320 3223 caelo
349 3168 414 3221 93.
445 3166 722 3222 Adhibita
750 3171 838 3222 est
862 3167 1035 3222 etiam
1064 3167 1309 3224 societas
1359 3168 1419 3222 in
1457 3169 1658 3224 eadem
1713 3169 1828 3224 Ro-

183 3274 363 3312 mana
386 3257 529 3311 urbe
550 3255 878 3311 beatissimi
900 3256 1488 3327 apostoliPaulivasis
1507 3257 1824 3329 electionis,

1670 444 2098 508 EPISTOLE.

1854 580 1911 646 Α
2019 601 2046 631 α
2070 579 2338 635 Secunda
2360 585 2554 637 autem
2584 582 2753 638 sedes
2786 583 2939 655 apud
2971 582 3396 652 Alexandriam,
3427 585 3582 643 beati

3465 454 3582 515 814

1934 668 2086 724 Petri
2117 669 2372 740 nomine,
2404 688 2438 726 a
2467 671 2664 726 Marco
2697 673 2824 742 ejus
2857 673 3144 744 discipulo
3175 678 3352 745 atque
3403 691 3579 732 evan-

1933 756 2142 828 gelista
2170 763 2507 814 consecrata
2536 765 2661 827 est;
2695 761 2834 832 quia
2861 761 2988 833 ipse
3016 766 3073 817 et
3098 762 3157 817 in
3189 763 3432 835 IEgypto
3460 765 3580 836 pri-

1934 862 2096 900 mum
2127 849 2368 902 verbum
2397 848 2678 918 veritatis,
2713 850 2970 906 directus
2999 868 3032 906 a
3059 855 3246 923 Petro,
3298 853 3576 924 praedica-

1930 935 2031 1002 vit,
2064 941 2119 990 et
2148 935 2468 1007 gloriosum
2499 938 2758 1010 suscepit
2789 940 3153 1012 martyrium.
3189 941 3292 997 Cui
3339 958 3576 999 venera-

1932 1025 2065 1080 bilis
2097 1027 2382 1082 successit
2402 1028 2627 1083 Abilius
2648 1029 2688 1082 δ.

2005 1137 2032 1163 ‹‹
2066 1115 2260 1170 Tertia
2291 1121 2487 1171 autem
2519 1118 2688 1172 sedes
2719 1119 2872 1189 apud
2905 1119 3292 1186 Antiochiam,
3312 1122 3577 1192 ejusdem

1933 1203 2012 1275 (id
2049 1209 2138 1259 est
2161 1205 2312 1260 beati
2343 1205 2518 1276 Petri)
2551 1207 2795 1277 apostoli
2823 1210 3059 1264 nomine
3097 1209 3345 1265 habetur
3391 1211 3579 1267 hono-

1931 1292 2170 1348 rabilis:
2204 1294 2342 1364 quia
2373 1294 2512 1361 illic,
2548 1295 2894 1366 priusquam
2925 1298 3171 1353 Romam
3202 1298 3446 1368 veniret,
3481 1300 3582 1356 ha-

1933 1381 2154 1452 bitavit,
2188 1387 2244 1437 et
2273 1385 2569 1454 Ignatium
2601 1385 2942 1456 episc0pum
2973 1387 2993 1419 3
3023 1387 3345 1454 constituit,
3369 1392 3428 1443 et
3457 1387 3578 1444 illic

1932 1471 2189 1541 primum
2220 1488 2431 1527 nomen
2457 1473 2924 1530 Christianorum
2957 1475 3192 1531 novellae
3214 1477 3404 1548 gentis
3421 1493 3582 1534 exor-

1931 1564 2056 1614 tum
2089 1565 2195 1616 est.
2231 1560 2507 1632 Reliquas
2533 1579 2665 1618 vero
2697 1567 2762 1618 ut
2786 1563 3158 1634 praediximus
3211 1566 3270 1620 in
3319 1567 3578 1636 quodam

1930 1653 2108 1716 tomo,
2154 1649 2544 1721 prolixitatem
2587 1651 2836 1708 vitantes
2895 1652 3170 1724 epistolae,
3229 1654 3392 1711 vobis
3441 1671 3579 1711 con-

1930 1738 2178 1810 scriptas
2208 1739 2548 1794 direximus.
2574 1742 2594 1775 ⁹
2626 1741 2764 1796 Inde
2790 1759 3046 1813 namque
3075 1745 3131 1798 et
3150 1743 3305 1798 beati
3328 1744 3579 1815 apostoli

1930 1829 2083 1884 inter
2113 1845 2174 1884 se
2206 1833 2562 1895 statuerunt,
2597 1834 2663 1886 ut
2692 1831 2948 1903 episcopi
2975 1831 3342 1903 singularum
3364 1833 3580 1890 scirent

1853 1949 1900 2014 Β
1930 1918 2215 1991 gentium,
2259 1919 2303 1953 ¹⁰
2337 1918 2470 1990 quis
2499 1919 2651 1974 inter
2681 1936 2780 1974 eos
2811 1920 3038 1991 primus
3068 1926 3240 1989 esset,
3288 1926 3579 1994 quatenus

1933 2008 2004 2062 ad
2037 2024 2170 2062 eum
2193 2008 2382 2078 potior
2413 2025 2614 2063 eorum
2645 2008 2975 2064 sollicitudo
2997 2011 3331 2082 pertineret.
3359 2015 3400 2048 ¹¹
3430 2011 3580 2068 Nam

1933 2101 1989 2151 ct
2019 2097 2168 2152 inter
2199 2098 2400 2153 beatos
2433 2098 2729 2169 apostolos
2760 2100 3027 2170 quaedam
3058 2099 3169 2154 fuit
3192 2101 3486 2158 discretio.
3511 2103 3580 2157 Et

1931 2185 2065 2241 licet
2093 2201 2297 2241 omnes
2331 2188 2372 2220 ¹²
2393 2192 2588 2243 essent
2614 2186 2880 2258 apostoli,
2912 2188 3078 2244 Petro
3108 2193 3302 2245 tamen
3337 2207 3370 2246 a
3389 2190 3582 2246 Domi-

1933 2291 2007 2330 no
2038 2279 2126 2330 est
2155 2291 2519 2343 concessum,
2551 2280 2608 2332 et
2638 2276 2748 2347 ipsi
2773 2277 2924 2332 inter
2969 2293 3030 2333 se
3079 2278 3338 2350 idipsum
3376 2279 3581 2336 volue-

1933 2368 2092 2434 runt,
2126 2368 2191 2419 ut
2221 2363 2463 2435 reliquis
2520 2365 2797 2421 omnibus
2846 2372 3123 2438 praeesset
3170 2368 3473 2440 apostolis,
3522 2373 3582 2426 et

1932 2451 2180 2524 Cephas,
2205 2452 2264 2507 id
2295 2455 2402 2516 est,
2436 2459 2611 2524 caput
2637 2456 2695 2508 et
2719 2453 2762 2488 ¹³
2783 2453 3142 2525 principium
3167 2458 3392 2511 teneret
3410 2472 3580 2527 apos-

1932 2540 2181 2609 tolatus;
2216 2541 2316 2612 qui
2348 2546 2405 2596 et
2436 2543 2701 2597 eamdem
2751 2543 3004 2597 formam
3057 2544 3183 2599 suis
3229 2545 3581 2601 successori-

1935 2630 2063 2697 bus,
2096 2636 2153 2686 et
2184 2630 2393 2701 reliqui
2424 2630 2675 2702 apostoli
2706 2631 3000 2703 episcopis
3029 2633 3342 2688 tenendam
3398 2633 3580 2689 tradi-

1935 2723 2163 2776 derunt.
2197 2722 2264 2776 Et
2293 2737 2407 2776 non
2438 2719 2630 2777 solum
2662 2720 2770 2776 hoc
2800 2720 2860 2775 in
2892 2738 3038 2776 novo
3097 2725 3447 2778 testamento
3494 2727 3583 2779 est

1934 2811 2340 2879 constitutum,
2374 2809 2476 2864 sed
2508 2811 2684 2865 etiam
2715 2809 2775 2864 in
2804 2810 2984 2864 veteri
3027 2810 3155 2866 fuit.
3204 2811 3391 2877 Unde,
3439 2811 3582 2867 scri-

1935 2905 2101 2972 ptum
2129 2903 2240 2969 est,
2271 2899 2472 2970 Moyses
2499 2907 2550 2954 et
2579 2900 2758 2955 Aaron
2786 2899 2848 2954 in
2872 2899 3244 2955 sacerdotibus
3272 2900 3393 2970 ejus
3417 2900 3481 2968 ίδ,
3522 2899 3580 2954 id

1933 2993 2022 3044 est
2055 2987 2228 3060 primi
2260 2987 2412 3044 inter
2449 3004 2547 3043 eos
2578 2988 2834 3044 fuerunt.
2866 2989 2935 3043 Et
2973 2989 3241 3059 quamvis
3297 2988 3379 3044 ita
3426 2987 3580 3044 ordi-

1936 3082 2140 3132 natum
2173 3075 2363 3144 fuerit,
2398 3092 2567 3133 nemo
2599 3081 2793 3132 tamen
2813 3078 2968 3148 quod
2992 3095 3166 3133 suum
3197 3081 3304 3145 est,
3334 3080 3578 3148 quaerat,

1935 3167 2037 3222 sed
2071 3166 2227 3237 quod
2258 3165 2517 3221 alterius.
2550 3167 2714 3221 Unde
2745 3166 2826 3221 ait
2863 3166 3068 3222 beatus
3099 3166 3400 3239 apostolus
3429 3167 3581 3221 Pau-

1935 3255 2068 3311 lus:
2106 3256 2480 3326 Unusquisque
2504 3255 2718 3327 placeat
2744 3255 2990 3326 proximo
3017 3271 3112 3310 suo
3157 3258 3217 3310 in
3267 3256 3465 3311 bonum
3511 3255 3583 3310 ad

149 3345 288 3416 qui
319 3362 436 3399 uno
466 3345 578 3412 die,
611 3361 726 3400 uno
758 3322 990 3416 quoque
1030 3349 1310 3417 tempore,
1343 3345 1597 3418 gloriosa
1644 3322 1828 3402 morte
1859 3322 1901 3390 (ἶ
1938 3322 2356 3415 aediﬁcationem
2383 3322 2445 3399 ἶδ.
2504 3322 2576 3398 Et
2632 3322 2785 3399 sicut
2839 3344 2964 3415 ipse
3022 3344 3281 3400 Salvator
3331 3344 3456 3400 suis
3504 3344 3586 3400 ait

183 3450 322 3488 cum
355 3434 541 3505 Petro,
574 3433 682 3489 sub
714 3433 974 3504 principe
1005 3434 1230 3490 Nerone
1282 3434 1616 3506 agonizans,
1667 3451 1830 3490 coro-

182 3526 363 3577 natus
397 3527 506 3593 est,
541 3527 596 3577 et
625 3522 796 3578 ambo
823 3525 1087 3578 sanctam
1147 3524 1466 3578 Romanam
1516 3523 1832 3580 Ecclesium

181 3615 626 3677 consecrarunt,
668 3611 918 3683 aliisque
949 3612 1225 3667 omnibus
1266 3612 1514 3669 urbibus
1564 3613 1834 3670 universo

184 3703 414 3757 mundo
445 3718 571 3757 eam
603 3718 712 3757 sua
743 3701 1055 3772 praesentia
1076 3704 1251 3773 atque
1273 3703 1602 3758 venerando
1635 3702 1838 3758 trium-

181 3791 306 3862 pho
337 3789 744 3861 pratulerunt.
787 3791 830 3824 99
860 3791 928 3845 Et
959 3789 1091 3844 licet
1121 3807 1224 3862 pro
1274 3790 1550 3846 omnibus
1599 3791 1838 3846 assidua

184 3879 348 3950 apud
379 3879 561 3934 Deum
593 3878 858 3934 omnium
889 3884 1224 3934 sanctorum
1265 3879 1601 3935 effundatur
1631 3880 1835 3948 oratio,

187 3968 288 4023 his
318 3973 513 4024 tamen
545 3969 739 4024 verbis
767 3968 984 4023 Paulus
1007 3968 1385 4023 beatissimus
1407 3969 1706 4040 apostolus
1726 3969 1837 4024 Ro-

189 4058 390 4113 manis
421 4057 654 4130 proprio
686 4057 1070 4130 chirographo
1103 4056 1427 4128 pollicetur,
1461 4058 1696 4113 dicens:
1751 4059 1841 4113 Te-

187 4150 299 4202 stis
327 4148 477 4202 enim
506 4155 583 4202 est
608 4146 754 4202 mihi
782 4151 944 4214 Deus,
969 4148 1062 4202 cui
1086 4149 1261 4202 servio
1290 4149 1353 4201 in
1380 4149 1586 4218 spiritu
1623 4163 1740 4203 meo
1781 4149 1844 4201 in

189 4237 492 4307 Evangelia
520 4237 651 4290 Filii
683 4237 821 4307 ejus,
851 4235 989 4307 quod
1035 4237 1154 4291 sine
1201 4238 1608 4293 intermissione
1646 4251 1845 4292 memo-

190 4327 344 4381 riam
372 4327 543 4382 vestri
567 4326 717 4397 facio
745 4341 958 4396 semper
983 4326 1045 4380 in
1074 4325 1419 4382 orationibus
1444 4326 1579 4381 meis
1612 4325 1698 4381 ¹⁰⁰.

273 4418 289 4450 ¹
323 4415 520 4470 Prima
550 4414 570 4448 ’
601 4430 737 4486 ergo
767 4415 934 4470 sedes
967 4418 1056 4470 est
1083 4413 1302 4470 coelesti
1330 4414 1611 4471 beneficio
1633 4415 1843 4470 Roma-

194 4521 284 4560 na:
317 4502 586 4559 Ecclesiae
620 4519 800 4574 quam
840 4507 930 4574 (ut
976 4507 1366 4559 memoratum
1418 4505 1528 4575 est)
1574 4503 1845 4559 beatissi-

192 4592 280 4648 mi
312 4595 518 4648 Petrus
545 4597 602 4648 et
631 4591 849 4649 Paulus
909 4609 1014 4649 suo
1074 4593 1351 4664 martyrio
1406 4596 1843 4649 consecrarunt.

1943 3432 2282 3505 discipulis:
2319 3434 2425 3500 Qui
2451 3437 2632 3500 major
2661 3441 2738 3488 est
2765 3436 3030 3502 vestrum,
3059 3433 3166 3487 erit
3193 3433 3450 3488 minister
3495 3448 3586 3488 ve-

1942 3533 2058 3578 ster
2088 3524 2149 3591 ίδ,
2178 3526 2234 3579 et
2255 3521 2502 3593 reliqua.
2537 3522 2606 3576 Et
2635 3520 2768 3576 licet
2819 3537 2996 3592 super
3039 3520 3132 3577 his
3182 3521 3381 3593 aliqua
3434 3521 3592 3577 dicta

1944 3612 2179 3678 fuerint,
2213 3615 2538 3683 repetentes
2570 3614 2766 3666 tamen
2799 3610 3035 3681 sapius,
3077 3610 3491 3677 admonemus,
3522 3613 3590 3665 ut

1945 3717 2178 3772 semper
2207 3700 2267 3754 in
2300 3699 2575 3755 omnibus
2607 3704 2663 3754 et
2693 3699 2765 3753 ab
2797 3697 3072 3754 omnibus
3103 3698 3366 3754 vitentur
3395 3697 3595 3754 elatio-

1947 3807 2050 3845 nes
2081 3789 2297 3844 mentis
2327 3793 2384 3844 et
2408 3788 2688 3860 corporis.
2725 3788 2793 3844 Et
2815 3791 3032 3860 quanto
3060 3789 3248 3858 major
3272 3787 3592 3857 unusquis-

1947 3895 2059 3948 que
2086 3878 2314 3932 videtur
2342 3894 2491 3945 esse,
2525 3882 2687 3933 tanto
2719 3875 3110 3944 sithumilior,
3137 3876 3290 3932 sicut
3309 3877 3594 3932 Dominus

1946 3967 2202 4024 Salvator
2233 3970 2429 4022 noster
2457 3983 2567 4022 non
2594 3968 2746 4023 venit
2790 3968 3124 4032 ministrari,
3169 3965 3263 4020 sed
3309 3966 3594 4020 ministra-

1948 4073 2008 4112 re
2040 4057 2081 4091 ¹⁷
2112 4056 2200 4110 Et:
2227 4057 2281 4110 si
2308 4056 2482 4125 frater
2509 4057 2713 4125 aliquis
2739 4063 3149 4126 praeoccupatus
3178 4055 3347 4125 fuerit
3377 4055 3438 4107 in
3487 4053 3597 4108 ali-

1950 4161 2052 4216 quo
2075 4146 2292 4211 delicto,
2323 4161 2434 4214 vos,
2468 4146 2564 4216 qui
2605 4145 2926 4215 spirituates
2973 4146 3122 4212 estis,
3175 4145 3434 4199 instruite
3471 4158 3596 4198 eum

1951 4236 2012 4290 in
2039 4235 2239 4307 spiritu
2270 4235 2514 4289 lenitatis
2546 4233 2588 4267 ¹⁸

2726 4374 2820 4430 IV.

2029 4468 2092 4524 Ut
2120 4467 2469 4541 difﬁciliores
2497 4477 2682 4522 causa
2716 4464 2796 4590 adt
2827 4463 3010 4522 sedem
3053 4463 3413 4535 apostolicam
3455 4467 3601 4537 refe-

2669 4553 2770 4590 ran
2802 4553 2888 4590 ur.

2669 4553 2888 4592 rantur.

193 4683 386 4737 Roma
406 4697 532 4752 qua:
547 4680 709 4753 prius
729 4685 853 4736 erat
874 4680 1558 4738 cacodaemonisartiﬁcio
1580 4680 1844 4737 omnium
1874 4690 1921 4755 1)
2026 4682 2070 4718 ¹⁹
2090 4680 2150 4736 Si
2181 4696 2307 4751 quae
2336 4695 2468 4736 vero
2500 4695 2688 4735 causae
2715 4677 3074 4735 difﬁciliores
3098 4679 3143 4715 ²⁰
3173 4678 3326 4734 inter
3352 4694 3454 4735 vos
3505 4695 3602 4736 or-

191 4786 464 4827 errorum
497 4774 683 4825 mater
713 4770 734 4804 ⁴
764 4773 822 4824 et
850 4768 1044 4839 altrix,
1074 4772 1336 4826 excussis
1363 4770 1639 4839 tenebris,
1671 4774 1727 4825 et
1748 4787 1846 4826 va-
1957 4774 2025 4826 ιω
2056 4769 2290 4836 fuerint,
2324 4769 2394 4824 ad
2415 4768 2591 4838 hujus
2614 4771 2826 4823 sanctae
2849 4767 3006 4823 sedis
3039 4766 3260 4839 apicem
3285 4783 3403 4836 eas,
3429 4767 3602 4838 quasi

191 4859 290 4916 nis
325 4858 813 4930 superstitionum
843 4859 1054 4915 ritibus
1105 4859 1369 4930 abjectis,
1418 4859 1673 4914 ﬁliorum
1723 4859 1850 4927 Dei,
1961 4859 2032 4914 ad
2059 4861 2251 4929 caput,
2276 4857 2585 4925 referte,ut
2602 4854 2919 4927 apostolico
2943 4855 3331 4911 terminentur
3342 4855 3597 4926 judicio:

193 4953 398 5006 exorto
447 4946 849 5019 solejustitiae,
882 4947 1034 5004 facta
1063 4953 1153 5005 est
1182 4949 1417 5021 copiosa
1455 4948 1847 5021 prOpagatrix.
1963 4946 2101 5018 quia
2131 4947 2215 5002 sic
2247 4945 2557 5003 Dominum
2586 4943 2754 5012 velle,
2787 4945 2858 5000 ab
2890 4960 3073 5017 eoque
3104 4944 3186 5001 ita
3222 4944 3606 5001 constitutum

275 5217 322 5250 9‘
352 5231 463 5289 ms.
490 5218 807 5287 primatem.
841 5217 1025 5273 HARD.
1086 5218 1129 5252 95
1160 5216 1297 5273 Isid.
1330 5217 1564 5289 Etymol.
1610 5233 1707 5285 vn,
1742 5218 1827 5272 l2.
1877 5217 1922 5252 ⁸⁸
1957 5216 2304 5289 Bincmarus
2335 5213 2496 5269 citat.
2533 5212 2759 5289 (δεμ-24
2795 5211 3378 5289 De_preedes_tinatiope
3415 5228 3470 5289 p_.
3509 5212 3600 5267 151

197 5293 351 5344 tom.
386 5288 430 5358 Ι,
461 5283 518 5343 et
547 5305 677 5360 pag.
711 5290 852 5358 l129;
884 5293 1027 5345 tom.
1061 5289 1129 5359 II,
1163 5307 1287 5360 cap.
1323 5283 1414 5356 15ζ
1443 5305 1536 5359 op.
1570 5289 1663 5342 Lr.
1694 5283 1700 5285 ⁷
1734 5305 1857 5360 qq.,
1913 5288 2050 5343 dist.
2079 5291 2191 5360 22,
2245 5283 2618 5360 Sacrosancta’
2658 5285 2808 5360 Ro_m:
2862 5285 2933 5360 Et
2979 5284 3038 5360 i_n
3087 5284 3240 5338 Decr.
3295 5284 3404 5360 Ivo.
3437 5283 3477 5337 l.
3523 5300 3606 5350 ιν,

198 5354 454 5436 θῖβρῐιὸ.
503 5354 849 5436 Ηὸῷηβιὼί
892 5354 1142 5436 Gelasio.
1219 5354 1499 5436 fi‘iMatth:
1559 5377 1675 5436 xv_1,
1739 5354 1972 5436 {8349.
2047 5359 2092 5436 Ψ
2148 5359 2432 5436 hactenus
2480 5357 2656 5436 verba
2714 5354 2924 5436 Celasii
2986 5355 3263 5436 inpone.
3325 5356 3607 5436 Romano.

202 5433 277 5467 τοο
309 5431 476 5486 Rom.
510 5449 549 5500 1,
581 5433 634 5502 9,
671 5433 758 5487 10.
838 5435 856 5468 ¹
890 5433 962 5487 ab
994 5432 1087 5486 his
1115 5432 1308 5487 verbis
1356 5447 1542 5502 usque
1574 5426 1668 5486 ad'
1691 5431 1927 5487 secunda
1969 5435 2150 5486 autem
2178 5430 2415 5502 desunt
2461 5427 2662 5502 omnia
2713 5427 2772 5502 i_n
2806 5432 2938 5482 Luc.
2993 5427 3037 5502 72
3068 5426 3223 5502 idem
3277 5427 3611 5502 conc_.p_sub

199 5503 458 5560 Gelasio.
537 5497 559 5536 3
590 5497 701 5559 ms.
734 5507 985 5560 Romana
1014 5505 1274 5560 Ecclesia.
1308 5497 1492 5558 Hann.
1571 5505 1591 5536 ⁴
1625 5503 1840 5558 absunt
1869 5520 1902 5558 a
1933 5519 2044 5558 ms.
2122 5502 2142 5534 ⁵
2172 5501 2326 5556 idem
2356 5517 2513 5556 conc.
2591 5501 2611 5533 δ
2637 5499 2918 5553 Anianus.
2951 5501 3008 5553 et
3037 5501 3168 5569 post
3183 5497 3340 5554 hunc
3361 5497 3611 5554 Abilius.

199 5578 220 5610 ⁷
259 5576 413 5629 idem
450 5591 608 5630 conc.
690 5577 708 5609 ⁸
745 5576 1101 5639 Zacchaeum,
1139 5581 1336 5648 postea
1367 5574 1670 5643 Evodium,
1705 5581 1834 5646 post
1861 5591 2031 5646 quem
2068 5573 2384 5648 Ignatium_
2433 5575 2452 5605 υ
2484 5570 2622 5648 dist.
2653 5573 2742 5637 2‘2,
2776 5571 3129 5648 Sacrosaneta
3153 5571 3327 5648 Altam.
3407 5571 3612 5648 ‘°_Can.

197 5649 304 5718 Ap'
341 5648 431 5712 35,
465 5664 527 5700 ex
560 5648 823 5702 versione
857 5648 1020 5719 Dion.
1053 5642 1518 5719 Exiguipcitatur.
1547 5717 1569 5719 ῃ
1601 5642 1728 5719 “_S'.
1794 5642 1904 5701 Leo
1945 5663 2012 5716 ep
2071 5642 2167 5719 8ἶ4ἶ
2198 5662 2269 5719 _c.
2331 5645 2387 5696 11
2409 5685 2420 5698 .
2508 5644 2763 5719 ’{pares
2779 5646 2995 5719 essent.
3078 5642 3121 5676 1³
3150 5642 3262 5719 Sir.
3311 5645 3616 5719 ep_.__li,___et

205 5712 407 5795 longe.
439 5735 541 5795 ep._
562 5720 616 5772 2.
651 5719 820 5795 quasi
849 5717 955 5795 ἀπὸ
992 5712 1400 5795 siquenm).ch
1467 5719 1511 5752 ¹⁴
1543 5717 1697 5795 Psal.
1744 5735 1828 5795 xci

2129 5717 2170 5795 'f'
2198 5715 2368 5770 Rom.
2424 5731 2495 5795 13v
2743 5712 2948 5795 Matth.
2999 5714 3264 5782 xxmﬂl.
3346 5712 3615 5772 "Matth.

198 5809 300 5858 xx,
331 5792 422 5846 28.
474 5783 544 5827 ἰδ
573 5783 727 5863 Psal,
761 5809 837 5857 νε,
872 5793 924 5849 1.
1001 5783 1209 5847 1“dist:
1238 5783 1329 5845 22.
1364 5789 1718 5848 Sacrosancta
1744 5791 1828 5848 Ro:

1977 5790 2023 5825 ²⁰
2052 5789 2107 5845 S.
2141 5789 2276 5858 Leo,
2310 5803 2403 5860 ep.
2433 5786 2524 5858 84,
2559 5783 2736 5857 Vigil.
2767 5801 2860 5858 ep.
2886 5785 2943 5844 2.
