  <div class='ocr_page' id='page_1' title='image "/cluster/home/n/w/nwhite01/storage/ocr_20150623/2/hvd.32044073501421/419.png"; bbox 0 0 4086 6342; ppageno 0'>
   <div class='ocr_carea' id='block_1_1' title="bbox 513 402 632 463">
    <p class='ocr_par' dir='ltr' id='par_1_1' title="bbox 513 402 632 463">
     <span class='ocr_line' id='line_1_1' title="bbox 513 402 632 463; baseline -0.025 0"><span class='ocrx_word' id='word_1_1' title='bbox 513 402 632 463; x_wconf 79' lang='grc'>815</span> 
     </span>
    </p>
   </div>
   <div class='ocr_carea' id='block_1_2' title="bbox 1884 406 2551 469">
    <p class='ocr_par' dir='ltr' id='par_1_2' title="bbox 1884 406 2551 469">
     <span class='ocr_line' id='line_1_2' title="bbox 1884 406 2551 469; baseline 0.007 -5"><span class='ocrx_word' id='word_1_2' title='bbox 1884 406 2274 467; x_wconf 82' lang='lat' dir='ltr'>ANACLETI</span> <span class='ocrx_word' id='word_1_3' title='bbox 2317 407 2413 468; x_wconf 83' lang='lat' dir='ltr'><strong>PA</strong></span> <span class='ocrx_word' id='word_1_4' title='bbox 2428 409 2551 469; x_wconf 55' lang='lat' dir='ltr'>PIE</span> 
     </span>
    </p>
   </div>
   <div class='ocr_carea' id='block_1_3' title="bbox 3806 424 3913 487">
    <p class='ocr_par' dir='ltr' id='par_1_3' title="bbox 3806 424 3913 487">
     <span class='ocr_line' id='line_1_3' title="bbox 3806 424 3913 487; baseline 0.028 -2"><span class='ocrx_word' id='word_1_5' title='bbox 3806 424 3913 487; x_wconf 66' lang='lat'>848</span> 
     </span>
    </p>
   </div>
   <div class='ocr_carea' id='block_1_4' title="bbox 514 533 3915 621">
    <p class='ocr_par' dir='ltr' id='par_1_4' title="bbox 514 533 3915 621">
     <span class='ocr_line' id='line_1_4' title="bbox 514 533 3915 621; baseline 0.006 -30"><span class='ocrx_word' id='word_1_6' title='bbox 514 551 664 603; x_wconf 89' lang='lat' dir='ltr'>esse,</span> <span class='ocrx_word' id='word_1_7' title='bbox 697 533 1004 591; x_wconf 80' lang='lat' dir='ltr'>antedictis</span> <span class='ocrx_word' id='word_1_8' title='bbox 1050 534 1402 590; x_wconf 80' lang='lat' dir='ltr'>testimoniis</span> <span class='ocrx_word' id='word_1_9' title='bbox 1453 534 1802 592; x_wconf 83' lang='lat' dir='ltr'>declaratur.</span> <span class='ocrx_word' id='word_1_10' title='bbox 1851 540 1982 592; x_wconf 61' lang='lat' dir='ltr'>Hac</span> <span class='ocrx_word' id='word_1_11' title='bbox 2024 553 2158 593; x_wconf 89' lang='lat' dir='ltr'>vero</span> <span class='ocrx_word' id='word_1_12' title='bbox 2187 538 2240 604; x_wconf 86' lang='grc' dir='ltr'><strong>Α</strong></span> <span class='ocrx_word' id='word_1_13' title='bbox 2271 545 2497 607; x_wconf 89' lang='lat' dir='ltr'>cusent,</span> <span class='ocrx_word' id='word_1_14' title='bbox 2532 545 2595 597; x_wconf 92' lang='lat' dir='ltr'>ut</span> <span class='ocrx_word' id='word_1_15' title='bbox 2624 543 2669 577; x_wconf 74' lang='grc'>³⁵</span> <span class='ocrx_word' id='word_1_16' title='bbox 2699 543 2990 615; x_wconf 85' lang='lat' dir='ltr'>(plebibus</span> <span class='ocrx_word' id='word_1_17' title='bbox 3021 544 3537 621; x_wconf 87' lang='lat' dir='ltr'>languescentibus</span> <span class='ocrx_word' id='word_1_18' title='bbox 3565 552 3747 621; x_wconf 65' lang='lat' dir='ltr'>“,vel</span> <span class='ocrx_word' id='word_1_19' title='bbox 3772 554 3915 611; x_wconf 83' lang='lat' dir='ltr'>mala</span> 
     </span>
    </p>
   </div>
   <div class='ocr_carea' id='block_1_5' title="bbox 517 623 2158 696">
    <p class='ocr_par' dir='ltr' id='par_1_5' title="bbox 517 623 2158 696">
     <span class='ocr_line' id='line_1_5' title="bbox 517 623 2158 696; baseline 0.001 -17"><span class='ocrx_word' id='word_1_20' title='bbox 517 623 1034 696; x_wconf 76' lang='lat' dir='ltr'>apostolica‘sedes</span> <span class='ocrx_word' id='word_1_21' title='bbox 1056 624 1227 680; x_wconf 91' lang='lat' dir='ltr'>cardo</span> <span class='ocrx_word' id='word_1_22' title='bbox 1249 627 1305 679; x_wconf 89' lang='lat' dir='ltr'>et</span> <span class='ocrx_word' id='word_1_23' title='bbox 1329 625 1595 696; x_wconf 91' lang='lat' dir='ltr'>caput(ut</span> <span class='ocrx_word' id='word_1_24' title='bbox 1616 628 1953 696; x_wconf 65' lang='lat' dir='ltr'>praztactum</span> <span class='ocrx_word' id='word_1_25' title='bbox 1977 627 2021 663; x_wconf 79' lang='grc'>²¹</span> <span class='ocrx_word' id='word_1_26' title='bbox 2046 631 2158 693; x_wconf 88' lang='lat' dir='ltr'>est,</span> 
     </span>
    </p>
   </div>
   <div class='ocr_carea' id='block_1_6' title="bbox 516 713 2163 783">
    <p class='ocr_par' dir='ltr' id='par_1_6' title="bbox 516 713 2163 783">
     <span class='ocr_line' id='line_1_6' title="bbox 516 713 2163 783; baseline -0.001 -12"><span class='ocrx_word' id='word_1_27' title='bbox 516 714 779 771; x_wconf 90' lang='lat' dir='ltr'>omnium</span> <span class='ocrx_word' id='word_1_28' title='bbox 809 713 1222 783; x_wconf 90' lang='lat' dir='ltr'>Ecclesiarum,</span> <span class='ocrx_word' id='word_1_29' title='bbox 1247 731 1281 768; x_wconf 92' lang='lat' dir='ltr'>a</span> <span class='ocrx_word' id='word_1_30' title='bbox 1301 714 1568 780; x_wconf 91' lang='lat' dir='ltr'>Domino,</span> <span class='ocrx_word' id='word_1_31' title='bbox 1588 720 1643 769; x_wconf 91' lang='lat' dir='ltr'>et</span> <span class='ocrx_word' id='word_1_32' title='bbox 1675 732 1786 770; x_wconf 90' lang='lat' dir='ltr'>non</span> <span class='ocrx_word' id='word_1_33' title='bbox 1812 716 1883 769; x_wconf 93' lang='lat' dir='ltr'>ab</span> <span class='ocrx_word' id='word_1_34' title='bbox 1907 715 2040 782; x_wconf 86' lang='lat' dir='ltr'>alio,</span> <span class='ocrx_word' id='word_1_35' title='bbox 2073 720 2163 769; x_wconf 91' lang='lat' dir='ltr'>est</span> 
     </span>
    </p>
   </div>
   <div class='ocr_carea' id='block_1_7' title="bbox 516 803 2157 874">
    <p class='ocr_par' dir='ltr' id='par_1_7' title="bbox 516 803 2157 874">
     <span class='ocr_line' id='line_1_7' title="bbox 516 803 2157 874; baseline -0.001 -14"><span class='ocrx_word' id='word_1_36' title='bbox 516 803 956 874; x_wconf 39' lang='lat' dir='ltr'>constitutag&#39;Et</span> <span class='ocrx_word' id='word_1_37' title='bbox 985 803 1138 858; x_wconf 85' lang='lat' dir='ltr'>sicut</span> <span class='ocrx_word' id='word_1_38' title='bbox 1157 803 1391 858; x_wconf 84' lang='lat' dir='ltr'>cardine</span> <span class='ocrx_word' id='word_1_39' title='bbox 1422 804 1636 858; x_wconf 82' lang='lat' dir='ltr'>ostium</span> <span class='ocrx_word' id='word_1_40' title='bbox 1660 803 1901 874; x_wconf 81' lang='lat' dir='ltr'>regitur.</span> <span class='ocrx_word' id='word_1_41' title='bbox 1933 804 2016 857; x_wconf 90' lang='lat' dir='ltr'>sic</span> <span class='ocrx_word' id='word_1_42' title='bbox 2048 803 2157 858; x_wconf 91' lang='lat' dir='ltr'>hu-</span> 
     </span>
    </p>
   </div>
   <div class='ocr_carea' id='block_1_8' title="bbox 507 891 2157 964">
    <p class='ocr_par' dir='ltr' id='par_1_8' title="bbox 507 891 2157 964">
     <span class='ocr_line' id='line_1_8' title="bbox 507 891 2157 964; baseline -0.001 -15"><span class='ocrx_word' id='word_1_43' title='bbox 507 894 611 964; x_wconf 87' lang='lat' dir='ltr'>jus</span> <span class='ocrx_word' id='word_1_44' title='bbox 642 898 853 949; x_wconf 74' lang='lat' dir='ltr'>sanctze</span> <span class='ocrx_word' id='word_1_45' title='bbox 885 892 1043 948; x_wconf 88' lang='lat' dir='ltr'>sedis</span> <span class='ocrx_word' id='word_1_46' title='bbox 1074 892 1416 948; x_wconf 81' lang='lat' dir='ltr'>auctoritate</span> <span class='ocrx_word' id='word_1_47' title='bbox 1461 909 1663 947; x_wconf 90' lang='lat' dir='ltr'>omnes</span> <span class='ocrx_word' id='word_1_48' title='bbox 1707 891 1996 959; x_wconf 67' lang='lat' dir='ltr'>Ecclesiae,</span> <span class='ocrx_word' id='word_1_49' title='bbox 2049 893 2157 947; x_wconf 84' lang='lat' dir='ltr'>Do-</span> 
     </span>
    </p>
   </div>
   <div class='ocr_carea' id='block_1_9' title="bbox 517 982 1406 1054">
    <p class='ocr_par' dir='ltr' id='par_1_9' title="bbox 517 982 1406 1054">
     <span class='ocr_line' id='line_1_9' title="bbox 517 982 1406 1054; baseline -0.003 -15"><span class='ocrx_word' id='word_1_50' title='bbox 517 982 676 1039; x_wconf 90' lang='lat' dir='ltr'>mino</span> <span class='ocrx_word' id='word_1_51' title='bbox 706 982 1069 1054; x_wconf 86' lang='lat' dir='ltr'>disponente,</span> <span class='ocrx_word' id='word_1_52' title='bbox 1104 986 1406 1052; x_wconf 88' lang='lat' dir='ltr'>reguntur.</span> 
     </span>
    </p>
   </div>
   <div class='ocr_carea' id='block_1_10' title="bbox 511 1177 2155 1239">
    <p class='ocr_par' dir='ltr' id='par_1_10' title="bbox 511 1177 2155 1239">
     <span class='ocr_line' id='line_1_10' title="bbox 511 1177 2155 1239; baseline -0.005 0"><span class='ocrx_word' id='word_1_53' title='bbox 511 1184 635 1239; x_wconf 83' lang='lat' dir='ltr'>Non</span> <span class='ocrx_word' id='word_1_54' title='bbox 662 1179 1026 1237; x_wconf 71' lang='lat' dir='ltr'>admittendos</span> <span class='ocrx_word' id='word_1_55' title='bbox 1063 1178 1132 1234; x_wconf 88' lang='lat' dir='ltr'>ad</span> <span class='ocrx_word' id='word_1_56' title='bbox 1182 1180 1581 1233; x_wconf 72' lang='lat' dir='ltr'>accusationem</span> <span class='ocrx_word' id='word_1_57' title='bbox 1635 1179 1749 1232; x_wconf 84' lang='lat' dir='ltr'>sive</span> <span class='ocrx_word' id='word_1_58' title='bbox 1795 1177 1865 1231; x_wconf 88' lang='lat' dir='ltr'>ad</span> <span class='ocrx_word' id='word_1_59' title='bbox 1911 1178 2155 1232; x_wconf 83' lang='lat' dir='ltr'>testimo-</span> 
     </span>
    </p>
   </div>
   <div class='ocr_carea' id='block_1_11' title="bbox 512 1247 2150 1324">
    <p class='ocr_par' dir='ltr' id='par_1_11' title="bbox 512 1247 2150 1324">
     <span class='ocr_line' id='line_1_11' title="bbox 512 1247 2150 1324; baseline -0.003 -17"><span class='ocrx_word' id='word_1_60' title='bbox 512 1254 671 1308; x_wconf 84' lang='lat' dir='ltr'>nium</span> <span class='ocrx_word' id='word_1_61' title='bbox 698 1268 792 1324; x_wconf 81' lang='lat' dir='ltr'>qui</span> <span class='ocrx_word' id='word_1_62' title='bbox 812 1256 977 1307; x_wconf 83' lang='lat' dir='ltr'>antea</span> <span class='ocrx_word' id='word_1_63' title='bbox 1005 1252 1224 1305; x_wconf 86' lang='lat' dir='ltr'>inimici</span> <span class='ocrx_word' id='word_1_64' title='bbox 1232 1253 1481 1321; x_wconf 84' lang='lat' dir='ltr'>fuerunt,</span> <span class='ocrx_word' id='word_1_65' title='bbox 1512 1251 1561 1305; x_wconf 82' lang='lat' dir='ltr'>et</span> <span class='ocrx_word' id='word_1_66' title='bbox 1578 1249 1642 1303; x_wconf 89' lang='lat' dir='ltr'>de</span> <span class='ocrx_word' id='word_1_67' title='bbox 1664 1257 1904 1305; x_wconf 74' lang='lat' dir='ltr'>extremo</span> <span class='ocrx_word' id='word_1_68' title='bbox 1914 1247 2150 1319; x_wconf 86' lang='lat' dir='ltr'>judicio.</span> 
     </span>
    </p>
   </div>
   <div class='ocr_carea' id='block_1_12' title="bbox 583 1358 2152 1425">
    <p class='ocr_par' dir='ltr' id='par_1_12' title="bbox 583 1358 2152 1425">
     <span class='ocr_line' id='line_1_12' title="bbox 583 1358 2152 1425; baseline -0.004 -11"><span class='ocrx_word' id='word_1_69' title='bbox 583 1360 629 1393; x_wconf 75' lang='grc'>²⁹</span> <span class='ocrx_word' id='word_1_70' title='bbox 658 1361 1040 1414; x_wconf 90' lang='lat' dir='ltr'>Accusatores</span> <span class='ocrx_word' id='word_1_71' title='bbox 1071 1363 1265 1412; x_wconf 90' lang='lat' dir='ltr'>autem</span> <span class='ocrx_word' id='word_1_72' title='bbox 1299 1360 1355 1411; x_wconf 90' lang='lat' dir='ltr'>et</span> <span class='ocrx_word' id='word_1_73' title='bbox 1381 1360 1559 1411; x_wconf 87' lang='lat' dir='ltr'>testes</span> <span class='ocrx_word' id='word_1_74' title='bbox 1588 1371 1717 1410; x_wconf 90' lang='lat' dir='ltr'>esse</span> <span class='ocrx_word' id='word_1_75' title='bbox 1746 1371 1859 1409; x_wconf 91' lang='lat' dir='ltr'>non</span> <span class='ocrx_word' id='word_1_76' title='bbox 1886 1358 2152 1425; x_wconf 90' lang='lat' dir='ltr'>possunt,</span> 
     </span>
    </p>
   </div>
   <div class='ocr_carea' id='block_1_13' title="bbox 515 1444 2152 1520">
    <p class='ocr_par' dir='ltr' id='par_1_13' title="bbox 515 1444 2152 1520">
     <span class='ocr_line' id='line_1_13' title="bbox 515 1444 2152 1520; baseline -0.003 -17"><span class='ocrx_word' id='word_1_77' title='bbox 515 1448 613 1520; x_wconf 91' lang='lat' dir='ltr'>qui</span> <span class='ocrx_word' id='word_1_78' title='bbox 645 1453 775 1503; x_wconf 86' lang='lat' dir='ltr'>ante</span> <span class='ocrx_word' id='word_1_79' title='bbox 806 1447 1141 1503; x_wconf 85' lang='lat' dir='ltr'>hesternum</span> <span class='ocrx_word' id='word_1_80' title='bbox 1164 1446 1320 1501; x_wconf 85' lang='lat' dir='ltr'>diem</span> <span class='ocrx_word' id='word_1_81' title='bbox 1352 1450 1451 1499; x_wconf 88' lang='lat' dir='ltr'>aut</span> <span class='ocrx_word' id='word_1_82' title='bbox 1470 1444 1684 1499; x_wconf 89' lang='lat' dir='ltr'>nudius</span> <span class='ocrx_word' id='word_1_83' title='bbox 1706 1444 1910 1498; x_wconf 89' lang='lat' dir='ltr'>tertius</span> <span class='ocrx_word' id='word_1_84' title='bbox 1932 1444 2152 1499; x_wconf 90' lang='lat' dir='ltr'>inimici</span> 
     </span>
    </p>
   </div>
   <div class='ocr_carea' id='block_1_14' title="bbox 514 1532 2153 1607">
    <p class='ocr_par' dir='ltr' id='par_1_14' title="bbox 514 1532 2153 1607">
     <span class='ocr_line' id='line_1_14' title="bbox 514 1532 2153 1607; baseline -0.003 -16"><span class='ocrx_word' id='word_1_85' title='bbox 514 1538 768 1605; x_wconf 88' lang='lat' dir='ltr'>fuerunt,</span> <span class='ocrx_word' id='word_1_86' title='bbox 804 1553 877 1591; x_wconf 92' lang='lat' dir='ltr'>ne</span> <span class='ocrx_word' id='word_1_87' title='bbox 906 1536 1061 1607; x_wconf 83' lang='lat' dir='ltr'>irati,</span> <span class='ocrx_word' id='word_1_88' title='bbox 1093 1551 1299 1591; x_wconf 88' lang='lat' dir='ltr'>nocere</span> <span class='ocrx_word' id='word_1_89' title='bbox 1318 1533 1573 1605; x_wconf 87' lang='lat' dir='ltr'>cupiant,</span> <span class='ocrx_word' id='word_1_90' title='bbox 1588 1534 1675 1588; x_wconf 91' lang='lat' dir='ltr'>vel</span> <span class='ocrx_word' id='word_1_91' title='bbox 1696 1533 1836 1599; x_wconf 71' lang='lat' dir='ltr'>laesi,</span> <span class='ocrx_word' id='word_1_92' title='bbox 1870 1549 1931 1587; x_wconf 88' lang='lat' dir='ltr'>se</span> <span class='ocrx_word' id='word_1_93' title='bbox 1954 1532 2153 1588; x_wconf 87' lang='lat' dir='ltr'>ulcisci</span> 
     </span>
    </p>
   </div>
   <div class='ocr_carea' id='block_1_15' title="bbox 511 1622 2152 1696">
    <p class='ocr_par' dir='ltr' id='par_1_15' title="bbox 511 1622 2152 1696">
     <span class='ocr_line' id='line_1_15' title="bbox 511 1622 2152 1696; baseline -0.004 -14"><span class='ocrx_word' id='word_1_94' title='bbox 511 1626 760 1682; x_wconf 72' lang='lat' dir='ltr'>velint.’3</span> <span class='ocrx_word' id='word_1_95' title='bbox 788 1624 1155 1680; x_wconf 84' lang='lat' dir='ltr'>lnnoffensus</span> <span class='ocrx_word' id='word_1_96' title='bbox 1184 1623 1365 1696; x_wconf 86' lang='lat' dir='ltr'>igitur</span> <span class='ocrx_word' id='word_1_97' title='bbox 1394 1627 1800 1678; x_wconf 88' lang='lat' dir='ltr'>accusatorum</span> <span class='ocrx_word' id='word_1_98' title='bbox 1834 1624 1890 1676; x_wconf 90' lang='lat' dir='ltr'>et</span> <span class='ocrx_word' id='word_1_99' title='bbox 1911 1622 2152 1677; x_wconf 87' lang='lat' dir='ltr'>testium</span> 
     </span>
    </p>
   </div>
   <div class='ocr_carea' id='block_1_16' title="bbox 513 1710 2151 1786">
    <p class='ocr_par' dir='ltr' id='par_1_16' title="bbox 513 1710 2151 1786">
     <span class='ocr_line' id='line_1_16' title="bbox 513 1710 2151 1786; baseline -0.004 -15"><span class='ocrx_word' id='word_1_100' title='bbox 513 1717 753 1772; x_wconf 79' lang='lat' dir='ltr'>affectus</span> <span class='ocrx_word' id='word_1_101' title='bbox 785 1714 1132 1786; x_wconf 67' lang='lat' dir='ltr'>quaerendus</span> <span class='ocrx_word' id='word_1_102' title='bbox 1160 1718 1269 1780; x_wconf 91' lang='lat' dir='ltr'>est,</span> <span class='ocrx_word' id='word_1_103' title='bbox 1301 1717 1357 1769; x_wconf 91' lang='lat' dir='ltr'>et</span> <span class='ocrx_word' id='word_1_104' title='bbox 1387 1730 1502 1768; x_wconf 90' lang='lat' dir='ltr'>non</span> <span class='ocrx_word' id='word_1_105' title='bbox 1538 1715 1867 1783; x_wconf 88' lang='lat' dir='ltr'>suspectus.</span> <span class='ocrx_word' id='word_1_106' title='bbox 1902 1710 2151 1766; x_wconf 86' lang='lat' dir='ltr'>Causam</span> 
     </span>
    </p>
   </div>
   <div class='ocr_carea' id='block_1_17' title="bbox 513 1799 2148 1869">
    <p class='ocr_par' dir='ltr' id='par_1_17' title="bbox 513 1799 2148 1869">
     <span class='ocr_line' id='line_1_17' title="bbox 513 1799 2148 1869; baseline -0.004 -9"><span class='ocrx_word' id='word_1_107' title='bbox 513 1804 668 1860; x_wconf 89' lang='lat' dir='ltr'>enim</span> <span class='ocrx_word' id='word_1_108' title='bbox 709 1808 965 1859; x_wconf 86' lang='lat' dir='ltr'>vestram</span> <span class='ocrx_word' id='word_1_109' title='bbox 1016 1802 1202 1858; x_wconf 87' lang='lat' dir='ltr'>alieno</span> <span class='ocrx_word' id='word_1_110' title='bbox 1254 1800 1432 1857; x_wconf 80' lang='lat' dir='ltr'>nolite</span> <span class='ocrx_word' id='word_1_111' title='bbox 1479 1800 1844 1856; x_wconf 87' lang='lat' dir='ltr'>committere</span> <span class='ocrx_word' id='word_1_112' title='bbox 1885 1799 2148 1869; x_wconf 80' lang='lat' dir='ltr'>judicio:</span> 
     </span>
    </p>
   </div>
   <div class='ocr_carea' id='block_1_18' title="bbox 510 1888 2231 1976">
    <p class='ocr_par' dir='ltr' id='par_1_18' title="bbox 510 1888 2231 1976">
     <span class='ocr_line' id='line_1_18' title="bbox 510 1888 2231 1976; baseline -0.005 -26"><span class='ocrx_word' id='word_1_113' title='bbox 510 1892 678 1950; x_wconf 88' lang='lat' dir='ltr'>valde</span> <span class='ocrx_word' id='word_1_114' title='bbox 704 1892 861 1948; x_wconf 90' lang='lat' dir='ltr'>enim</span> <span class='ocrx_word' id='word_1_115' title='bbox 883 1892 1153 1963; x_wconf 90' lang='lat' dir='ltr'>iniquum</span> <span class='ocrx_word' id='word_1_116' title='bbox 1186 1894 1296 1959; x_wconf 90' lang='lat' dir='ltr'>est,</span> <span class='ocrx_word' id='word_1_117' title='bbox 1327 1894 1391 1944; x_wconf 90' lang='lat' dir='ltr'>ut</span> <span class='ocrx_word' id='word_1_118' title='bbox 1421 1889 1657 1945; x_wconf 90' lang='lat' dir='ltr'>omissis</span> <span class='ocrx_word' id='word_1_119' title='bbox 1687 1889 1833 1955; x_wconf 89' lang='lat' dir='ltr'>suis,</span> <span class='ocrx_word' id='word_1_120' title='bbox 1875 1888 1973 1943; x_wconf 90' lang='lat' dir='ltr'>alii</span> <span class='ocrx_word' id='word_1_121' title='bbox 2023 1888 2151 1959; x_wconf 90' lang='lat' dir='ltr'>qui-</span> <span class='ocrx_word' id='word_1_122' title='bbox 2183 1911 2231 1976; x_wconf 84' lang='lat' dir='ltr'><strong>B</strong></span> 
     </span>
    </p>
   </div>
   <div class='ocr_carea' id='block_1_19' title="bbox 510 1977 2149 2049">
    <p class='ocr_par' dir='ltr' id='par_1_19' title="bbox 510 1977 2149 2049">
     <span class='ocr_line' id='line_1_19' title="bbox 510 1977 2149 2049; baseline -0.002 -12"><span class='ocrx_word' id='word_1_123' title='bbox 510 1982 654 2039; x_wconf 86' lang='lat' dir='ltr'>libet</span> <span class='ocrx_word' id='word_1_124' title='bbox 676 1983 921 2038; x_wconf 88' lang='lat' dir='ltr'>aliorum</span> <span class='ocrx_word' id='word_1_125' title='bbox 941 1998 1001 2037; x_wconf 90' lang='lat' dir='ltr'>se</span> <span class='ocrx_word' id='word_1_126' title='bbox 1018 1980 1209 2036; x_wconf 87' lang='lat' dir='ltr'>causis</span> <span class='ocrx_word' id='word_1_127' title='bbox 1230 1979 1604 2034; x_wconf 85' lang='lat' dir='ltr'>immisceant</span> <span class='ocrx_word' id='word_1_128' title='bbox 1630 2003 1644 2046; x_wconf 91' lang='lat'><strong>;</strong></span> <span class='ocrx_word' id='word_1_129' title='bbox 1669 1978 1944 2049; x_wconf 89' lang='lat' dir='ltr'>quoniam</span> <span class='ocrx_word' id='word_1_130' title='bbox 1972 1977 2149 2033; x_wconf 87' lang='lat' dir='ltr'>nullis</span> 
     </span>
    </p>
   </div>
   <div class='ocr_carea' id='block_1_20' title="bbox 510 2066 2149 2145">
    <p class='ocr_par' dir='ltr' id='par_1_20' title="bbox 510 2066 2149 2145">
     <span class='ocr_line' id='line_1_20' title="bbox 510 2066 2149 2145; baseline -0.004 -19"><span class='ocrx_word' id='word_1_131' title='bbox 510 2072 572 2127; x_wconf 90' lang='lat' dir='ltr'>in</span> <span class='ocrx_word' id='word_1_132' title='bbox 602 2071 745 2129; x_wconf 89' lang='lat' dir='ltr'>locis</span> <span class='ocrx_word' id='word_1_133' title='bbox 767 2071 1091 2145; x_wconf 86' lang='lat' dir='ltr'>spiritualis</span> <span class='ocrx_word' id='word_1_134' title='bbox 1114 2070 1161 2105; x_wconf 66' lang='lat'><strong><em>93</em></strong></span> <span class='ocrx_word' id='word_1_135' title='bbox 1184 2086 1324 2125; x_wconf 89' lang='lat' dir='ltr'>cura</span> <span class='ocrx_word' id='word_1_136' title='bbox 1352 2068 1570 2135; x_wconf 83' lang='lat' dir='ltr'>deﬁcit,</span> <span class='ocrx_word' id='word_1_137' title='bbox 1602 2068 1701 2122; x_wconf 91' lang='lat' dir='ltr'>sed</span> <span class='ocrx_word' id='word_1_138' title='bbox 1725 2083 1787 2122; x_wconf 89' lang='lat' dir='ltr'>se</span> <span class='ocrx_word' id='word_1_139' title='bbox 1810 2083 1911 2139; x_wconf 89' lang='lat' dir='ltr'>per</span> <span class='ocrx_word' id='word_1_140' title='bbox 1933 2066 2149 2135; x_wconf 87' lang='lat' dir='ltr'>omnia,</span> 
     </span>
    </p>
   </div>
   <div class='ocr_carea' id='block_1_21' title="bbox 508 2156 2151 2233">
    <p class='ocr_par' dir='ltr' id='par_1_21' title="bbox 508 2156 2151 2233">
     <span class='ocr_line' id='line_1_21' title="bbox 508 2156 2151 2233; baseline -0.004 -15"><span class='ocrx_word' id='word_1_141' title='bbox 508 2178 859 2233; x_wconf 89' lang='lat' dir='ltr'>quocunque</span> <span class='ocrx_word' id='word_1_142' title='bbox 887 2176 1099 2215; x_wconf 89' lang='lat' dir='ltr'>nomen</span> <span class='ocrx_word' id='word_1_143' title='bbox 1133 2158 1231 2214; x_wconf 92' lang='lat' dir='ltr'>Dei</span> <span class='ocrx_word' id='word_1_144' title='bbox 1276 2158 1644 2231; x_wconf 81' lang='lat' dir='ltr'>praedicatur,</span> <span class='ocrx_word' id='word_1_145' title='bbox 1693 2156 1967 2212; x_wconf 87' lang='lat' dir='ltr'>extendit.</span> <span class='ocrx_word' id='word_1_146' title='bbox 2018 2157 2151 2211; x_wconf 85' lang='lat' dir='ltr'>Stu-</span> 
     </span>
    </p>
   </div>
   <div class='ocr_carea' id='block_1_22' title="bbox 507 2246 2154 2319">
    <p class='ocr_par' dir='ltr' id='par_1_22' title="bbox 507 2246 2154 2319">
     <span class='ocr_line' id='line_1_22' title="bbox 507 2246 2154 2319; baseline -0.005 -12"><span class='ocrx_word' id='word_1_147' title='bbox 507 2251 764 2307; x_wconf 90' lang='lat' dir='ltr'>dendum</span> <span class='ocrx_word' id='word_1_148' title='bbox 790 2253 880 2305; x_wconf 90' lang='lat' dir='ltr'>est</span> <span class='ocrx_word' id='word_1_149' title='bbox 908 2248 1205 2315; x_wconf 90' lang='lat' dir='ltr'>omnibus,</span> <span class='ocrx_word' id='word_1_150' title='bbox 1238 2264 1309 2303; x_wconf 90' lang='lat' dir='ltr'>ne</span> <span class='ocrx_word' id='word_1_151' title='bbox 1342 2247 1429 2319; x_wconf 90' lang='lat' dir='ltr'>(ut</span> <span class='ocrx_word' id='word_1_152' title='bbox 1457 2248 1614 2317; x_wconf 90' lang='lat' dir='ltr'>sunt)</span> <span class='ocrx_word' id='word_1_153' title='bbox 1662 2246 2062 2301; x_wconf 64' lang='lat' dir='ltr'>mmulationes</span> <span class='ocrx_word' id='word_1_154' title='bbox 2109 2246 2154 2279; x_wconf 75' lang='lat'><strong>&quot;</strong></span> 
     </span>
    </p>
   </div>
   <div class='ocr_carea' id='block_1_23' title="bbox 508 2335 2149 2411">
    <p class='ocr_par' dir='ltr' id='par_1_23' title="bbox 508 2335 2149 2411">
     <span class='ocr_line' id='line_1_23' title="bbox 508 2335 2149 2411; baseline -0.004 -15"><span class='ocrx_word' id='word_1_155' title='bbox 508 2340 697 2409; x_wconf 67' lang='lat' dir='ltr'>malae,</span> <span class='ocrx_word' id='word_1_156' title='bbox 744 2340 845 2396; x_wconf 91' lang='lat' dir='ltr'>sed</span> <span class='ocrx_word' id='word_1_157' title='bbox 901 2339 1006 2411; x_wconf 61' lang='lat' dir='ltr'>pia?</span> <span class='ocrx_word' id='word_1_158' title='bbox 1063 2338 1182 2393; x_wconf 90' lang='lat' dir='ltr'>sint</span> <span class='ocrx_word' id='word_1_159' title='bbox 1211 2337 1361 2392; x_wconf 90' lang='lat' dir='ltr'>inter</span> <span class='ocrx_word' id='word_1_160' title='bbox 1389 2353 1490 2391; x_wconf 91' lang='lat' dir='ltr'>vos</span> <span class='ocrx_word' id='word_1_161' title='bbox 1520 2335 1885 2402; x_wconf 88' lang='lat' dir='ltr'>dilectiones;</span> <span class='ocrx_word' id='word_1_162' title='bbox 1922 2336 2061 2406; x_wconf 85' lang='lat' dir='ltr'>quia</span> <span class='ocrx_word' id='word_1_163' title='bbox 2092 2335 2149 2389; x_wconf 88' lang='lat' dir='ltr'>in</span> 
     </span>
    </p>
   </div>
   <div class='ocr_carea' id='block_1_24' title="bbox 506 2426 2149 2497">
    <p class='ocr_par' dir='ltr' id='par_1_24' title="bbox 506 2426 2149 2497">
     <span class='ocr_line' id='line_1_24' title="bbox 506 2426 2149 2497; baseline -0.004 -12"><span class='ocrx_word' id='word_1_164' title='bbox 506 2430 618 2485; x_wconf 88' lang='lat' dir='ltr'>hoc</span> <span class='ocrx_word' id='word_1_165' title='bbox 645 2445 747 2485; x_wconf 90' lang='lat' dir='ltr'>vos</span> <span class='ocrx_word' id='word_1_166' title='bbox 779 2444 981 2485; x_wconf 89' lang='lat' dir='ltr'>omnes</span> <span class='ocrx_word' id='word_1_167' title='bbox 1011 2428 1232 2483; x_wconf 81' lang='lat' dir='ltr'>Domini</span> <span class='ocrx_word' id='word_1_168' title='bbox 1259 2426 1555 2497; x_wconf 80' lang='lat' dir='ltr'>discipulos</span> <span class='ocrx_word' id='word_1_169' title='bbox 1593 2440 1720 2480; x_wconf 87' lang='lat' dir='ltr'>esse</span> <span class='ocrx_word' id='word_1_170' title='bbox 1768 2440 1934 2479; x_wconf 88' lang='lat' dir='ltr'>veros</span> <span class='ocrx_word' id='word_1_171' title='bbox 1980 2440 2149 2479; x_wconf 88' lang='lat' dir='ltr'>nove-</span> 
     </span>
    </p>
   </div>
   <div class='ocr_carea' id='block_1_25' title="bbox 509 2512 2150 2586">
    <p class='ocr_par' dir='ltr' id='par_1_25' title="bbox 509 2512 2150 2586">
     <span class='ocr_line' id='line_1_25' title="bbox 509 2512 2150 2586; baseline -0.003 -14"><span class='ocrx_word' id='word_1_172' title='bbox 509 2518 655 2586; x_wconf 87' lang='lat' dir='ltr'>ritis,</span> <span class='ocrx_word' id='word_1_173' title='bbox 687 2520 738 2573; x_wconf 94' lang='lat' dir='ltr'>si</span> <span class='ocrx_word' id='word_1_174' title='bbox 765 2518 1119 2573; x_wconf 82' lang='lat' dir='ltr'>dilectionem</span> <span class='ocrx_word' id='word_1_175' title='bbox 1149 2515 1447 2571; x_wconf 83' lang='lat' dir='ltr'>habueritis</span> <span class='ocrx_word' id='word_1_176' title='bbox 1477 2514 1545 2569; x_wconf 86' lang='lat' dir='ltr'>ad</span> <span class='ocrx_word' id='word_1_177' title='bbox 1575 2516 1826 2569; x_wconf 88' lang='lat' dir='ltr'>invicem.</span> <span class='ocrx_word' id='word_1_178' title='bbox 1863 2514 1943 2567; x_wconf 83' lang='lat' dir='ltr'>Ex</span> <span class='ocrx_word' id='word_1_179' title='bbox 1992 2512 2150 2568; x_wconf 90' lang='lat' dir='ltr'>omni</span> 
     </span>
    </p>
   </div>
   <div class='ocr_carea' id='block_1_26' title="bbox 507 2603 2146 2681">
    <p class='ocr_par' dir='ltr' id='par_1_26' title="bbox 507 2603 2146 2681">
     <span class='ocr_line' id='line_1_26' title="bbox 507 2603 2146 2681; baseline -0.004 -18"><span class='ocrx_word' id='word_1_180' title='bbox 507 2624 644 2681; x_wconf 88' lang='lat' dir='ltr'>ergo</span> <span class='ocrx_word' id='word_1_181' title='bbox 699 2622 909 2681; x_wconf 84' lang='lat' dir='ltr'>genere</span> <span class='ocrx_word' id='word_1_182' title='bbox 967 2605 1253 2678; x_wconf 89' lang='lat' dir='ltr'>plurimos</span> <span class='ocrx_word' id='word_1_183' title='bbox 1301 2604 1454 2659; x_wconf 88' lang='lat' dir='ltr'>Deus</span> <span class='ocrx_word' id='word_1_184' title='bbox 1503 2604 1780 2675; x_wconf 84' lang='lat' dir='ltr'>dignatur</span> <span class='ocrx_word' id='word_1_185' title='bbox 1836 2603 2146 2669; x_wconf 81' lang='lat' dir='ltr'>attrahere,</span> 
     </span>
    </p>
   </div>
   <div class='ocr_carea' id='block_1_27' title="bbox 507 2692 2153 2767">
    <p class='ocr_par' dir='ltr' id='par_1_27' title="bbox 507 2692 2153 2767">
     <span class='ocr_line' id='line_1_27' title="bbox 507 2692 2153 2767; baseline -0.003 -17"><span class='ocrx_word' id='word_1_186' title='bbox 507 2712 655 2767; x_wconf 88' lang='lat' dir='ltr'>quos</span> <span class='ocrx_word' id='word_1_187' title='bbox 686 2696 729 2729; x_wconf 70' lang='lat'>’5</span> <span class='ocrx_word' id='word_1_188' title='bbox 757 2699 954 2750; x_wconf 86' lang='lat' dir='ltr'>erutos</span> <span class='ocrx_word' id='word_1_189' title='bbox 984 2695 1053 2749; x_wconf 92' lang='lat' dir='ltr'>de</span> <span class='ocrx_word' id='word_1_190' title='bbox 1082 2696 1370 2766; x_wconf 86' lang='lat' dir='ltr'>potestate</span> <span class='ocrx_word' id='word_1_191' title='bbox 1398 2693 1793 2761; x_wconf 83' lang='lat' dir='ltr'>tenebrarum,</span> <span class='ocrx_word' id='word_1_192' title='bbox 1837 2692 2153 2747; x_wconf 89' lang='lat' dir='ltr'>transferat</span> 
     </span>
    </p>
   </div>
   <div class='ocr_carea' id='block_1_28' title="bbox 507 2780 2152 2857">
    <p class='ocr_par' dir='ltr' id='par_1_28' title="bbox 507 2780 2152 2857">
     <span class='ocr_line' id='line_1_28' title="bbox 507 2780 2152 2857; baseline -0.003 -16"><span class='ocrx_word' id='word_1_193' title='bbox 507 2786 567 2841; x_wconf 89' lang='lat' dir='ltr'>in</span> <span class='ocrx_word' id='word_1_194' title='bbox 598 2801 841 2857; x_wconf 86' lang='lat' dir='ltr'>regnum</span> <span class='ocrx_word' id='word_1_195' title='bbox 878 2783 1006 2839; x_wconf 89' lang='lat' dir='ltr'>Filii</span> <span class='ocrx_word' id='word_1_196' title='bbox 1028 2782 1330 2838; x_wconf 89' lang='lat' dir='ltr'>charitatis</span> <span class='ocrx_word' id='word_1_197' title='bbox 1360 2798 1499 2851; x_wconf 66' lang='lat' dir='ltr'>suae,</span> <span class='ocrx_word' id='word_1_198' title='bbox 1523 2786 1579 2835; x_wconf 90' lang='lat' dir='ltr'>et</span> <span class='ocrx_word' id='word_1_199' title='bbox 1599 2781 1669 2836; x_wconf 93' lang='lat' dir='ltr'>de</span> <span class='ocrx_word' id='word_1_200' title='bbox 1690 2780 1953 2836; x_wconf 70' lang='lat' dir='ltr'>vasisirte</span> <span class='ocrx_word' id='word_1_201' title='bbox 1978 2781 2152 2836; x_wconf 86' lang='lat' dir='ltr'>faciat</span> 
     </span>
    </p>
   </div>
   <div class='ocr_carea' id='block_1_29' title="bbox 504 2870 2151 2941">
    <p class='ocr_par' dir='ltr' id='par_1_29' title="bbox 504 2870 2151 2941">
     <span class='ocr_line' id='line_1_29' title="bbox 504 2870 2151 2941; baseline -0.002 -13"><span class='ocrx_word' id='word_1_202' title='bbox 504 2891 642 2930; x_wconf 87' lang='lat' dir='ltr'>vasa</span> <span class='ocrx_word' id='word_1_203' title='bbox 698 2872 1130 2929; x_wconf 69' lang='lat' dir='ltr'>misericordiae.</span> <span class='ocrx_word' id='word_1_204' title='bbox 1181 2871 1346 2926; x_wconf 91' lang='lat' dir='ltr'>Unde</span> <span class='ocrx_word' id='word_1_205' title='bbox 1394 2870 1563 2925; x_wconf 88' lang='lat' dir='ltr'>nobis</span> <span class='ocrx_word' id='word_1_206' title='bbox 1615 2886 1985 2941; x_wconf 89' lang='lat' dir='ltr'>summopere</span> <span class='ocrx_word' id='word_1_207' title='bbox 2032 2877 2151 2926; x_wconf 90' lang='lat' dir='ltr'>stu-</span> 
     </span>
    </p>
   </div>
   <div class='ocr_carea' id='block_1_30' title="bbox 506 2959 2147 3032">
    <p class='ocr_par' dir='ltr' id='par_1_30' title="bbox 506 2959 2147 3032">
     <span class='ocr_line' id='line_1_30' title="bbox 506 2959 2147 3032; baseline -0.003 -13"><span class='ocrx_word' id='word_1_208' title='bbox 506 2964 761 3019; x_wconf 91' lang='lat' dir='ltr'>dendum</span> <span class='ocrx_word' id='word_1_209' title='bbox 804 2966 913 3028; x_wconf 91' lang='lat' dir='ltr'>est,</span> <span class='ocrx_word' id='word_1_210' title='bbox 967 2966 1031 3016; x_wconf 89' lang='lat' dir='ltr'>ut</span> <span class='ocrx_word' id='word_1_211' title='bbox 1080 2962 1480 3032; x_wconf 85' lang='lat' dir='ltr'>cooperatores</span> <span class='ocrx_word' id='word_1_212' title='bbox 1534 2960 1721 3013; x_wconf 89' lang='lat' dir='ltr'>simus</span> <span class='ocrx_word' id='word_1_213' title='bbox 1771 2960 1967 3029; x_wconf 71' lang='lat' dir='ltr'>gratiae</span> <span class='ocrx_word' id='word_1_214' title='bbox 2017 2959 2147 3025; x_wconf 91' lang='lat' dir='ltr'>Dei;</span> 
     </span>
    </p>
   </div>
   <div class='ocr_carea' id='block_1_31' title="bbox 505 3046 2148 3124">
    <p class='ocr_par' dir='ltr' id='par_1_31' title="bbox 505 3046 2148 3124">
     <span class='ocr_line' id='line_1_31' title="bbox 505 3046 2148 3124; baseline -0.002 -17"><span class='ocrx_word' id='word_1_215' title='bbox 505 3053 644 3124; x_wconf 88' lang='lat' dir='ltr'>quia</span> <span class='ocrx_word' id='word_1_216' title='bbox 675 3052 745 3107; x_wconf 88' lang='lat' dir='ltr'>ad</span> <span class='ocrx_word' id='word_1_217' title='bbox 779 3051 887 3105; x_wconf 89' lang='lat' dir='ltr'>hoc</span> <span class='ocrx_word' id='word_1_218' title='bbox 920 3048 1102 3104; x_wconf 81' lang='lat' dir='ltr'>vocati</span> <span class='ocrx_word' id='word_1_219' title='bbox 1136 3064 1367 3115; x_wconf 89' lang='lat' dir='ltr'>sumus,</span> <span class='ocrx_word' id='word_1_220' title='bbox 1399 3048 1645 3119; x_wconf 88' lang='lat' dir='ltr'>ejusque</span> <span class='ocrx_word' id='word_1_221' title='bbox 1675 3046 1949 3102; x_wconf 86' lang='lat' dir='ltr'>familiari</span> <span class='ocrx_word' id='word_1_222' title='bbox 1974 3047 2148 3103; x_wconf 90' lang='lat' dir='ltr'>collo-</span> 
     </span>
    </p>
   </div>
   <div class='ocr_carea' id='block_1_32' title="bbox 505 3136 2149 3214">
    <p class='ocr_par' dir='ltr' id='par_1_32' title="bbox 505 3136 2149 3214">
     <span class='ocr_line' id='line_1_32' title="bbox 505 3136 2149 3214; baseline -0.003 -17"><span class='ocrx_word' id='word_1_223' title='bbox 505 3142 643 3214; x_wconf 91' lang='lat' dir='ltr'>quio</span> <span class='ocrx_word' id='word_1_224' title='bbox 675 3140 902 3205; x_wconf 90' lang='lat' dir='ltr'>sociati,</span> <span class='ocrx_word' id='word_1_225' title='bbox 945 3144 1001 3194; x_wconf 92' lang='lat' dir='ltr'>et</span> <span class='ocrx_word' id='word_1_226' title='bbox 1052 3138 1381 3193; x_wconf 86' lang='lat' dir='ltr'>sacerdotes</span> <span class='ocrx_word' id='word_1_227' title='bbox 1432 3136 1665 3205; x_wconf 90' lang='lat' dir='ltr'>sacrati,</span> <span class='ocrx_word' id='word_1_228' title='bbox 1711 3141 1773 3190; x_wconf 89' lang='lat' dir='ltr'>ut</span> <span class='ocrx_word' id='word_1_229' title='bbox 1822 3136 2149 3192; x_wconf 86' lang='lat' dir='ltr'>fructuosos</span> 
     </span>
    </p>
   </div>
   <div class='ocr_carea' id='block_1_33' title="bbox 2269 630 3914 713">
    <p class='ocr_par' dir='ltr' id='par_1_33' title="bbox 2269 630 3914 713">
     <span class='ocr_line' id='line_1_33' title="bbox 2269 630 3914 713; baseline 0.011 -31"><span class='ocrx_word' id='word_1_230' title='bbox 2269 630 2602 700; x_wconf 89' lang='lat' dir='ltr'>agentibus,</span> <span class='ocrx_word' id='word_1_231' title='bbox 2636 648 2753 687; x_wconf 91' lang='lat' dir='ltr'>non</span> <span class='ocrx_word' id='word_1_232' title='bbox 2774 635 3115 692; x_wconf 88' lang='lat' dir='ltr'>tenentibus</span> <span class='ocrx_word' id='word_1_233' title='bbox 3146 639 3482 709; x_wconf 85' lang='lat' dir='ltr'>pastoribus</span> <span class='ocrx_word' id='word_1_234' title='bbox 3506 641 3677 698; x_wconf 85' lang='lat' dir='ltr'>frena</span> <span class='ocrx_word' id='word_1_235' title='bbox 3697 648 3914 713; x_wconf 85' lang='lat' dir='ltr'>eorum)</span> 
     </span>
    </p>
   </div>
   <div class='ocr_carea' id='block_1_34' title="bbox 2268 716 3911 792">
    <p class='ocr_par' dir='ltr' id='par_1_34' title="bbox 2268 716 3911 792">
     <span class='ocr_line' id='line_1_34' title="bbox 2268 716 3911 792; baseline 0.012 -23"><span class='ocrx_word' id='word_1_236' title='bbox 2268 716 2598 787; x_wconf 84' lang='lat' dir='ltr'>lasciviant,</span> <span class='ocrx_word' id='word_1_237' title='bbox 2630 725 2805 792; x_wconf 89' lang='lat' dir='ltr'>atque</span> <span class='ocrx_word' id='word_1_238' title='bbox 2838 722 2893 776; x_wconf 91' lang='lat' dir='ltr'>in</span> <span class='ocrx_word' id='word_1_239' title='bbox 2929 723 3050 780; x_wconf 89' lang='lat' dir='ltr'>ima</span> <span class='ocrx_word' id='word_1_240' title='bbox 3081 732 3281 783; x_wconf 90' lang='lat' dir='ltr'>ruant.</span> <span class='ocrx_word' id='word_1_241' title='bbox 3303 728 3349 762; x_wconf 81' lang='grc'>³⁷</span> <span class='ocrx_word' id='word_1_242' title='bbox 3380 727 3633 786; x_wconf 90' lang='lat' dir='ltr'>Multum</span> <span class='ocrx_word' id='word_1_243' title='bbox 3666 748 3805 788; x_wconf 87' lang='lat' dir='ltr'>vero</span> <span class='ocrx_word' id='word_1_244' title='bbox 3834 732 3911 787; x_wconf 88' lang='lat' dir='ltr'>di-</span> 
     </span>
    </p>
   </div>
   <div class='ocr_carea' id='block_1_35' title="bbox 2269 807 3913 891">
    <p class='ocr_par' dir='ltr' id='par_1_35' title="bbox 2269 807 3913 891">
     <span class='ocr_line' id='line_1_35' title="bbox 2269 807 3913 891; baseline 0.011 -31"><span class='ocrx_word' id='word_1_245' title='bbox 2269 808 2427 861; x_wconf 89' lang='lat' dir='ltr'>stant</span> <span class='ocrx_word' id='word_1_246' title='bbox 2454 807 2673 864; x_wconf 88' lang='lat' dir='ltr'>damna</span> <span class='ocrx_word' id='word_1_247' title='bbox 2705 826 2935 866; x_wconf 88' lang='lat' dir='ltr'>morum</span> <span class='ocrx_word' id='word_1_248' title='bbox 2961 828 2995 867; x_wconf 87' lang='lat' dir='ltr'>a</span> <span class='ocrx_word' id='word_1_249' title='bbox 3012 813 3248 871; x_wconf 87' lang='lat' dir='ltr'>damnis</span> <span class='ocrx_word' id='word_1_250' title='bbox 3262 833 3455 873; x_wconf 89' lang='lat' dir='ltr'>rerum</span> <span class='ocrx_word' id='word_1_251' title='bbox 3477 819 3913 891; x_wconf 86' lang='lat' dir='ltr'>temporalium,</span> 
     </span>
    </p>
   </div>
   <div class='ocr_carea' id='block_1_36' title="bbox 2268 895 3914 971">
    <p class='ocr_par' dir='ltr' id='par_1_36' title="bbox 2268 895 3914 971">
     <span class='ocr_line' id='line_1_36' title="bbox 2268 895 3914 971; baseline 0.012 -23"><span class='ocrx_word' id='word_1_252' title='bbox 2268 911 2401 949; x_wconf 91' lang='lat' dir='ltr'>cum</span> <span class='ocrx_word' id='word_1_253' title='bbox 2432 895 2547 951; x_wconf 87' lang='lat' dir='ltr'>ista</span> <span class='ocrx_word' id='word_1_254' title='bbox 2575 902 2738 953; x_wconf 86' lang='lat' dir='ltr'>extra</span> <span class='ocrx_word' id='word_1_255' title='bbox 2770 916 2875 954; x_wconf 92' lang='lat' dir='ltr'>nos</span> <span class='ocrx_word' id='word_1_256' title='bbox 2908 900 3044 971; x_wconf 90' lang='lat' dir='ltr'>sint,</span> <span class='ocrx_word' id='word_1_257' title='bbox 3080 902 3182 957; x_wconf 87' lang='lat' dir='ltr'>illa</span> <span class='ocrx_word' id='word_1_258' title='bbox 3209 921 3345 960; x_wconf 87' lang='lat' dir='ltr'>vero</span> <span class='ocrx_word' id='word_1_259' title='bbox 3372 905 3431 963; x_wconf 90' lang='lat' dir='ltr'>in</span> <span class='ocrx_word' id='word_1_260' title='bbox 3464 908 3657 964; x_wconf 88' lang='lat' dir='ltr'>nobis.</span> <span class='ocrx_word' id='word_1_261' title='bbox 3687 910 3733 945; x_wconf 79' lang='grc'>⁸³</span> <span class='ocrx_word' id='word_1_262' title='bbox 3782 911 3914 967; x_wconf 86' lang='lat' dir='ltr'>Sen-</span> 
     </span>
    </p>
   </div>
   <div class='ocr_carea' id='block_1_37' title="bbox 2266 983 3916 1069">
    <p class='ocr_par' dir='ltr' id='par_1_37' title="bbox 2266 983 3916 1069">
     <span class='ocr_line' id='line_1_37' title="bbox 2266 983 3916 1069; baseline 0.011 -32"><span class='ocrx_word' id='word_1_263' title='bbox 2266 983 2447 1039; x_wconf 89' lang='lat' dir='ltr'>tentia</span> <span class='ocrx_word' id='word_1_264' title='bbox 2477 1000 2709 1057; x_wconf 89' lang='lat' dir='ltr'>quoque</span> <span class='ocrx_word' id='word_1_265' title='bbox 2739 986 2920 1044; x_wconf 87' lang='lat' dir='ltr'>Cham</span> <span class='ocrx_word' id='word_1_266' title='bbox 2951 989 3056 1044; x_wconf 82' lang='lat' dir='ltr'>ﬁiii</span> <span class='ocrx_word' id='word_1_267' title='bbox 3085 990 3208 1048; x_wconf 89' lang='lat' dir='ltr'>Noe</span> <span class='ocrx_word' id='word_1_268' title='bbox 3242 994 3602 1051; x_wconf 87' lang='lat' dir='ltr'>damnantur</span> <span class='ocrx_word' id='word_1_269' title='bbox 3631 998 3737 1069; x_wconf 90' lang='lat' dir='ltr'>qui</span> <span class='ocrx_word' id='word_1_270' title='bbox 3788 1015 3916 1055; x_wconf 83' lang='lat' dir='ltr'>suo-</span> 
     </span>
    </p>
   </div>
   <div class='ocr_carea' id='block_1_38' title="bbox 2266 1074 3917 1158">
    <p class='ocr_par' dir='ltr' id='par_1_38' title="bbox 2266 1074 3917 1158">
     <span class='ocr_line' id='line_1_38' title="bbox 2266 1074 3917 1158; baseline 0.011 -32"><span class='ocrx_word' id='word_1_271' title='bbox 2266 1088 2396 1127; x_wconf 89' lang='lat' dir='ltr'>rum</span> <span class='ocrx_word' id='word_1_272' title='bbox 2425 1074 2727 1130; x_wconf 91' lang='lat' dir='ltr'>doctorum</span> <span class='ocrx_word' id='word_1_273' title='bbox 2760 1077 2848 1131; x_wconf 89' lang='lat' dir='ltr'>vel</span> <span class='ocrx_word' id='word_1_274' title='bbox 2888 1079 3337 1151; x_wconf 69' lang='lat' dir='ltr'>praepositorum</span> <span class='ocrx_word' id='word_1_275' title='bbox 3370 1083 3608 1155; x_wconf 88' lang='lat' dir='ltr'>culpam</span> <span class='ocrx_word' id='word_1_276' title='bbox 3639 1087 3917 1158; x_wconf 87' lang='lat' dir='ltr'>produnt,</span> 
     </span>
    </p>
   </div>
   <div class='ocr_carea' id='block_1_39' title="bbox 2265 1160 3915 1245">
    <p class='ocr_par' dir='ltr' id='par_1_39' title="bbox 2265 1160 3915 1245">
     <span class='ocr_line' id='line_1_39' title="bbox 2265 1160 3915 1245; baseline 0.012 -31"><span class='ocrx_word' id='word_1_277' title='bbox 2265 1177 2367 1215; x_wconf 90' lang='lat' dir='ltr'>ceu</span> <span class='ocrx_word' id='word_1_278' title='bbox 2401 1160 2601 1230; x_wconf 88' lang='lat' dir='ltr'>Cham,</span> <span class='ocrx_word' id='word_1_279' title='bbox 2652 1165 2753 1235; x_wconf 91' lang='lat' dir='ltr'>qui</span> <span class='ocrx_word' id='word_1_280' title='bbox 2797 1168 2979 1237; x_wconf 87' lang='lat' dir='ltr'>patris</span> <span class='ocrx_word' id='word_1_281' title='bbox 3028 1169 3306 1239; x_wconf 86' lang='lat' dir='ltr'>pudenda</span> <span class='ocrx_word' id='word_1_282' title='bbox 3352 1189 3468 1228; x_wconf 90' lang='lat' dir='ltr'>non</span> <span class='ocrx_word' id='word_1_283' title='bbox 3512 1176 3772 1245; x_wconf 88' lang='lat' dir='ltr'>operuit,</span> <span class='ocrx_word' id='word_1_284' title='bbox 3822 1179 3915 1233; x_wconf 87' lang='lat' dir='ltr'>sed</span> 
     </span>
    </p>
   </div>
   <div class='ocr_carea' id='block_1_40' title="bbox 2266 1251 3917 1323">
    <p class='ocr_par' dir='ltr' id='par_1_40' title="bbox 2266 1251 3917 1323">
     <span class='ocr_line' id='line_1_40' title="bbox 2266 1251 3917 1323; baseline 0.01 -17"><span class='ocrx_word' id='word_1_285' title='bbox 2266 1251 2454 1323; x_wconf 89' lang='lat' dir='ltr'>magis</span> <span class='ocrx_word' id='word_1_286' title='bbox 2485 1252 2804 1310; x_wconf 90' lang='lat' dir='ltr'>deridenda</span> <span class='ocrx_word' id='word_1_287' title='bbox 2834 1258 3183 1313; x_wconf 84' lang='lat' dir='ltr'>monstravit</span> <span class='ocrx_word' id='word_1_288' title='bbox 3206 1259 3271 1314; x_wconf 73' lang='grc'>³³.</span> <span class='ocrx_word' id='word_1_289' title='bbox 3303 1261 3346 1296; x_wconf 72' lang='grc' dir='ltr'><strong>⁸ο</strong></span> <span class='ocrx_word' id='word_1_290' title='bbox 3378 1261 3594 1318; x_wconf 86' lang='lat' dir='ltr'>Doctor</span> <span class='ocrx_word' id='word_1_291' title='bbox 3612 1269 3817 1321; x_wconf 87' lang='lat' dir='ltr'>autem</span> <span class='ocrx_word' id='word_1_292' title='bbox 3835 1264 3917 1321; x_wconf 83' lang='lat' dir='ltr'>vel</span> 
     </span>
    </p>
   </div>
   <div class='ocr_carea' id='block_1_41' title="bbox 2263 1340 3920 1422">
    <p class='ocr_par' dir='ltr' id='par_1_41' title="bbox 2263 1340 3920 1422">
     <span class='ocr_line' id='line_1_41' title="bbox 2263 1340 3920 1422; baseline 0.011 -30"><span class='ocrx_word' id='word_1_293' title='bbox 2263 1343 2461 1409; x_wconf 91' lang='lat' dir='ltr'>pastor</span> <span class='ocrx_word' id='word_1_294' title='bbox 2490 1340 2778 1409; x_wconf 59' lang='lat' dir='ltr'>Ecclesia),</span> <span class='ocrx_word' id='word_1_295' title='bbox 2807 1344 2857 1399; x_wconf 89' lang='lat' dir='ltr'>si</span> <span class='ocrx_word' id='word_1_296' title='bbox 2886 1361 2919 1400; x_wconf 90' lang='lat' dir='ltr'>a</span> <span class='ocrx_word' id='word_1_297' title='bbox 2948 1345 3065 1402; x_wconf 86' lang='lat' dir='ltr'>ﬁde</span> <span class='ocrx_word' id='word_1_298' title='bbox 3096 1346 3523 1422; x_wconf 85' lang='lat' dir='ltr'>exorbitaverit,</span> <span class='ocrx_word' id='word_1_299' title='bbox 3556 1353 3674 1409; x_wconf 87' lang='lat' dir='ltr'>erit</span> <span class='ocrx_word' id='word_1_300' title='bbox 3717 1370 3755 1409; x_wconf 85' lang='lat' dir='ltr'>a</span> <span class='ocrx_word' id='word_1_301' title='bbox 3782 1354 3920 1410; x_wconf 82' lang='lat' dir='ltr'>tide-</span> 
     </span>
    </p>
   </div>
   <div class='ocr_carea' id='block_1_42' title="bbox 2262 1427 3919 1516">
    <p class='ocr_par' dir='ltr' id='par_1_42' title="bbox 2262 1427 3919 1516">
     <span class='ocr_line' id='line_1_42' title="bbox 2262 1427 3919 1516; baseline 0.011 -34"><span class='ocrx_word' id='word_1_302' title='bbox 2262 1427 2420 1484; x_wconf 86' lang='lat' dir='ltr'>libus</span> <span class='ocrx_word' id='word_1_303' title='bbox 2447 1430 2826 1503; x_wconf 82' lang='lat' dir='ltr'>corrigendus</span> <span class='ocrx_word' id='word_1_304' title='bbox 2850 1449 2863 1487; x_wconf 90' lang='lat'><strong>:</strong></span> <span class='ocrx_word' id='word_1_305' title='bbox 2897 1434 2997 1489; x_wconf 90' lang='lat' dir='ltr'>sed</span> <span class='ocrx_word' id='word_1_306' title='bbox 3030 1452 3133 1507; x_wconf 91' lang='lat' dir='ltr'>pro</span> <span class='ocrx_word' id='word_1_307' title='bbox 3155 1438 3417 1510; x_wconf 88' lang='lat' dir='ltr'>reprobis</span> <span class='ocrx_word' id='word_1_308' title='bbox 3440 1440 3714 1499; x_wconf 85' lang='lat' dir='ltr'>moribus</span> <span class='ocrx_word' id='word_1_309' title='bbox 3734 1444 3919 1516; x_wconf 83' lang='lat' dir='ltr'>magis</span> 
     </span>
    </p>
   </div>
   <div class='ocr_carea' id='block_1_43' title="bbox 2262 1516 3920 1600">
    <p class='ocr_par' dir='ltr' id='par_1_43' title="bbox 2262 1516 3920 1600">
     <span class='ocr_line' id='line_1_43' title="bbox 2262 1516 3920 1600; baseline 0.012 -30"><span class='ocrx_word' id='word_1_310' title='bbox 2262 1521 2350 1571; x_wconf 86' lang='lat' dir='ltr'>est</span> <span class='ocrx_word' id='word_1_311' title='bbox 2377 1516 2735 1585; x_wconf 80' lang='lat' dir='ltr'>tolerandus,</span> <span class='ocrx_word' id='word_1_312' title='bbox 2750 1536 2928 1591; x_wconf 91' lang='lat' dir='ltr'>quam</span> <span class='ocrx_word' id='word_1_313' title='bbox 2950 1522 3419 1599; x_wconf 87' lang='lat' dir='ltr'>distringendus,</span> <span class='ocrx_word' id='word_1_314' title='bbox 3437 1528 3582 1600; x_wconf 89' lang='lat' dir='ltr'>quia</span> <span class='ocrx_word' id='word_1_315' title='bbox 3597 1530 3643 1567; x_wconf 76' lang='grc'>⁴¹</span> <span class='ocrx_word' id='word_1_316' title='bbox 3670 1536 3920 1590; x_wconf 79' lang='lat' dir='ltr'>rectores</span> 
     </span>
    </p>
   </div>
   <div class='ocr_carea' id='block_1_44' title="bbox 2264 1605 3919 1692">
    <p class='ocr_par' dir='ltr' id='par_1_44' title="bbox 2264 1605 3919 1692">
     <span class='ocr_line' id='line_1_44' title="bbox 2264 1605 3919 1692; baseline 0.011 -32"><span class='ocrx_word' id='word_1_317' title='bbox 2264 1605 2530 1662; x_wconf 69' lang='lat' dir='ltr'>Ecclesiae</span> <span class='ocrx_word' id='word_1_318' title='bbox 2562 1625 2596 1662; x_wconf 89' lang='lat' dir='ltr'>a</span> <span class='ocrx_word' id='word_1_319' title='bbox 2624 1607 2740 1664; x_wconf 92' lang='lat' dir='ltr'>Deo</span> <span class='ocrx_word' id='word_1_320' title='bbox 2763 1610 3071 1680; x_wconf 89' lang='lat' dir='ltr'>judicandi</span> <span class='ocrx_word' id='word_1_321' title='bbox 3102 1618 3265 1681; x_wconf 88' lang='lat' dir='ltr'>sunt,</span> <span class='ocrx_word' id='word_1_322' title='bbox 3287 1616 3439 1673; x_wconf 85' lang='lat' dir='ltr'>sicut</span> <span class='ocrx_word' id='word_1_323' title='bbox 3471 1618 3557 1676; x_wconf 87' lang='lat' dir='ltr'>ait</span> <span class='ocrx_word' id='word_1_324' title='bbox 3585 1621 3919 1692; x_wconf 85' lang='lat' dir='ltr'>prapbeta:</span> 
     </span>
    </p>
   </div>
   <div class='ocr_carea' id='block_1_45' title="bbox 2261 1697 3918 1776">
    <p class='ocr_par' dir='ltr' id='par_1_45' title="bbox 2261 1697 3918 1776">
     <span class='ocr_line' id='line_1_45' title="bbox 2261 1697 3918 1776; baseline 0.013 -28"><span class='ocrx_word' id='word_1_325' title='bbox 2261 1697 2402 1750; x_wconf 81' lang='lat' dir='ltr'>Deus</span> <span class='ocrx_word' id='word_1_326' title='bbox 2442 1699 2595 1752; x_wconf 82' lang='lat' dir='ltr'>stetit</span> <span class='ocrx_word' id='word_1_327' title='bbox 2624 1698 2685 1752; x_wconf 88' lang='lat' dir='ltr'>in</span> <span class='ocrx_word' id='word_1_328' title='bbox 2739 1699 3035 1772; x_wconf 83' lang='lat' dir='ltr'>Synagoga</span> <span class='ocrx_word' id='word_1_329' title='bbox 3089 1702 3342 1776; x_wconf 75' lang='lat' dir='ltr'>deorum,</span> <span class='ocrx_word' id='word_1_330' title='bbox 3384 1708 3445 1762; x_wconf 87' lang='lat' dir='ltr'>in</span> <span class='ocrx_word' id='word_1_331' title='bbox 3502 1709 3690 1766; x_wconf 79' lang='lat' dir='ltr'>medio</span> <span class='ocrx_word' id='word_1_332' title='bbox 3732 1716 3918 1769; x_wconf 72' lang='lat' dir='ltr'>autem</span> 
     </span>
    </p>
   </div>
   <div class='ocr_carea' id='block_1_46' title="bbox 2261 1784 3920 1871">
    <p class='ocr_par' dir='ltr' id='par_1_46' title="bbox 2261 1784 3920 1871">
     <span class='ocr_line' id='line_1_46' title="bbox 2261 1784 3920 1871; baseline 0.011 -31"><span class='ocrx_word' id='word_1_333' title='bbox 2261 1784 2384 1840; x_wconf 84' lang='lat' dir='ltr'>deos</span> <span class='ocrx_word' id='word_1_334' title='bbox 2411 1784 2678 1857; x_wconf 84' lang='lat' dir='ltr'>dijudicat</span> <span class='ocrx_word' id='word_1_335' title='bbox 2709 1788 2773 1842; x_wconf 77' lang='grc'>⁴².</span> <span class='ocrx_word' id='word_1_336' title='bbox 2807 1789 2973 1845; x_wconf 92' lang='lat' dir='ltr'>Unde</span> <span class='ocrx_word' id='word_1_337' title='bbox 3000 1796 3232 1863; x_wconf 90' lang='lat' dir='ltr'>oportet</span> <span class='ocrx_word' id='word_1_338' title='bbox 3259 1810 3757 1871; x_wconf 84' lang='lat' dir='ltr'>unumquemque</span> <span class='ocrx_word' id='word_1_339' title='bbox 3786 1800 3920 1856; x_wconf 83' lang='lat' dir='ltr'>tide-</span> 
     </span>
    </p>
   </div>
   <div class='ocr_carea' id='block_1_47' title="bbox 2262 1873 3918 1961">
    <p class='ocr_par' dir='ltr' id='par_1_47' title="bbox 2262 1873 3918 1961">
     <span class='ocr_line' id='line_1_47' title="bbox 2262 1873 3918 1961; baseline 0.011 -33"><span class='ocrx_word' id='word_1_340' title='bbox 2262 1873 2399 1941; x_wconf 89' lang='lat' dir='ltr'>lem,</span> <span class='ocrx_word' id='word_1_341' title='bbox 2433 1873 2481 1928; x_wconf 90' lang='lat' dir='ltr'>si</span> <span class='ocrx_word' id='word_1_342' title='bbox 2510 1874 2719 1931; x_wconf 91' lang='lat' dir='ltr'>viderit</span> <span class='ocrx_word' id='word_1_343' title='bbox 2747 1881 2848 1931; x_wconf 90' lang='lat' dir='ltr'>aut</span> <span class='ocrx_word' id='word_1_344' title='bbox 2877 1881 3212 1951; x_wconf 89' lang='lat' dir='ltr'>cognoverit</span> <span class='ocrx_word' id='word_1_345' title='bbox 3242 1881 3443 1954; x_wconf 87' lang='lat' dir='ltr'>plebes</span> <span class='ocrx_word' id='word_1_346' title='bbox 3474 1886 3766 1945; x_wconf 88' lang='lat' dir='ltr'>adversus</span> <span class='ocrx_word' id='word_1_347' title='bbox 3813 1906 3918 1961; x_wconf 81' lang='lat' dir='ltr'>pa-</span> 
     </span>
    </p>
   </div>
   <div class='ocr_carea' id='block_1_48' title="bbox 2261 1967 3917 2036">
    <p class='ocr_par' dir='ltr' id='par_1_48' title="bbox 2261 1967 3917 2036">
     <span class='ocr_line' id='line_1_48' title="bbox 2261 1967 3917 2036; baseline 0.01 -17"><span class='ocrx_word' id='word_1_348' title='bbox 2261 1967 2478 2020; x_wconf 87' lang='lat' dir='ltr'>storem</span> <span class='ocrx_word' id='word_1_349' title='bbox 2511 1980 2686 2019; x_wconf 89' lang='lat' dir='ltr'>suum</span> <span class='ocrx_word' id='word_1_350' title='bbox 2711 1969 3056 2036; x_wconf 89' lang='lat' dir='ltr'>tumescere,</span> <span class='ocrx_word' id='word_1_351' title='bbox 3090 1973 3192 2025; x_wconf 91' lang='lat' dir='ltr'>aut</span> <span class='ocrx_word' id='word_1_352' title='bbox 3212 1976 3414 2029; x_wconf 89' lang='lat' dir='ltr'>contra</span> <span class='ocrx_word' id='word_1_353' title='bbox 3442 1973 3671 2033; x_wconf 86' lang='lat' dir='ltr'>clerum</span> <span class='ocrx_word' id='word_1_354' title='bbox 3724 1977 3917 2034; x_wconf 84' lang='lat' dir='ltr'>detra-</span> 
     </span>
    </p>
   </div>
   <div class='ocr_carea' id='block_1_49' title="bbox 2261 2052 3917 2138">
    <p class='ocr_par' dir='ltr' id='par_1_49' title="bbox 2261 2052 3917 2138">
     <span class='ocr_line' id='line_1_49' title="bbox 2261 2052 3917 2138; baseline 0.01 -31"><span class='ocrx_word' id='word_1_355' title='bbox 2261 2052 2551 2108; x_wconf 91' lang='lat' dir='ltr'>ctionibus</span> <span class='ocrx_word' id='word_1_356' title='bbox 2580 2069 2802 2121; x_wconf 90' lang='lat' dir='ltr'>vacare,</span> <span class='ocrx_word' id='word_1_357' title='bbox 2836 2054 2945 2111; x_wconf 90' lang='lat' dir='ltr'>hoc</span> <span class='ocrx_word' id='word_1_358' title='bbox 2966 2056 3174 2112; x_wconf 89' lang='lat' dir='ltr'>vitium</span> <span class='ocrx_word' id='word_1_359' title='bbox 3195 2076 3300 2130; x_wconf 91' lang='lat' dir='ltr'>pro</span> <span class='ocrx_word' id='word_1_360' title='bbox 3320 2060 3549 2119; x_wconf 83' lang='lat' dir='ltr'>viribus</span> <span class='ocrx_word' id='word_1_361' title='bbox 3570 2064 3917 2138; x_wconf 83' lang='lat' dir='ltr'>exstirpare,</span> 
     </span>
    </p>
   </div>
   <div class='ocr_carea' id='block_1_50' title="bbox 2263 2142 3917 2227">
    <p class='ocr_par' dir='ltr' id='par_1_50' title="bbox 2263 2142 3917 2227">
     <span class='ocr_line' id='line_1_50' title="bbox 2263 2142 3917 2227; baseline 0.011 -32"><span class='ocrx_word' id='word_1_362' title='bbox 2263 2142 2692 2213; x_wconf 89' lang='lat' dir='ltr'>prudenterque</span> <span class='ocrx_word' id='word_1_363' title='bbox 2725 2144 3010 2216; x_wconf 85' lang='lat' dir='ltr'>corrigere</span> <span class='ocrx_word' id='word_1_364' title='bbox 3038 2150 3289 2219; x_wconf 87' lang='lat' dir='ltr'>satagat.</span> <span class='ocrx_word' id='word_1_365' title='bbox 3322 2150 3439 2207; x_wconf 89' lang='lat' dir='ltr'>Nec</span> <span class='ocrx_word' id='word_1_366' title='bbox 3470 2152 3557 2209; x_wconf 89' lang='lat' dir='ltr'>eis</span> <span class='ocrx_word' id='word_1_367' title='bbox 3583 2154 3647 2209; x_wconf 90' lang='lat' dir='ltr'>in</span> <span class='ocrx_word' id='word_1_368' title='bbox 3671 2156 3917 2227; x_wconf 82' lang='lat' dir='ltr'>quibus-</span> 
     </span>
    </p>
   </div>
   <div class='ocr_carea' id='block_1_51' title="bbox 2261 2232 3918 2315">
    <p class='ocr_par' dir='ltr' id='par_1_51' title="bbox 2261 2232 3918 2315">
     <span class='ocr_line' id='line_1_51' title="bbox 2261 2232 3918 2315; baseline 0.009 -30"><span class='ocrx_word' id='word_1_369' title='bbox 2261 2247 2491 2302; x_wconf 90' lang='lat' dir='ltr'>cunque</span> <span class='ocrx_word' id='word_1_370' title='bbox 2522 2232 2770 2303; x_wconf 87' lang='lat' dir='ltr'>negotiis</span> <span class='ocrx_word' id='word_1_371' title='bbox 2802 2232 3054 2301; x_wconf 86' lang='lat' dir='ltr'>misceri,</span> <span class='ocrx_word' id='word_1_372' title='bbox 3087 2234 3139 2290; x_wconf 91' lang='lat' dir='ltr'>si</span> <span class='ocrx_word' id='word_1_373' title='bbox 3168 2236 3596 2311; x_wconf 87' lang='lat' dir='ltr'>incorrigibiles</span> <span class='ocrx_word' id='word_1_374' title='bbox 3626 2260 3918 2315; x_wconf 85' lang='lat' dir='ltr'>apparue-</span> 
     </span>
    </p>
   </div>
   <div class='ocr_carea' id='block_1_52' title="bbox 2260 2319 3919 2404">
    <p class='ocr_par' dir='ltr' id='par_1_52' title="bbox 2260 2319 3919 2404">
     <span class='ocr_line' id='line_1_52' title="bbox 2260 2319 3919 2404; baseline 0.01 -30"><span class='ocrx_word' id='word_1_375' title='bbox 2260 2319 2397 2390; x_wconf 88' lang='lat' dir='ltr'>rint,</span> <span class='ocrx_word' id='word_1_376' title='bbox 2427 2324 2742 2391; x_wconf 88' lang='lat' dir='ltr'>antequam</span> <span class='ocrx_word' id='word_1_377' title='bbox 2774 2337 2881 2376; x_wconf 91' lang='lat' dir='ltr'>suo</span> <span class='ocrx_word' id='word_1_378' title='bbox 2912 2323 3359 2382; x_wconf 89' lang='lat' dir='ltr'>reconcilientur</span> <span class='ocrx_word' id='word_1_379' title='bbox 3396 2329 3642 2401; x_wconf 91' lang='lat' dir='ltr'>doctori,</span> <span class='ocrx_word' id='word_1_380' title='bbox 3693 2349 3919 2404; x_wconf 60' lang='lat' dir='ltr'>praesu-</span> 
     </span>
    </p>
   </div>
   <div class='ocr_carea' id='block_1_53' title="bbox 2262 2410 3919 2494">
    <p class='ocr_par' dir='ltr' id='par_1_53' title="bbox 2262 2410 3919 2494">
     <span class='ocr_line' id='line_1_53' title="bbox 2262 2410 3919 2494; baseline 0.009 -32"><span class='ocrx_word' id='word_1_381' title='bbox 2262 2412 2383 2463; x_wconf 91' lang='lat' dir='ltr'>mat</span> <span class='ocrx_word' id='word_1_382' title='bbox 2410 2425 2421 2464; x_wconf 94' lang='lat'>:</span> <span class='ocrx_word' id='word_1_383' title='bbox 2457 2410 2737 2481; x_wconf 90' lang='lat' dir='ltr'>quoniam</span> <span class='ocrx_word' id='word_1_384' title='bbox 2767 2410 2811 2444; x_wconf 75' lang='lat'><strong>‘3</strong></span> <span class='ocrx_word' id='word_1_385' title='bbox 2839 2414 2960 2465; x_wconf 90' lang='lat' dir='ltr'>tam</span> <span class='ocrx_word' id='word_1_386' title='bbox 2991 2411 3038 2447; x_wconf 65' lang='lat' dir='ltr'>‘t</span> <span class='ocrx_word' id='word_1_387' title='bbox 3069 2416 3426 2483; x_wconf 87' lang='lat' dir='ltr'>sacerdotes,</span> <span class='ocrx_word' id='word_1_388' title='bbox 3477 2434 3661 2489; x_wconf 89' lang='lat' dir='ltr'>quam</span> <span class='ocrx_word' id='word_1_389' title='bbox 3703 2422 3919 2494; x_wconf 88' lang='lat' dir='ltr'>reliqui</span> 
     </span>
    </p>
   </div>
   <div class='ocr_carea' id='block_1_54' title="bbox 2260 2497 3919 2568">
    <p class='ocr_par' dir='ltr' id='par_1_54' title="bbox 2260 2497 3919 2568">
     <span class='ocr_line' id='line_1_54' title="bbox 2260 2497 3919 2568; baseline 0.01 -17"><span class='ocrx_word' id='word_1_390' title='bbox 2260 2497 2461 2553; x_wconf 85' lang='lat' dir='ltr'>ﬁdeles</span> <span class='ocrx_word' id='word_1_391' title='bbox 2486 2514 2709 2565; x_wconf 87' lang='lat' dir='ltr'>omnes,</span> <span class='ocrx_word' id='word_1_392' title='bbox 2726 2515 3023 2556; x_wconf 89' lang='lat' dir='ltr'>summam</span> <span class='ocrx_word' id='word_1_393' title='bbox 3036 2518 3238 2559; x_wconf 88' lang='lat' dir='ltr'>curam</span> <span class='ocrx_word' id='word_1_394' title='bbox 3260 2504 3476 2562; x_wconf 84' lang='lat' dir='ltr'>habere</span> <span class='ocrx_word' id='word_1_395' title='bbox 3497 2508 3719 2565; x_wconf 87' lang='lat' dir='ltr'>debent</span> <span class='ocrx_word' id='word_1_396' title='bbox 3742 2512 3814 2568; x_wconf 91' lang='lat' dir='ltr'>de</span> <span class='ocrx_word' id='word_1_397' title='bbox 3828 2512 3919 2568; x_wconf 87' lang='lat' dir='ltr'>bis</span> 
     </span>
    </p>
   </div>
   <div class='ocr_carea' id='block_1_55' title="bbox 2262 2586 3919 2667">
    <p class='ocr_par' dir='ltr' id='par_1_55' title="bbox 2262 2586 3919 2667">
     <span class='ocr_line' id='line_1_55' title="bbox 2262 2586 3919 2667; baseline 0.01 -27"><span class='ocrx_word' id='word_1_398' title='bbox 2262 2586 2360 2658; x_wconf 92' lang='lat' dir='ltr'>qui</span> <span class='ocrx_word' id='word_1_399' title='bbox 2394 2591 2659 2658; x_wconf 90' lang='lat' dir='ltr'>pereunt,</span> <span class='ocrx_word' id='word_1_400' title='bbox 2691 2593 2983 2659; x_wconf 88' lang='lat' dir='ltr'>quatenus</span> <span class='ocrx_word' id='word_1_401' title='bbox 3012 2607 3215 2648; x_wconf 86' lang='lat' dir='ltr'>eorum</span> <span class='ocrx_word' id='word_1_402' title='bbox 3236 2594 3653 2667; x_wconf 83' lang='lat' dir='ltr'>redargutione</span> <span class='ocrx_word' id='word_1_403' title='bbox 3674 2604 3782 2656; x_wconf 89' lang='lat' dir='ltr'>aut</span> <span class='ocrx_word' id='word_1_404' title='bbox 3799 2618 3919 2656; x_wconf 56' lang='lat' dir='ltr'>coro</span> 
     </span>
    </p>
   </div>
   <div class='ocr_carea' id='block_1_56' title="bbox 2261 2676 3915 2761">
    <p class='ocr_par' dir='ltr' id='par_1_56' title="bbox 2261 2676 3915 2761">
     <span class='ocr_line' id='line_1_56' title="bbox 2261 2676 3915 2761; baseline 0.011 -32"><span class='ocrx_word' id='word_1_405' title='bbox 2261 2676 2527 2748; x_wconf 89' lang='lat' dir='ltr'>rigantur</span> <span class='ocrx_word' id='word_1_406' title='bbox 2556 2694 2589 2732; x_wconf 92' lang='lat' dir='ltr'>a</span> <span class='ocrx_word' id='word_1_407' title='bbox 2620 2678 2891 2748; x_wconf 88' lang='lat' dir='ltr'>peccatis,</span> <span class='ocrx_word' id='word_1_408' title='bbox 2925 2683 3048 2744; x_wconf 89' lang='lat' dir='ltr'>aut,</span> <span class='ocrx_word' id='word_1_409' title='bbox 3076 2681 3125 2735; x_wconf 90' lang='lat' dir='ltr'>si</span> <span class='ocrx_word' id='word_1_410' title='bbox 3155 2681 3587 2756; x_wconf 85' lang='lat' dir='ltr'>incorrigibiles</span> <span class='ocrx_word' id='word_1_411' title='bbox 3625 2706 3915 2761; x_wconf 86' lang='lat' dir='ltr'>apparue-</span> 
     </span>
    </p>
   </div>
   <div class='ocr_carea' id='block_1_57' title="bbox 2260 2765 3194 2839">
    <p class='ocr_par' dir='ltr' id='par_1_57' title="bbox 2260 2765 3194 2839">
     <span class='ocr_line' id='line_1_57' title="bbox 2260 2765 3194 2839; baseline 0.005 -19"><span class='ocrx_word' id='word_1_412' title='bbox 2260 2766 2399 2832; x_wconf 89' lang='lat' dir='ltr'>rint,</span> <span class='ocrx_word' id='word_1_413' title='bbox 2440 2765 2513 2821; x_wconf 91' lang='lat' dir='ltr'>ab</span> <span class='ocrx_word' id='word_1_414' title='bbox 2543 2765 2802 2822; x_wconf 90' lang='lat' dir='ltr'>Ecclesia</span> <span class='ocrx_word' id='word_1_415' title='bbox 2828 2773 3194 2839; x_wconf 88' lang='lat' dir='ltr'>separentur.</span> 
     </span>
    </p>
   </div>
   <div class='ocr_carea' id='block_1_58' title="bbox 2329 2874 3916 2949">
    <p class='ocr_par' dir='ltr' id='par_1_58' title="bbox 2329 2874 3916 2949">
     <span class='ocr_line' id='line_1_58' title="bbox 2329 2874 3916 2949; baseline 0.01 -23"><span class='ocrx_word' id='word_1_416' title='bbox 2329 2874 2374 2908; x_wconf 64' lang='lat'>‘5</span> <span class='ocrx_word' id='word_1_417' title='bbox 2402 2877 2489 2928; x_wconf 84' lang='lat' dir='ltr'>Ita</span> <span class='ocrx_word' id='word_1_418' title='bbox 2518 2889 2654 2945; x_wconf 87' lang='lat' dir='ltr'>ergo</span> <span class='ocrx_word' id='word_1_419' title='bbox 2675 2874 2719 2909; x_wconf 77' lang='grc'>⁴⁶</span> <span class='ocrx_word' id='word_1_420' title='bbox 2750 2874 2957 2929; x_wconf 89' lang='lat' dir='ltr'>beatus</span> <span class='ocrx_word' id='word_1_421' title='bbox 2989 2875 3262 2949; x_wconf 86' lang='lat' dir='ltr'>princeps</span> <span class='ocrx_word' id='word_1_422' title='bbox 3282 2879 3682 2949; x_wconf 88' lang='lat' dir='ltr'>apostolorum</span> <span class='ocrx_word' id='word_1_423' title='bbox 3702 2887 3916 2942; x_wconf 84' lang='lat' dir='ltr'>Petrus</span> 
     </span>
    </p>
   </div>
   <div class='ocr_carea' id='block_1_59' title="bbox 2258 2962 3915 3043">
    <p class='ocr_par' dir='ltr' id='par_1_59' title="bbox 2258 2962 3915 3043">
     <span class='ocr_line' id='line_1_59' title="bbox 2258 2962 3915 3043; baseline 0.008 -26"><span class='ocrx_word' id='word_1_424' title='bbox 2258 2962 2330 3017; x_wconf 92' lang='lat' dir='ltr'>de</span> <span class='ocrx_word' id='word_1_425' title='bbox 2361 2966 2560 3017; x_wconf 86' lang='lat' dir='ltr'>sancto</span> <span class='ocrx_word' id='word_1_426' title='bbox 2592 2962 3016 3033; x_wconf 82' lang='lat' dir='ltr'>praedecessore</span> <span class='ocrx_word' id='word_1_427' title='bbox 3044 2969 3242 3021; x_wconf 89' lang='lat' dir='ltr'>nostro</span> <span class='ocrx_word' id='word_1_428' title='bbox 3289 2966 3588 3025; x_wconf 86' lang='lat' dir='ltr'>Clemente</span> <span class='ocrx_word' id='word_1_429' title='bbox 3636 2971 3915 3043; x_wconf 88' lang='lat' dir='ltr'>plebibus</span> 
     </span>
    </p>
   </div>
   <div class='ocr_carea' id='block_1_60' title="bbox 2260 3051 3915 3129">
    <p class='ocr_par' dir='ltr' id='par_1_60' title="bbox 2260 3051 3915 3129">
     <span class='ocr_line' id='line_1_60' title="bbox 2260 3051 3915 3129; baseline 0.008 -25"><span class='ocrx_word' id='word_1_430' title='bbox 2260 3051 2648 3123; x_wconf 68' lang='lat' dir='ltr'>praedicando,</span> <span class='ocrx_word' id='word_1_431' title='bbox 2683 3051 2915 3122; x_wconf 89' lang='lat' dir='ltr'>quando</span> <span class='ocrx_word' id='word_1_432' title='bbox 2946 3052 3194 3109; x_wconf 90' lang='lat' dir='ltr'>docebat</span> <span class='ocrx_word' id='word_1_433' title='bbox 3222 3072 3321 3111; x_wconf 89' lang='lat' dir='ltr'>eas</span> <span class='ocrx_word' id='word_1_434' title='bbox 3369 3057 3623 3129; x_wconf 89' lang='lat' dir='ltr'>qualiter</span> <span class='ocrx_word' id='word_1_435' title='bbox 3668 3060 3721 3115; x_wconf 86' lang='lat' dir='ltr'>si</span> <span class='ocrx_word' id='word_1_436' title='bbox 3774 3063 3915 3119; x_wconf 81' lang='lat' dir='ltr'>obe-</span> 
     </span>
    </p>
   </div>
   <div class='ocr_carea' id='block_1_61' title="bbox 2261 3140 3918 3212">
    <p class='ocr_par' dir='ltr' id='par_1_61' title="bbox 2261 3140 3918 3212">
     <span class='ocr_line' id='line_1_61' title="bbox 2261 3140 3918 3212; baseline 0.008 -18"><span class='ocrx_word' id='word_1_437' title='bbox 2261 3141 2385 3195; x_wconf 91' lang='lat' dir='ltr'>dire</span> <span class='ocrx_word' id='word_1_438' title='bbox 2438 3140 2734 3208; x_wconf 89' lang='lat' dir='ltr'>deberent,</span> <span class='ocrx_word' id='word_1_439' title='bbox 2775 3156 3030 3212; x_wconf 88' lang='lat' dir='ltr'>eumque</span> <span class='ocrx_word' id='word_1_440' title='bbox 3087 3143 3416 3212; x_wconf 85' lang='lat' dir='ltr'>observare,</span> <span class='ocrx_word' id='word_1_441' title='bbox 3488 3146 3641 3203; x_wconf 89' lang='lat' dir='ltr'>inter</span> <span class='ocrx_word' id='word_1_442' title='bbox 3708 3155 3918 3208; x_wconf 60' lang='lat' dir='ltr'>cratera</span> 
     </span>
    </p>
   </div>
   <div class='ocr_carea' id='block_1_62' title="bbox 502 3225 3914 3339">
    <p class='ocr_par' dir='ltr' id='par_1_62' title="bbox 502 3225 3914 3339">
     <span class='ocr_line' id='line_1_62' title="bbox 502 3225 3914 3339; baseline 0.003 -53"><span class='ocrx_word' id='word_1_443' title='bbox 502 3231 588 3287; x_wconf 91' lang='lat' dir='ltr'>illi</span> <span class='ocrx_word' id='word_1_444' title='bbox 621 3228 957 3301; x_wconf 90' lang='lat' dir='ltr'>manipulos</span> <span class='ocrx_word' id='word_1_445' title='bbox 986 3232 1371 3299; x_wconf 86' lang='lat' dir='ltr'>reportemus,</span> <span class='ocrx_word' id='word_1_446' title='bbox 1405 3230 1751 3298; x_wconf 90' lang='lat' dir='ltr'>cooperante</span> <span class='ocrx_word' id='word_1_447' title='bbox 1781 3225 1969 3296; x_wconf 87' lang='lat' dir='ltr'>gratia</span> <span class='ocrx_word' id='word_1_448' title='bbox 1998 3227 2145 3297; x_wconf 88' lang='lat' dir='ltr'>ejus.</span> <span class='ocrx_word' id='word_1_449' title='bbox 2179 3271 2222 3339; x_wconf 63' lang='grc' dir='ltr'>ϐ</span> <span class='ocrx_word' id='word_1_450' title='bbox 2260 3230 2342 3284; x_wconf 88' lang='lat' dir='ltr'>ait</span> <span class='ocrx_word' id='word_1_451' title='bbox 2365 3230 2408 3263; x_wconf 72' lang='lat'>‘7</span> <span class='ocrx_word' id='word_1_452' title='bbox 2444 3252 2466 3277; x_wconf 73' lang='grc' dir='ltr'>ι</span> <span class='ocrx_word' id='word_1_453' title='bbox 2499 3229 2555 3282; x_wconf 89' lang='lat' dir='ltr'>Si</span> <span class='ocrx_word' id='word_1_454' title='bbox 2614 3228 2892 3285; x_wconf 91' lang='lat' dir='ltr'>inimicus</span> <span class='ocrx_word' id='word_1_455' title='bbox 2947 3235 3037 3285; x_wconf 89' lang='lat' dir='ltr'>est</span> <span class='ocrx_word' id='word_1_456' title='bbox 3091 3229 3263 3287; x_wconf 85' lang='lat' dir='ltr'>alicui</span> <span class='ocrx_word' id='word_1_457' title='bbox 3316 3250 3421 3305; x_wconf 88' lang='lat' dir='ltr'>pro</span> <span class='ocrx_word' id='word_1_458' title='bbox 3477 3236 3710 3293; x_wconf 89' lang='lat' dir='ltr'>actibus</span> <span class='ocrx_word' id='word_1_459' title='bbox 3762 3242 3914 3309; x_wconf 82' lang='lat' dir='ltr'>suis,</span> 
     </span>
     <span class='ocr_line' id='line_1_63' title="bbox 503 3314 3875 3339; baseline 0 0"><span class='ocrx_word' id='word_1_460' title='bbox 503 3320 548 3339; x_wconf 67' lang='lat' dir='ltr'>on</span> <span class='ocrx_word' id='word_1_461' title='bbox 578 3320 680 3339; x_wconf 33' lang='lat'>17-4</span> <span class='ocrx_word' id='word_1_462' title='bbox 704 3335 818 3339; x_wconf 49' lang='grc' dir='ltr'>Α---</span> <span class='ocrx_word' id='word_1_463' title='bbox 858 3322 939 3339; x_wconf 72' lang='grc' dir='ltr'>--ι</span> <span class='ocrx_word' id='word_1_464' title='bbox 978 3317 1122 3339; x_wconf 56' lang='grc' dir='ltr'>--ζμ</span> <span class='ocrx_word' id='word_1_465' title='bbox 1183 3321 1245 3339; x_wconf 71' lang='grc' dir='ltr'>--ι</span> <span class='ocrx_word' id='word_1_466' title='bbox 1269 3318 1516 3339; x_wconf 54' lang='grc' dir='ltr'>---ιιι-υ.-</span> <span class='ocrx_word' id='word_1_467' title='bbox 1551 3333 1574 3339; x_wconf 82' lang='lat'>..</span> <span class='ocrx_word' id='word_1_468' title='bbox 1615 3314 1866 3339; x_wconf 72' lang='lat' dir='ltr'>---LJ:J:_</span> <span class='ocrx_word' id='word_1_469' title='bbox 1898 3314 2110 3339; x_wconf 42' lang='lat'>12...“-..</span> <span class='ocrx_word' id='word_1_470' title='bbox 2260 3334 2357 3339; x_wconf 51' lang='grc' dir='ltr'>---Α</span> <span class='ocrx_word' id='word_1_471' title='bbox 2388 3317 2559 3339; x_wconf 55' lang='grc' dir='ltr'>μΑΙΞΑ-</span> <span class='ocrx_word' id='word_1_472' title='bbox 2598 3322 2920 3339; x_wconf 58' lang='lat' dir='ltr'>-__-_--A__-</span> <span class='ocrx_word' id='word_1_473' title='bbox 2978 3326 3034 3339; x_wconf 70' lang='grc' dir='ltr'>--Α</span> <span class='ocrx_word' id='word_1_474' title='bbox 3066 3320 3185 3339; x_wconf 59' lang='grc' dir='ltr'>ζ---</span> <span class='ocrx_word' id='word_1_475' title='bbox 3220 3320 3308 3339; x_wconf 61' lang='lat' dir='ltr'>_-_I</span> <span class='ocrx_word' id='word_1_476' title='bbox 3338 3320 3377 3339; x_wconf 44' lang='grc' dir='ltr'>ΒΑ</span> <span class='ocrx_word' id='word_1_477' title='bbox 3433 3322 3495 3339; x_wconf 63' lang='lat' dir='ltr'>II,</span> <span class='ocrx_word' id='word_1_478' title='bbox 3526 3326 3563 3339; x_wconf 67' lang='lat' dir='ltr'>,n</span> <span class='ocrx_word' id='word_1_479' title='bbox 3630 3328 3664 3339; x_wconf 69' lang='grc' dir='ltr'>ι·-</span> <span class='ocrx_word' id='word_1_480' title='bbox 3817 3327 3875 3339; x_wconf 74' lang='grc' dir='ltr'>ιη</span> 
     </span>
    </p>
   </div>
   <div class='ocr_carea' id='block_1_63' title="bbox 503 3314 2145 3382">
    <p class='ocr_par' dir='ltr' id='par_1_63' title="bbox 503 3314 2145 3382">
     <span class='ocr_line' id='line_1_64' title="bbox 503 3314 2145 3382; baseline -0.003 -7"><span class='ocrx_word' id='word_1_481' title='bbox 503 3320 549 3354; x_wconf 77' lang='grc'>²⁶</span> <span class='ocrx_word' id='word_1_482' title='bbox 578 3320 822 3375; x_wconf 88' lang='lat' dir='ltr'>Necesse</span> <span class='ocrx_word' id='word_1_483' title='bbox 853 3322 943 3373; x_wconf 91' lang='lat' dir='ltr'>est</span> <span class='ocrx_word' id='word_1_484' title='bbox 973 3317 1151 3382; x_wconf 88' lang='lat' dir='ltr'>enim,</span> <span class='ocrx_word' id='word_1_485' title='bbox 1183 3321 1248 3370; x_wconf 92' lang='lat' dir='ltr'>ut</span> <span class='ocrx_word' id='word_1_486' title='bbox 1269 3318 1518 3371; x_wconf 85' lang='lat' dir='ltr'>rectores</span> <span class='ocrx_word' id='word_1_487' title='bbox 1549 3333 1582 3370; x_wconf 90' lang='lat' dir='ltr'>a</span> <span class='ocrx_word' id='word_1_488' title='bbox 1614 3314 1867 3370; x_wconf 88' lang='lat' dir='ltr'>subditis</span> <span class='ocrx_word' id='word_1_489' title='bbox 1898 3314 2145 3370; x_wconf 89' lang='lat' dir='ltr'>timean-</span> 
     </span>
    </p>
   </div>
   <div class='ocr_carea' id='block_1_64' title="bbox 503 3404 2148 3479">
    <p class='ocr_par' dir='ltr' id='par_1_64' title="bbox 503 3404 2148 3479">
     <span class='ocr_line' id='line_1_65' title="bbox 503 3404 2148 3479; baseline -0.002 -16"><span class='ocrx_word' id='word_1_490' title='bbox 503 3414 619 3477; x_wconf 91' lang='lat' dir='ltr'>tur,</span> <span class='ocrx_word' id='word_1_491' title='bbox 652 3410 723 3463; x_wconf 92' lang='lat' dir='ltr'>ab</span> <span class='ocrx_word' id='word_1_492' title='bbox 754 3407 1015 3479; x_wconf 84' lang='lat' dir='ltr'>ipsisque</span> <span class='ocrx_word' id='word_1_493' title='bbox 1047 3406 1431 3477; x_wconf 73' lang='lat' dir='ltr'>(ori-igantur,</span> <span class='ocrx_word' id='word_1_494' title='bbox 1468 3409 1528 3459; x_wconf 89' lang='lat' dir='ltr'>ut</span> <span class='ocrx_word' id='word_1_495' title='bbox 1562 3405 1821 3459; x_wconf 88' lang='lat' dir='ltr'>humana</span> <span class='ocrx_word' id='word_1_496' title='bbox 1840 3404 2148 3460; x_wconf 86' lang='lat' dir='ltr'>formidine</span> 
     </span>
    </p>
   </div>
   <div class='ocr_carea' id='block_1_65' title="bbox 507 3493 2145 3569">
    <p class='ocr_par' dir='ltr' id='par_1_65' title="bbox 507 3493 2145 3569">
     <span class='ocr_line' id='line_1_66' title="bbox 507 3493 2145 3569; baseline -0.002 -17"><span class='ocrx_word' id='word_1_497' title='bbox 507 3513 744 3569; x_wconf 89' lang='lat' dir='ltr'>peccare</span> <span class='ocrx_word' id='word_1_498' title='bbox 773 3500 1056 3565; x_wconf 88' lang='lat' dir='ltr'>metuant,</span> <span class='ocrx_word' id='word_1_499' title='bbox 1091 3494 1189 3565; x_wconf 90' lang='lat' dir='ltr'>qui</span> <span class='ocrx_word' id='word_1_500' title='bbox 1219 3494 1411 3549; x_wconf 88' lang='lat' dir='ltr'>divina</span> <span class='ocrx_word' id='word_1_501' title='bbox 1434 3493 1658 3563; x_wconf 89' lang='lat' dir='ltr'>judicia</span> <span class='ocrx_word' id='word_1_502' title='bbox 1674 3510 1789 3549; x_wconf 90' lang='lat' dir='ltr'>non</span> <span class='ocrx_word' id='word_1_503' title='bbox 1810 3494 2145 3550; x_wconf 87' lang='lat' dir='ltr'>formidant.</span> 
     </span>
    </p>
   </div>
   <div class='ocr_carea' id='block_1_66' title="bbox 507 3583 2148 3656">
    <p class='ocr_par' dir='ltr' id='par_1_66' title="bbox 507 3583 2148 3656">
     <span class='ocr_line' id='line_1_67' title="bbox 507 3583 2148 3656; baseline -0.004 -12"><span class='ocrx_word' id='word_1_504' title='bbox 507 3588 550 3622; x_wconf 62' lang='grc'>³⁷</span> <span class='ocrx_word' id='word_1_505' title='bbox 582 3586 909 3643; x_wconf 89' lang='lat' dir='ltr'>Deteriores</span> <span class='ocrx_word' id='word_1_506' title='bbox 938 3586 1153 3656; x_wconf 89' lang='lat' dir='ltr'>quippe</span> <span class='ocrx_word' id='word_1_507' title='bbox 1182 3588 1342 3650; x_wconf 87' lang='lat' dir='ltr'>sunt,</span> <span class='ocrx_word' id='word_1_508' title='bbox 1364 3583 1464 3654; x_wconf 91' lang='lat' dir='ltr'>qui</span> <span class='ocrx_word' id='word_1_509' title='bbox 1493 3583 1795 3638; x_wconf 90' lang='lat' dir='ltr'>doctorum</span> <span class='ocrx_word' id='word_1_510' title='bbox 1819 3583 1995 3638; x_wconf 89' lang='lat' dir='ltr'>vitam</span> <span class='ocrx_word' id='word_1_511' title='bbox 2029 3600 2148 3639; x_wconf 91' lang='lat' dir='ltr'>mo-</span> 
     </span>
    </p>
   </div>
   <div class='ocr_carea' id='block_1_67' title="bbox 508 3671 2143 3747">
    <p class='ocr_par' dir='ltr' id='par_1_67' title="bbox 508 3671 2143 3747">
     <span class='ocr_line' id='line_1_68' title="bbox 508 3671 2143 3747; baseline -0.001 -15"><span class='ocrx_word' id='word_1_512' title='bbox 508 3692 717 3747; x_wconf 90' lang='lat' dir='ltr'>resque</span> <span class='ocrx_word' id='word_1_513' title='bbox 746 3677 1147 3744; x_wconf 90' lang='lat' dir='ltr'>corrumpunt,</span> <span class='ocrx_word' id='word_1_514' title='bbox 1206 3671 1297 3726; x_wconf 91' lang='lat' dir='ltr'>his</span> <span class='ocrx_word' id='word_1_515' title='bbox 1347 3672 1445 3743; x_wconf 90' lang='lat' dir='ltr'>qui</span> <span class='ocrx_word' id='word_1_516' title='bbox 1495 3671 1855 3727; x_wconf 89' lang='lat' dir='ltr'>substantias</span> <span class='ocrx_word' id='word_1_517' title='bbox 1897 3672 2143 3730; x_wconf 90' lang='lat' dir='ltr'>aliorum</span> 
     </span>
    </p>
   </div>
   <div class='ocr_carea' id='block_1_68' title="bbox 500 3759 2145 3838">
    <p class='ocr_par' dir='ltr' id='par_1_68' title="bbox 500 3759 2145 3838">
     <span class='ocr_line' id='line_1_69' title="bbox 500 3759 2145 3838; baseline -0.002 -17"><span class='ocrx_word' id='word_1_518' title='bbox 500 3764 833 3838; x_wconf 68' lang='lat' dir='ltr'>praediaque</span> <span class='ocrx_word' id='word_1_519' title='bbox 860 3763 904 3797; x_wconf 68' lang='lat'>’3</span> <span class='ocrx_word' id='word_1_520' title='bbox 935 3761 1237 3832; x_wconf 90' lang='lat' dir='ltr'>diripiunt.</span> <span class='ocrx_word' id='word_1_521' title='bbox 1278 3760 1388 3831; x_wconf 89' lang='lat' dir='ltr'>Ipsi</span> <span class='ocrx_word' id='word_1_522' title='bbox 1419 3759 1574 3814; x_wconf 90' lang='lat' dir='ltr'>enim</span> <span class='ocrx_word' id='word_1_523' title='bbox 1607 3761 1653 3795; x_wconf 62' lang='lat'>99</span> <span class='ocrx_word' id='word_1_524' title='bbox 1701 3777 1769 3815; x_wconf 88' lang='lat' dir='ltr'>ea</span> <span class='ocrx_word' id='word_1_525' title='bbox 1814 3778 1940 3832; x_wconf 72' lang='lat' dir='ltr'>quae</span> <span class='ocrx_word' id='word_1_526' title='bbox 1985 3768 2145 3819; x_wconf 83' lang='lat' dir='ltr'>extra</span> 
     </span>
    </p>
   </div>
   <div class='ocr_carea' id='block_1_69' title="bbox 499 3848 2143 3918">
    <p class='ocr_par' dir='ltr' id='par_1_69' title="bbox 499 3848 2143 3918">
     <span class='ocr_line' id='line_1_70' title="bbox 499 3848 2143 3918; baseline -0.001 -10"><span class='ocrx_word' id='word_1_527' title='bbox 499 3871 628 3911; x_wconf 90' lang='lat' dir='ltr'>nos.</span> <span class='ocrx_word' id='word_1_528' title='bbox 662 3852 795 3907; x_wconf 90' lang='lat' dir='ltr'>licet</span> <span class='ocrx_word' id='word_1_529' title='bbox 825 3855 1026 3906; x_wconf 90' lang='lat' dir='ltr'>nostra</span> <span class='ocrx_word' id='word_1_530' title='bbox 1058 3853 1217 3918; x_wconf 88' lang='lat' dir='ltr'>sunt,</span> <span class='ocrx_word' id='word_1_531' title='bbox 1267 3849 1580 3904; x_wconf 88' lang='lat' dir='ltr'>auferunt:</span> <span class='ocrx_word' id='word_1_532' title='bbox 1641 3848 1825 3904; x_wconf 90' lang='lat' dir='ltr'>nostri</span> <span class='ocrx_word' id='word_1_533' title='bbox 1872 3854 2067 3906; x_wconf 90' lang='lat' dir='ltr'>autem</span> <span class='ocrx_word' id='word_1_534' title='bbox 2099 3852 2143 3887; x_wconf 81' lang='grc' dir='ltr'>³ο</span> 
     </span>
    </p>
   </div>
   <div class='ocr_carea' id='block_1_70' title="bbox 493 3940 2140 4008">
    <p class='ocr_par' dir='ltr' id='par_1_70' title="bbox 493 3940 2140 4008">
     <span class='ocr_line' id='line_1_71' title="bbox 493 3940 2140 4008; baseline -0.001 -10"><span class='ocrx_word' id='word_1_535' title='bbox 493 3944 870 4006; x_wconf 87' lang='lat' dir='ltr'>detractores,</span> <span class='ocrx_word' id='word_1_536' title='bbox 898 3944 955 3995; x_wconf 89' lang='lat' dir='ltr'>et</span> <span class='ocrx_word' id='word_1_537' title='bbox 988 3954 1219 3994; x_wconf 89' lang='lat' dir='ltr'>morum</span> <span class='ocrx_word' id='word_1_538' title='bbox 1243 3940 1613 4008; x_wconf 89' lang='lat' dir='ltr'>corruptores</span> <span class='ocrx_word' id='word_1_539' title='bbox 1644 3942 2001 4007; x_wconf 88' lang='lat' dir='ltr'>nostrorum,</span> <span class='ocrx_word' id='word_1_540' title='bbox 2021 3940 2140 3996; x_wconf 88' lang='lat' dir='ltr'>sive</span> 
     </span>
    </p>
   </div>
   <div class='ocr_carea' id='block_1_71' title="bbox 496 4026 2139 4103">
    <p class='ocr_par' dir='ltr' id='par_1_71' title="bbox 496 4026 2139 4103">
     <span class='ocr_line' id='line_1_72' title="bbox 496 4026 2139 4103; baseline -0.002 -17"><span class='ocrx_word' id='word_1_541' title='bbox 496 4031 595 4103; x_wconf 92' lang='lat' dir='ltr'>qui</span> <span class='ocrx_word' id='word_1_542' title='bbox 627 4031 907 4085; x_wconf 85' lang='lat' dir='ltr'>adversus</span> <span class='ocrx_word' id='word_1_543' title='bbox 940 4044 1045 4082; x_wconf 90' lang='lat' dir='ltr'>nos</span> <span class='ocrx_word' id='word_1_544' title='bbox 1075 4031 1403 4095; x_wconf 89' lang='lat' dir='ltr'>armantur,</span> <span class='ocrx_word' id='word_1_545' title='bbox 1432 4026 1662 4097; x_wconf 82' lang='lat' dir='ltr'>proprie</span> <span class='ocrx_word' id='word_1_546' title='bbox 1712 4044 1817 4083; x_wconf 91' lang='lat' dir='ltr'>nos</span> <span class='ocrx_word' id='word_1_547' title='bbox 1850 4027 2007 4099; x_wconf 92' lang='lat' dir='ltr'>ipsos</span> <span class='ocrx_word' id='word_1_548' title='bbox 2039 4029 2139 4083; x_wconf 88' lang='lat' dir='ltr'>de-</span> 
     </span>
    </p>
   </div>
   <div class='ocr_carea' id='block_1_72' title="bbox 493 4115 2135 4191">
    <p class='ocr_par' dir='ltr' id='par_1_72' title="bbox 493 4115 2135 4191">
     <span class='ocr_line' id='line_1_73' title="bbox 493 4115 2135 4191; baseline -0.001 -16"><span class='ocrx_word' id='word_1_549' title='bbox 493 4124 739 4191; x_wconf 90' lang='lat' dir='ltr'>cerpunt</span> <span class='ocrx_word' id='word_1_550' title='bbox 768 4120 835 4173; x_wconf 71' lang='lat'>3‘.</span> <span class='ocrx_word' id='word_1_551' title='bbox 866 4120 933 4174; x_wconf 90' lang='lat' dir='ltr'>Et</span> <span class='ocrx_word' id='word_1_552' title='bbox 962 4118 1090 4174; x_wconf 89' lang='lat' dir='ltr'>ideo</span> <span class='ocrx_word' id='word_1_553' title='bbox 1116 4118 1275 4187; x_wconf 85' lang='lat' dir='ltr'>juste</span> <span class='ocrx_word' id='word_1_554' title='bbox 1298 4115 1545 4170; x_wconf 86' lang='lat' dir='ltr'>infames</span> <span class='ocrx_word' id='word_1_555' title='bbox 1572 4121 1733 4181; x_wconf 86' lang='lat' dir='ltr'>sunt,</span> <span class='ocrx_word' id='word_1_556' title='bbox 1755 4120 1811 4172; x_wconf 91' lang='lat' dir='ltr'>et</span> <span class='ocrx_word' id='word_1_557' title='bbox 1834 4117 2040 4172; x_wconf 90' lang='lat' dir='ltr'>merito</span> <span class='ocrx_word' id='word_1_558' title='bbox 2064 4118 2135 4173; x_wconf 90' lang='lat' dir='ltr'>ab</span> 
     </span>
    </p>
   </div>
   <div class='ocr_carea' id='block_1_73' title="bbox 491 4204 2131 4279">
    <p class='ocr_par' dir='ltr' id='par_1_73' title="bbox 491 4204 2131 4279">
     <span class='ocr_line' id='line_1_74' title="bbox 491 4204 2131 4279; baseline -0.001 -16"><span class='ocrx_word' id='word_1_559' title='bbox 491 4207 746 4263; x_wconf 89' lang='lat' dir='ltr'>Ecclesia</span> <span class='ocrx_word' id='word_1_560' title='bbox 776 4212 1031 4263; x_wconf 83' lang='lat' dir='ltr'>extorres</span> <span class='ocrx_word' id='word_1_561' title='bbox 1062 4206 1229 4260; x_wconf 82' lang='lat' dir='ltr'>fiunt.</span> <span class='ocrx_word' id='word_1_562' title='bbox 1261 4205 1306 4239; x_wconf 80' lang='grc'>³²</span> <span class='ocrx_word' id='word_1_563' title='bbox 1336 4209 1445 4259; x_wconf 89' lang='lat' dir='ltr'>Pro</span> <span class='ocrx_word' id='word_1_564' title='bbox 1475 4204 1701 4260; x_wconf 91' lang='lat' dir='ltr'>meritis</span> <span class='ocrx_word' id='word_1_565' title='bbox 1730 4222 1867 4278; x_wconf 89' lang='lat' dir='ltr'>ergo</span> <span class='ocrx_word' id='word_1_566' title='bbox 1925 4206 2131 4279; x_wconf 88' lang='lat' dir='ltr'>plebis,</span> 
     </span>
    </p>
   </div>
   <div class='ocr_carea' id='block_1_74' title="bbox 491 4292 2134 4369">
    <p class='ocr_par' dir='ltr' id='par_1_74' title="bbox 491 4292 2134 4369">
     <span class='ocr_line' id='line_1_75' title="bbox 491 4292 2134 4369; baseline -0.001 -17"><span class='ocrx_word' id='word_1_567' title='bbox 491 4314 643 4369; x_wconf 68' lang='lat' dir='ltr'>saepe</span> <span class='ocrx_word' id='word_1_568' title='bbox 672 4300 935 4369; x_wconf 90' lang='lat' dir='ltr'>pastores</span> <span class='ocrx_word' id='word_1_569' title='bbox 964 4293 1358 4366; x_wconf 84' lang='lat' dir='ltr'>depravantur</span> <span class='ocrx_word' id='word_1_570' title='bbox 1387 4292 1677 4361; x_wconf 70' lang='lat' dir='ltr'>Ecclesiae,</span> <span class='ocrx_word' id='word_1_571' title='bbox 1711 4298 1775 4348; x_wconf 88' lang='lat' dir='ltr'>ut</span> <span class='ocrx_word' id='word_1_572' title='bbox 1820 4295 2134 4366; x_wconf 89' lang='lat' dir='ltr'>proclivius</span> 
     </span>
    </p>
   </div>
   <div class='ocr_carea' id='block_1_75' title="bbox 487 4382 2130 4457">
    <p class='ocr_par' dir='ltr' id='par_1_75' title="bbox 487 4382 2130 4457">
     <span class='ocr_line' id='line_1_76' title="bbox 487 4382 2130 4457; baseline -0.001 -15"><span class='ocrx_word' id='word_1_573' title='bbox 487 4391 764 4443; x_wconf 89' lang='lat' dir='ltr'>corruant</span> <span class='ocrx_word' id='word_1_574' title='bbox 822 4385 921 4457; x_wconf 92' lang='lat' dir='ltr'>qui</span> <span class='ocrx_word' id='word_1_575' title='bbox 979 4388 1284 4455; x_wconf 89' lang='lat' dir='ltr'>sequntur.</span> <span class='ocrx_word' id='word_1_576' title='bbox 1334 4382 1532 4454; x_wconf 88' lang='lat' dir='ltr'>Capite</span> <span class='ocrx_word' id='word_1_577' title='bbox 1580 4382 1848 4439; x_wconf 89' lang='lat' dir='ltr'>videlicet</span> <span class='ocrx_word' id='word_1_578' title='bbox 1892 4383 2130 4457; x_wconf 85' lang='lat' dir='ltr'>langue-</span> 
     </span>
    </p>
   </div>
   <div class='ocr_carea' id='block_1_76' title="bbox 482 4472 2127 4544">
    <p class='ocr_par' dir='ltr' id='par_1_76' title="bbox 482 4472 2127 4544">
     <span class='ocr_line' id='line_1_77' title="bbox 482 4472 2127 4544; baseline -0.002 -11"><span class='ocrx_word' id='word_1_579' title='bbox 482 4474 937 4542; x_wconf 87' lang='lat' dir='ltr'>scente,faeilius</span> <span class='ocrx_word' id='word_1_580' title='bbox 960 4473 1186 4544; x_wconf 88' lang='lat' dir='ltr'>reliqua</span> <span class='ocrx_word' id='word_1_581' title='bbox 1208 4473 1469 4528; x_wconf 86' lang='lat' dir='ltr'>membra</span> <span class='ocrx_word' id='word_1_582' title='bbox 1489 4472 1747 4543; x_wconf 92' lang='lat' dir='ltr'>corporis</span> <span class='ocrx_word' id='word_1_583' title='bbox 1764 4473 2127 4544; x_wconf 84' lang='lat' dir='ltr'>inficiuntur,</span> 
     </span>
    </p>
   </div>
   <div class='ocr_carea' id='block_1_77' title="bbox 480 4561 2128 4637">
    <p class='ocr_par' dir='ltr' id='par_1_77' title="bbox 480 4561 2128 4637">
     <span class='ocr_line' id='line_1_78' title="bbox 480 4561 2128 4637; baseline -0.002 -15"><span class='ocrx_word' id='word_1_584' title='bbox 480 4572 547 4623; x_wconf 90' lang='lat' dir='ltr'>ut</span> <span class='ocrx_word' id='word_1_585' title='bbox 575 4566 862 4637; x_wconf 88' lang='lat' dir='ltr'>scriptum</span> <span class='ocrx_word' id='word_1_586' title='bbox 894 4566 1017 4618; x_wconf 88' lang='lat' dir='ltr'>est:</span> <span class='ocrx_word' id='word_1_587' title='bbox 1063 4562 1230 4617; x_wconf 87' lang='lat' dir='ltr'>Omne</span> <span class='ocrx_word' id='word_1_588' title='bbox 1278 4568 1444 4633; x_wconf 85' lang='lat' dir='ltr'>caput</span> <span class='ocrx_word' id='word_1_589' title='bbox 1488 4561 1832 4633; x_wconf 85' lang='lat' dir='ltr'>languidum,</span> <span class='ocrx_word' id='word_1_590' title='bbox 1869 4571 1920 4617; x_wconf 85' lang='lat' dir='ltr'>et</span> <span class='ocrx_word' id='word_1_591' title='bbox 1965 4580 2128 4619; x_wconf 90' lang='lat' dir='ltr'>omne</span> 
     </span>
    </p>
   </div>
   <div class='ocr_carea' id='block_1_78' title="bbox 2260 3317 3916 3390">
    <p class='ocr_par' dir='ltr' id='par_1_78' title="bbox 2260 3317 3916 3390">
     <span class='ocr_line' id='line_1_79' title="bbox 2260 3317 3916 3390; baseline 0.007 -18"><span class='ocrx_word' id='word_1_592' title='bbox 2260 3334 2359 3373; x_wconf 92' lang='lat' dir='ltr'>vos</span> <span class='ocrx_word' id='word_1_593' title='bbox 2388 3317 2565 3372; x_wconf 87' lang='lat' dir='ltr'>nolite</span> <span class='ocrx_word' id='word_1_594' title='bbox 2593 3322 2946 3388; x_wconf 83' lang='lat' dir='ltr'>exspectare,</span> <span class='ocrx_word' id='word_1_595' title='bbox 2977 3326 3039 3374; x_wconf 87' lang='lat' dir='ltr'>ut</span> <span class='ocrx_word' id='word_1_596' title='bbox 3066 3320 3192 3390; x_wconf 88' lang='lat' dir='ltr'>ipse</span> <span class='ocrx_word' id='word_1_597' title='bbox 3219 3320 3387 3376; x_wconf 90' lang='lat' dir='ltr'>vobis</span> <span class='ocrx_word' id='word_1_598' title='bbox 3416 3322 3591 3378; x_wconf 86' lang='lat' dir='ltr'>dicat.</span> <span class='ocrx_word' id='word_1_599' title='bbox 3625 3328 3771 3381; x_wconf 87' lang='lat' dir='ltr'>Cum</span> <span class='ocrx_word' id='word_1_600' title='bbox 3813 3327 3916 3384; x_wconf 86' lang='lat' dir='ltr'>illo</span> 
     </span>
    </p>
   </div>
   <div class='ocr_carea' id='block_1_79' title="bbox 2260 3406 3914 3487">
    <p class='ocr_par' dir='ltr' id='par_1_79' title="bbox 2260 3406 3914 3487">
     <span class='ocr_line' id='line_1_80' title="bbox 2260 3406 3914 3487; baseline 0.007 -26"><span class='ocrx_word' id='word_1_601' title='bbox 2260 3406 2435 3462; x_wconf 88' lang='lat' dir='ltr'>nolite</span> <span class='ocrx_word' id='word_1_602' title='bbox 2456 3406 2626 3461; x_wconf 89' lang='lat' dir='ltr'>amici</span> <span class='ocrx_word' id='word_1_603' title='bbox 2659 3423 2788 3462; x_wconf 90' lang='lat' dir='ltr'>esse</span> <span class='ocrx_word' id='word_1_604' title='bbox 2812 3424 2825 3461; x_wconf 91' lang='lat'><strong>:</strong></span> <span class='ocrx_word' id='word_1_605' title='bbox 2859 3407 2959 3462; x_wconf 90' lang='lat' dir='ltr'>sed</span> <span class='ocrx_word' id='word_1_606' title='bbox 2983 3407 3301 3479; x_wconf 88' lang='lat' dir='ltr'>prudenter</span> <span class='ocrx_word' id='word_1_607' title='bbox 3320 3410 3632 3469; x_wconf 87' lang='lat' dir='ltr'>observare</span> <span class='ocrx_word' id='word_1_608' title='bbox 3658 3415 3914 3487; x_wconf 82' lang='lat' dir='ltr'>debetis,</span> 
     </span>
    </p>
   </div>
   <div class='ocr_carea' id='block_1_80' title="bbox 2258 3494 3915 3567">
    <p class='ocr_par' dir='ltr' id='par_1_80' title="bbox 2258 3494 3915 3567">
     <span class='ocr_line' id='line_1_81' title="bbox 2258 3494 3915 3567; baseline 0.007 -18"><span class='ocrx_word' id='word_1_609' title='bbox 2258 3500 2315 3550; x_wconf 91' lang='lat' dir='ltr'>et</span> <span class='ocrx_word' id='word_1_610' title='bbox 2342 3494 2630 3550; x_wconf 88' lang='lat' dir='ltr'>voluntati</span> <span class='ocrx_word' id='word_1_611' title='bbox 2660 3496 2789 3564; x_wconf 88' lang='lat' dir='ltr'>ejus</span> <span class='ocrx_word' id='word_1_612' title='bbox 2834 3496 3056 3567; x_wconf 90' lang='lat' dir='ltr'>absque</span> <span class='ocrx_word' id='word_1_613' title='bbox 3110 3498 3566 3555; x_wconf 88' lang='lat' dir='ltr'>commonitione</span> <span class='ocrx_word' id='word_1_614' title='bbox 3615 3502 3915 3560; x_wconf 83' lang='lat' dir='ltr'>obsecun-</span> 
     </span>
    </p>
   </div>
   <div class='ocr_carea' id='block_1_81' title="bbox 2257 3584 3918 3659">
    <p class='ocr_par' dir='ltr' id='par_1_81' title="bbox 2257 3584 3918 3659">
     <span class='ocr_line' id='line_1_82' title="bbox 2257 3584 3918 3659; baseline 0.005 -20"><span class='ocrx_word' id='word_1_615' title='bbox 2257 3586 2416 3653; x_wconf 87' lang='lat' dir='ltr'>dare,</span> <span class='ocrx_word' id='word_1_616' title='bbox 2464 3589 2521 3639; x_wconf 89' lang='lat' dir='ltr'>et</span> <span class='ocrx_word' id='word_1_617' title='bbox 2562 3588 2819 3640; x_wconf 88' lang='lat' dir='ltr'>avertere</span> <span class='ocrx_word' id='word_1_618' title='bbox 2867 3584 2940 3640; x_wconf 87' lang='lat' dir='ltr'>ab</span> <span class='ocrx_word' id='word_1_619' title='bbox 2992 3601 3079 3652; x_wconf 92' lang='lat' dir='ltr'>eo,</span> <span class='ocrx_word' id='word_1_620' title='bbox 3131 3586 3223 3641; x_wconf 91' lang='lat' dir='ltr'>cui</span> <span class='ocrx_word' id='word_1_621' title='bbox 3269 3587 3465 3659; x_wconf 87' lang='lat' dir='ltr'>ipsum</span> <span class='ocrx_word' id='word_1_622' title='bbox 3515 3591 3756 3647; x_wconf 85' lang='lat' dir='ltr'>sentitis</span> <span class='ocrx_word' id='word_1_623' title='bbox 3805 3596 3918 3649; x_wconf 82' lang='lat' dir='ltr'>ad-</span> 
     </span>
    </p>
   </div>
   <div class='ocr_carea' id='block_1_82' title="bbox 2254 3671 3911 3753">
    <p class='ocr_par' dir='ltr' id='par_1_82' title="bbox 2254 3671 3911 3753">
     <span class='ocr_line' id='line_1_83' title="bbox 2254 3671 3911 3753; baseline 0.006 -25"><span class='ocrx_word' id='word_1_624' title='bbox 2254 3690 2487 3729; x_wconf 89' lang='lat' dir='ltr'>versum</span> <span class='ocrx_word' id='word_1_625' title='bbox 2514 3690 2528 3728; x_wconf 88' lang='lat'><strong>:</strong></span> <span class='ocrx_word' id='word_1_626' title='bbox 2552 3673 2652 3728; x_wconf 86' lang='lat' dir='ltr'>sed</span> <span class='ocrx_word' id='word_1_627' title='bbox 2678 3689 2781 3728; x_wconf 91' lang='lat' dir='ltr'>nec</span> <span class='ocrx_word' id='word_1_628' title='bbox 2800 3671 2959 3744; x_wconf 91' lang='lat' dir='ltr'>loqui</span> <span class='ocrx_word' id='word_1_629' title='bbox 2984 3673 3077 3728; x_wconf 90' lang='lat' dir='ltr'>bis</span> <span class='ocrx_word' id='word_1_630' title='bbox 3099 3675 3315 3745; x_wconf 91' lang='lat' dir='ltr'>quibus</span> <span class='ocrx_word' id='word_1_631' title='bbox 3338 3676 3463 3747; x_wconf 89' lang='lat' dir='ltr'>ipse</span> <span class='ocrx_word' id='word_1_632' title='bbox 3484 3678 3911 3753; x_wconf 80' lang='lat' dir='ltr'>nonloquitur,</span> 
     </span>
    </p>
   </div>
   <div class='ocr_carea' id='block_1_83' title="bbox 2254 3761 3914 3840">
    <p class='ocr_par' dir='ltr' id='par_1_83' title="bbox 2254 3761 3914 3840">
     <span class='ocr_line' id='line_1_84' title="bbox 2254 3761 3914 3840; baseline 0.005 -21"><span class='ocrx_word' id='word_1_633' title='bbox 2254 3768 2320 3819; x_wconf 92' lang='lat' dir='ltr'>ut</span> <span class='ocrx_word' id='word_1_634' title='bbox 2348 3762 2757 3835; x_wconf 82' lang='lat' dir='ltr'>unusquisque</span> <span class='ocrx_word' id='word_1_635' title='bbox 2787 3762 2887 3833; x_wconf 92' lang='lat' dir='ltr'>qui</span> <span class='ocrx_word' id='word_1_636' title='bbox 2918 3761 2977 3817; x_wconf 92' lang='lat' dir='ltr'>in</span> <span class='ocrx_word' id='word_1_637' title='bbox 3010 3762 3183 3834; x_wconf 91' lang='lat' dir='ltr'>culpa</span> <span class='ocrx_word' id='word_1_638' title='bbox 3227 3769 3334 3833; x_wconf 89' lang='lat' dir='ltr'>est,</span> <span class='ocrx_word' id='word_1_639' title='bbox 3384 3766 3529 3821; x_wconf 90' lang='lat' dir='ltr'>dum</span> <span class='ocrx_word' id='word_1_640' title='bbox 3575 3769 3743 3840; x_wconf 89' lang='lat' dir='ltr'>cupit</span> <span class='ocrx_word' id='word_1_641' title='bbox 3780 3788 3914 3828; x_wconf 88' lang='lat' dir='ltr'>om-</span> 
     </span>
    </p>
   </div>
   <div class='ocr_carea' id='block_1_84' title="bbox 2252 3850 3914 3917">
    <p class='ocr_par' dir='ltr' id='par_1_84' title="bbox 2252 3850 3914 3917">
     <span class='ocr_line' id='line_1_85' title="bbox 2252 3850 3914 3917; baseline 0.005 -10"><span class='ocrx_word' id='word_1_642' title='bbox 2252 3852 2413 3907; x_wconf 88' lang='lat' dir='ltr'>nium</span> <span class='ocrx_word' id='word_1_643' title='bbox 2448 3856 2705 3907; x_wconf 90' lang='lat' dir='ltr'>vestrum</span> <span class='ocrx_word' id='word_1_644' title='bbox 2735 3850 3025 3907; x_wconf 90' lang='lat' dir='ltr'>amicitias</span> <span class='ocrx_word' id='word_1_645' title='bbox 3056 3852 3223 3917; x_wconf 87' lang='lat' dir='ltr'>ferre,</span> <span class='ocrx_word' id='word_1_646' title='bbox 3246 3852 3484 3909; x_wconf 87' lang='lat' dir='ltr'>festinet</span> <span class='ocrx_word' id='word_1_647' title='bbox 3504 3856 3683 3912; x_wconf 89' lang='lat' dir='ltr'>citius</span> <span class='ocrx_word' id='word_1_648' title='bbox 3705 3876 3914 3916; x_wconf 88' lang='lat' dir='ltr'>recon-</span> 
     </span>
    </p>
   </div>
   <div class='ocr_carea' id='block_1_85' title="bbox 2249 3939 3910 4014">
    <p class='ocr_par' dir='ltr' id='par_1_85' title="bbox 2249 3939 3910 4014">
     <span class='ocr_line' id='line_1_86' title="bbox 2249 3939 3910 4014; baseline 0.005 -17"><span class='ocrx_word' id='word_1_649' title='bbox 2249 3940 2433 3997; x_wconf 79' lang='lat' dir='ltr'>ciliari</span> <span class='ocrx_word' id='word_1_650' title='bbox 2463 3941 2514 3997; x_wconf 91' lang='lat' dir='ltr'>ei</span> <span class='ocrx_word' id='word_1_651' title='bbox 2546 3941 2643 4012; x_wconf 91' lang='lat' dir='ltr'>qui</span> <span class='ocrx_word' id='word_1_652' title='bbox 2675 3939 2946 3995; x_wconf 87' lang='lat' dir='ltr'>omnibus</span> <span class='ocrx_word' id='word_1_653' title='bbox 2977 3945 3204 4011; x_wconf 64' lang='lat' dir='ltr'>praeest,</span> <span class='ocrx_word' id='word_1_654' title='bbox 3238 3946 3302 3997; x_wconf 89' lang='lat' dir='ltr'>ut</span> <span class='ocrx_word' id='word_1_655' title='bbox 3331 3959 3434 4014; x_wconf 87' lang='lat' dir='ltr'>per</span> <span class='ocrx_word' id='word_1_656' title='bbox 3461 3943 3573 4000; x_wconf 86' lang='lat' dir='ltr'>hoc</span> <span class='ocrx_word' id='word_1_657' title='bbox 3603 3946 3809 4003; x_wconf 86' lang='lat' dir='ltr'>redeat</span> <span class='ocrx_word' id='word_1_658' title='bbox 3837 3951 3910 4005; x_wconf 75' lang='lat' dir='ltr'>ad</span> 
     </span>
    </p>
   </div>
   <div class='ocr_carea' id='block_1_86' title="bbox 2248 4029 3908 4104">
    <p class='ocr_par' dir='ltr' id='par_1_86' title="bbox 2248 4029 3908 4104">
     <span class='ocr_line' id='line_1_87' title="bbox 2248 4029 3908 4104; baseline 0.003 -18"><span class='ocrx_word' id='word_1_659' title='bbox 2248 4030 2521 4097; x_wconf 88' lang='lat' dir='ltr'>salutem,</span> <span class='ocrx_word' id='word_1_660' title='bbox 2554 4046 2687 4085; x_wconf 91' lang='lat' dir='ltr'>cum</span> <span class='ocrx_word' id='word_1_661' title='bbox 2719 4029 2955 4085; x_wconf 88' lang='lat' dir='ltr'>obedire</span> <span class='ocrx_word' id='word_1_662' title='bbox 2985 4029 3222 4102; x_wconf 63' lang='lat' dir='ltr'>coeperit</span> <span class='ocrx_word' id='word_1_663' title='bbox 3239 4031 3478 4087; x_wconf 87' lang='lat' dir='ltr'>monitis</span> <span class='ocrx_word' id='word_1_664' title='bbox 3505 4034 3908 4104; x_wconf 71' lang='lat' dir='ltr'>praesidentis.</span> 
     </span>
    </p>
   </div>
   <div class='ocr_carea' id='block_1_87' title="bbox 2247 4118 3907 4194">
    <p class='ocr_par' dir='ltr' id='par_1_87' title="bbox 2247 4118 3907 4194">
     <span class='ocr_line' id='line_1_88' title="bbox 2247 4118 3907 4194; baseline 0.004 -19"><span class='ocrx_word' id='word_1_665' title='bbox 2247 4120 2305 4175; x_wconf 91' lang='lat' dir='ltr'>Si</span> <span class='ocrx_word' id='word_1_666' title='bbox 2336 4136 2467 4176; x_wconf 89' lang='lat' dir='ltr'>vero</span> <span class='ocrx_word' id='word_1_667' title='bbox 2499 4119 2598 4191; x_wconf 90' lang='lat' dir='ltr'>qui</span> <span class='ocrx_word' id='word_1_668' title='bbox 2630 4118 2852 4174; x_wconf 90' lang='lat' dir='ltr'>amicus</span> <span class='ocrx_word' id='word_1_669' title='bbox 2884 4118 3057 4174; x_wconf 91' lang='lat' dir='ltr'>fuerit</span> <span class='ocrx_word' id='word_1_670' title='bbox 3096 4118 3190 4174; x_wconf 90' lang='lat' dir='ltr'>his</span> <span class='ocrx_word' id='word_1_671' title='bbox 3220 4119 3435 4191; x_wconf 90' lang='lat' dir='ltr'>quibus</span> <span class='ocrx_word' id='word_1_672' title='bbox 3467 4121 3596 4193; x_wconf 89' lang='lat' dir='ltr'>ipse</span> <span class='ocrx_word' id='word_1_673' title='bbox 3625 4140 3743 4180; x_wconf 91' lang='lat' dir='ltr'>non</span> <span class='ocrx_word' id='word_1_674' title='bbox 3789 4130 3907 4194; x_wconf 80' lang='lat' dir='ltr'>est,</span> 
     </span>
    </p>
   </div>
   <div class='ocr_carea' id='block_1_88' title="bbox 2244 4206 3908 4283">
    <p class='ocr_par' dir='ltr' id='par_1_88' title="bbox 2244 4206 3908 4283">
     <span class='ocr_line' id='line_1_89' title="bbox 2244 4206 3908 4283; baseline 0.003 -18"><span class='ocrx_word' id='word_1_675' title='bbox 2244 4214 2300 4265; x_wconf 91' lang='lat' dir='ltr'>et</span> <span class='ocrx_word' id='word_1_676' title='bbox 2329 4209 2561 4265; x_wconf 89' lang='lat' dir='ltr'>locutus</span> <span class='ocrx_word' id='word_1_677' title='bbox 2602 4208 2776 4262; x_wconf 90' lang='lat' dir='ltr'>fuerit</span> <span class='ocrx_word' id='word_1_678' title='bbox 2834 4206 2926 4262; x_wconf 90' lang='lat' dir='ltr'>his</span> <span class='ocrx_word' id='word_1_679' title='bbox 2978 4207 3194 4278; x_wconf 91' lang='lat' dir='ltr'>quibus</span> <span class='ocrx_word' id='word_1_680' title='bbox 3251 4208 3377 4280; x_wconf 86' lang='lat' dir='ltr'>ipse</span> <span class='ocrx_word' id='word_1_681' title='bbox 3435 4226 3549 4265; x_wconf 89' lang='lat' dir='ltr'>non</span> <span class='ocrx_word' id='word_1_682' title='bbox 3609 4210 3908 4283; x_wconf 85' lang='lat' dir='ltr'>loquitur,</span> 
     </span>
    </p>
   </div>
   <div class='ocr_carea' id='block_1_89' title="bbox 2243 4295 3913 4369">
    <p class='ocr_par' dir='ltr' id='par_1_89' title="bbox 2243 4295 3913 4369">
     <span class='ocr_line' id='line_1_90' title="bbox 2243 4295 3913 4369; baseline 0.004 -17"><span class='ocrx_word' id='word_1_683' title='bbox 2243 4315 2397 4353; x_wconf 90' lang='lat' dir='ltr'>unus</span> <span class='ocrx_word' id='word_1_684' title='bbox 2427 4302 2517 4354; x_wconf 89' lang='lat' dir='ltr'>est</span> <span class='ocrx_word' id='word_1_685' title='bbox 2544 4301 2602 4353; x_wconf 92' lang='lat' dir='ltr'>et</span> <span class='ocrx_word' id='word_1_686' title='bbox 2630 4296 2755 4368; x_wconf 91' lang='lat' dir='ltr'>ipse</span> <span class='ocrx_word' id='word_1_687' title='bbox 2783 4312 2850 4351; x_wconf 84' lang='lat' dir='ltr'>ex</span> <span class='ocrx_word' id='word_1_688' title='bbox 2886 4295 3002 4351; x_wconf 91' lang='lat' dir='ltr'>illis</span> <span class='ocrx_word' id='word_1_689' title='bbox 3034 4296 3135 4369; x_wconf 91' lang='lat' dir='ltr'>qui</span> <span class='ocrx_word' id='word_1_690' title='bbox 3161 4298 3553 4355; x_wconf 86' lang='lat' dir='ltr'>exterminare</span> <span class='ocrx_word' id='word_1_691' title='bbox 3582 4299 3684 4355; x_wconf 86' lang='lat' dir='ltr'>Dei</span> <span class='ocrx_word' id='word_1_692' title='bbox 3705 4302 3913 4359; x_wconf 83' lang='lat' dir='ltr'>Eccle-</span> 
     </span>
    </p>
   </div>
   <div class='ocr_carea' id='block_1_90' title="bbox 2241 4384 3911 4462">
    <p class='ocr_par' dir='ltr' id='par_1_90' title="bbox 2241 4384 3911 4462">
     <span class='ocr_line' id='line_1_91' title="bbox 2241 4384 3911 4462; baseline 0.002 -19"><span class='ocrx_word' id='word_1_693' title='bbox 2241 4386 2388 4443; x_wconf 87' lang='lat' dir='ltr'>siam</span> <span class='ocrx_word' id='word_1_694' title='bbox 2418 4386 2621 4443; x_wconf 85' lang='lat' dir='ltr'>volunt</span> <span class='ocrx_word' id='word_1_695' title='bbox 2648 4404 2661 4453; x_wconf 90' lang='lat'><strong>;</strong></span> <span class='ocrx_word' id='word_1_696' title='bbox 2699 4409 2721 4434; x_wconf 75' lang='grc' dir='ltr'>ι</span> <span class='ocrx_word' id='word_1_697' title='bbox 2756 4391 2813 4441; x_wconf 90' lang='lat' dir='ltr'>et</span> <span class='ocrx_word' id='word_1_698' title='bbox 2843 4384 3087 4456; x_wconf 89' lang='lat' dir='ltr'>reliqua.</span> <span class='ocrx_word' id='word_1_699' title='bbox 3121 4385 3223 4441; x_wconf 85' lang='lat' dir='ltr'>His</span> <span class='ocrx_word' id='word_1_700' title='bbox 3254 4384 3505 4459; x_wconf 86' lang='lat' dir='ltr'>aliisque</span> <span class='ocrx_word' id='word_1_701' title='bbox 3533 4404 3715 4460; x_wconf 84' lang='lat' dir='ltr'>quam</span> <span class='ocrx_word' id='word_1_702' title='bbox 3762 4391 3911 4462; x_wconf 88' lang='lat' dir='ltr'>plu-</span> 
     </span>
    </p>
   </div>
   <div class='ocr_carea' id='block_1_91' title="bbox 2238 4473 3907 4549">
    <p class='ocr_par' dir='ltr' id='par_1_91' title="bbox 2238 4473 3907 4549">
     <span class='ocr_line' id='line_1_92' title="bbox 2238 4473 3907 4549; baseline 0.002 -18"><span class='ocrx_word' id='word_1_703' title='bbox 2238 4477 2405 4532; x_wconf 90' lang='lat' dir='ltr'>rimis</span> <span class='ocrx_word' id='word_1_704' title='bbox 2464 4475 2853 4545; x_wconf 90' lang='lat' dir='ltr'>documentis,</span> <span class='ocrx_word' id='word_1_705' title='bbox 2914 4473 3082 4530; x_wconf 89' lang='lat' dir='ltr'>facile</span> <span class='ocrx_word' id='word_1_706' title='bbox 3131 4476 3544 4549; x_wconf 86' lang='lat' dir='ltr'>unusquisque</span> <span class='ocrx_word' id='word_1_707' title='bbox 3592 4477 3907 4535; x_wconf 80' lang='lat' dir='ltr'>advertere</span> 
     </span>
    </p>
   </div>
   <div class='ocr_carea' id='block_1_92' title="bbox 2236 4563 3907 4639">
    <p class='ocr_par' dir='ltr' id='par_1_92' title="bbox 2236 4563 3907 4639">
     <span class='ocr_line' id='line_1_93' title="bbox 2236 4563 3907 4639; baseline 0.001 -18"><span class='ocrx_word' id='word_1_708' title='bbox 2236 4570 2425 4637; x_wconf 87' lang='lat' dir='ltr'>potest</span> <span class='ocrx_word' id='word_1_709' title='bbox 2456 4564 2705 4637; x_wconf 89' lang='lat' dir='ltr'>qualiter</span> <span class='ocrx_word' id='word_1_710' title='bbox 2733 4563 2966 4619; x_wconf 88' lang='lat' dir='ltr'>obedire</span> <span class='ocrx_word' id='word_1_711' title='bbox 2994 4567 3053 4619; x_wconf 89' lang='lat' dir='ltr'>et</span> <span class='ocrx_word' id='word_1_712' title='bbox 3081 4564 3484 4636; x_wconf 88' lang='lat' dir='ltr'>obtemperare</span> <span class='ocrx_word' id='word_1_713' title='bbox 3528 4565 3703 4622; x_wconf 85' lang='lat' dir='ltr'>debet</span> <span class='ocrx_word' id='word_1_714' title='bbox 3747 4584 3907 4639; x_wconf 66' lang='lat' dir='ltr'>pra-</span> 
     </span>
    </p>
   </div>
   <div class='ocr_carea' id='block_1_93' title="bbox 476 4640 3908 4727">
    <p class='ocr_par' dir='ltr' id='par_1_93' title="bbox 476 4640 3908 4727">
     <span class='ocr_line' id='line_1_94' title="bbox 476 4640 3908 4727; baseline -0 -14"><span class='ocrx_word' id='word_1_715' title='bbox 476 4673 573 4713; x_wconf 87' lang='lat' dir='ltr'>cor</span> <span class='ocrx_word' id='word_1_716' title='bbox 598 4670 853 4712; x_wconf 59' lang='lat' dir='ltr'>maerens.</span> <span class='ocrx_word' id='word_1_717' title='bbox 877 4654 918 4709; x_wconf 86' lang='lat' dir='ltr'><strong><em>A</em></strong></span> <span class='ocrx_word' id='word_1_718' title='bbox 948 4653 1145 4722; x_wconf 86' lang='lat' dir='ltr'>planta</span> <span class='ocrx_word' id='word_1_719' title='bbox 1172 4652 1324 4723; x_wconf 82' lang='lat' dir='ltr'>pedis</span> <span class='ocrx_word' id='word_1_720' title='bbox 1356 4668 1524 4721; x_wconf 84' lang='lat' dir='ltr'>usque</span> <span class='ocrx_word' id='word_1_721' title='bbox 1552 4652 1633 4707; x_wconf 87' lang='lat' dir='ltr'>ad</span> <span class='ocrx_word' id='word_1_722' title='bbox 1659 4654 1919 4707; x_wconf 82' lang='lat' dir='ltr'>verticem</span> <span class='ocrx_word' id='word_1_723' title='bbox 1975 4655 2124 4725; x_wconf 84' lang='lat' dir='ltr'>capi-</span> <span class='ocrx_word' id='word_1_724' title='bbox 2156 4640 2204 4705; x_wconf 87' lang='lat' dir='ltr'>D</span> <span class='ocrx_word' id='word_1_725' title='bbox 2237 4654 2441 4726; x_wconf 89' lang='lat' dir='ltr'>positis</span> <span class='ocrx_word' id='word_1_726' title='bbox 2471 4654 2613 4720; x_wconf 90' lang='lat' dir='ltr'>suis,</span> <span class='ocrx_word' id='word_1_727' title='bbox 2648 4657 2706 4709; x_wconf 87' lang='lat' dir='ltr'>et</span> <span class='ocrx_word' id='word_1_728' title='bbox 2735 4652 2987 4725; x_wconf 91' lang='lat' dir='ltr'>qualiter</span> <span class='ocrx_word' id='word_1_729' title='bbox 3015 4653 3167 4708; x_wconf 89' lang='lat' dir='ltr'>circa</span> <span class='ocrx_word' id='word_1_730' title='bbox 3189 4669 3289 4708; x_wconf 90' lang='lat' dir='ltr'>eos</span> <span class='ocrx_word' id='word_1_731' title='bbox 3321 4654 3615 4725; x_wconf 90' lang='lat' dir='ltr'>agendum</span> <span class='ocrx_word' id='word_1_732' title='bbox 3647 4655 3746 4721; x_wconf 87' lang='lat' dir='ltr'>sit,</span> <span class='ocrx_word' id='word_1_733' title='bbox 3772 4656 3908 4727; x_wconf 84' lang='lat' dir='ltr'>qni-</span> 
     </span>
    </p>
   </div>
   <div class='ocr_carea' id='block_1_94' title="bbox 478 4742 2122 4812">
    <p class='ocr_par' dir='ltr' id='par_1_94' title="bbox 478 4742 2122 4812">
     <span class='ocr_line' id='line_1_95' title="bbox 478 4742 2122 4812; baseline -0.002 -11"><span class='ocrx_word' id='word_1_734' title='bbox 478 4748 569 4811; x_wconf 86' lang='lat' dir='ltr'>tis,</span> <span class='ocrx_word' id='word_1_735' title='bbox 601 4761 715 4800; x_wconf 87' lang='lat' dir='ltr'>non</span> <span class='ocrx_word' id='word_1_736' title='bbox 742 4749 821 4799; x_wconf 73' lang='lat' dir='ltr'>est</span> <span class='ocrx_word' id='word_1_737' title='bbox 851 4745 911 4798; x_wconf 89' lang='lat' dir='ltr'>in</span> <span class='ocrx_word' id='word_1_738' title='bbox 939 4760 1000 4798; x_wconf 91' lang='lat' dir='ltr'>eo</span> <span class='ocrx_word' id='word_1_739' title='bbox 1030 4743 1241 4797; x_wconf 80' lang='lat' dir='ltr'>sanitas</span> <span class='ocrx_word' id='word_1_740' title='bbox 1267 4742 1311 4775; x_wconf 84' lang='grc'>³³</span> <span class='ocrx_word' id='word_1_741' title='bbox 1341 4742 1704 4812; x_wconf 87' lang='lat' dir='ltr'>Quapropter</span> <span class='ocrx_word' id='word_1_742' title='bbox 1746 4742 2122 4798; x_wconf 89' lang='lat' dir='ltr'>manifestum</span> 
     </span>
    </p>
   </div>
   <div class='ocr_carea' id='block_1_95' title="bbox 474 4831 2123 4903">
    <p class='ocr_par' dir='ltr' id='par_1_95' title="bbox 474 4831 2123 4903">
     <span class='ocr_line' id='line_1_96' title="bbox 474 4831 2123 4903; baseline -0.002 -13"><span class='ocrx_word' id='word_1_743' title='bbox 474 4841 582 4901; x_wconf 81' lang='lat' dir='ltr'>est,</span> <span class='ocrx_word' id='word_1_744' title='bbox 618 4833 916 4889; x_wconf 90' lang='lat' dir='ltr'>diabolum</span> <span class='ocrx_word' id='word_1_745' title='bbox 948 4834 1046 4903; x_wconf 82' lang='lat' dir='ltr'>qui</span> <span class='ocrx_word' id='word_1_746' title='bbox 1074 4833 1213 4885; x_wconf 86' lang='lat' dir='ltr'>sicut</span> <span class='ocrx_word' id='word_1_747' title='bbox 1244 4831 1325 4885; x_wconf 82' lang='lat' dir='ltr'>leo</span> <span class='ocrx_word' id='word_1_748' title='bbox 1362 4833 1586 4901; x_wconf 84' lang='lat' dir='ltr'>rugiens</span> <span class='ocrx_word' id='word_1_749' title='bbox 1635 4831 1836 4885; x_wconf 84' lang='lat' dir='ltr'>circuit</span> <span class='ocrx_word' id='word_1_750' title='bbox 1877 4848 2123 4901; x_wconf 65' lang='lat' dir='ltr'>quaerens</span> 
     </span>
    </p>
   </div>
   <div class='ocr_carea' id='block_1_96' title="bbox 470 4918 2119 4996">
    <p class='ocr_par' dir='ltr' id='par_1_96' title="bbox 470 4918 2119 4996">
     <span class='ocr_line' id='line_1_97' title="bbox 470 4918 2119 4996; baseline -0.002 -16"><span class='ocrx_word' id='word_1_751' title='bbox 470 4940 630 4996; x_wconf 86' lang='lat' dir='ltr'>quem</span> <span class='ocrx_word' id='word_1_752' title='bbox 655 4925 830 4995; x_wconf 81' lang='lat' dir='ltr'>possit</span> <span class='ocrx_word' id='word_1_753' title='bbox 855 4922 1118 4977; x_wconf 86' lang='lat' dir='ltr'>devorare</span> <span class='ocrx_word' id='word_1_754' title='bbox 1148 4921 1213 4991; x_wconf 56' lang='grc' dir='ltr'>Ἠ)</span> <span class='ocrx_word' id='word_1_755' title='bbox 1246 4920 1522 4974; x_wconf 89' lang='lat' dir='ltr'>cordibus</span> <span class='ocrx_word' id='word_1_756' title='bbox 1553 4918 1810 4990; x_wconf 87' lang='lat' dir='ltr'>plebium</span> <span class='ocrx_word' id='word_1_757' title='bbox 1853 4921 2119 4994; x_wconf 87' lang='lat' dir='ltr'>suadere,</span> 
     </span>
    </p>
   </div>
   <div class='ocr_carea' id='block_1_97' title="bbox 471 5008 2119 5083">
    <p class='ocr_par' dir='ltr' id='par_1_97' title="bbox 471 5008 2119 5083">
     <span class='ocr_line' id='line_1_98' title="bbox 471 5008 2119 5083; baseline -0.003 -13"><span class='ocrx_word' id='word_1_758' title='bbox 471 5019 539 5069; x_wconf 82' lang='lat' dir='ltr'>ut</span> <span class='ocrx_word' id='word_1_759' title='bbox 567 5014 833 5069; x_wconf 89' lang='lat' dir='ltr'>doctores</span> <span class='ocrx_word' id='word_1_760' title='bbox 858 5016 1031 5083; x_wconf 90' lang='lat' dir='ltr'>atque</span> <span class='ocrx_word' id='word_1_761' title='bbox 1063 5014 1325 5081; x_wconf 88' lang='lat' dir='ltr'>pastores</span> <span class='ocrx_word' id='word_1_762' title='bbox 1356 5024 1495 5064; x_wconf 89' lang='lat' dir='ltr'>suos</span> <span class='ocrx_word' id='word_1_763' title='bbox 1525 5008 1983 5065; x_wconf 90' lang='lat' dir='ltr'>detractionibus</span> <span class='ocrx_word' id='word_1_764' title='bbox 2026 5027 2119 5066; x_wconf 90' lang='lat' dir='ltr'>ac-</span> 
     </span>
    </p>
   </div>
   <div class='ocr_carea' id='block_1_98' title="bbox 2238 4741 3900 4815">
    <p class='ocr_par' dir='ltr' id='par_1_98' title="bbox 2238 4741 3900 4815">
     <span class='ocr_line' id='line_1_99' title="bbox 2238 4741 3900 4815; baseline 0.002 -16"><span class='ocrx_word' id='word_1_765' title='bbox 2238 4745 2347 4799; x_wconf 88' lang='lat' dir='ltr'>bus</span> <span class='ocrx_word' id='word_1_766' title='bbox 2379 4743 2491 4815; x_wconf 90' lang='lat' dir='ltr'>ipsi</span> <span class='ocrx_word' id='word_1_767' title='bbox 2524 4746 2625 4797; x_wconf 90' lang='lat' dir='ltr'>aut</span> <span class='ocrx_word' id='word_1_768' title='bbox 2654 4742 2826 4797; x_wconf 89' lang='lat' dir='ltr'>amici</span> <span class='ocrx_word' id='word_1_769' title='bbox 2849 4746 3010 4807; x_wconf 87' lang='lat' dir='ltr'>sunt,</span> <span class='ocrx_word' id='word_1_770' title='bbox 3042 4746 3144 4797; x_wconf 91' lang='lat' dir='ltr'>aut</span> <span class='ocrx_word' id='word_1_771' title='bbox 3174 4741 3420 4797; x_wconf 87' lang='lat' dir='ltr'>inimici.</span> <span class='ocrx_word' id='word_1_772' title='bbox 3452 4742 3513 4799; x_wconf 89' lang='lat' dir='ltr'>Si</span> <span class='ocrx_word' id='word_1_773' title='bbox 3544 4744 3680 4815; x_wconf 85' lang='lat' dir='ltr'>quis</span> <span class='ocrx_word' id='word_1_774' title='bbox 3726 4745 3900 4802; x_wconf 84' lang='lat' dir='ltr'>enim</span> 
     </span>
    </p>
   </div>
   <div class='ocr_carea' id='block_1_99' title="bbox 2233 4830 3901 4904">
    <p class='ocr_par' dir='ltr' id='par_1_99' title="bbox 2233 4830 3901 4904">
     <span class='ocr_line' id='line_1_100' title="bbox 2233 4830 3901 4904; baseline 0.001 -17"><span class='ocrx_word' id='word_1_775' title='bbox 2233 4832 2353 4887; x_wconf 59' lang='lat' dir='ltr'>hac</span> <span class='ocrx_word' id='word_1_776' title='bbox 2384 4834 2670 4904; x_wconf 66' lang='lat' dir='ltr'>praecepta</span> <span class='ocrx_word' id='word_1_777' title='bbox 2700 4847 2816 4885; x_wconf 90' lang='lat' dir='ltr'>non</span> <span class='ocrx_word' id='word_1_778' title='bbox 2868 4830 3278 4897; x_wconf 87' lang='lat' dir='ltr'>observaverit,</span> <span class='ocrx_word' id='word_1_779' title='bbox 3319 4830 3508 4887; x_wconf 82' lang='lat' dir='ltr'>hostis</span> <span class='ocrx_word' id='word_1_780' title='bbox 3538 4836 3630 4889; x_wconf 86' lang='lat' dir='ltr'>est</span> <span class='ocrx_word' id='word_1_781' title='bbox 3672 4832 3901 4891; x_wconf 71' lang='lat' dir='ltr'>animis</span> 
     </span>
    </p>
   </div>
   <div class='ocr_carea' id='block_1_100' title="bbox 2233 4919 3903 4990">
    <p class='ocr_par' dir='ltr' id='par_1_100' title="bbox 2233 4919 3903 4990">
     <span class='ocr_line' id='line_1_101' title="bbox 2233 4919 3903 4990; baseline 0.001 -13"><span class='ocrx_word' id='word_1_782' title='bbox 2233 4939 2350 4977; x_wconf 73' lang='lat' dir='ltr'>suae</span> <span class='ocrx_word' id='word_1_783' title='bbox 2378 4938 2390 4976; x_wconf 92' lang='lat'>:</span> <span class='ocrx_word' id='word_1_784' title='bbox 2424 4926 2482 4976; x_wconf 89' lang='lat' dir='ltr'>et</span> <span class='ocrx_word' id='word_1_785' title='bbox 2511 4938 2624 4975; x_wconf 90' lang='lat' dir='ltr'>non</span> <span class='ocrx_word' id='word_1_786' title='bbox 2656 4924 2885 4975; x_wconf 90' lang='lat' dir='ltr'>tantum</span> <span class='ocrx_word' id='word_1_787' title='bbox 2917 4919 3178 4990; x_wconf 86' lang='lat' dir='ltr'>infamis,</span> <span class='ocrx_word' id='word_1_788' title='bbox 3211 4920 3313 4975; x_wconf 89' lang='lat' dir='ltr'>sed</span> <span class='ocrx_word' id='word_1_789' title='bbox 3343 4924 3402 4976; x_wconf 91' lang='lat' dir='ltr'>et</span> <span class='ocrx_word' id='word_1_790' title='bbox 3421 4923 3903 4980; x_wconf 74' lang='lat' dir='ltr'>excommunica-</span> 
     </span>
    </p>
   </div>
   <div class='ocr_carea' id='block_1_101' title="bbox 2234 5008 3899 5082">
    <p class='ocr_par' dir='ltr' id='par_1_101' title="bbox 2234 5008 3899 5082">
     <span class='ocr_line' id='line_1_102' title="bbox 2234 5008 3899 5082; baseline 0.002 -17"><span class='ocrx_word' id='word_1_791' title='bbox 2234 5015 2348 5078; x_wconf 87' lang='lat' dir='ltr'>tus,</span> <span class='ocrx_word' id='word_1_792' title='bbox 2380 5015 2555 5082; x_wconf 87' lang='lat' dir='ltr'>atque</span> <span class='ocrx_word' id='word_1_793' title='bbox 2585 5009 2811 5065; x_wconf 89' lang='lat' dir='ltr'>alienus</span> <span class='ocrx_word' id='word_1_794' title='bbox 2843 5009 2913 5065; x_wconf 89' lang='lat' dir='ltr'>ab</span> <span class='ocrx_word' id='word_1_795' title='bbox 2948 5008 3197 5065; x_wconf 81' lang='lat' dir='ltr'>Ecclesia</span> <span class='ocrx_word' id='word_1_796' title='bbox 3228 5008 3550 5080; x_wconf 82' lang='lat' dir='ltr'>efﬁciatur;</span> <span class='ocrx_word' id='word_1_797' title='bbox 3601 5012 3899 5082; x_wconf 75' lang='lat' dir='ltr'>quoniam</span> 
     </span>
    </p>
   </div>
   <div class='ocr_carea' id='block_1_102' title="bbox 541 5248 3895 5327">
    <p class='ocr_par' dir='ltr' id='par_1_102' title="bbox 541 5248 3895 5327">
     <span class='ocr_line' id='line_1_103' title="bbox 541 5248 3895 5327; baseline -0.002 -14"><span class='ocrx_word' id='word_1_798' title='bbox 541 5260 581 5294; x_wconf 78' lang='grc'>²¹</span> <span class='ocrx_word' id='word_1_799' title='bbox 620 5275 730 5313; x_wconf 90' lang='lat' dir='ltr'>ms.</span> <span class='ocrx_word' id='word_1_800' title='bbox 763 5259 999 5327; x_wconf 84' lang='lat' dir='ltr'>factum,</span> <span class='ocrx_word' id='word_1_801' title='bbox 1033 5254 1177 5307; x_wconf 88' lang='lat' dir='ltr'>forte</span> <span class='ocrx_word' id='word_1_802' title='bbox 1209 5253 1513 5327; x_wconf 72' lang='lat' dir='ltr'>fatum;_et</span> <span class='ocrx_word' id='word_1_803' title='bbox 1546 5251 1617 5306; x_wconf 90' lang='lat' dir='ltr'>ab</span> <span class='ocrx_word' id='word_1_804' title='bbox 1658 5269 1723 5308; x_wconf 91' lang='lat' dir='ltr'>eo</span> <span class='ocrx_word' id='word_1_805' title='bbox 1747 5253 1970 5327; x_wconf 75' lang='lat' dir='ltr'>absunt</span> <span class='ocrx_word' id='word_1_806' title='bbox 2005 5253 2132 5308; x_wconf 73' lang='lat' dir='ltr'>duae</span> <span class='ocrx_word' id='word_1_807' title='bbox 2189 5254 2502 5327; x_wconf 82' lang='lat' dir='ltr'>sequentes</span> <span class='ocrx_word' id='word_1_808' title='bbox 2562 5266 2729 5305; x_wconf 84' lang='lat' dir='ltr'>voces</span> <span class='ocrx_word' id='word_1_809' title='bbox 2774 5251 3039 5327; x_wconf 66' lang='lat' dir='ltr'>omnium</span> <span class='ocrx_word' id='word_1_810' title='bbox 3074 5250 3463 5327; x_wconf 53' lang='grc' dir='ltr'>Ε’σριεέςίανωηἐ</span> <span class='ocrx_word' id='word_1_811' title='bbox 3541 5248 3705 5327; x_wconf 54' lang='grc' dir='ltr'>’ξιιμ</span> <span class='ocrx_word' id='word_1_812' title='bbox 3727 5266 3799 5322; x_wconf 86' lang='lat' dir='ltr'>q.</span> <span class='ocrx_word' id='word_1_813' title='bbox 3831 5252 3895 5321; x_wconf 80' lang='lat'>5,</span> 
     </span>
    </p>
   </div>
   <div class='ocr_carea' id='block_1_103' title="bbox 467 5320 3899 5392">
    <p class='ocr_par' dir='ltr' id='par_1_103' title="bbox 467 5320 3899 5392">
     <span class='ocr_line' id='line_1_104' title="bbox 467 5320 3899 5392; baseline -0.002 -8"><span class='ocrx_word' id='word_1_814' title='bbox 467 5320 819 5385; x_wconf 68' lang='lat' dir='ltr'>Accusatores</span> <span class='ocrx_word' id='word_1_815' title='bbox 849 5331 1031 5382; x_wconf 82' lang='lat' dir='ltr'>autem</span> <span class='ocrx_word' id='word_1_816' title='bbox 1057 5333 1107 5380; x_wconf 85' lang='lat' dir='ltr'>et</span> <span class='ocrx_word' id='word_1_817' title='bbox 1138 5320 1313 5379; x_wconf 73' lang='lat' dir='ltr'>testes.</span> <span class='ocrx_word' id='word_1_818' title='bbox 1348 5324 1414 5376; x_wconf 89' lang='lat' dir='ltr'>Et</span> <span class='ocrx_word' id='word_1_819' title='bbox 1435 5323 1490 5377; x_wconf 87' lang='lat' dir='ltr'>in</span> <span class='ocrx_word' id='word_1_820' title='bbox 1529 5328 1682 5379; x_wconf 86' lang='lat' dir='ltr'>Decr.</span> <span class='ocrx_word' id='word_1_821' title='bbox 1747 5325 1862 5379; x_wconf 85' lang='lat' dir='ltr'>lvo.</span> <span class='ocrx_word' id='word_1_822' title='bbox 1899 5324 2000 5379; x_wconf 92' lang='lat' dir='ltr'>lib.</span> <span class='ocrx_word' id='word_1_823' title='bbox 2053 5342 2126 5380; x_wconf 82' lang='grc' dir='ltr'>ιν.</span> <span class='ocrx_word' id='word_1_824' title='bbox 2204 5325 2248 5359; x_wconf 72' lang='grc'>³³</span> <span class='ocrx_word' id='word_1_825' title='bbox 2273 5320 2331 5380; x_wconf 81' lang='lat' dir='ltr'>S.</span> <span class='ocrx_word' id='word_1_826' title='bbox 2374 5323 2573 5377; x_wconf 84' lang='lat' dir='ltr'>Ambr.</span> <span class='ocrx_word' id='word_1_827' title='bbox 2635 5338 2724 5392; x_wconf 90' lang='lat' dir='ltr'>ep.</span> <span class='ocrx_word' id='word_1_828' title='bbox 2770 5322 2857 5375; x_wconf 83' lang='grc'>64.</span> <span class='ocrx_word' id='word_1_829' title='bbox 2936 5324 2981 5357; x_wconf 79' lang='grc'>²³</span> <span class='ocrx_word' id='word_1_830' title='bbox 3008 5323 3063 5377; x_wconf 89' lang='lat' dir='ltr'>S.</span> <span class='ocrx_word' id='word_1_831' title='bbox 3125 5320 3269 5377; x_wconf 81' lang='lat' dir='ltr'>Ccel.</span> <span class='ocrx_word' id='word_1_832' title='bbox 3309 5337 3399 5392; x_wconf 86' lang='lat' dir='ltr'>ep.</span> <span class='ocrx_word' id='word_1_833' title='bbox 3432 5322 3487 5374; x_wconf 86' lang='lat'>2.</span> <span class='ocrx_word' id='word_1_834' title='bbox 3566 5322 3611 5355; x_wconf 72' lang='lat'><strong>&quot;</strong></span> <span class='ocrx_word' id='word_1_835' title='bbox 3644 5320 3767 5377; x_wconf 61' lang='lat' dir='ltr'>me:</span> <span class='ocrx_word' id='word_1_836' title='bbox 3830 5320 3899 5377; x_wconf 71' lang='lat' dir='ltr'>ut</span> 
     </span>
    </p>
   </div>
   <div class='ocr_carea' id='block_1_104' title="bbox 466 5402 861 5457">
    <p class='ocr_par' dir='ltr' id='par_1_104' title="bbox 466 5402 861 5457">
     <span class='ocr_line' id='line_1_105' title="bbox 466 5402 861 5457; baseline -0.005 -4"><span class='ocrx_word' id='word_1_837' title='bbox 466 5418 575 5456; x_wconf 85' lang='lat' dir='ltr'>non</span> <span class='ocrx_word' id='word_1_838' title='bbox 606 5402 861 5457; x_wconf 70' lang='lat' dir='ltr'>.Iemulat.</span> 
     </span>
    </p>
   </div>
   <div class='ocr_carea' id='block_1_105' title="bbox 940 5394 2758 5468">
    <p class='ocr_par' dir='ltr' id='par_1_105' title="bbox 940 5394 2758 5468">
     <span class='ocr_line' id='line_1_106' title="bbox 940 5394 2758 5468; baseline -0.001 -19"><span class='ocrx_word' id='word_1_839' title='bbox 940 5399 985 5432; x_wconf 66' lang='lat'>95</span> <span class='ocrx_word' id='word_1_840' title='bbox 1018 5397 1176 5451; x_wconf 86' lang='lat' dir='ltr'>Idem</span> <span class='ocrx_word' id='word_1_841' title='bbox 1207 5414 1276 5465; x_wconf 91' lang='lat' dir='ltr'>ep</span> <span class='ocrx_word' id='word_1_842' title='bbox 1312 5396 1350 5450; x_wconf 91' lang='grc' dir='ltr'>Ι.</span> <span class='ocrx_word' id='word_1_843' title='bbox 1387 5412 1433 5449; x_wconf 90' lang='lat' dir='ltr'>c.</span> <span class='ocrx_word' id='word_1_844' title='bbox 1467 5395 1559 5468; x_wconf 10' lang='lat' dir='ltr'>7H.</span> <span class='ocrx_word' id='word_1_845' title='bbox 1639 5398 1683 5431; x_wconf 78' lang='grc'>²⁶</span> <span class='ocrx_word' id='word_1_846' title='bbox 1716 5396 1775 5451; x_wconf 89' lang='lat' dir='ltr'>S.</span> <span class='ocrx_word' id='word_1_847' title='bbox 1812 5397 1981 5468; x_wconf 88' lang='lat' dir='ltr'>Greg.</span> <span class='ocrx_word' id='word_1_848' title='bbox 2011 5401 2166 5468; x_wconf 84' lang='lat' dir='ltr'>Past.</span> <span class='ocrx_word' id='word_1_849' title='bbox 2200 5413 2257 5467; x_wconf 92' lang='lat' dir='ltr'>p.</span> <span class='ocrx_word' id='word_1_850' title='bbox 2290 5414 2351 5462; x_wconf 84' lang='lat'>11,</span> <span class='ocrx_word' id='word_1_851' title='bbox 2393 5413 2443 5450; x_wconf 90' lang='lat' dir='ltr'>c.</span> <span class='ocrx_word' id='word_1_852' title='bbox 2472 5397 2528 5468; x_wconf 83' lang='lat'>_6.</span> <span class='ocrx_word' id='word_1_853' title='bbox 2608 5394 2651 5428; x_wconf 66' lang='lat'><strong>97</strong></span> <span class='ocrx_word' id='word_1_854' title='bbox 2681 5410 2758 5468; x_wconf 74' lang='lat' dir='ltr'>vi,</span> 
     </span>
    </p>
   </div>
   <div class='ocr_carea' id='block_1_106' title="bbox 2802 5392 3897 5463">
    <p class='ocr_par' dir='ltr' id='par_1_106' title="bbox 2802 5392 3897 5463">
     <span class='ocr_line' id='line_1_107' title="bbox 2802 5392 3897 5463; baseline 0.001 -14"><span class='ocrx_word' id='word_1_855' title='bbox 2802 5410 2859 5463; x_wconf 91' lang='lat' dir='ltr'>q.</span> <span class='ocrx_word' id='word_1_856' title='bbox 2898 5394 2949 5456; x_wconf 84' lang='grc'>1,</span> <span class='ocrx_word' id='word_1_857' title='bbox 2981 5395 3285 5450; x_wconf 76' lang='lat' dir='ltr'>Deteriores</span> <span class='ocrx_word' id='word_1_858' title='bbox 3328 5402 3476 5448; x_wconf 81' lang='lat' dir='ltr'>sunt.</span> <span class='ocrx_word' id='word_1_859' title='bbox 3552 5392 3596 5427; x_wconf 62' lang='grc'>⁸⁸</span> <span class='ocrx_word' id='word_1_860' title='bbox 3623 5396 3684 5448; x_wconf 87' lang='lat' dir='ltr'>S.</span> <span class='ocrx_word' id='word_1_861' title='bbox 3735 5392 3897 5450; x_wconf 73' lang='lat' dir='ltr'>Isid.</span> 
     </span>
    </p>
   </div>
   <div class='ocr_carea' id='block_1_107' title="bbox 465 5464 3874 5542">
    <p class='ocr_par' dir='ltr' id='par_1_107' title="bbox 465 5464 3874 5542">
     <span class='ocr_line' id='line_1_108' title="bbox 465 5464 3874 5542; baseline -0.002 -16"><span class='ocrx_word' id='word_1_862' title='bbox 465 5473 612 5526; x_wconf 84' lang='lat' dir='ltr'>Sent.</span> <span class='ocrx_word' id='word_1_863' title='bbox 650 5490 734 5542; x_wconf 83' lang='grc' dir='ltr'>ιιι,</span> <span class='ocrx_word' id='word_1_864' title='bbox 764 5473 852 5526; x_wconf 88' lang='grc'>38.</span> <span class='ocrx_word' id='word_1_865' title='bbox 932 5470 977 5503; x_wconf 73' lang='grc'>²⁹</span> <span class='ocrx_word' id='word_1_866' title='bbox 1008 5486 1115 5524; x_wconf 86' lang='lat' dir='ltr'>ms.</span> <span class='ocrx_word' id='word_1_867' title='bbox 1177 5464 1379 5523; x_wconf 83' lang='lat' dir='ltr'>autem.</span> <span class='ocrx_word' id='word_1_868' title='bbox 1456 5467 1502 5542; x_wconf 64' lang='grc' dir='ltr'>ῖνο</span> <span class='ocrx_word' id='word_1_869' title='bbox 1533 5484 1647 5542; x_wconf 77' lang='lat' dir='ltr'>ms_._</span> <span class='ocrx_word' id='word_1_870' title='bbox 1694 5464 1956 5542; x_wconf 39' lang='lat' dir='ltr'>quoque:</span> <span class='ocrx_word' id='word_1_871' title='bbox 2002 5467 2052 5542; x_wconf 25' lang='grc' dir='ltr'>³¹Ᾱ</span> <span class='ocrx_word' id='word_1_872' title='bbox 2098 5464 2377 5542; x_wconf 75' lang='lat' dir='ltr'>decipiunt</span> <span class='ocrx_word' id='word_1_873' title='bbox 2437 5466 2605 5542; x_wconf 78' lang='lat' dir='ltr'>alias,</span> <span class='ocrx_word' id='word_1_874' title='bbox 2664 5464 2960 5542; x_wconf 59' lang='lat' dir='ltr'>diripiunt.</span> <span class='ocrx_word' id='word_1_875' title='bbox 3001 5466 3165 5542; x_wconf 30' lang='lat' dir='ltr'>_3:3‘S.</span> <span class='ocrx_word' id='word_1_876' title='bbox 3218 5464 3375 5542; x_wconf 33' lang='lat' dir='ltr'>‘lsid.</span> <span class='ocrx_word' id='word_1_877' title='bbox 3428 5468 3725 5542; x_wconf 24' lang='lat' dir='ltr'>sentum,</span> <span class='ocrx_word' id='word_1_878' title='bbox 3793 5466 3874 5542; x_wconf 75' lang='lat'>28</span> 
     </span>
    </p>
   </div>
   <div class='ocr_carea' id='block_1_108' title="bbox 466 5539 1498 5603">
    <p class='ocr_par' dir='ltr' id='par_1_108' title="bbox 466 5539 1498 5603">
     <span class='ocr_line' id='line_1_109' title="bbox 466 5539 1498 5603; baseline -0.009 -5"><span class='ocrx_word' id='word_1_879' title='bbox 466 5544 512 5577; x_wconf 83' lang='grc'>³³</span> <span class='ocrx_word' id='word_1_880' title='bbox 546 5543 676 5597; x_wconf 87' lang='lat' dir='ltr'>lsai.</span> <span class='ocrx_word' id='word_1_881' title='bbox 720 5539 774 5603; x_wconf 80' lang='grc' dir='ltr'>ἰ,</span> <span class='ocrx_word' id='word_1_882' title='bbox 836 5542 888 5603; x_wconf 67' lang='lat' dir='ltr'>In,</span> <span class='ocrx_word' id='word_1_883' title='bbox 918 5542 972 5595; x_wconf 92' lang='lat'>6.</span> <span class='ocrx_word' id='word_1_884' title='bbox 1048 5542 1094 5575; x_wconf 62' lang='grc'>³⁵</span> <span class='ocrx_word' id='word_1_885' title='bbox 1130 5544 1147 5591; x_wconf 87' lang='grc' dir='ltr'>Ι</span> <span class='ocrx_word' id='word_1_886' title='bbox 1183 5545 1330 5594; x_wconf 86' lang='lat' dir='ltr'>Petr.</span> <span class='ocrx_word' id='word_1_887' title='bbox 1360 5556 1415 5603; x_wconf 91' lang='lat' dir='ltr'>v,</span> <span class='ocrx_word' id='word_1_888' title='bbox 1445 5539 1498 5592; x_wconf 90' lang='lat'>8.</span> 
     </span>
    </p>
   </div>
   <div class='ocr_carea' id='block_1_109' title="bbox 463 5684 1082 5744">
    <p class='ocr_par' dir='ltr' id='par_1_109' title="bbox 463 5684 1082 5744">
     <span class='ocr_line' id='line_1_110' title="bbox 463 5684 1082 5744; baseline -0.01 -3"><span class='ocrx_word' id='word_1_889' title='bbox 463 5688 510 5721; x_wconf 69' lang='lat'>“</span> <span class='ocrx_word' id='word_1_890' title='bbox 548 5688 681 5740; x_wconf 83' lang='lat' dir='ltr'>Isid.</span> <span class='ocrx_word' id='word_1_891' title='bbox 718 5686 845 5738; x_wconf 74' lang='lat' dir='ltr'>Sent</span> <span class='ocrx_word' id='word_1_892' title='bbox 880 5700 961 5744; x_wconf 81' lang='grc' dir='ltr'>ιιι,</span> <span class='ocrx_word' id='word_1_893' title='bbox 996 5684 1082 5735; x_wconf 65' lang='lat' dir='ltr'>Mi.</span> 
     </span>
    </p>
   </div>
   <div class='ocr_carea' id='block_1_110' title="bbox 460 5755 2087 5827">
    <p class='ocr_par' dir='ltr' id='par_1_110' title="bbox 460 5755 2087 5827">
     <span class='ocr_line' id='line_1_111' title="bbox 460 5755 2087 5827; baseline -0.005 -11"><span class='ocrx_word' id='word_1_894' title='bbox 460 5759 674 5815; x_wconf 84' lang='lat' dir='ltr'>decret.</span> <span class='ocrx_word' id='word_1_895' title='bbox 713 5756 915 5812; x_wconf 86' lang='lat' dir='ltr'>Leonis</span> <span class='ocrx_word' id='word_1_896' title='bbox 946 5772 1125 5827; x_wconf 68' lang='lat' dir='ltr'>papas.</span> <span class='ocrx_word' id='word_1_897' title='bbox 1208 5755 1251 5788; x_wconf 65' lang='grc'>⁵⁸</span> <span class='ocrx_word' id='word_1_898' title='bbox 1286 5770 1392 5807; x_wconf 85' lang='lat' dir='ltr'>ms.</span> <span class='ocrx_word' id='word_1_899' title='bbox 1426 5756 1518 5807; x_wconf 79' lang='lat' dir='ltr'>Ait</span> <span class='ocrx_word' id='word_1_900' title='bbox 1555 5769 1699 5823; x_wconf 82' lang='lat' dir='ltr'>ergo.</span> <span class='ocrx_word' id='word_1_901' title='bbox 1780 5755 1821 5789; x_wconf 78' lang='grc'>⁴⁷</span> <span class='ocrx_word' id='word_1_902' title='bbox 1848 5771 1957 5809; x_wconf 88' lang='lat' dir='ltr'>ms.</span> <span class='ocrx_word' id='word_1_903' title='bbox 1990 5755 2087 5810; x_wconf 84' lang='lat' dir='ltr'>ita.</span> 
     </span>
    </p>
   </div>
   <div class='ocr_carea' id='block_1_111' title="bbox 1606 5535 3350 5609">
    <p class='ocr_par' dir='ltr' id='par_1_111' title="bbox 1606 5535 3350 5609">
     <span class='ocr_line' id='line_1_112' title="bbox 1606 5535 3350 5609; baseline -0.003 -15"><span class='ocrx_word' id='word_1_904' title='bbox 1606 5540 1650 5573; x_wconf 83' lang='grc'>³⁵</span> <span class='ocrx_word' id='word_1_905' title='bbox 1679 5535 1930 5608; x_wconf 66' lang='grc' dir='ltr'>ὗτορεηε</span> <span class='ocrx_word' id='word_1_906' title='bbox 1968 5540 2073 5594; x_wconf 72' lang='lat' dir='ltr'>vel.</span> <span class='ocrx_word' id='word_1_907' title='bbox 2151 5535 2630 5609; x_wconf 56' lang='lat' dir='ltr'>36languentibus.</span> <span class='ocrx_word' id='word_1_908' title='bbox 2709 5536 2752 5569; x_wconf 82' lang='grc'>³⁷</span> <span class='ocrx_word' id='word_1_909' title='bbox 2784 5535 2938 5591; x_wconf 90' lang='lat' dir='ltr'>Idem</span> <span class='ocrx_word' id='word_1_910' title='bbox 2990 5536 3140 5609; x_wconf 23' lang='lat' dir='ltr'>AIsid.</span> <span class='ocrx_word' id='word_1_911' title='bbox 3218 5536 3261 5571; x_wconf 78' lang='grc'>³⁸</span> <span class='ocrx_word' id='word_1_912' title='bbox 3292 5553 3350 5609; x_wconf 77' lang='grc' dir='ltr'>ιι,</span> 
     </span>
    </p>
   </div>
   <div class='ocr_carea' id='block_1_112' title="bbox 463 5610 2265 5669">
    <p class='ocr_par' dir='ltr' id='par_1_112' title="bbox 463 5610 2265 5669">
     <span class='ocr_line' id='line_1_113' title="bbox 463 5610 2265 5669; baseline -0.001 -1"><span class='ocrx_word' id='word_1_913' title='bbox 463 5613 649 5669; x_wconf 84' lang='lat' dir='ltr'>Cham.</span> <span class='ocrx_word' id='word_1_914' title='bbox 732 5614 777 5646; x_wconf 75' lang='lat'>3°</span> <span class='ocrx_word' id='word_1_915' title='bbox 804 5612 948 5666; x_wconf 89' lang='lat' dir='ltr'>Gen.</span> <span class='ocrx_word' id='word_1_916' title='bbox 983 5628 1058 5665; x_wconf 70' lang='grc' dir='ltr'>ιχ.</span> <span class='ocrx_word' id='word_1_917' title='bbox 1133 5611 1179 5645; x_wconf 75' lang='grc' dir='ltr'><strong>⁸ο</strong></span> <span class='ocrx_word' id='word_1_918' title='bbox 1213 5611 1272 5665; x_wconf 92' lang='lat' dir='ltr'>In</span> <span class='ocrx_word' id='word_1_919' title='bbox 1298 5611 1451 5665; x_wconf 83' lang='lat' dir='ltr'>Decr.</span> <span class='ocrx_word' id='word_1_920' title='bbox 1478 5611 1588 5664; x_wconf 89' lang='lat' dir='ltr'>lvo.</span> <span class='ocrx_word' id='word_1_921' title='bbox 1624 5610 1724 5664; x_wconf 91' lang='lat' dir='ltr'>lib.</span> <span class='ocrx_word' id='word_1_922' title='bbox 1756 5628 1833 5666; x_wconf 83' lang='grc' dir='ltr'>ιν.</span> <span class='ocrx_word' id='word_1_923' title='bbox 1866 5612 1909 5645; x_wconf 80' lang='grc'>⁴¹</span> <span class='ocrx_word' id='word_1_924' title='bbox 1939 5611 2097 5666; x_wconf 91' lang='lat' dir='ltr'>Idem</span> <span class='ocrx_word' id='word_1_925' title='bbox 2130 5611 2265 5666; x_wconf 90' lang='lat' dir='ltr'>Isid.</span> 
     </span>
    </p>
   </div>
   <div class='ocr_carea' id='block_1_113' title="bbox 1164 5678 3897 5755">
    <p class='ocr_par' dir='ltr' id='par_1_113' title="bbox 1164 5678 3897 5755">
     <span class='ocr_line' id='line_1_114' title="bbox 1164 5678 3897 5755; baseline 0.001 -19"><span class='ocrx_word' id='word_1_926' title='bbox 1164 5683 1205 5715; x_wconf 68' lang='grc'><strong>⁵⁵</strong></span> <span class='ocrx_word' id='word_1_927' title='bbox 1234 5683 1414 5751; x_wconf 68' lang='lat' dir='ltr'>Epist.</span> <span class='ocrx_word' id='word_1_928' title='bbox 1456 5683 1501 5741; x_wconf 88' lang='grc'>1,</span> <span class='ocrx_word' id='word_1_929' title='bbox 1537 5682 1605 5734; x_wconf 82' lang='lat' dir='ltr'>ad</span> <span class='ocrx_word' id='word_1_930' title='bbox 1655 5682 1960 5749; x_wconf 84' lang='lat' dir='ltr'>Jacobum,</span> <span class='ocrx_word' id='word_1_931' title='bbox 2022 5698 2091 5738; x_wconf 78' lang='lat' dir='ltr'>ex</span> <span class='ocrx_word' id='word_1_932' title='bbox 2143 5681 2621 5755; x_wconf 88' lang='lat' dir='ltr'>interpretatione</span> <span class='ocrx_word' id='word_1_933' title='bbox 2665 5679 2881 5748; x_wconf 79' lang='lat' dir='ltr'>Ruﬁni,</span> <span class='ocrx_word' id='word_1_934' title='bbox 2934 5684 2992 5733; x_wconf 91' lang='lat' dir='ltr'>et</span> <span class='ocrx_word' id='word_1_935' title='bbox 3016 5680 3153 5735; x_wconf 89' lang='lat' dir='ltr'>dist.</span> <span class='ocrx_word' id='word_1_936' title='bbox 3183 5678 3276 5744; x_wconf 85' lang='lat'>93,</span> <span class='ocrx_word' id='word_1_937' title='bbox 3308 5678 3369 5735; x_wconf 87' lang='lat' dir='ltr'>Si</span> <span class='ocrx_word' id='word_1_938' title='bbox 3397 5678 3682 5751; x_wconf 75' lang='lat' dir='ltr'>inimicus,</span> <span class='ocrx_word' id='word_1_939' title='bbox 3726 5685 3797 5737; x_wconf 85' lang='lat' dir='ltr'>et</span> <span class='ocrx_word' id='word_1_940' title='bbox 3828 5680 3897 5739; x_wconf 83' lang='lat' dir='ltr'>in</span> 
     </span>
    </p>
   </div>
   <div class='ocr_carea' id='block_1_114' title="bbox 3384 5507 3900 5606">
    <p class='ocr_par' dir='ltr' id='par_1_114' title="bbox 3384 5507 3900 5606">
     <span class='ocr_line' id='line_1_115' title="bbox 3384 5507 3900 5606; baseline 0.006 -16"><span class='ocrx_word' id='word_1_941' title='bbox 3384 5507 3900 5606; x_wconf 56' lang='grc' dir='ltr'>ιιῗΐζςέτὶἰεπὲἁ</span> 
     </span>
    </p>
   </div>
   <div class='ocr_carea' id='block_1_115' title="bbox 2345 5606 3894 5673">
    <p class='ocr_par' dir='ltr' id='par_1_115' title="bbox 2345 5606 3894 5673">
     <span class='ocr_line' id='line_1_116' title="bbox 2345 5606 3894 5673; baseline 0.001 -11"><span class='ocrx_word' id='word_1_942' title='bbox 2345 5610 2391 5645; x_wconf 63' lang='lat'>‘9</span> <span class='ocrx_word' id='word_1_943' title='bbox 2425 5608 2580 5664; x_wconf 88' lang='lat' dir='ltr'>Psal.</span> <span class='ocrx_word' id='word_1_944' title='bbox 2613 5623 2800 5673; x_wconf 76' lang='lat' dir='ltr'>LXXXI,</span> <span class='ocrx_word' id='word_1_945' title='bbox 2834 5609 2883 5661; x_wconf 90' lang='grc'>1.</span> <span class='ocrx_word' id='word_1_946' title='bbox 2962 5607 3006 5641; x_wconf 67' lang='grc'>’⁸³</span> <span class='ocrx_word' id='word_1_947' title='bbox 3032 5625 3185 5672; x_wconf 81' lang='lat' dir='ltr'>xxw,</span> <span class='ocrx_word' id='word_1_948' title='bbox 3218 5624 3276 5673; x_wconf 89' lang='lat' dir='ltr'>q.</span> <span class='ocrx_word' id='word_1_949' title='bbox 3308 5608 3363 5672; x_wconf 87' lang='lat'>3,</span> <span class='ocrx_word' id='word_1_950' title='bbox 3398 5607 3525 5661; x_wconf 89' lang='lat' dir='ltr'>Tam</span> <span class='ocrx_word' id='word_1_951' title='bbox 3551 5606 3894 5666; x_wconf 70' lang='lat' dir='ltr'>sacerdota.</span> 
     </span>
    </p>
   </div>
  </div>
