4036 6344
216 418 338 484 817

1708 418 2132 482 ΕΡΙΞΤΟΙΛΕ.

3500 422 3621 483 818

219 567 460 611 necesse
488 558 579 611 est
606 569 676 610 ea
702 552 845 610 vitia
874 554 1024 611 ferro
1050 553 1388 612 abscindere
1418 571 1545 627 qua
1578 553 1707 610 aliis
1739 569 1860 609 me-
1890 553 1942 620 Α
1977 552 2118 609 mini
2148 551 2423 625 noceatis,
2475 557 2766 627 quatenus
2813 557 2870 611 et
2917 553 2989 611 ab
3030 551 3370 612 hominibus
3400 553 3614 610 bonam

220 643 615 701 dicaminibus
646 660 759 699 non
804 648 1106 700 sanantur.
1158 644 1362 700 Pareat
1404 644 1802 715 unusquisque
1832 660 1866 698 a

217 733 570 790 laceratione
597 732 687 788 vel
716 733 760 767 ‘3
782 733 1138 790 detractione
1156 733 1369 806 linguae
1399 738 1862 805 suae,caveatque

218 838 294 878 ne
322 824 423 877 aut
450 820 714 894 linguam
737 825 837 876 aut
857 838 1027 878 aures
1057 822 1271 879 habeat
1291 822 1639 896 prurientes,
1670 822 1728 877 id
1751 827 1860 888 est,

217 927 294 967 ne
324 914 425 967 aut
473 909 605 966 aliis
644 910 899 982 deroget,
959 910 1336 981 detrahatque
1393 911 1859 983 quibuscunquo,

212 1004 317 1056 aut
345 1000 491 1056 alios
520 999 723 1054 audiat
751 999 1096 1071 derogantes
1119 999 1205 1056 vel
1233 1000 1602 1057 detrahentes
1628 1017 1639 1054 :
1672 1005 1860 1056 custo-

211 1089 453 1162 diatque
482 1086 733 1160 quisque
763 1104 1062 1144 sermones
1094 1105 1258 1156 suos,
1290 1094 1347 1144 et
1366 1089 1534 1159 sciat,
1569 1089 1706 1161 quia
1735 1087 1861 1160 qui-

210 1193 439 1250 cunque
467 1178 539 1233 de
570 1176 699 1232 aliis
727 1176 1009 1248 loquitur,
1036 1194 1143 1233 sua
1162 1176 1450 1233 sententia
1470 1176 1854 1248 judicabitur.

208 1267 423 1324 Caveat
451 1265 631 1321 etiam
663 1265 855 1321 omnis
885 1264 1097 1330 ﬁdelis,
1129 1283 1201 1322 ne
1247 1267 1580 1339 derogando
1611 1267 1766 1337 quod
1796 1266 1855 1321 in

208 1358 386 1413 domo
419 1356 773 1428 cujusquam
801 1355 1014 1427 agitur,
1049 1354 1163 1410 alia
1208 1355 1419 1411 domus
1466 1372 1568 1427 per
1596 1372 1726 1411 eum
1761 1372 1854 1410 co-

205 1448 476 1518 gnoscat,
504 1444 605 1500 sed
636 1443 901 1499 omnium
931 1443 1395 1500 Christianorum
1450 1445 1653 1500 domos
1684 1444 1855 1515 quasi

205 1533 479 1607 proprias
510 1536 683 1589 amet.
716 1533 897 1588 Nemo
928 1532 1085 1588 enim
1117 1532 1298 1588 invito
1324 1534 1577 1589 auditori
1612 1534 1854 1589 libenter

204 1623 404 1680 refert.
434 1622 637 1694 Sitque
668 1622 1137 1694 uniuscujusque
1188 1621 1470 1690 studium,
1516 1640 1631 1678 non
1660 1622 1853 1679 solum

204 1711 412 1768 oculos
442 1714 634 1767 castos
668 1726 919 1778 servare,
954 1711 1053 1766 sed
1084 1714 1141 1766 et
1170 1710 1454 1783 linguam.
1490 1714 1603 1766 Vos
1634 1714 1849 1778 autem,

201 1799 563 1869 charissimi,
596 1800 695 1872 qui
725 1800 866 1856 estis
892 1800 1003 1855 sub
1034 1800 1266 1856 Domini
1298 1800 1607 1872 disciplina
1635 1800 1849 1856 consti-

194 1888 427 1957 tuti,sio
455 1906 558 1945 vos
588 1888 872 1956 exhibete,
904 1891 969 1943 ut
995 1888 1112 1944 veri
1162 1888 1415 1945 ministri
1445 1892 1503 1944 et
1532 1889 1579 1925 ⁴⁹
1620 1888 1853 1960 dispen-

196 1982 431 2036 sotores
487 1979 893 2050 mysteriorum
953 1978 1082 2049 ejus
1110 1977 1176 2046 ⁸⁷,
1232 1980 1297 2032 ut
1342 1994 1459 2033 non
1487 1977 1851 2049 vituperetur

192 2066 597 2125 ministerium
628 2071 906 2135 vestrum,
936 2084 1008 2124 ne
1036 2067 1140 2125 ﬁat
1184 2067 1244 2123 in
1275 2067 1466 2133 nobis,
1498 2065 1670 2123 sicuti
1699 2067 1839 2123 scri-

190 2159 368 2229 ptum
399 2156 490 2212 est
512 2173 531 2210 :
559 2155 628 2211 Et
650 2157 756 2211 erit
780 2155 946 2212 sicuti
961 2155 1219 2228 populus,
1250 2156 1329 2212 sic
1348 2155 1597 2213 sacerdos
1624 2156 1715 2213 ‘0'.
1746 2156 1842 2212 Sic

190 2246 358 2302 enim
386 2260 512 2313 vos,
542 2247 902 2316 vestrosque,
943 2248 1001 2301 et
1028 2248 1269 2302 cunctos
1317 2244 1609 2317 corripite,
1644 2248 1709 2300 ut
1738 2260 1836 2300 ne-

1974 643 2293 715 acquiratis
2329 644 2565 712 famam,
2599 649 2656 700 et
2685 662 2719 700 a
2748 644 2864 700 Deo
2899 643 3181 700 mercedis
3217 642 3522 716 praemium
3554 643 3614 699 in

1973 734 2187 789 asterna
2212 732 2571 789 beatitudine
2601 733 2895 805 percipere
2916 733 3277 789 mereamini.
3304 734 3371 787 Et
3398 731 3449 788 si
3470 732 3612 804 quid

1970 820 2195 876 adversi
2227 822 2297 877 de
2323 822 2545 877 unitate
2576 821 2840 881 Ecclesia;
2866 823 3161 891 acciderit,
3186 822 3464 878 radicitus
3494 838 3616 877 am-

1970 913 2226 982 putetur,
2260 914 2324 965 ut
2353 910 2453 965 Dei
2486 911 2758 980 Ecclesia,
2793 912 3137 983 fructusque
3166 928 3464 967 servorum
3484 912 3613 982 ejus

1970 1004 2244 1054 maneant
2274 999 2643 1056 inconcussa.
2676 1002 2909 1072 Pr0pter
2936 1001 3097 1072 quod,
3149 1000 3482 1067 charissimi,
3513 1015 3610 1055 ea:-

1966 1095 2259 1159 spectantes
2287 1090 2538 1159 satagite,
2599 1090 2942 1145 immaculati
2988 1092 3041 1145 ei
3087 1089 3328 1144 inveniri
3369 1090 3429 1143 in
3454 1104 3609 1160 pace,

1965 1180 2018 1232 et
2050 1178 2276 1233 Domini
2302 1179 2481 1233 nostri
2524 1179 2653 1234 Jesu
2697 1178 2902 1233 Christi
2954 1178 3421 1249 longanimitatem
3457 1178 3608 1233 salu-

1964 1272 2073 1322 tem
2100 1268 2555 1323 arbitramini“.
2608 1269 2797 1323 Estote
2841 1283 2965 1338 ergo
3021 1267 3331 1338 prudentes,
3391 1268 3441 1321 et
3469 1266 3607 1338 vigi-

1966 1354 2075 1410 late
2107 1355 2165 1410 in
2196 1357 2579 1411 orationibus:
2635 1365 2758 1411 ante
2796 1358 2988 1412 omnia
3034 1360 3215 1411 autem
3266 1364 3517 1412 mutuam
3546 1357 3607 1410 in

1963 1444 2359 1515 vobismetipsis
2387 1444 2711 1501 charitatem
2766 1446 3091 1501 continuam
3136 1442 3431 1507 habentes;
3475 1446 3607 1516 quia

1961 1533 2203 1588 charitas
2233 1534 2405 1604 operit
2452 1534 2861 1590 multitudinem
2897 1538 3259 1606 peccatorum.
3302 1534 3606 1605 Hospitales

1960 1623 2192 1677 invicem
2221 1624 2340 1677 sine
2384 1625 2840 1680 murmuratione.
2895 1623 3288 1695 Unusquisque,
3335 1625 3477 1678 sicut
3508 1640 3607 1677 ac-

1960 1712 2098 1781 cepit
2123 1713 2382 1779 gratiam,
2437 1712 2497 1766 in
2552 1713 2881 1766 alterutrum
2927 1712 3084 1766 illam
3130 1712 3602 1781 administrantes,

1958 1802 2101 1854 sicut
2130 1799 2257 1855 boni
2292 1800 2687 1871 dispensatores
2734 1802 3098 1871 multi/armis
3151 1803 3350 1872 gratia:
3399 1803 3513 1857 Dei.
3547 1802 3608 1857 Si

1907 1886 1926 1962 ;
1961 1890 2080 1960 quis
2110 1889 2369 1960 loquitur,
2402 1890 2549 1945 sicut
2576 1906 2850 1945 sermones
2892 1891 3031 1944 Dei:
3061 1891 3112 1944 si
3158 1892 3281 1962 quis
3302 1891 3604 1960 ministrat,

1958 1981 2221 2048 tanquam
2248 1992 2320 2033 ea:
2344 1980 2568 2048 virtute,
2617 1994 2783 2049 quam
2828 1978 3183 2034 administrat
3232 1984 3403 2045 Deus,
3454 1987 3515 2034 ut
3543 1981 3605 2034 in

1948 2067 2201 2123 omnibus
2256 2067 2641 2136 honoriﬁcetur
2694 2069 2834 2123 Deus
2903 2083 3004 2139 per
3059 2070 3242 2125 Jesum
3300 2068 3601 2135 Christum,

1948 2157 2040 2212 cui
2067 2159 2145 2212 est
2190 2156 2370 2226 gloria
2409 2160 2459 2212 ct
2518 2158 2813 2228 imperium
2869 2157 2932 2213 in
2976 2158 3188 2215 saecula.
3243 2158 3595 2217 saeculorum.

1948 2246 2117 2302 Amen
2145 2245 2210 2299 ⁵³.

1017 2565 1273 2656 Ι)Πο
1330 2564 1858 2659 DECRETA
1919 2568 2469 2658 ANACLETI
2526 2570 2815 2657 ΡΑΡῙΕ

1652 2770 1745 2827 EX
1772 2772 2153 2829 GRATIANO.

290 2967 473 3035 Quare
502 2966 641 3022 laici
668 2967 729 3021 in
760 2966 1103 3093 accuséttione
1133 2968 1503 3039 episcoporum
1529 2983 1639 3023 non
1666 2984 1767 3024 au-

941 3046 1150 3093 iuntur.

941 3046 1150 3094 iuntur.

1883 2970 1925 3036 C
1965 2983 2171 3024 omnes
2202 2968 2481 3041 episcopi,
2505 2968 2606 3041 qui
2628 2969 2804 3040 hujus
2835 2968 3161 3041 apostolica
3185 2970 3341 3025 sedis
3375 2970 3609 3029 ordina-

1968 3057 2114 3112 tioni
2146 3058 2471 3128 subjacent,
2504 3062 2562 3115 et
2591 3059 2688 3130 qui
2714 3058 3025 3131 propinqui
3046 3063 3204 3124 sunt,
3235 3075 3429 3114 annue
3458 3058 3612 3115 circa

276 3145 323 3185 ⁵⁸
351 3143 505 3200 Laioi
530 3142 591 3199 in
615 3144 985 3201 accusatione
1004 3144 1411 3217 episcoporum
1434 3145 1709 3201 audiendi
1739 3162 1854 3201 non
1966 3146 2105 3201 Idus
2133 3146 2265 3201 Maii
2288 3150 2622 3203 sanctorum
2677 3146 3006 3219 principum
3028 3147 3175 3202 Petri
3196 3151 3253 3203 et
3272 3147 3433 3203 Pauli
3459 3146 3610 3202 limi-

200 3237 369 3301 sunt,
401 3233 542 3306 quia
570 3233 784 3306 oppido
810 3233 897 3290 eis
927 3234 1167 3306 quidam
1199 3234 1394 3293 infesti
1426 3239 1582 3291 sunt.
1615 3238 1683 3289 Et
1704 3234 1854 3290 indi-

199 3338 392 3395 gnum
420 3324 511 3378 est
540 3326 607 3377 ut
636 3322 709 3378 ab
739 3322 824 3378 eis
853 3326 1223 3392 accusentur,
1255 3324 1354 3396 qui
1386 3339 1587 3380 eorum
1616 3323 1858 3395 gravita-

200 3416 328 3468 tem
360 3409 571 3466 nolunt
597 3409 836 3466 imitari.

199 3518 461 3589 Singulis
487 3519 653 3589 annis
681 3518 1055 3589 apostolorum
1102 3517 1302 3573 limina
1348 3516 1567 3573 visitant
1594 3519 1855 3589 episcopi,

422 3590 519 3659 qui
544 3588 984 3645 ordinationibus
1011 3590 1320 3661 apostolicis
1343 3590 1643 3660 subjacent.

276 3676 326 3711 “
342 3676 518 3733 Juxta
538 3682 879 3734 sanctorum
904 3677 1139 3733 Patrum
1164 3682 1222 3733 et
1241 3694 1539 3734 canonum
1562 3678 1857 3742 instituta,

281 3871 425 3945 ‘pr
456 3889 547 3945 ep-

1969 3233 2145 3291 nihus
2174 3238 2619 3307 presententur,
2651 3235 2811 3292 omni
2865 3234 3166 3291 occasione
3196 3235 3468 3307 seposita.
3499 3234 3607 3301 Qui

1967 3338 2103 3378 vero
2134 3323 2204 3379 de
2232 3322 2551 3396 longinquo
2575 3328 2734 3395 sunt,
2751 3325 2923 3396 juxta
2951 3323 3405 3396 chirographum
3428 3340 3604 3383 suum

1971 3410 2271 3483 impleant.
2331 3412 2438 3476 Qui
2491 3416 2688 3468 autem
2765 3412 3106 3483 hujusmodi
3175 3411 3609 3468 constitutionis

1970 3504 2331 3573 contemptor
2387 3501 2691 3570 exstiterit,
2750 3506 3137 3573 praeterquam
3203 3500 3252 3556 si
3309 3501 3607 3575 aegritudi-

1972 3606 2043 3644 ne
2075 3590 2248 3645 fuerit
2292 3591 2587 3657 detentus,
2645 3590 2790 3645 sciat
2845 3606 2908 3645 se
2962 3589 3258 3645 canonicis
3306 3590 3610 3660 subjacere

1967 3678 2290 3733 sententiis.

606 3873 738 3947 27D.
798 3874 1033 3929 Hieron.
1067 3873 1156 3947 ad
1217 3872 1827 3947 Ne_potianum,_cujus
1882 3873 2060 3947 verba
2086 3873 2229 3947 mire
2284 3873 2607 3947 deformata
2662 3876 2973 3947 mangonio
3032 3876 3212 3931 nostri
3244 3875 3602 3947 Mercatoris.

204 3945 257 3981 ⁸ο
276 3943 454 4000 Zacb.
488 3943 615 4017 cap.
648 3946 702 4013 3,
736 3960 840 4015 pro
873 3960 1031 4000 more
1063 3944 1427 4016 interpolata.
1504 3945 1592 3997 ⁶⁰Ι
1622 3944 1750 4000 Cor.
1788 3963 1853 4013 ιν,

1978 4016 1983 4017 γ
2023 3945 2090 3979 ⁵ο·
2131 3946 2254 4017 _Isa.
2288 3962 2439 4012 xxxv,
2471 3947 2525 4000 2.
2601 3946 2643 3981 δι
2678 3945 2726 4001 ΙΙ
2768 3943 2915 4002 Patr.
2972 3964 3055 4013 ιιι,
3093 3948 3176 4011 14,
3210 3947 3296 4001 45.
3372 3947 3418 3980 ³³
3450 3948 3471 4001 Ι
3502 3946 3604 4002 Pe-

204 4020 314 4089 tr._
334 4016 525 4089 Aw,__7,
560 4015 645 4071 Η.
724 4016 769 4051 ⁵³
800 4034 864 4083 ιι,
896 4020 1099 4087 quaest.
1155 4015 1401 4083 7,7Laici
1424 4018 1811 4089 episcoporum.
1856 4016 2088 4089 Eadem
2122 4015 2239 4072 fere
2269 4019 2444 4072 verba
2475 4017 2763 4072 habentur
2790 4018 2848 4073 in
2881 4017 3125 4089 epistola
3152 4017 3384 4073 Eusebii
3417 4034 3601 4089 papae.

205 4089 260 4122 ³⁸⁸
286 4086 383 4154 93,
413 4086 552 4145 dist.
586 4089 638 4144 1.
665 4089 835 4144 Juxta
862 4086 1176 4145 sanctorum
1203 4089 1453 4155 Patrum,
1484 4090 1541 4143 et
1568 4088 1629 4143 in
1658 4092 1817 4143 Decr.
1849 4087 2136 4143 Zachariae
2165 4104 2347 4160 papae.
