4036 6344
475 506 3861 542 ﬂ

1088 716 2137 920 SANCTUS
2266 709 3242 914 HERMAS

1492 1065 1724 1157 VIR
1830 1062 2835 1157 APOSTOLICUS.

613 1396 1391 1530 VETEBUM
1486 1392 2207 1528 TESTIMO

2131 1392 2495 1528 DNIA
2584 1392 2794 1522 DE
2886 1390 3009 1523 S.
3109 1388 3725 1521 ΗΕΒΜΑ.

991 1648 1330 1721 (Genuum,
1362 1648 1607 1707 Veterum
1631 1650 1862 1706 Patrum
1889 1648 2249 1718 Bibliotheca,
2284 1651 2325 1705 t.
2352 1648 2401 1715 Ι,
2428 1647 2584 1703 Vene

1762 1664 1862 1705 um
1889 1648 2249 1718 Bibliotheca,
2284 1651 2325 1705 t.
2352 1648 2401 1715 Ι,
2428 1644 2704 1716 Venetiis,
2736 1645 2896 1718 1765,
2927 1642 3121 1702 in-t'ol.
3151 1661 3210 1718 p.
3240 1643 3356 1717 54.)

2153 1827 2206 1890 1.-

1064 1947 1121 2001 8.
1154 1944 1443 2013 Inmane,
1473 1944 1754 2002 adversus
1783 1944 2062 2013 Haereses,
2093 1944 2195 2001 lib.
2226 1959 2303 2016 1v,
2333 1958 2453 2016 cap.
2482 1942 2575 2012 20,
2604 1957 2760 1997 num.
2790 1942 2847 2009 2,
2881 1940 3014 1998 edit.
3041 1940 3291 1999 Massuet.

561 2087 710 2160 Bene
738 2102 874 2160 ergo
902 2087 1300 2160 pronuntiavit
1327 2087 1644 2160 Scriptura,
1679 2104 1805 2159 quas
1837 2086 2014 2143 dicit:
2062 2087 2256 2143 Primo
2283 2087 2531 2143 omnium
2575 2084 3047 2160 crede,gquouiam
3073 2101 3220 2141 unus
3272 2090 3352 2142 est
3379 2086 3537 2153 Deus,
3570 2088 3673 2160 qui
3700 2090 3882 2144 omnia

562 2105 710 2143 nene
738 2105 874 2160 ergo
902 2105 1300 2160 pronuntiavit
1327 2105 1447 2145 acr1
1494 2105 1644 2156 tura,
1679 2105 1805 2159 quae
1837 2105 2014 2143 a1c11:
2062 2105 2256 2143 [’Ttmo
2283 2105 2531 2143 omnium
2575 2105 2751 2153 crede,
2788 2105 3047 2157 quamam
3073 2105 3220 2141 unus
3272 2105 3352 2142 est
3379 2105 3537 2153 ueus,
3570 2105 3669 2160 qui
3700 2105 3882 2144 omnia

486 2105 1557 2287 ggzsigtgjt,Eeisct:1:sﬁg1mlqviItiaent
1582 2176 1654 2217 ea;
1680 2175 1741 2217 eo
1797 2160 1939 2232 quod
1963 2174 2078 2216 non
2129 2162 2270 2229 erat,
2302 2161 2363 2214 ut
2396 2160 2574 2215 essent
2622 2158 2809 2213 omnia
2827 2174 2847 2213 :
2877 2158 3123 2213 omnium
3151 2172 3345 2231 capax,
3400 2162 3455 2215 et
3480 2160 3581 2231 qui
3602 2176 3638 2217 a
3668 2162 3882 2217 ηεηιίιω

486 2230 763 2304 capiatur.
791 2231 995 2289 Exstat
1021 2230 1125 2288 lib.
1158 2247 1224 2304 11,
1252 2230 1449 2289 mand.
1480 2249 1523 2288 1.

2139 2354 2212 2411 II.

1235 2474 1503 2530 CLEMENS
1527 2474 1707 2545 Alea,
1740 2477 1962 2549 Στρωμ.
1996 2473 2098 2529 lib.
2132 2489 2174 2541 1,
2203 2487 2331 2543 cap.
2362 2470 2449 2527 17.
2478 2486 2610 2542 pag.
2640 2470 2767 2543 369,
2797 2488 2828 2528 e

1540 2474 1707 2545 Alea,
1740 2477 1962 2549 Στρωμ.
1996 2473 2098 2529 lib.
2132 2489 2174 2541 1,
2203 2487 2331 2543 cap.
2362 2470 2449 2527 17.
2478 2486 2610 2542 pag.
2640 2470 2767 2543 369,
2797 2470 2929 2528 edit.
2962 2471 3134 2528 Oxon.

554 2616 706 2672 Dicit
761 2619 957 2675 autem
986 2622 1044 2674 et
1076 2619 1294 2682 Pastor,
1324 2617 1579 2690 Angelus
1626 2616 1997 2688 pmnitentiea,
2047 2616 2118 2671 ad

2305 2613 2460 2689 Λέγει
2492 2610 2550 2667 δὲ
2579 2611 2729 2667 καὶὸ
2780 2613 3018 2685 Ποιμήν,
3074 2613 3103 2666 ὁ
3150 2610 3381 2689 ἅγγελος
3436 2620 3540 2684 τῆς
3576 2616 3878 2687 μετανοίας,

485 2706 781 2773 Hermum,
813 2707 885 2763 de
914 2706 1422 2779 pseudoprOpheta
1446 2723 1459 2761 :
1499 2706 1759 2774 Quadam
1788 2706 1937 2760 enim
1962 2707 2079 2761 vert

2286 2706 2537 2777 ῥἙρμᾷ,
2586 2700 2709 2777 περὶ
2761 2706 2858 2755 τοῦ
2904 2698 3358 2779 ψευδοπροφήτου
3394 2747 3406 2759 .
3457 2703 3589 2758 Τινά
3632 2706 3737 2781 γὰρ
3786 2704 3880 2779 ῥή-

487 2811 621 2850 vera
648 2795 911 2868 loquitur.
942 2796 1198 2852 Diabolus
1229 2796 1375 2850 enim
1394 2810 1519 2849 eum
1565 2794 1755 2865 implet
1782 2809 1878 2849 suo
1906 2794 2081 2865 spirit:

2284 2812 2382 2846 ατα
2435 2790 2615 2860 ἀληθῆ
2677 2787 2856 2846 λαλεῖ.
2913 2796 2968 2844 Ὁ
3023 2792 3128 2867 γὰρ
3187 2787 3446 2855 διάϐολος
3504 2792 3664 2848 αὐτὸν
3714 2792 3826 2862 πλη
3858 2827 3878 2837 -

487 2884 541 2939 si
566 2898 727 2955 quem
745 2885 918 2956 possit
946 2899 1017 2940 ex
1033 2884 1201 2956 justi:
1239 2887 1519 2954 frangere.
1571 2882 1700 2939 Lib.
1742 2899 1805 2950 11,
1836 2882 2035 2939 mand.
2069 2901 2081 2938 ι

2288 2884 2327 2934 ii
2352 2882 2431 2951 τῷ
2462 2877 2652 2933 ἑαυτοῦ
2698 2876 2986 2952 πνεύματι,
3014 2875 3070 2933 εἷ’
3107 2899 3230 2934 τινα
3276 2877 3559 2951 δυνήσεται
3593 2880 3753 2958 ῥῆξαι
3780 2886 3882 2936 τῶν

491 2988 620 3045 cap.
658 2973 711 3028 1.

2239 2966 2478 3024 δικαίων.

1711 3128 1878 3193 IDEM,
1910 3123 2070 3195 ibid.,
2099 3139 2223 3197 cap.
2254 3124 2346 3193 29,
2372 3138 2503 3195 pag.
2534 3123 2659 3178 426.

562 3248 764 3306 Divine
792 3264 929 3323 ergo
958 3252 1224 3307 Potestas
1252 3249 1349 3307 illa
1370 3266 1495 3321 quas
1532 3255 1757 3307 Hermae
1784 3247 2047 3320 loquitur
2069 3248 2131 3302 in

2314 3245 2483 3308 Θείως
2512 3245 2691 3300 τοίνυν
2737 3248 2774 3315 ἠ
2825 3245 3061 3320 Δύναμις
3108 3248 3143 3317 ἡ
3173 3251 3252 3319 τῷ
3296 3248 3473 3323 Ἑρμᾷ
3518 3247 3655 3304 κατά
3686 3249 3881 3305 ἀποκᾶ-

491 3338 839 3396 revelatione
865 3356 879 3394 :
914 3340 1172 3409 Visiones,
1202 3340 1411 3412 inquit,
1451 3348 1501 3396 et
1528 3340 1886 3397 revelationes
1908 3341 2085 3410 proptl

2290 3338 2401 3410 ›ψιν
2458 3332 2720 3391 λαλοῦσα.
2779 3335 2855 3390 Τὰ
2904 3335 3171 3409 ὁράματα,
3232 3337 3386 3415 φησὶ,
3438 3336 3528 3392 καὶ
3580 3338 3645 3392 τὰ
3688 3338 3884 3394 ἀποκα-

491 3444 580 3485 eos
610 3430 707 3499 qui
728 3437 858 3486 sunt
884 3428 1096 3501 duplici
1123 3429 1299 3497 corde,
1349 3429 1448 3503 qui
1474 3429 1755 3501 disputant
1784 3428 1841 3485 in
1873 3426 2085 3485 cordibi

2289 3424 2549 3499 ὄμματα,
2610 3422 2698 3478 διὰ
2752 3424 2879 3485 τοὺς
2934 3422 3235 3501 διψύχους,
3292 3425 3418 3488 τοὺς
3474 3424 3883 3503 διαλογιζομέ-

492 3516 630 3588 suis,
657 3518 770 3573 sint
795 3533 879 3588 ea,
908 3534 1009 3575 nec
1036 3535 1126 3575 ne.
1158 3518 1281 3575 Lib.
1313 3536 1353 3590 1,
1383 3518 1492 3575 vis.
1524 3534 1608 3585 111,
1636 3534 1763 3591 cap.
1790 3518 1843 3573 4.

2290 3536 2367 3577 mc
2400 3513 2452 3569 ἐν
2482 3519 2601 3576 ταῖς
2629 3510 2877 3590 καρδίαις
2906 3513 3105 3584 αὐτῶν,
3138 3516 3185 3571 εἰ
3216 3516 3319 3593 ἄρα
3345 3514 3456 3571 ἐστί
3503 3520 3696 3589 ταῦτα,
3730 3520 3765 3586 ἦ
3792 3518 3884 3573 οὐκ

2241 3625 2329 3659 εστ
2338 3624 2401 3661 ιν.

1720 3750 1884 3815 IDEM,
1917 3748 2013 3804 tib.
2046 3765 2109 3817 ιι,
2140 3763 2260 3820 cap.
2290 3746 2345 3820 4,
2372 3763 2501 3819 pag.
2532 3746 2658 3802 430.

569 3872 720 3930 Dicit
746 3872 926 3944 enim,
959 3888 1086 3947 quae
1115 3873 1340 3930 Hermae
1369 3874 1430 3930 in
1458 3873 1679 3930 visione
1709 3873 2001 3946 apparuit,
2029 3876 2139 3928 Po-

2320 3868 2465 3941 Φησὶ
2494 3869 2595 3947 γὰρ
2624 3868 2676 3924 ἐν
2717 3874 2798 3942 τῷ
2844 3869 3076 3945 ὁράματι
3122 3876 3202 3944 τῷ
3247 3872 3420 3947 Ἑρμᾷ
3467 3873 3503 3941 ἡ
3559 3871 3802 3946 Δύναμις
3854 3875 3884 3941 ἡ

498 3966 718 4021 testas:
775 3963 925 4033 Quod
979 3964 1088 4019 tibi
1137 3964 1399 4035 contingit
1458 3964 1713 4030 revelari,
1782 3962 2092 4021 revelabitu:

2292 3964 2470 4015 ανεῖσα
2501 3977 2515 3991 ’
2574 3962 2638 4014 Ὃ
2695 3958 2782 4016 ἐὰν
2844 3958 3117 4038 ἐνδέχεται
3174 3959 3673 4041 ἀποκαλυφθῆναι,
3732 3964 3837 4018 ἀπο
3865 3995 3886 4005 -

500 4052 628 4110 Lib.
652 4070 693 4124 1,
722 4052 830 4110 vis.
863 4068 951 4121 111,
979 4069 1106 4126 cap.
1136 4053 1192 4108 3.

1070 4070 1106 4109 ).
1136 4053 1192 4108 3.
2243 4047 2664 4127 καλυφθήσεται.

1743 4196 1904 4269 IDEM,
1942 4195 2107 4264 ibid.,
2131 4211 2251 4269 cap.
2281 4194 2338 4264 9,
2364 4210 2493 4267 pag.
2523 4194 2647 4250 452.

568 4322 765 4377 Pastor
793 4323 988 4377 autem
1019 4322 1091 4377 de
1120 4321 1193 4379 iis
1241 4320 1381 4378 solis
1409 4321 1508 4393 qui
1558 4321 1933 4391 dormissent,
1963 4320 2140 4377 verba

2319 4319 2376 4373 Ὁ
2399 4320 2615 4392 Ποιμὴν
2668 4316 2745 4388 δὲ,
2778 4314 2968 4381 ἁπλῶς
3016 4316 3103 4373 ἐπὶ
3155 4322 3262 4373 τῶν
3312 4320 3732 4393 κεκοιμημένων
3782 4321 3888 4383 θεὶς

499 4408 743 4479 faciens,
772 4408 933 4466 novit
963 4410 1246 4481 quosdam
1264 4410 1459 4481 justos
1488 4409 1548 4465 in
1574 4409 1847 4482 gentibus
1877 4413 1933 4465 et
1961 4408 2021 4463 in
2042 4408 2093 4464 J1

2293 4409 2347 4477 ἦν
2378 4405 2539 4480 λέξιν,
2572 4404 2813 4470 δικαίους
2862 4405 2976 4463 οἶδὲ
3021 4428 3165 4471 τινας
3212 4406 3264 4462 ἐν
3316 4406 3487 4464 ἔθνεσι
3534 4409 3709 4464 καὶέν
3761 4417 3887 4466 Ἰου-

500 4498 663 4570 datis,
696 4514 812 4554 non
843 4497 1033 4554 solum
1065 4502 1198 4555 ante
1228 4499 1541 4555 adventum
1572 4498 1803 4554 Domini
1832 4498 1934 4555 sed
1965 4497 2094 4553 etiai

2291 4496 2443 4568 ιίοις,
2503 4496 2566 4551 οὐ
2627 4496 2788 4570 μόνον
2846 4497 2951 4569 πρὸ
3007 4499 3107 4566 τῆς
3153 4501 3251 4552 τοῦ
3308 4497 3506 4574 Κυρίου
3558 4500 3885 4575 παρουσίας,

500 4591 635 4644 ante
662 4586 872 4660 legem,
903 4586 1004 4658 qui
1059 4586 1177 4643 Deo
1225 4588 1375 4660 grati
1424 4587 1761 4659 acceptique
1790 4586 2044 4655 fuerint;
2080 4604 2094 4642 1

2290 4584 2394 4642 λλᾶ
2420 4585 2510 4639 καὶ
2540 4586 2646 4662 πρὸ
2695 4584 2887 4659 νόμου,
2920 4587 3054 4659 μετὰ
3098 4587 3198 4655 τὴν
3251 4588 3389 4663 πρὸς
3436 4588 3565 4642 Θεὸν
3604 4588 3884 4664 εὐαρέστη-

499 4676 665 4749 Abel,
697 4680 764 4733 ut
795 4676 936 4744 Noe,
978 4679 1045 4730 ut
1090 4674 1141 4731 si
1187 4675 1320 4747 quis
1348 4675 1499 4732 alius
1545 4676 1767 4748 justus.
1800 4675 1953 4731 Dicit
1982 4690 2093 4748 ergl

2288 4698 2353 4747 ιν,
2402 4675 2479 4737 ὡς
2526 4669 2720 4744 νΑϐελ,
2770 4675 2844 4736 ὡς
2894 4679 3034 4743 Νῶε,
3088 4676 3165 4738 ὡς
3214 4674 3263 4731 εἷ’
3305 4697 3390 4738 τις
3439 4672 3626 4753 ἕτερος
3659 4675 3882 4740 δίκαιος.

502 4764 795 4838 apostolos
823 4768 880 4820 et
907 4764 1172 4820 doctores
1211 4763 1309 4836 qui
1356 4765 1744 4837 praedicarunt
1772 4780 1984 4820 nomen
2015 4764 2096 4819 Fil

2289 4764 2393 4833 ιησὶ
2450 4768 2580 4839 γοῦν
2626 4762 2752 4825 τοὺς
2799 4761 3136 4826 ἀποστόλους
3194 4765 3282 4819 καὶ
3336 4762 3719 4839 διδασκάλους,
3766 4768 3883 4828 τοὺς

501 4854 625 4923 Dei,
658 4854 832 4910 etiam
856 4869 991 4910 cum
1022 4854 1419 4921 dormiissent,
1444 4857 1727 4926 potestate
1756 4872 1823 4909 ac
1854 4856 1967 4910 fide
1996 4871 2095 4926 pra

2287 4854 2581 4926 ηρύξαντας
2625 4853 2687 4907 τὸ
2737 4848 2913 4925 ὄνομα
2957 4857 3053 4907 τοῦ
3102 4855 3229 4908 Υἱοῦ
3277 4859 3434 4922 Θεοῦ,
3477 4856 3567 4909 καὶ
3598 4858 3881 4929 κοιμηθέν-

499 4943 727 5000 dicasse
756 4942 831 4997 iis
859 4942 961 5014 qui
990 4946 1125 4998 ante
1155 4943 1529 4998 dormierant.
1559 4942 1777 5014 Deinde
1799 4942 1999 4999 subdit
2026 4960 2039 4998 :
2062 4946 2093 4998 l

2284 4962 2361 5014 ας,
2410 4946 2477 5015 τῇ
2506 4939 2730 5015 δυνάμει
2778 4942 2867 4997 καὶ
2914 4946 2983 5016 τῇ
3033 4942 3206 4999 πίστει
3251 4944 3480 5019 κηρύξαι
3526 4950 3642 5006 τοῖς
3693 4966 3878 5022 προκε-

498 5034 627 5106 ipsi,
659 5036 769 5089 etc.
802 5032 923 5087 Lib.
956 5048 1043 5103 111,
1074 5032 1245 5087 simil.
1280 5049 1356 5100 ιιι,
1385 5047 1503 5104 cap.
1540 5032 1626 5087 16.

2246 5031 2629 5106 κοιμημὲνοις.
2663 5032 2794 5087 Εἶτα
2824 5030 3086 5111 ἐπιφέρειο
3117 5033 3215 5087 Καὶ
3245 5032 3419 5107 αὐτοὶ,
3449 5054 3503 5091 κ.
3531 5054 3582 5092 τ.
3615 5033 3668 5090 λ.

1725 5178 1885 5242 Iesu,
1916 5175 2075 5243 ibid.,
2107 5191 2226 5244 cap.
2258 5174 2349 5243 42,
2376 5192 2503 5248 pag.
2540 5176 2661 5230 458.

566 5293 700 5358 Quae
730 5306 865 5364 ergo
895 5290 1153 5348 continet
1195 5291 1537 5363 Ecclesiam,
1585 5296 1653 5348 ut
1698 5293 1893 5349 Pastor
1918 5292 2133 5364 inquit,

2312 5291 2374 5345 Ἡ
2410 5289 2588 5345 τοίνυν
2635 5288 2936 5366 συνέχουσα
2979 5292 3076 5361 τὴν
3121 5292 3465 5365 Ἐκκλησίαν,
3518 5291 3595 5356 ὥς
3644 5315 3802 5372 φησιν
3851 5293 3874 5347 ὁ

492 5380 700 5451 virtus,
730 5381 874 5437 ﬁdes
905 5385 1012 5454 est,
1044 5397 1148 5454 per
1192 5399 1366 5454 quam
1420 5382 1567 5438 salvi
1598 5382 1747 5437 fiunt
1796 5381 1957 5437 electi
1992 5381 2086 5437 Dei

2280 5380 2480 5452 [οιμήν,
2516 5380 2700 5455 ἀρετὴ,
2733 5381 2767 5449 ἠ
2818 5379 2997 5442 πίστις
3049 5379 3181 5450 ἐστὶ,
3214 5378 3283 5435 δι’
3310 5385 3378 5451 ἧς
3422 5382 3682 5452 σώζονται
3723 5383 3775 5437 οἱ
3798 5381 3874 5437 ἐκ·

492 5484 618 5540 quee
649 5472 841 5525 autem
888 5470 1133 5526 viriliter
1178 5471 1317 5545 agit.
1376 5472 1747 5528 abstinentia.
1798 5472 2086 5542 Sequunt1

2282 5467 2424 5523 εκτοὶ
2453 5473 2549 5523 τοῦ
2582 5473 2732 5523 Θεοῦ’
2766 5470 2800 5521 ’λ
2852 5466 2909 5523 δὲ
2956 5467 3337 5546 ἀνδριζομένη,
3392 5472 3691 5547 ἐγκράτεια.
3724 5476 3871 5527 ’Ἐπε-

490 5572 625 5612 vero
673 5572 772 5611 eas
820 5557 1187 5628 simplicitas,
1239 5560 1568 5632 disciplina,
1615 5560 1966 5630 innocentia,
2010 5576 2084 5613 ιιι(

2278 5579 2327 5611 αι
2361 5555 2416 5611 δὲ
2445 5556 2629 5618 αὐτοῖς
2661 5556 2926 5628 ἁπλότης,
2979 5558 3278 5632 ἐπιστήμη,
3327 5560 3541 5628 ἀκακία,
3591 5562 3869 5634 σεμνότης,

496 5644 684 5699 destia
715 5643 988 5700 ebaritas.
1022 5645 1142 5702 Illae
1171 5654 1365 5707 autem
1414 5666 1617 5705 omnes
1647 5653 1785 5705 sunt
1815 5646 1945 5703 ﬁlia:
1977 5649 2089 5705 ﬁde

2059 5648 2127 5703 ei.
2243 5648 2443 5722 ἀγάπη.
2482 5652 2651 5701 Πᾶσαι
2682 5644 2739 5701 δὲ
2759 5647 2913 5702 αὗται
2944 5648 3178 5711 πίστεώς
3210 5649 3311 5705 εἰσι
3340 5651 3650 5727 Θυγατέρες.

493 5732 611 5795 Lib.
643 5750 681 5806 1,
715 5735 930 5808 visum,
960 5749 1082 5807 cap.
1112 5737 1166 5793 8.
