4086 6342
156 388 277 452 821

1429 386 1770 451 PASTOR.
1802 416 1882 435 -
1910 389 2318 454 PROIEMIA.

3456 391 3575 453 822

1494 548 1658 616 IDEM,
1706 549 1831 605 ibid
1871 549 2087 622 paula,
2112 558 2258 623 post.

230 659 513 735 Φοϐητέον
565 662 656 719 οὗν
704 664 792 719 τὸν
842 665 1061 740 Κύριον,
1108 661 1280 739 λέγει,
1331 662 1406 725 εἷς
1484 661 1846 738 οἷκοδομὴνη

1993 666 2144 722 Dicit
2172 668 2391 740 itaque,
2421 668 2751 726 timendum
2781 685 2909 725 esse
2939 666 3256 725 Dominum
3287 668 3360 723 ad
3391 666 3569 724 aedifi-

154 752 291 809 ἆλλ³
322 753 383 809 οὐ
412 754 505 809 τὸν
534 749 791 810 διάϐολον
837 754 914 817 εἷς
968 755 1368 832 καταστροφήν.
1404 750 1681 827 ’Έμπαλιν
1737 750 1812 825 δὲ,

152 844 225 897 τά
260 843 358 916 μὲν
396 842 529 919 ἔργα
574 848 671 898 τοῦ
718 843 939 919 Κυρίου,
969 843 1211 898 τουτέστι
1258 843 1353 903 τὰς
1403 841 1642 913 ἐντολὰς,
1676 841 1814 916 ἀγα-

148 932 361 1002 πητέον
390 933 483 986 καὶ
512 933 799 1003 ποιητέονυ
825 935 893 989 τὰ
924 932 980 988 δὲ
1011 928 1137 1008 ἔργα
1175 935 1271 987 τοῦ
1321 926 1604 1001 διαϐόλου,
1639 926 1811 1009 φοϐη-

148 1020 275 1077 τὲον
310 1023 401 1075 καὶ
432 1020 495 1076 οὐ
527 1024 804 1093 ποιητέον.

1924 754 2235 823 cntionem,
2272 760 2371 813 sed
2426 776 2540 815 non
2593 758 2893 814 diabolum
2924 759 2995 813 ad
3056 760 3437 813 eversionem.
3500 760 3567 811 Et

1923 862 2127 901 rursus
2161 864 2174 901 :
2208 847 2395 918 Opera
2419 848 2657 920 quidem
2691 848 2941 915 Domini,
2974 848 3079 903 hoc
3109 850 3199 902 est
3256 849 3561 918 praicepta,

1920 950 2050 990 esse
2084 935 2381 1008 diligenda
2412 942 2469 992 et
2498 938 2797 1005 facienda;
2834 954 3008 1008 opera
3053 952 3187 993 vero
3228 935 3442 991 diaboli
3492 935 3565 989 ti-

1922 1024 2136 1079 menda
2164 1040 2312 1094 esse,
2337 1030 2394 1081 et
2423 1042 2536 1082 non
2568 1025 2834 1082 facienda
2865 1026 2979 1082 Lib.
3013 1044 3030 1081 ι
3060 1070 3074 1094 ,
3095 1026 3281 1080 mand.
3314 1040 3411 1080 v11.

1395 1163 1560 1232 IDEM,
1594 1164 1753 1231 ibid.,
1791 1167 1985 1235 paucis
2022 1167 2338 1236 interiectis.

226 1280 288 1334 Ὀ
322 1275 380 1335 δὲ
437 1278 595 1340 αὐτὸς
652 1278 741 1334 καὶ
799 1280 897 1347 τήν
964 1278 1245 1353 μετάνοιαν
1278 1278 1482 1333 σύνεσιν
1516 1278 1649 1333 εἶναί
1680 1300 1809 1357 φησι

157 1368 421 1445 μεγάλην.
482 1371 768 1427 Μετανοῶν
836 1369 937 1444 γὰρ
999 1368 1079 1446 ἐφ’
1137 1370 1218 1429 οἷς
1280 1366 1521 1444 ἔδρασεν,
1579 1368 1678 1422 οὐκ
1735 1366 1811 1422 ἔτι

154 1463 305 1513 ποιεῖ
334 1458 369 1527 ἢ
402 1456 573 1534 λέγει.
607 1456 910 1526 Βασανίζων
946 1455 1003 1512 δὲ
1052 1457 1130 1535 ἐφ’
1160 1460 1242 1520 οἷς
1284 1457 1497 1533 ἥμαρτε
1542 1458 1640 1525 τὴν
1693 1459 1812 1511 ἑαυ-

152 1551 251 1602 τοῦ
280 1547 487 1622 ψυχὴν,
522 1548 862 1623 ἀγαθοεργεῖ.
895 1547 1113 1624 Ἀφεσις
1155 1546 1329 1600 τοίνυν
1385 1548 1662 1621 ἁμαρτιῶν
1718 1566 1812 1618 με-

152 1635 373 1697 τανοίας
417 1632 677 1713 διαφέρει·
707 1636 871 1713 ἄμφω
914 1635 973 1690 δὲ
1013 1633 1241 1691 δείκνυσι
1290 1637 1356 1689 τὰ
1404 1635 1485 1713 ἐφ’
1522 1638 1678 1708 ἡμῖν.
1710 1635 1807 1689 Τὸν

153 1723 245 1780 οὖν
302 1723 566 1802 εἰληφότα
621 1726 719 1793 τὴν
784 1722 967 1802 ἄφεσιν
1036 1728 1144 1778 τῶν
1215 1726 1515 1798 ἁμαρτιῶν,
1569 1723 1667 1778 οὐκ
1732 1722 1809 1778 ἔτι

1994 1282 2155 1337 Idem
2185 1287 2379 1339 autem
2401 1289 2459 1340 et
2506 1284 2664 1349 dicit,
2696 1283 3096 1357 pcenitentiam
3144 1299 3273 1339 esse
3327 1297 3568 1339 sensum

1923 1387 2224 1443 magnum.
2260 1374 2367 1438 Qui
2417 1374 2573 1429 enim
2607 1374 3011 1445 paenitentiam
3064 1372 3183 1444 agit
3210 1388 3410 1428 eorum
3443 1390 3570 1443 quae

1920 1461 2074 1527 fecit,
2126 1478 2240 1517 non
2274 1463 2527 1535 amplius
2584 1462 2723 1517 facit
2752 1462 2841 1519 vel
2887 1458 3042 1517 dicit.
3080 1464 3381 1533 Torquens
3436 1477 3568 1516 vero

1922 1549 2178 1604 animam
2209 1567 2378 1607 suam
2425 1555 2662 1623 propter
2691 1568 2759 1606 ea
2804 1568 2933 1622 quae
2973 1550 3249 1622 peccavit,
3298 1553 3570 1621 operatur

1920 1639 2087 1694 bene.
2120 1639 2406 1695 Remissio
2436 1655 2574 1712 ergo
2604 1644 2975 1711 peccatorum
3007 1640 3201 1694 differt
3228 1656 3262 1694 a
3292 1639 3568 1710 pceniten-

1920 1728 2038 1783 tia:
2072 1730 2245 1784 ambo
2275 1734 2473 1785 autem
2503 1730 2826 1785 oatendunt
2879 1746 2947 1784 ea
2993 1744 3121 1784 esse
3151 1729 3210 1782 in
3243 1732 3443 1784 nostra
3471 1745 3569 1799 po-

149 1815 476 1891 ἁμαρτάνειν
540 1815 680 1889 χρήο
714 1812 800 1868 ἐπὶ
846 1815 948 1890 γὰρ
985 1817 1055 1887 τῇ
1103 1815 1295 1889 πρώτῃ
1342 1812 1430 1867 καὶ
1468 1812 1605 1887 μόνῃ
1657 1819 1846 1885 μετα-ξ

1935 1819 2145 1872 estate.
2171 1820 2316 1871 Eum
2340 1816 2520 1889 igitur
2540 1817 2640 1888 qui
2673 1816 2903 1887 accepit
2936 1815 3343 1871 remissionem
3374 1832 3570 1888 pecca-

159 1904 286 1975 νοίᾳ
334 1906 442 1958 τῶν
503 1904 780 1979 ἁμαρτιῶν
809 1902 966 1977 (αὕτη
1026 1902 1087 1957 ἂν
1148 1902 1232 1973 εἴη
1290 1907 1399 1957 τῶν
1442 1902 1815 1976 προϋπαρξάν-

160 2013 273 2049 των
302 1992 439 2048 κατά
466 1993 557 2047 τὸν
588 1992 792 2047 ἐθνικὸν
823 1992 913 2047 καὶ
942 1997 1159 2069 πρῶτον
1207 1990 1346 2067 βίον·
1392 1992 1482 2047 τὸν
1530 1992 1581 2047 ἐν
1633 1992 1819 2068 ἀγνοίᾳ

163 2080 336 2158 λέγω)
376 2081 569 2137 αὐτίκα
596 2086 710 2143 τοῖς
740 2080 989 2150 κληθεῖσι
1020 2082 1301 2158 πρόκειται
1345 2080 1621 2154 μετάνοια,
1654 2084 1689 2150 ἡ
1721 2102 1817 2135 κα-

162 2170 427 2247 θαίρουσα
454 2171 546 2226 τὸν
574 2170 743 2226 τόπον
768 2173 867 2239 τῆς
918 2174 1106 2246 ψυχῆς
1156 2172 1263 2225 ἀπὸ
1307 2174 1415 2225 τῶν
1465 2167 1817 2243 πλημμελη-

162 2262 376 2335 μάτων,
419 2260 513 2315 ’ίνα
562 2263 595 2330 ἡ
644 2258 826 2323 πίστις
868 2258 1203 2334 θεμελιωθῇ.
1254 2258 1702 2336 Καρδιογνώστης
1761 2257 1819 2313 δὲ

163 2348 240 2405 ὢν
270 2351 301 2404 ὁ
330 2348 549 2425 Κύριος,
582 2351 672 2404 καὶ
726 2351 793 2404 τὰ
855 2347 1131 2423 μέλλοντα
1176 2351 1587 2425 προγινώσκων,
1638 2348 1701 2403 τό
1757 2370 1817 2403 τε

168 2434 542 2513 εὐμετάϐολον
589 2443 687 2494 τοῦ
734 2439 1045 2512 ἀνθρώπου,
1077 2437 1165 2493 καί
1212 2440 1275 2493 τὸ
1325 2434 1675 2511 παλίμϐολον
1730 2438 1819 2491 καὶ

172 2534 483 2605 πανοῦργον
526 2533 623 2584 τοῦ
671 2523 952 2597 διαϐόλου,
1004 2525 1199 2582 ἄνωθεν
1248 2529 1485 2603 ἀρχῆθεν
1548 2525 1819 2602 προεῖδεν,

174 2619 277 2691 ὡς,
314 2618 565 2687 ζηλώσας
598 2617 684 2672 ἐπὶ
712 2622 782 2691 τῇ
816 2618 998 2693 ἀφέσει
1026 2621 1132 2671 τῶν
1164 2619 1441 2692 ἁμαρτιῶν
1476 2619 1567 2671 τὸν
1615 2615 1819 2693 ἅνθρω-

175 2728 304 2777 πον,
354 2707 740 2783 προστρίψεταί
804 2728 951 2769 τινας
1019 2706 1193 2760 αἰτίατ
1247 2711 1353 2762 τῶν
1414 2706 1818 2784 ἁμαρτημάτων

173 2802 291 2857 τοῖς
351 2794 575 2857 δούλοις
646 2800 744 2851 τοῦ
802 2800 956 2868 Θεοῦ,
1015 2795 1294 2872 φρονίμως
1360 2796 1821 2871 πονηρευόμενος,

174 2885 328 2945 ὅπως
373 2882 439 2952 δὴ
491 2884 580 2938 καὶ
626 2883 777 2939 αὐτοὶ
826 2883 1198 2940 συνεκπέσοιεν
1230 2883 1395 2955 αὐτῷ.
1446 2882 1682 2940 Ἔδωκεν
1734 2883 1824 2939 οὖν

171 2973 353 3043 ἄλλην
386 2973 474 3029 ἐπὶ
502 2978 620 3035 τοῖς
648 2974 745 3027 κάν
773 2978 843 3047 τῇ
874 2973 1051 3028 πίστει
1080 2973 1462 3046 περιπίπτουσί
1500 2995 1605 3028 τινι
1637 2974 1751 3043 πλη
1765 2996 1826 3048 μ-

177 3060 482 3137 μελήματι,
528 3060 827 3123 πολυέλεος
912 3059 1007 3132 ὢν,
1068 3060 1350 3135 μετάνοιαν
1416 3061 1680 3135 δευτέραν·
1740 3064 1821 3135 ἢν,

1927 1910 2145 1973 torum,
2170 1922 2286 1961 non
2311 1909 2537 1977 oportet
2555 1904 2809 1977 amplius
2832 1921 3103 1977 peccare;
3137 1921 3272 1960 nam
3299 1904 3359 1960 in
3382 1906 3572 1977 prima

1926 1998 1982 2051 et
2012 1995 2138 2051 sola
2168 1999 2541 2067 peccatorum
2572 1994 2913 2067 paenitentia
2942 1995 3032 2066 (ea
3062 1998 3257 2049 autem
3280 1994 3456 2049 fuerit
3476 2010 3572 2050 eo-

1926 2100 2081 2150 rum,
2113 2101 2239 2156 quaa
2263 2084 2426 2156 prius
2448 2084 2795 2141 exstiterunt
2811 2084 2870 2138 in
2893 2083 3096 2155 gentili
3126 2086 3183 2139 et
3210 2082 3389 2154 priori
3414 2083 3533 2139 vita
3558 2103 3571 2152 ;

1926 2190 2013 2242 ea,
2046 2174 2311 2245 inquam,
2345 2190 2469 2243 quae
2502 2172 2691 2228 fuitin
2745 2172 3096 2245 ignorantia)
3144 2172 3217 2227 iis
3248 2170 3423 2227 etiam
3472 2172 3574 2243 qui

1927 2262 2115 2318 vocati
2146 2267 2302 2330 sunt,
2334 2262 2682 2334 proponitur
2711 2262 3071 2333 poenitentia,
3105 2276 3437 2333 expurgans
3484 2260 3573 2315 lo—

1928 2368 2062 2407 cum
2094 2352 2304 2407 animae
2328 2369 2362 2407 a
2392 2351 2641 2419 delictis,
2676 2354 2741 2405 ut
2770 2351 2912 2406 fides
2935 2351 3232 2405 fundetur.
3268 2351 3411 2405 Cum
3440 2366 3573 2405 vero

1929 2441 2211 2497 Dominus
2236 2440 2618 2511 cogitationes
2636 2440 3085 2512 prazcordiorum
3110 2438 3283 2503 norit,
3305 2443 3363 2494 et
3380 2439 3577 2494 futura

1930 2531 2216 2602 praesciat,
2251 2531 2483 2585 facilem
2504 2530 2757 2585 hominis
2780 2530 3187 2599 mutationem,
3220 2533 3277 2584 et
3298 2528 3578 2601 multipli-

1931 2636 2056 2675 cem
2088 2620 2443 2691 nequitatem
2476 2619 2712 2686 diaboli,
2738 2620 2862 2690 jam
2894 2619 3028 2674 inde
3060 2617 3398 2691 aprincipio
3430 2635 3575 2690 pra:-

1935 2709 2072 2765 vidit
2101 2710 2253 2780 quod
2306 2708 2530 2763 homini
2582 2708 2847 2763 invidens
2895 2714 3130 2779 propter
3166 2708 3575 2764 remissionem

1931 2804 2321 2871 peccatorum,
2347 2797 2573 2869 aliquas
2589 2815 2797 2853 causas
2809 2797 3155 2853 delictorum
3169 2802 3441 2871 suggeret
3463 2813 3579 2852 ser—

1931 2890 2019 2943 vis
2049 2888 2171 2955 Dei,
2206 2892 2397 2943 astute
2427 2892 2484 2941 et
2507 2887 2761 2958 maligne
2791 2886 3061 2952 moliens,
3094 2891 3159 2941 ut
3188 2886 3301 2958 ipsi
3347 2902 3580 2958 quoque

1933 2994 2067 3032 cum
2098 2994 2163 3032 eo
2195 2978 2425 3031 cadant.
2454 2976 2623 3031 Dedit
2651 2992 2809 3047 ergo,
2836 2993 2971 3031 cum
3003 2976 3078 3031 sit
3110 2974 3308 3030 multa:
3352 2974 3581 3030 miseri-

1933 3065 2164 3133 cordiae,
2200 3065 2271 3119 iis
2305 3065 2406 3135 qui
2438 3064 2614 3119 etiam
2648 3065 2705 3118 in
2765 3064 2878 3119 ﬁde
2910 3064 3179 3119 incidunt
3221 3064 3281 3117 in
3341 3063 3579 3134 aliquod

177 3149 232 3206 εἷ’
252 3172 335 3213 τις
368 3150 744 3228 ἐκπειρασθείη
781 3151 916 3224 μετὰ
941 3152 1040 3220 τὴν
1085 3150 1308 3219 κλῆσιν,
1344 3151 1581 3226 βιασθεὶς
1630 3150 1687 3206 δὲ
1733 3152 1823 3205 καὶ

475 3242 498 3255 ,ι
534 3240 549 3255 ι
742 3239 755 3255 ι
906 3234 931 3255 ,ι
1200 3240 1211 3255 .
1463 3240 1476 3255 ς
1673 3241 1683 3255 ,

1935 3159 2261 3226 peccatum,
2285 3153 2460 3208 aliam
2478 3157 2535 3207 et
2557 3153 2876 3208 secundam
2909 3151 3310 3224 paenitentiam
3338 3168 3351 3205 :
3381 3168 3581 3222 quam,

170 3240 605 3318 κατασοφισθεὶς,
694 3239 819 3313 μίαν
905 3234 984 3295 ἔτι
1085 3240 1365 3312 μετάνοιαν
1451 3240 1819 3315 ἀμετανόητον

175 3324 338 3403 λάϐῃ.

1934 3242 2135 3314 siquis
2166 3246 2429 3298 tentatus
2457 3240 2632 3296 fuerit
2654 3244 2785 3312 post
2808 3241 3192 3307 vocationem,
3226 3245 3283 3295 et
3320 3243 3580 3307 coactus,
3604 3270 3605 3273 η

1933 3336 1990 3387 et
2018 3330 2226 3387 callide
2270 3330 2725 3395 circumventus,
2762 3346 2940 3384 unam
2973 3329 3163 3384 adhuc
3194 3330 3265 3384 ad
3295 3328 3583 3401 pmniten-

1931 3421 2074 3476 dum
2106 3419 2354 3492 accipiat
2385 3418 2808 3491 paenitentiam.
2840 3420 2960 3475 Lib.
2995 3436 3059 3487 ιι,
3086 3419 3273 3473 mund.
3314 3436 3391 3485 IV,
3419 3435 3581 3492 capp.

1928 3512 2129 3566 2et3.

1195 3624 1366 3693 IDEM,
1390 3624 1549 3690 ibid.,
1582 3625 1681 3679 tib.
1715 3642 1790 3691 ιν,
1822 3642 1941 3698 cap.
1974 3627 2029 3696 9,
2060 3642 2230 3699 pagg.
2261 3625 2392 3694 596,
2422 3624 2549 3679 597.

245 3717 455 3775 Αὐτίκα
510 3719 539 3774 ὁ
594 3721 811 3792 Ποιμήν
880 3740 1062 3797 φησιν’
1121 3718 1461 3797 Ἐκφεύξεσθε
1514 3720 1613 3788 τὴν
1674 3720 1827 3797 ἐνὲρω

165 3830 318 3886 γειαν
370 3811 467 3863 τοῦ
526 3806 737 3885 ἀγρίου,
769 3807 857 3864 ἐὰν
907 3811 943 3879 ἡ
992 3806 1187 3885 καρδία
1244 3809 1394 3883 ὑμῶν
1457 3808 1674 3884 γένηται
1724 3831 1819 3865 κα-

168 3898 313 3974 θαρὰ
342 3895 434 3952 διαὶ
465 3894 719 3971 ἄμωμος.

2003 3727 2134 3778 Jam
2164 3739 2297 3778 vero
2327 3724 2528 3777 Pastor
2557 3721 2735 3777 dicit:
2768 3722 3050 3793 Eﬂugietis
3080 3723 3196 3777 vim
3224 3723 3363 3793 ferae
3394 3724 3581 3781 bestia:

1930 3814 1979 3868 si
2006 3829 2101 3868 cor
2130 3820 2369 3868 vestrum
2387 3812 2561 3883 fuerit
2585 3827 2792 3882 parum
2825 3826 2890 3864 ac
2911 3811 3037 3866 sine
3089 3811 3331 3866 macula.
3391 3812 3513 3868 Lib.
3541 3831 3583 3882 ι,

1933 3900 2038 3956 vis.
2071 3920 2148 3973 1v,
2181 3918 2307 3973 cap.
2336 3904 2387 3955 2.

1276 4044 1441 4113 IDEM,
1475 4042 1634 4113 ibid.,
1668 4043 1767 4099 lib.
1816 4060 1889 4099 v1.
1918 4060 2040 4117 cap.
2076 4045 2166 4111 15,
2190 4061 2321 4117 pag.
2352 4044 2480 4101 806.

244 4156 319 4211 Ἦ
367 4156 472 4231 γὰρ
522 4153 650 4231 οὗχί
701 4155 789 4210 καὶ
836 4155 886 4211 ἐν
936 4160 1006 4230 τῇ
1056 4156 1239 4231 ὁράσει
1274 4162 1353 4230 τῷ
1380 4159 1556 4234 Ἑρμᾷ
1584 4160 1619 4227 ἡ
1655 4157 1822 4212 Δύνα-

175 4265 271 4319 μις
303 4243 358 4298 ἐν
398 4247 478 4316 τῷ
522 4243 679 4316 τύπῳ
723 4250 823 4313 τῆς
870 4244 1200 4316 Ἐκκλησίας
1249 4251 1489 4324 φανεῖσα,
1523 4243 1720 4301 ἔδωκεν
1766 4247 1830 4301 τὸ

176 4328 402 4410 βιϐλίον
437 4331 513 4395 εἷς
549 4333 919 4411 μεταγραφὴν,
946 4334 977 4389 ’ὁ
1008 4340 1127 4397 τοῖς
1160 4334 1437 4397 ἐκλεκτοῖς
1464 4334 1829 4410 ἀναγγελῆναι

2010 4165 2220 4218 Annon
2251 4161 2406 4217 enim
2437 4164 2493 4217 et
2520 4160 2745 4231 Virtus,
2770 4177 2897 4232 quae
2939 4160 2999 4215 in
3051 4158 3273 4215 visione
3320 4158 3594 4231 apparuit

1941 4251 2161 4305 Hermae
2183 4250 2244 4305 in
2276 4250 2461 4321 ﬁgura
2492 4249 2786 4319 Ecclesiae,
2820 4249 2981 4305 dedit
3010 4248 3227 4303 librum
3277 4251 3343 4303 ut
3372 4248 3586 4304 descri-

1940 4339 2121 4406 beret,
2142 4356 2314 4410 quem
2335 4338 2536 4394 electis
2559 4338 2898 4394 annuntiari
2918 4337 3187 4393 volebat?
3204 4338 3349 4393 Eum
3372 4345 3587 4409 autem,

172 4417 438 4477 ἐϐούλετο
463 4441 477 4492 ;
506 4426 668 4477 τοῦτο
700 4419 758 4477 δὲ
792 4424 1165 4499 μετεγράψατο
1213 4425 1348 4501 πρὸς
1392 4424 1641 4501 γράμμα,
1676 4427 1829 4503 φησι,

1940 4428 2159 4499 inquit,
2194 4426 2577 4499 tnanscripsit
2599 4428 2667 4482 ad
2687 4426 2943 4482 litteram
2970 4442 3118 4495 ;non
3141 4426 3441 4483 inveniens
3468 4443 3585 4498 quo

176 4512 257 4585 μὴ
292 4509 554 4587 εὑρίσκων
582 4510 680 4574 τὰς
714 4509 985 4575 συλλαϐὰς
1012 4510 1245 4568 τελέσαι.

1937 4517 2109 4572 modo
2141 4516 2395 4588 syllabas
2427 4516 2753 4588 perficeret.
2790 4517 2911 4572 Lib.
2945 4533 2984 4585 ι,
3015 4517 3117 4571 vis.
3150 4533 3210 4583 Il,
3241 4532 3361 4586 cap.
3386 4515 3440 4570 4.

1094 4730 1514 4787 ΤκιιτυιιιΑΝυε
1542 4642 1995 4799 εαιΙιοιίειιὲλξῡ.
2028 4735 2106 4787 De
2129 4730 2409 4800 oratione,
2443 4747 2563 4804 cap.
2599 4732 2685 4785 12.

242 4843 415 4919 Quod
444 4843 747 4919 assignate
774 4843 1032 4901 oratione
1062 4846 1362 4919 assidendi
1402 4863 1530 4902 mos
1568 4852 1658 4902 est
1688 4847 2063 4919 quibusdam,
2098 4864 2214 4902 non
2258 4847 2545 4919 perspicio
2592 4847 2897 4916 rationem,
2926 4845 3043 4919 nisi
3076 4844 3126 4899 si
3179 4848 3423 4900 Hermas
3462 4841 3583 4919 ille,

170 4914 823 4991 cujusAscripturafere
850 4917 1427 4991 Pastorginscribitur,
1461 4914 1759 4974 transacta
1790 4914 2069 4984 oratione,
2124 4914 2447 4991 non—super
2504 4919 2722 4991 lectum
2760 4914 3109 4991 assedisset,
3166 4931 3369 4971 verum
3422 4914 3582 4991 aliud

170 4984 319 5060 quid
351 4984 609 5053 fecisset,
642 4986 699 5042 id
725 5004 964 5060 quoque
995 4989 1065 5044 ad
1087 4984 1547 5046 observationem
1578 4990 2026 5045 vindicaremus.
2060 4991 2272 5062 Utique
2314 4984 2448 5045 n'on.
2510 4989 2865 5061 Simpliciter
2916 4988 3069 5044 enim
3127 4995 3183 5042 et
3213 5003 3368 5042 nunc
3424 4984 3581 5110 posi-

170 5064 303 5110 tum
335 5062 462 5110 est:
498 5058 634 5110 Cum
663 5059 974 5110 adorassem
1005 5064 1059 5110 et
1088 5061 1406 5110 assedissem
1431 5078 1599 5110 super
1632 5060 1836 5110 lectum
1862 5078 1874 5110 ε
1908 5063 1977 5110 ad
2007 5062 2268 5110 ordinem
2305 5061 2680 5110 narrationis.
2712 5078 2826 5110 non
2877 5061 2947 5110 ad
2998 5060 3187 5110 instar
3241 5055 3429 5110 discit)
3457 5057 3581 5110 inae.

168 5055 303 5138 tium
335 5062 462 5138 est:
498 5058 634 5113 Cum
663 5055 974 5138 αάὸναδξετη
1005 5064 1059 5138 _et
1088 5061 1599 5138 assedissemsapmj
1626 5060 1838 5138 tectum
1862 5078 1893 5138 :_
1908 5063 1979 5116 ad
2007 5055 2270 5138 ordinem
2305 5055 2682 5138 narrationis,
2712 5078 2827 5115 non
2877 5061 2947 5138 a_d
2998 5060 3187 5138 instar
3241 5055 3585 5138 disciplinae.

169 5130 456 5204 Alioquin
485 5145 796 5204 nusquam
812 5130 923 5186 erit
953 5132 1339 5204 adorandum,
1369 5129 1510 5188 nisi'
1541 5132 1640 5187 ubi
1673 5133 1850 5189 fuerit
1879 5132 2099 5190 lectus:
2126 5134 2244 5189 imo
2274 5138 2475 5189 contra
2503 5133 2865 5204 Scripturam
2888 5131 3109 5196 fecerit,
3141 5130 3189 5185 si
3222 5129 3356 5200 quis
3388 5129 3448 5183 in
3489 5144 3584 5183 ca-

169 5202 403 5272 thedra,
434 5205 537 5257 aut
560 5200 837 5259 subsellio
858 5203 1095 5259 sederit.
1129 5204 1246 5259 Lib.
1270 5200 1332 5271 u,
1364 5206 1426 5259 in
1452 5206 1689 5261 Prowm.

958 5318 1104 5374 InsM
1132 5319 1557 5375 TEBTULLIANUS
1603 5319 1952 5390 (hzreticus),
1986 5319 2087 5389 lib,
2122 5323 2201 5375 De
2229 5317 2531 5391 pudicitia,
2555 5335 2675 5390 cap.
2708 5318 2797 5373 40.

243 5422 403 5497 Deus
426 5422 619 5497 _bonus
649 5428 779 5497 esti:
808 5425 956 5494 suis,
989 5442 1104 5480 non
1135 5426 1384 5481 ethnicis
1407 5426 1599 5482 sinum
1632 5425 1905 5495 subjicit:
1934 5426 2192 5480 secunda
2213 5431 2265 5480 te
2288 5426 2633 5497 poenitentia
2653 5421 3077 5497 excipietzeris
3106 5422 3319 5497 iterum
3350 5421 3421 5497 de
3453 5433 3592 5475 mae“

174 5494 286 5577 chp
308 5493 700 5577 Christianus.
724 5493 960 5577 Haecntu
994 5497 1159 5577 mihi,
1194 5498 1619 5569 benignissime
1651 5493 1755 5577 Dei
1776 5497 2059 5577 interpres
2087 5496 2242 5577 [Sed
2275 5493 2543 5577 cederem
2598 5493 2803 5577 tibi,_§i
2847 5494 3136 5577 scriptura
3193 5494 3431 5577 Pastoris
3461 5508 3587 5563 quae

177 5566 309 5621 sola
338 5565 597 5621 mcechos
630 5572 810 5632 amat,
841 5568 1035 5623 divino
1068 5565 1458 5623 instrumento
1490 5569 1802 5623 meruisset
1832 5565 2043 5632 incidi;
2074 5568 2120 5621 si
2143 5586 2255 5622 non
2287 5570 2359 5621 ab
2388 5567 2825 5621 omniconcillio
2848 5567 3261 5631 Ecclesiarum,
3296 5565 3470 5619 etiam
3493 5580 3587 5617 ve-

180 5642 459 5717 strarum,
494 5638 643 5693 inter
667 5640 996 5765 apocrypha
1023 5644 1080 5695 et
1109 5639 1258 5695 falsa
1290 5641 1657 5711 judicaretur
1683 5658 1696 5706 ;
1732 5638 1997 5694 adultera
2016 5644 2073 5692 et
2096 5640 2242 5709 ipsa,
2275 5644 2331 5694 et
2361 5639 2494 5693 inde
2527 5643 2770 5720 patrona
2800 5638 3089 5692 sociorum
3118 5654 3130 5703 ;
3165 5653 3199 5691 a
3220 5654 3337 5708 qua
3365 5641 3423 5691 et
3440 5635 3585 5690 alias

180 5709 478 5765 initiaris:
511 5710 605 5765 cui
654 5710 752 5765 ile
791 5710 841 5765 si
894 5716 1017 5765 orte
1068 5712 1534 5765 patrocinabitur
1579 5713 1777 5765 Pastor
1808 5727 1980 5765 auem
2014 5712 2072 5765 in
2107 5710 2282 5765 calice
2304 5711 2593 5765 deninms.
2627 5710 3067 5765 nrostitutorem
3091 5712 3147 5763 et
3178 5709 3373 5765 ipsum
3420 5706 3581 5763 Chri-

180 5708 478 5767 initiaris:
511 5710 605 5766 cui
654 5708 752 5766 ille
791 5710 841 5765 si

894 5706 1017 5767 brte
1068 5706 1534 5784 patrocinabitur
1579 5713 1777 5767 Pastor
1808 5727 1980 5783 quem
2014 5712 2072 5765 in
2107 5706 2282 5767 calice
2304 5706 2593 5781 depingis,
2627 5710 3067 5781 prostitutorem
3091 5712 3147 5763 et
3178 5706 3373 5781 ipsum
3420 5706 3581 5763 Chri-
