4036 6344
1517 431 1840 497 PASTOR.
1871 465 1949 479 —
1976 430 2391 497 PBOCEMIA.

3533 422 3654 489 826

779 587 945 657 IDEM,
977 594 1136 647 tract.
1167 608 1321 662 χχιιι,
1353 592 1671 648 Comment.
1706 593 1764 648 in
1797 592 2002 650 Matth.
2034 611 2185 660 xx1v,
2218 594 2305 648 42.
2340 592 2493 660 ibid.,
2522 609 2647 665 pag.
2681 592 2804 662 877,
2836 592 2941 649 col.
2972 592 3027 659 2,
3060 594 3121 645 Β.

323 698 490 769 Nam,
522 700 674 786 sicut
702 702 1123 786 legimusapud
1151 709 1455 786 Pastorem,
1489 724 1625 786 vasa
1656 710 1829 786 plena
1857 727 1971 765 non
2003 710 2115 765 cito
2146 709 2277 780 quis
2308 715 2526 786 gustat,
2560 727 2663 765 nec
2693 710 2847 786 enim
2888 712 3190 786 mutanth
3219 704 3386 763 facile
3421 722 3433 761 :
3466 701 3647 760 semi-

251 767 428 841 plena
457 767 653 829 autem
684 767 822 847 quia
846 767 1025 835 facile.
1040 781 1358 835 creduntur
1386 767 1622 849 mutari,
1656 767 1987 854 frequenter
2014 767 2348 854 gustantui".
2376 767 2593 853 Lib.'11,
2622 782 2809 837 mand.
2844 797 2942 847 xu,
2972 797 3093 852 cap.
3120 780 3173 834 5.

915 930 1083 997 IDEM,
1117 932 1327 988 Homil.
1358 950 1524 1001 xxxv,
1558 932 1616 987 in
1644 936 1855 989 Lucam
1887 948 2014 1005 cap.
2042 950 2143 1005 x11,
2175 933 2265 1002 58,
2294 932 2453 1004 ibid.,
2481 950 2607 1004 pag.
2638 932 2762 1003 973,
2796 931 2859 987 B.
2892 930 2953 987 Ο.

326 1045 611 1123 Legimus
644 1046 715 1123 (si
767 1050 960 1123 tamen
1006 1046 1101 1123 cui
1134 1048 1321 1123 placet
1364 1049 1704 1120 hujusmodi
1753 1050 2102 1121 scripturam
2144 1051 2415 1122 recipere)
2458 1046 3133 1123 justitiaetiniquitatis
3180 1044 3447 1123 angelosﬁ
3469 1058 3647 1123 super

251 1115 719 1193 Ahrqhaapalute
747 1123 804 1173 et
850 1118 1085 1193 interitu
1134 1115 1557 1193 disceptantes,
1611 1124 1754 1177 dum
1788 1115 2046 1193 utraeque
2075 1115 2279 1179 turmae
2310 1115 2434 1193 suo
2459 1115 2599 1176 eum
2630 1120 2832 1193 volunt
2860 1115 3036 1175 coetui
3060 1115 3378 1193 Avindicare,
3412 1115 3571 1193 Quod
3601 1115 3651 1168 si

250 1188 344 1264 cui
377 1187 669 1264 displicet,
716 1193 976 1264 transeat
1005 1190 1073 1244 ad
1108 1187 1381 1264 volumen
1437 1187 1591 1264 quod
1643 1193 1811 1249 titulo
1842 1187 2093 1249 Pas-toris
2143 1192 2441 1257 scribitur,
2494 1198 2550 1247 et
2578 1191 2831 1264 inveniet
2878 1190 3105 1245 cunctis
3136 1187 3655 1264 hominibusduos

251 1259 458 1337 adesse
474 1258 767 1337 angelos:
800 1261 1020 1316 malum
1051 1263 1151 1333 qui
1183 1266 1255 1319 ad
1287 1258 1559 1337 perversa
1588 1265 1943 1333 exhortatur,
1973 1270 2031 1321 et
2063 1266 2280 1321 bonum
2312 1265 2413 1337 qui
2446 1266 2517 1319 ad
2550 1263 2771 1333 optima
2802 1279 3056 1333 quasqua:
3089 1260 3422 1332 persuadet.
3458 1258 3653 1324 Lib.11,

246 1332 435 1387 πισταὶ.
466 1349 542 1400 νι,
574 1348 692 1403 cap.
724 1335 777 1387 2.

744 1470 902 1539 Insu,
935 1477 1058 1524 tom.
1098 1470 1113 1522 l
1147 1470 1471 1523 Comment.
1506 1469 1563 1523 in
1590 1469 1765 1524 Joan.
1806 1489 1846 1539 1,
1880 1471 1927 1525 1.
1966 1474 2107 1542 Opp.
2143 1480 2270 1527 tom.
2306 1473 2372 1535 ll,
2402 1488 2531 1542 pag.
2568 1472 2659 1540 47,
2693 1472 2752 1539 Ε,
2786 1472 2912 1526 edit.
2948 1470 3149 1524 Huetii.

320 1587 479 1643 Ἀλλ’
525 1589 586 1643 οὐ
635 1592 759 1665 παρ’
809 1593 942 1662 ἡμῖν
988 1596 1103 1652 τοῖς
1161 1591 1501 1664 πειθομένοις
1569 1591 1649 1647 ὅτι
1696 1592 1746 1664 ἐξ
1797 1592 1895 1646 οὐκ

251 1672 423 1731 ὄντων
452 1680 520 1732 τὰ
547 1674 674 1734 ὄντα
706 1679 955 1749 ἐποίησεν
984 1682 1012 1734 ὁ
1043 1681 1191 1752 Θεὸς,
1223 1681 1296 1742 ὡς
1327 1683 1362 1749 ἡ
1401 1683 1584 1753 μήτηρ
1612 1685 1719 1735 τῶν
1762 1681 1896 1735 ἒπτὰ

254 1765 540 1843 μαρτύρων
595 1768 646 1823 ἐν
705 1764 1133 1837 Μακκαϐαΐκοῖς,
1190 1770 1279 1824 καὶ
1338 1771 1366 1823 ὁ
1422 1777 1523 1838 τῆς
1590 1770 1890 1842 μετανοίας

254 1855 488 1931 ἅγγελος
518 1855 569 1912 ἐν
596 1862 677 1930 τῷ
723 1860 953 1930 Ποιμὲνι
990 1856 1214 1931 ἐδιδαξε.
1250 1860 1365 1916 Vid.
1396 1862 1501 1931 inf.
1536 1861 1633 1916 lib.
1668 1879 1728 1931 11,
1762 1859 1892 1935 Περὶ

250 1944 438 2019 ἀρχῶν
470 1963 597 2021 cap.
635 1949 687 2017 1,
720 1964 883 2004 num.
913 1949 967 2004 5.

2075 1597 2255 1651 Secus
2285 1612 2419 1650 vero
2467 1597 2619 1666 apud
2653 1613 2759 1650 nos
2807 1599 2895 1651 est
2944 1594 3045 1666 qui
3076 1592 3391 1655 credimus,
3438 1606 3506 1644 ex
3536 1606 3650 1643 non

2004 1685 2240 1739 entibus
2271 1684 2454 1739 Deum
2485 1684 2641 1739 entia
2672 1684 2898 1751 fecisse,
2948 1688 3013 1737 ut
3062 1684 3251 1736 mater
3296 1679 3397 1734 illa
3425 1681 3650 1749 septem

2006 1776 2327 1844 martyrum
2362 1772 2420 1826 in
2470 1772 2931 1827 Machabazorum
2961 1769 3163 1843 gestis,
3208 1772 3265 1823 et
3295 1765 3651 1839 pmnitentia:

2004 1860 2262 1932 Angelus
2304 1861 2364 1916 in
2395 1862 2622 1917 Pustore
2669 1860 2882 1916 docuit.
2917 1860 3034 1917 Lib.
3083 1876 3121 1927 1,
3156 1859 3257 1913 vis.
3292 1874 3330 1925 1,
3361 1872 3480 1927 cap.
3517 1856 3572 1925 1,
3603 1862 3655 1909 et

2004 1951 2101 2005 lib.
2135 1967 2197 2019 11,
2226 1950 2414 2005 mund.
2445 1968 2483 2005 1.

739 2111 906 2175 IDEM,
944 2112 1041 2167 lib.
1074 2129 1114 2183 1,
1148 2108 1277 2186 Περὶ
1310 2109 1496 2186 ἀρχῶν
1529 2128 1649 2184 cap.
1682 2113 1739 2181 3,
1768 2129 1893 2167 num

2034 2113 2165 2168 edit.
2202 2114 2378 2168 Paris.
2410 2127 2535 2167 nov.
2565 2118 2692 2166 tom.
2726 2111 2768 2177 Ι,
2797 2126 2923 2181 pag.
2953 2110 3044 2179 61,
3076 2108 3137 2162 C.

316 2227 467 2305 Nam
517 2229 575 2280 et
616 2224 680 2305 in
730 2242 796 2281 eo
843 2225 1041 2305 libello
1086 2227 1185 2298 qui
1228 2230 1480 2305 Pastqris
1511 2227 1723 2305 dicitur
1751 2226 1943 2305 angeli
1971 2226 2339 2305 paenitentiae,
2376 2243 2544 2299 quem
2569 2230 2821 2305 liermas
2852 2222 3219 2305 conscripsit,
3250 2221 3332 2305 ita
3356 2220 3603 2303 refertur
3636 2234 3648 2271 :

250 2297 443 2369 Primo
472 2298 721 2353 omnium
747 2298 902 2353 crede
930 2300 1059 2369 quia
1086 2295 1231 2354 unus
1258 2304 1341 2355 est
1368 2303 1514 2354 Deus
1544 2302 1640 2369 qui
1668 2295 1860 2354 omnia
1883 2295 2088 2355 creavit
2113 2308 2274 2369 atque
2302 2295 2601 2369 coenposuit
2630 2316 2649 2353 :
2675 2299 2788 2368 qui,
2821 2312 2943 2352 cum
2968 2295 3115 2350 nihil
3164 2300 3297 2350 esset
3341 2295 3515 2365 prius,
3545 2304 3658 2346 esse

244 2368 375 2436 fecit
399 2369 587 2423 omnia
619 2384 632 2424 :
665 2371 762 2440 qui
790 2378 869 2425 est
898 2368 1083 2426 omnia
1111 2372 1350 2442 capiens,
1382 2373 1495 2442 ipse
1523 2368 1649 2427 vero
1673 2388 1706 2425 a
1736 2372 1955 2426 nemine
1983 2368 2217 2443 capitur.
2252 2370 2374 2425 Lib.
2409 2368 2469 2438 1'1,
2503 2370 2700 2425 mand.
2735 2386 2772 2423 1.

1015 2526 1183 2593 IDEM,
1220 2522 1382 2588 lbid.,
1416 2522 1512 2592 lib,
1548 2539 1609 2587 11,
1640 2537 1760 2593 cap.
1798 2523 1848 2590 1,
1881 2538 2034 2576 num.
2075 2523 2130 2588 5,
2164 2524 2202 2578 l.
2234 2538 2281 2577 ε.
2311 2537 2439 2592 pag.
2470 2520 2565 2588 79,
2595 2521 2696 2575 col.
2731 2521 2782 2587 1,
2815 2520 2877 2575 Β.

318 2643 386 2699 Ut
417 2647 612 2719 autem
644 2645 821 2719 etiam
846 2662 920 2719 ex
950 2646 1385 2719 Scripturarum
1417 2646 1763 2701 auctoritate
1795 2645 1915 2701 haec
1945 2646 2028 2701 ita
2057 2646 2379 2719 sehabere
2428 2646 2757 2719 credamus,
2777 2644 2969 2719 _audi_
2992 2641 3385 2719 quomodoin
3417 2640 3654 2719 Machaj

247 2714 507 2790 ineorum
539 2716 726 2790 libris,
760 2717 858 2772 ubi
890 2712 1329 2789 mater-septem
1362 2723 1687 2790 martyrum
1720 2734 1906 2773 unum
1937 2734 2005 2772 ex
2050 2717 2185 2772 filiis
2217 2718 2554 2790 cohortatur
2595 2718 2663 2772 ad
2717 2712 3027 2771 toleranda
3062 2717 3395 2790 tormenta,_
3427 2714 3498 2769 de
3545 2712 3655 2790 ho!3

242 2787 519 2869 dogmate
549 2788 929 2869 conﬁrmatur
963 2806 975 2844 :
1010 2791 1155 2869 Rogo
1174 2784 1252 2857 te,
1286 2784 1849 2869 ﬁli,_respice.c(elum
1878 2798 1929 2844 et
1958 2798 2182 2869 terram,
2214 2794 2266 2845 et
2321 2789 2392 2843 ad
2421 2790 2609 2869 omnia
2636 2790 2958 2869 quaeineis
2986 2794 3154 2853 sunt;
3201 2791 3257 2869 et
3307 2784 3491 2869 uidens

238 2856 429 2913 Primo
460 2860 707 2934 omnium
734 2860 908 2934 crede,
940 2862 1072 2932 quia
1084 2856 1245 2916 'unus
1269 2856 1349 2917 est
1378 2856 1519 2917 Deus
1545 2862 1643 2934 qui
1670 2863 1857 2916 omnia
1885 2862 2093 2917 creavit
2121 2865 2281 2932 atque
2308 2856 2714 2929 composuit—et
2742 2860 2872 2931 fecit
2898 2874 2968 2915 ex
2995 2874 3057 2914 eo
3087 2857 3232 2929 quod
3259 2856 3405 2913 nihil
3431 2864 3568 2926 erat,
3590 2857 3654 2911 ut

237 2938 419 2985 essent
445 2931 728 2986 universa.
761 2932 880 2988 Lib.
915 2949 979 3003 11,
1011 2934 1210 2988 mand.
1244 2950 1282 2987 1.

965 3066 1128 3136 lusu,
1161 3064 1329 3130 ibid.,
1363 3065 1464 3121 lib.
1506 3082 1587 3133 111,
1620 3081 1743 3136 cap.
1784 3067 1838 3132 2,
1870 3082 2025 3120 num.
2059 3065 2112 3135 4,
2145 3066 2185 3119 l.
2218 3082 2289 3131 c.,
2318 3082 2448 3137 pag.
2486 3066 2608 3131 140,
2640 3065 2742 3120 col.
2773 3065 2829 3129 2,
2861 3064 2924 3118 ι).

310 3178 421 3233 Sed
456 3182 512 3234 et
533 3182 790 3253 ‘Pastoris
818 3180 967 3237 liber
990 3181 1110 3237 haec
1144 3182 1347 3237 eadem
1376 3180 1632 3236 declarat
1662 3179 2042 3251 dicens,quod
2076 3180 2199 3253 bini
2232 3180 2421 3253 angeli
2454 3179 2715 3253 singulos
2745 3196 3005 3253 quosque
3035 3180 3341 3253 hominum
3373 3176 3651 3233 comiten-

235 3252 335 3325 tur
366 3267 382 3325 :_
412 3254 469 3305 et
498 3249 547 3305 si
580 3253 1011 3325 quandonbonaa
1043 3253 1425 3325 cogitationes
1458 3269 1556 3308 cor
1582 3255 1849 3325 nostrum
1883 3249 2271 3325 ascenderint,
2304 3249 2338 3308 εἶ
2368 3253 2518 3309 bono
2542 3249 3007 3324 angelo’sugg’eri
3038 3251 3179 3306 dicit
3209 3267 3222 3304 :
3258 3249 3308 3305 si
3338 3265 3470 3305 vero
3517 3265 3649 3304 con-

241 3320 459 3390 trarias,
491 3320 630 3377 mali
664 3323 855 3395 angeli
882 3324 1025 3380 dicit
1059 3320 1187 3381 esse
1214 3325 1580 3381 instinctum.
1612 3323 1731 3378 Lib.
1766 3340 1827 3394 11,
1860 3324 2047 3378 mand.
2082 3341 2156 3390 1v,
2190 3320 2316 3396 cap.
2349 3326 2404 3379 2.

810 3475 975 3542 IDEM,
1008 3474 1145 3531 ibid.
1178 3475 1275 3530 lib.
1307 3492 1381 3546 1v,
1412 3491 1531 3546 cap.
1558 3479 1613 3542 2,
1644 3493 1800 3531 num.
1835 3477 1891 3545 8,
1924 3477 1963 3531 l.
1997 3491 2069 3544 c.,
2095 3491 2223 3547 pag.
2263 3474 2383 3541 168,
2413 3489 2482 3529 ex
2513 3472 2844 3529 Philocaliae
2880 3488 3001 3544 cap.
3026 3473 3077 3527 1.

408 3608 491 3661 Ex
529 3606 869 3677 interpretat.
903 3606 1117 3663 Ruﬁni.

305 3764 470 3829 Quod
520 3782 627 3822 nos
657 3766 833 3822 etiam
866 3768 926 3824 in
958 3768 1154 3825 libello
1182 3772 1299 3826 Pa-

229 3854 414 3921 storis,
464 3856 630 3925 quia
669 3856 963 3913 nonnullis
1007 3861 1298 3916 contemni

226 3941 483 4009 videtur,
562 3943 934 4017 designatum
1006 3948 1295 4020 videmus,

228 4046 364 4085 eum
380 4031 625 4102 jubetur
640 4033 879 4091 Hermas
900 4037 1047 4092 duos
1070 4038 1297 4096 libellos

227 4120 507 4187 scribere,
575 4126 631 4177 et
695 4129 896 4195 postea
949 4126 1297 4185 denuntiare

226 4210 585 4282 presbyteris
632 4212 894 4269 Ecclesiae
932 4233 1058 4286 quas
1101 4235 1134 4273 a
1165 4220 1294 4291 Spi-

224 4298 344 4353 ritu
376 4298 601 4355 didicit.
621 4302 784 4367 Quod
816 4302 910 4360 his
939 4305 1131 4363 verbis
1158 4309 1296 4364 scri-

223 4389 395 4459 ptum
421 4393 512 4444 est
539 4406 553 4444 :
585 4392 664 4446 Et
691 4392 908 4461 scribes,
933 4393 1146 4467 inquit,
1163 4396 1296 4454 duos

224 4476 458 4545 libellos,
490 4485 545 4533 et
564 4478 719 4535 dabis
744 4498 920 4537 unum
951 4484 1217 4541 Clementi
1244 4496 1297 4543 et

222 4581 402 4621 unum
431 4565 669 4639 Graptus.
716 4572 792 4624 Et
841 4575 1048 4645 Grapte
1075 4576 1295 4646 quidem

219 4660 563 4712 commoneat
625 4657 819 4714 viduas
858 4668 911 4716 et
965 4665 1234 4735 orphanos
1271 4683 1293 4729 ;

220 4742 469 4800 (flentem
496 4761 623 4802 vero
668 4749 851 4805 mittat
877 4766 975 4822 per
1000 4768 1184 4809 omnes
1209 4756 1292 4810 ci-

220 4835 419 4890 vitates
443 4849 569 4906 quae
595 4837 732 4907 foris
755 4847 921 4901 sunt;
952 4849 1011 4896 tu
1038 4858 1161 4898 vero
1189 4862 1291 4899 an-

213 4924 506 4983 nuntiabis
529 4929 868 5000 presbyteris
894 4930 1167 4989 Ecclesiae.

1480 3606 1576 3661 Διὰ
1628 3611 1789 3662 τοῦτο
1846 3609 2009 3680 ἡμεῖς
2053 3606 2141 3660 καὶ
2189 3604 2252 3659 τὸ
2282 3605 2333 3659 ἐν
2388 3609 2468 3677 τῷ

1412 3688 1514 3744 ὑπό
1542 3712 1698 3745 τινων
1730 3692 2218 3769 καταφρονουμὲνῳ
2265 3684 2469 3765 βιϐλίῳ

1406 3784 1487 3851 τῷ
1516 3779 1767 3853 Ποιμὲνι,
1798 3780 1922 3856 περὶ
1960 3784 2057 3834 τοῦ
2112 3779 2469 3854 προστάσσεσ-

1409 3879 1493 3931 θαι
1525 3870 1615 3924 τὸν
1648 3871 1848 3945 Ἑρμᾶν
1880 3866 1974 3923 δύο
2020 3870 2221 3944 γράψαι
2260 3862 2467 3943 βιϐλία,

1406 3956 1498 4010 καί
1531 3958 1663 4030 μετὰ
1693 3962 1857 4011 ταῦτα
1903 3957 2063 4011 αὐτὸν
2113 3955 2465 4033 ἆναγγὲλλειν

1405 4051 1522 4107 τοῖς
1552 4043 1935 4122 πρεσϐυτέροις
1983 4053 2084 4115 τῆς
2144 4043 2469 4114 Ἐκκλησίας

1406 4134 1439 4187 ’ἀ
1484 4135 1789 4208 μεμάθηκεν
1824 4136 1927 4190 ὑπὸ
1972 4140 2069 4190 τοῦ
2130 4134 2464 4207 Πνεύματος,

1405 4223 1549 4278 οὕτω
1580 4221 1933 4300 διηγούμεθα.
1970 4223 2115 4278 Ἐστὶ
2166 4221 2223 4278 δὲ
2252 4226 2286 4293 ἡ
2323 4224 2465 4295 λέξις

1404 4312 1562 4382 αὕτηο
1624 4314 1853 4388 Γράψεις
1933 4310 2028 4367 δύο
2109 4307 2317 4388 βιϐλία,
2376 4314 2465 4367 καὶ

1404 4400 1594 4465 δώσεις
1638 4404 1693 4458 ἓν
1735 4403 2034 4477 Κλήμεντι,
2065 4404 2154 4458 καὶ
2214 4403 2269 4458 ’ὲν
2334 4410 2465 4479 Γρα-

1576 4492 1673 4547 Καῖ
1732 4495 1949 4569 Γραπτή
2007 4494 2100 4566 μὲν
2154 4495 2465 4563 νουθετήσει

1398 4580 1493 4643 τὰς
1557 4584 1737 4657 χήρας
1804 4582 1895 4637 καὶ
1968 4580 2095 4644 τοὺς
2174 4581 2460 4658 ὀρφανούςο

1401 4671 1643 4744 Κλήμης
1692 4668 1750 4725 δὲ
1802 4674 2005 4745 πεμψει
2065 4670 2141 4731 εἷς
2210 4672 2305 4732 τὰς
2364 4667 2464 4740 ἔξω

1398 4757 1613 4821 πόλεις·
1696 4758 1758 4813 σὺ
1831 4757 1889 4813 δὲ
1961 4756 2277 4834 ἀναγγελεῖς
2350 4764 2464 4821 τοῖς

1398 4841 1782 4923 πρεσϐυτέροις
1886 4853 1987 4917 τῆς
2089 4844 2411 4917 Ἐκκλησίας
2447 4888 2459 4901 .

1401 4937 1525 4991 Lib.
1559 4955 1599 5004 1,
1633 4936 1739 4993 vis.
1773 4955 1840 5007 11,
1871 4953 1998 5009 cap.
2032 4954 2109 4992 1v.

2718 3607 2803 3662 Ex
2829 3608 3174 3678 interpretat.
3206 3603 3453 3661 Delarue
3486 3622 3499 3660 :

2651 3693 2897 3751 Proinde
2945 3711 3074 3761 nos,
3124 3695 3282 3766 quod
3330 3692 3547 3749 dicitur
3585 3693 3645 3748 in

2576 3782 2728 3838 libro
2774 3783 2873 3855 qui
2918 3782 3261 3838 inscribitbr
3301 3782 3494 3838 Pastor
3534 3784 3590 3837 et
3618 3799 3653 3837 a

2578 3872 2857 3927 nonnulis
2926 3871 3351 3938 contemnitur,
3436 3871 3653 3926 Hermae

2578 3961 2934 4033 imperatum
2985 3977 3113 4016 esse
3146 3964 3211 4015 ut
3262 3961 3411 4015 duos
3466 3958 3650 4014 libros

2578 4051 2857 4105 scriberet
2874 4066 2939 4105 ac
2957 4053 3157 4121 postea
3178 4047 3530 4121 presbyteris
3550 4046 3649 4101 Ec-

2577 4137 2763 4193 clesiae
2804 4136 3178 4193 annuntiaret
3208 4153 3337 4207 quae
3362 4135 3645 4191 didicerat

2576 4244 2610 4282 a
2640 4226 2881 4299 Spiritu,
2914 4227 2983 4282 ad
3016 4226 3171 4281 hunc
3202 4224 3443 4281 modum
3473 4241 3643 4296 expo-

2575 4316 2891 4372 nimus.Sic
2920 4318 3114 4372 autem
3138 4315 3209 4370 ad
3238 4315 3482 4369 verbum
3506 4314 3643 4386 legi-

2574 4410 2671 4460 tur
2703 4422 2717 4459 :
2752 4407 2896 4461 Duos
2927 4405 3098 4461 libros
3116 4406 3346 4469 scribes,
3376 4404 3644 4475 dabisque

2573 4510 2748 4550 unum
2769 4494 3044 4550 Clementi
3061 4502 3112 4550 et
3138 4495 3381 4550 alterum
3407 4493 3641 4565 Graptae.

2572 4583 2639 4637 Et
2664 4585 2862 4655 Grapte
2889 4584 3111 4655 quidem
3160 4583 3520 4639 commonebit
3559 4584 3641 4636 vi-

2572 4671 2711 4726 duas
2756 4675 2808 4727 et
2862 4674 3105 4744 pupillos
3162 4687 3176 4727 :
3240 4671 3487 4726 Clemens
3532 4686 3637 4725 au-

2574 4764 2683 4814 tem
2709 4761 2887 4816 mittet
2932 4761 3003 4815 ad
3046 4764 3307 4816 externas
3339 4760 3498 4815 urbes
3528 4777 3546 4813 :
3578 4764 3639 4814 tu

2573 4863 2698 4905 vero
2726 4849 3048 4904 anuntiabis
3089 4848 3422 4921 presbyteris
3450 4849 3631 4905 Eccle-

2573 4950 2693 4994 σιω.

1086 5083 1251 5153 IDEM,
1285 5086 1405 5143 lib..
1438 5103 1477 5142 x
1504 5087 1991 5159 Explanationum
2020 5086 2081 5142 in
2113 5086 2299 5159 Epist.
2335 5086 2502 5142 Rom.
2539 5104 2653 5159 xv1,
2688 5089 2773 5144 14.

290 5194 547 5251 Salutate
598 5195 671 5251 As

709 5196 971 5275 neritum,
1034 5198 1738 5275 Phlegontemtllermen,
1802 5204 2096 5275 Patroban,
2148 5204 2409 5275 Herman,
2464 5210 2515 5257 et
2564 5205 2662 5274 qui
2710 5220 2831 5258 cum
2860 5204 3079 5259 eissunt
3119 5205 3340 5275 fratres.
3372 5201 3453 5258 De
3483 5201 3631 5275 istis

246 5266 257 5277 ο
290 5211 547 5251 salutate
598 5211 971 5321 gignentum,
1034 5211 1414 5269 Phlegontem,
1474 5211 1738 5270 Hermen,
1802 5211 2096 5273 Patroban,
2148 5211 2409 5265 Herman,
2464 5211 2515 5257 et
2564 5211 2662 5274 qui
2710 5220 2831 5258 cum
2860 5211 2935 5259 eis
2952 5212 3079 5259 sunt
3119 5211 3340 5275 fratres.
3372 5211 3453 5258 De
3501 5211 3631 5258 istis

208 5266 581 5356 simpleﬁ‘est
611 5284 639 5356 s
700 5271 909 5356 ρῐέιιο,
934 5284 1039 5324 nec
1070 5269 1292 5356 aliquid
1324 5273 1408 5329 eis
1432 5273 1665 5356 insigne
1694 5274 1887 5356 laudis
1919 5274 2435 5356 adjungiturfuto
2457 5277 2655 5356 autem
2686 5275 2842 5356 quod
2868 5279 3116 5356 _Hermas
3143 5275 3253 5356 iste
3278 5274 3355 5356 sit
3383 5272 3633 5355 scriptor

206 5336 583 5417 libelliAillius
613 5338 714 5410 qui
744 5340 940 5417 Pastor
969 5336 1296 5417 appellatur
1328 5360 1340 5398 :
1376 5361 1502 5416 quae
1530 5336 1822 5417 scriptura
1851 5336 2019 5401 valde
2049 5336 2191 5399 mihi
2222 5343 2667 5417 utilisgvidetur,
2702 5336 2773 5417 et
2822 5352 2886 5400 ut

2932 5352 3094 5417 puto,
3126 5345 3404 5417 divinitus
3443 5345 3628 5417 inspi-

206 5414 357 5488 rata.
392 5409 557 5488 Quod
588 5409 723 5465 vero
754 5410 983 5488 nihil_ei
1005 5409 1212 5488 laudis
1243 5409 1537 5488 ascri'psit,
1568 5409 1689 5487 illa,
1724 5418 2045 5487 opinor,est
2075 5432 2271 5488 causa,
2306 5414 2443 5487 quia
2472 5409 2701 5488 videtur
2727 5416 2877 5488 sicut
2904 5409 3196 5488 scriptura
3225 5416 3323 5471 illa
3349 5409 3624 5488 declarat,

208 5485 345 5554 post
374 5480 562 5537 multa
590 5487 826 5553 peccata
855 5482 927 5537 ad
959 5485 1360 5554 pmnitentiam
1393 5480 1573 5543 fuisse
1624 5480 1945 5543 conversus
1989 5506 2001 5544 :

206 5553 493 5630 didicerat
539 5553 1095 5630 enimuseriptu’ram
1146 5574 1259 5612 non
1311 5559 1705 5630 improperare
1729 5559 1950 5621 homini
2002 5558 2354 5614 convertenti
2373 5574 2433 5613 se
2491 5553 2804 5628 a'peccato
2852 5576 2864 5612 :

470 5624 611 5703 qu_i_a
641 5624 833 5703 adhuc
864 5624 1102 5703 pgsitus
1123 5634 1247 5684 erat
1294 5624 1661 5703 sub—“angelo
1691 5630 2062 5703 paenitentiae,
2122 5648 2155 5685 a

204 5624 436 5693 tribuit,

2062 5492 2120 5542 et
2170 5486 2453 5570 ideol’nec
2500 5486 2877 5570 opprobrium
2925 5489 2975 5542 ei
3025 5486 3624 5570 aliquoduascripsiti

2920 5578 3105 5631 neque
3126 5558 3141 5560 “
3156 5560 3348 5615 laudis
3405 5558 3626 5630 aliquid

2207 5645 2341 5699 quo,
2402 5633 2661 5700 tempore
2716 5637 3066 5701 opportuno.
3125 5632 3356 5687 Christo
3421 5648 3627 5687 rursus

205 5694 463 5773 deberet
489 5694 710 5752 offerri.
744 5694 882 5769 Lege
907 5698 1211 5757 Sedulium
1243 5702 1303 5755 in
1333 5694 1711 5759 Collectvaneié
1740 5702 1810 5757 ad
1840 5694 2086 5759 eumdem
2130 5694 2378 5773 Apostoli
2407 5694 2603 5772 locum,
2650 5694 2881 5758 necnon
2932 5702 3201 5762 Anselmo
3232 5704 3437 5762 tributa
3460 5718 3617 5759 com-

210 5766 526 5825 mentaria.
