4086 6342
403 348 524 411 827

605 723 693 775 Ex
720 727 991 792 interpret
1020 719 1242 777 Rufini.

469 827 537 882 Et
550 825 1014 884 libellusHermae
1028 828 1125 898 qui
1138 828 1468 900 appellatur

396 917 666 984 Pastoris,
698 917 870 987 cujus
902 917 1116 973 Paulus
1141 918 1200 973 in
1232 918 1465 990 Episto-

398 1004 474 1061 lis
501 1004 626 1061 suis
655 1006 949 1075 meminit,
981 1023 1016 1061 a
1045 1006 1317 1079 plurimis
1348 1025 1465 1063 non

404 1100 495 1152 est
523 1099 795 1168 receptus
821 1112 834 1151 :
861 1096 934 1151 ab
984 1096 1114 1153 aliis
1144 1100 1340 1153 autem
1371 1114 1467 1152 ne-

399 1185 690 1241 cessarius
730 1184 1032 1255 judicatus
1077 1190 1186 1252 est,
1233 1190 1467 1258 propter

398 1289 497 1329 eos
519 1274 619 1345 qui
639 1273 846 1345 primis
864 1274 935 1328 ad
959 1274 1134 1329 finem
1154 1274 1465 1330 institutio-

398 1361 967 1418 nibusimbuuntur:
984 1363 1139 1419 unde
1159 1368 1215 1420 et
1232 1364 1291 1417 in
1314 1381 1463 1419 non-

390 1449 579 1506 nullis
610 1450 871 1507 ecclesiis
918 1450 1151 1524 legitur,
1192 1457 1250 1508 et
1296 1452 1465 1508 multi

397 1542 659 1595 veterum
688 1539 1042 1612 scriptorum
1072 1541 1165 1597 usi
1212 1546 1351 1598 sunt
1381 1547 1461 1599 te-

402 1627 695 1684 stimoniis
718 1629 867 1699 ejus.

602 2665 685 2721 Ex
724 2666 1009 2738 interpret.
1042 2666 1259 2724 Ruﬁni.

474 2771 743 2828 Posthac
753 2773 879 2843 jam
903 2773 1203 2846 Scriptura
1223 2778 1466 2847 est,quaa

404 2860 622 2917 dicitur
647 2862 806 2918 Actus
836 2864 1044 2925 Pauli;
1083 2864 1184 2919 sed
1217 2868 1274 2920 et
1302 2863 1468 2920 libel-

405 2950 503 3006 lus
533 2950 635 3020 qui
687 2951 1013 3024 appellatur
1038 2954 1301 3022 Pastoris,
1335 2958 1468 3020 etc.,

406 3040 479 3096 de
509 3040 725 3113 quibus
746 3058 924 3114 quam
958 3043 1211 3099 maxime
1239 3043 1470 3101 dubita-

411 3132 525 3184 tur.

607 3319 691 3373 Ex
718 3318 1006 3391 interpret.
1050 3320 1267 3377 Rufini.

472 3423 590 3482 Nec
606 3441 722 3481 non
742 3428 802 3482 et
821 3425 1087 3484 libellum
1110 3428 1211 3500 qui
1231 3434 1478 3487 vocatur

405 3512 675 3581 Pastoris,
724 3514 1098 3587 amplectitur
1154 3519 1473 3593 (lrenaaus),

411 3599 613 3657 dicens
636 3601 822 3658 :Bene
851 3619 986 3677 ergo
1018 3605 1193 3663 refert
1218 3608 1475 3680 Scriptu-

415 3705 501 3761 ra,
534 3705 663 3761 quaa
692 3691 832 3748 dicit
871 3709 885 3748 :
938 3694 1188 3750 Primum
1233 3699 1479 3753 omnium

413 3778 745 3837 credendum
760 3786 858 3850 est,
881 3785 1014 3855 quia
1036 3800 1179 3840 unus
1199 3789 1278 3841 est
1306 3791 1476 3855 Deus,

413 3870 512 3941 qui
561 3872 748 3927 omnia
799 3874 1003 3928 creavit
1053 3883 1222 3946 atque
1266 3891 1478 3948 compo-

412 3960 542 4016 suit.

1892 352 1959 416 S.
2004 352 2330 419 HERMAS

2051 518 2155 580 VI.

1488 622 1784 679 Eussmus
1823 621 1975 679 llist.
2006 622 2237 693 eccles.,
2279 624 2377 681 lib.
2410 641 2474 680 ιιι
2501 640 2624 696 cap.
2657 626 2710 681 3.

1647 827 1795 881 Ἐπεὶ
1837 824 1894 881 δὲ
1941 828 1970 881 6
2013 826 2175 892 αὐτὸς
2222 827 2530 891 ἀπόστολος
2583 828 2634 884 ἐν

1572 921 1690 978 ταῖς
1718 915 1805 970 ἐπὶ
1834 915 1978 972 τέλει
2011 920 2340 993 προσρήσεσι
2370 925 2469 988 τῆς
2497 918 2634 993 πρὸς

1573 1006 1899 1078 Ῥωμαίους,
1936 1009 2159 1081 μνήμην
2194 1007 2511 1078 πεποίηται,
2546 1029 2637 1081 με·

1571 1094 1639 1148 τὰ
1665 1099 1773 1150 τῶν
1819 1094 2029 1168 ἀλλῶν,
2060 1096 2150 1151 καὶ
2179 1098 2376 1170 Ἑρμᾶ,
2409 1097 2470 1151 οὗ
2530 1118 2635 1175 φα-

1573 1205 1653 1238 σιν
1685 1182 1946 1259 ὑπάρχειν
1994 1184 2055 1239 τὸ
2097 1190 2193 1239 τοῦ
2234 1185 2501 1258 Ποιμένος
2556 1185 2636 1262 βί-

1575 1267 1749 1327 ϐλίον·
1768 1272 1937 1327 ἰστέον
1961 1273 2034 1335 ὡς
2065 1274 2156 1328 καὶ
2184 1279 2345 1329 τοῦτο
2376 1274 2515 1351 πρὸς
2539 1274 2631 1348 μέν

1571 1383 1731 1417 τινων
1766 1360 2159 1435 ἀντιλέλεκται,
2176 1360 2244 1417 δι’
2262 1363 2353 1426 οὓς
2377 1363 2475 1418 οὐκ
2497 1364 2555 1418 ἂν
2580 1362 2632 1418 ἐν

1573 1450 2041 1528 ὁμολογουμένοις
2071 1452 2268 1524 τεθείη·
2305 1454 2391 1532 ὑφ’
2440 1452 2634 1527 ἑτέρων

1575 1538 1633 1595 δὲ
1670 1540 2106 1617 ἀναγκαιότατον,
2142 1544 2224 1605 οἷς
2277 1541 2511 1615 μάλιστα
2553 1540 2636 1597 δεῖ

1573 1632 1971 1705 στοιχειώσεως
2031 1632 2417 1708 εἷσαγωγικῆς,
2458 1631 2635 1707 κέκρι-

1568 1738 1677 1773 ται⁶
1730 1717 1848 1783 ὅθεν
1906 1717 2016 1791 ἤδη
2074 1722 2163 1775 καὶ
2222 1721 2273 1775 ἐν
2318 1719 2631 1792 ἐκκλησίαις

1572 1804 1725 1881 ἷ¹σμεν
1785 1808 1914 1864 αὐτὸ
1978 1807 2491 1885 δεδημοσιωμένον,
2542 1810 2631 1866 καὶ

1569 1903 1677 1953 τῶν
1736 1896 2115 1954 παλαιοτάτων
2175 1897 2233 1954 δὲ
2284 1899 2629 1979 συγγραφέων

1570 1987 1945 2062 κεχρημένους
1990 1989 2142 2050 τινὰς
2185 1988 2332 2061 αὐτῷ
2373 1987 2630 2061 κατείλη-

1573 2098 1663 2152 φα.

1669 2564 1844 2631 IDEM,
1877 2561 2039 2630 ibid.,
2074 2562 2169 2618 lib.
2203 2580 2265 2618 ιιι
2294 2578 2416 2635 cap.
2448 2564 2539 2619 25.

1648 2775 1733 2829 Ἐν
1798 2779 1914 2836 τοῖς
1997 2774 2175 2837 νόθοις
2256 2775 2637 2852 κατατετάχθω

1576 2863 1665 2919 καὶ
1721 2869 1830 2920 τῶν
1889 2864 2107 2921 Παύλου
2163 2866 2404 2942 πράξεων
2436 2868 2472 2936 ἡ
2504 2887 2638 2942 γρα-

1579 2954 1677 3031 φὴ,
1709 2951 1739 3008 6'
1764 2974 1824 3008 τε
1854 2951 2144 3030 λεγόμενος
2176 2956 2414 3028 Ποιμήν.

1698 3228 1869 3293 IDEM,
1899 3223 2059 3293 ibid.,
2091 3223 2188 3280 lib.
2219 3241 2275 3293 v,
2307 3240 2429 3297 cap.
2462 3226 2517 3281 8.

1654 3428 1727 3483 Οὐ
1795 3426 1958 3501 μόνον
2018 3424 2075 3482 δὲ
2132 3424 2293 3498 οἶδεν,
2351 3424 2498 3483 ἀλλὰ
2551 3428 2642 3485 καὶ

1586 3515 1915 3593 ἀποδέχεται
1942 3518 2043 3587 τὴν
2070 3521 2169 3572 τοῦ
2198 3517 2469 3591 Ποιμένος
2515 3538 2645 3594 γρα-

1585 3610 1716 3687 φὴν,
1775 3605 1971 3683 λέγων·
2029 3604 2221 3669 Καλῶς
2278 3605 2370 3662 οὗν
2425 3607 2570 3663 εἶπεν
2605 3611 2641 3679 ἡ

1584 3697 1763 3776 γραφὴ
1821 3698 1856 3765 ἡ
1907 3693 2160 3770 λέγουσα·
2210 3699 2432 3773 Πρῶτον
2509 3698 2643 3753 πάν-

1585 3806 1693 3840 των
1771 3783 2053 3840 πίστευσον
2137 3782 2221 3840 ὅτι
2292 3787 2369 3848 εἷς
2418 3785 2555 3841 ἐστιν
2616 3787 2644 3841 6

1590 3876 1744 3945 Θεὸς,
1776 3875 1804 3928 6
1833 3873 1901 3928 τὰ
1952 3875 2124 3929 πάντα
2175 3874 2362 3937 κτίσας
2399 3872 2489 3930 καί
2517 3896 2645 3931 κατ-

1588 3962 1830 4042 αρτίσας,
1856 3960 1947 4019 καί
1972 3963 2041 4019 τὰ
2070 3963 2215 4035 ἑξῆς.

2057 4154 2161 4216 VII
2172 4199 2186 4215 .

3690 356 3812 420 828

2911 726 2993 779 Ex
3023 726 3310 795 interpret.
3346 722 3636 781 Cotelerii.

2815 831 3101 898 Quoniam
3118 846 3253 886 vero
3270 829 3569 902 apostolus
3594 830 3821 888 Paulus

2744 920 2805 976 in
2829 919 3286 976 salutationibus
3308 918 3424 975 illis
3448 936 3576 991 quae
3607 922 3723 976 sub
3743 922 3823 977 ﬁ-

2745 1025 2876 1065 nem
2901 1008 3175 1081 Epistolaa
3195 1009 3267 1064 ad
3290 1008 3584 1065 Romanos
3610 1010 3824 1083 legun-

2743 1102 2861 1165 tur,
2892 1090 3312 1155 inter'caeteros
3342 1098 3703 1156 mentionem
3731 1101 3823 1157 fe-

2744 1187 2824 1243 cit
2839 1187 3014 1243 etiam
3041 1186 3462 1258 Hermae,cujus
3482 1203 3616 1244 esse
3628 1189 3823 1246 fertur

2742 1274 2889 1331 liber
2915 1277 3199 1339 Pastoris;
3230 1276 3535 1332 sciendum
3567 1283 3656 1334 est
3675 1295 3821 1334 eum

2742 1364 2958 1421 librum
2983 1382 3017 1420 a
3036 1364 3338 1422 nonnullis
3360 1364 3599 1437 quidem
3622 1367 3681 1423 iu
3704 1368 3823 1424 du-

2741 1452 2905 1509 bium
2953 1470 3081 1509 esse
3125 1458 3479 1522 revocatum,
3532 1455 3605 1509 ob
3660 1471 3818 1526 quos

2740 1542 2895 1598 inter
2940 1546 3181 1616 receptae
3236 1543 3602 1599 auctoritatis
3629 1543 3822 1602 libros

2742 1633 2878 1706 poni
2936 1650 3051 1689 non
3102 1636 3331 1705 potest;
3384 1633 3455 1689 ab
3506 1632 3637 1689 aliis
3677 1650 3817 1691 vero

2743 1722 2994 1779 maxime
3007 1722 3474 1789 necessarius,iis
3488 1724 3819 1795 praesertim

2741 1812 2843 1885 qui
2874 1811 3300 1869 introductoria
3347 1812 3419 1868 ad
3470 1810 3821 1885 religionem

2743 1901 3011 1974 indigent
3069 1900 3463 1967 institutione,
3513 1900 3823 1972 judicatus

2741 1994 2830 2047 est
2854 2009 2867 2059 ;
2900 1991 3057 2046 unde
3086 1990 3265 2046 etiam
3296 1990 3357 2046 in
3386 1989 3650 2047 ecclesiis
3677 2006 3821 2046 eum

2740 2079 2973 2153 publice
3011 2079 3227 2136 lectum
3258 2079 3503 2147 scimus,
3534 2083 3592 2135 et
3632 2096 3817 2152 quos-

2744 2171 2885 2226 dam
2905 2168 3402 2226 exvetustissimis
3422 2167 3817 2241 scriptoribus

2739 2258 3075 2316 testimonio
3154 2258 3343 2331 ipsius
3413 2275 3553 2315 usos
3623 2257 3813 2314 fuisse

2740 2348 3019 2421 comperi.
3042 2349 3177 2419 Lege
3196 2347 3607 2421 Nicephorum,
3635 2347 3783 2403 tib.n
3797 2391 3815 2416 ,

2739 2454 2863 2509 cap.
2899 2438 2986 2493 46.

2906 2672 2991 2726 Ex
3027 2671 3312 2739 interpret.
3352 2666 3644 2724 Cotelerii.

2818 2779 2974 2833 Inter
2989 2775 3169 2832 libros
3193 2775 3402 2831 nothos
3422 2773 3740 2830 collocetur
3763 2776 3825 2828 et

2748 2870 2990 2923 Actuum
3015 2865 3179 2939 pauli
3217 2864 3529 2937 scriptura,
3581 2865 3638 2919 et
3665 2860 3826 2917 liber

2748 2956 2846 3028 qui
2875 2955 3091 3012 dicitur
3118 2956 3332 3011 Pastor.

2927 3323 3012 3378 Ex
3037 3322 3323 3393 interpret.
3353 3316 3641 3376 Cotelerii.

2821 3430 2950 3486 Non
2972 3428 3166 3486 solum
3192 3429 3389 3485 autem
3409 3425 3819 3500 [Irenaaus]no-

2750 3520 2854 3589 vit,
2880 3519 2982 3575 sed
3011 3521 3069 3575 et
3114 3516 3330 3590 recepit
3354 3516 3608 3574 Pastoris
3638 3514 3821 3587 scrip-

2751 3614 2970 3675 turam,
3002 3608 3240 3664 dicens:
3266 3606 3439 3663 Recte
3468 3604 3653 3677 igitur
3673 3602 3826 3659 dixit

2751 3697 3065 3771 Scriptura,
3080 3713 3211 3769 quae
3230 3697 3314 3752 ait
3328 3711 3341 3752 :
3355 3695 3545 3750 Primo
3573 3694 3827 3750 omnium

2754 3787 2928 3856 crede,
2950 3786 3094 3859 quod
3121 3801 3265 3843 unus
3291 3792 3371 3841 est
3396 3785 3558 3851 Deus,
3580 3784 3679 3855 qui
3704 3796 3825 3839 om-

2754 3879 2854 3934 nia
2898 3876 3104 3933 creavit
3149 3882 3199 3932 et
3236 3873 3665 3943 consummavit,
3716 3873 3832 3927 etc.

2759 3966 2887 4023 Lib.
2921 3983 2986 4034 ιι,
3032 3964 3232 4023 mand.
3284 3981 3323 4019 Ι.
3376 3967 3517 4034 lege
3554 3958 3829 4033 Niceph.,

2760 4055 2857 4112 lib.
2899 4071 2977 4124 IV,
3005 4070 3125 4127 cap.
3159 4054 3248 4110 14.

734 4242 1127 4314 ΑτιιΑιιιΑειυε,
1159 4244 1242 4301 Βο
1271 4244 1672 4301 incarnatione
1698 4241 1876 4300 Verbi
1905 4241 2029 4311 Dei,
2060 4260 2078 4298 ν

2212 4287 2214 4298 .
2247 4243 2301 4312 3,
2335 4250 2465 4300 tom.
2497 4244 2542 4311 Ι,
2572 4261 2697 4317 pag.
2730 4244 2820 4310 49,
2851 4242 2936 4311 D;
2968 4240 3097 4298 edit.
3120 4240 3332 4311 Paris.,
3366 4238 3523 4295 1898.

499 4342 574 4395 At
602 4338 800 4396 divina
837 4341 1099 4398 doctrina
1127 4346 1185 4399 et
1210 4342 1425 4400 Christi
1455 4342 1755 4400 ﬁdes...ait
1784 4358 1887 4414 per
1911 4341 2073 4414 Moy-

427 4443 553 4486 sem
585 4430 892 4502 quidem...
925 4436 983 4487 et
1009 4432 1069 4487 in
1102 4431 1417 4490 utilissimo
1446 4434 1689 4490 Pastoris
1720 4431 1868 4488 libro
1896 4447 1908 4487 :
1943 4432 2071 4487 Pri-

2252 4340 2314 4395 Ἡ
2363 4337 2421 4395 δὲ
2469 4338 2645 4403 ἔνθεος
2688 4337 3027 4409 διδασκαλία,
3058 4337 3148 4393 καὶ
3196 4339 3231 4408 ὴ
3280 4334 3417 4391 κατὰ
3460 4332 3688 4410 Χριστὸν
3745 4330 3845 4386 πί·

2180 4449 2294 4491 στις
2323 4462 2390 4474 —-
2412 4429 2543 4507 φησὶ
2577 4426 2665 4483 διὰ
2700 4430 2793 4502 μὲν
2827 4427 3099 4489 Μωυσέως
3129 4459 3200 4468 --
3249 4422 3339 4480 διὰ
3386 4421 3444 4479 δὲ
3479 4429 3579 4494 τῆς
3628 4418 3839 4497 ὠφελι-

425 4536 579 4575 mum
625 4521 874 4575 omnium
920 4521 1077 4577 crede
1118 4538 1293 4577 unum
1340 4524 1513 4579 Deum
1556 4538 1688 4591 esse,
1745 4522 1842 4595 qui
1886 4521 2072 4577 omnia

2212 4516 2438 4589 ιωτάτης
2509 4512 2706 4595 βίϐλου
2794 4521 2892 4572 τοῦ
2957 4516 3247 4591 Ποιμένος·
3321 4517 3544 4590 Πρῶτον
3615 4511 3835 4565 πάντων

422 4610 630 4664 creavit
655 4612 712 4664 et
738 4612 987 4681 perfecit,
1013 4626 1185 4684 eaque
1211 4626 1338 4684 quae
1358 4627 1467 4669 non
1490 4614 1734 4678 erant,ut
1763 4617 1895 4667 esset
1916 4610 2067 4680 fecit.

428 4697 555 4756 Lib.
587 4714 650 4767 II,
682 4699 882 4754 maud.
915 4716 955 4755 ι.

2177 4606 2483 4678 πίστευσον,
2533 4605 2617 4661 ὅτι
2672 4608 2747 4669 εἷς
2804 4606 2943 4662 ἐστιν
3004 4606 3033 4660 ὁ
3086 4606 3235 4677 Θεὸς,
3285 4604 3315 4658 6
3359 4602 3428 4658 τὰ
3470 4599 3645 4657 πάντα
3710 4598 3833 4654 κτί-

2179 4717 2276 4759 σας
2321 4695 2411 4751 καὶ
2477 4695 2820 4773 καταρτίσας,
2863 4694 2953 4751 καὶ
3000 4696 3236 4767 ποιήσας
3288 4692 3348 4749 ἐκ
3392 4694 3490 4747 τοῦ
3544 4691 3621 4765 μὴ
3674 4683 3835 4750 ὄντος

2181 4783 2259 4849 εἷς
2287 4786 2349 4841 τὸ
2383 4785 2537 4841 εἶναι.

1118 4934 1284 5002 IDEM,
1315 4933 1397 4989 De
1426 4930 1683 4988 Decretis
1712 4931 1955 4986 Nicaeum
1986 4946 2078 5003 syr

2212 4977 2214 4987 ,
2243 4946 2398 4986 num.
2430 4931 2483 4997 4,
2514 4934 2645 4986 tom.
2678 4931 2730 4997 1,
2758 4945 2888 5002 pag.
2920 4930 3047 4999 211,
3079 4931 3146 4985 D.

505 5022 566 5078 Id
597 5038 756 5090 vero,
787 5026 854 5078 ut
883 5023 965 5079 ait
993 5027 1205 5092 Pastor,
1236 5039 1352 5078 non
1404 5021 1520 5078 nisi
1551 5039 1585 5079 a
1628 5019 1859 5078 diabolo
1889 5024 2082 5076 ortum

430 5109 626 5168 habet.
661 5113 783 5169 Lib.
819 5130 880 5182 II,
912 5112 1104 5169 mand.
1140 5129 1214 5167 IX.

441 5695 567 5756 Lib.
600 5711 663 5764 ιι,
696 5695 896 5752 mand.
935 5712 974 5752 1.

2194 5101 2384 5162 ϐόλου.

1569 5238 1733 5306 IDEM,
1766 5236 1967 5293 ibidem
1993 5251 2148 5291 num.
2181 5234 2270 5302 18,
2319 5250 2447 5307 pag.
2475 5233 2603 5305 223,
2637 5233 2698 5290 F.

504 5340 569 5394 In
610 5340 839 5394 Pastore
885 5343 1080 5394 autem
1132 5338 1416 5411 scriptum
1447 5340 1535 5393 est
1582 5334 2085 5409 (quandoquidem

439 5427 657 5483 librum
688 5428 845 5483 hunc
880 5428 1081 5497 citant,
1118 5427 1386 5499 quamvis
1430 5444 1544 5482 non
1576 5426 1654 5482 sit
1684 5442 1753 5482 ex
1780 5424 2034 5495 Canone)
2068 5439 2081 5478 :

442 5519 693 5572 Primum
722 5518 970 5571 omnium
998 5517 1154 5573 crede
1183 5534 1357 5572 unum
1395 5533 1512 5571 esse
1557 5518 1746 5581 Deum,
1779 5517 1875 5586 qui
1901 5515 2087 5570 omnia

440 5608 644 5662 creavit
673 5610 723 5661 et
751 5608 997 5677 perfecit,
1030 5609 1319 5678 omniaque
1345 5623 1415 5663 ea:
1441 5606 1706 5677 nihilo,ut
1732 5608 1907 5661 essent
1933 5604 2082 5674 fecit.

2193 5510 2403 5564 πάντων
2489 5508 2791 5579 πίστευσον,
2862 5505 2945 5561 ὅτι
3015 5508 3092 5567 εἷς

2192 5598 2360 5655 πάντα
2447 5598 2629 5661 κτίσας
2726 5596 2815 5652 καὶ
2891 5595 3236 5673 καταρτίσας,
3305 5594 3396 5651 καὶ
3469 5596 3702 5666 ποιήσας
3783 5592 3843 5648 ἐκ

2262 5022 2432 5073 Τοῦτο
2476 5015 2554 5089 δὲ,
2585 5018 2661 5080 ὡς
2693 5019 2721 5073 ὁ
2752 5018 2969 5092 Ποιμήν
3019 5012 3255 5091 εἷ’ρηκεν,
3287 5006 3508 5089 ἔκγονὸν
3559 5009 3670 5067 ἐστι
3720 5006 3843 5065 δια-

2266 5332 2350 5385 Ἐν
2403 5328 2461 5386 δὲ
2515 5334 2595 5403 τῷ
2652 5328 2880 5403 Ποιμένι
2910 5326 3205 5405 γέγραπται
3255 5324 3465 5401 (ἐπειδὴ
3513 5325 3604 5382 καὶ
3650 5329 3855 5399 τοῦτο,

2192 5420 2282 5475 καί
2328 5441 2413 5475 τοι
2460 5421 2533 5493 μὴ
2586 5418 2643 5474 ὃν
2692 5419 2752 5473 ἐκ
2793 5421 2892 5472 τοῦ
2920 5416 3168 5485 κανόνος,
3198 5414 3576 5495 προφέρουσι)·
3610 5419 3839 5492 Πρῶτον

3170 5504 3309 5561 ἐστιν
3393 5507 3423 5559 6
3487 5506 3638 5577 Θεὸς,
3690 5506 3717 5557 6
3774 5505 3842 5558 τὰ

2190 5692 2291 5745 τοῦ
2326 5688 2402 5764 μὴ
2433 5683 2587 5751 ὄντος
2618 5685 2696 5750 εἷς
2723 5687 2786 5742 τὸ
2818 5684 2954 5744 εἶναι
2979 5683 3049 5745 τὰ
3074 5685 3269 5745 πάντα.
