4036 6344
151 393 286 459 829
1420 399 1745 464 PASTOR.

1968 400 2308 465 tOOEMIA.
3442 391 3562 457 830

832 579 995 636 lnam.
1029 582 1091 635 in
1119 579 1305 653 Epist.
1339 580 1409 636 ad
1439 581 1603 636 Afros
1654 580 2161 653 episcopos,]num.
2192 583 2248 649 5,
2272 586 2402 639 tom.
2438 582 2507 652 II,
2536 598 2662 655 pag,
2694 580 2822 651 895,
2852 579 2915 636 B.

232 688 585 767 Ἐλογίζοντο
617 690 675 748 δὲ
709 695 799 748 καὶ
827 695 889 748 τὸ
937 694 988 747 ἐν
1016 698 1095 765 τῷ
1128 694 1351 768 Ποιμένι
1400 696 1621 773 γραφὲν.
1654 699 1812 770 Πρῶ-

1995 698 2338 771 Cogitabant
2368 715 2599 771 quoque
2638 698 2785 753 illud
2844 697 2903 751 in
2961 698 3187 751 Pastore
3235 692 3558 766 scriptum:

156 801 256 835 τον
334 782 551 855 πάντων
626 782 934 851 πίστευσον,
996 781 1079 838 ὅτι
1152 785 1228 845 εἷς
1293 782 1433 838 ἐστὶν
1494 786 1521 839 6
1579 784 1731 852 Θεὸς,

1971 795 2062 842 nte
2089 790 2281 844 omnia
2309 789 2485 859 crede,
2531 805 2706 843 unum
2752 803 2863 843 esse
2924 787 3096 841 Deum
3134 784 3231 856 qui
3280 784 3485 838 creavit
3510 785 3565 838 et

153 870 229 924 τὰ
285 868 461 925 πάντα
506 871 686 933 κτίσας
761 875 850 926 καὶ
917 872 1257 949 καταρτίσας,
1314 872 1403 927 καὶ
1460 874 1693 943 ποιήσας

1965 876 2212 932 domavit
2239 879 2446 944 omnia,
2468 882 2519 932 et
2543 877 2676 952 fecit
2706 892 2779 933 ea
2807 890 3003 932 canon
3029 871 3388 931 existentibus
3410 871 3559 929 exis-

152 962 261 1015 τοῦ
296 961 373 1034 μὴ
408 954 563 1024 ὄντος
597 960 673 1024 εἷς
699 961 763 1017 τὸ
790 962 942 1020 εἶναι.

1922 969 2052 1022 tere.
2086 965 2211 1021 Lib.
2247 982 2308 1036 ιι,
2342 967 2541 1022 mand.
2575 984 2613 1021 ι.

982 1089 1125 1145 IDEM
1156 1106 1219 1144 in
1247 1088 1507 1161 Epistola
1534 1089 1745 1146 Festali
1772 1091 1868 1146 sub
1892 1092 2076 1162 ﬁnem,
2106 1094 2237 1147 tom.
2270 1093 2338 1163 II,
2363 1108 2489 1163 pag.
2523 1092 2649 1159 963,
2678 1093 2743 1147 A.

232 1201 389 1257 Ἐστι
419 1200 509 1257 καὶ
548 1199 704 1279 ἕτερα
746 1198 935 1279 βιϐλία
978 1201 1183 1257 τούτων
1236 1199 1449 1275 ἔξωθεν,
1482 1202 1544 1257 οὐ
1592 1224 1806 1259 κανονι-

1987 1210 2133 1262 Sunt
2162 1206 2443 1263 nimirum
2477 1206 2574 1263 alii
2606 1206 2743 1262 libri
2773 1210 2980 1279 praeter
3008 1204 3174 1274 istos,
3223 1218 3339 1258 non
3365 1202 3425 1257 in
3456 1204 3557 1257 Ca-

157 1288 370 1365 ζόμενα
403 1292 520 1366 μὲν,
552 1292 905 1367 τετυπωμένα
935 1289 992 1347 δὲ
1036 1293 1181 1367 παρᾶ
1225 1295 1333 1346 τῶν
1379 1292 1631 1368 Πατέρων
1682 1294 1751 1347 ἀνι

1983 1313 2126 1352 lmen
2159 1296 2397 1367 quidem
2428 1298 2712 1365 redactos,
2746 1296 2849 1351 sed
2881 1311 3029 1367 quos
3076 1311 3110 1349 a
3149 1291 3332 1348 Patris
3364 1292 3577 1347 decrer

152 1381 524 1455 γινώσκεσθαι
546 1388 666 1445 τοῖς
687 1380 804 1459 ἄρτι
828 1381 1295 1457 προσερχομένοις
1324 1381 1411 1435 καὶ
1448 1379 1746 1457 βουλομένη

1964 1402 2039 1440 im
2071 1389 2180 1452 est,
2212 1387 2490 1458 legendos
2520 1386 2591 1441 ab
2623 1385 2698 1440 iis
2734 1402 2862 1441 esse
2892 1384 2993 1457 qui
3034 1398 3221 1455 nuper
3260 1380 3558 1437 ediscendi

150 1475 519 1545 κατηχεῖσθαι
563 1471 656 1526 τὸν
703 1473 800 1539 τῆς
851 1466 1117 1533 εὗσεϐείας
1168 1470 1351 1546 λόγον·
1405 1471 1577 1548 Σοφία
1628 1469 1738 1527 Σολ

1965 1475 2148 1530 ietatis
2168 1475 2325 1529 verbi
2356 1474 2543 1546 gratia
2564 1474 2954 1531 accesserint:
2977 1471 3277 1545 Sapientia
3303 1469 3559 1527 Salomo-

156 1563 447 1633 μῶντος...
480 1560 569 1616 καὶ
601 1561 629 1616 6
658 1561 897 1634 Ποιμήν.

810 1561 897 1631 ήν.
1912 1563 2073 1620 nis...
2110 1567 2167 1619 et
2193 1566 2404 1621 Pastor.

756 1786 1019 1853 DIDYMUS
1045 1787 1109 1841 in
1137 1785 1355 1841 Catena
1386 1785 1622 1843 ad‘Jobi
1654 1692 2215 1860 vm,v11';,11.18,§pag.
2245 1788 2371 1860 202,
2404 1787 2533 1844 edit.
2567 1786 2760 1854 Lond.,
2795 1788 2953 1843 1637.

225 1904 290 1962 Ὁ
320 1897 522 1973 ἀσεϐὴς
554 1898 645 1957 οὖν
692 1901 897 1957 ἅπασαν
944 1902 1043 1970 τήν
1096 1899 1369 1976 διαγωγὴν
1420 1900 1471 1955 ἐν
1523 1898 1659 1974 οἷ’κῳ
1704 1923 1805 1957 κα-

1986 1904 2191 1961 Omnis
2221 1904 2401 1977 igitur
2428 1904 2701 1960 dissoluti
2723 1903 2887 1977 impii
2908 1901 3265 1959 conversatio
3291 1900 3352 1956 in
3381 1901 3557 1956 domo

150 1990 276 2055 χίας
326 1991 465 2068 ἔχει,
499 1988 909 2065 διαλελυμένος,
940 1990 1075 2045 κατὰ
1119 1989 1244 2051 τοὺς
1294 1986 1394 2061 ἔξω
1431 1997 1533 2060 τῆς
1584 1989 1740 2046 οἷκοδ

1960 1993 2216 2049 ravitatis
2244 1998 2333 2049 est
2365 2010 2481 2049 non
2513 1993 2683 2049 aliter
2721 2009 2901 2065 quam
2929 1992 3154 2065 lapides
3184 1994 3348 2047 extra
3371 1989 3554 2045 aedifi-

161 2088 274 2156 μῆς
308 2080 584 2154 λίθους,οἳ
610 2080 717 2157 οὐχ
746 2079 1042 2157 ἁρμόζουσι
1061 2083 1131 2154 τῇ
1154 2077 1423 2154 οἰκοδομῇ
1444 2084 1541 2135 τοῦ
1570 2080 1755 2158 πύργοι

1967 2099 2087 2151 nm,
2121 2083 2221 2154 qui
2253 2082 2600 2137 aediﬁcandae
2629 2082 2776 2137 turri
2801 2081 2974 2153 plane
3002 2080 3183 2154 inepti
3212 2080 3556 2151 sunt,juxta

151 2172 293 2227 κατὰ
315 2172 409 2227 τὸν
441 2172 709 2245 Ποιμένα.

1956 2176 2215 2228 actorem.
2251 2171 2375 2226 Lib.
2408 2190 2450 2240 1,
2479 2171 2587 2227 vis.
2616 2189 2676 2242 ιι,
2708 2187 2875 2243 capp.
2906 2172 2961 2240 2,
2991 2172 3027 2225 6
3055 2173 3110 2226 et
3141 2170 3194 2238 7,
3226 2173 3285 2226 et
3314 2168 3418 2224 lib.
3464 2184 3550 2239 ιιι,

1909 2261 2089 2319 simil.
2121 2279 2201 2333 ιιι,
2233 2278 2402 2333 capp.
2432 2262 2490 2329 6,
2514 2261 2569 2333 '7,
2598 2260 2686 2316 31.

1805 2389 1909 2451 IX.

761 2485 1145 2541 HIERONYMUS
1184 2485 1282 2540 lib.
1313 2485 1395 2541 De
1422 2485 1561 2541 viris
1590 2484 1807 2542 illustr.
1838 2502 1957 2559 cap.
1991 2501 2048 2554 ιι,
2073 2501 2199 2541 cum
2227 2494 2404 2543 vetere
2432 2485 2617 2542 Grazco
2646 2486 2957 2557 interprete.

246 2607 431 2679 Ερμᾶς
478 2602 541 2655 οὗ
590 2601 618 2655 ὁ
667 2597 972 2661 ἀπόστολος
1019 2600 1153 2674 πρὸς
1204 2599 1507 2673 Ῥωμαίους
1577 2599 1797 2677 γράφων

1985 2602 2232 2657 Harman
2255 2603 2425 2673 cujus
2446 2600 2745 2673 apostolus
2765 2600 2981 2657 Paulus
3003 2600 3075 2656 ad
3098 2600 3393 2656 Romanos
3414 2600 3551 2671 (xw,

161 2692 479 2766 μέμνηται²
559 2690 891 2746 Ἀσπάσασθε
991 2686 1378 2763 ’Δσύγκριτον,
1477 2686 1755 2763 Φλέγοντα

1985 2692 2074 2758 14)
2103 2690 2368 2746 scribens
2399 2690 2668 2745 meminit
2701 2707 2713 2743 ς
2748 2690 2992 2745 Salutate
3010 2689 3552 2760 Asyncritum,Phle-

155 2783 379 2858 Ἑρμᾶν,
432 2772 737 2852 Πατρόϐαν,
805 2778 1032 2853 Ἑρμῆν·
1103 2773 1318 2851 λέγεται
1379 2776 1637 2848 αὐθέντης
1710 2800 1749 2853 γς

1957 2788 2145 2847 ιηιειη,
2178 2782 2434 2847 Herman,
2466 2779 2781 2847 Patrobam,
2814 2781 3046 2833 Hermen
3095 2783 3147 2835 et
3192 2781 3288 2849 qui
3316 2795 3443 2834 cum
3472 2779 3551 2834 eis

160 2871 418 2946 γενῆσθαι
453 2863 648 2944 βίϐλου
697 2864 1076 2942 ἐπιγραφείσης
1122 2868 1362 2937 Ποιμήν,
1394 2866 1515 2935 ἥτις
1565 2865 1617 2920 ἔν
1662 2889 1748 2921 τισ

1955 2873 2123 2925 utres
2151 2878 2279 2925 sunt
2309 2887 2327 2923 :
2359 2872 2631 2925 asserunt
2660 2872 2955 2924 auctorem
2996 2885 3125 2925 esse
3153 2867 3289 2924 libri
3317 2868 3416 2941 qui
3448 2885 3549 2941 ap-

155 2956 531 3019 Ἀνατολικαῖς
641 2954 953 3026 ἐκκλησίαις
1036 2952 1277 3027 δημοσίᾳ
1359 2955 1749 3029 ἀναγινώσκεται

1953 2957 2160 3013 ellatur
2188 2960 2400 3024 Pastor,
2429 2962 2485 3013 et
2515 2958 2669 3030 apud
2701 2958 2987 3029 quasdam
3019 2958 3243 3014 Graeciaa
3274 2957 3547 3013 ecclesias

157 3050 258 3104 Καὶ
308 3047 529 3118 ἀληθῶς
577 3047 855 3121 ’χρήσιμος
900 3045 928 3098 ὁ
978 3041 1166 3119 λόγος,
1202 3046 1290 3121 ἀφ’
1333 3045 1395 3099 οὗ
1441 3044 1646 3100 πολλοὶ
1690 3051 1751 3100 τᾶ

1955 3064 2030 3102 ιω
2063 3064 2140 3118 pu
2154 3046 2310 3103 blice
2337 3046 2572 3120 legitur.
2608 3048 2824 3102 Revera
2855 3046 3014 3102 utilis
3061 3046 3228 3118 liber,
3261 3046 3549 3118 multique

161 3137 413 3194 παλαιῶν
478 3134 823 3213 συγγραφέων
904 3132 1204 3208 ὑπέκλεψαν
1276 3134 1588 3210 μαρτυρίας·
1657 3132 1755 3190 ἀλλ

1951 3153 1982 3191 e
2011 3153 2077 3192 eo
2112 3135 2464 3209 scriptorum
2493 3139 2753 3191 veterum
2782 3152 3135 3208 usurpavere
3163 3134 3499 3191 testimonia
3529 3152 3542 3190 :

157 3226 307 3302 παρὰ
335 3230 451 3287 τοῖς
482 3222 779 3297 Ῥωμαίοις
813 3220 1083 3300 ἄγνωστος
1114 3223 1244 3278 εἶναι
1278 3221 1444 3281 δοκεῖ.

1952 3227 2011 3282 3d
2043 3226 2198 3297 apud
2230 3225 2465 3281 Latinos
2515 3241 2661 3297 pene
2708 3225 2943 3296 ignotus
2993 3228 3083 3281 est
3122 3228 3259 3295 Lege
3287 3224 3546 3280 Adonem

159 3317 557 3374 Viennensem
591 3316 689 3370 lib.
720 3319 801 3370 De
833 3313 1266 3383 festivitatibus,
1298 3319 1398 3370 etc.
1449 3313 1782 3371 Freculfum
1828 3324 1956 3371 tom.
1989 3316 2060 3386 ll,
2095 3314 2190 3370 lib.
2234 3332 2295 3383 ιι,
2326 3329 2446 3385 cap.
2497 3315 2550 3368 4.
2596 3312 2913 3370 Honorium
2961 3314 3548 3385 Augustodunensem

149 3423 273 3477 cap.
305 3406 400 3475 lO,
430 3405 512 3462 De
540 3404 932 3461 luminaribus
962 3402 1247 3459 Ecclesiae.

1456 3520 1598 3575 IDEM
1628 3522 1690 3575 in
1720 3520 1960 3593 Prologo
2007 3519 2251 3593 galeato.

222 3619 412 3693 Igitur
441 3616 741 3693 Sapientia
769 3633 897 3693 quae
926 3616 1099 3689 vulgo
1127 3616 1455 3673 Salomonis
1502 3617 1862 3689 inscribitur,
1907 3623 1965 3674 et
1991 3619 2152 3687 Jesu,
2182 3618 2286 3673 filii
2314 3617 2516 3673 Siracb
2562 3617 2729 3684 liber,
2780 3621 2839 3673 et
2882 3616 3086 3673 Judith
3116 3620 3173 3673 et
3218 3616 3447 3687 Tobias,
3495 3621 3553 3674 et

144 3689 345 3748 Pastor
374 3707 489 3747 non
519 3693 658 3746 sunt
685 3689 747 3745 in
776 3689 1024 3745 Canone.

1108 3788 1273 3857 IDEM,
1320 3788 1415 3844 lib.
1456 3804 1499 3843 ιι
1528 3788 1855 3846 Comment.
1887 3788 1947 3844 in
1978 3789 2124 3845 Osee
2154 3789 2225 3845 ad
2256 3805 2383 3861 cap.
2410 3806 2510 3861 vn,
2539 3790 2593 3844 9.

223 3904 387 3963 Unde
418 3907 476 3960 et
504 3903 564 3959 in
596 3902 744 3977 libro
773 3904 1035 3977 Pastoris,
1067 3903 1113 3977 si
1150 3904 1242 3959 cui
1274 3907 1470 3977 tamen
1501 3904 1693 3977 placet
1721 3904 1881 3961 illius
1912 3906 2169 3977 recipere
2201 3903 2527 3977 lectionem,
2561 3906 2782 3961 Hermas
2814 3904 3077 3977 primum
3104 3904 3334 3977 videtur
3361 3905 3551 3961 Eccle-

149 3980 240 4035 sia
279 3994 425 4034 cano
455 3977 680 4049 capite;
713 3975 922 4049 deinde
953 3974 1389 4032 adolescentula
1418 3981 1475 4032 et
1502 3974 1719 4049 sponsa
1747 3977 2006 4033 crinibus
2036 3974 2355 4033 adornata.
2382 3974 2521 4034 ιιι(
2554 3995 2595 4049 ι,
2625 3978 2727 4032 vis.
2759 3974 2960 4049 L'cap.
2993 3978 3067 4046 2;
3098 3994 3161 4049 ιι,
3196 3976 3360 4049 Capp.
3397 3981 3444 4046 1,
3478 3978 3549 4046 4;

148 4052 251 4107 vis.
283 4066 371 4118 ιιι,
401 4048 555 4121 capp.
590 4048 642 4117 1,
673 4048 759 4103 10.
793 4056 849 4103 et
876 4049 980 4116 vis,
1011 4064 1087 4115 Iv,
1121 4064 1240 4120 cap.
1270 4049 1323 4103 2.

1802 4149 1878 4209 X.

574 4253 860 4323 Hunnus,
893 4252 1218 4322 Comment,
1249 4253 1311 4309 in
1339 4252 1593 4327 Symbol.
1646 4253 1892 4325 apostol.
1941 4270 2099 4311 num.
2131 4255 2221 4327 38,
2254 4271 2393 4327 pag.
2429 4256 2554 4321 110,
2583 4254 2709 4311 edit.
2750 4256 2960 4324 Veram,
2986 4255 3126 4312 1745

221 4371 331 4427 Alii
364 4370 498 4428 libri
531 4370 817 4441 suntqui,
852 4386 966 4425 non
999 4370 1285 4437 canonici,
1319 4371 1419 4426 sed
1450 4370 1831 4442 ecclesiastici
1874 4388 1908 4427 a
1937 4371 2261 4442 majoribus
2291 4370 2564 4442 appellati
2598 4376 2757 4427 sunt.
2791 4404 2859 4412 ——
2891 4375 2952 4428 In
2983 4373 3140 4429 Novo
3178 4372 3552 4430 Testamento

150 4443 383 4501 libellus
413 4442 513 4515 qui
544 4442 758 4499 dicitur
779 4443 1031 4498 Pastoris
1059 4442 1179 4498 sive
1210 4442 1469 4513 Hermes,
1503 4441 1603 4513 qui
1634 4441 1961 4514 appellatur
1984 4441 2121 4500 om
2147 4445 2275 4510 viae,
2305 4441 2393 4499 vel
2420 4443 2702 4500 Judicium
2730 4446 2900 4501 Petri.

1804 4589 1879 4648 X.

148 4699 379 4754 Λυσι-οη
406 4692 614 4767 Operis
643 4692 971 4765 imperfecti
1018 4691 1078 4747 in
1100 4691 1322 4768 Matth:
1330 4709 1487 4768 _x1x;
1520 4694 2008 4768 Homil.jxxxvm.,
2040 4710 2171 4766 pag.
2206 4696 2329 4761 142,
2362 4698 2431 4768 Α.
2463 4695 2711 4767 Append.
2746 4694 2824 4751 ad
2852 4702 2980 4751 tom.
3012 4695 3108 4768 Vl,
3142 4695 3272 4767 Opp.
3306 4695 3363 4768 S,
3392 4697 3547 4752 Joan.

1284 4763 1580 4835 Chrysost.,
1610 4766 1812 4821 noviss.
1854 4767 1987 4822 edit.
2017 4763 2223 4836 Par—8.,
2257 4767 2414 4822 1724.

224 4882 659 4966 ᾼὸὶιιιοῃευῐθιιι
687 4879 872 4961 audeo
899 4882 955 4960 et
983 4878 1345 4966 subtiliorem
1378 4880 1747 4966 introducere
1778 4898 2042 4947 sensum,
2060 4888 2123 4966 et
2144 4882 2495 4966 sententiam
2525 4882 2763 4966 alterius
2792 4883 3074 4966 sapientis
3106 4884 3415 4966 cujusdam
3443 4882 3550 4965 viri

157 4956 389 5013 referre.
423 4950 970 5035 Exppnitnenimsic
1002 4968 1015 5007 :
1041 4952 1327 5035 Quoniam
1358 4953 1512 5035 sicut
1534 4953 1874 5035 udfeorum
1899 4954 2150 5035 populus
2181 4954 2239 5008 in
2256 4954 2564 5035 duodecim
2585 4955 2772 5035 tribus
2792 4950 2901 5009 fuit
2918 4950 3193 5035 divisus;
3220 4954 3304 5035 sic
3334 4959 3391 5009 et
3419 4955 3551 5035 uni?

143 5042 351 5098 versus
376 5020 630 5097 populus
662 5020 1026 5098 Christianus
1058 5023 1280 5098 divisus
1309 5027 1397 5078 est
1426 5024 1485 5098 in
1517 5024 1823 5079 duodecim
1845 5020 2059 5094 tribus,
2079 5027 2403 5081 secundum
2427 5026 2713 5098 quasdam
2737 5027 3116 5098 proprietates
3138 5020 3469 5098 animorum
3493 5030 3551 5081 et

145 5093 514 5169 diversitates
544 5095 829 5169 cordium,
862 5109 1009 5164 quas
1035 5093 1197 5169 solus
1227 5094 1383 5169 Deus
1402 5094 1761 5169 gdiscernere
1784 5100 1840 5169 et
1868 5093 2214 5169 cognoscere
2244 5093 2469 5169 potest}
2504 5102 2571 5169 ut
2596 5093 2863 5168 quaedam
2891 5097 3099 5153 animae
3129 5098 3249 5169 sint
3278 5097 3446 5169 quasi
3476 5098 3549 5154 de

142 5171 295 5228 tribu
328 5168 557 5240 Ruben,
585 5166 850 5237 quaedam
883 5169 1079 5240 autem
1111 5167 1181 5221 de
1210 5166 1366 5240 tribu
1394 5166 1651 5240 Simeon,
1680 5166 1765 5240 vel
1799 5166 1967 5235 Levi,—
1982 5168 2071 5223 vel
2103 5166 2274 5223 Juda.
2307 5173 2453 5224 Puto
2483 5166 2807 5240 enim,quia
2834 5186 3036 5225 omnes
3067 5167 3255 5225 sancti
3286 5166 3549 5240 quinque

141 5239 736 5322 virgines‘prudentes
768 5251 897 5293 esse
929 5237 1208 5322 dicuntur
1237 5238 1454 5320 (Matth.
1489 5256 1617 5318 xxv,
1664 5238 1741 5321 ξ),
1788 5240 2057 5322 qpamvis
2111 5239 2230 5294 sint
2259 5237 2747 5322 innumerabiles,
2781 5245 3013 5322 propter
3043 5237 3321 5322 quinque
3336 5237 3546 5321 sensus

144 5309 476 5387 spirituales
506 5328 521 5379 ;
552 5315 609 5387 et
636 5325 840 5387 omnes
871 5310 1519 5387 peccatorequuinque
1539 5309 1793 5387 virgipes
1815 5309 2033 5387 fatum,
2049 5312 2336 5387 quamvis
2351 5309 2817 5387 innumerabiles
2849 5309 2985 5387 sint,
3019 5309 3255 5383 preptér
3285 5312 3546 5384 quinque

140 5380 345 5443 sensus
374 5381 663 5455 carnales.
689 5380 941 5455 Et_sicut
970 5397 1173 5455 omnes
1204 5380 1467 5455 Ecclesia;
1497 5380 1707 5455 Christi
1734 5387 1961 5455 septem
1994 5380 2259 5455 Ecclesiae
2306 5384 2581 5437 dicuntur
2612 5384 2792 5453 (Apoc.
2846 5400 2883 5449 ι,
2934 5380 2987 5453 4)
3019 5380 3265 5455 propter
3302 5380 3541 5455 'septem

140 5457 400 5530 spiritus,
431 5452 704 5530 quamvis
726 5451 855 5530 sint
876 5451 1090 5530 multae.
1126 5452 1341 5530 anes
1371 5452 1527 5530 enim
1560 5454 1615 5508 in
1649 5452 1866 5523 quibus
1910 5470 2027 5530 pra:
2066 5454 2299 5530 caeteris
2328 5451 2645 5530 virtutibus
2676 5451 3084 5530 :abundantio‘r
3112 5451 3201 5511 e'st
3247 5451 3545 5530 sapientia:

144 5522 352 5592 virtus,
389 5522 508 5581 una
537 5524 789 5581 habetur
819 5522 1091 5579 Ecclesia.
1127 5526 1269 5578 Item
1302 5524 1359 5577 in
1389 5524 1601 5593 quibus
1633 5522 1745 5594 prae
1778 5522 1998 5579 caeteris
2026 5525 2341 5579 virtutibus
2371 5525 2762 5581 abundantior
2790 5535 2876 5580 est
2903 5522 3437 5589 intellectus.altera
3466 5529 3549 5583 di-

139 5596 570 5683 citur.Ecc‘les_ia
604 5615 616 5651 :
647 5601 705 5651 et
745 5596 827 5675 sic
858 5612 959 5666 per
990 5595 1251 5683 singulps
1285 5594 1833 5683 spiritustractans,
1867 5596 2124 5683 invenies
2176 5602 2395 5683 septem
2427 5595 2732 5683 Egclesias.
2765 5598 3043 5683 Similiter
3072 5605 3129 5683 et
3158 5604 3393 5683 propter
3419 5616 3546 5683 gra-

138 5673 251 5729 tias
281 5668 589 5743 duodecim
620 5683 768 5743 quas
798 5667 856 5743 in
888 5682 1136 5743 persona
1166 5668 1471 5743 duodecim
1505 5668 1792 5743 virginum
1827 5668 2061 5743 exponit
2088 5667 2343 5740 Angelus
2375 5670 2433 5723 in
2463 5670 2707 5731 Pastore.
2740 5670 2787 5743 si
2819 5674 3013 5726 tamen
3055 5667 3242 5743 placet
3267 5667 3369 5728 illa
3398 5667 3542 5728 scri-

138 5749 304 5817 ptura
338 5741 614 5801 omnibus
637 5738 1389 5810 Cbristianis,inveniuntur
1417 5738 1724 5798 duodecim
1749 5755 1878 5797 esse
1898 5738 2095 5797 tribus
2128 5758 2141 5797 :
2170 5738 2235 5797 ut
2262 5745 2405 5814 puta
2434 5757 2637 5798 omnes
2659 5740 2866 5799 anima:
2896 5743 2956 5799 in
2988 5738 3202 5815 quibus
3232 5760 3347 5816 pris
3378 5748 3541 5801 caete.
