4086 6342
483 369 595 437 881
1969 388 2033 452 S.
2077 389 2096 450 1

2274 387 2401 452 HAS
3763 383 3887 448 831

488 538 570 593 ris
601 538 918 624 virtutibus
929 543 1214 670 (praecellit
1241 545 1423 604 virtus
1442 549 1846 617 veritatis,una
1875 555 1961 607 est
1991 551 2321 606 tribus.Nec
2351 552 2508 606 enim
2539 567 2741 607 omnes
2770 551 2968 624 gratiae
2994 550 3289 622 aequaliter
3307 549 3368 606 in
3390 549 3670 606 omnibus
3701 554 3842 604 sunt
3873 566 3888 606 :

499 611 602 665 sed
639 629 791 668 unus
822 631 919 670 (ιιιι
969 633 1058 670 em
1092 618 1346 670 amnlius
1377 621 1652 670 nrmcnllit
1681 623 1736 670 in
1771 623 1896 670 ista,
1935 623 2081 670 alter
2109 640 2240 670 vam
2270 623 2325 670 in
2364 623 2495 670 illas:
2529 626 2647 670 Lib-
2684 641 2767 670 ιῐι-
2801 625 2973 670 simil-
3011 641 3088 670 nr-
3120 640 3274 670 nann-
3305 625 3342 670 2
3368 631 3419 670 et
3453 624 3537 670 15-

499 611 602 665 sed
639 629 791 668 unus
822 611 1058 685 quidem
1092 618 1346 689 amplius
1376 621 1652 691 praecellit
1681 611 1740 678 in
1771 623 1902 695 ista,
1935 623 2081 679 alter
2109 640 2240 678 vero
2270 623 2328 678 in
2363 623 2495 678 illas
2523 626 2647 679 Lib.
2684 611 2974 690 misimil.
3011 611 3090 690 ix;
3120 640 3274 696 capp.
3305 625 3342 677 2
3368 631 3419 678 et
3453 624 3537 678 15.

2109 749 2246 811 XII.

1640 852 1958 911 CASSIANUS
1988 854 2304 912 Collatione
2329 870 2446 922 vm,
2473 871 2592 926 cap.
2627 856 2712 909 17.

514 952 688 1035 .Nam_
715 957 871 1035 quod
902 957 1514 1035 unicuiquenostrum
1547 963 1660 1035 duo
1693 962 2016 1018 cohaereant
2046 964 2255 1034 angeli,
2290 965 2346 1019 id
2375 969 2463 1019 est
2492 965 2681 1020 bonus
2711 967 2766 1018 et
2803 963 3016 1028 malus,
3058 961 3357 1033 Scriptura
3385 961 3642 1017 testatur
3671 960 3746 1015 de
3776 960 3885 1015 bo-

470 1027 562 1079 nis
592 1027 850 1095 quidem,
883 1033 992 1083 etc.
1030 1035 1104 1085 De
1125 1027 1397 1103 utrisque
1427 1050 1559 1089 vero
1590 1034 1736 1088 liber
1765 1037 2006 1090 Pastoris
2039 1027 2376 1108 plenissime
2400 1038 2586 1091 docet.
2621 1036 2739 1090 Lib.
2775 1052 2834 1101 ιι,
2866 1027 3056 1089 mand.
3090 1027 3318 1105 v1,'cap.
3350 1035 3404 1087 2.

1716 1161 1855 1214 IDEM
1889 1159 2205 1216 Collatione
2235 1178 2333 1229 xu,
2374 1177 2493 1231 cap.
2530 1162 2616 1214 12.

534 1249 800 1332 Adjicere
832 1255 1027 1332 autem
1060 1253 1280 1332 homini
1315 1255 1376 1332 in_
1404 1255 1723 1332 quamlibet
1757 1263 1979 1332 partem
2031 1258 2251 1313 arbitrii
2285 1257 2633 1332 libertatem,
2686 1257 2860 1332 etiam
2891 1257 3040 1332 liber
3058 1255 3176 1332 ‘ille
3206 1255 3306 1332 qui
3371 1255 3586 1312 dicitur
3613 1255 3886 1332 Pastorb,

464 1325 834 1401 apertissime
867 1325 1033 1379 docet
1059 1344 1079 1401 Δ;
1114 1327 1172 1380 in
1201 1343 1315 1396 quo
1347 1329 1458 1401 duo
1490 1329 1678 1400 angeli
1713 1325 2032 1400 unicuique
2066 1334 2330 1385 nostrum
2363 1329 2657 1384 adhaerere
2689 1330 2986 1395 dicuntur,
3020 1329 3077 1383 id
3107 1333 3199 1384 est
3223 1325 3421 1385 bonus
3451 1344 3516 1383 ac
3554 1326 3788 1391 malus;
3821 1325 3882 1379 in

464 1391 762 1449 hominnis
789 1411 922 1450 vero
953 1397 1187 1468 optione
1217 1391 1650 1466 consisterefut
1679 1401 1854 1471 eligat
1887 1391 2060 1473 quem
2095 1407 2395 1472 sequatur.
2427 1402 2650 1456 Ibidem.

2076 1528 2239 1586 XIII.

1510 1631 1794 1698 Paospm,
1829 1633 1926 1686 lib.
1962 1636 2164 1687 contra
2194 1633 2560 1699 Collatorem,
2592 1649 2710 1702 cap.
2745 1633 2814 1685 30

465 1726 673 1850 mitiget
704 1723 847 1780 illud
880 1735 1074 1782 autem
1097 1727 1317 1784 nullius
1347 1728 1705 1784 auctoritatis
1732 1730 2314 1802 testimonium,quod
2348 1729 2728 1802 disputationi
2755 1747 2873 1786 suae
2895 1730 2966 1784 de
2996 1728 3192 1784 libello
3214 1730 3456 1785 Pastoris
3490 1727 3880 1797 inseruit,etc.

618 1811 694 1849 τη.

618 1811 694 1849 m.

2089 1901 2252 1960 XIV.

1616 2005 1937 2060 CONCILIUM
1970 2005 2286 2072 ROMANUM,
2327 2005 2427 2061 sub
2459 2003 2710 2061 Gelasio.

468 2097 842 2242 nagiggiilqui
874 2099 1203 2172 appellatur
1259 2105 1525 2172 Pastoris,
1559 2103 2108 2175 apocryphustem
2136 2113 2309 2160 censet
2341 2104 2709 2162 NICEPHORUS
2743 2101 3404 2176 Constantinopolitanus,
3439 2104 3496 2157 in
3554 2103 3666 2173 fine
3696 2101 3879 2158 Chro-

736 2188 819 2226 ias.

736 2188 819 2226 ιω.

1390 2378 1692 2450 MAXIMUS,
1715 2379 1812 2434 tib.
1847 2383 1922 2433 De
1954 2379 2166 2435 divinis
2197 2379 2719 2448 nominationibus,
2741 2395 2860 2452 cap.
2896 2396 2950 2434 Iv

531 2483 717 2551 Atque
749 2480 808 2536 in
841 2481 1074 2538 Pastore
1119 2486 1394 2539 Hermam
1443 2484 1798 2555 perﬁciente,
1845 2485 1996 2540 sicut
2030 2483 2108 2540 ibi

2293 2483 2390 2539 Καὶ
2439 2483 2526 2538 ἐπὶ
2573 2485 2674 2539 τοῦ
2721 2484 2991 2558 Ποιμὲνος
3046 2484 3137 2539 τὸν
3185 2484 3387 2560 Ἑρμᾶν
3457 2482 3883 2552 τελειώσαντος,

465 2568 719 2641 legimus
751 2570 809 2624 in
840 2572 1083 2628 Pastoris
1111 2571 1280 2628 libro.
1315 2575 1377 2628 Et
1421 2576 1589 2646 paulo
1615 2579 1736 2644 p‘ost
1766 2592 1785 2630 :
1813 2575 1906 2630 Sic
1935 2575 2078 2630 etiam

2273 2595 2298 2635 ς
2349 2573 2460 2628 ἐκεῖ
2506 2572 2814 2648 ἀνέγνωμεν
2860 2573 2912 2627 ἐν
2962 2578 3041 2645 τῷ
3099 2571 3397 2647 Ποιμένι...
3447 2571 3601 2627 Οὕτω
3668 2573 3760 2627 καὶ
3829 2572 3884 2627 ἐν

471 2657 531 2713 in
563 2659 788 2714 Pastore
816 2659 1086 2732 legimus.

2221 2667 2301 2734 τῷ
2336 2661 2566 2736 Ποιμὲνι
2595 2661 2927 2737 ἀνέγνωμεν.

1353 2885 1506 2940 BEDA
1535 2886 1594 2940 in
1622 2885 1876 2956 Exposit.
1917 2889 2169 2942 Actuum
2201 2886 2472 2959 apostol.,
2512 2887 2583 2942 ad
2610 2902 2729 2958 cap.
2761 2902 2862 2953 xu,
2895 2885 2983 2941 15.

541 2989 703 3065 Quod
733 2991 1442 3065 unusquisque‘nostrum
1475 2991 1686 3048 habeat
1716 2993 2009 3065 angelum,
2041 2998 2098 3050 et
2127 2995 2185 3050 in
2217 2993 2364 3050 libro
2396 2995 2649 3050 Pastoris
2679 2997 2736 3050 et
2784 2993 2989 3050 multis
3021 2997 3233 3050 sanctas
3261 2992 3575 3065 Scriptura
3607 2991 3750 3048 locis
3780 2991 3881 3048 in-

470 3061 718 3116 venitur.
751 3063 868 3117 Lib.
904 3079 964 3128 ιι,
995 3061 1179 3118 mand.
1211 3080 1286 3130 vr,
1321 3080 1439 3135 cap.
1471 3065 1524 3118 2.

2089 3167 2274 3227 XVII.

1351 3272 1732 3325 VVALAFRIDUS
1772 3270 2015 3338 STRABO,
2052 3271 2110 3325 in
2139 3270 2478 3327 Visionibus
2512 3270 2774 3339 Wettini,
2799 3287 2853 3326 v.
2883 3270 3009 3326 675.

1185 3375 1481 3432 Coelicolas
1512 3377 1818 3432 hominum
1849 3378 2120 3433 custodes
2149 3394 2277 3434 esse
2308 3383 2534 3434 sacrata

1185 3449 1412 3520 Scripta
1440 3449 1653 3516 ferunt,
1681 3449 2082 3520 Dominusque
2112 3451 2327 3505 docens
2359 3450 2614 3506 ostendit
2660 3451 2843 3517 Iesus,

1186 3523 1335 3574 Ante
1367 3521 1552 3575 Patris
1582 3520 1788 3576 faciem
1821 3525 2041 3576 stantes
2073 3522 2286 3576 servire
2316 3521 2520 3576 ﬁdeles
2553 3537 2566 3574 :

1188 3593 1375 3661 Atque
1405 3590 1553 3647 liber
1581 3593 1832 3647 Pastoris
1862 3608 2031 3664 opem
2062 3593 2426 3650 demonstrat
2452 3592 2738 3648 eamdem.
2769 3590 2910 3646 Ibid.

2072 3711 2286 3770 XVIII.

1009 3812 1186 3868 Lmen
1225 3829 1608 3869 pon'rmcams
1638 3816 1699 3870 in.
1737 3817 1853 3871 Vita
1911 3815 1996 3870 Ριι
2029 3816 2073 3880 I,
2104 3832 2260 3870 num.
2302 3816 2356 3868 2.
2383 3831 2511 3886 pag.
2539 3815 2629 3870 29.
2658 3814 2788 3870 edit.
2822 3815 2974 3870 Rom.
3009 3813 3169 3881 1724,
3202 3814 3346 3868 iii-4.

550 3921 667 3976 Sub
700 3920 879 3989 hujus
910 3920 1243 4047 episcopatu
1279 3921 1454 3976 frater
1489 3922 1675 3993 ipsius
1707 3922 1944 3979 Hermes
1974 3923 2189 3978 librum
2224 3923 2544 3996 scripsit,in
2576 3940 2690 3996 quo
2725 3923 3068 3978 mandatum
3099 3921 3448 3987 continetur,
3482 3921 3638 3992 quod
3660 3919 3713 3976 ei
3735 3936 3892 3992 pre-

550 3992 629 4047 nit
657 3991 914 4047 Angelus
991 3992 1194 4047 omini.
1225 4010 1357 4047 cum
1389 3993 1546 4047 venit
1576 3995 1646 4047 ad
1680 4010 1813 4047 eum
1847 3995 1903 4047 in
1939 3995 2140 4047 habitu
2165 3993 2414 4047 nastoris
2446 3999 2511 4047 ut
2538 3998 2808 4047 sanctum
2835 3993 3056 4047 Pascha
3085 3993 3179 4047 die
3225 3990 3529 4047 Dominico
3560 3990 3890 4047 celebrare-

479 3992 642 4067 cepit
657 3991 914 4064 Angelus
940 3990 1194 4067 Domini,
1225 4010 1357 4067 cum
1389 3990 1546 4067 venit
1576 3995 1646 4067 ad
1680 4010 1813 4048 eum
1847 3995 1903 4048 in
1939 3995 2140 4051 habitu
2164 3990 2414 4067 pastoris
2446 3990 2511 4050 ut
2538 3990 2808 4051 sanctum
2835 3993 3056 4050 Pascha
3085 3993 3179 4049 die
3225 3990 3529 4050 Dominico
3560 3990 3890 4049 celebrare-

475 4069 591 4119 tur.
622 4066 756 4133 Lege
781 4065 1207 4137 Martyrologia,
1240 4065 1474 4136 Bedam,
1509 4065 1884 4137 Reginonem,
1913 4071 2014 4122 etc.

2100 4165 2264 4226 XIX.

1347 4273 1406 4326 In
1437 4270 1682 4341 Epistola
1711 4271 1733 4325 ι
1758 4285 1970 4338 earum,
2003 4287 2120 4342 quae
2148 4270 2252 4326 Ριο
2275 4286 2436 4342 papae
2465 4270 2609 4343 fasto
2637 4267 3022 4326 abscribuntur

552 4371 736 4451 Nosse
763 4367 1186 4451 vosvolumus,
1217 4369 1368 4451 quod
1409 4367 1632 4451 Pascba
1661 4368 2083 4451 Dominicadie
2117 4368 2416 4451 Dominico.
2441 4368 2655 4451 annuis
2684 4366 3154 4451 solemnitatibus
3183 4365 3258 4450 sit
3277 4365 3720 4451 pelebrandum.
3752 4365 3900 4451 Istis

481 4439 1009 4522 ergo‘temploribus
1041 4437 1278 4522 Hermes
1308 4440 1513 4522 doctor
1551 4440 1685 4522 ﬁdei
1715 4443 1771 4495 et
1801 4439 2234 4522 scripturarum
2264 4439 2483 4522 effulsit
2511 4441 2662 4494 inter
2680 4456 2820 4522 ‘nos.
2846 4440 2914 4522 Et
2943 4438 3079 4495 licet
3097 4454 3213 4520 _nos
3239 4437 3395 4494 idem
3427 4437 3653 4522 Pasplia
3682 4439 3899 4522 paradi-

481 4509 574 4566 cta
603 4511 695 4594 die
725 4509 1086 4594 celebremus
1111 4511 1294 4594 ;_quia
1322 4515 1517 4594 tamen
1549 4511 1786 4594 quidam
1834 4509 1969 4566 inde
2009 4512 2376 4594 dubitarunt,
2411 4512 2481 4594 ad
2513 4511 2982 4594 corroborapda‘s.
3014 4510 3243 4594 animas
3264 4526 3474 4594 eorum
3504 4509 3697 4594 eidem
3737 4509 3899 4566 Her-

477 4599 591 4710 1m:
623 4583 884 4710 Antgelus
917 4583 1145 4640 Domini
1175 4581 1235 4638 in
1265 4583 1469 4639 habitu
1503 4581 1754 4656 pastoris
1783 4582 2070 4654 apparuit,
2102 4587 2159 4638 et
2187 4583 2459 4655 praecepit
2482 4583 2555 4648 ei,
2589 4586 2652 4638 ut
2681 4581 2900 4638 Pascha
2929 4581 3020 4639 die
3051 4581 3349 4640 Dominico
3377 4581 3452 4638 ab
3481 4581 3756 4638 omnibus
3784 4598 3898 4638 ce-

500 4671 529 4709 e
575 4670 700 4710 rare
734 4671 821 4710 ur.

500 4660 821 4711 ebraretur.

1394 4861 2106 4930 PSEUDO-TBRTULLIANUS,
2139 4859 2236 4915 lib.
2268 4859 2564 4916 Adversus
2593 4857 2970 4914 Marcionem.

1189 4969 1324 5024 Post
1352 4969 1509 5024 hunc
1539 4967 1750 5024 deinde
1779 4967 1914 5023 Pius
1945 4984 1959 5034 ;
2011 4967 2254 5023 Hermas
2284 4965 2380 5022 cui
2412 4964 2674 5038 germine
2707 4966 2907 5023 frater.

1187 5039 1497 5113 Angelicus
1526 5041 1739 5111 Pastor,
1771 5039 1907 5110 quia
1933 5038 2080 5111 (qui)
2107 5037 2324 5094 tradita
2348 5035 2524 5094 verba
2549 5035 2805 5094 locutus.

2107 5154 2260 5214 XXI.

484 5267 723 5322 NICETAS
776 5265 847 5322 ad
903 5265 1045 5321 illud
1102 5263 1359 5336 Gregorii
1402 5263 2053 5336 ΝειΖίὶειΖθιιίμοναί..-ιν,⁸

2309 5261 2477 5336 ﬁnem.
2533 5277 2555 5314 .'
2604 5258 2837 5336 ΔΠίσιτερε
2883 5258 2975 5312 τὸν
3032 5255 3315 5330 σύμπαντα
3369 5254 3599 5330 κόσμον,
3656 5256 3782 5318 ὅσος
3837 5279 3903 5314 τε

1390 5335 1580 5406 ὁρατὸς
1609 5333 1696 5388 καὶ
1729 5331 1874 5402 ὅσας,
1909 5331 1960 5402 ἐξ
2000 5327 2099 5386 οὒκ
2128 5327 2472 5406 ὄντων’παρὰ
2499 5333 2634 5386 Θεοῦ
2662 5328 2976 5405 γενόμενον.

560 5445 737 5500 Crede
771 5444 1452 5516 quod,quemadmodum
1483 5443 1541 5498 in
1575 5444 1820 5498 Pastoris
1846 5441 1994 5496 libro
2025 5440 2128 5495 ha-

2313 5436 2536 5492 Πίστευε
2595 5434 2699 5506 ὅτι,
2731 5437 2910 5500 καθὼς
2959 5436 3260 5512 γέγραπται
3305 5435 3358 5490 ἐν
3395 5438 3476 5508 τῷ
3504 5434 3756 5508 nouatur
3787 5437 3899 5499 Εἷς

493 5535 681 5599 betur,
719 5536 863 5590 Unus
892 5539 968 5588 est
996 5537 1154 5602 Deus,
1189 5536 1283 5604 qui
1312 5535 1501 5589 omnia
1529 5535 1734 5588 creavit
1763 5535 1929 5603 atque
1951 5533 2104 5602 perfe

2281 5548 2348 5580 ττι
2425 5527 2576 5595 Θεὸς,
2627 5527 2655 5579 ὁ
2715 5527 2781 5580 τὰ
2855 5527 3028 5580 πάντα
3100 5525 3284 5586 κτίσας
3365 5524 3456 5580 καὶ
3537 5523 3894 5599 καταρτίσας,

491 5623 590 5689 cit,
619 5629 672 5678 et
695 5639 765 5678 ex
792 5624 975 5680 nihilo
1004 5625 1062 5678 in
1085 5641 1272 5680 rerum
1300 5632 1564 5680 naturam
1591 5621 1870 5694 produxit.
1908 5620 2029 5677 Lib.
2067 5637 2104 5674 ιι

2284 5616 2327 5669 ιὶ
2390 5617 2620 5685 ποιήσας
2696 5613 2753 5670 ἐκ
2827 5619 2923 5670 τοῦ
3001 5615 3080 5688 μή
3155 5611 3310 5678 ὄντος
3375 5613 3452 5678 εἷς
3506 5615 3569 5670 τὸ
3626 5613 3760 5670 εἶναι
3825 5617 3897 5672 τὰ

494 5713 693 5776 mand.
727 5729 766 5767 ι.

2239 5703 2427 5761 πάντα.
