4086 6342
527 403 647 465 835

2020 400 2085 459 S.
2132 398 2450 461 HERMAS

3803 405 3908 467 836

526 537 626 607 qui
656 536 768 592 nisi
799 534 1058 606 divitem,
1091 534 1244 590 sicut
1270 534 1467 590 ulmus
1497 533 1672 589 vitem
1707 533 1931 601 fulciat,
1964 533 2164 605 serpit,
2195 542 2251 608 Α
2280 530 2502 588 scilicet
2531 531 2613 586 Pii
2649 548 2834 604 papae,
2864 538 3192 603 episcopatu,
3221 533 3398 603 frater
3451 534 3633 604 ipsius
3690 536 3902 592 Hermas

525 643 631 682 nec
662 624 849 681 ullum
877 623 972 679 vix
1011 640 1273 695 unquam
1315 624 1574 679 fructum
1627 623 1854 678 referet.
1916 623 2064 676 Hinc
2094 623 2165 677 ad

522 714 668 770 alias
697 715 910 769 transit
939 711 1743 784 similitudines,planumque
1768 712 1956 782 primo
1992 710 2050 766 id
2083 712 2165 765 fa-

525 805 621 869 cit,
652 804 803 874 quod
836 802 988 858 sicut
1015 802 1188 857 arbor
1217 800 1417 855 viridis
1452 818 1486 855 a
1516 800 1667 855 sicca
1696 816 1813 855 non
1844 800 2033 856 hieme
2065 800 2166 855 sed

521 897 719 947 instate
748 889 1241 963 distinguitur,sic
1271 889 1444 944 homo
1463 890 1667 960 justus
1699 889 1769 943 ab
1803 888 2025 958 injusto
2050 905 2162 943 non

514 981 574 1035 in
606 981 715 1037 hoc
746 980 1166 1048 mundo,sedin
1192 978 1414 1050 judicio
1437 982 1693 1034 extremo
1712 983 1802 1032 est
1822 978 2160 1033 discernen-

514 1070 643 1126 dus.
681 1070 902 1126 Deinde
925 1069 1221 1140 jejunium
1251 1085 1385 1123 cum
1408 1085 1475 1123 ea
1499 1070 1800 1138 comparat
1833 1066 2154 1137 diligentia,

515 1176 633 1231 qua
662 1175 866 1215 servus
894 1157 1070 1214 vitem
1093 1157 1315 1212 domini
1347 1157 1654 1229 sui,magis
1676 1172 1850 1226 quam
1887 1155 1996 1211 sibi
2039 1156 2159 1212 fue-

516 1254 608 1304 rat
634 1246 1202 1320 imperatum,colere
1234 1246 1612 1308 studuit.Qua
1641 1247 1843 1301 eadem
1875 1244 2156 1300 similitu-

514 1338 651 1392 dine
677 1337 931 1392 ostendit
959 1341 1179 1408 quanta
1203 1351 1303 1407 pro
1325 1336 1635 1390 hominibus
1664 1336 1802 1389 Deus
1829 1337 2155 1405 patraverit,

514 1430 572 1481 et
601 1430 820 1498 quanta
848 1425 933 1480 illi
964 1424 1216 1497 puritate
1254 1424 1434 1479 vitam
1467 1422 1773 1479 instituere
1802 1422 2158 1478 debeant.0b

513 1515 713 1573 oculos
743 1520 943 1587 postea
965 1519 1257 1586 pastorem
1272 1514 1547 1584 juvenem
1579 1512 1940 1585 ponit,cujus
1967 1528 2159 1582 pecora

509 1606 728 1676 copiosa
757 1607 819 1659 in
846 1603 1214 1675 voluptatibus
1242 1610 1294 1658 et
1321 1602 1557 1667 deliciis,
1604 1602 1936 1673 figurabant
1968 1600 2155 1654 homi-

512 1710 616 1749 nes
630 1692 1032 1765 voluptatibus
1049 1691 1299 1759 deditos;
1323 1707 1573 1763 quorum
1590 1690 1771 1762 aliqui
1791 1706 2154 1759 corrumpun-

509 1786 603 1839 tur
630 1798 801 1855 usque
829 1781 900 1837 ad
926 1780 1302 1852 defectionem,
1326 1780 1424 1836 alii
1447 1796 1634 1851 usque
1657 1780 1728 1834 ad
1752 1778 2153 1833 mortem.Non

2279 622 2483 675 librum
2509 622 2747 692 scripsit,
2783 623 2842 675 in
2871 638 2974 693 quo
3001 621 3321 676 mandatum
3367 621 3758 694 conﬁrmatur,
3777 627 3905 697 quod

2274 712 2327 764 ei
2350 712 2618 781 prcecepit
2645 711 2879 779 angelus
2907 711 3147 781 Domini,
3178 727 3303 766 cum
3351 713 3561 768 veniret
3603 713 3681 769 ad
3705 730 3826 769 eum
3853 717 3903 769 in

2274 800 2467 854 habitu
2510 801 2769 871 pastoris,
2824 809 2888 854 ut
2941 804 3193 855 sanctum
3241 802 3454 857 Pascha
3500 802 3589 858 die
3636 804 3903 861 Dominico

2272 889 2657 944 celebraretur.
2691 891 2907 943 Auctor
2936 889 3266 958 decretalis,
3297 891 3371 946 ad
3402 894 3686 948 universos
3719 892 3909 949 Christi

2271 976 2474 1046 ﬁdeles,
2508 994 2633 1049 quae
2665 977 2905 1049 ipsimet
2943 977 3043 1033 Pio
3074 979 3339 1034 Pontifici
3380 980 3683 1049 tribuitur,
3715 984 3905 1038 eadem

2273 1081 2506 1137 quoque
2535 1066 2777 1120 tradidit
2809 1083 2821 1121 :
2855 1067 2979 1121 Istis
3009 1083 3134 1138 ergo
3187 1070 3517 1139 temporibus
3564 1072 3794 1127 Hermas
3820 1074 3906 1127 do-

2268 1162 2381 1208 ctor
2396 1154 2525 1223 ﬁdei
2556 1159 2606 1209 et
2630 1155 3051 1226 Scripturarum
3081 1158 3291 1229 effulsit
3314 1159 3459 1214 inter
3494 1175 3710 1215 nos.....
3742 1162 3906 1217 eidem

2268 1244 2485 1300 Hermae
2512 1246 2740 1313 angelus
2760 1246 2986 1301 Domini
3014 1247 3079 1301 in
3109 1247 3303 1302 habitu
3347 1251 3588 1319 pastoris
3636 1253 3903 1321 apparuit,

2267 1341 2318 1386 et
2344 1337 2607 1405 praecepit
2638 1336 2691 1389 ei
2718 1338 2775 1388 ut
2827 1335 3030 1391 Pascha
3082 1336 3171 1391 die
3218 1340 3503 1393 Dominico
3550 1339 3620 1393 ab
3664 1342 3903 1395 omnibus

2265 1422 2747 1478 celebraretur.Ex
2778 1424 2867 1480 bis
2898 1440 3070 1496 porro
3104 1425 3330 1481 ultimis
3347 1427 3537 1483 verbis
3566 1427 3820 1484 alterum
3844 1447 3904 1485 ex

2266 1509 2358 1566 his
2388 1512 2618 1568 duobus
2650 1513 3030 1584 scriptoribus
3056 1515 3128 1569 ab
3142 1514 3323 1571 altero
3346 1516 3403 1572 id
3423 1518 3581 1588 quod
3614 1518 3904 1576 scribebat

2266 1604 2602 1656 mutuatum
2632 1618 2786 1673 esse,
2815 1607 2917 1658 aut
2946 1608 3265 1675 utrumque
3294 1622 3361 1661 ex
3389 1605 3600 1661 iisdem
3632 1606 3902 1664 hausisse

2263 1688 2523 1745 fontibus
2555 1690 2711 1745 haud
2742 1691 2996 1746 absurde
3025 1692 3422 1765 colligas.Hos
3450 1711 3583 1750 vero
3614 1696 3902 1764 nonnulli,

2264 1776 2417 1833 Beda
2464 1778 2747 1834 nimirum
2794 1784 2853 1835 et
2900 1780 3039 1851 Ado,
3090 1798 3203 1836 non
3263 1781 3503 1853 quidem
3562 1784 3622 1839 in
3655 1783 3903 1842 citatisa

515 1872 799 1927 difﬁtetur
823 1876 1019 1927 tamen
1052 1871 1340 1943 quasdam
1370 1885 1498 1926 esse
1543 1868 1889 1940 voluptates,
1922 1868 2154 1922 salutem
2184 1916 2230 1943 η
2263 1866 2617 1936 quibusdam
2649 1885 2851 1924 eorum
2886 1869 3335 1943 Martyrologiis,
3369 1872 3469 1928 sed
3503 1871 3563 1927 in
3592 1872 3901 1930 Chronolo-

2182 1916 2231 1981 B

514 1962 971 2034 aﬂerentes.Hino
987 1962 1145 2017 venit
1166 1959 1703 2016 adsimilitudinem
1720 1958 2151 2029 salicismagnae
2182 1955 2231 1981 υ
2260 1955 2373 2026 giis
2404 1961 2606 2027 postea
2643 1958 2829 2013 secuti
2872 1963 3027 2016 sunt.
3088 1959 3170 2014 lbi
3222 1960 3515 2032 siquidem
3564 1962 3724 2019 Beda
3774 1980 3899 2020 cum

514 2052 685 2123 cujus
715 2051 863 2106 rami
916 2055 1138 2122 absque
1169 2049 1395 2105 arboris
1444 2048 1832 2104 diminutione
1878 2047 2148 2113 abscissi,

510 2139 831 2212 multisque
863 2139 1200 2195 hominibus
1231 2138 1551 2205 distributi,
1585 2142 1754 2207 atque
1788 2136 1961 2192 variis
1984 2135 2149 2191 sicci-

508 2229 647 2285 tatis
660 2233 717 2284 et
733 2228 1043 2284 viriditatis
1060 2228 1341 2300 gradibus
1356 2227 1427 2283 ab
1442 2226 1651 2282 iisdem
1675 2225 2149 2293 restituti,varios

506 2318 881 2375 observandae
912 2316 1059 2389 legis
1090 2316 1295 2371 divinae
1328 2317 1533 2371 modos
1582 2314 1825 2387 mystice
1858 2313 2148 2386 signiﬁca-

506 2406 840 2463 bant.Rami
863 2410 1059 2461 autem
1083 2404 1347 2460 nonnulli
1378 2405 1592 2460 iterum
1622 2410 1680 2459 et
1700 2403 1871 2459 tertio
1901 2401 2145 2475 plantati

506 2502 565 2552 et
591 2497 663 2552 ad
692 2496 882 2551 varios
921 2494 1235 2551 viriditatis
1288 2494 1507 2566 gradus
1564 2491 1833 2562 revocati,
1866 2491 2145 2563 gerebant

506 2588 875 2657 peccatorum
905 2584 1080 2639 variis
1132 2582 1322 2638 modis
1379 2582 1785 2654 paenitentiam
1845 2582 2145 2653 agentium

506 2672 1119 2729 similitudinem.Post
1135 2673 1254 2726 haec
1272 2670 1766 2727 constructionem
1780 2669 2146 2736 turris,simi-

504 2762 812 2817 litudinem
840 2760 1102 2816 Ecclesiae
1136 2760 1517 2833 praeferentis,
1550 2776 1728 2830 quam
1773 2758 1922 2812 libro
1956 2758 2143 2830 primo

502 2852 689 2907 levius
721 2849 1324 2923 attigerat,fusissime
1355 2849 1719 2904 describit:et
1750 2847 2037 2919 quidquid
2070 2848 2141 2902 ad

502 2960 631 2998 eam
658 2942 927 3014 pertinet,
962 2939 1309 3013 singillatim
1340 2937 1979 3003 Cbristianis,maxime
2008 2953 2140 2991 vero

501 3031 918 3104 paenitentibus
950 3029 1317 3102 applicando,
1364 3028 1563 3083 omnia
1621 3045 1744 3097 quae
1804 3045 1835 3081 a
1893 3025 2142 3097 singulis

500 3122 836 3193 quibusque
868 3118 1250 3193 persolvenda
1279 3122 1463 3186 erant,
1497 3115 1795 3188 religionis
1824 3121 1881 3170 et
1910 3115 2141 3187 pietatis

498 3210 691 3266 officia
719 3209 985 3281 explicat.
1019 3208 1241 3264 Dehinc
1270 3210 1469 3263 narrat
1499 3206 1742 3261 Hermas
1773 3221 1949 3276 quam
1981 3202 2137 3260 solli-

2260 2044 2895 2116 scripsissetJustinum
2915 2047 3333 2121 philosophum
3348 2050 3458 2105 sub
3474 2050 3570 2107 Pio
3587 2069 3745 2124 papa
3758 2070 3901 2109 mar-

2256 2134 2405 2206 tyrio
2434 2134 2611 2191 vitam
2644 2136 3169 2204 ﬁniisse,continuo
3187 2139 3481 2197 subdidit:
3515 2141 3746 2197 Hermas
3765 2145 3895 2197 scri-

2254 2225 2362 2294 psit
2394 2224 2615 2292 librum,
2650 2227 2746 2296 qui
2773 2226 2979 2281 dicitur
3022 2227 3302 2293 Pastoris,
3336 2230 3395 2283 in
3424 2244 3533 2300 quo
3556 2240 3897 2303 praeceptum

2256 2314 2447 2383 angeli
2473 2316 2731 2383 continet,
2762 2324 2823 2370 ut
2850 2315 3061 2371 Pascha
3089 2316 3368 2372 Dominico
3413 2317 3503 2373 die
3528 2320 3899 2376 celebraretur

2256 2401 2420 2456 Beda:
2451 2407 2649 2459 autem
2678 2405 2854 2459 verba
2881 2405 2966 2460 sic
3017 2405 3140 2461 Ado
3180 2406 3554 2478 transcripsit
3578 2424 3591 2463 :
3617 2409 3757 2465 Pius
3787 2412 3897 2481 epi-

2252 2505 2446 2561 scopus
2475 2494 2661 2550 Roma:
2681 2492 2934 2565 habetur,
2963 2494 3065 2549 sub
3110 2510 3217 2566 quo
3256 2500 3492 2551 Hermas
3525 2496 3738 2552 librum
3766 2500 3896 2553 scri-

2248 2582 2381 2649 psit,
2413 2582 2507 2651 qai
2533 2583 2740 2637 dicitur
2769 2583 3049 2652 Pastoris,
3080 2586 3142 2639 in
3170 2601 3273 2656 quo
3298 2589 3631 2657 praceptum
3658 2589 3901 2643 continet

2253 2670 2459 2737 angeli,
2492 2678 2551 2726 ut
2576 2688 2789 2743 semper
2829 2672 3043 2728 Pascha
3089 2673 3179 2728 die
3230 2675 3515 2731 Dominico
3560 2674 3892 2733 celebretur.

2254 2763 2471 2814 Auctor
2499 2777 2732 2831 quoque
2761 2761 2970 2817 veteris
3003 2763 3400 2818 Romanorum
3436 2764 3785 2834 pontiﬁcum
3811 2782 3897 2820 ca-

2250 2847 2612 2921 talogi,apud
2645 2851 2993 2906 Bucherium
3024 2857 3080 2907 et
3113 2851 3399 2908 Bollandi1
3435 2853 3893 2921 continuatores,

2248 2938 2309 2992 in
2340 2939 2541 2994 eadem
2572 2943 2662 2993 est
2691 2940 2979 2995 sententia
3015 2957 3027 2995 :
3060 2942 3170 2996 Sub
3199 2942 3383 3012 hujus,
3433 2942 3543 3009 Pii,
3575 2945 3891 3015 episcopatu

2246 3030 2428 3097 frater
2455 3030 2570 3099 ejus
2598 3030 2822 3084 Hermas
2851 3030 3060 3085 librum
3097 3033 3312 3102 scripsit
3343 3034 3403 3085 in
3449 3048 3553 3102 quo
3596 3032 3893 3087 mandatur

2247 3118 2662 3187 contineturque
2692 3119 2841 3189 quod
2871 3120 2931 3173 ei
2964 3122 3221 3191 praecepit
3269 3121 3527 3189 angelus,
3576 3138 3703 3176 cum
3750 3124 3889 3177 venit

2245 3205 2314 3259 ait
2342 3222 2471 3260 eum
2499 3208 2559 3261 in
2590 3207 2791 3262 habitu
2806 3209 3335 3280 pastoris.Denique
3365 3209 3616 3280 scriptor
3645 3210 3887 3267 alterius

496 3299 608 3355 cite
638 3297 1009 3371 angelus,qui
1040 3314 1174 3353 eum
1206 3296 1429 3352 Pastori
1451 3298 1646 3351 nuntio
1661 3295 2008 3365 paenitentia:
2028 3298 2140 3347 tra—
2169 3285 2211 3351 C
2250 3297 2589 3350 eorumdem
2618 3296 2958 3366 pontificum
3000 3297 3247 3370 catalogi
3279 3299 3435 3370 apud
3482 3299 3726 3355 eosdem
3757 3298 3888 3354 Bol-

497 3388 743 3456 diderat,
783 3388 1040 3460 ipsimet,
1089 3391 1155 3442 ut
1207 3387 1487 3441 mandata
1534 3385 1819 3440 hactenus
1876 3383 2137 3455 exposita

495 3476 1033 3547 observet,aliisque
1060 3475 1330 3531 similiter
1360 3462 1723 3530 observanda
1745 3489 1873 3529 esse
1901 3472 2134 3527 nuntia-

493 3568 598 3635 ret,
630 3564 1022 3636 imperaverit.
1058 3563 1465 3620 Postremoille
1498 3557 1687 3634 ang'eli
1723 3566 2007 3617 memorat
2034 3577 2135 3632 po-

491 3653 1154 3724 licitationem,quafore
1184 3657 1247 3707 ut
1276 3652 1385 3724 ipsi
1416 3657 1709 3724 pastorem
1741 3655 1799 3707 et
1822 3650 2134 3705 duodecim

492 3743 767 3815 virgines,
799 3743 857 3797 id
891 3748 980 3798 est
1009 3759 1211 3798 omnes
1242 3743 1481 3796 omnino
1510 3741 1778 3807 virtutes,
1812 3757 1946 3794 cum
1977 3756 2043 3795 eo
2075 3739 2135 3794 in

494 3836 775 3888 aeternum
805 3848 1221 3904 permansurae
1253 3830 1689 3897 mitteret,u1tra
1720 3830 2132 3901 spoponderat.

1061 3937 1465 3993 ARTICULUS
1498 3938 1565 3991 Il.

494 4029 625 4097 (luis
649 4030 874 4085 Hermas
902 4036 1093 4083 auctor
1121 4028 1283 4093 huius
1315 4029 1496 4098 operis
1522 4046 1545 4089 ;
1571 4044 1706 4081 num
1746 4029 1818 4082 sit
1847 4029 2025 4097 frater
2046 4027 2136 4081 Pii

931 4102 1127 4171 primi,
1159 4103 1360 4154 summi
1384 4100 1685 4170 pontiﬁcis.

560 4190 735 4244 Extra
764 4189 1221 4245 controversiam
1244 4192 1334 4244 est
1359 4188 1467 4243 boc
1488 4204 1634 4258 opus
1656 4188 1809 4243 idem
1831 4204 1959 4243 esse
1976 4188 2130 4259 quod

488 4279 561 4333 ab
581 4276 1012 4349 antiquissimis
1039 4279 1309 4334 Patribus
1335 4278 1562 4332 Hermae
1584 4277 1819 4332 nomine
1837 4276 2128 4331 laudatur.

490 4368 552 4422 Id
575 4366 795 4439 liquido
818 4368 1099 4439 probatur
1120 4383 1189 4422 ex
1213 4368 1552 4423 eorumdem
1574 4367 1811 4421 Patrum
1832 4364 2129 4433 libris,ubi

491 4472 608 4511 non
656 4471 843 4528 pauca
891 4456 1148 4511 auctoris
1202 4455 1383 4511 nostri
1450 4454 1790 4511 testimonia
1840 4470 1908 4509 ex
1957 4455 2133 4509 variis

491 4544 739 4615 hujusce
771 4544 963 4616 operis
993 4545 1260 4616 partibus
1294 4545 1648 4616 transcripta
1668 4546 2129 4599 occurrunt.Au-

2246 3383 2403 3438 landi
2436 3384 2690 3441 asseclas
2714 3385 2870 3441 idem
2902 3385 3275 3457 paucioribus
3302 3387 3495 3442 verbis
3525 3387 3672 3442 dixit
3707 3406 3720 3443 :
3753 3390 3885 3443 Pius

2243 3476 2468 3528 natione
2496 3475 2663 3529 Italus
2690 3491 2760 3530 ex
2784 3484 2943 3546 patre
2970 3475 3196 3545 Ruﬁno,
3229 3479 3411 3547 frater
3444 3477 3714 3533 Pastoris.

2318 3585 2533 3636 Verum
2565 3581 2687 3637 hac
2719 3581 2915 3655 opinio
2947 3588 3100 3639 stare
3131 3581 3291 3639 nullo
3326 3585 3498 3639 modo
3554 3584 3888 3655 potest.Pri-

2248 3686 2341 3724 mo
2372 3670 2527 3725 enim
2561 3671 2801 3743 quidam
2832 3688 2902 3727 ex
2953 3671 3046 3727 his
3095 3672 3483 3743 scriptoribus
3529 3689 3733 3728 secum
3782 3673 3891 3745 ipsi

2246 3762 2657 3831 pugnant.Ado
2686 3759 2977 3831 siquidem
3008 3760 3069 3814 in
3103 3777 3207 3815 suo
3240 3760 3643 3834 Martyrologio
3663 3762 3888 3817 scribit:

2244 3849 2438 3904 Natale
2463 3851 2639 3903 sancti
2669 3850 2875 3903 Hermae
2924 3850 3082 3921 cujus
3126 3852 3397 3920 apostolus
3437 3850 3648 3905 Paulus
3697 3853 3889 3907 memi-

2243 3938 2440 3993 nit.....
2473 3942 2636 3994 Hunc
2664 3948 2918 3993 asserunt
2950 3946 3227 3993 auctorem
3249 3955 3365 3995 esse
3394 3939 3545 4005 libri,
3572 3941 3672 4010 qui
3700 3940 3891 4012 appel-

2244 4027 2391 4081 latur
2420 4031 2663 4081 PASTOR.
2694 4026 2871 4098 Atqui
2906 4027 2953 4082 si
2986 4027 3229 4085 Hermas
3250 4028 3579 4100 discipulus
3600 4028 3711 4083 fuit
3729 4028 3891 4084 Pauli

2243 4114 2330 4170 vel
2363 4115 2576 4171 Paulus
2608 4114 2767 4171 illius
2797 4115 3088 4185 meminit,
3124 4133 3239 4172 non
3271 4118 3460 4189 potuit
3479 4122 3634 4174 certe
3666 4116 3891 4173 librum

2246 4221 2442 4270 suum,
2476 4205 2647 4260 sicuti
2678 4205 2833 4260 idem
2862 4205 2985 4260 Ado
3017 4206 3076 4260 in
3107 4205 3498 4279 Chronologia
3516 4224 3624 4263 sua
3652 4207 3891 4273 asserit,

2246 4294 2356 4349 sub
2398 4294 2741 4366 pontificatu
2779 4294 2867 4348 Pii
2916 4294 3190 4363 scribere,
3241 4295 3459 4368 quippe
3508 4297 3610 4367 qui
3648 4301 3892 4352 centum

2244 4384 2425 4438 ferme
2453 4388 2586 4454 post
2615 4382 2858 4439 Paulum
2882 4384 3052 4439 annis
3074 4401 3347 4440 summus
3379 4385 3641 4457 pontifex
3668 4402 3893 4442 renun-

2240 4472 2423 4528 tiatus
2453 4477 2561 4528 est.

2316 4580 2531 4636 Deinde
2560 4579 2616 4635 hi
2650 4579 2963 4652 scriptores
2988 4584 3227 4637 narrant
3254 4597 3323 4637 ex
3352 4580 3499 4638 libro
3523 4585 3757 4639 Hermae
3778 4587 3899 4639 sta-

490 4636 615 4686 οίοι·
631 4648 772 4737 xei?
792 4631 919 4703 ίρεθ
949 4631 1015 4737 in,
1033 4631 1332 4737 δοξρρξθῗθ
1347 4648 1560 4737 ηρωθη
1580 4630 2033 4737 Ηίῗῗίξιδθυδίξιιξθ
2046 4647 2133 4737 ξλε-
2163 4654 2212 4719 D
2244 4630 3756 4737 ιυῖηἳὲῖιίιῖὀιξεέιᾶἒ’ἔιέξόοῖῌίῖιῖέᾶἓείὲῖιῖθῶἷλῖ
3776 4630 3898 4727 ξιῖιῖ-

490 4720 692 4776 sumit.
727 4719 1248 4792 Quapropterillud
1280 4724 1510 4775 tantum
1530 4720 1689 4774 venit
1718 4720 1777 4773 in
1800 4724 2132 4777 controver-

489 4808 661 4874 siam,
694 4808 828 4881 quis
857 4808 968 4864 iste
997 4809 1074 4864 sit
1102 4814 1440 4877 Hermas,et
1471 4826 1585 4880 quo
1616 4808 1823 4863 vixerit
1851 4812 2130 4881 tempore.

561 4897 810 4962 Quidam
842 4898 1038 4969 itaque
1068 4898 1382 4969 scriptores
1403 4897 1570 4953 illum
1590 4897 1677 4951 Pii
1703 4896 1876 4968 primi
1910 4898 2131 4953 summi

488 4985 785 5058 pontificis
814 4985 1051 5042 fratrem
1084 4986 1264 5042 fuisse
1294 4986 1698 5041 indubitanter
1722 4991 2011 5041 asserunt.
2038 4988 2131 5043 Sic

487 5075 643 5131 enim
666 5074 954 5132 sentiebat
983 5081 1185 5131 auctor
1210 5074 1864 5147 poematis,Tertulliani
1894 5076 2130 5133 nomine

479 5164 769 5237 inscripti,
803 5163 903 5235 qui
933 5164 1005 5219 de
1033 5163 1133 5219 illo
1163 5163 1245 5220 ita
1274 5163 1487 5219 cecinit
1520 5180 1534 5219 ε

555 5282 681 5357 Post
702 5280 855 5357 hunc
881 5280 1080 5357 deinde
1104 5281 1261 5357 Pius,
1297 5281 1521 5357 Hermas
1544 5282 1636 5357 cui
1654 5284 1887 5357 nomine
1913 5288 2093 5357 frater

545 5352 833 5423 Angelicus
856 5356 1062 5423 pastor,
1097 5354 1194 5424 qui
1223 5351 1421 5407 tradita
1450 5352 1614 5408 verba
1644 5353 1875 5411 locutus.

555 5465 751 5521 Eidem
784 5467 1091 5522 sententiis
1122 5471 1327 5523 auctor
1358 5467 1840 5541 Pontiﬁcalis,qui
1872 5471 2125 5527 Damaso

484 5553 781 5621 tribuitur,
816 5554 972 5610 hunc
1002 5557 1354 5629 subscripsit
1384 5557 1441 5612 in
1475 5558 1714 5612 modum
1752 5577 1764 5614 :
1799 5559 1910 5616 Sub
1955 5561 2123 5633 hujus

556 5734 572 5771 ¹
605 5732 667 5792 In
696 5734 981 5807 Propylseo
1012 5734 1233 5793 mensis
1254 5734 1406 5791 Maii.

2243 4762 2364 4814 stra
2394 4759 2547 4830 apud
2581 4762 2847 4813 nostrum
2881 4764 3177 4815 auctorem
3209 4759 3555 4830 hujusmodi
3586 4761 3895 4818 decretum

2243 4846 2563 4918 quaesieris.
2586 4845 2691 4901 Vel
2723 4862 2859 4918 ergo
2886 4852 3153 4903 auctores
3184 4846 3294 4915 illi,
3325 4849 3426 4920 qui
3455 4849 3526 4905 de
3553 4849 3706 4906 libro
3755 4868 3793 4906 a
3832 4866 3896 4906 se

2241 4953 2535 5007 nusquam
2556 4936 2678 4991 viso
2697 4935 3005 5008 scripsisse
3019 4935 3552 5007 videntur,omnino
3570 4937 3704 4993 falsi
3726 4942 3890 5005 sunt,

2238 5025 2325 5080 vel
2357 5025 2428 5080 de
2448 5024 2561 5080 alio
2590 5041 2823 5097 opere,a
2843 5028 3042 5081 nostro
3068 5024 3239 5097 plane
3262 5026 3617 5099 penitusque
3632 5026 3891 5094 diverso,

2236 5114 2577 5187 loquuntur.
2624 5113 2883 5185 Denique
2942 5115 3326 5171 manifestum
3385 5121 3475 5172 est
3531 5120 3890 5188 posteriores

2238 5203 2551 5274 scriptores
2582 5202 2913 5274 opinionem
2946 5220 3116 5259 suam
3147 5221 3182 5259 a
3213 5204 3508 5276 prioribus
3535 5206 3888 5279 sumpsisse,

2236 5294 2594 5366 proindeque
2616 5294 2900 5365 originem
2923 5295 3187 5366 ejusdem
3205 5295 3498 5367 opinionis
3514 5295 3572 5351 in
3595 5311 3889 5352 memora-

2234 5388 2360 5439 tum
2394 5383 2810 5455 poematis,aut
2838 5383 3197 5440 Pontificalis
3220 5389 3517 5441 auctorem
3546 5402 3679 5442 esse
3693 5386 3891 5442 refun-

2235 5473 2506 5528 dendam.
2540 5473 2714 5544 Atqui
2745 5477 2990 5543 uterque
3010 5477 3213 5529 auctor
3242 5479 3330 5530 est
3360 5473 3891 5547 apocrypbus,nul-

2232 5561 2346 5617 lius
2380 5562 2636 5618 nominis
2658 5561 2876 5617 nullius
2897 5561 3464 5634 diligentiae,nullius
3486 5563 3882 5620 auctoritatis.
