  <div class='ocr_page' id='page_1' title='image "/cluster/home/n/w/nwhite01/storage/ocr_20150623/2/hvd.32044073501421/430.png"; bbox 0 0 4086 6342; ppageno 0'>
   <div class='ocr_carea' id='block_1_1' title="bbox 257 415 377 478">
    <p class='ocr_par' dir='ltr' id='par_1_1' title="bbox 257 415 377 478">
     <span class='ocr_line' id='line_1_1' title="bbox 257 415 377 478; baseline -0.008 0"><span class='ocrx_word' id='word_1_1' title='bbox 257 415 377 478; x_wconf 84' lang='lat'><strong>837</strong></span> 
     </span>
    </p>
   </div>
   <div class='ocr_carea' id='block_1_2' title="bbox 810 545 1350 604">
    <p class='ocr_par' dir='ltr' id='par_1_2' title="bbox 810 545 1350 604">
     <span class='ocr_line' id='line_1_2' title="bbox 810 545 1350 604; baseline -0.006 0"><span class='ocrx_word' id='word_1_2' title='bbox 810 545 1214 604; x_wconf 80' lang='lat' dir='ltr'><strong>ARTICULUS</strong></span> <span class='ocrx_word' id='word_1_3' title='bbox 1253 545 1350 602; x_wconf 88' lang='lat' dir='ltr'><strong>Ill.</strong></span> 
     </span>
    </p>
   </div>
   <div class='ocr_carea' id='block_1_3' title="bbox 367 661 1794 735">
    <p class='ocr_par' dir='ltr' id='par_1_3' title="bbox 367 661 1794 735">
     <span class='ocr_line' id='line_1_3' title="bbox 367 661 1794 735; baseline -0.006 -14"><span class='ocrx_word' id='word_1_4' title='bbox 367 666 515 722; x_wconf 86' lang='lat' dir='ltr'><strong>Num</strong></span> <span class='ocrx_word' id='word_1_5' title='bbox 542 666 770 721; x_wconf 84' lang='lat' dir='ltr'><strong>Hermas</strong></span> <span class='ocrx_word' id='word_1_6' title='bbox 795 665 971 735; x_wconf 82' lang='lat' dir='ltr'><strong>fuerit</strong></span> <span class='ocrx_word' id='word_1_7' title='bbox 1002 663 1312 735; x_wconf 79' lang='lat' dir='ltr'><strong>discipulus</strong></span> <span class='ocrx_word' id='word_1_8' title='bbox 1341 662 1512 717; x_wconf 88' lang='lat' dir='ltr'><strong>Pauli</strong></span> <span class='ocrx_word' id='word_1_9' title='bbox 1540 661 1794 732; x_wconf 77' lang='lat' dir='ltr'><strong>apostoli.</strong></span> 
     </span>
    </p>
   </div>
   <div class='ocr_carea' id='block_1_4' title="bbox 332 812 1911 889">
    <p class='ocr_par' dir='ltr' id='par_1_4' title="bbox 332 812 1911 889">
     <span class='ocr_line' id='line_1_4' title="bbox 332 812 1911 889; baseline -0.004 -15"><span class='ocrx_word' id='word_1_10' title='bbox 332 822 546 875; x_wconf 80' lang='lat' dir='ltr'><strong>Contra</strong></span> <span class='ocrx_word' id='word_1_11' title='bbox 571 833 706 873; x_wconf 86' lang='lat' dir='ltr'><strong>vero</strong></span> <span class='ocrx_word' id='word_1_12' title='bbox 735 816 1071 889; x_wconf 88' lang='lat' dir='ltr'><strong>scriptores,</strong></span> <span class='ocrx_word' id='word_1_13' title='bbox 1104 814 1223 871; x_wconf 84' lang='lat' dir='ltr'>illis</span> <span class='ocrx_word' id='word_1_14' title='bbox 1271 813 1550 870; x_wconf 89' lang='lat' dir='ltr'><strong>omnibus</strong></span> <span class='ocrx_word' id='word_1_15' title='bbox 1588 812 1824 868; x_wconf 87' lang='lat' dir='ltr'><strong>nomine</strong></span> <span class='ocrx_word' id='word_1_16' title='bbox 1853 816 1911 868; x_wconf 89' lang='lat' dir='ltr'><strong>et</strong></span> 
     </span>
    </p>
   </div>
   <div class='ocr_carea' id='block_1_5' title="bbox 264 904 1909 979">
    <p class='ocr_par' dir='ltr' id='par_1_5' title="bbox 264 904 1909 979">
     <span class='ocr_line' id='line_1_5' title="bbox 264 904 1909 979; baseline -0.005 -15"><span class='ocrx_word' id='word_1_17' title='bbox 264 912 435 964; x_wconf 75' lang='lat' dir='ltr'><strong>aetate</strong></span> <span class='ocrx_word' id='word_1_18' title='bbox 465 906 634 979; x_wconf 89' lang='lat' dir='ltr'><strong>longe</strong></span> <span class='ocrx_word' id='word_1_19' title='bbox 665 906 1018 979; x_wconf 83' lang='lat' dir='ltr'><strong>superiores,</strong></span> <span class='ocrx_word' id='word_1_20' title='bbox 1052 909 1262 977; x_wconf 89' lang='lat' dir='ltr'><strong>putant</strong></span> <span class='ocrx_word' id='word_1_21' title='bbox 1314 904 1588 959; x_wconf 75' lang='lat' dir='ltr'><strong>Her-mam</strong></span> <span class='ocrx_word' id='word_1_22' title='bbox 1613 906 1909 958; x_wconf 89' lang='lat' dir='ltr'><strong>auctorem</strong></span> 
     </span>
    </p>
   </div>
   <div class='ocr_carea' id='block_1_6' title="bbox 264 990 1912 1067">
    <p class='ocr_par' dir='ltr' id='par_1_6' title="bbox 264 990 1912 1067">
     <span class='ocr_line' id='line_1_6' title="bbox 264 990 1912 1067; baseline -0.005 -13"><span class='ocrx_word' id='word_1_23' title='bbox 264 1002 538 1054; x_wconf 91' lang='lat' dir='ltr'><strong>nostrum</strong></span> <span class='ocrx_word' id='word_1_24' title='bbox 560 995 745 1050; x_wconf 84' lang='lat' dir='ltr'><strong>fuisse</strong></span> <span class='ocrx_word' id='word_1_25' title='bbox 770 993 1129 1067; x_wconf 86' lang='lat' dir='ltr'><strong>discipulum</strong></span> <span class='ocrx_word' id='word_1_26' title='bbox 1149 992 1316 1050; x_wconf 82' lang='lat' dir='ltr'>Pauli</span> <span class='ocrx_word' id='word_1_27' title='bbox 1340 990 1792 1065; x_wconf 91' lang='lat' dir='ltr'><strong>apostoli,quem</strong></span> <span class='ocrx_word' id='word_1_28' title='bbox 1816 990 1912 1046; x_wconf 90' lang='lat' dir='ltr'><strong>ille</strong></span> 
     </span>
    </p>
   </div>
   <div class='ocr_carea' id='block_1_7' title="bbox 263 1080 1913 1159">
    <p class='ocr_par' dir='ltr' id='par_1_7' title="bbox 263 1080 1913 1159">
     <span class='ocr_line' id='line_1_7' title="bbox 263 1080 1913 1159; baseline -0.005 -16"><span class='ocrx_word' id='word_1_29' title='bbox 263 1088 327 1143; x_wconf 90' lang='lat' dir='ltr'><strong>in</strong></span> <span class='ocrx_word' id='word_1_30' title='bbox 360 1084 625 1159; x_wconf 89' lang='lat' dir='ltr'><strong>Epistola</strong></span> <span class='ocrx_word' id='word_1_31' title='bbox 653 1085 724 1140; x_wconf 90' lang='lat' dir='ltr'><strong>ad</strong></span> <span class='ocrx_word' id='word_1_32' title='bbox 747 1084 1041 1139; x_wconf 86' lang='lat' dir='ltr'><strong>Romanos</strong></span> <span class='ocrx_word' id='word_1_33' title='bbox 1072 1084 1094 1117; x_wconf 86' lang='grc'>²</span> <span class='ocrx_word' id='word_1_34' title='bbox 1122 1082 1217 1139; x_wconf 94' lang='lat' dir='ltr'><strong>his</strong></span> <span class='ocrx_word' id='word_1_35' title='bbox 1241 1082 1458 1139; x_wconf 84' lang='lat' dir='ltr'><strong>salutat</strong></span> <span class='ocrx_word' id='word_1_36' title='bbox 1486 1081 1677 1138; x_wconf 78' lang='lat' dir='ltr'><strong>verbis</strong></span> <span class='ocrx_word' id='word_1_37' title='bbox 1703 1097 1716 1135; x_wconf 90' lang='lat'><strong>:</strong></span> <span class='ocrx_word' id='word_1_38' title='bbox 1750 1080 1913 1136; x_wconf 89' lang='lat' dir='ltr'><strong>Salu-</strong></span> 
     </span>
    </p>
   </div>
   <div class='ocr_carea' id='block_1_8' title="bbox 266 1170 1914 1248">
    <p class='ocr_par' dir='ltr' id='par_1_8' title="bbox 266 1170 1914 1248">
     <span class='ocr_line' id='line_1_8' title="bbox 266 1170 1914 1248; baseline -0.005 -15"><span class='ocrx_word' id='word_1_39' title='bbox 266 1180 377 1233; x_wconf 87' lang='lat' dir='ltr'><strong>tate</strong></span> <span class='ocrx_word' id='word_1_40' title='bbox 441 1174 815 1248; x_wconf 82' lang='lat' dir='ltr'><strong>Asyncritum,</strong></span> <span class='ocrx_word' id='word_1_41' title='bbox 868 1172 1247 1246; x_wconf 84' lang='lat' dir='ltr'><strong>Phlegontem,</strong></span> <span class='ocrx_word' id='word_1_42' title='bbox 1290 1176 1576 1228; x_wconf 83' lang='lat' dir='ltr'><strong>Hermum.</strong></span> <span class='ocrx_word' id='word_1_43' title='bbox 1637 1170 1914 1242; x_wconf 83' lang='lat' dir='ltr'><strong>Origenes</strong></span> 
     </span>
    </p>
   </div>
   <div class='ocr_carea' id='block_1_9' title="bbox 268 1260 1916 1322">
    <p class='ocr_par' dir='ltr' id='par_1_9' title="bbox 268 1260 1916 1322">
     <span class='ocr_line' id='line_1_9' title="bbox 268 1260 1916 1322; baseline -0.005 0"><span class='ocrx_word' id='word_1_44' title='bbox 268 1265 566 1322; x_wconf 83' lang='lat' dir='ltr'><strong>enimvero</strong></span> <span class='ocrx_word' id='word_1_45' title='bbox 596 1264 657 1319; x_wconf 91' lang='lat' dir='ltr'><strong>in</strong></span> <span class='ocrx_word' id='word_1_46' title='bbox 705 1263 866 1319; x_wconf 88' lang='lat' dir='ltr'><strong>hunc</strong></span> <span class='ocrx_word' id='word_1_47' title='bbox 911 1262 1076 1318; x_wconf 82' lang='lat' dir='ltr'><strong>Pauli</strong></span> <span class='ocrx_word' id='word_1_48' title='bbox 1124 1260 1318 1318; x_wconf 89' lang='lat' dir='ltr'><strong>locum</strong></span> <span class='ocrx_word' id='word_1_49' title='bbox 1367 1262 1452 1317; x_wconf 90' lang='lat' dir='ltr'><strong>sic</strong></span> <span class='ocrx_word' id='word_1_50' title='bbox 1495 1260 1735 1317; x_wconf 84' lang='lat' dir='ltr'><strong>scribit:</strong></span> <span class='ocrx_word' id='word_1_51' title='bbox 1778 1261 1916 1315; x_wconf 90' lang='lat' dir='ltr'><strong>Puto</strong></span> 
     </span>
    </p>
   </div>
   <div class='ocr_carea' id='block_1_10' title="bbox 268 1350 1919 1429">
    <p class='ocr_par' dir='ltr' id='par_1_10' title="bbox 268 1350 1919 1429">
     <span class='ocr_line' id='line_1_10' title="bbox 268 1350 1919 1429; baseline -0.004 -18"><span class='ocrx_word' id='word_1_52' title='bbox 268 1355 411 1429; x_wconf 87' lang='lat' dir='ltr'><strong>quod</strong></span> <span class='ocrx_word' id='word_1_53' title='bbox 441 1359 677 1411; x_wconf 84' lang='lat' dir='ltr'><strong>Hermas</strong></span> <span class='ocrx_word' id='word_1_54' title='bbox 705 1353 805 1409; x_wconf 80' lang='lat' dir='ltr'><strong>iste</strong></span> <span class='ocrx_word' id='word_1_55' title='bbox 830 1352 901 1409; x_wconf 85' lang='lat' dir='ltr'><strong>sit</strong></span> <span class='ocrx_word' id='word_1_56' title='bbox 921 1353 1158 1423; x_wconf 81' lang='lat' dir='ltr'><strong>scriptor</strong></span> <span class='ocrx_word' id='word_1_57' title='bbox 1176 1351 1355 1407; x_wconf 77' lang='lat' dir='ltr'><strong>libelli</strong></span> <span class='ocrx_word' id='word_1_58' title='bbox 1375 1350 1565 1418; x_wconf 84' lang='lat' dir='ltr'><strong>illius,</strong></span> <span class='ocrx_word' id='word_1_59' title='bbox 1587 1351 1684 1423; x_wconf 87' lang='lat' dir='ltr'><strong>qui</strong></span> <span class='ocrx_word' id='word_1_60' title='bbox 1711 1353 1919 1406; x_wconf 83' lang='lat' dir='ltr'><strong>Pastor</strong></span> 
     </span>
    </p>
   </div>
   <div class='ocr_carea' id='block_1_11' title="bbox 270 1437 1921 1517">
    <p class='ocr_par' dir='ltr' id='par_1_11' title="bbox 270 1437 1921 1517">
     <span class='ocr_line' id='line_1_11' title="bbox 270 1437 1921 1517; baseline -0.005 -17"><span class='ocrx_word' id='word_1_61' title='bbox 270 1444 625 1517; x_wconf 84' lang='lat' dir='ltr'><strong>appellatur;</strong></span> <span class='ocrx_word' id='word_1_62' title='bbox 650 1455 775 1513; x_wconf 68' lang='lat' dir='ltr'><strong>quae</strong></span> <span class='ocrx_word' id='word_1_63' title='bbox 801 1440 1075 1512; x_wconf 86' lang='lat' dir='ltr'><strong>scriptura</strong></span> <span class='ocrx_word' id='word_1_64' title='bbox 1095 1439 1258 1494; x_wconf 88' lang='lat' dir='ltr'><strong><em>valde</em></strong></span> <span class='ocrx_word' id='word_1_65' title='bbox 1276 1439 1416 1493; x_wconf 89' lang='lat' dir='ltr'><strong>mihi</strong></span> <span class='ocrx_word' id='word_1_66' title='bbox 1440 1439 1595 1494; x_wconf 87' lang='lat' dir='ltr'><strong>utilis</strong></span> <span class='ocrx_word' id='word_1_67' title='bbox 1614 1437 1853 1506; x_wconf 87' lang='lat' dir='ltr'><strong>videtur,</strong></span> <span class='ocrx_word' id='word_1_68' title='bbox 1867 1444 1921 1491; x_wconf 91' lang='lat' dir='ltr'><strong>et</strong></span> 
     </span>
    </p>
   </div>
   <div class='ocr_carea' id='block_1_12' title="bbox 268 1527 1919 1606">
    <p class='ocr_par' dir='ltr' id='par_1_12' title="bbox 268 1527 1919 1606">
     <span class='ocr_line' id='line_1_12' title="bbox 268 1527 1919 1606; baseline -0.004 -17"><span class='ocrx_word' id='word_1_69' title='bbox 268 1542 424 1606; x_wconf 85' lang='lat' dir='ltr'><strong>puto,</strong></span> <span class='ocrx_word' id='word_1_70' title='bbox 484 1531 752 1587; x_wconf 85' lang='lat' dir='ltr'><strong>divinitus</strong></span> <span class='ocrx_word' id='word_1_71' title='bbox 800 1530 1089 1601; x_wconf 76' lang='lat' dir='ltr'><strong>inspirata.</strong></span> <span class='ocrx_word' id='word_1_72' title='bbox 1145 1527 1434 1584; x_wconf 85' lang='lat' dir='ltr'><strong>Eusebius</strong></span> <span class='ocrx_word' id='word_1_73' title='bbox 1462 1527 1484 1560; x_wconf 78' lang='grc'><strong>³</strong></span> <span class='ocrx_word' id='word_1_74' title='bbox 1513 1531 1747 1583; x_wconf 89' lang='lat' dir='ltr'><strong>autem:</strong></span> <span class='ocrx_word' id='word_1_75' title='bbox 1779 1528 1919 1599; x_wconf 85' lang='lat' dir='ltr'><strong>Apo-</strong></span> 
     </span>
    </p>
   </div>
   <div class='ocr_carea' id='block_1_13' title="bbox 273 1615 1919 1690">
    <p class='ocr_par' dir='ltr' id='par_1_13' title="bbox 273 1615 1919 1690">
     <span class='ocr_line' id='line_1_13' title="bbox 273 1615 1919 1690; baseline -0.005 -13"><span class='ocrx_word' id='word_1_76' title='bbox 273 1622 449 1677; x_wconf 87' lang='lat' dir='ltr'><strong>stolus</strong></span> <span class='ocrx_word' id='word_1_77' title='bbox 476 1620 705 1690; x_wconf 78' lang='lat' dir='ltr'><strong>Paulus,</strong></span> <span class='ocrx_word' id='word_1_78' title='bbox 737 1617 953 1690; x_wconf 87' lang='lat' dir='ltr'><strong>inquit,</strong></span> <span class='ocrx_word' id='word_1_79' title='bbox 974 1618 1037 1672; x_wconf 86' lang='lat' dir='ltr'><strong>in</strong></span> <span class='ocrx_word' id='word_1_80' title='bbox 1065 1616 1491 1672; x_wconf 78' lang='lat' dir='ltr'><strong>salutationibus</strong></span> <span class='ocrx_word' id='word_1_81' title='bbox 1514 1617 1649 1683; x_wconf 81' lang='lat' dir='ltr'><strong>illis,</strong></span> <span class='ocrx_word' id='word_1_82' title='bbox 1680 1632 1799 1686; x_wconf 63' lang='lat' dir='ltr'><strong>qum</strong></span> <span class='ocrx_word' id='word_1_83' title='bbox 1818 1615 1919 1671; x_wconf 89' lang='lat' dir='ltr'><strong>sub</strong></span> 
     </span>
    </p>
   </div>
   <div class='ocr_carea' id='block_1_14' title="bbox 274 1704 1922 1782">
    <p class='ocr_par' dir='ltr' id='par_1_14' title="bbox 274 1704 1922 1782">
     <span class='ocr_line' id='line_1_14' title="bbox 274 1704 1922 1782; baseline -0.005 -15"><span class='ocrx_word' id='word_1_84' title='bbox 274 1712 443 1782; x_wconf 80' lang='lat' dir='ltr'><strong>finem</strong></span> <span class='ocrx_word' id='word_1_85' title='bbox 471 1709 735 1781; x_wconf 66' lang='lat' dir='ltr'><strong>Epistolas</strong></span> <span class='ocrx_word' id='word_1_86' title='bbox 755 1706 827 1762; x_wconf 85' lang='lat' dir='ltr'><strong>ad</strong></span> <span class='ocrx_word' id='word_1_87' title='bbox 850 1706 1116 1762; x_wconf 88' lang='lat' dir='ltr'><strong>Romanos</strong></span> <span class='ocrx_word' id='word_1_88' title='bbox 1137 1706 1417 1774; x_wconf 87' lang='lat' dir='ltr'><strong>leguntur,</strong></span> <span class='ocrx_word' id='word_1_89' title='bbox 1439 1706 1773 1761; x_wconf 75' lang='lat' dir='ltr'><strong>mulionem</strong></span> <span class='ocrx_word' id='word_1_90' title='bbox 1789 1704 1922 1773; x_wconf 84' lang='lat' dir='ltr'><strong>fecit</strong></span> 
     </span>
    </p>
   </div>
   <div class='ocr_carea' id='block_1_15' title="bbox 274 1794 1921 1869">
    <p class='ocr_par' dir='ltr' id='par_1_15' title="bbox 274 1794 1921 1869">
     <span class='ocr_line' id='line_1_15' title="bbox 274 1794 1921 1869; baseline -0.004 -14"><span class='ocrx_word' id='word_1_91' title='bbox 274 1801 516 1867; x_wconf 67' lang='lat' dir='ltr'><strong>Hermae,</strong></span> <span class='ocrx_word' id='word_1_92' title='bbox 549 1798 702 1869; x_wconf 86' lang='lat' dir='ltr'><strong>cujus</strong></span> <span class='ocrx_word' id='word_1_93' title='bbox 729 1812 844 1852; x_wconf 87' lang='lat' dir='ltr'><strong>esse</strong></span> <span class='ocrx_word' id='word_1_94' title='bbox 871 1798 1050 1867; x_wconf 82' lang='lat' dir='ltr'><strong>fertur</strong></span> <span class='ocrx_word' id='word_1_95' title='bbox 1080 1797 1131 1850; x_wconf 87' lang='lat' dir='ltr'><strong>is</strong></span> <span class='ocrx_word' id='word_1_96' title='bbox 1174 1795 1334 1860; x_wconf 89' lang='lat' dir='ltr'><strong>liber,</strong></span> <span class='ocrx_word' id='word_1_97' title='bbox 1367 1794 1464 1866; x_wconf 85' lang='lat' dir='ltr'><strong>qui</strong></span> <span class='ocrx_word' id='word_1_98' title='bbox 1493 1794 1694 1849; x_wconf 82' lang='lat' dir='ltr'><strong>Pastor</strong></span> <span class='ocrx_word' id='word_1_99' title='bbox 1723 1796 1921 1849; x_wconf 85' lang='lat' dir='ltr'><strong>inscri-</strong></span> 
     </span>
    </p>
   </div>
   <div class='ocr_carea' id='block_1_16' title="bbox 270 1884 1924 1962">
    <p class='ocr_par' dir='ltr' id='par_1_16' title="bbox 270 1884 1924 1962">
     <span class='ocr_line' id='line_1_16' title="bbox 270 1884 1924 1962; baseline -0.003 -18"><span class='ocrx_word' id='word_1_100' title='bbox 270 1893 400 1962; x_wconf 86' lang='lat' dir='ltr'><strong>ptus</strong></span> <span class='ocrx_word' id='word_1_101' title='bbox 430 1898 528 1944; x_wconf 89' lang='lat' dir='ltr'><strong>est.</strong></span> <span class='ocrx_word' id='word_1_102' title='bbox 552 1888 935 1958; x_wconf 83' lang='lat' dir='ltr'><strong>Hieronymus</strong></span> <span class='ocrx_word' id='word_1_103' title='bbox 965 1886 986 1918; x_wconf 80' lang='grc'><strong>⁴</strong></span> <span class='ocrx_word' id='word_1_104' title='bbox 1017 1900 1151 1940; x_wconf 90' lang='lat' dir='ltr'><strong>vero</strong></span> <span class='ocrx_word' id='word_1_105' title='bbox 1173 1885 1229 1939; x_wconf 91' lang='lat' dir='ltr'><strong>id</strong></span> <span class='ocrx_word' id='word_1_106' title='bbox 1254 1884 1325 1939; x_wconf 90' lang='lat' dir='ltr'><strong>ab</strong></span> <span class='ocrx_word' id='word_1_107' title='bbox 1347 1884 1478 1939; x_wconf 90' lang='lat' dir='ltr'><strong>aliis</strong></span> <span class='ocrx_word' id='word_1_108' title='bbox 1501 1888 1924 1939; x_wconf 90' lang='lat' dir='ltr'><strong>assertumesse</strong></span> 
     </span>
    </p>
   </div>
   <div class='ocr_carea' id='block_1_17' title="bbox 278 1973 1925 2046">
    <p class='ocr_par' dir='ltr' id='par_1_17' title="bbox 278 1973 1925 2046">
     <span class='ocr_line' id='line_1_17' title="bbox 278 1973 1925 2046; baseline -0.004 -12"><span class='ocrx_word' id='word_1_109' title='bbox 278 1980 568 2034; x_wconf 83' lang='lat' dir='ltr'><strong><em>memorat</em></strong></span> <span class='ocrx_word' id='word_1_110' title='bbox 592 1994 605 2032; x_wconf 91' lang='lat'>:</span> <span class='ocrx_word' id='word_1_111' title='bbox 638 1978 884 2042; x_wconf 85' lang='lat' dir='ltr'><strong>Hermas,</strong></span> <span class='ocrx_word' id='word_1_112' title='bbox 908 1973 1120 2046; x_wconf 85' lang='lat' dir='ltr'><strong>inquit,</strong></span> <span class='ocrx_word' id='word_1_113' title='bbox 1144 1975 1299 2046; x_wconf 83' lang='lat' dir='ltr'><strong>cujus</strong></span> <span class='ocrx_word' id='word_1_114' title='bbox 1320 1974 1602 2045; x_wconf 83' lang='lat' dir='ltr'><strong>apostolus</strong></span> <span class='ocrx_word' id='word_1_115' title='bbox 1628 1974 1837 2028; x_wconf 88' lang='lat' dir='ltr'><strong>Paulus</strong></span> <span class='ocrx_word' id='word_1_116' title='bbox 1855 1973 1925 2027; x_wconf 82' lang='lat' dir='ltr'><strong>ad</strong></span> 
     </span>
    </p>
   </div>
   <div class='ocr_carea' id='block_1_18' title="bbox 277 2064 1927 2123">
    <p class='ocr_par' dir='ltr' id='par_1_18' title="bbox 277 2064 1927 2123">
     <span class='ocr_line' id='line_1_18' title="bbox 277 2064 1927 2123; baseline -0.004 0"><span class='ocrx_word' id='word_1_117' title='bbox 277 2072 555 2123; x_wconf 88' lang='lat' dir='ltr'><strong>Romanos</strong></span> <span class='ocrx_word' id='word_1_118' title='bbox 607 2064 851 2120; x_wconf 79' lang='lat' dir='ltr'><strong>scribens</strong></span> <span class='ocrx_word' id='word_1_119' title='bbox 904 2064 1273 2119; x_wconf 82' lang='lat' dir='ltr'><strong>meminit.....</strong></span> <span class='ocrx_word' id='word_1_120' title='bbox 1351 2071 1595 2118; x_wconf 86' lang='lat' dir='ltr'><strong>asserunt</strong></span> <span class='ocrx_word' id='word_1_121' title='bbox 1651 2071 1927 2118; x_wconf 88' lang='lat' dir='ltr'><strong>auctorem</strong></span> 
     </span>
    </p>
   </div>
   <div class='ocr_carea' id='block_1_19' title="bbox 280 2151 1925 2226">
    <p class='ocr_par' dir='ltr' id='par_1_19' title="bbox 280 2151 1925 2226">
     <span class='ocr_line' id='line_1_19' title="bbox 280 2151 1925 2226; baseline -0.003 -14"><span class='ocrx_word' id='word_1_122' title='bbox 280 2172 400 2212; x_wconf 86' lang='lat' dir='ltr'><strong>esse</strong></span> <span class='ocrx_word' id='word_1_123' title='bbox 430 2155 562 2210; x_wconf 83' lang='lat' dir='ltr'><strong><em>libri</em></strong></span> <span class='ocrx_word' id='word_1_124' title='bbox 602 2155 699 2225; x_wconf 87' lang='lat' dir='ltr'><strong>qui</strong></span> <span class='ocrx_word' id='word_1_125' title='bbox 744 2153 1057 2226; x_wconf 84' lang='lat' dir='ltr'><strong>appellatur</strong></span> <span class='ocrx_word' id='word_1_126' title='bbox 1102 2152 1325 2209; x_wconf 82' lang='lat' dir='ltr'><strong>Pastor.</strong></span> <span class='ocrx_word' id='word_1_127' title='bbox 1376 2156 1633 2210; x_wconf 90' lang='lat' dir='ltr'><strong>Possunt</strong></span> <span class='ocrx_word' id='word_1_128' title='bbox 1678 2151 1752 2208; x_wconf 91' lang='lat' dir='ltr'><strong>iis</strong></span> <span class='ocrx_word' id='word_1_129' title='bbox 1780 2152 1925 2207; x_wconf 87' lang='lat' dir='ltr'><strong>sub-</strong></span> 
     </span>
    </p>
   </div>
   <div class='ocr_carea' id='block_1_20' title="bbox 271 2240 1930 2316">
    <p class='ocr_par' dir='ltr' id='par_1_20' title="bbox 271 2240 1930 2316">
     <span class='ocr_line' id='line_1_20' title="bbox 271 2240 1930 2316; baseline -0.003 -16"><span class='ocrx_word' id='word_1_130' title='bbox 271 2244 450 2316; x_wconf 86' lang='lat' dir='ltr'><strong>jungi</strong></span> <span class='ocrx_word' id='word_1_131' title='bbox 509 2241 859 2315; x_wconf 87' lang='lat' dir='ltr'><strong>posteriores</strong></span> <span class='ocrx_word' id='word_1_132' title='bbox 916 2240 1251 2312; x_wconf 89' lang='lat' dir='ltr'><strong>scriptores,</strong></span> <span class='ocrx_word' id='word_1_133' title='bbox 1315 2240 1416 2313; x_wconf 91' lang='lat' dir='ltr'><strong>qui</strong></span> <span class='ocrx_word' id='word_1_134' title='bbox 1472 2240 1707 2297; x_wconf 89' lang='lat' dir='ltr'><strong>illorum</strong></span> <span class='ocrx_word' id='word_1_135' title='bbox 1754 2241 1930 2297; x_wconf 89' lang='lat' dir='ltr'><strong>verba</strong></span> 
     </span>
    </p>
   </div>
   <div class='ocr_carea' id='block_1_21' title="bbox 281 2330 1929 2404">
    <p class='ocr_par' dir='ltr' id='par_1_21' title="bbox 281 2330 1929 2404">
     <span class='ocr_line' id='line_1_21' title="bbox 281 2330 1929 2404; baseline -0.004 -14"><span class='ocrx_word' id='word_1_136' title='bbox 281 2332 802 2404; x_wconf 86' lang='lat' dir='ltr'><strong>transcripserunt,</strong></span> <span class='ocrx_word' id='word_1_137' title='bbox 831 2330 921 2386; x_wconf 88' lang='lat' dir='ltr'><strong>vel</strong></span> <span class='ocrx_word' id='word_1_138' title='bbox 947 2347 1149 2387; x_wconf 90' lang='lat' dir='ltr'><strong>eorum</strong></span> <span class='ocrx_word' id='word_1_139' title='bbox 1186 2331 1664 2402; x_wconf 85' lang='lat' dir='ltr'><strong>subscripserunt</strong></span> <span class='ocrx_word' id='word_1_140' title='bbox 1694 2334 1929 2386; x_wconf 86' lang='lat' dir='ltr'><strong>senten-</strong></span> 
     </span>
    </p>
   </div>
   <div class='ocr_carea' id='block_1_22' title="bbox 283 2419 1929 2492">
    <p class='ocr_par' dir='ltr' id='par_1_22' title="bbox 283 2419 1929 2492">
     <span class='ocr_line' id='line_1_22' title="bbox 283 2419 1929 2492; baseline -0.002 -14"><span class='ocrx_word' id='word_1_141' title='bbox 283 2424 401 2478; x_wconf 65' lang='lat' dir='ltr'><strong>tias.</strong></span> <span class='ocrx_word' id='word_1_142' title='bbox 433 2421 549 2477; x_wconf 87' lang='lat' dir='ltr'><strong>Hos</strong></span> <span class='ocrx_word' id='word_1_143' title='bbox 580 2421 731 2476; x_wconf 93' lang='lat' dir='ltr'><strong>inter</strong></span> <span class='ocrx_word' id='word_1_144' title='bbox 760 2420 1033 2476; x_wconf 87' lang='lat' dir='ltr'><strong>Sedulius</strong></span> <span class='ocrx_word' id='word_1_145' title='bbox 1060 2419 1328 2492; x_wconf 90' lang='lat' dir='ltr'><strong>Origenis</strong></span> <span class='ocrx_word' id='word_1_146' title='bbox 1354 2420 1528 2476; x_wconf 90' lang='lat' dir='ltr'><strong>verba</strong></span> <span class='ocrx_word' id='word_1_147' title='bbox 1553 2420 1574 2453; x_wconf 75' lang='grc'>⁸</span> <span class='ocrx_word' id='word_1_148' title='bbox 1600 2424 1929 2487; x_wconf 90' lang='lat' dir='ltr'><strong>mutuatur,</strong></span> 
     </span>
    </p>
   </div>
   <div class='ocr_carea' id='block_1_23' title="bbox 284 2509 1932 2583">
    <p class='ocr_par' dir='ltr' id='par_1_23' title="bbox 284 2509 1932 2583">
     <span class='ocr_line' id='line_1_23' title="bbox 284 2509 1932 2583; baseline -0.002 -15"><span class='ocrx_word' id='word_1_149' title='bbox 284 2510 649 2583; x_wconf 90' lang='lat' dir='ltr'><strong>Nicephorus</strong></span> <span class='ocrx_word' id='word_1_150' title='bbox 670 2526 803 2566; x_wconf 88' lang='lat' dir='ltr'><strong>vero</strong></span> <span class='ocrx_word' id='word_1_151' title='bbox 823 2509 1125 2565; x_wconf 64' lang='lat' dir='ltr'><strong>Eusebiis“</strong></span> <span class='ocrx_word' id='word_1_152' title='bbox 1144 2509 1409 2582; x_wconf 78' lang='lat' dir='ltr'><strong>vestigiis</strong></span> <span class='ocrx_word' id='word_1_153' title='bbox 1424 2509 1738 2566; x_wconf 88' lang='lat' dir='ltr'><strong>insistit.ln</strong></span> <span class='ocrx_word' id='word_1_154' title='bbox 1751 2509 1932 2580; x_wconf 87' lang='lat' dir='ltr'><strong>hujus</strong></span> 
     </span>
    </p>
   </div>
   <div class='ocr_carea' id='block_1_24' title="bbox 287 2598 1932 2674">
    <p class='ocr_par' dir='ltr' id='par_1_24' title="bbox 287 2598 1932 2674">
     <span class='ocr_line' id='line_1_24' title="bbox 287 2598 1932 2674; baseline -0.001 -18"><span class='ocrx_word' id='word_1_155' title='bbox 287 2617 460 2674; x_wconf 90' lang='lat' dir='ltr'><strong>porro</strong></span> <span class='ocrx_word' id='word_1_156' title='bbox 494 2600 795 2655; x_wconf 65' lang='lat' dir='ltr'><strong>sententiae</strong></span> <span class='ocrx_word' id='word_1_157' title='bbox 825 2599 1261 2654; x_wconf 89' lang='lat' dir='ltr'><strong>ﬁrmamentum</strong></span> <span class='ocrx_word' id='word_1_158' title='bbox 1292 2598 1437 2654; x_wconf 92' lang='lat' dir='ltr'><strong>illud</strong></span> <span class='ocrx_word' id='word_1_159' title='bbox 1468 2599 1679 2654; x_wconf 91' lang='lat' dir='ltr'><strong>adduci</strong></span> <span class='ocrx_word' id='word_1_160' title='bbox 1712 2604 1932 2671; x_wconf 86' lang='lat' dir='ltr'><strong>posset,</strong></span> 
     </span>
    </p>
   </div>
   <div class='ocr_carea' id='block_1_25' title="bbox 289 2687 1931 2761">
    <p class='ocr_par' dir='ltr' id='par_1_25' title="bbox 289 2687 1931 2761">
     <span class='ocr_line' id='line_1_25' title="bbox 289 2687 1931 2761; baseline -0.001 -17"><span class='ocrx_word' id='word_1_161' title='bbox 289 2689 445 2761; x_wconf 87' lang='lat' dir='ltr'><strong>quod</strong></span> <span class='ocrx_word' id='word_1_162' title='bbox 475 2689 721 2744; x_wconf 87' lang='lat' dir='ltr'><strong>Hermas</strong></span> <span class='ocrx_word' id='word_1_163' title='bbox 768 2688 894 2760; x_wconf 89' lang='lat' dir='ltr'><strong>ipse</strong></span> <span class='ocrx_word' id='word_1_164' title='bbox 949 2691 1199 2743; x_wconf 86' lang='lat' dir='ltr'><strong>testatur</strong></span> <span class='ocrx_word' id='word_1_165' title='bbox 1254 2704 1323 2742; x_wconf 85' lang='lat' dir='ltr'><strong>ex</strong></span> <span class='ocrx_word' id='word_1_166' title='bbox 1379 2688 1611 2743; x_wconf 90' lang='lat' dir='ltr'><strong>duobus</strong></span> <span class='ocrx_word' id='word_1_167' title='bbox 1658 2687 1795 2743; x_wconf 90' lang='lat' dir='ltr'><strong>libri</strong></span> <span class='ocrx_word' id='word_1_168' title='bbox 1839 2688 1931 2743; x_wconf 91' lang='lat' dir='ltr'><strong>sui</strong></span> 
     </span>
    </p>
   </div>
   <div class='ocr_carea' id='block_1_26' title="bbox 288 2776 1931 2851">
    <p class='ocr_par' dir='ltr' id='par_1_26' title="bbox 288 2776 1931 2851">
     <span class='ocr_line' id='line_1_26' title="bbox 288 2776 1931 2851; baseline -0.002 -16"><span class='ocrx_word' id='word_1_169' title='bbox 288 2777 725 2851; x_wconf 83' lang='lat' dir='ltr'><strong>exemplaribus</strong></span> <span class='ocrx_word' id='word_1_170' title='bbox 753 2794 785 2833; x_wconf 91' lang='lat' dir='ltr'><strong>a</strong></span> <span class='ocrx_word' id='word_1_171' title='bbox 814 2793 877 2833; x_wconf 90' lang='lat' dir='ltr'><strong>se</strong></span> <span class='ocrx_word' id='word_1_172' title='bbox 907 2776 1238 2848; x_wconf 89' lang='lat' dir='ltr'><strong>descriptis,</strong></span> <span class='ocrx_word' id='word_1_173' title='bbox 1289 2793 1471 2832; x_wconf 91' lang='lat' dir='ltr'><strong>unum</strong></span> <span class='ocrx_word' id='word_1_174' title='bbox 1502 2776 1560 2832; x_wconf 91' lang='lat' dir='ltr'><strong>in</strong></span> <span class='ocrx_word' id='word_1_175' title='bbox 1595 2782 1819 2833; x_wconf 83' lang='lat' dir='ltr'><strong>exteras</strong></span> <span class='ocrx_word' id='word_1_176' title='bbox 1849 2778 1931 2833; x_wconf 90' lang='lat' dir='ltr'><strong>ci-</strong></span> 
     </span>
    </p>
   </div>
   <div class='ocr_carea' id='block_1_27' title="bbox 284 2865 1935 2925">
    <p class='ocr_par' dir='ltr' id='par_1_27' title="bbox 284 2865 1935 2925">
     <span class='ocr_line' id='line_1_27' title="bbox 284 2865 1935 2925; baseline -0.001 0"><span class='ocrx_word' id='word_1_177' title='bbox 284 2868 499 2925; x_wconf 87' lang='lat' dir='ltr'><strong>vitates</strong></span> <span class='ocrx_word' id='word_1_178' title='bbox 529 2884 563 2923; x_wconf 87' lang='lat' dir='ltr'><strong>a</strong></span> <span class='ocrx_word' id='word_1_179' title='bbox 589 2865 882 2923; x_wconf 87' lang='lat' dir='ltr'><strong>Clemente</strong></span> <span class='ocrx_word' id='word_1_180' title='bbox 930 2866 1322 2922; x_wconf 90' lang='lat' dir='ltr'><strong>mittendum:</strong></span> <span class='ocrx_word' id='word_1_181' title='bbox 1378 2867 1553 2922; x_wconf 77' lang='lat' dir='ltr'><strong>Mittet</strong></span> <span class='ocrx_word' id='word_1_182' title='bbox 1595 2871 1778 2923; x_wconf 91' lang='lat' dir='ltr'><strong>autem</strong></span> <span class='ocrx_word' id='word_1_183' title='bbox 1810 2868 1935 2923; x_wconf 85' lang='lat' dir='ltr'><strong>Cle-</strong></span> 
     </span>
    </p>
   </div>
   <div class='ocr_carea' id='block_1_28' title="bbox 288 2956 1932 3028">
    <p class='ocr_par' dir='ltr' id='par_1_28' title="bbox 288 2956 1932 3028">
     <span class='ocr_line' id='line_1_28' title="bbox 288 2956 1932 3028; baseline 0.001 -16"><span class='ocrx_word' id='word_1_184' title='bbox 288 2973 444 3013; x_wconf 87' lang='lat' dir='ltr'><strong>mens</strong></span> <span class='ocrx_word' id='word_1_185' title='bbox 472 2958 536 3011; x_wconf 86' lang='lat' dir='ltr'><strong>in</strong></span> <span class='ocrx_word' id='word_1_186' title='bbox 591 2964 808 3012; x_wconf 76' lang='lat' dir='ltr'><strong>exteras</strong></span> <span class='ocrx_word' id='word_1_187' title='bbox 864 2957 1150 3017; x_wconf 85' lang='lat' dir='ltr'><strong>civitates;</strong></span> <span class='ocrx_word' id='word_1_188' title='bbox 1202 2956 1352 3011; x_wconf 85' lang='lat' dir='ltr'><strong>illud</strong></span> <span class='ocrx_word' id='word_1_189' title='bbox 1405 2957 1554 3011; x_wconf 88' lang='lat' dir='ltr'><strong>enim</strong></span> <span class='ocrx_word' id='word_1_190' title='bbox 1588 2959 1932 3028; x_wconf 86' lang='lat' dir='ltr'><strong>permissum.</strong></span> 
     </span>
    </p>
   </div>
   <div class='ocr_carea' id='block_1_29' title="bbox 294 3043 1935 3119">
    <p class='ocr_par' dir='ltr' id='par_1_29' title="bbox 294 3043 1935 3119">
     <span class='ocr_line' id='line_1_29' title="bbox 294 3043 1935 3119; baseline 0 -17"><span class='ocrx_word' id='word_1_191' title='bbox 294 3047 479 3111; x_wconf 88' lang='lat' dir='ltr'><strong>Quem</strong></span> <span class='ocrx_word' id='word_1_192' title='bbox 528 3046 686 3102; x_wconf 91' lang='lat' dir='ltr'><strong>enim</strong></span> <span class='ocrx_word' id='word_1_193' title='bbox 717 3044 896 3100; x_wconf 89' lang='lat' dir='ltr'><strong>alium</strong></span> <span class='ocrx_word' id='word_1_194' title='bbox 929 3043 1023 3100; x_wconf 90' lang='lat' dir='ltr'><strong>his</strong></span> <span class='ocrx_word' id='word_1_195' title='bbox 1072 3043 1170 3099; x_wconf 92' lang='lat' dir='ltr'><strong>ille</strong></span> <span class='ocrx_word' id='word_1_196' title='bbox 1196 3044 1388 3100; x_wconf 86' lang='lat' dir='ltr'><strong>verbis</strong></span> <span class='ocrx_word' id='word_1_197' title='bbox 1437 3044 1724 3117; x_wconf 86' lang='lat' dir='ltr'><strong>designat,</strong></span> <span class='ocrx_word' id='word_1_198' title='bbox 1757 3064 1935 3119; x_wconf 90' lang='lat' dir='ltr'><strong>quam</strong></span> 
     </span>
    </p>
   </div>
   <div class='ocr_carea' id='block_1_30' title="bbox 292 3133 1936 3206">
    <p class='ocr_par' dir='ltr' id='par_1_30' title="bbox 292 3133 1936 3206">
     <span class='ocr_line' id='line_1_30' title="bbox 292 3133 1936 3206; baseline 0.001 -15"><span class='ocrx_word' id='word_1_199' title='bbox 292 3135 652 3191; x_wconf 84' lang='lat' dir='ltr'><strong>Clementem</strong></span> <span class='ocrx_word' id='word_1_200' title='bbox 684 3150 985 3190; x_wconf 90' lang='lat' dir='ltr'><strong>summum</strong></span> <span class='ocrx_word' id='word_1_201' title='bbox 1038 3133 1393 3206; x_wconf 89' lang='lat' dir='ltr'><strong>pontiﬁcem,</strong></span> <span class='ocrx_word' id='word_1_202' title='bbox 1445 3134 1545 3206; x_wconf 89' lang='lat' dir='ltr'><strong>qui</strong></span> <span class='ocrx_word' id='word_1_203' title='bbox 1577 3151 1710 3190; x_wconf 90' lang='lat' dir='ltr'><strong>cum</strong></span> <span class='ocrx_word' id='word_1_204' title='bbox 1742 3136 1936 3192; x_wconf 69' lang='lat' dir='ltr'><strong>Romae</strong></span> 
     </span>
    </p>
   </div>
   <div class='ocr_carea' id='block_1_31' title="bbox 1516 412 2404 477">
    <p class='ocr_par' dir='ltr' id='par_1_31' title="bbox 1516 412 2404 477">
     <span class='ocr_line' id='line_1_31' title="bbox 1516 412 2404 477; baseline 0.002 -4"><span class='ocrx_word' id='word_1_205' title='bbox 1516 412 1848 476; x_wconf 84' lang='lat' dir='ltr'><strong>PASTOR.</strong></span> <span class='ocrx_word' id='word_1_206' title='bbox 1881 445 1960 456; x_wconf 97' lang='lat'><strong>—</strong></span> <span class='ocrx_word' id='word_1_207' title='bbox 1989 412 2404 477; x_wconf 77' lang='lat' dir='ltr'><strong>PROCEMIA.</strong></span> 
     </span>
    </p>
   </div>
   <div class='ocr_carea' id='block_1_32' title="bbox 1931 545 3659 620">
    <p class='ocr_par' dir='ltr' id='par_1_32' title="bbox 1931 545 3659 620">
     <span class='ocr_line' id='line_1_32' title="bbox 1931 545 3659 620; baseline 0.003 -20"><span class='ocrx_word' id='word_1_208' title='bbox 1931 545 1989 613; x_wconf 79' lang='grc' dir='ltr'><strong>Α</strong></span> <span class='ocrx_word' id='word_1_209' title='bbox 2016 545 2191 601; x_wconf 91' lang='lat' dir='ltr'><strong>bendi</strong></span> <span class='ocrx_word' id='word_1_210' title='bbox 2222 562 2430 619; x_wconf 87' lang='lat' dir='ltr'><strong>genere</strong></span> <span class='ocrx_word' id='word_1_211' title='bbox 2450 561 2655 603; x_wconf 91' lang='lat' dir='ltr'><strong>omnes</strong></span> <span class='ocrx_word' id='word_1_212' title='bbox 2686 546 2757 601; x_wconf 88' lang='lat' dir='ltr'><strong>ad</strong></span> <span class='ocrx_word' id='word_1_213' title='bbox 2791 546 3077 620; x_wconf 85' lang='lat' dir='ltr'><strong>agendam</strong></span> <span class='ocrx_word' id='word_1_214' title='bbox 3110 550 3477 619; x_wconf 88' lang='lat' dir='ltr'><strong>peccatorum</strong></span> <span class='ocrx_word' id='word_1_215' title='bbox 3519 566 3659 605; x_wconf 91' lang='lat' dir='ltr'><strong>suo-</strong></span> 
     </span>
    </p>
   </div>
   <div class='ocr_carea' id='block_1_33' title="bbox 3539 418 3659 482">
    <p class='ocr_par' dir='ltr' id='par_1_33' title="bbox 3539 418 3659 482">
     <span class='ocr_line' id='line_1_33' title="bbox 3539 418 3659 482; baseline -0.008 -1"><span class='ocrx_word' id='word_1_216' title='bbox 3539 418 3659 482; x_wconf 88' lang='lat'><strong>838</strong></span> 
     </span>
    </p>
   </div>
   <div class='ocr_carea' id='block_1_34' title="bbox 2013 635 3661 709">
    <p class='ocr_par' dir='ltr' id='par_1_34' title="bbox 2013 635 3661 709">
     <span class='ocr_line' id='line_1_34' title="bbox 2013 635 3661 709; baseline 0.004 -20"><span class='ocrx_word' id='word_1_217' title='bbox 2013 651 2145 689; x_wconf 91' lang='lat' dir='ltr'><strong>rum</strong></span> <span class='ocrx_word' id='word_1_218' title='bbox 2166 636 2565 706; x_wconf 74' lang='lat' dir='ltr'><strong>pmnitentiam</strong></span> <span class='ocrx_word' id='word_1_219' title='bbox 2596 635 2825 692; x_wconf 87' lang='lat' dir='ltr'><strong>facilius</strong></span> <span class='ocrx_word' id='word_1_220' title='bbox 2846 635 3143 706; x_wconf 84' lang='lat' dir='ltr'><strong>excitaret,</strong></span> <span class='ocrx_word' id='word_1_221' title='bbox 3175 637 3377 709; x_wconf 90' lang='lat' dir='ltr'><strong>eisque</strong></span> <span class='ocrx_word' id='word_1_222' title='bbox 3395 642 3661 697; x_wconf 88' lang='lat' dir='ltr'><strong>ostende-</strong></span> 
     </span>
    </p>
   </div>
   <div class='ocr_carea' id='block_1_35' title="bbox 2015 725 3662 798">
    <p class='ocr_par' dir='ltr' id='par_1_35' title="bbox 2015 725 3662 798">
     <span class='ocr_line' id='line_1_35' title="bbox 2015 725 3662 798; baseline 0.005 -21"><span class='ocrx_word' id='word_1_223' title='bbox 2015 728 2103 778; x_wconf 91' lang='lat' dir='ltr'><strong>ret</strong></span> <span class='ocrx_word' id='word_1_224' title='bbox 2132 729 2348 793; x_wconf 90' lang='lat' dir='ltr'><strong>quanta</strong></span> <span class='ocrx_word' id='word_1_225' title='bbox 2378 742 2413 780; x_wconf 90' lang='lat' dir='ltr'><strong>a</strong></span> <span class='ocrx_word' id='word_1_226' title='bbox 2439 725 2784 781; x_wconf 90' lang='lat' dir='ltr'><strong>Christianis</strong></span> <span class='ocrx_word' id='word_1_227' title='bbox 2813 726 2940 780; x_wconf 78' lang='lat' dir='ltr'><strong>vitae</strong></span> <span class='ocrx_word' id='word_1_228' title='bbox 2988 742 3338 798; x_wconf 91' lang='lat' dir='ltr'><strong>morumque</strong></span> <span class='ocrx_word' id='word_1_229' title='bbox 3381 729 3662 786; x_wconf 85' lang='lat' dir='ltr'><strong>sanctitas</strong></span> 
     </span>
    </p>
   </div>
   <div class='ocr_carea' id='block_1_36' title="bbox 2017 812 3663 887">
    <p class='ocr_par' dir='ltr' id='par_1_36' title="bbox 2017 812 3663 887">
     <span class='ocr_line' id='line_1_36' title="bbox 2017 812 3663 887; baseline 0.005 -20"><span class='ocrx_word' id='word_1_230' title='bbox 2017 812 2399 870; x_wconf 86' lang='lat' dir='ltr'><strong>desideretur.</strong></span> <span class='ocrx_word' id='word_1_231' title='bbox 2433 820 2505 869; x_wconf 85' lang='lat' dir='ltr'><strong>At</strong></span> <span class='ocrx_word' id='word_1_232' title='bbox 2528 815 2812 887; x_wconf 89' lang='lat' dir='ltr'><strong>quidquid</strong></span> <span class='ocrx_word' id='word_1_233' title='bbox 2837 814 2914 869; x_wconf 89' lang='lat' dir='ltr'><strong>sit</strong></span> <span class='ocrx_word' id='word_1_234' title='bbox 2936 815 3006 870; x_wconf 91' lang='lat' dir='ltr'><strong>de</strong></span> <span class='ocrx_word' id='word_1_235' title='bbox 3038 817 3293 871; x_wconf 85' lang='lat' dir='ltr'><strong>auctoris</strong></span> <span class='ocrx_word' id='word_1_236' title='bbox 3316 819 3499 873; x_wconf 87' lang='lat' dir='ltr'><strong>nostri</strong></span> <span class='ocrx_word' id='word_1_237' title='bbox 3532 836 3663 875; x_wconf 90' lang='lat' dir='ltr'><strong>san-</strong></span> 
     </span>
    </p>
   </div>
   <div class='ocr_carea' id='block_1_37' title="bbox 2018 903 3662 979">
    <p class='ocr_par' dir='ltr' id='par_1_37' title="bbox 2018 903 3662 979">
     <span class='ocr_line' id='line_1_37' title="bbox 2018 903 3662 979; baseline 0.005 -22"><span class='ocrx_word' id='word_1_238' title='bbox 2018 903 2376 974; x_wconf 88' lang='lat' dir='ltr'><strong>ctitate,vero</strong></span> <span class='ocrx_word' id='word_1_239' title='bbox 2396 904 2624 959; x_wconf 86' lang='lat' dir='ltr'><strong>videtur</strong></span> <span class='ocrx_word' id='word_1_240' title='bbox 2642 905 2785 960; x_wconf 88' lang='lat' dir='ltr'><strong>satis</strong></span> <span class='ocrx_word' id='word_1_241' title='bbox 2807 904 2998 959; x_wconf 90' lang='lat' dir='ltr'><strong>simile</strong></span> <span class='ocrx_word' id='word_1_242' title='bbox 3022 903 3188 960; x_wconf 91' lang='lat' dir='ltr'><strong>illum</strong></span> <span class='ocrx_word' id='word_1_243' title='bbox 3202 922 3270 961; x_wconf 90' lang='lat' dir='ltr'><strong>ea</strong></span> <span class='ocrx_word' id='word_1_244' title='bbox 3281 912 3468 978; x_wconf 74' lang='lat' dir='ltr'><strong>aetate,</strong></span> <span class='ocrx_word' id='word_1_245' title='bbox 3485 924 3662 979; x_wconf 88' lang='lat' dir='ltr'><strong>quam</strong></span> 
     </span>
    </p>
   </div>
   <div class='ocr_carea' id='block_1_38' title="bbox 2020 991 3666 1066">
    <p class='ocr_par' dir='ltr' id='par_1_38' title="bbox 2020 991 3666 1066">
     <span class='ocr_line' id='line_1_38' title="bbox 2020 991 3666 1066; baseline 0.005 -20"><span class='ocrx_word' id='word_1_246' title='bbox 2020 991 2194 1063; x_wconf 88' lang='lat' dir='ltr'><strong>paulo</strong></span> <span class='ocrx_word' id='word_1_247' title='bbox 2226 1010 2404 1065; x_wconf 91' lang='lat' dir='ltr'><strong>supra</strong></span> <span class='ocrx_word' id='word_1_248' title='bbox 2425 994 2882 1066; x_wconf 88' lang='lat' dir='ltr'><strong>assignavimus,</strong></span> <span class='ocrx_word' id='word_1_249' title='bbox 2900 998 2958 1049; x_wconf 88' lang='lat' dir='ltr'><strong>et</strong></span> <span class='ocrx_word' id='word_1_250' title='bbox 2976 994 3212 1064; x_wconf 77' lang='lat' dir='ltr'><strong>vixisse,</strong></span> <span class='ocrx_word' id='word_1_251' title='bbox 3234 1000 3292 1051; x_wconf 89' lang='lat' dir='ltr'><strong>et</strong></span> <span class='ocrx_word' id='word_1_252' title='bbox 3312 1004 3666 1053; x_wconf 89' lang='lat' dir='ltr'><strong>commenta-</strong></span> 
     </span>
    </p>
   </div>
   <div class='ocr_carea' id='block_1_39' title="bbox 2020 1081 3179 1155">
    <p class='ocr_par' dir='ltr' id='par_1_39' title="bbox 2020 1081 3179 1155">
     <span class='ocr_line' id='line_1_39' title="bbox 2020 1081 3179 1155; baseline 0.003 -20"><span class='ocrx_word' id='word_1_253' title='bbox 2020 1081 2238 1138; x_wconf 89' lang='lat' dir='ltr'><strong>tionem</strong></span> <span class='ocrx_word' id='word_1_254' title='bbox 2265 1099 2434 1139; x_wconf 88' lang='lat' dir='ltr'><strong>suam</strong></span> <span class='ocrx_word' id='word_1_255' title='bbox 2466 1083 2733 1139; x_wconf 89' lang='lat' dir='ltr'><strong>emisisse</strong></span> <span class='ocrx_word' id='word_1_256' title='bbox 2765 1083 2824 1138; x_wconf 91' lang='lat' dir='ltr'><strong>in</strong></span> <span class='ocrx_word' id='word_1_257' title='bbox 2856 1082 3179 1155; x_wconf 90' lang='lat' dir='ltr'><strong>publicum.</strong></span> 
     </span>
    </p>
   </div>
   <div class='ocr_carea' id='block_1_40' title="bbox 2572 1226 3109 1283">
    <p class='ocr_par' dir='ltr' id='par_1_40' title="bbox 2572 1226 3109 1283">
     <span class='ocr_line' id='line_1_40' title="bbox 2572 1226 3109 1283; baseline 0.002 -2"><span class='ocrx_word' id='word_1_258' title='bbox 2572 1226 2979 1283; x_wconf 81' lang='lat' dir='ltr'><strong>ARTICULUS</strong></span> <span class='ocrx_word' id='word_1_259' title='bbox 3020 1227 3109 1282; x_wconf 89' lang='lat' dir='ltr'><strong>IV.</strong></span> 
     </span>
    </p>
   </div>
   <div class='ocr_carea' id='block_1_41' title="bbox 2336 1316 3358 1388">
    <p class='ocr_par' dir='ltr' id='par_1_41' title="bbox 2336 1316 3358 1388">
     <span class='ocr_line' id='line_1_41' title="bbox 2336 1316 3358 1388; baseline 0.002 -17"><span class='ocrx_word' id='word_1_260' title='bbox 2336 1317 2449 1384; x_wconf 83' lang='lat' dir='ltr'><strong>Quo</strong></span> <span class='ocrx_word' id='word_1_261' title='bbox 2480 1319 2716 1387; x_wconf 89' lang='lat' dir='ltr'><strong>tempore</strong></span> <span class='ocrx_word' id='word_1_262' title='bbox 2744 1317 2837 1371; x_wconf 87' lang='lat' dir='ltr'><strong>hos</strong></span> <span class='ocrx_word' id='word_1_263' title='bbox 2868 1316 3039 1371; x_wconf 90' lang='lat' dir='ltr'><strong>libros</strong></span> <span class='ocrx_word' id='word_1_264' title='bbox 3061 1319 3358 1388; x_wconf 82' lang='lat' dir='ltr'><strong>scripserit.</strong></span> 
     </span>
    </p>
   </div>
   <div class='ocr_carea' id='block_1_42' title="bbox 2096 1438 3667 1513">
    <p class='ocr_par' dir='ltr' id='par_1_42' title="bbox 2096 1438 3667 1513">
     <span class='ocr_line' id='line_1_42' title="bbox 2096 1438 3667 1513; baseline 0.003 -19"><span class='ocrx_word' id='word_1_265' title='bbox 2096 1438 2383 1495; x_wconf 69' lang='lat' dir='ltr'><strong>Caeterum</strong></span> <span class='ocrx_word' id='word_1_266' title='bbox 2415 1440 2464 1496; x_wconf 92' lang='lat' dir='ltr'><strong>si</strong></span> <span class='ocrx_word' id='word_1_267' title='bbox 2495 1445 2841 1513; x_wconf 89' lang='lat' dir='ltr'><strong>argumenta</strong></span> <span class='ocrx_word' id='word_1_268' title='bbox 2870 1445 3071 1496; x_wconf 87' lang='lat' dir='ltr'><strong>nostra</strong></span> <span class='ocrx_word' id='word_1_269' title='bbox 3108 1440 3484 1513; x_wconf 90' lang='lat' dir='ltr'><strong>rigidioribus</strong></span> <span class='ocrx_word' id='word_1_270' title='bbox 3513 1444 3667 1499; x_wconf 89' lang='lat' dir='ltr'><strong>criti-</strong></span> 
     </span>
    </p>
   </div>
   <div class='ocr_carea' id='block_1_43' title="bbox 2026 1528 3673 1597">
    <p class='ocr_par' dir='ltr' id='par_1_43' title="bbox 2026 1528 3673 1597">
     <span class='ocr_line' id='line_1_43' title="bbox 2026 1528 3673 1597; baseline 0.001 -12"><span class='ocrx_word' id='word_1_271' title='bbox 2026 1528 2109 1585; x_wconf 89' lang='lat' dir='ltr'><strong>cis</strong></span> <span class='ocrx_word' id='word_1_272' title='bbox 2140 1545 2255 1585; x_wconf 93' lang='lat' dir='ltr'><strong>non</strong></span> <span class='ocrx_word' id='word_1_273' title='bbox 2288 1530 2431 1585; x_wconf 88' lang='lat' dir='ltr'><strong>satis</strong></span> <span class='ocrx_word' id='word_1_274' title='bbox 2460 1530 2632 1585; x_wconf 88' lang='lat' dir='ltr'><strong>ﬁrma</strong></span> <span class='ocrx_word' id='word_1_275' title='bbox 2660 1530 2780 1585; x_wconf 90' lang='lat' dir='ltr'><strong>sint</strong></span> <span class='ocrx_word' id='word_1_276' title='bbox 2808 1534 2865 1585; x_wconf 89' lang='lat' dir='ltr'><strong>et</strong></span> <span class='ocrx_word' id='word_1_277' title='bbox 2892 1528 3107 1597; x_wconf 90' lang='lat' dir='ltr'><strong>valida,</strong></span> <span class='ocrx_word' id='word_1_278' title='bbox 3128 1529 3188 1585; x_wconf 91' lang='lat' dir='ltr'><strong>hi</strong></span> <span class='ocrx_word' id='word_1_279' title='bbox 3219 1535 3416 1587; x_wconf 90' lang='lat' dir='ltr'><strong>tamen</strong></span> <span class='ocrx_word' id='word_1_280' title='bbox 3450 1532 3673 1588; x_wconf 60' lang='lat' dir='ltr'><strong>Hermas</strong></span> 
     </span>
    </p>
   </div>
   <div class='ocr_carea' id='block_1_44' title="bbox 2027 1617 3672 1691">
    <p class='ocr_par' dir='ltr' id='par_1_44' title="bbox 2027 1617 3672 1691">
     <span class='ocr_line' id='line_1_44' title="bbox 2027 1617 3672 1691; baseline 0.002 -18"><span class='ocrx_word' id='word_1_281' title='bbox 2027 1618 2208 1674; x_wconf 91' lang='lat' dir='ltr'><strong>libros</strong></span> <span class='ocrx_word' id='word_1_282' title='bbox 2239 1617 2312 1673; x_wconf 91' lang='lat' dir='ltr'><strong>ab</strong></span> <span class='ocrx_word' id='word_1_283' title='bbox 2342 1635 2408 1674; x_wconf 92' lang='lat' dir='ltr'><strong>eo</strong></span> <span class='ocrx_word' id='word_1_284' title='bbox 2437 1636 2551 1675; x_wconf 92' lang='lat' dir='ltr'><strong>non</strong></span> <span class='ocrx_word' id='word_1_285' title='bbox 2573 1619 2746 1675; x_wconf 90' lang='lat' dir='ltr'><strong>modo</strong></span> <span class='ocrx_word' id='word_1_286' title='bbox 2778 1623 2912 1675; x_wconf 88' lang='lat' dir='ltr'><strong>ante</strong></span> <span class='ocrx_word' id='word_1_287' title='bbox 2932 1619 3200 1691; x_wconf 89' lang='lat' dir='ltr'><strong>Origenis</strong></span> <span class='ocrx_word' id='word_1_288' title='bbox 3225 1623 3283 1676; x_wconf 90' lang='lat' dir='ltr'><strong>et</strong></span> <span class='ocrx_word' id='word_1_289' title='bbox 3306 1620 3672 1687; x_wconf 84' lang='lat' dir='ltr'><strong>Tertulliani,</strong></span> 
     </span>
    </p>
   </div>
   <div class='ocr_carea' id='block_1_45' title="bbox 2030 1707 3679 1781">
    <p class='ocr_par' dir='ltr' id='par_1_45' title="bbox 2030 1707 3679 1781">
     <span class='ocr_line' id='line_1_45' title="bbox 2030 1707 3679 1781; baseline 0.001 -18"><span class='ocrx_word' id='word_1_290' title='bbox 2030 1708 2131 1764; x_wconf 90' lang='lat' dir='ltr'><strong>sed</strong></span> <span class='ocrx_word' id='word_1_291' title='bbox 2161 1709 2337 1764; x_wconf 90' lang='lat' dir='ltr'><strong>etiam</strong></span> <span class='ocrx_word' id='word_1_292' title='bbox 2367 1707 2678 1765; x_wconf 83' lang='lat' dir='ltr'><strong>Clementis</strong></span> <span class='ocrx_word' id='word_1_293' title='bbox 2707 1713 2765 1764; x_wconf 92' lang='lat' dir='ltr'><strong>et</strong></span> <span class='ocrx_word' id='word_1_294' title='bbox 2794 1708 2992 1765; x_wconf 68' lang='lat' dir='ltr'><strong>Irenaai</strong></span> <span class='ocrx_word' id='word_1_295' title='bbox 3015 1712 3298 1781; x_wconf 89' lang='lat' dir='ltr'><strong>tempora,</strong></span> <span class='ocrx_word' id='word_1_296' title='bbox 3332 1708 3391 1764; x_wconf 92' lang='lat' dir='ltr'><strong>id</strong></span> <span class='ocrx_word' id='word_1_297' title='bbox 3423 1714 3512 1765; x_wconf 91' lang='lat' dir='ltr'><strong>est</strong></span> <span class='ocrx_word' id='word_1_298' title='bbox 3542 1714 3679 1765; x_wconf 88' lang='lat' dir='ltr'><strong>ante</strong></span> 
     </span>
    </p>
   </div>
   <div class='ocr_carea' id='block_1_46' title="bbox 2030 1796 3681 1871">
    <p class='ocr_par' dir='ltr' id='par_1_46' title="bbox 2030 1796 3681 1871">
     <span class='ocr_line' id='line_1_46' title="bbox 2030 1796 3681 1871; baseline 0.001 -19"><span class='ocrx_word' id='word_1_299' title='bbox 2030 1796 2223 1852; x_wconf 70' lang='lat' dir='ltr'><strong>seaculi</strong></span> <span class='ocrx_word' id='word_1_300' title='bbox 2248 1798 2488 1852; x_wconf 91' lang='lat' dir='ltr'><strong>secundi</strong></span> <span class='ocrx_word' id='word_1_301' title='bbox 2509 1797 2706 1864; x_wconf 90' lang='lat' dir='ltr'><strong>ﬁnem,</strong></span> <span class='ocrx_word' id='word_1_302' title='bbox 2735 1814 2848 1870; x_wconf 91' lang='lat' dir='ltr'><strong>quo</strong></span> <span class='ocrx_word' id='word_1_303' title='bbox 2872 1797 3081 1853; x_wconf 88' lang='lat' dir='ltr'><strong>saltem</strong></span> <span class='ocrx_word' id='word_1_304' title='bbox 3103 1802 3356 1853; x_wconf 71' lang='lat' dir='ltr'><strong>Irenaaus</strong></span> <span class='ocrx_word' id='word_1_305' title='bbox 3373 1799 3681 1871; x_wconf 87' lang='lat' dir='ltr'><strong>scripsisse</strong></span> 
     </span>
    </p>
   </div>
   <div class='ocr_carea' id='block_1_47' title="bbox 2032 1886 3678 1959">
    <p class='ocr_par' dir='ltr' id='par_1_47' title="bbox 2032 1886 3678 1959">
     <span class='ocr_line' id='line_1_47' title="bbox 2032 1886 3678 1959; baseline 0.001 -18"><span class='ocrx_word' id='word_1_306' title='bbox 2032 1886 2387 1959; x_wconf 88' lang='lat' dir='ltr'><strong>perhibetur,</strong></span> <span class='ocrx_word' id='word_1_307' title='bbox 2405 1886 2674 1958; x_wconf 82' lang='lat' dir='ltr'><strong>vulgatos</strong></span> <span class='ocrx_word' id='word_1_308' title='bbox 2706 1887 2887 1943; x_wconf 88' lang='lat' dir='ltr'><strong>fuisse</strong></span> <span class='ocrx_word' id='word_1_309' title='bbox 2915 1888 3208 1943; x_wconf 84' lang='lat' dir='ltr'><strong>fateantur</strong></span> <span class='ocrx_word' id='word_1_310' title='bbox 3239 1904 3474 1949; x_wconf 89' lang='lat' dir='ltr'><strong>necesse</strong></span> <span class='ocrx_word' id='word_1_311' title='bbox 3490 1893 3595 1943; x_wconf 83' lang='lat' dir='ltr'><strong>est.</strong></span> <span class='ocrx_word' id='word_1_312' title='bbox 3617 1889 3678 1943; x_wconf 92' lang='lat' dir='ltr'><strong>Id</strong></span> 
     </span>
    </p>
   </div>
   <div class='ocr_carea' id='block_1_48' title="bbox 2035 1975 3680 2047">
    <p class='ocr_par' dir='ltr' id='par_1_48' title="bbox 2035 1975 3680 2047">
     <span class='ocr_line' id='line_1_48' title="bbox 2035 1975 3680 2047; baseline 0.001 -17"><span class='ocrx_word' id='word_1_313' title='bbox 2035 1977 2271 2047; x_wconf 90' lang='lat' dir='ltr'><strong>quidem</strong></span> <span class='ocrx_word' id='word_1_314' title='bbox 2294 1992 2363 2032; x_wconf 89' lang='lat' dir='ltr'><strong>ex</strong></span> <span class='ocrx_word' id='word_1_315' title='bbox 2383 1976 2722 2031; x_wconf 90' lang='lat' dir='ltr'><strong>eorumdem</strong></span> <span class='ocrx_word' id='word_1_316' title='bbox 2749 1975 3016 2031; x_wconf 57' lang='lat' dir='ltr'><strong>Ecclesiae</strong></span> <span class='ocrx_word' id='word_1_317' title='bbox 3039 1980 3281 2032; x_wconf 85' lang='lat' dir='ltr'><strong>Patrum</strong></span> <span class='ocrx_word' id='word_1_318' title='bbox 3304 1976 3680 2045; x_wconf 88' lang='lat' dir='ltr'><strong>testimoniis,</strong></span> 
     </span>
    </p>
   </div>
   <div class='ocr_carea' id='block_1_49' title="bbox 2035 2064 3683 2137">
    <p class='ocr_par' dir='ltr' id='par_1_49' title="bbox 2035 2064 3683 2137">
     <span class='ocr_line' id='line_1_49' title="bbox 2035 2064 3683 2137; baseline 0.001 -18"><span class='ocrx_word' id='word_1_319' title='bbox 2035 2082 2161 2137; x_wconf 74' lang='lat' dir='ltr'><strong>quae</strong></span> <span class='ocrx_word' id='word_1_320' title='bbox 2184 2082 2364 2137; x_wconf 89' lang='lat' dir='ltr'><strong>supra</strong></span> <span class='ocrx_word' id='word_1_321' title='bbox 2381 2065 2674 2132; x_wconf 90' lang='lat' dir='ltr'><strong>dedimus,</strong></span> <span class='ocrx_word' id='word_1_322' title='bbox 2699 2065 2880 2120; x_wconf 89' lang='lat' dir='ltr'><strong>cuivis</strong></span> <span class='ocrx_word' id='word_1_323' title='bbox 2902 2064 3145 2136; x_wconf 90' lang='lat' dir='ltr'><strong>planum</strong></span> <span class='ocrx_word' id='word_1_324' title='bbox 3170 2067 3286 2121; x_wconf 89' lang='lat' dir='ltr'><strong>ﬁet.</strong></span> <span class='ocrx_word' id='word_1_325' title='bbox 3320 2070 3527 2121; x_wconf 90' lang='lat' dir='ltr'><strong>Utrum</strong></span> <span class='ocrx_word' id='word_1_326' title='bbox 3548 2081 3683 2122; x_wconf 90' lang='lat' dir='ltr'><strong>vero</strong></span> 
     </span>
    </p>
   </div>
   <div class='ocr_carea' id='block_1_50' title="bbox 2036 2154 3679 2226">
    <p class='ocr_par' dir='ltr' id='par_1_50' title="bbox 2036 2154 3679 2226">
     <span class='ocr_line' id='line_1_50' title="bbox 2036 2154 3679 2226; baseline 0.001 -17"><span class='ocrx_word' id='word_1_327' title='bbox 2036 2154 2212 2209; x_wconf 90' lang='lat' dir='ltr'><strong>iidem</strong></span> <span class='ocrx_word' id='word_1_328' title='bbox 2243 2154 2643 2226; x_wconf 88' lang='lat' dir='ltr'><strong>antiquissimi</strong></span> <span class='ocrx_word' id='word_1_329' title='bbox 2672 2154 2986 2225; x_wconf 86' lang='lat' dir='ltr'><strong>scriptores</strong></span> <span class='ocrx_word' id='word_1_330' title='bbox 3034 2154 3183 2210; x_wconf 91' lang='lat' dir='ltr'><strong>hanc</strong></span> <span class='ocrx_word' id='word_1_331' title='bbox 3212 2154 3679 2211; x_wconf 88' lang='lat' dir='ltr'><strong>lucubrationem</strong></span> 
     </span>
    </p>
   </div>
   <div class='ocr_carea' id='block_1_51' title="bbox 2035 2243 3685 2315">
    <p class='ocr_par' dir='ltr' id='par_1_51' title="bbox 2035 2243 3685 2315">
     <span class='ocr_line' id='line_1_51' title="bbox 2035 2243 3685 2315; baseline 0.001 -17"><span class='ocrx_word' id='word_1_332' title='bbox 2035 2243 2208 2315; x_wconf 90' lang='lat' dir='ltr'><strong>longe</strong></span> <span class='ocrx_word' id='word_1_333' title='bbox 2238 2248 2373 2299; x_wconf 85' lang='lat' dir='ltr'><strong>ante</strong></span> <span class='ocrx_word' id='word_1_334' title='bbox 2404 2244 2476 2298; x_wconf 89' lang='lat' dir='ltr'><strong>ab</strong></span> <span class='ocrx_word' id='word_1_335' title='bbox 2496 2245 2705 2299; x_wconf 83' lang='lat' dir='ltr'><strong>Herma</strong></span> <span class='ocrx_word' id='word_1_336' title='bbox 2724 2244 2941 2298; x_wconf 90' lang='lat' dir='ltr'><strong>editam</strong></span> <span class='ocrx_word' id='word_1_337' title='bbox 2966 2244 3316 2315; x_wconf 88' lang='lat' dir='ltr'><strong>putaverint,</strong></span> <span class='ocrx_word' id='word_1_338' title='bbox 3350 2245 3487 2300; x_wconf 89' lang='lat' dir='ltr'><strong>inde</strong></span> <span class='ocrx_word' id='word_1_339' title='bbox 3514 2244 3685 2300; x_wconf 78' lang='lat' dir='ltr'><strong>facile</strong></span> 
     </span>
    </p>
   </div>
   <div class='ocr_carea' id='block_1_52' title="bbox 2037 2332 3684 2405">
    <p class='ocr_par' dir='ltr' id='par_1_52' title="bbox 2037 2332 3684 2405">
     <span class='ocr_line' id='line_1_52' title="bbox 2037 2332 3684 2405; baseline 0.002 -18"><span class='ocrx_word' id='word_1_340' title='bbox 2037 2332 2327 2403; x_wconf 88' lang='lat' dir='ltr'><strong>intelliges</strong></span> <span class='ocrx_word' id='word_1_341' title='bbox 2357 2333 2510 2405; x_wconf 91' lang='lat' dir='ltr'><strong>quod</strong></span> <span class='ocrx_word' id='word_1_342' title='bbox 2542 2348 2611 2389; x_wconf 91' lang='lat' dir='ltr'><strong>ea</strong></span> <span class='ocrx_word' id='word_1_343' title='bbox 2641 2334 2713 2388; x_wconf 89' lang='lat' dir='ltr'><strong>ab</strong></span> <span class='ocrx_word' id='word_1_344' title='bbox 2771 2332 2888 2387; x_wconf 89' lang='lat' dir='ltr'><strong>illis</strong></span> <span class='ocrx_word' id='word_1_345' title='bbox 2935 2350 3050 2389; x_wconf 89' lang='lat' dir='ltr'><strong>non</strong></span> <span class='ocrx_word' id='word_1_346' title='bbox 3109 2338 3174 2388; x_wconf 91' lang='lat' dir='ltr'><strong>ut</strong></span> <span class='ocrx_word' id='word_1_347' title='bbox 3219 2350 3366 2389; x_wconf 87' lang='lat' dir='ltr'><strong>nova</strong></span> <span class='ocrx_word' id='word_1_348' title='bbox 3395 2338 3452 2389; x_wconf 89' lang='lat' dir='ltr'><strong>et</strong></span> <span class='ocrx_word' id='word_1_349' title='bbox 3481 2350 3684 2390; x_wconf 89' lang='lat' dir='ltr'><strong>recens</strong></span> 
     </span>
    </p>
   </div>
   <div class='ocr_carea' id='block_1_53' title="bbox 2040 2422 3689 2494">
    <p class='ocr_par' dir='ltr' id='par_1_53' title="bbox 2040 2422 3689 2494">
     <span class='ocr_line' id='line_1_53' title="bbox 2040 2422 3689 2494; baseline 0 -16"><span class='ocrx_word' id='word_1_350' title='bbox 2040 2422 2214 2489; x_wconf 89' lang='lat' dir='ltr'><strong>edita,</strong></span> <span class='ocrx_word' id='word_1_351' title='bbox 2249 2423 2348 2478; x_wconf 91' lang='lat' dir='ltr'><strong>sed</strong></span> <span class='ocrx_word' id='word_1_352' title='bbox 2381 2426 2445 2477; x_wconf 87' lang='lat' dir='ltr'><strong>ut</strong></span> <span class='ocrx_word' id='word_1_353' title='bbox 2474 2426 2640 2477; x_wconf 89' lang='lat' dir='ltr'><strong>vetus</strong></span> <span class='ocrx_word' id='word_1_354' title='bbox 2667 2426 2724 2477; x_wconf 89' lang='lat' dir='ltr'><strong>et</strong></span> <span class='ocrx_word' id='word_1_355' title='bbox 2753 2422 2996 2494; x_wconf 88' lang='lat' dir='ltr'><strong>antiqua</strong></span> <span class='ocrx_word' id='word_1_356' title='bbox 3019 2423 3235 2494; x_wconf 90' lang='lat' dir='ltr'><strong>passim</strong></span> <span class='ocrx_word' id='word_1_357' title='bbox 3260 2423 3479 2494; x_wconf 88' lang='lat' dir='ltr'><strong>ubique</strong></span> <span class='ocrx_word' id='word_1_358' title='bbox 3512 2423 3689 2478; x_wconf 89' lang='lat' dir='ltr'><strong>citata</strong></span> 
     </span>
    </p>
   </div>
   <div class='ocr_carea' id='block_1_54' title="bbox 2040 2510 3693 2584">
    <p class='ocr_par' dir='ltr' id='par_1_54' title="bbox 2040 2510 3693 2584">
     <span class='ocr_line' id='line_1_54' title="bbox 2040 2510 3693 2584; baseline 0.001 -18"><span class='ocrx_word' id='word_1_359' title='bbox 2040 2510 2287 2584; x_wconf 89' lang='lat' dir='ltr'><strong>legatur.</strong></span> <span class='ocrx_word' id='word_1_360' title='bbox 2324 2511 2574 2567; x_wconf 65' lang='lat' dir='ltr'><strong>Irenmus</strong></span> <span class='ocrx_word' id='word_1_361' title='bbox 2600 2516 2817 2582; x_wconf 89' lang='lat' dir='ltr'><strong>autem,</strong></span> <span class='ocrx_word' id='word_1_362' title='bbox 2840 2528 3042 2567; x_wconf 90' lang='lat' dir='ltr'><strong>eorum</strong></span> <span class='ocrx_word' id='word_1_363' title='bbox 3066 2513 3329 2568; x_wconf 90' lang='lat' dir='ltr'><strong>omnium</strong></span> <span class='ocrx_word' id='word_1_364' title='bbox 3353 2512 3693 2584; x_wconf 84' lang='lat' dir='ltr'><strong>antiquissi-</strong></span> 
     </span>
    </p>
   </div>
   <div class='ocr_carea' id='block_1_55' title="bbox 2042 2599 3690 2674">
    <p class='ocr_par' dir='ltr' id='par_1_55' title="bbox 2042 2599 3690 2674">
     <span class='ocr_line' id='line_1_55' title="bbox 2042 2599 3690 2674; baseline 0.001 -19"><span class='ocrx_word' id='word_1_365' title='bbox 2042 2618 2197 2669; x_wconf 90' lang='lat' dir='ltr'><strong>mus,</strong></span> <span class='ocrx_word' id='word_1_366' title='bbox 2233 2599 2390 2656; x_wconf 90' lang='lat' dir='ltr'><strong>illius</strong></span> <span class='ocrx_word' id='word_1_367' title='bbox 2424 2605 2706 2672; x_wconf 88' lang='lat' dir='ltr'><strong>tanquam</strong></span> <span class='ocrx_word' id='word_1_368' title='bbox 2760 2600 2936 2656; x_wconf 90' lang='lat' dir='ltr'><strong>unius</strong></span> <span class='ocrx_word' id='word_1_369' title='bbox 2979 2617 3157 2656; x_wconf 60' lang='lat' dir='ltr'><strong>sacras</strong></span> <span class='ocrx_word' id='word_1_370' title='bbox 3214 2600 3523 2674; x_wconf 67' lang='lat' dir='ltr'><strong>Scripturaa</strong></span> <span class='ocrx_word' id='word_1_371' title='bbox 3554 2601 3690 2656; x_wconf 90' lang='lat' dir='ltr'><strong>libri</strong></span> 
     </span>
    </p>
   </div>
   <div class='ocr_carea' id='block_1_56' title="bbox 2042 2689 3687 2763">
    <p class='ocr_par' dir='ltr' id='par_1_56' title="bbox 2042 2689 3687 2763">
     <span class='ocr_line' id='line_1_56' title="bbox 2042 2689 3687 2763; baseline 0.001 -19"><span class='ocrx_word' id='word_1_372' title='bbox 2042 2689 2384 2745; x_wconf 89' lang='lat' dir='ltr'><strong>auctoritate</strong></span> <span class='ocrx_word' id='word_1_373' title='bbox 2414 2689 2506 2744; x_wconf 90' lang='lat' dir='ltr'><strong>his</strong></span> <span class='ocrx_word' id='word_1_374' title='bbox 2533 2689 2727 2745; x_wconf 90' lang='lat' dir='ltr'><strong>verbis</strong></span> <span class='ocrx_word' id='word_1_375' title='bbox 2758 2689 2943 2744; x_wconf 90' lang='lat' dir='ltr'><strong>utitur</strong></span> <span class='ocrx_word' id='word_1_376' title='bbox 2972 2691 2992 2723; x_wconf 81' lang='grc'>⁷</span> <span class='ocrx_word' id='word_1_377' title='bbox 3023 2706 3035 2743; x_wconf 91' lang='lat'>:</span> <span class='ocrx_word' id='word_1_378' title='bbox 3072 2692 3216 2745; x_wconf 84' lang='lat' dir='ltr'><strong>Bene</strong></span> <span class='ocrx_word' id='word_1_379' title='bbox 3246 2706 3378 2758; x_wconf 88' lang='lat' dir='ltr'><strong>ergo</strong></span> <span class='ocrx_word' id='word_1_380' title='bbox 3402 2692 3687 2763; x_wconf 85' lang='lat' dir='ltr'><strong>Scriptura</strong></span> 
     </span>
    </p>
   </div>
   <div class='ocr_carea' id='block_1_57' title="bbox 2041 2778 3684 2850">
    <p class='ocr_par' dir='ltr' id='par_1_57' title="bbox 2041 2778 3684 2850">
     <span class='ocr_line' id='line_1_57' title="bbox 2041 2778 3684 2850; baseline 0.002 -17"><span class='ocrx_word' id='word_1_381' title='bbox 2041 2779 2212 2834; x_wconf 86' lang='lat' dir='ltr'><strong>dicit:</strong></span> <span class='ocrx_word' id='word_1_382' title='bbox 2245 2780 2437 2834; x_wconf 86' lang='lat' dir='ltr'><strong>Primo</strong></span> <span class='ocrx_word' id='word_1_383' title='bbox 2466 2781 2709 2835; x_wconf 84' lang='lat' dir='ltr'><strong>omnium</strong></span> <span class='ocrx_word' id='word_1_384' title='bbox 2737 2778 2893 2834; x_wconf 83' lang='lat' dir='ltr'><strong>crede</strong></span> <span class='ocrx_word' id='word_1_385' title='bbox 2921 2778 3067 2850; x_wconf 77' lang='lat' dir='ltr'><strong>quod</strong></span> <span class='ocrx_word' id='word_1_386' title='bbox 3099 2796 3244 2835; x_wconf 86' lang='lat' dir='ltr'><strong>unus</strong></span> <span class='ocrx_word' id='word_1_387' title='bbox 3274 2789 3351 2834; x_wconf 89' lang='lat' dir='ltr'><strong>est</strong></span> <span class='ocrx_word' id='word_1_388' title='bbox 3382 2781 3538 2846; x_wconf 84' lang='lat' dir='ltr'><strong>Deus,</strong></span> <span class='ocrx_word' id='word_1_389' title='bbox 3572 2785 3684 2836; x_wconf 91' lang='lat' dir='ltr'><strong>etc.</strong></span> 
     </span>
    </p>
   </div>
   <div class='ocr_carea' id='block_1_58' title="bbox 2044 2867 3687 2941">
    <p class='ocr_par' dir='ltr' id='par_1_58' title="bbox 2044 2867 3687 2941">
     <span class='ocr_line' id='line_1_58' title="bbox 2044 2867 3687 2941; baseline 0 -18"><span class='ocrx_word' id='word_1_390' title='bbox 2044 2868 2206 2934; x_wconf 89' lang='lat' dir='ltr'><strong>Quod</strong></span> <span class='ocrx_word' id='word_1_391' title='bbox 2229 2873 2381 2923; x_wconf 90' lang='lat' dir='ltr'><strong>certe</strong></span> <span class='ocrx_word' id='word_1_392' title='bbox 2412 2867 2625 2923; x_wconf 91' lang='lat' dir='ltr'><strong>indicio</strong></span> <span class='ocrx_word' id='word_1_393' title='bbox 2677 2872 2769 2924; x_wconf 90' lang='lat' dir='ltr'><strong>est</strong></span> <span class='ocrx_word' id='word_1_394' title='bbox 2796 2868 2856 2923; x_wconf 91' lang='lat' dir='ltr'><strong>in</strong></span> <span class='ocrx_word' id='word_1_395' title='bbox 2913 2884 2982 2924; x_wconf 91' lang='lat' dir='ltr'><strong>ea</strong></span> <span class='ocrx_word' id='word_1_396' title='bbox 3011 2867 3192 2924; x_wconf 89' lang='lat' dir='ltr'><strong>fuisse</strong></span> <span class='ocrx_word' id='word_1_397' title='bbox 3250 2868 3530 2924; x_wconf 70' lang='lat' dir='ltr'><strong>Irenaeum</strong></span> <span class='ocrx_word' id='word_1_398' title='bbox 3561 2871 3687 2941; x_wconf 88' lang='lat' dir='ltr'><strong>opi-</strong></span> 
     </span>
    </p>
   </div>
   <div class='ocr_carea' id='block_1_59' title="bbox 2046 2956 3687 3030">
    <p class='ocr_par' dir='ltr' id='par_1_59' title="bbox 2046 2956 3687 3030">
     <span class='ocr_line' id='line_1_59' title="bbox 2046 2956 3687 3030; baseline 0.001 -18"><span class='ocrx_word' id='word_1_399' title='bbox 2046 2958 2217 3012; x_wconf 91' lang='lat' dir='ltr'><strong>nione</strong></span> <span class='ocrx_word' id='word_1_400' title='bbox 2244 2958 2510 3012; x_wconf 86' lang='lat' dir='ltr'><strong>eamdem</strong></span> <span class='ocrx_word' id='word_1_401' title='bbox 2539 2956 3008 3013; x_wconf 90' lang='lat' dir='ltr'><strong>lucubrationem</strong></span> <span class='ocrx_word' id='word_1_402' title='bbox 3039 2958 3111 3013; x_wconf 90' lang='lat' dir='ltr'><strong>ab</strong></span> <span class='ocrx_word' id='word_1_403' title='bbox 3143 2973 3257 3012; x_wconf 91' lang='lat' dir='ltr'><strong>uno</strong></span> <span class='ocrx_word' id='word_1_404' title='bbox 3287 2974 3355 3012; x_wconf 82' lang='lat' dir='ltr'><strong>ex</strong></span> <span class='ocrx_word' id='word_1_405' title='bbox 3383 2958 3687 3030; x_wconf 89' lang='lat' dir='ltr'><strong>apostolis,</strong></span> 
     </span>
    </p>
   </div>
   <div class='ocr_carea' id='block_1_60' title="bbox 2043 3046 3691 3118">
    <p class='ocr_par' dir='ltr' id='par_1_60' title="bbox 2043 3046 3691 3118">
     <span class='ocr_line' id='line_1_60' title="bbox 2043 3046 3691 3118; baseline 0.001 -16"><span class='ocrx_word' id='word_1_406' title='bbox 2043 3046 2130 3102; x_wconf 92' lang='lat' dir='ltr'><strong>vel</strong></span> <span class='ocrx_word' id='word_1_407' title='bbox 2154 3046 2363 3101; x_wconf 88' lang='lat' dir='ltr'><strong>saltem</strong></span> <span class='ocrx_word' id='word_1_408' title='bbox 2386 3046 2581 3117; x_wconf 87' lang='lat' dir='ltr'><strong>aliquo</strong></span> <span class='ocrx_word' id='word_1_409' title='bbox 2606 3046 2866 3118; x_wconf 88' lang='lat' dir='ltr'><strong>proximo</strong></span> <span class='ocrx_word' id='word_1_410' title='bbox 2888 3063 3091 3103; x_wconf 89' lang='lat' dir='ltr'><strong>eorum</strong></span> <span class='ocrx_word' id='word_1_411' title='bbox 3118 3064 3474 3117; x_wconf 89' lang='lat' dir='ltr'><strong>successore,</strong></span> <span class='ocrx_word' id='word_1_412' title='bbox 3510 3048 3691 3103; x_wconf 90' lang='lat' dir='ltr'><strong>fuisse</strong></span> 
     </span>
    </p>
   </div>
   <div class='ocr_carea' id='block_1_61' title="bbox 2048 3133 3695 3207">
    <p class='ocr_par' dir='ltr' id='par_1_61' title="bbox 2048 3133 3695 3207">
     <span class='ocr_line' id='line_1_61' title="bbox 2048 3133 3695 3207; baseline 0.001 -18"><span class='ocrx_word' id='word_1_413' title='bbox 2048 3136 2385 3207; x_wconf 88' lang='lat' dir='ltr'><strong>profectam.</strong></span> <span class='ocrx_word' id='word_1_414' title='bbox 2420 3135 2705 3190; x_wconf 91' lang='lat' dir='ltr'><strong>Eusebius</strong></span> <span class='ocrx_word' id='word_1_415' title='bbox 2726 3152 2860 3192; x_wconf 92' lang='lat' dir='ltr'><strong>vero</strong></span> <span class='ocrx_word' id='word_1_416' title='bbox 2891 3135 2912 3167; x_wconf 81' lang='grc'><strong>⁸</strong></span> <span class='ocrx_word' id='word_1_417' title='bbox 2938 3152 3053 3190; x_wconf 91' lang='lat' dir='ltr'><strong>non</strong></span> <span class='ocrx_word' id='word_1_418' title='bbox 3077 3133 3269 3190; x_wconf 91' lang='lat' dir='ltr'><strong>solum</strong></span> <span class='ocrx_word' id='word_1_419' title='bbox 3291 3136 3466 3191; x_wconf 90' lang='lat' dir='ltr'><strong>citata</strong></span> <span class='ocrx_word' id='word_1_420' title='bbox 3492 3136 3695 3191; x_wconf 68' lang='lat' dir='ltr'><strong>Irentei</strong></span> 
     </span>
    </p>
   </div>
   <div class='ocr_carea' id='block_1_62' title="bbox 292 3220 3695 3295">
    <p class='ocr_par' dir='ltr' id='par_1_62' title="bbox 292 3220 3695 3295">
     <span class='ocr_line' id='line_1_62' title="bbox 292 3220 3695 3295; baseline 0.001 -18"><span class='ocrx_word' id='word_1_421' title='bbox 292 3222 543 3290; x_wconf 88' lang='lat' dir='ltr'><strong>sederet,</strong></span> <span class='ocrx_word' id='word_1_422' title='bbox 576 3221 712 3277; x_wconf 91' lang='lat' dir='ltr'><strong>inde</strong></span> <span class='ocrx_word' id='word_1_423' title='bbox 736 3220 957 3277; x_wconf 65' lang='lat' dir='ltr'><strong>caeteris</strong></span> <span class='ocrx_word' id='word_1_424' title='bbox 977 3221 1251 3277; x_wconf 88' lang='lat' dir='ltr'><strong>omnibus</strong></span> <span class='ocrx_word' id='word_1_425' title='bbox 1272 3221 1500 3278; x_wconf 86' lang='lat' dir='ltr'><strong>facilius</strong></span> <span class='ocrx_word' id='word_1_426' title='bbox 1526 3227 1753 3295; x_wconf 89' lang='lat' dir='ltr'><strong>poterat</strong></span> <span class='ocrx_word' id='word_1_427' title='bbox 1780 3223 1938 3281; x_wconf 91' lang='lat' dir='ltr'><strong>hunc</strong></span> <span class='ocrx_word' id='word_1_428' title='bbox 1983 3292 2009 3295; x_wconf 16' lang='grc' dir='ltr'><strong>ΑΔ</strong></span> <span class='ocrx_word' id='word_1_429' title='bbox 2048 3225 2226 3280; x_wconf 91' lang='lat' dir='ltr'><strong>verba</strong></span> <span class='ocrx_word' id='word_1_430' title='bbox 2256 3223 2477 3290; x_wconf 89' lang='lat' dir='ltr'><strong>retulit,</strong></span> <span class='ocrx_word' id='word_1_431' title='bbox 2507 3240 2710 3280; x_wconf 86' lang='lat' dir='ltr'><strong>verum</strong></span> <span class='ocrx_word' id='word_1_432' title='bbox 2742 3224 2918 3280; x_wconf 89' lang='lat' dir='ltr'><strong>etiam</strong></span> <span class='ocrx_word' id='word_1_433' title='bbox 2948 3224 3163 3279; x_wconf 89' lang='lat' dir='ltr'><strong>librum</strong></span> <span class='ocrx_word' id='word_1_434' title='bbox 3203 3224 3426 3279; x_wconf 68' lang='lat' dir='ltr'><strong>Hermes</strong></span> <span class='ocrx_word' id='word_1_435' title='bbox 3459 3225 3530 3280; x_wconf 88' lang='lat' dir='ltr'><strong>ab</strong></span> <span class='ocrx_word' id='word_1_436' title='bbox 3563 3224 3695 3281; x_wconf 92' lang='lat' dir='ltr'><strong>aliis</strong></span> 
     </span>
    </p>
   </div>
   <div class='ocr_carea' id='block_1_63' title="bbox 294 3309 1460 3367">
    <p class='ocr_par' dir='ltr' id='par_1_63' title="bbox 294 3309 1460 3367">
     <span class='ocr_line' id='line_1_63' title="bbox 294 3309 1460 3367; baseline 0.001 -1"><span class='ocrx_word' id='word_1_437' title='bbox 294 3311 517 3367; x_wconf 89' lang='lat' dir='ltr'><strong>librum</strong></span> <span class='ocrx_word' id='word_1_438' title='bbox 546 3310 609 3366; x_wconf 91' lang='lat' dir='ltr'><strong>in</strong></span> <span class='ocrx_word' id='word_1_439' title='bbox 637 3313 861 3366; x_wconf 87' lang='lat' dir='ltr'><strong>exteras</strong></span> <span class='ocrx_word' id='word_1_440' title='bbox 890 3309 1119 3365; x_wconf 89' lang='lat' dir='ltr'><strong>mittere</strong></span> <span class='ocrx_word' id='word_1_441' title='bbox 1150 3310 1413 3367; x_wconf 90' lang='lat' dir='ltr'><strong>civitates</strong></span> <span class='ocrx_word' id='word_1_442' title='bbox 1432 3312 1460 3367; x_wconf 80' lang='lat' dir='ltr'><strong>‘l</strong></span> 
     </span>
    </p>
   </div>
   <div class='ocr_carea' id='block_1_64' title="bbox 370 3399 1947 3471">
    <p class='ocr_par' dir='ltr' id='par_1_64' title="bbox 370 3399 1947 3471">
     <span class='ocr_line' id='line_1_64' title="bbox 370 3399 1947 3471; baseline 0.003 -16"><span class='ocrx_word' id='word_1_443' title='bbox 370 3405 551 3456; x_wconf 90' lang='lat' dir='ltr'><strong>Porro</strong></span> <span class='ocrx_word' id='word_1_444' title='bbox 578 3399 629 3455; x_wconf 91' lang='lat' dir='ltr'><strong>si</strong></span> <span class='ocrx_word' id='word_1_445' title='bbox 680 3399 801 3455; x_wconf 71' lang='lat' dir='ltr'><strong>haac</strong></span> <span class='ocrx_word' id='word_1_446' title='bbox 846 3399 1153 3471; x_wconf 88' lang='lat' dir='ltr'><strong>sententia,</strong></span> <span class='ocrx_word' id='word_1_447' title='bbox 1202 3399 1296 3455; x_wconf 91' lang='lat' dir='ltr'><strong>cui</strong></span> <span class='ocrx_word' id='word_1_448' title='bbox 1348 3399 1495 3455; x_wconf 91' lang='lat' dir='ltr'><strong>nihil</strong></span> <span class='ocrx_word' id='word_1_449' title='bbox 1541 3402 1856 3459; x_wconf 89' lang='lat' dir='ltr'><strong>adversans</strong></span> <span class='ocrx_word' id='word_1_450' title='bbox 1888 3407 1947 3460; x_wconf 89' lang='lat' dir='ltr'><strong>et</strong></span> 
     </span>
    </p>
   </div>
   <div class='ocr_carea' id='block_1_65' title="bbox 301 3488 1945 3564">
    <p class='ocr_par' dir='ltr' id='par_1_65' title="bbox 301 3488 1945 3564">
     <span class='ocr_line' id='line_1_65' title="bbox 301 3488 1945 3564; baseline 0.001 -18"><span class='ocrx_word' id='word_1_451' title='bbox 301 3506 640 3563; x_wconf 86' lang='lat' dir='ltr'><strong>repugnans</strong></span> <span class='ocrx_word' id='word_1_452' title='bbox 689 3489 941 3558; x_wconf 85' lang='lat' dir='ltr'><strong>videtur,</strong></span> <span class='ocrx_word' id='word_1_453' title='bbox 989 3488 1067 3545; x_wconf 92' lang='lat' dir='ltr'><strong>sit</strong></span> <span class='ocrx_word' id='word_1_454' title='bbox 1110 3504 1264 3556; x_wconf 91' lang='lat' dir='ltr'><strong>vera,</strong></span> <span class='ocrx_word' id='word_1_455' title='bbox 1319 3489 1634 3546; x_wconf 89' lang='lat' dir='ltr'><strong>dicendum</strong></span> <span class='ocrx_word' id='word_1_456' title='bbox 1690 3493 1945 3564; x_wconf 85' lang='lat' dir='ltr'><strong>profecto</strong></span> 
     </span>
    </p>
   </div>
   <div class='ocr_carea' id='block_1_66' title="bbox 304 3578 1945 3653">
    <p class='ocr_par' dir='ltr' id='par_1_66' title="bbox 304 3578 1945 3653">
     <span class='ocr_line' id='line_1_66' title="bbox 304 3578 1945 3653; baseline 0.001 -18"><span class='ocrx_word' id='word_1_457' title='bbox 304 3580 416 3635; x_wconf 91' lang='lat' dir='ltr'><strong>hos</strong></span> <span class='ocrx_word' id='word_1_458' title='bbox 446 3578 629 3634; x_wconf 89' lang='lat' dir='ltr'><strong>libros</strong></span> <span class='ocrx_word' id='word_1_459' title='bbox 654 3578 726 3634; x_wconf 87' lang='lat' dir='ltr'><strong>ab</strong></span> <span class='ocrx_word' id='word_1_460' title='bbox 757 3581 990 3634; x_wconf 81' lang='lat' dir='ltr'><strong>auctore</strong></span> <span class='ocrx_word' id='word_1_461' title='bbox 1018 3582 1217 3634; x_wconf 85' lang='lat' dir='ltr'><strong>nostro</strong></span> <span class='ocrx_word' id='word_1_462' title='bbox 1261 3583 1395 3635; x_wconf 89' lang='lat' dir='ltr'><strong>ante</strong></span> <span class='ocrx_word' id='word_1_463' title='bbox 1426 3580 1604 3635; x_wconf 88' lang='lat' dir='ltr'><strong>ﬁnem</strong></span> <span class='ocrx_word' id='word_1_464' title='bbox 1634 3581 1810 3653; x_wconf 91' lang='lat' dir='ltr'><strong>primi</strong></span> <span class='ocrx_word' id='word_1_465' title='bbox 1842 3583 1945 3637; x_wconf 90' lang='lat' dir='ltr'><strong>Ec-</strong></span> 
     </span>
    </p>
   </div>
   <div class='ocr_carea' id='block_1_67' title="bbox 306 3667 1945 3741">
    <p class='ocr_par' dir='ltr' id='par_1_67' title="bbox 306 3667 1945 3741">
     <span class='ocr_line' id='line_1_67' title="bbox 306 3667 1945 3741; baseline 0.001 -16"><span class='ocrx_word' id='word_1_466' title='bbox 306 3670 497 3725; x_wconf 72' lang='lat' dir='ltr'><strong>clesiaa</strong></span> <span class='ocrx_word' id='word_1_467' title='bbox 528 3667 725 3725; x_wconf 68' lang='lat' dir='ltr'><strong>saeculi</strong></span> <span class='ocrx_word' id='word_1_468' title='bbox 772 3668 981 3724; x_wconf 78' lang='lat' dir='ltr'><strong>editos-</strong></span> <span class='ocrx_word' id='word_1_469' title='bbox 1033 3667 1298 3723; x_wconf 89' lang='lat' dir='ltr'><strong>Clemens</strong></span> <span class='ocrx_word' id='word_1_470' title='bbox 1329 3668 1509 3735; x_wconf 90' lang='lat' dir='ltr'><strong>enim,</strong></span> <span class='ocrx_word' id='word_1_471' title='bbox 1555 3670 1726 3740; x_wconf 86' lang='lat' dir='ltr'><strong>juxta</strong></span> <span class='ocrx_word' id='word_1_472' title='bbox 1755 3676 1945 3741; x_wconf 90' lang='lat' dir='ltr'><strong>poste-</strong></span> 
     </span>
    </p>
   </div>
   <div class='ocr_carea' id='block_1_68' title="bbox 304 3755 1945 3829">
    <p class='ocr_par' dir='ltr' id='par_1_68' title="bbox 304 3755 1945 3829">
     <span class='ocr_line' id='line_1_68' title="bbox 304 3755 1945 3829; baseline 0.001 -16"><span class='ocrx_word' id='word_1_473' title='bbox 304 3758 491 3813; x_wconf 89' lang='lat' dir='ltr'><strong>riores</strong></span> <span class='ocrx_word' id='word_1_474' title='bbox 522 3755 1036 3829; x_wconf 89' lang='lat' dir='ltr'><strong>diligentioresque</strong></span> <span class='ocrx_word' id='word_1_475' title='bbox 1066 3756 1324 3812; x_wconf 67' lang='lat' dir='ltr'><strong>historiae</strong></span> <span class='ocrx_word' id='word_1_476' title='bbox 1371 3758 1702 3829; x_wconf 91' lang='lat' dir='ltr'><strong>scriptores,</strong></span> <span class='ocrx_word' id='word_1_477' title='bbox 1734 3759 1945 3815; x_wconf 84' lang='lat' dir='ltr'><strong>Roma-</strong></span> 
     </span>
    </p>
   </div>
   <div class='ocr_carea' id='block_1_69' title="bbox 305 3845 1950 3918">
    <p class='ocr_par' dir='ltr' id='par_1_69' title="bbox 305 3845 1950 3918">
     <span class='ocr_line' id='line_1_69' title="bbox 305 3845 1950 3918; baseline 0.002 -17"><span class='ocrx_word' id='word_1_478' title='bbox 305 3863 445 3901; x_wconf 89' lang='lat' dir='ltr'><strong>nam</strong></span> <span class='ocrx_word' id='word_1_479' title='bbox 477 3847 675 3902; x_wconf 89' lang='lat' dir='ltr'><strong>sedem</strong></span> <span class='ocrx_word' id='word_1_480' title='bbox 705 3846 960 3915; x_wconf 88' lang='lat' dir='ltr'><strong>tenebat,</strong></span> <span class='ocrx_word' id='word_1_481' title='bbox 984 3845 1139 3901; x_wconf 88' lang='lat' dir='ltr'><strong>intra</strong></span> <span class='ocrx_word' id='word_1_482' title='bbox 1169 3862 1352 3901; x_wconf 90' lang='lat' dir='ltr'><strong>annos</strong></span> <span class='ocrx_word' id='word_1_483' title='bbox 1373 3846 1443 3899; x_wconf 87' lang='grc'><strong>67</strong></span> <span class='ocrx_word' id='word_1_484' title='bbox 1473 3850 1529 3901; x_wconf 89' lang='lat' dir='ltr'><strong>et</strong></span> <span class='ocrx_word' id='word_1_485' title='bbox 1545 3848 1636 3918; x_wconf 88' lang='lat'><strong>76,</strong></span> <span class='ocrx_word' id='word_1_486' title='bbox 1666 3847 1753 3903; x_wconf 89' lang='lat' dir='ltr'><strong>vel</strong></span> <span class='ocrx_word' id='word_1_487' title='bbox 1776 3848 1950 3918; x_wconf 85' lang='lat' dir='ltr'><strong>juxta</strong></span> 
     </span>
    </p>
   </div>
   <div class='ocr_carea' id='block_1_70' title="bbox 304 3934 1948 4006">
    <p class='ocr_par' dir='ltr' id='par_1_70' title="bbox 304 3934 1948 4006">
     <span class='ocr_line' id='line_1_70' title="bbox 304 3934 1948 4006; baseline 0.002 -14"><span class='ocrx_word' id='word_1_488' title='bbox 304 3936 474 4003; x_wconf 87' lang='lat' dir='ltr'><strong>alios,</strong></span> <span class='ocrx_word' id='word_1_489' title='bbox 507 3936 579 3991; x_wconf 90' lang='lat' dir='ltr'><strong>ab</strong></span> <span class='ocrx_word' id='word_1_490' title='bbox 612 3952 763 3991; x_wconf 88' lang='lat' dir='ltr'><strong>anno</strong></span> <span class='ocrx_word' id='word_1_491' title='bbox 791 3934 863 3989; x_wconf 86' lang='lat'>93</span> <span class='ocrx_word' id='word_1_492' title='bbox 892 3935 963 3989; x_wconf 92' lang='lat' dir='ltr'><strong>ad</strong></span> <span class='ocrx_word' id='word_1_493' title='bbox 995 3951 1213 3990; x_wconf 87' lang='lat' dir='ltr'><strong>annum</strong></span> <span class='ocrx_word' id='word_1_494' title='bbox 1242 3936 1363 4002; x_wconf 85' lang='grc'><strong>100,</strong></span> <span class='ocrx_word' id='word_1_495' title='bbox 1396 3951 1512 4006; x_wconf 93' lang='lat' dir='ltr'><strong>quo</strong></span> <span class='ocrx_word' id='word_1_496' title='bbox 1540 3935 1601 3991; x_wconf 91' lang='lat' dir='ltr'><strong>in</strong></span> <span class='ocrx_word' id='word_1_497' title='bbox 1632 3936 1948 3995; x_wconf 86' lang='lat' dir='ltr'><strong>Chersone-</strong></span> 
     </span>
    </p>
   </div>
   <div class='ocr_carea' id='block_1_71' title="bbox 303 4023 1021 4082">
    <p class='ocr_par' dir='ltr' id='par_1_71' title="bbox 303 4023 1021 4082">
     <span class='ocr_line' id='line_1_71' title="bbox 303 4023 1021 4082; baseline -0.006 0"><span class='ocrx_word' id='word_1_498' title='bbox 303 4042 441 4082; x_wconf 86' lang='lat' dir='ltr'><strong>sum</strong></span> <span class='ocrx_word' id='word_1_499' title='bbox 472 4023 635 4080; x_wconf 85' lang='lat' dir='ltr'><strong>exsul</strong></span> <span class='ocrx_word' id='word_1_500' title='bbox 666 4024 887 4079; x_wconf 91' lang='lat' dir='ltr'><strong>missus</strong></span> <span class='ocrx_word' id='word_1_501' title='bbox 916 4028 1021 4079; x_wconf 88' lang='lat' dir='ltr'><strong>est.</strong></span> 
     </span>
    </p>
   </div>
   <div class='ocr_carea' id='block_1_72' title="bbox 375 4112 1945 4185">
    <p class='ocr_par' dir='ltr' id='par_1_72' title="bbox 375 4112 1945 4185">
     <span class='ocr_line' id='line_1_72' title="bbox 375 4112 1945 4185; baseline 0.003 -16"><span class='ocrx_word' id='word_1_502' title='bbox 375 4113 533 4169; x_wconf 88' lang='lat' dir='ltr'><strong>Nulli</strong></span> <span class='ocrx_word' id='word_1_503' title='bbox 555 4113 729 4169; x_wconf 90' lang='lat' dir='ltr'><strong>etiam</strong></span> <span class='ocrx_word' id='word_1_504' title='bbox 761 4112 1100 4169; x_wconf 90' lang='lat' dir='ltr'><strong>dubitamus</strong></span> <span class='ocrx_word' id='word_1_505' title='bbox 1126 4112 1467 4185; x_wconf 90' lang='lat' dir='ltr'><strong>scriptorem</strong></span> <span class='ocrx_word' id='word_1_506' title='bbox 1491 4117 1757 4170; x_wconf 91' lang='lat' dir='ltr'><strong>nostrum</strong></span> <span class='ocrx_word' id='word_1_507' title='bbox 1788 4116 1945 4173; x_wconf 91' lang='lat' dir='ltr'><strong>hunc</strong></span> 
     </span>
    </p>
   </div>
   <div class='ocr_carea' id='block_1_73' title="bbox 304 4203 1947 4277">
    <p class='ocr_par' dir='ltr' id='par_1_73' title="bbox 304 4203 1947 4277">
     <span class='ocr_line' id='line_1_73' title="bbox 304 4203 1947 4277; baseline 0.001 -17"><span class='ocrx_word' id='word_1_508' title='bbox 304 4220 435 4260; x_wconf 90' lang='lat' dir='ltr'><strong>esse</strong></span> <span class='ocrx_word' id='word_1_509' title='bbox 465 4203 739 4258; x_wconf 87' lang='lat' dir='ltr'><strong>Hermam</strong></span> <span class='ocrx_word' id='word_1_510' title='bbox 770 4203 939 4272; x_wconf 88' lang='lat' dir='ltr'><strong>cujus</strong></span> <span class='ocrx_word' id='word_1_511' title='bbox 968 4218 1180 4258; x_wconf 89' lang='lat' dir='ltr'><strong>nomen</strong></span> <span class='ocrx_word' id='word_1_512' title='bbox 1212 4203 1270 4257; x_wconf 91' lang='lat' dir='ltr'><strong>in</strong></span> <span class='ocrx_word' id='word_1_513' title='bbox 1301 4206 1639 4259; x_wconf 89' lang='lat' dir='ltr'><strong>sanctorum</strong></span> <span class='ocrx_word' id='word_1_514' title='bbox 1671 4205 1947 4277; x_wconf 83' lang='lat' dir='ltr'><strong>Martyro-</strong></span> 
     </span>
    </p>
   </div>
   <div class='ocr_carea' id='block_1_74' title="bbox 305 4291 1942 4366">
    <p class='ocr_par' dir='ltr' id='par_1_74' title="bbox 305 4291 1942 4366">
     <span class='ocr_line' id='line_1_74' title="bbox 305 4291 1942 4366; baseline 0.001 -15"><span class='ocrx_word' id='word_1_515' title='bbox 305 4292 464 4365; x_wconf 88' lang='lat' dir='ltr'><strong>logia</strong></span> <span class='ocrx_word' id='word_1_516' title='bbox 508 4292 780 4363; x_wconf 83' lang='lat' dir='ltr'><strong>relatum,</strong></span> <span class='ocrx_word' id='word_1_517' title='bbox 829 4291 890 4346; x_wconf 92' lang='lat' dir='ltr'><strong>in</strong></span> <span class='ocrx_word' id='word_1_518' title='bbox 938 4295 1198 4347; x_wconf 86' lang='lat' dir='ltr'><strong>Romano</strong></span> <span class='ocrx_word' id='word_1_519' title='bbox 1249 4292 1335 4348; x_wconf 88' lang='lat' dir='ltr'><strong>sic</strong></span> <span class='ocrx_word' id='word_1_520' title='bbox 1383 4296 1649 4348; x_wconf 90' lang='lat' dir='ltr'><strong>notatum</strong></span> <span class='ocrx_word' id='word_1_521' title='bbox 1696 4294 1942 4366; x_wconf 84' lang='lat' dir='ltr'><strong>legitur:</strong></span> 
     </span>
    </p>
   </div>
   <div class='ocr_carea' id='block_1_75' title="bbox 304 4380 1949 4453">
    <p class='ocr_par' dir='ltr' id='par_1_75' title="bbox 304 4380 1949 4453">
     <span class='ocr_line' id='line_1_75' title="bbox 304 4380 1949 4453; baseline 0.002 -15"><span class='ocrx_word' id='word_1_522' title='bbox 304 4387 514 4449; x_wconf 68' lang='lat' dir='ltr'><strong>Romae,</strong></span> <span class='ocrx_word' id='word_1_523' title='bbox 564 4382 746 4436; x_wconf 82' lang='lat' dir='ltr'><strong>sancti</strong></span> <span class='ocrx_word' id='word_1_524' title='bbox 801 4380 1034 4450; x_wconf 69' lang='lat' dir='ltr'><strong>Hermae,</strong></span> <span class='ocrx_word' id='word_1_525' title='bbox 1093 4381 1247 4452; x_wconf 87' lang='lat' dir='ltr'><strong>cujus</strong></span> <span class='ocrx_word' id='word_1_526' title='bbox 1301 4382 1574 4453; x_wconf 86' lang='lat' dir='ltr'><strong>apostolus</strong></span> <span class='ocrx_word' id='word_1_527' title='bbox 1626 4385 1838 4440; x_wconf 88' lang='lat' dir='ltr'><strong>Paulus</strong></span> <span class='ocrx_word' id='word_1_528' title='bbox 1887 4387 1949 4441; x_wconf 91' lang='lat' dir='ltr'><strong>in</strong></span> 
     </span>
    </p>
   </div>
   <div class='ocr_carea' id='block_1_76' title="bbox 304 4469 1952 4545">
    <p class='ocr_par' dir='ltr' id='par_1_76' title="bbox 304 4469 1952 4545">
     <span class='ocr_line' id='line_1_76' title="bbox 304 4469 1952 4545; baseline 0.002 -19"><span class='ocrx_word' id='word_1_529' title='bbox 304 4469 559 4544; x_wconf 88' lang='lat' dir='ltr'><strong>Epistola</strong></span> <span class='ocrx_word' id='word_1_530' title='bbox 586 4470 655 4525; x_wconf 89' lang='lat' dir='ltr'><strong>ad</strong></span> <span class='ocrx_word' id='word_1_531' title='bbox 686 4471 949 4525; x_wconf 74' lang='lat' dir='ltr'><strong>Romanos</strong></span> <span class='ocrx_word' id='word_1_532' title='bbox 973 4470 1245 4525; x_wconf 83' lang='lat' dir='ltr'><strong>meminit.</strong></span> <span class='ocrx_word' id='word_1_533' title='bbox 1278 4470 1375 4525; x_wconf 87' lang='lat' dir='ltr'><strong>Hic</strong></span> <span class='ocrx_word' id='word_1_534' title='bbox 1406 4471 1579 4543; x_wconf 86' lang='lat' dir='ltr'><strong>digne</strong></span> <span class='ocrx_word' id='word_1_535' title='bbox 1604 4475 1952 4545; x_wconf 87' lang='lat' dir='ltr'><strong>semetipsum</strong></span> 
     </span>
    </p>
   </div>
   <div class='ocr_carea' id='block_1_77' title="bbox 303 4558 1950 4631">
    <p class='ocr_par' dir='ltr' id='par_1_77' title="bbox 303 4558 1950 4631">
     <span class='ocr_line' id='line_1_77' title="bbox 303 4558 1950 4631; baseline 0.002 -15"><span class='ocrx_word' id='word_1_536' title='bbox 303 4560 648 4630; x_wconf 79' lang='lat' dir='ltr'><strong>sacriﬁcans,</strong></span> <span class='ocrx_word' id='word_1_537' title='bbox 697 4558 1153 4630; x_wconf 88' lang='lat' dir='ltr'><strong>acceptabilisque</strong></span> <span class='ocrx_word' id='word_1_538' title='bbox 1209 4560 1316 4615; x_wconf 86' lang='lat' dir='ltr'><strong>Deo</strong></span> <span class='ocrx_word' id='word_1_539' title='bbox 1371 4559 1550 4617; x_wconf 87' lang='lat' dir='ltr'><strong>hostia</strong></span> <span class='ocrx_word' id='word_1_540' title='bbox 1602 4563 1798 4631; x_wconf 81' lang='lat' dir='ltr'><strong>factus,</strong></span> <span class='ocrx_word' id='word_1_541' title='bbox 1830 4566 1950 4619; x_wconf 85' lang='lat' dir='ltr'><strong>vir-</strong></span> 
     </span>
    </p>
   </div>
   <div class='ocr_carea' id='block_1_78' title="bbox 304 4649 1418 4720">
    <p class='ocr_par' dir='ltr' id='par_1_78' title="bbox 304 4649 1418 4720">
     <span class='ocr_line' id='line_1_78' title="bbox 304 4649 1418 4720; baseline -0.002 -14"><span class='ocrx_word' id='word_1_542' title='bbox 304 4651 513 4706; x_wconf 89' lang='lat' dir='ltr'><strong>tutibus</strong></span> <span class='ocrx_word' id='word_1_543' title='bbox 540 4650 726 4706; x_wconf 84' lang='lat' dir='ltr'><strong>clarus</strong></span> <span class='ocrx_word' id='word_1_544' title='bbox 754 4649 991 4707; x_wconf 68' lang='lat' dir='ltr'><strong>ca’lestia</strong></span> <span class='ocrx_word' id='word_1_545' title='bbox 1017 4664 1189 4717; x_wconf 87' lang='lat' dir='ltr'><strong>regna</strong></span> <span class='ocrx_word' id='word_1_546' title='bbox 1207 4651 1418 4720; x_wconf 86' lang='lat' dir='ltr'><strong>petivit.</strong></span> 
     </span>
    </p>
   </div>
   <div class='ocr_carea' id='block_1_79' title="bbox 1969 3292 3696 3385">
    <p class='ocr_par' dir='ltr' id='par_1_79' title="bbox 1969 3292 3696 3385">
     <span class='ocr_line' id='line_1_79' title="bbox 1969 3292 3696 3385; baseline -0.001 -16"><span class='ocrx_word' id='word_1_547' title='bbox 1969 3292 2012 3360; x_wconf 68' lang='grc' dir='ltr'>α</span> <span class='ocrx_word' id='word_1_548' title='bbox 2053 3330 2303 3385; x_wconf 90' lang='lat' dir='ltr'><strong>quoque,</strong></span> <span class='ocrx_word' id='word_1_549' title='bbox 2335 3330 2482 3385; x_wconf 90' lang='lat' dir='ltr'><strong>quos</strong></span> <span class='ocrx_word' id='word_1_550' title='bbox 2507 3313 2937 3370; x_wconf 91' lang='lat' dir='ltr'><strong>vetustissimos</strong></span> <span class='ocrx_word' id='word_1_551' title='bbox 2967 3311 3239 3385; x_wconf 90' lang='lat' dir='ltr'><strong>appellat,</strong></span> <span class='ocrx_word' id='word_1_552' title='bbox 3264 3312 3489 3368; x_wconf 89' lang='lat' dir='ltr'><strong>laudari</strong></span> <span class='ocrx_word' id='word_1_553' title='bbox 3522 3317 3696 3369; x_wconf 88' lang='lat' dir='ltr'><strong>testa-</strong></span> 
     </span>
    </p>
   </div>
   <div class='ocr_carea' id='block_1_80' title="bbox 2054 3402 3697 3475">
    <p class='ocr_par' dir='ltr' id='par_1_80' title="bbox 2054 3402 3697 3475">
     <span class='ocr_line' id='line_1_80' title="bbox 2054 3402 3697 3475; baseline -0.001 -17"><span class='ocrx_word' id='word_1_554' title='bbox 2054 3407 2151 3459; x_wconf 90' lang='lat' dir='ltr'><strong>tus</strong></span> <span class='ocrx_word' id='word_1_555' title='bbox 2181 3406 2306 3458; x_wconf 89' lang='lat' dir='ltr'><strong>est:</strong></span> <span class='ocrx_word' id='word_1_556' title='bbox 2340 3403 2729 3474; x_wconf 81' lang='lat' dir='ltr'><strong>Comperimus,</strong></span> <span class='ocrx_word' id='word_1_557' title='bbox 2785 3403 3001 3475; x_wconf 86' lang='lat' dir='ltr'><strong>inquit,</strong></span> <span class='ocrx_word' id='word_1_558' title='bbox 3048 3402 3307 3474; x_wconf 88' lang='lat' dir='ltr'><strong>quosdam</strong></span> <span class='ocrx_word' id='word_1_559' title='bbox 3346 3419 3416 3458; x_wconf 76' lang='lat' dir='ltr'><strong>ea:</strong></span> <span class='ocrx_word' id='word_1_560' title='bbox 3446 3410 3697 3459; x_wconf 73' lang='lat' dir='ltr'><strong>vetustis-</strong></span> 
     </span>
    </p>
   </div>
   <div class='ocr_carea' id='block_1_81' title="bbox 2053 3488 3695 3563">
    <p class='ocr_par' dir='ltr' id='par_1_81' title="bbox 2053 3488 3695 3563">
     <span class='ocr_line' id='line_1_81' title="bbox 2053 3488 3695 3563; baseline -0.001 -15"><span class='ocrx_word' id='word_1_561' title='bbox 2053 3493 2210 3548; x_wconf 88' lang='lat' dir='ltr'><strong>simis</strong></span> <span class='ocrx_word' id='word_1_562' title='bbox 2264 3488 2685 3563; x_wconf 85' lang='grc' dir='ltr'><strong>(παλαιοτάτων)</strong></span> <span class='ocrx_word' id='word_1_563' title='bbox 2740 3492 3093 3563; x_wconf 87' lang='lat' dir='ltr'><strong>scriptoribus</strong></span> <span class='ocrx_word' id='word_1_564' title='bbox 3148 3492 3324 3562; x_wconf 90' lang='lat' dir='ltr'><strong>ipsius</strong></span> <span class='ocrx_word' id='word_1_565' title='bbox 3380 3493 3695 3547; x_wconf 86' lang='lat' dir='ltr'><strong>testimonio</strong></span> 
     </span>
    </p>
   </div>
   <div class='ocr_carea' id='block_1_82' title="bbox 2054 3577 3699 3652">
    <p class='ocr_par' dir='ltr' id='par_1_82' title="bbox 2054 3577 3699 3652">
     <span class='ocr_line' id='line_1_82' title="bbox 2054 3577 3699 3652; baseline -0.001 -16"><span class='ocrx_word' id='word_1_566' title='bbox 2054 3595 2180 3637; x_wconf 85' lang='lat' dir='ltr'><strong>usos</strong></span> <span class='ocrx_word' id='word_1_567' title='bbox 2208 3582 2399 3651; x_wconf 81' lang='lat' dir='ltr'><strong>fuisse.</strong></span> <span class='ocrx_word' id='word_1_568' title='bbox 2428 3580 2651 3644; x_wconf 87' lang='lat' dir='ltr'><strong>Quibus</strong></span> <span class='ocrx_word' id='word_1_569' title='bbox 2683 3596 2823 3635; x_wconf 91' lang='lat' dir='ltr'><strong>sane</strong></span> <span class='ocrx_word' id='word_1_570' title='bbox 2879 3578 3071 3635; x_wconf 89' lang='lat' dir='ltr'><strong>verbis</strong></span> <span class='ocrx_word' id='word_1_571' title='bbox 3100 3577 3197 3635; x_wconf 90' lang='lat' dir='ltr'><strong>ille</strong></span> <span class='ocrx_word' id='word_1_572' title='bbox 3252 3580 3541 3652; x_wconf 91' lang='lat' dir='ltr'><strong>quosdam</strong></span> <span class='ocrx_word' id='word_1_573' title='bbox 3572 3579 3699 3638; x_wconf 89' lang='lat' dir='ltr'><strong>Cle-</strong></span> 
     </span>
    </p>
   </div>
   <div class='ocr_carea' id='block_1_83' title="bbox 2056 3668 3705 3740">
    <p class='ocr_par' dir='ltr' id='par_1_83' title="bbox 2056 3668 3705 3740">
     <span class='ocr_line' id='line_1_83' title="bbox 2056 3668 3705 3740; baseline -0.001 -14"><span class='ocrx_word' id='word_1_574' title='bbox 2056 3673 2251 3726; x_wconf 89' lang='lat' dir='ltr'><strong>mente</strong></span> <span class='ocrx_word' id='word_1_575' title='bbox 2273 3672 2328 3724; x_wconf 90' lang='lat' dir='ltr'><strong>et</strong></span> <span class='ocrx_word' id='word_1_576' title='bbox 2350 3670 2564 3724; x_wconf 66' lang='lat' dir='ltr'><strong>Irenaeo</strong></span> <span class='ocrx_word' id='word_1_577' title='bbox 2586 3668 2946 3740; x_wconf 89' lang='lat' dir='ltr'><strong>antiquiores</strong></span> <span class='ocrx_word' id='word_1_578' title='bbox 2962 3668 3253 3724; x_wconf 85' lang='lat' dir='ltr'><strong>indicasse</strong></span> <span class='ocrx_word' id='word_1_579' title='bbox 3272 3668 3569 3725; x_wconf 90' lang='lat' dir='ltr'><strong>nonnullis</strong></span> <span class='ocrx_word' id='word_1_580' title='bbox 3593 3669 3705 3725; x_wconf 88' lang='lat' dir='ltr'><strong>for-</strong></span> 
     </span>
    </p>
   </div>
   <div class='ocr_carea' id='block_1_84' title="bbox 2057 3755 3702 3828">
    <p class='ocr_par' dir='ltr' id='par_1_84' title="bbox 2057 3755 3702 3828">
     <span class='ocr_line' id='line_1_84' title="bbox 2057 3755 3702 3828; baseline -0.001 -15"><span class='ocrx_word' id='word_1_581' title='bbox 2057 3758 2211 3814; x_wconf 90' lang='lat' dir='ltr'><strong>sitan</strong></span> <span class='ocrx_word' id='word_1_582' title='bbox 2232 3757 2539 3812; x_wconf 90' lang='lat' dir='ltr'><strong>videbitur.</strong></span> <span class='ocrx_word' id='word_1_583' title='bbox 2564 3757 2675 3811; x_wconf 90' lang='lat' dir='ltr'><strong>Sed</strong></span> <span class='ocrx_word' id='word_1_584' title='bbox 2698 3755 2961 3828; x_wconf 87' lang='lat' dir='ltr'><strong>quolibet</strong></span> <span class='ocrx_word' id='word_1_585' title='bbox 2980 3755 3343 3828; x_wconf 90' lang='lat' dir='ltr'><strong>accipiantur</strong></span> <span class='ocrx_word' id='word_1_586' title='bbox 3364 3773 3560 3824; x_wconf 89' lang='lat' dir='ltr'><strong>sensu,</strong></span> <span class='ocrx_word' id='word_1_587' title='bbox 3586 3773 3702 3812; x_wconf 93' lang='lat' dir='ltr'><strong>non</strong></span> 
     </span>
    </p>
   </div>
   <div class='ocr_carea' id='block_1_85' title="bbox 2056 3845 3703 3918">
    <p class='ocr_par' dir='ltr' id='par_1_85' title="bbox 2056 3845 3703 3918">
     <span class='ocr_line' id='line_1_85' title="bbox 2056 3845 3703 3918; baseline -0.001 -16"><span class='ocrx_word' id='word_1_588' title='bbox 2056 3848 2303 3903; x_wconf 89' lang='lat' dir='ltr'><strong>obscure</strong></span> <span class='ocrx_word' id='word_1_589' title='bbox 2332 3846 2403 3901; x_wconf 91' lang='lat' dir='ltr'><strong>iis</strong></span> <span class='ocrx_word' id='word_1_590' title='bbox 2434 3846 2802 3918; x_wconf 88' lang='lat' dir='ltr'><strong>signiﬁcatur</strong></span> <span class='ocrx_word' id='word_1_591' title='bbox 2844 3845 3161 3901; x_wconf 90' lang='lat' dir='ltr'><strong>Eusebium</strong></span> <span class='ocrx_word' id='word_1_592' title='bbox 3207 3846 3321 3900; x_wconf 89' lang='lat' dir='ltr'><strong>sibi</strong></span> <span class='ocrx_word' id='word_1_593' title='bbox 3356 3862 3703 3916; x_wconf 89' lang='lat' dir='ltr'><strong>persuasum</strong></span> 
     </span>
    </p>
   </div>
   <div class='ocr_carea' id='block_1_86' title="bbox 2056 3934 3704 4007">
    <p class='ocr_par' dir='ltr' id='par_1_86' title="bbox 2056 3934 3704 4007">
     <span class='ocr_line' id='line_1_86' title="bbox 2056 3934 3704 4007; baseline -0.002 -16"><span class='ocrx_word' id='word_1_594' title='bbox 2056 3936 2335 3992; x_wconf 88' lang='lat' dir='ltr'><strong>habuisse</strong></span> <span class='ocrx_word' id='word_1_595' title='bbox 2367 3935 2474 3990; x_wconf 92' lang='lat' dir='ltr'><strong>hos</strong></span> <span class='ocrx_word' id='word_1_596' title='bbox 2506 3934 2687 3991; x_wconf 89' lang='lat' dir='ltr'><strong>libros</strong></span> <span class='ocrx_word' id='word_1_597' title='bbox 2736 3935 2938 4007; x_wconf 68' lang='lat' dir='ltr'><strong>primae</strong></span> <span class='ocrx_word' id='word_1_598' title='bbox 2971 3939 3105 4006; x_wconf 90' lang='lat' dir='ltr'><strong>post</strong></span> <span class='ocrx_word' id='word_1_599' title='bbox 3148 3951 3346 3989; x_wconf 90' lang='lat' dir='ltr'><strong>sacras</strong></span> <span class='ocrx_word' id='word_1_600' title='bbox 3375 3934 3704 4005; x_wconf 87' lang='lat' dir='ltr'><strong>Scripturas</strong></span> 
     </span>
    </p>
   </div>
   <div class='ocr_carea' id='block_1_87' title="bbox 2060 4021 3703 4094">
    <p class='ocr_par' dir='ltr' id='par_1_87' title="bbox 2060 4021 3703 4094">
     <span class='ocr_line' id='line_1_87' title="bbox 2060 4021 3703 4094; baseline -0.003 -13"><span class='ocrx_word' id='word_1_601' title='bbox 2060 4026 2244 4081; x_wconf 89' lang='lat' dir='ltr'><strong>fuisse</strong></span> <span class='ocrx_word' id='word_1_602' title='bbox 2274 4024 2333 4080; x_wconf 90' lang='lat' dir='ltr'><strong>in</strong></span> <span class='ocrx_word' id='word_1_603' title='bbox 2365 4023 2619 4079; x_wconf 90' lang='lat' dir='ltr'><strong>Ecclesia</strong></span> <span class='ocrx_word' id='word_1_604' title='bbox 2640 4022 3023 4094; x_wconf 85' lang='lat' dir='ltr'><strong>antiquitatis.</strong></span> <span class='ocrx_word' id='word_1_605' title='bbox 3054 4022 3251 4093; x_wconf 90' lang='lat' dir='ltr'><strong>Neque</strong></span> <span class='ocrx_word' id='word_1_606' title='bbox 3279 4027 3475 4077; x_wconf 87' lang='lat' dir='ltr'><strong>tamen</strong></span> <span class='ocrx_word' id='word_1_607' title='bbox 3507 4021 3703 4077; x_wconf 82' lang='lat' dir='ltr'><strong>dicen-</strong></span> 
     </span>
    </p>
   </div>
   <div class='ocr_carea' id='block_1_88' title="bbox 2066 4112 3707 4184">
    <p class='ocr_par' dir='ltr' id='par_1_88' title="bbox 2066 4112 3707 4184">
     <span class='ocr_line' id='line_1_88' title="bbox 2066 4112 3707 4184; baseline -0.003 -13"><span class='ocrx_word' id='word_1_608' title='bbox 2066 4116 2208 4171; x_wconf 90' lang='lat' dir='ltr'><strong>dum</strong></span> <span class='ocrx_word' id='word_1_609' title='bbox 2236 4113 2371 4169; x_wconf 92' lang='lat' dir='ltr'><strong>illos</strong></span> <span class='ocrx_word' id='word_1_610' title='bbox 2400 4112 2648 4184; x_wconf 89' lang='lat' dir='ltr'><strong>primam</strong></span> <span class='ocrx_word' id='word_1_611' title='bbox 2680 4112 2942 4168; x_wconf 84' lang='lat' dir='ltr'><strong>Ecclesiae</strong></span> <span class='ocrx_word' id='word_1_612' title='bbox 2972 4112 3435 4184; x_wconf 81' lang='lat' dir='ltr'><strong>persecutionem</strong></span> <span class='ocrx_word' id='word_1_613' title='bbox 3460 4127 3707 4184; x_wconf 71' lang='lat' dir='ltr'><strong>praeces-</strong></span> 
     </span>
    </p>
   </div>
   <div class='ocr_carea' id='block_1_89' title="bbox 2066 4200 3699 4275">
    <p class='ocr_par' dir='ltr' id='par_1_89' title="bbox 2066 4200 3699 4275">
     <span class='ocr_line' id='line_1_89' title="bbox 2066 4200 3699 4275; baseline -0.004 -14"><span class='ocrx_word' id='word_1_614' title='bbox 2066 4206 2233 4272; x_wconf 89' lang='lat' dir='ltr'><strong>sisse,</strong></span> <span class='ocrx_word' id='word_1_615' title='bbox 2266 4201 2735 4275; x_wconf 89' lang='lat' dir='ltr'><strong>quandoquidem</strong></span> <span class='ocrx_word' id='word_1_616' title='bbox 2790 4202 2848 4257; x_wconf 89' lang='lat' dir='ltr'><strong>in</strong></span> <span class='ocrx_word' id='word_1_617' title='bbox 2880 4202 3090 4257; x_wconf 90' lang='lat' dir='ltr'><strong>iisdem</strong></span> <span class='ocrx_word' id='word_1_618' title='bbox 3142 4200 3309 4257; x_wconf 91' lang='lat' dir='ltr'><strong>libris</strong></span> <span class='ocrx_word' id='word_1_619' title='bbox 3338 4202 3359 4235; x_wconf 81' lang='lat'><strong><em>°</em></strong></span> <span class='ocrx_word' id='word_1_620' title='bbox 3385 4202 3453 4256; x_wconf 81' lang='lat' dir='ltr'><strong>ﬁt</strong></span> <span class='ocrx_word' id='word_1_621' title='bbox 3481 4200 3699 4256; x_wconf 87' lang='lat' dir='ltr'><strong>mentio</strong></span> 
     </span>
    </p>
   </div>
   <div class='ocr_carea' id='block_1_90' title="bbox 2065 4290 3703 4364">
    <p class='ocr_par' dir='ltr' id='par_1_90' title="bbox 2065 4290 3703 4364">
     <span class='ocr_line' id='line_1_90' title="bbox 2065 4290 3703 4364; baseline -0.002 -16"><span class='ocrx_word' id='word_1_622' title='bbox 2065 4298 2387 4364; x_wconf 84' lang='lat' dir='ltr'><strong>martyrum</strong></span> <span class='ocrx_word' id='word_1_623' title='bbox 2430 4291 2531 4363; x_wconf 92' lang='lat' dir='ltr'><strong>qui</strong></span> <span class='ocrx_word' id='word_1_624' title='bbox 2555 4291 2681 4362; x_wconf 90' lang='lat' dir='ltr'><strong>jam</strong></span> <span class='ocrx_word' id='word_1_625' title='bbox 2730 4290 2989 4362; x_wconf 90' lang='lat' dir='ltr'><strong>perpessi</strong></span> <span class='ocrx_word' id='word_1_626' title='bbox 3048 4290 3281 4345; x_wconf 86' lang='lat' dir='ltr'><strong>fuerant</strong></span> <span class='ocrx_word' id='word_1_627' title='bbox 3307 4293 3457 4361; x_wconf 87' lang='lat' dir='ltr'><strong>feras</strong></span> <span class='ocrx_word' id='word_1_628' title='bbox 3486 4290 3703 4357; x_wconf 89' lang='lat' dir='ltr'><strong>bestias,</strong></span> 
     </span>
    </p>
   </div>
   <div class='ocr_carea' id='block_1_91' title="bbox 2056 4380 3707 4453">
    <p class='ocr_par' dir='ltr' id='par_1_91' title="bbox 2056 4380 3707 4453">
     <span class='ocr_line' id='line_1_91' title="bbox 2056 4380 3707 4453; baseline -0.004 -15"><span class='ocrx_word' id='word_1_629' title='bbox 2056 4383 2310 4453; x_wconf 88' lang='lat' dir='ltr'><strong>ﬂagella,</strong></span> <span class='ocrx_word' id='word_1_630' title='bbox 2341 4396 2613 4446; x_wconf 87' lang='lat' dir='ltr'><strong>carceres,</strong></span> <span class='ocrx_word' id='word_1_631' title='bbox 2635 4396 2834 4435; x_wconf 87' lang='lat' dir='ltr'><strong>cruces.</strong></span> <span class='ocrx_word' id='word_1_632' title='bbox 2868 4381 2940 4434; x_wconf 89' lang='lat' dir='ltr'><strong>At</strong></span> <span class='ocrx_word' id='word_1_633' title='bbox 2966 4396 3100 4435; x_wconf 86' lang='lat' dir='ltr'><strong>vero</strong></span> <span class='ocrx_word' id='word_1_634' title='bbox 3122 4396 3256 4434; x_wconf 91' lang='lat' dir='ltr'><strong>cum</strong></span> <span class='ocrx_word' id='word_1_635' title='bbox 3288 4380 3349 4434; x_wconf 91' lang='lat' dir='ltr'><strong>in</strong></span> <span class='ocrx_word' id='word_1_636' title='bbox 3370 4380 3443 4434; x_wconf 91' lang='lat' dir='ltr'><strong>iis</strong></span> <span class='ocrx_word' id='word_1_637' title='bbox 3474 4394 3707 4451; x_wconf 89' lang='lat' dir='ltr'><strong>quoque</strong></span> 
     </span>
    </p>
   </div>
   <div class='ocr_carea' id='block_1_92' title="bbox 2060 4468 3708 4542">
    <p class='ocr_par' dir='ltr' id='par_1_92' title="bbox 2060 4468 3708 4542">
     <span class='ocr_line' id='line_1_92' title="bbox 2060 4468 3708 4542; baseline -0.004 -15"><span class='ocrx_word' id='word_1_638' title='bbox 2060 4471 2171 4528; x_wconf 83' lang='lat' dir='ltr'><strong>alia</strong></span> <span class='ocrx_word' id='word_1_639' title='bbox 2184 4469 2527 4542; x_wconf 89' lang='lat' dir='ltr'><strong>persecutio,</strong></span> <span class='ocrx_word' id='word_1_640' title='bbox 2560 4485 2734 4541; x_wconf 91' lang='lat' dir='ltr'><strong>quam</strong></span> <span class='ocrx_word' id='word_1_641' title='bbox 2749 4468 3126 4540; x_wconf 90' lang='lat' dir='ltr'><strong>probabiliter</strong></span> <span class='ocrx_word' id='word_1_642' title='bbox 3147 4484 3275 4523; x_wconf 90' lang='lat' dir='ltr'><strong>eam</strong></span> <span class='ocrx_word' id='word_1_643' title='bbox 3289 4484 3418 4524; x_wconf 88' lang='lat' dir='ltr'><strong>esse</strong></span> <span class='ocrx_word' id='word_1_644' title='bbox 3430 4472 3708 4538; x_wconf 86' lang='lat' dir='ltr'><strong>putamus</strong></span> 
     </span>
    </p>
   </div>
   <div class='ocr_carea' id='block_1_93' title="bbox 2061 4556 3708 4632">
    <p class='ocr_par' dir='ltr' id='par_1_93' title="bbox 2061 4556 3708 4632">
     <span class='ocr_line' id='line_1_93' title="bbox 2061 4556 3708 4632; baseline -0.005 -16"><span class='ocrx_word' id='word_1_645' title='bbox 2061 4577 2187 4632; x_wconf 70' lang='lat' dir='ltr'><strong>quae</strong></span> <span class='ocrx_word' id='word_1_646' title='bbox 2218 4577 2252 4615; x_wconf 92' lang='lat' dir='ltr'><strong>a</strong></span> <span class='ocrx_word' id='word_1_647' title='bbox 2281 4558 2611 4615; x_wconf 89' lang='lat' dir='ltr'><strong>Domitiano</strong></span> <span class='ocrx_word' id='word_1_648' title='bbox 2643 4574 2796 4613; x_wconf 90' lang='lat' dir='ltr'><strong>anno</strong></span> <span class='ocrx_word' id='word_1_649' title='bbox 2827 4558 2897 4612; x_wconf 85' lang='lat'>92</span> <span class='ocrx_word' id='word_1_650' title='bbox 2955 4557 3203 4613; x_wconf 86' lang='lat' dir='ltr'><strong>excitata</strong></span> <span class='ocrx_word' id='word_1_651' title='bbox 3233 4561 3341 4622; x_wconf 90' lang='lat' dir='ltr'><strong>est,</strong></span> <span class='ocrx_word' id='word_1_652' title='bbox 3391 4556 3708 4611; x_wconf 90' lang='lat' dir='ltr'><strong>imminens</strong></span> 
     </span>
    </p>
   </div>
   <div class='ocr_carea' id='block_1_94' title="bbox 1986 4644 3709 4725">
    <p class='ocr_par' dir='ltr' id='par_1_94' title="bbox 1986 4644 3709 4725">
     <span class='ocr_line' id='line_1_94' title="bbox 1986 4644 3709 4725; baseline -0.005 -20"><span class='ocrx_word' id='word_1_653' title='bbox 1986 4659 2030 4725; x_wconf 83' lang='lat' dir='ltr'><strong>D</strong></span> <span class='ocrx_word' id='word_1_654' title='bbox 2062 4648 2485 4721; x_wconf 66' lang='lat' dir='ltr'><strong>prasnuntietur</strong></span> <span class='ocrx_word' id='word_1_655' title='bbox 2517 4648 2581 4715; x_wconf 65' lang='lat'><strong>*0,</strong></span> <span class='ocrx_word' id='word_1_656' title='bbox 2609 4647 2745 4702; x_wconf 89' lang='lat' dir='ltr'><strong>inde</strong></span> <span class='ocrx_word' id='word_1_657' title='bbox 2759 4663 2873 4702; x_wconf 93' lang='lat' dir='ltr'><strong>non</strong></span> <span class='ocrx_word' id='word_1_658' title='bbox 2897 4646 3150 4702; x_wconf 90' lang='lat' dir='ltr'><strong>absurde</strong></span> <span class='ocrx_word' id='word_1_659' title='bbox 3166 4646 3405 4717; x_wconf 88' lang='lat' dir='ltr'><strong>colligas</strong></span> <span class='ocrx_word' id='word_1_660' title='bbox 3426 4644 3534 4699; x_wconf 91' lang='lat' dir='ltr'><strong>hoc</strong></span> <span class='ocrx_word' id='word_1_661' title='bbox 3560 4658 3709 4714; x_wconf 93' lang='lat' dir='ltr'><strong>opus</strong></span> 
     </span>
    </p>
   </div>
   <div class='ocr_carea' id='block_1_95' title="bbox 378 4732 3705 4810">
    <p class='ocr_par' dir='ltr' id='par_1_95' title="bbox 378 4732 3705 4810">
     <span class='ocr_line' id='line_1_95' title="bbox 378 4732 3705 4810; baseline -0.002 -19"><span class='ocrx_word' id='word_1_662' title='bbox 378 4739 593 4794; x_wconf 91' lang='lat' dir='ltr'><strong>Verum</strong></span> <span class='ocrx_word' id='word_1_663' title='bbox 624 4742 827 4794; x_wconf 90' lang='lat' dir='ltr'><strong>contra</strong></span> <span class='ocrx_word' id='word_1_664' title='bbox 852 4741 1082 4793; x_wconf 89' lang='lat' dir='ltr'><strong>tantum</strong></span> <span class='ocrx_word' id='word_1_665' title='bbox 1125 4738 1302 4809; x_wconf 91' lang='lat' dir='ltr'><strong>hujus</strong></span> <span class='ocrx_word' id='word_1_666' title='bbox 1346 4738 1453 4794; x_wconf 91' lang='lat' dir='ltr'><strong>viri</strong></span> <span class='ocrx_word' id='word_1_667' title='bbox 1485 4739 1857 4796; x_wconf 89' lang='lat' dir='ltr'><strong>sanctitatem</strong></span> <span class='ocrx_word' id='word_1_668' title='bbox 1888 4757 1957 4797; x_wconf 89' lang='lat' dir='ltr'><strong>ea</strong></span> <span class='ocrx_word' id='word_1_669' title='bbox 2065 4736 2238 4810; x_wconf 87' lang='lat' dir='ltr'><strong>paulo</strong></span> <span class='ocrx_word' id='word_1_670' title='bbox 2269 4736 2571 4792; x_wconf 88' lang='lat' dir='ltr'><strong>antehunc</strong></span> <span class='ocrx_word' id='word_1_671' title='bbox 2601 4752 2847 4803; x_wconf 86' lang='lat' dir='ltr'><strong>annum,</strong></span> <span class='ocrx_word' id='word_1_672' title='bbox 2869 4732 3371 4804; x_wconf 86' lang='lat' dir='ltr'><strong>Clementejamin</strong></span> <span class='ocrx_word' id='word_1_673' title='bbox 3403 4746 3705 4789; x_wconf 91' lang='lat' dir='ltr'><strong>summum</strong></span> 
     </span>
    </p>
   </div>
   <div class='ocr_carea' id='block_1_96' title="bbox 304 4822 3713 4901">
    <p class='ocr_par' dir='ltr' id='par_1_96' title="bbox 304 4822 3713 4901">
     <span class='ocr_line' id='line_1_96' title="bbox 304 4822 3713 4901; baseline -0.004 -16"><span class='ocrx_word' id='word_1_674' title='bbox 304 4828 740 4885; x_wconf 87' lang='lat' dir='ltr'><strong>dubitationem</strong></span> <span class='ocrx_word' id='word_1_675' title='bbox 774 4826 1238 4899; x_wconf 85' lang='lat' dir='ltr'><strong>scrupulumque</strong></span> <span class='ocrx_word' id='word_1_676' title='bbox 1276 4827 1568 4898; x_wconf 89' lang='lat' dir='ltr'><strong>injiciunt,</strong></span> <span class='ocrx_word' id='word_1_677' title='bbox 1603 4845 1729 4901; x_wconf 70' lang='lat' dir='ltr'><strong>qua:</strong></span> <span class='ocrx_word' id='word_1_678' title='bbox 1761 4830 1832 4885; x_wconf 91' lang='lat' dir='ltr'><strong>de</strong></span> <span class='ocrx_word' id='word_1_679' title='bbox 1861 4846 1957 4885; x_wconf 89' lang='lat' dir='ltr'><strong>se-</strong></span> <span class='ocrx_word' id='word_1_680' title='bbox 2066 4827 2396 4900; x_wconf 89' lang='lat' dir='ltr'><strong>pontiﬁcem</strong></span> <span class='ocrx_word' id='word_1_681' title='bbox 2430 4830 2756 4897; x_wconf 90' lang='lat' dir='ltr'><strong>assumpto,</strong></span> <span class='ocrx_word' id='word_1_682' title='bbox 2790 4825 2861 4880; x_wconf 90' lang='lat' dir='ltr'><strong>ab</strong></span> <span class='ocrx_word' id='word_1_683' title='bbox 2889 4825 3102 4881; x_wconf 88' lang='lat' dir='ltr'><strong>Herma</strong></span> <span class='ocrx_word' id='word_1_684' title='bbox 3131 4823 3364 4895; x_wconf 90' lang='lat' dir='ltr'><strong>scriptis</strong></span> <span class='ocrx_word' id='word_1_685' title='bbox 3387 4822 3569 4877; x_wconf 89' lang='lat' dir='ltr'><strong>fuisse</strong></span> <span class='ocrx_word' id='word_1_686' title='bbox 3596 4823 3713 4875; x_wconf 86' lang='lat' dir='ltr'><strong>tra-</strong></span> 
     </span>
    </p>
   </div>
   <div class='ocr_carea' id='block_1_97' title="bbox 305 4915 1958 4989">
    <p class='ocr_par' dir='ltr' id='par_1_97' title="bbox 305 4915 1958 4989">
     <span class='ocr_line' id='line_1_97' title="bbox 305 4915 1958 4989; baseline 0.001 -16"><span class='ocrx_word' id='word_1_687' title='bbox 305 4917 560 4988; x_wconf 89' lang='lat' dir='ltr'><strong>metipso</strong></span> <span class='ocrx_word' id='word_1_688' title='bbox 592 4916 814 4988; x_wconf 89' lang='lat' dir='ltr'><strong>passim</strong></span> <span class='ocrx_word' id='word_1_689' title='bbox 873 4916 933 4970; x_wconf 87' lang='lat' dir='ltr'><strong>in</strong></span> <span class='ocrx_word' id='word_1_690' title='bbox 964 4932 1071 4971; x_wconf 91' lang='lat' dir='ltr'><strong>suo</strong></span> <span class='ocrx_word' id='word_1_691' title='bbox 1112 4915 1259 4970; x_wconf 91' lang='lat' dir='ltr'><strong>libro</strong></span> <span class='ocrx_word' id='word_1_692' title='bbox 1290 4916 1586 4987; x_wconf 64' lang='lat' dir='ltr'><strong>praedicat,</strong></span> <span class='ocrx_word' id='word_1_693' title='bbox 1616 4933 1677 4972; x_wconf 90' lang='lat' dir='ltr'><strong>se</strong></span> <span class='ocrx_word' id='word_1_694' title='bbox 1710 4921 1958 4989; x_wconf 89' lang='lat' dir='ltr'><strong>patrem-</strong></span> 
     </span>
    </p>
   </div>
   <div class='ocr_carea' id='block_1_98' title="bbox 304 5003 1960 5077">
    <p class='ocr_par' dir='ltr' id='par_1_98' title="bbox 304 5003 1960 5077">
     <span class='ocr_line' id='line_1_98' title="bbox 304 5003 1960 5077; baseline 0.001 -15"><span class='ocrx_word' id='word_1_695' title='bbox 304 5005 564 5063; x_wconf 85' lang='lat' dir='ltr'><strong>familias</strong></span> <span class='ocrx_word' id='word_1_696' title='bbox 595 5005 797 5073; x_wconf 89' lang='lat' dir='ltr'><strong>fuisse,</strong></span> <span class='ocrx_word' id='word_1_697' title='bbox 835 5004 936 5077; x_wconf 90' lang='lat' dir='ltr'><strong>qui</strong></span> <span class='ocrx_word' id='word_1_698' title='bbox 960 5003 1142 5059; x_wconf 91' lang='lat' dir='ltr'><strong>nimia</strong></span> <span class='ocrx_word' id='word_1_699' title='bbox 1163 5004 1221 5058; x_wconf 92' lang='lat' dir='ltr'><strong>in</strong></span> <span class='ocrx_word' id='word_1_700' title='bbox 1244 5021 1478 5060; x_wconf 78' lang='lat' dir='ltr'><strong>uxorem</strong></span> <span class='ocrx_word' id='word_1_701' title='bbox 1502 5010 1559 5060; x_wconf 93' lang='lat' dir='ltr'><strong>et</strong></span> <span class='ocrx_word' id='word_1_702' title='bbox 1585 5004 1735 5062; x_wconf 92' lang='lat' dir='ltr'><strong>ﬁlios</strong></span> <span class='ocrx_word' id='word_1_703' title='bbox 1766 5007 1960 5063; x_wconf 91' lang='lat' dir='ltr'><strong>indul-</strong></span> 
     </span>
    </p>
   </div>
   <div class='ocr_carea' id='block_1_99' title="bbox 303 5093 1957 5169">
    <p class='ocr_par' dir='ltr' id='par_1_99' title="bbox 303 5093 1957 5169">
     <span class='ocr_line' id='line_1_99' title="bbox 303 5093 1957 5169; baseline 0.001 -19"><span class='ocrx_word' id='word_1_704' title='bbox 303 5094 504 5169; x_wconf 88' lang='lat' dir='ltr'><strong>gentia</strong></span> <span class='ocrx_word' id='word_1_705' title='bbox 534 5093 788 5166; x_wconf 89' lang='lat' dir='ltr'><strong>peccatis</strong></span> <span class='ocrx_word' id='word_1_706' title='bbox 818 5109 1019 5149; x_wconf 91' lang='lat' dir='ltr'><strong>eorum</strong></span> <span class='ocrx_word' id='word_1_707' title='bbox 1052 5110 1166 5147; x_wconf 90' lang='lat' dir='ltr'><strong>non</strong></span> <span class='ocrx_word' id='word_1_708' title='bbox 1189 5093 1518 5161; x_wconf 87' lang='lat' dir='ltr'><strong>obstiterit;</strong></span> <span class='ocrx_word' id='word_1_709' title='bbox 1552 5109 1732 5167; x_wconf 91' lang='lat' dir='ltr'><strong>seque</strong></span> <span class='ocrx_word' id='word_1_710' title='bbox 1760 5097 1957 5167; x_wconf 89' lang='lat' dir='ltr'><strong>ipsum</strong></span> 
     </span>
    </p>
   </div>
   <div class='ocr_carea' id='block_1_100' title="bbox 306 5182 1958 5256">
    <p class='ocr_par' dir='ltr' id='par_1_100' title="bbox 306 5182 1958 5256">
     <span class='ocr_line' id='line_1_100' title="bbox 306 5182 1958 5256; baseline 0.001 -17"><span class='ocrx_word' id='word_1_711' title='bbox 306 5182 499 5239; x_wconf 87' lang='lat' dir='ltr'><strong>multa</strong></span> <span class='ocrx_word' id='word_1_712' title='bbox 530 5198 859 5255; x_wconf 87' lang='lat' dir='ltr'><strong>magnaque</strong></span> <span class='ocrx_word' id='word_1_713' title='bbox 908 5198 1199 5254; x_wconf 88' lang='lat' dir='ltr'><strong>peccasse,</strong></span> <span class='ocrx_word' id='word_1_714' title='bbox 1252 5198 1357 5238; x_wconf 91' lang='lat' dir='ltr'><strong>uec</strong></span> <span class='ocrx_word' id='word_1_715' title='bbox 1413 5182 1531 5238; x_wconf 91' lang='lat' dir='ltr'><strong>fere</strong></span> <span class='ocrx_word' id='word_1_716' title='bbox 1590 5200 1854 5256; x_wconf 90' lang='lat' dir='ltr'><strong>unquam</strong></span> <span class='ocrx_word' id='word_1_717' title='bbox 1886 5186 1958 5241; x_wconf 91' lang='lat' dir='ltr'><strong>ad</strong></span> 
     </span>
    </p>
   </div>
   <div class='ocr_carea' id='block_1_101' title="bbox 302 5270 928 5329">
    <p class='ocr_par' dir='ltr' id='par_1_101' title="bbox 302 5270 928 5329">
     <span class='ocr_line' id='line_1_101' title="bbox 302 5270 928 5329; baseline -0.006 0"><span class='ocrx_word' id='word_1_718' title='bbox 302 5273 610 5329; x_wconf 87' lang='lat' dir='ltr'><strong>veritatem</strong></span> <span class='ocrx_word' id='word_1_719' title='bbox 641 5270 928 5326; x_wconf 89' lang='lat' dir='ltr'><strong>locutum.</strong></span> 
     </span>
    </p>
   </div>
   <div class='ocr_carea' id='block_1_102' title="bbox 2066 4916 2277 4972">
    <p class='ocr_par' dir='ltr' id='par_1_102' title="bbox 2066 4916 2277 4972">
     <span class='ocr_line' id='line_1_102' title="bbox 2066 4916 2277 4972; baseline -0.009 0"><span class='ocrx_word' id='word_1_720' title='bbox 2066 4916 2277 4972; x_wconf 91' lang='lat' dir='ltr'><strong>ditum.</strong></span> 
     </span>
    </p>
   </div>
   <div class='ocr_carea' id='block_1_103' title="bbox 2631 5028 3145 5085">
    <p class='ocr_par' dir='ltr' id='par_1_103' title="bbox 2631 5028 3145 5085">
     <span class='ocr_line' id='line_1_103' title="bbox 2631 5028 3145 5085; baseline -0.006 0"><span class='ocrx_word' id='word_1_721' title='bbox 2631 5029 2892 5085; x_wconf 85' lang='lat' dir='ltr'><strong>ARTICU</strong></span> <span class='ocrx_word' id='word_1_722' title='bbox 2904 5028 3033 5084; x_wconf 93' lang='lat' dir='ltr'><strong>LUS</strong></span> <span class='ocrx_word' id='word_1_723' title='bbox 3078 5028 3145 5082; x_wconf 90' lang='lat' dir='ltr'><strong>V.</strong></span> 
     </span>
    </p>
   </div>
   <div class='ocr_carea' id='block_1_104' title="bbox 2258 5134 3522 5209">
    <p class='ocr_par' dir='ltr' id='par_1_104' title="bbox 2258 5134 3522 5209">
     <span class='ocr_line' id='line_1_104' title="bbox 2258 5134 3522 5209; baseline -0.008 -14"><span class='ocrx_word' id='word_1_724' title='bbox 2258 5141 2407 5195; x_wconf 86' lang='lat' dir='ltr'><strong>Num</strong></span> <span class='ocrx_word' id='word_1_725' title='bbox 2428 5137 2488 5193; x_wconf 88' lang='lat' dir='ltr'><strong>hi</strong></span> <span class='ocrx_word' id='word_1_726' title='bbox 2517 5137 2650 5193; x_wconf 86' lang='lat' dir='ltr'><strong>libri</strong></span> <span class='ocrx_word' id='word_1_727' title='bbox 2680 5137 2861 5194; x_wconf 68' lang='lat' dir='ltr'><strong>Graece</strong></span> <span class='ocrx_word' id='word_1_728' title='bbox 2888 5137 3134 5209; x_wconf 88' lang='lat' dir='ltr'><strong>primum</strong></span> <span class='ocrx_word' id='word_1_729' title='bbox 3165 5134 3361 5205; x_wconf 86' lang='lat' dir='ltr'><strong>scripti</strong></span> <span class='ocrx_word' id='word_1_730' title='bbox 3390 5134 3522 5187; x_wconf 85' lang='lat' dir='ltr'><strong>sint.</strong></span> 
     </span>
    </p>
   </div>
   <div class='ocr_carea' id='block_1_105' title="bbox 2142 5263 3715 5333">
    <p class='ocr_par' dir='ltr' id='par_1_105' title="bbox 2142 5263 3715 5333">
     <span class='ocr_line' id='line_1_105' title="bbox 2142 5263 3715 5333; baseline -0.005 -8"><span class='ocrx_word' id='word_1_731' title='bbox 2142 5272 2253 5327; x_wconf 89' lang='lat' dir='ltr'><strong>llos</strong></span> <span class='ocrx_word' id='word_1_732' title='bbox 2285 5271 2526 5326; x_wconf 88' lang='lat' dir='ltr'><strong>Pastoris</strong></span> <span class='ocrx_word' id='word_1_733' title='bbox 2583 5268 2766 5324; x_wconf 91' lang='lat' dir='ltr'><strong>libros</strong></span> <span class='ocrx_word' id='word_1_734' title='bbox 2825 5286 2858 5324; x_wconf 90' lang='lat' dir='ltr'><strong>a</strong></span> <span class='ocrx_word' id='word_1_735' title='bbox 2895 5273 3089 5324; x_wconf 71' lang='lat' dir='ltr'><strong>Graeco</strong></span> <span class='ocrx_word' id='word_1_736' title='bbox 3148 5270 3403 5333; x_wconf 88' lang='lat' dir='ltr'><strong>auctore,</strong></span> <span class='ocrx_word' id='word_1_737' title='bbox 3436 5267 3494 5320; x_wconf 92' lang='lat' dir='ltr'><strong>et</strong></span> <span class='ocrx_word' id='word_1_738' title='bbox 3522 5263 3715 5319; x_wconf 83' lang='lat' dir='ltr'><strong>Graece</strong></span> 
     </span>
    </p>
   </div>
   <div class='ocr_carea' id='block_1_106' title="bbox 374 5357 3715 5435">
    <p class='ocr_par' dir='ltr' id='par_1_106' title="bbox 374 5357 3715 5435">
     <span class='ocr_line' id='line_1_106' title="bbox 374 5357 3715 5435; baseline -0.003 -18"><span class='ocrx_word' id='word_1_739' title='bbox 374 5358 732 5433; x_wconf 85' lang='lat' dir='ltr'><strong>Responderi</strong></span> <span class='ocrx_word' id='word_1_740' title='bbox 755 5363 951 5415; x_wconf 89' lang='lat' dir='ltr'><strong>tamen</strong></span> <span class='ocrx_word' id='word_1_741' title='bbox 976 5362 1167 5431; x_wconf 89' lang='lat' dir='ltr'><strong>potest</strong></span> <span class='ocrx_word' id='word_1_742' title='bbox 1186 5358 1461 5414; x_wconf 78' lang='lat' dir='ltr'><strong>Hermum</strong></span> <span class='ocrx_word' id='word_1_743' title='bbox 1483 5375 1597 5414; x_wconf 92' lang='lat' dir='ltr'><strong>non</strong></span> <span class='ocrx_word' id='word_1_744' title='bbox 1620 5360 1680 5415; x_wconf 92' lang='lat' dir='ltr'><strong>in</strong></span> <span class='ocrx_word' id='word_1_745' title='bbox 1707 5378 1835 5431; x_wconf 89' lang='lat' dir='ltr'><strong>sua,</strong></span> <span class='ocrx_word' id='word_1_746' title='bbox 1859 5363 1959 5418; x_wconf 92' lang='lat' dir='ltr'><strong>sed</strong></span> <span class='ocrx_word' id='word_1_747' title='bbox 2070 5362 2257 5435; x_wconf 91' lang='lat' dir='ltr'><strong>primo</strong></span> <span class='ocrx_word' id='word_1_748' title='bbox 2283 5357 2641 5431; x_wconf 90' lang='lat' dir='ltr'><strong>compositos</strong></span> <span class='ocrx_word' id='word_1_749' title='bbox 2662 5358 2863 5430; x_wconf 84' lang='lat' dir='ltr'><strong>fuisse,</strong></span> <span class='ocrx_word' id='word_1_750' title='bbox 2886 5358 2966 5414; x_wconf 90' lang='lat' dir='ltr'><strong>ita</strong></span> <span class='ocrx_word' id='word_1_751' title='bbox 2989 5375 3092 5430; x_wconf 91' lang='lat' dir='ltr'><strong>pro</strong></span> <span class='ocrx_word' id='word_1_752' title='bbox 3108 5360 3261 5413; x_wconf 89' lang='lat' dir='ltr'><strong>certo</strong></span> <span class='ocrx_word' id='word_1_753' title='bbox 3283 5369 3489 5411; x_wconf 89' lang='lat' dir='ltr'><strong>omnes</strong></span> <span class='ocrx_word' id='word_1_754' title='bbox 3508 5367 3715 5424; x_wconf 88' lang='lat' dir='ltr'><strong>posue-</strong></span> 
     </span>
    </p>
   </div>
   <div class='ocr_carea' id='block_1_107' title="bbox 296 5447 1962 5520">
    <p class='ocr_par' dir='ltr' id='par_1_107' title="bbox 296 5447 1962 5520">
     <span class='ocr_line' id='line_1_107' title="bbox 296 5447 1962 5520; baseline 0.001 -14"><span class='ocrx_word' id='word_1_755' title='bbox 296 5452 358 5507; x_wconf 91' lang='lat' dir='ltr'><strong>in</strong></span> <span class='ocrx_word' id='word_1_756' title='bbox 391 5450 643 5508; x_wconf 90' lang='lat' dir='ltr'><strong>aliorum</strong></span> <span class='ocrx_word' id='word_1_757' title='bbox 672 5464 924 5520; x_wconf 90' lang='lat' dir='ltr'><strong>persona</strong></span> <span class='ocrx_word' id='word_1_758' title='bbox 958 5448 1079 5504; x_wconf 75' lang='lat' dir='ltr'><strong>haec</strong></span> <span class='ocrx_word' id='word_1_759' title='bbox 1102 5447 1298 5503; x_wconf 91' lang='lat' dir='ltr'><strong>omnia</strong></span> <span class='ocrx_word' id='word_1_760' title='bbox 1326 5447 1545 5503; x_wconf 88' lang='lat' dir='ltr'><strong>dixisse</strong></span> <span class='ocrx_word' id='word_1_761' title='bbox 1571 5473 1585 5517; x_wconf 87' lang='lat'><strong>;</strong></span> <span class='ocrx_word' id='word_1_762' title='bbox 1614 5449 1799 5505; x_wconf 90' lang='lat' dir='ltr'><strong>utillo</strong></span> <span class='ocrx_word' id='word_1_763' title='bbox 1823 5452 1962 5507; x_wconf 90' lang='lat' dir='ltr'><strong>scri-</strong></span> 
     </span>
    </p>
   </div>
   <div class='ocr_carea' id='block_1_108' title="bbox 2068 5446 3715 5519">
    <p class='ocr_par' dir='ltr' id='par_1_108' title="bbox 2068 5446 3715 5519">
     <span class='ocr_line' id='line_1_108' title="bbox 2068 5446 3715 5519; baseline -0.008 -11"><span class='ocrx_word' id='word_1_764' title='bbox 2068 5457 2225 5519; x_wconf 91' lang='lat' dir='ltr'><strong>runt,</strong></span> <span class='ocrx_word' id='word_1_765' title='bbox 2260 5454 2327 5505; x_wconf 93' lang='lat' dir='ltr'><strong>ut</strong></span> <span class='ocrx_word' id='word_1_766' title='bbox 2347 5447 2543 5504; x_wconf 91' lang='lat' dir='ltr'><strong>nullus</strong></span> <span class='ocrx_word' id='word_1_767' title='bbox 2556 5463 2820 5519; x_wconf 89' lang='lat' dir='ltr'><strong>unquam</strong></span> <span class='ocrx_word' id='word_1_768' title='bbox 2843 5448 2972 5507; x_wconf 90' lang='lat' dir='ltr'><strong>idin</strong></span> <span class='ocrx_word' id='word_1_769' title='bbox 2996 5446 3451 5503; x_wconf 89' lang='lat' dir='ltr'><strong>controversiam</strong></span> <span class='ocrx_word' id='word_1_770' title='bbox 3476 5456 3715 5498; x_wconf 89' lang='lat' dir='ltr'><strong>vocasse</strong></span> 
     </span>
    </p>
   </div>
   <div class='ocr_carea' id='block_1_109' title="bbox 366 5672 3715 5761">
    <p class='ocr_par' dir='ltr' id='par_1_109' title="bbox 366 5672 3715 5761">
     <span class='ocr_line' id='line_1_109' title="bbox 366 5672 3715 5761; baseline -0.003 -18"><span class='ocrx_word' id='word_1_771' title='bbox 366 5688 544 5761; x_wconf 7' lang='lat' dir='ltr'><strong>’lgcap.</strong></span> <span class='ocrx_word' id='word_1_772' title='bbox 576 5707 690 5757; x_wconf 75' lang='lat' dir='ltr'><strong>xvr,</strong></span> <span class='ocrx_word' id='word_1_773' title='bbox 721 5707 775 5746; x_wconf 92' lang='lat' dir='ltr'><strong>v.</strong></span> <span class='ocrx_word' id='word_1_774' title='bbox 811 5690 897 5745; x_wconf 77' lang='grc'><strong>14.</strong></span> <span class='ocrx_word' id='word_1_775' title='bbox 931 5690 965 5745; x_wconf 90' lang='lat'>3</span> <span class='ocrx_word' id='word_1_776' title='bbox 995 5688 1117 5761; x_wconf 90' lang='lat' dir='ltr'><strong>Lib.</strong></span> <span class='ocrx_word' id='word_1_777' title='bbox 1146 5703 1211 5742; x_wconf 81' lang='grc' dir='ltr'><strong>ιιι</strong></span> <span class='ocrx_word' id='word_1_778' title='bbox 1243 5687 1469 5761; x_wconf 71' lang='lat' dir='ltr'><strong>Histor.,_</strong></span> <span class='ocrx_word' id='word_1_779' title='bbox 1493 5704 1621 5759; x_wconf 89' lang='lat' dir='ltr'><strong>cap.</strong></span> <span class='ocrx_word' id='word_1_780' title='bbox 1652 5689 1704 5743; x_wconf 90' lang='lat'><strong>3.</strong></span> <span class='ocrx_word' id='word_1_781' title='bbox 1754 5690 1774 5723; x_wconf 83' lang='grc'>⁴</span> <span class='ocrx_word' id='word_1_782' title='bbox 1802 5688 1879 5761; x_wconf 77' lang='lat' dir='ltr'><strong><em>De</em></strong></span> <span class='ocrx_word' id='word_1_783' title='bbox 1906 5688 2156 5761; x_wconf 77' lang='lat' dir='ltr'><strong>scriptor.</strong></span> <span class='ocrx_word' id='word_1_784' title='bbox 2215 5686 2518 5761; x_wconf 80' lang='lat' dir='ltr'><strong>ecclesiast.</strong></span> <span class='ocrx_word' id='word_1_785' title='bbox 2595 5684 2617 5717; x_wconf 77' lang='grc'><em>⁵</em></span> <span class='ocrx_word' id='word_1_786' title='bbox 2636 5684 2948 5761; x_wconf 52' lang='lat' dir='ltr'><strong>gemment.</strong></span> <span class='ocrx_word' id='word_1_787' title='bbox 2983 5681 3045 5737; x_wconf 83' lang='lat' dir='ltr'><strong>in</strong></span> <span class='ocrx_word' id='word_1_788' title='bbox 3071 5681 3244 5761; x_wconf 65' lang='lat' dir='ltr'><strong>Epist.</strong></span> <span class='ocrx_word' id='word_1_789' title='bbox 3278 5677 3462 5761; x_wconf 68' lang='lat' dir='ltr'><strong>Pauli.</strong></span> <span class='ocrx_word' id='word_1_790' title='bbox 3526 5675 3560 5761; x_wconf 61' lang='grc' dir='ltr'><strong>ξ</strong></span> 
     </span>
    </p>
   </div>
   <div class='ocr_carea' id='block_1_110' title="bbox 291 5744 3712 5834">
    <p class='ocr_par' dir='ltr' id='par_1_110' title="bbox 291 5744 3712 5834">
     <span class='ocr_line' id='line_1_110' title="bbox 291 5744 3712 5834; baseline -0.004 -21"><span class='ocrx_word' id='word_1_791' title='bbox 291 5744 872 5834; x_wconf 58' lang='grc' dir='ltr'><strong>ιιιιίειόν.;εέρζ4ὸ.</strong></span> <span class='ocrx_word' id='word_1_792' title='bbox 950 5760 1102 5816; x_wconf 77' lang='lat' dir='ltr'><strong>1lib.</strong></span> <span class='ocrx_word' id='word_1_793' title='bbox 1139 5776 1194 5816; x_wconf 83' lang='grc' dir='ltr'><strong>ιν</strong></span> <span class='ocrx_word' id='word_1_794' title='bbox 1223 5760 1416 5816; x_wconf 78' lang='grc' dir='ltr'><strong>Αάυεν.</strong></span> <span class='ocrx_word' id='word_1_795' title='bbox 1450 5744 1672 5829; x_wconf 46' lang='lat' dir='ltr'><strong>heris,</strong></span> <span class='ocrx_word' id='word_1_796' title='bbox 1708 5776 1758 5815; x_wconf 82' lang='grc' dir='ltr'><strong>ο.</strong></span> <span class='ocrx_word' id='word_1_797' title='bbox 1790 5760 1879 5814; x_wconf 86' lang='lat'><strong>37.</strong></span> <span class='ocrx_word' id='word_1_798' title='bbox 1956 5744 2599 5829; x_wconf 72' lang='lat' dir='ltr'><strong>3iib.vHistor.,cap.</strong></span> <span class='ocrx_word' id='word_1_799' title='bbox 2631 5756 2685 5811; x_wconf 92' lang='lat'><strong>8.</strong></span> <span class='ocrx_word' id='word_1_800' title='bbox 2763 5754 2916 5810; x_wconf 65' lang='lat' dir='ltr'><strong>“lib.</strong></span> <span class='ocrx_word' id='word_1_801' title='bbox 2954 5771 2995 5825; x_wconf 69' lang='lat'><strong>1,</strong></span> <span class='ocrx_word' id='word_1_802' title='bbox 3030 5744 3140 5813; x_wconf 77' lang='lat' dir='ltr'><strong>vis“.</strong></span> <span class='ocrx_word' id='word_1_803' title='bbox 3172 5752 3226 5808; x_wconf 88' lang='lat'><strong>3.</strong></span> <span class='ocrx_word' id='word_1_804' title='bbox 3307 5744 3712 5805; x_wconf 70' lang='lat' dir='ltr'><strong>mvis.2et3</strong></span> 
     </span>
    </p>
   </div>
  </div>
