  <div class='ocr_page' id='page_1' title='image "/cluster/home/n/w/nwhite01/storage/ocr_20150623/2/hvd.32044073501421/431.png"; bbox 0 0 4086 6342; ppageno 0'>
   <div class='ocr_carea' id='block_1_1' title="bbox 490 396 610 456">
    <p class='ocr_par' dir='ltr' id='par_1_1' title="bbox 490 396 610 456">
     <span class='ocr_line' id='line_1_1' title="bbox 490 396 610 456; baseline 0 0"><span class='ocrx_word' id='word_1_1' title='bbox 490 396 610 456; x_wconf 85' lang='grc'><strong>839</strong></span> 
     </span>
    </p>
   </div>
   <div class='ocr_carea' id='block_1_2' title="bbox 1984 379 2411 442">
    <p class='ocr_par' dir='ltr' id='par_1_2' title="bbox 1984 379 2411 442">
     <span class='ocr_line' id='line_1_2' title="bbox 1984 379 2411 442; baseline -0.002 -1"><span class='ocrx_word' id='word_1_2' title='bbox 1984 382 2047 441; x_wconf 90' lang='lat' dir='ltr'><strong>S.</strong></span> <span class='ocrx_word' id='word_1_3' title='bbox 2095 379 2411 442; x_wconf 81' lang='lat' dir='ltr'><strong>HERMAS</strong></span> 
     </span>
    </p>
   </div>
   <div class='ocr_carea' id='block_1_3' title="bbox 3773 386 3881 446">
    <p class='ocr_par' dir='ltr' id='par_1_3' title="bbox 3773 386 3881 446">
     <span class='ocr_line' id='line_1_3' title="bbox 3773 386 3881 446; baseline 0 0"><span class='ocrx_word' id='word_1_4' title='bbox 3773 386 3881 446; x_wconf 70' lang='grc'><strong>840</strong></span> 
     </span>
    </p>
   </div>
   <div class='ocr_carea' id='block_1_4' title="bbox 490 512 3876 592">
    <p class='ocr_par' dir='ltr' id='par_1_4' title="bbox 490 512 3876 592">
     <span class='ocr_line' id='line_1_4' title="bbox 490 512 3876 592; baseline -0.003 -10"><span class='ocrx_word' id='word_1_5' title='bbox 490 528 773 584; x_wconf 79' lang='lat' dir='ltr'><strong>Videntur.</strong></span> <span class='ocrx_word' id='word_1_6' title='bbox 830 526 911 581; x_wconf 88' lang='lat' dir='ltr'><strong>Ea</strong></span> <span class='ocrx_word' id='word_1_7' title='bbox 966 528 1085 581; x_wconf 89' lang='lat' dir='ltr'><strong>tam</strong></span> <span class='ocrx_word' id='word_1_8' title='bbox 1142 538 1283 578; x_wconf 83' lang='lat' dir='ltr'><strong>cura</strong></span> <span class='ocrx_word' id='word_1_9' title='bbox 1340 538 1455 592; x_wconf 91' lang='lat' dir='ltr'><strong>qua</strong></span> <span class='ocrx_word' id='word_1_10' title='bbox 1523 518 1703 574; x_wconf 90' lang='lat' dir='ltr'><strong>libros</strong></span> <span class='ocrx_word' id='word_1_11' title='bbox 1766 514 2125 572; x_wconf 69' lang='lat' dir='ltr'><strong>bibliotheca:</strong></span> <span class='ocrx_word' id='word_1_12' title='bbox 2156 516 2211 581; x_wconf 81' lang='grc' dir='ltr'><strong>Α</strong></span> <span class='ocrx_word' id='word_1_13' title='bbox 2241 529 2417 582; x_wconf 69' lang='lat' dir='ltr'><strong>puraa,</strong></span> <span class='ocrx_word' id='word_1_14' title='bbox 2451 529 2555 569; x_wconf 90' lang='lat' dir='ltr'><strong>nec</strong></span> <span class='ocrx_word' id='word_1_15' title='bbox 2586 512 2719 584; x_wconf 79' lang='lat' dir='ltr'><strong>styli</strong></span> <span class='ocrx_word' id='word_1_16' title='bbox 2767 512 3176 585; x_wconf 82' lang='lat' dir='ltr'><strong>elegantioris;</strong></span> <span class='ocrx_word' id='word_1_17' title='bbox 3227 515 3328 570; x_wconf 91' lang='lat' dir='ltr'><strong>sed</strong></span> <span class='ocrx_word' id='word_1_18' title='bbox 3375 515 3652 571; x_wconf 84' lang='lat' dir='ltr'><strong>Barthius</strong></span> <span class='ocrx_word' id='word_1_19' title='bbox 3684 516 3876 588; x_wconf 81' lang='lat' dir='ltr'><strong>plures</strong></span> 
     </span>
    </p>
   </div>
   <div class='ocr_carea' id='block_1_5' title="bbox 491 603 2127 681">
    <p class='ocr_par' dir='ltr' id='par_1_5' title="bbox 491 603 2127 681">
     <span class='ocr_line' id='line_1_5' title="bbox 491 603 2127 681; baseline -0.01 -9"><span class='ocrx_word' id='word_1_20' title='bbox 491 621 700 672; x_wconf 85' lang='lat' dir='ltr'><strong>nostrae</strong></span> <span class='ocrx_word' id='word_1_21' title='bbox 730 612 1149 671; x_wconf 86' lang='lat' dir='ltr'><strong>examinandos</strong></span> <span class='ocrx_word' id='word_1_22' title='bbox 1170 610 1559 681; x_wconf 83' lang='lat' dir='ltr'><strong>suscepimus,</strong></span> <span class='ocrx_word' id='word_1_23' title='bbox 1583 624 1698 662; x_wconf 89' lang='lat' dir='ltr'><strong>non</strong></span> <span class='ocrx_word' id='word_1_24' title='bbox 1721 606 1860 661; x_wconf 84' lang='lat' dir='ltr'><strong>sinit</strong></span> <span class='ocrx_word' id='word_1_25' title='bbox 1890 608 1955 659; x_wconf 91' lang='lat' dir='ltr'><strong>ut</strong></span> <span class='ocrx_word' id='word_1_26' title='bbox 1984 603 2127 657; x_wconf 89' lang='lat' dir='ltr'><strong>illud</strong></span> 
     </span>
    </p>
   </div>
   <div class='ocr_carea' id='block_1_6' title="bbox 490 693 2131 769">
    <p class='ocr_par' dir='ltr' id='par_1_6' title="bbox 490 693 2131 769">
     <span class='ocr_line' id='line_1_6' title="bbox 490 693 2131 769; baseline -0.009 -7"><span class='ocrx_word' id='word_1_27' title='bbox 490 707 644 761; x_wconf 88' lang='lat' dir='ltr'><strong>idem</strong></span> <span class='ocrx_word' id='word_1_28' title='bbox 660 702 895 761; x_wconf 83' lang='lat' dir='ltr'><strong>omnino</strong></span> <span class='ocrx_word' id='word_1_29' title='bbox 912 704 1194 758; x_wconf 91' lang='lat' dir='ltr'><strong>intactum</strong></span> <span class='ocrx_word' id='word_1_30' title='bbox 1208 700 1631 769; x_wconf 82' lang='lat' dir='ltr'><strong>relinquamus.</strong></span> <span class='ocrx_word' id='word_1_31' title='bbox 1650 694 2009 765; x_wconf 69' lang='lat' dir='ltr'><strong>Praecipuum</strong></span> <span class='ocrx_word' id='word_1_32' title='bbox 2028 693 2131 747; x_wconf 88' lang='lat' dir='ltr'><strong>ita-</strong></span> 
     </span>
    </p>
   </div>
   <div class='ocr_carea' id='block_1_7' title="bbox 490 781 2128 866">
    <p class='ocr_par' dir='ltr' id='par_1_7' title="bbox 490 781 2128 866">
     <span class='ocr_line' id='line_1_7' title="bbox 490 781 2128 866; baseline -0.009 -16"><span class='ocrx_word' id='word_1_33' title='bbox 490 811 600 865; x_wconf 87' lang='lat' dir='ltr'><strong>que</strong></span> <span class='ocrx_word' id='word_1_34' title='bbox 628 811 742 866; x_wconf 89' lang='lat' dir='ltr'><strong>quo</strong></span> <span class='ocrx_word' id='word_1_35' title='bbox 774 794 831 848; x_wconf 93' lang='lat' dir='ltr'><strong>id</strong></span> <span class='ocrx_word' id='word_1_36' title='bbox 883 792 1178 864; x_wconf 80' lang='lat' dir='ltr'><strong>probetur,</strong></span> <span class='ocrx_word' id='word_1_37' title='bbox 1235 792 1647 860; x_wconf 83' lang='lat' dir='ltr'><strong>argumentum</strong></span> <span class='ocrx_word' id='word_1_38' title='bbox 1679 802 1747 840; x_wconf 83' lang='lat' dir='ltr'><strong>ex</strong></span> <span class='ocrx_word' id='word_1_39' title='bbox 1806 783 1895 837; x_wconf 89' lang='lat' dir='ltr'><strong>bis</strong></span> <span class='ocrx_word' id='word_1_40' title='bbox 1928 781 2128 836; x_wconf 88' lang='lat' dir='ltr'><strong>Hiero-</strong></span> 
     </span>
    </p>
   </div>
   <div class='ocr_carea' id='block_1_8' title="bbox 491 874 2131 955">
    <p class='ocr_par' dir='ltr' id='par_1_8' title="bbox 491 874 2131 955">
     <span class='ocr_line' id='line_1_8' title="bbox 491 874 2131 955; baseline -0.01 -16"><span class='ocrx_word' id='word_1_41' title='bbox 491 885 651 955; x_wconf 77' lang='lat' dir='ltr'><strong>nymi</strong></span> <span class='ocrx_word' id='word_1_42' title='bbox 682 882 908 939; x_wconf 88' lang='lat' dir='ltr'><strong>eruitur</strong></span> <span class='ocrx_word' id='word_1_43' title='bbox 936 879 1127 936; x_wconf 89' lang='lat' dir='ltr'><strong>verbis</strong></span> <span class='ocrx_word' id='word_1_44' title='bbox 1160 881 1199 914; x_wconf 82' lang='lat'>“</span> <span class='ocrx_word' id='word_1_45' title='bbox 1230 896 1242 933; x_wconf 91' lang='lat'><strong>:</strong></span> <span class='ocrx_word' id='word_1_46' title='bbox 1290 876 1465 943; x_wconf 85' lang='lat' dir='ltr'><strong>Multi,</strong></span> <span class='ocrx_word' id='word_1_47' title='bbox 1524 874 1736 946; x_wconf 88' lang='lat' dir='ltr'><strong>inquit,</strong></span> <span class='ocrx_word' id='word_1_48' title='bbox 1791 874 2131 942; x_wconf 79' lang='lat' dir='ltr'><strong>Scriptorum</strong></span> 
     </span>
    </p>
   </div>
   <div class='ocr_carea' id='block_1_9' title="bbox 486 959 2131 1040">
    <p class='ocr_par' dir='ltr' id='par_1_9' title="bbox 486 959 2131 1040">
     <span class='ocr_line' id='line_1_9' title="bbox 486 959 2131 1040; baseline -0.01 -11"><span class='ocrx_word' id='word_1_49' title='bbox 486 981 730 1029; x_wconf 78' lang='lat' dir='ltr'><strong>veterum</strong></span> <span class='ocrx_word' id='word_1_50' title='bbox 758 970 824 1027; x_wconf 82' lang='lat' dir='ltr'><strong>de</strong></span> <span class='ocrx_word' id='word_1_51' title='bbox 874 987 937 1026; x_wconf 94' lang='lat' dir='ltr'><strong>eo</strong></span> <span class='ocrx_word' id='word_1_52' title='bbox 995 974 1397 1040; x_wconf 82' lang='lat' dir='ltr'><strong>usurpaverant</strong></span> <span class='ocrx_word' id='word_1_53' title='bbox 1449 963 1783 1032; x_wconf 85' lang='lat' dir='ltr'><strong>testimonia,</strong></span> <span class='ocrx_word' id='word_1_54' title='bbox 1839 960 1930 1016; x_wconf 86' lang='lat' dir='ltr'><strong>sed</strong></span> <span class='ocrx_word' id='word_1_55' title='bbox 1987 959 2131 1030; x_wconf 86' lang='lat' dir='ltr'><strong>apud</strong></span> 
     </span>
    </p>
   </div>
   <div class='ocr_carea' id='block_1_10' title="bbox 487 1048 2127 1133">
    <p class='ocr_par' dir='ltr' id='par_1_10' title="bbox 487 1048 2127 1133">
     <span class='ocr_line' id='line_1_10' title="bbox 487 1048 2127 1133; baseline -0.01 -14"><span class='ocrx_word' id='word_1_56' title='bbox 487 1063 709 1119; x_wconf 86' lang='lat' dir='ltr'><strong>Latinos</strong></span> <span class='ocrx_word' id='word_1_57' title='bbox 726 1075 867 1133; x_wconf 87' lang='lat' dir='ltr'><strong>pene</strong></span> <span class='ocrx_word' id='word_1_58' title='bbox 887 1060 1105 1128; x_wconf 87' lang='lat' dir='ltr'><strong>ignotus</strong></span> <span class='ocrx_word' id='word_1_59' title='bbox 1125 1064 1219 1113; x_wconf 90' lang='lat' dir='ltr'><strong>est.</strong></span> <span class='ocrx_word' id='word_1_60' title='bbox 1249 1056 1465 1111; x_wconf 89' lang='lat' dir='ltr'><strong>Deinde</strong></span> <span class='ocrx_word' id='word_1_61' title='bbox 1494 1053 1771 1124; x_wconf 85' lang='lat' dir='ltr'><strong>Origenes</strong></span> <span class='ocrx_word' id='word_1_62' title='bbox 1792 1051 1851 1105; x_wconf 91' lang='lat' dir='ltr'><strong>in</strong></span> <span class='ocrx_word' id='word_1_63' title='bbox 1874 1048 2127 1121; x_wconf 91' lang='lat' dir='ltr'><strong>publico,</strong></span> 
     </span>
    </p>
   </div>
   <div class='ocr_carea' id='block_1_11' title="bbox 487 1141 2130 1220">
    <p class='ocr_par' dir='ltr' id='par_1_11' title="bbox 487 1141 2130 1220">
     <span class='ocr_line' id='line_1_11' title="bbox 487 1141 2130 1220; baseline -0.009 -15"><span class='ocrx_word' id='word_1_64' title='bbox 487 1166 661 1220; x_wconf 90' lang='lat' dir='ltr'><strong>quem</strong></span> <span class='ocrx_word' id='word_1_65' title='bbox 704 1149 857 1220; x_wconf 90' lang='lat' dir='ltr'><strong>apud</strong></span> <span class='ocrx_word' id='word_1_66' title='bbox 890 1146 1092 1202; x_wconf 91' lang='lat' dir='ltr'><strong>ﬁdeles</strong></span> <span class='ocrx_word' id='word_1_67' title='bbox 1138 1144 1499 1200; x_wconf 89' lang='lat' dir='ltr'><strong>Christianos</strong></span> <span class='ocrx_word' id='word_1_68' title='bbox 1550 1141 1818 1205; x_wconf 79' lang='lat' dir='ltr'><strong>habebat,</strong></span> <span class='ocrx_word' id='word_1_69' title='bbox 1864 1153 2130 1193; x_wconf 88' lang='lat' dir='ltr'><strong>sermone</strong></span> 
     </span>
    </p>
   </div>
   <div class='ocr_carea' id='block_1_12' title="bbox 489 1229 2128 1309">
    <p class='ocr_par' dir='ltr' id='par_1_12' title="bbox 489 1229 2128 1309">
     <span class='ocr_line' id='line_1_12' title="bbox 489 1229 2128 1309; baseline -0.009 -16"><span class='ocrx_word' id='word_1_70' title='bbox 489 1256 671 1293; x_wconf 91' lang='lat' dir='ltr'><strong>unum</strong></span> <span class='ocrx_word' id='word_1_71' title='bbox 687 1237 925 1309; x_wconf 85' lang='lat' dir='ltr'><strong>aliquod</strong></span> <span class='ocrx_word' id='word_1_72' title='bbox 945 1235 1117 1292; x_wconf 86' lang='lat' dir='ltr'><strong>exhis</strong></span> <span class='ocrx_word' id='word_1_73' title='bbox 1131 1234 1296 1289; x_wconf 91' lang='lat' dir='ltr'><strong>libris</strong></span> <span class='ocrx_word' id='word_1_74' title='bbox 1319 1231 1739 1295; x_wconf 89' lang='lat' dir='ltr'><strong>testimonium,</strong></span> <span class='ocrx_word' id='word_1_75' title='bbox 1756 1229 1854 1283; x_wconf 90' lang='lat' dir='ltr'><strong>sed</strong></span> <span class='ocrx_word' id='word_1_76' title='bbox 1870 1232 2128 1281; x_wconf 84' lang='lat' dir='ltr'><strong>tantum-</strong></span> 
     </span>
    </p>
   </div>
   <div class='ocr_carea' id='block_1_13' title="bbox 487 1317 2129 1396">
    <p class='ocr_par' dir='ltr' id='par_1_13' title="bbox 487 1317 2129 1396">
     <span class='ocr_line' id='line_1_13' title="bbox 487 1317 2129 1396; baseline -0.01 -12"><span class='ocrx_word' id='word_1_77' title='bbox 487 1328 728 1384; x_wconf 91' lang='lat' dir='ltr'><strong>modum</strong></span> <span class='ocrx_word' id='word_1_78' title='bbox 743 1324 1360 1396; x_wconf 87' lang='lat' dir='ltr'><strong>dimidiatum,profert</strong></span> <span class='ocrx_word' id='word_1_79' title='bbox 1374 1323 1441 1389; x_wconf 67' lang='grc'><strong>1⁵⁵,</strong></span> <span class='ocrx_word' id='word_1_80' title='bbox 1456 1320 1750 1376; x_wconf 87' lang='lat' dir='ltr'><strong>auditores</strong></span> <span class='ocrx_word' id='word_1_81' title='bbox 1765 1318 1832 1371; x_wconf 89' lang='lat' dir='ltr'><strong>ad</strong></span> <span class='ocrx_word' id='word_1_82' title='bbox 1850 1317 2129 1387; x_wconf 88' lang='lat' dir='ltr'><strong>ipsosmet</strong></span> 
     </span>
    </p>
   </div>
   <div class='ocr_carea' id='block_1_14' title="bbox 483 1405 2130 1487">
    <p class='ocr_par' dir='ltr' id='par_1_14' title="bbox 483 1405 2130 1487">
     <span class='ocr_line' id='line_1_14' title="bbox 483 1405 2130 1487; baseline -0.011 -14"><span class='ocrx_word' id='word_1_83' title='bbox 483 1418 688 1487; x_wconf 88' lang='lat' dir='ltr'><strong>libros,</strong></span> <span class='ocrx_word' id='word_1_84' title='bbox 720 1417 877 1471; x_wconf 87' lang='lat' dir='ltr'><strong>haud</strong></span> <span class='ocrx_word' id='word_1_85' title='bbox 934 1415 1109 1470; x_wconf 88' lang='lat' dir='ltr'><strong>dubie</strong></span> <span class='ocrx_word' id='word_1_86' title='bbox 1165 1415 1410 1476; x_wconf 69' lang='lat' dir='ltr'><strong>Graecos,</strong></span> <span class='ocrx_word' id='word_1_87' title='bbox 1470 1410 1566 1465; x_wconf 91' lang='lat' dir='ltr'><strong>ubi</strong></span> <span class='ocrx_word' id='word_1_88' title='bbox 1619 1407 1842 1477; x_wconf 89' lang='lat' dir='ltr'><strong>reliqua</strong></span> <span class='ocrx_word' id='word_1_89' title='bbox 1874 1405 2130 1475; x_wconf 85' lang='lat' dir='ltr'><strong>legerent</strong></span> 
     </span>
    </p>
   </div>
   <div class='ocr_carea' id='block_1_15' title="bbox 487 1492 2124 1572">
    <p class='ocr_par' dir='ltr' id='par_1_15' title="bbox 487 1492 2124 1572">
     <span class='ocr_line' id='line_1_15' title="bbox 487 1492 2124 1572; baseline -0.011 -11"><span class='ocrx_word' id='word_1_90' title='bbox 487 1506 714 1563; x_wconf 87' lang='lat' dir='ltr'><strong>mittere</strong></span> <span class='ocrx_word' id='word_1_91' title='bbox 744 1510 1091 1560; x_wconf 89' lang='lat' dir='ltr'><strong>contentus:</strong></span> <span class='ocrx_word' id='word_1_92' title='bbox 1146 1503 1371 1558; x_wconf 79' lang='lat' dir='ltr'><strong>Potestis</strong></span> <span class='ocrx_word' id='word_1_93' title='bbox 1428 1501 1644 1572; x_wconf 79' lang='lat' dir='ltr'><strong>quippe,</strong></span> <span class='ocrx_word' id='word_1_94' title='bbox 1676 1494 1980 1566; x_wconf 81' lang='lat' dir='ltr'><strong>inquiebat</strong></span> <span class='ocrx_word' id='word_1_95' title='bbox 2010 1492 2124 1558; x_wconf 83' lang='lat' dir='ltr'><strong>illo,</strong></span> 
     </span>
    </p>
   </div>
   <div class='ocr_carea' id='block_1_16' title="bbox 484 1581 2128 1665">
    <p class='ocr_par' dir='ltr' id='par_1_16' title="bbox 484 1581 2128 1665">
     <span class='ocr_line' id='line_1_16' title="bbox 484 1581 2128 1665; baseline -0.01 -15"><span class='ocrx_word' id='word_1_96' title='bbox 484 1598 663 1665; x_wconf 80' lang='lat' dir='ltr'><strong>legere</strong></span> <span class='ocrx_word' id='word_1_97' title='bbox 689 1597 740 1649; x_wconf 85' lang='lat' dir='ltr'><strong>si</strong></span> <span class='ocrx_word' id='word_1_98' title='bbox 768 1595 954 1650; x_wconf 89' lang='lat' dir='ltr'><strong>vultis.</strong></span> <span class='ocrx_word' id='word_1_99' title='bbox 986 1592 1247 1662; x_wconf 88' lang='lat' dir='ltr'><strong>Denique</strong></span> <span class='ocrx_word' id='word_1_100' title='bbox 1290 1589 1399 1644; x_wconf 93' lang='lat' dir='ltr'><strong>hoc</strong></span> <span class='ocrx_word' id='word_1_101' title='bbox 1442 1604 1589 1658; x_wconf 90' lang='lat' dir='ltr'><strong>opus</strong></span> <span class='ocrx_word' id='word_1_102' title='bbox 1638 1583 1820 1639; x_wconf 84' lang='lat' dir='ltr'><strong>multo</strong></span> <span class='ocrx_word' id='word_1_103' title='bbox 1852 1581 2065 1652; x_wconf 68' lang='lat' dir='ltr'><strong>saepius</strong></span> <span class='ocrx_word' id='word_1_104' title='bbox 2095 1596 2128 1634; x_wconf 90' lang='lat' dir='ltr'><strong>a</strong></span> 
     </span>
    </p>
   </div>
   <div class='ocr_carea' id='block_1_17' title="bbox 487 1670 2128 1751">
    <p class='ocr_par' dir='ltr' id='par_1_17' title="bbox 487 1670 2128 1751">
     <span class='ocr_line' id='line_1_17' title="bbox 487 1670 2128 1751; baseline -0.01 -13"><span class='ocrx_word' id='word_1_105' title='bbox 487 1683 697 1740; x_wconf 63' lang='lat' dir='ltr'><strong>Gracia</strong></span> <span class='ocrx_word' id='word_1_106' title='bbox 726 1683 992 1739; x_wconf 87' lang='lat' dir='ltr'><strong>Palribus</strong></span> <span class='ocrx_word' id='word_1_107' title='bbox 1024 1697 1199 1751; x_wconf 89' lang='lat' dir='ltr'><strong>quam</strong></span> <span class='ocrx_word' id='word_1_108' title='bbox 1225 1697 1259 1734; x_wconf 91' lang='lat' dir='ltr'><strong>a</strong></span> <span class='ocrx_word' id='word_1_109' title='bbox 1308 1676 1530 1733; x_wconf 87' lang='lat' dir='ltr'><strong>Latinis</strong></span> <span class='ocrx_word' id='word_1_110' title='bbox 1578 1674 1885 1729; x_wconf 90' lang='lat' dir='ltr'><strong>laudatum</strong></span> <span class='ocrx_word' id='word_1_111' title='bbox 1919 1677 2024 1725; x_wconf 87' lang='lat' dir='ltr'><strong>est.</strong></span> <span class='ocrx_word' id='word_1_112' title='bbox 2056 1670 2128 1723; x_wconf 90' lang='lat' dir='ltr'><strong>At</strong></span> 
     </span>
    </p>
   </div>
   <div class='ocr_carea' id='block_1_18' title="bbox 484 1760 2123 1844">
    <p class='ocr_par' dir='ltr' id='par_1_18' title="bbox 484 1760 2123 1844">
     <span class='ocr_line' id='line_1_18' title="bbox 484 1760 2123 1844; baseline -0.012 -14"><span class='ocrx_word' id='word_1_113' title='bbox 484 1790 679 1841; x_wconf 88' lang='lat' dir='ltr'><strong>nemo,</strong></span> <span class='ocrx_word' id='word_1_114' title='bbox 709 1772 794 1828; x_wconf 89' lang='lat' dir='ltr'><strong>uti</strong></span> <span class='ocrx_word' id='word_1_115' title='bbox 846 1772 1072 1844; x_wconf 87' lang='lat' dir='ltr'><strong>opinor,</strong></span> <span class='ocrx_word' id='word_1_116' title='bbox 1123 1770 1338 1825; x_wconf 90' lang='lat' dir='ltr'><strong>librum</strong></span> <span class='ocrx_word' id='word_1_117' title='bbox 1383 1764 1605 1821; x_wconf 86' lang='lat' dir='ltr'><strong>Latinis</strong></span> <span class='ocrx_word' id='word_1_118' title='bbox 1651 1778 1796 1834; x_wconf 90' lang='lat' dir='ltr'><strong>pene</strong></span> <span class='ocrx_word' id='word_1_119' title='bbox 1834 1760 2123 1831; x_wconf 82' lang='lat' dir='ltr'><strong>ignotum,</strong></span> 
     </span>
    </p>
   </div>
   <div class='ocr_carea' id='block_1_19' title="bbox 2240 600 3875 677">
    <p class='ocr_par' dir='ltr' id='par_1_19' title="bbox 2240 600 3875 677">
     <span class='ocr_line' id='line_1_19' title="bbox 2240 600 3875 677; baseline 0.004 -23"><span class='ocrx_word' id='word_1_120' title='bbox 2240 600 2577 657; x_wconf 88' lang='lat' dir='ltr'><strong>dilectiones</strong></span> <span class='ocrx_word' id='word_1_121' title='bbox 2606 601 2756 657; x_wconf 90' lang='lat' dir='ltr'><strong>inter</strong></span> <span class='ocrx_word' id='word_1_122' title='bbox 2784 602 3179 657; x_wconf 86' lang='lat' dir='ltr'><strong>barbarismos</strong></span> <span class='ocrx_word' id='word_1_123' title='bbox 3226 608 3507 672; x_wconf 87' lang='lat' dir='ltr'><strong>recenset,</strong></span> <span class='ocrx_word' id='word_1_124' title='bbox 3548 623 3698 677; x_wconf 89' lang='lat' dir='ltr'><strong>quas</strong></span> <span class='ocrx_word' id='word_1_125' title='bbox 3732 608 3875 677; x_wconf 91' lang='lat' dir='ltr'><strong>apud</strong></span> 
     </span>
    </p>
   </div>
   <div class='ocr_carea' id='block_1_20' title="bbox 2240 690 3878 764">
    <p class='ocr_par' dir='ltr' id='par_1_20' title="bbox 2240 690 3878 764">
     <span class='ocr_line' id='line_1_20' title="bbox 2240 690 3878 764; baseline 0.003 -20"><span class='ocrx_word' id='word_1_126' title='bbox 2240 690 2574 761; x_wconf 89' lang='lat' dir='ltr'><strong>scriptiores</strong></span> <span class='ocrx_word' id='word_1_127' title='bbox 2606 690 2891 762; x_wconf 89' lang='lat' dir='ltr'><strong>politioris</strong></span> <span class='ocrx_word' id='word_1_128' title='bbox 2939 691 3237 763; x_wconf 60' lang='lat' dir='ltr'><strong>elegantia</strong></span> <span class='ocrx_word' id='word_1_129' title='bbox 3279 693 3532 764; x_wconf 88' lang='lat' dir='ltr'><strong>reperire</strong></span> <span class='ocrx_word' id='word_1_130' title='bbox 3576 699 3688 751; x_wconf 87' lang='lat' dir='ltr'><strong>est.</strong></span> <span class='ocrx_word' id='word_1_131' title='bbox 3724 697 3878 760; x_wconf 86' lang='lat' dir='ltr'><strong>Quod</strong></span> 
     </span>
    </p>
   </div>
   <div class='ocr_carea' id='block_1_21' title="bbox 2237 780 3880 851">
    <p class='ocr_par' dir='ltr' id='par_1_21' title="bbox 2237 780 3880 851">
     <span class='ocr_line' id='line_1_21' title="bbox 2237 780 3880 851; baseline 0.004 -18"><span class='ocrx_word' id='word_1_132' title='bbox 2237 795 2372 833; x_wconf 89' lang='lat' dir='ltr'><strong>vero</strong></span> <span class='ocrx_word' id='word_1_133' title='bbox 2405 780 2474 833; x_wconf 90' lang='lat' dir='ltr'><strong>ad</strong></span> <span class='ocrx_word' id='word_1_134' title='bbox 2510 780 2830 835; x_wconf 89' lang='lat' dir='ltr'><strong>secundum</strong></span> <span class='ocrx_word' id='word_1_135' title='bbox 2862 785 3103 851; x_wconf 83' lang='lat' dir='ltr'><strong>spectat,</strong></span> <span class='ocrx_word' id='word_1_136' title='bbox 3135 780 3269 835; x_wconf 90' lang='lat' dir='ltr'><strong>inde</strong></span> <span class='ocrx_word' id='word_1_137' title='bbox 3299 781 3429 836; x_wconf 76' lang='lat' dir='ltr'><strong>falsi</strong></span> <span class='ocrx_word' id='word_1_138' title='bbox 3466 781 3564 838; x_wconf 90' lang='lat' dir='ltr'><strong>ille</strong></span> <span class='ocrx_word' id='word_1_139' title='bbox 3595 784 3880 839; x_wconf 83' lang='lat' dir='ltr'><strong>convinci-</strong></span> 
     </span>
    </p>
   </div>
   <div class='ocr_carea' id='block_1_22' title="bbox 2236 867 3881 939">
    <p class='ocr_par' dir='ltr' id='par_1_22' title="bbox 2236 867 3881 939">
     <span class='ocr_line' id='line_1_22' title="bbox 2236 867 3881 939; baseline 0.006 -19"><span class='ocrx_word' id='word_1_140' title='bbox 2236 869 2353 937; x_wconf 85' lang='lat' dir='ltr'><strong>tur,</strong></span> <span class='ocrx_word' id='word_1_141' title='bbox 2387 868 2539 938; x_wconf 92' lang='lat' dir='ltr'><strong>quod</strong></span> <span class='ocrx_word' id='word_1_142' title='bbox 2573 867 2741 939; x_wconf 89' lang='lat' dir='ltr'><strong>longe</strong></span> <span class='ocrx_word' id='word_1_143' title='bbox 2779 867 3046 939; x_wconf 89' lang='lat' dir='ltr'><strong>pluribus</strong></span> <span class='ocrx_word' id='word_1_144' title='bbox 3072 874 3207 924; x_wconf 89' lang='lat' dir='ltr'><strong>ante</strong></span> <span class='ocrx_word' id='word_1_145' title='bbox 3243 871 3621 927; x_wconf 83' lang='lat' dir='ltr'><strong>Anastasium</strong></span> <span class='ocrx_word' id='word_1_146' title='bbox 3652 873 3881 930; x_wconf 67' lang='lat' dir='ltr'><strong>saeculis</strong></span> 
     </span>
    </p>
   </div>
   <div class='ocr_carea' id='block_1_23' title="bbox 2238 956 3885 1033">
    <p class='ocr_par' dir='ltr' id='par_1_23' title="bbox 2238 956 3885 1033">
     <span class='ocr_line' id='line_1_23' title="bbox 2238 956 3885 1033; baseline 0.006 -25"><span class='ocrx_word' id='word_1_147' title='bbox 2238 956 2505 1026; x_wconf 67' lang='lat' dir='ltr'><strong>quaedam</strong></span> <span class='ocrx_word' id='word_1_148' title='bbox 2530 956 2707 1027; x_wconf 89' lang='lat' dir='ltr'><strong>hujus</strong></span> <span class='ocrx_word' id='word_1_149' title='bbox 2723 956 2939 1011; x_wconf 66' lang='lat' dir='ltr'><strong>Latinae</strong></span> <span class='ocrx_word' id='word_1_150' title='bbox 2954 956 3448 1028; x_wconf 85' lang='lat' dir='ltr'><strong>interpretationis</strong></span> <span class='ocrx_word' id='word_1_151' title='bbox 3468 960 3668 1029; x_wconf 87' lang='lat' dir='ltr'><strong>verba,</strong></span> <span class='ocrx_word' id='word_1_152' title='bbox 3691 962 3885 1033; x_wconf 84' lang='lat' dir='ltr'><strong>qualia</strong></span> 
     </span>
    </p>
   </div>
   <div class='ocr_carea' id='block_1_24' title="bbox 2238 1043 3883 1124">
    <p class='ocr_par' dir='ltr' id='par_1_24' title="bbox 2238 1043 3883 1124">
     <span class='ocr_line' id='line_1_24' title="bbox 2238 1043 3883 1124; baseline 0.006 -28"><span class='ocrx_word' id='word_1_153' title='bbox 2238 1043 2297 1097; x_wconf 92' lang='lat' dir='ltr'><strong>in</strong></span> <span class='ocrx_word' id='word_1_154' title='bbox 2322 1059 2390 1099; x_wconf 91' lang='lat' dir='ltr'><strong>ea</strong></span> <span class='ocrx_word' id='word_1_155' title='bbox 2419 1044 2547 1116; x_wconf 89' lang='lat' dir='ltr'><strong>ipsa</strong></span> <span class='ocrx_word' id='word_1_156' title='bbox 2575 1044 2885 1113; x_wconf 88' lang='lat' dir='ltr'><strong>habentur,</strong></span> <span class='ocrx_word' id='word_1_157' title='bbox 2913 1063 2947 1099; x_wconf 91' lang='lat' dir='ltr'><strong>a</strong></span> <span class='ocrx_word' id='word_1_158' title='bbox 2974 1044 3333 1103; x_wconf 86' lang='lat' dir='ltr'><strong>Tertulliano</strong></span> <span class='ocrx_word' id='word_1_159' title='bbox 3363 1049 3722 1121; x_wconf 87' lang='lat' dir='ltr'><strong>transcripta</strong></span> <span class='ocrx_word' id='word_1_160' title='bbox 3750 1050 3883 1124; x_wconf 82' lang='lat' dir='ltr'><strong>legi-</strong></span> 
     </span>
    </p>
   </div>
   <div class='ocr_carea' id='block_1_25' title="bbox 2239 1133 3882 1209">
    <p class='ocr_par' dir='ltr' id='par_1_25' title="bbox 2239 1133 3882 1209">
     <span class='ocr_line' id='line_1_25' title="bbox 2239 1133 3882 1209; baseline 0.006 -23"><span class='ocrx_word' id='word_1_161' title='bbox 2239 1149 2393 1188; x_wconf 88' lang='lat' dir='ltr'><strong>mus.</strong></span> <span class='ocrx_word' id='word_1_162' title='bbox 2421 1133 2613 1203; x_wconf 88' lang='lat' dir='ltr'><strong>Neque</strong></span> <span class='ocrx_word' id='word_1_163' title='bbox 2638 1134 2852 1190; x_wconf 83' lang='lat' dir='ltr'><strong>dixeris</strong></span> <span class='ocrx_word' id='word_1_164' title='bbox 2883 1134 3039 1189; x_wconf 91' lang='lat' dir='ltr'><strong>hunc</strong></span> <span class='ocrx_word' id='word_1_165' title='bbox 3070 1134 3308 1203; x_wconf 89' lang='lat' dir='ltr'><strong>librum,</strong></span> <span class='ocrx_word' id='word_1_166' title='bbox 3352 1141 3417 1191; x_wconf 91' lang='lat' dir='ltr'><strong>ut</strong></span> <span class='ocrx_word' id='word_1_167' title='bbox 3440 1154 3622 1209; x_wconf 86' lang='lat' dir='ltr'><strong>supra</strong></span> <span class='ocrx_word' id='word_1_168' title='bbox 3651 1141 3882 1195; x_wconf 90' lang='lat' dir='ltr'><strong>monui-</strong></span> 
     </span>
    </p>
   </div>
   <div class='ocr_carea' id='block_1_26' title="bbox 2238 1221 3884 1296">
    <p class='ocr_par' dir='ltr' id='par_1_26' title="bbox 2238 1221 3884 1296">
     <span class='ocr_line' id='line_1_26' title="bbox 2238 1221 3884 1296; baseline 0.005 -22"><span class='ocrx_word' id='word_1_169' title='bbox 2238 1236 2371 1275; x_wconf 88' lang='lat' dir='ltr'><strong>mus</strong></span> <span class='ocrx_word' id='word_1_170' title='bbox 2403 1225 2659 1292; x_wconf 90' lang='lat' dir='ltr'><strong>tempore</strong></span> <span class='ocrx_word' id='word_1_171' title='bbox 2712 1221 3043 1294; x_wconf 82' lang='lat' dir='ltr'><strong>Hieronymi</strong></span> <span class='ocrx_word' id='word_1_172' title='bbox 3092 1222 3357 1293; x_wconf 89' lang='lat' dir='ltr'><strong>ignotum</strong></span> <span class='ocrx_word' id='word_1_173' title='bbox 3416 1224 3600 1281; x_wconf 86' lang='lat' dir='ltr'><strong>fuisse</strong></span> <span class='ocrx_word' id='word_1_174' title='bbox 3638 1227 3884 1296; x_wconf 83' lang='lat' dir='ltr'><strong>Latinis,</strong></span> 
     </span>
    </p>
   </div>
   <div class='ocr_carea' id='block_1_27' title="bbox 2237 1308 3887 1382">
    <p class='ocr_par' dir='ltr' id='par_1_27' title="bbox 2237 1308 3887 1382">
     <span class='ocr_line' id='line_1_27' title="bbox 2237 1308 3887 1382; baseline 0.006 -19"><span class='ocrx_word' id='word_1_175' title='bbox 2237 1308 2410 1379; x_wconf 85' lang='lat' dir='ltr'><strong>idque</strong></span> <span class='ocrx_word' id='word_1_176' title='bbox 2440 1316 2786 1382; x_wconf 85' lang='lat' dir='ltr'><strong>argumento</strong></span> <span class='ocrx_word' id='word_1_177' title='bbox 2839 1328 2968 1367; x_wconf 87' lang='lat' dir='ltr'><strong>esse</strong></span> <span class='ocrx_word' id='word_1_178' title='bbox 2998 1310 3165 1366; x_wconf 88' lang='lat' dir='ltr'><strong>illum</strong></span> <span class='ocrx_word' id='word_1_179' title='bbox 3224 1313 3486 1368; x_wconf 89' lang='lat' dir='ltr'><strong>nondum</strong></span> <span class='ocrx_word' id='word_1_180' title='bbox 3517 1319 3658 1371; x_wconf 87' lang='lat' dir='ltr'><strong>tunc</strong></span> <span class='ocrx_word' id='word_1_181' title='bbox 3688 1316 3887 1373; x_wconf 87' lang='lat' dir='ltr'><strong>Latine</strong></span> 
     </span>
    </p>
   </div>
   <div class='ocr_carea' id='block_1_28' title="bbox 2236 1398 3885 1477">
    <p class='ocr_par' dir='ltr' id='par_1_28' title="bbox 2236 1398 3885 1477">
     <span class='ocr_line' id='line_1_28' title="bbox 2236 1398 3885 1477; baseline 0.006 -26"><span class='ocrx_word' id='word_1_182' title='bbox 2236 1398 2551 1453; x_wconf 88' lang='lat' dir='ltr'><strong>redditum.</strong></span> <span class='ocrx_word' id='word_1_183' title='bbox 2576 1400 2721 1455; x_wconf 92' lang='lat' dir='ltr'><strong>Nam</strong></span> <span class='ocrx_word' id='word_1_184' title='bbox 2754 1399 2941 1455; x_wconf 84' lang='lat' dir='ltr'><strong>futilis</strong></span> <span class='ocrx_word' id='word_1_185' title='bbox 2972 1405 3030 1455; x_wconf 90' lang='lat' dir='ltr'><strong>et</strong></span> <span class='ocrx_word' id='word_1_186' title='bbox 3055 1417 3203 1455; x_wconf 86' lang='lat' dir='ltr'><strong>vana</strong></span> <span class='ocrx_word' id='word_1_187' title='bbox 3230 1405 3320 1456; x_wconf 89' lang='lat' dir='ltr'><strong>est</strong></span> <span class='ocrx_word' id='word_1_188' title='bbox 3345 1401 3467 1457; x_wconf 69' lang='lat' dir='ltr'><strong>haec</strong></span> <span class='ocrx_word' id='word_1_189' title='bbox 3495 1404 3885 1477; x_wconf 85' lang='lat' dir='ltr'><strong>ratiocinatio,</strong></span> 
     </span>
    </p>
   </div>
   <div class='ocr_carea' id='block_1_29' title="bbox 2236 1488 3883 1561">
    <p class='ocr_par' dir='ltr' id='par_1_29' title="bbox 2236 1488 3883 1561">
     <span class='ocr_line' id='line_1_29' title="bbox 2236 1488 3883 1561; baseline 0.006 -21"><span class='ocrx_word' id='word_1_190' title='bbox 2236 1488 2714 1558; x_wconf 79' lang='lat' dir='ltr'><strong>quandoquidem</strong></span> <span class='ocrx_word' id='word_1_191' title='bbox 2746 1488 2839 1543; x_wconf 91' lang='lat' dir='ltr'><strong>hic</strong></span> <span class='ocrx_word' id='word_1_192' title='bbox 2868 1488 3014 1545; x_wconf 92' lang='lat' dir='ltr'><strong>liber</strong></span> <span class='ocrx_word' id='word_1_193' title='bbox 3062 1505 3179 1544; x_wconf 92' lang='lat' dir='ltr'><strong>non</strong></span> <span class='ocrx_word' id='word_1_194' title='bbox 3228 1494 3455 1546; x_wconf 88' lang='lat' dir='ltr'><strong>tantum</strong></span> <span class='ocrx_word' id='word_1_195' title='bbox 3500 1492 3883 1561; x_wconf 82' lang='lat' dir='ltr'><strong>Tertulliano,</strong></span> 
     </span>
    </p>
   </div>
   <div class='ocr_carea' id='block_1_30' title="bbox 2236 1576 3884 1650">
    <p class='ocr_par' dir='ltr' id='par_1_30' title="bbox 2236 1576 3884 1650">
     <span class='ocr_line' id='line_1_30' title="bbox 2236 1576 3884 1650; baseline 0.007 -20"><span class='ocrx_word' id='word_1_196' title='bbox 2236 1576 2336 1646; x_wconf 89' lang='lat' dir='ltr'><strong>qui</strong></span> <span class='ocrx_word' id='word_1_197' title='bbox 2371 1577 2714 1650; x_wconf 81' lang='lat' dir='ltr'><strong>Hieronymo</strong></span> <span class='ocrx_word' id='word_1_198' title='bbox 2744 1578 3043 1650; x_wconf 88' lang='lat' dir='ltr'><strong>antiquior</strong></span> <span class='ocrx_word' id='word_1_199' title='bbox 3071 1584 3178 1645; x_wconf 89' lang='lat' dir='ltr'><strong>est,</strong></span> <span class='ocrx_word' id='word_1_200' title='bbox 3225 1580 3573 1637; x_wconf 91' lang='lat' dir='ltr'><strong>notissimus</strong></span> <span class='ocrx_word' id='word_1_201' title='bbox 3606 1583 3759 1650; x_wconf 89' lang='lat' dir='ltr'><strong>fuit;</strong></span> <span class='ocrx_word' id='word_1_202' title='bbox 3792 1601 3884 1641; x_wconf 82' lang='lat' dir='ltr'><strong>ve-</strong></span> 
     </span>
    </p>
   </div>
   <div class='ocr_carea' id='block_1_31' title="bbox 2236 1665 3887 1745">
    <p class='ocr_par' dir='ltr' id='par_1_31' title="bbox 2236 1665 3887 1745">
     <span class='ocr_line' id='line_1_31' title="bbox 2236 1665 3887 1745; baseline 0.007 -27"><span class='ocrx_word' id='word_1_203' title='bbox 2236 1681 2365 1719; x_wconf 91' lang='lat' dir='ltr'><strong>rum</strong></span> <span class='ocrx_word' id='word_1_204' title='bbox 2398 1665 2572 1720; x_wconf 87' lang='lat' dir='ltr'><strong>etiam</strong></span> <span class='ocrx_word' id='word_1_205' title='bbox 2607 1667 2815 1723; x_wconf 89' lang='lat' dir='ltr'><strong>Ruﬁno</strong></span> <span class='ocrx_word' id='word_1_206' title='bbox 2861 1670 2919 1722; x_wconf 90' lang='lat' dir='ltr'><strong>et</strong></span> <span class='ocrx_word' id='word_1_207' title='bbox 2968 1667 3266 1734; x_wconf 88' lang='lat' dir='ltr'><strong>Cassiano,</strong></span> <span class='ocrx_word' id='word_1_208' title='bbox 3316 1669 3505 1726; x_wconf 89' lang='lat' dir='ltr'><strong>eidem</strong></span> <span class='ocrx_word' id='word_1_209' title='bbox 3533 1670 3887 1745; x_wconf 72' lang='lat' dir='ltr'><strong>Hieronymo</strong></span> 
     </span>
    </p>
   </div>
   <div class='ocr_carea' id='block_1_32' title="bbox 2234 1753 3888 1832">
    <p class='ocr_par' dir='ltr' id='par_1_32' title="bbox 2234 1753 3888 1832">
     <span class='ocr_line' id='line_1_32' title="bbox 2234 1753 3888 1832; baseline 0.005 -24"><span class='ocrx_word' id='word_1_210' title='bbox 2234 1753 2435 1809; x_wconf 65' lang='lat' dir='ltr'><strong>comvis</strong></span> <span class='ocrx_word' id='word_1_211' title='bbox 2456 1759 2513 1809; x_wconf 93' lang='lat' dir='ltr'><strong>et</strong></span> <span class='ocrx_word' id='word_1_212' title='bbox 2534 1756 2910 1827; x_wconf 88' lang='lat' dir='ltr'><strong>supparibus,</strong></span> <span class='ocrx_word' id='word_1_213' title='bbox 2932 1757 3031 1826; x_wconf 90' lang='lat' dir='ltr'><strong>qui</strong></span> <span class='ocrx_word' id='word_1_214' title='bbox 3053 1756 3209 1813; x_wconf 92' lang='lat' dir='ltr'><strong>hunc</strong></span> <span class='ocrx_word' id='word_1_215' title='bbox 3230 1757 3445 1815; x_wconf 90' lang='lat' dir='ltr'><strong>librum</strong></span> <span class='ocrx_word' id='word_1_216' title='bbox 3472 1760 3678 1832; x_wconf 90' lang='lat' dir='ltr'><strong>procul</strong></span> <span class='ocrx_word' id='word_1_217' title='bbox 3710 1761 3888 1817; x_wconf 91' lang='lat' dir='ltr'><strong>dubio</strong></span> 
     </span>
    </p>
   </div>
   <div class='ocr_carea' id='block_1_33' title="bbox 486 1842 3236 1952">
    <p class='ocr_par' dir='ltr' id='par_1_33' title="bbox 486 1842 3236 1952">
     <span class='ocr_line' id='line_1_33' title="bbox 486 1842 3236 1952; baseline -0.005 -33"><span class='ocrx_word' id='word_1_218' title='bbox 486 1862 699 1919; x_wconf 71' lang='lat' dir='ltr'><strong>Graecis</strong></span> <span class='ocrx_word' id='word_1_219' title='bbox 726 1877 857 1917; x_wconf 90' lang='lat' dir='ltr'><strong>vero</strong></span> <span class='ocrx_word' id='word_1_220' title='bbox 886 1842 1005 1916; x_wconf 72' lang='lat' dir='ltr'><strong>non</strong></span> <span class='ocrx_word' id='word_1_221' title='bbox 1037 1858 1223 1915; x_wconf 90' lang='lat' dir='ltr'><strong>doctis</strong></span> <span class='ocrx_word' id='word_1_222' title='bbox 1254 1853 1613 1952; x_wconf 41' lang='lat' dir='ltr'><strong>tant-um,sed</strong></span> <span class='ocrx_word' id='word_1_223' title='bbox 1644 1851 1978 1952; x_wconf 30' lang='lat' dir='ltr'><strong>qqﬁibusque</strong></span> <span class='ocrx_word' id='word_1_224' title='bbox 2001 1863 2127 1944; x_wconf 87' lang='lat' dir='ltr'><strong>pas-</strong></span> <span class='ocrx_word' id='word_1_225' title='bbox 2156 1888 2204 1952; x_wconf 79' lang='grc' dir='ltr'><strong>Β</strong></span> <span class='ocrx_word' id='word_1_226' title='bbox 2238 1842 2433 1897; x_wconf 88' lang='lat' dir='ltr'><strong>Latine</strong></span> <span class='ocrx_word' id='word_1_227' title='bbox 2464 1842 2911 1915; x_wconf 88' lang='lat' dir='ltr'><strong>interpretatum</strong></span> <span class='ocrx_word' id='word_1_228' title='bbox 2940 1845 3236 1904; x_wconf 87' lang='lat' dir='ltr'><strong>viderunt.</strong></span> 
     </span>
    </p>
   </div>
   <div class='ocr_carea' id='block_1_34' title="bbox 481 1934 2126 2010">
    <p class='ocr_par' dir='ltr' id='par_1_34' title="bbox 481 1934 2126 2010">
     <span class='ocr_line' id='line_1_34' title="bbox 481 1934 2126 2010; baseline -0.013 -3"><span class='ocrx_word' id='word_1_229' title='bbox 481 1953 596 2007; x_wconf 89' lang='lat' dir='ltr'><strong>sim</strong></span> <span class='ocrx_word' id='word_1_230' title='bbox 651 1950 1025 2007; x_wconf 89' lang='lat' dir='ltr'><strong>notissimum</strong></span> <span class='ocrx_word' id='word_1_231' title='bbox 1082 1952 1138 2003; x_wconf 91' lang='lat' dir='ltr'><strong>et</strong></span> <span class='ocrx_word' id='word_1_232' title='bbox 1193 1942 1667 2010; x_wconf 89' lang='lat' dir='ltr'><strong>usitatissimum,</strong></span> <span class='ocrx_word' id='word_1_233' title='bbox 1702 1937 1894 1993; x_wconf 85' lang='lat' dir='ltr'><strong>Graece</strong></span> <span class='ocrx_word' id='word_1_234' title='bbox 1941 1934 2126 2006; x_wconf 88' lang='lat' dir='ltr'><strong>primo</strong></span> 
     </span>
    </p>
   </div>
   <div class='ocr_carea' id='block_1_35' title="bbox 481 2035 1391 2112">
    <p class='ocr_par' dir='ltr' id='par_1_35' title="bbox 481 2035 1391 2112">
     <span class='ocr_line' id='line_1_35' title="bbox 481 2035 1391 2112; baseline -0.01 -16"><span class='ocrx_word' id='word_1_235' title='bbox 481 2041 766 2112; x_wconf 89' lang='lat' dir='ltr'><strong>scriptum</strong></span> <span class='ocrx_word' id='word_1_236' title='bbox 799 2039 981 2094; x_wconf 86' lang='lat' dir='ltr'><strong>fuisse</strong></span> <span class='ocrx_word' id='word_1_237' title='bbox 1010 2035 1391 2092; x_wconf 89' lang='lat' dir='ltr'><strong>inﬁciabitur.</strong></span> 
     </span>
    </p>
   </div>
   <div class='ocr_carea' id='block_1_36' title="bbox 549 2111 2129 2187">
    <p class='ocr_par' dir='ltr' id='par_1_36' title="bbox 549 2111 2129 2187">
     <span class='ocr_line' id='line_1_36' title="bbox 549 2111 2129 2187; baseline -0.014 -1"><span class='ocrx_word' id='word_1_238' title='bbox 549 2111 841 2185; x_wconf 87' lang='lat' dir='ltr'><strong>Nonnulla</strong></span> <span class='ocrx_word' id='word_1_239' title='bbox 873 2132 1066 2183; x_wconf 90' lang='lat' dir='ltr'><strong>tamen</strong></span> <span class='ocrx_word' id='word_1_240' title='bbox 1099 2130 1302 2180; x_wconf 88' lang='lat' dir='ltr'><strong>contra</strong></span> <span class='ocrx_word' id='word_1_241' title='bbox 1332 2122 1452 2176; x_wconf 77' lang='lat' dir='ltr'><strong>haec</strong></span> <span class='ocrx_word' id='word_1_242' title='bbox 1501 2118 1718 2183; x_wconf 83' lang='lat' dir='ltr'><strong>omnia,</strong></span> <span class='ocrx_word' id='word_1_243' title='bbox 1751 2111 2129 2187; x_wconf 67' lang='lat' dir='ltr'><strong>quantumvis</strong></span> 
     </span>
    </p>
   </div>
   <div class='ocr_carea' id='block_1_37' title="bbox 481 2200 2130 2288">
    <p class='ocr_par' dir='ltr' id='par_1_37' title="bbox 481 2200 2130 2288">
     <span class='ocr_line' id='line_1_37' title="bbox 481 2200 2130 2288; baseline -0.013 -14"><span class='ocrx_word' id='word_1_244' title='bbox 481 2218 674 2274; x_wconf 89' lang='lat' dir='ltr'><strong>valida</strong></span> <span class='ocrx_word' id='word_1_245' title='bbox 704 2216 823 2272; x_wconf 92' lang='lat' dir='ltr'><strong>sint</strong></span> <span class='ocrx_word' id='word_1_246' title='bbox 853 2219 1220 2288; x_wconf 87' lang='lat' dir='ltr'><strong>argumenta,</strong></span> <span class='ocrx_word' id='word_1_247' title='bbox 1253 2210 1465 2283; x_wconf 90' lang='lat' dir='ltr'><strong>opponi</strong></span> <span class='ocrx_word' id='word_1_248' title='bbox 1512 2208 1713 2279; x_wconf 90' lang='lat' dir='ltr'><strong>utique</strong></span> <span class='ocrx_word' id='word_1_249' title='bbox 1761 2206 2029 2275; x_wconf 87' lang='lat' dir='ltr'><strong>possunt.</strong></span> <span class='ocrx_word' id='word_1_250' title='bbox 2062 2200 2130 2253; x_wconf 87' lang='lat' dir='ltr'><strong>Et</strong></span> 
     </span>
    </p>
   </div>
   <div class='ocr_carea' id='block_1_38' title="bbox 484 2296 2127 2381">
    <p class='ocr_par' dir='ltr' id='par_1_38' title="bbox 484 2296 2127 2381">
     <span class='ocr_line' id='line_1_38' title="bbox 484 2296 2127 2381; baseline -0.013 -17"><span class='ocrx_word' id='word_1_251' title='bbox 484 2308 670 2381; x_wconf 89' lang='lat' dir='ltr'><strong>primo</strong></span> <span class='ocrx_word' id='word_1_252' title='bbox 702 2306 961 2378; x_wconf 88' lang='lat' dir='ltr'><strong>quidem,</strong></span> <span class='ocrx_word' id='word_1_253' title='bbox 1017 2306 1215 2359; x_wconf 90' lang='lat' dir='ltr'><strong>omnia</strong></span> <span class='ocrx_word' id='word_1_254' title='bbox 1265 2302 1490 2356; x_wconf 75' lang='lat' dir='ltr'><strong>Hermae</strong></span> <span class='ocrx_word' id='word_1_255' title='bbox 1547 2298 1690 2363; x_wconf 88' lang='lat' dir='ltr'><strong>visa,</strong></span> <span class='ocrx_word' id='word_1_256' title='bbox 1751 2310 1865 2349; x_wconf 90' lang='lat' dir='ltr'><strong>uno</strong></span> <span class='ocrx_word' id='word_1_257' title='bbox 1897 2296 2127 2347; x_wconf 88' lang='lat' dir='ltr'><strong>tantum</strong></span> 
     </span>
    </p>
   </div>
   <div class='ocr_carea' id='block_1_39' title="bbox 484 2380 2129 2469">
    <p class='ocr_par' dir='ltr' id='par_1_39' title="bbox 484 2380 2129 2469">
     <span class='ocr_line' id='line_1_39' title="bbox 484 2380 2129 2469; baseline -0.01 -16"><span class='ocrx_word' id='word_1_258' title='bbox 484 2380 741 2469; x_wconf 84' lang='lat' dir='ltr'><strong>excepto,</strong></span> <span class='ocrx_word' id='word_1_259' title='bbox 774 2396 968 2450; x_wconf 60' lang='lat' dir='ltr'><strong>Romae</strong></span> <span class='ocrx_word' id='word_1_260' title='bbox 998 2393 1085 2450; x_wconf 90' lang='lat' dir='ltr'><strong>vel</strong></span> <span class='ocrx_word' id='word_1_261' title='bbox 1142 2392 1200 2446; x_wconf 91' lang='lat' dir='ltr'><strong>in</strong></span> <span class='ocrx_word' id='word_1_262' title='bbox 1234 2391 1440 2447; x_wconf 87' lang='lat' dir='ltr'><strong>vicinis</strong></span> <span class='ocrx_word' id='word_1_263' title='bbox 1483 2387 1746 2457; x_wconf 88' lang='lat' dir='ltr'><strong>ejusdem</strong></span> <span class='ocrx_word' id='word_1_264' title='bbox 1796 2382 1960 2439; x_wconf 90' lang='lat' dir='ltr'><strong>urbis</strong></span> <span class='ocrx_word' id='word_1_265' title='bbox 1987 2380 2129 2436; x_wconf 90' lang='lat' dir='ltr'><strong>locis</strong></span> 
     </span>
    </p>
   </div>
   <div class='ocr_carea' id='block_1_40' title="bbox 487 2469 2130 2543">
    <p class='ocr_par' dir='ltr' id='par_1_40' title="bbox 487 2469 2130 2543">
     <span class='ocr_line' id='line_1_40' title="bbox 487 2469 2130 2543; baseline -0.011 -2"><span class='ocrx_word' id='word_1_266' title='bbox 487 2488 623 2541; x_wconf 82' lang='lat' dir='ltr'><strong>data</strong></span> <span class='ocrx_word' id='word_1_267' title='bbox 652 2492 983 2540; x_wconf 82' lang='lat' dir='ltr'><strong>narrantur.</strong></span> <span class='ocrx_word' id='word_1_268' title='bbox 1018 2482 1238 2538; x_wconf 89' lang='lat' dir='ltr'><strong>Deinde</strong></span> <span class='ocrx_word' id='word_1_269' title='bbox 1269 2496 1399 2534; x_wconf 87' lang='lat' dir='ltr'><strong>vero</strong></span> <span class='ocrx_word' id='word_1_270' title='bbox 1432 2482 1675 2531; x_wconf 83' lang='lat' dir='ltr'><strong>Hermas</strong></span> <span class='ocrx_word' id='word_1_271' title='bbox 1697 2477 1767 2529; x_wconf 89' lang='lat' dir='ltr'><strong>de</strong></span> <span class='ocrx_word' id='word_1_272' title='bbox 1790 2471 2015 2543; x_wconf 84' lang='lat' dir='ltr'><strong>jejunio</strong></span> <span class='ocrx_word' id='word_1_273' title='bbox 2048 2469 2130 2525; x_wconf 91' lang='lat' dir='ltr'><strong>sic</strong></span> 
     </span>
    </p>
   </div>
   <div class='ocr_carea' id='block_1_41' title="bbox 485 2561 2129 2646">
    <p class='ocr_par' dir='ltr' id='par_1_41' title="bbox 485 2561 2129 2646">
     <span class='ocr_line' id='line_1_41' title="bbox 485 2561 2129 2646; baseline -0.012 -16"><span class='ocrx_word' id='word_1_274' title='bbox 485 2574 747 2646; x_wconf 90' lang='lat' dir='ltr'><strong>loquitur</strong></span> <span class='ocrx_word' id='word_1_275' title='bbox 805 2574 897 2625; x_wconf 71' lang='lat'><strong>13:</strong></span> <span class='ocrx_word' id='word_1_276' title='bbox 962 2572 1133 2627; x_wconf 82' lang='lat' dir='ltr'><strong>Video</strong></span> <span class='ocrx_word' id='word_1_277' title='bbox 1194 2572 1567 2624; x_wconf 73' lang='lat' dir='ltr'><strong>Pastorem...</strong></span> <span class='ocrx_word' id='word_1_278' title='bbox 1630 2564 1894 2619; x_wconf 74' lang='lat' dir='ltr'><strong>dicentem</strong></span> <span class='ocrx_word' id='word_1_279' title='bbox 1945 2561 2129 2614; x_wconf 87' lang='lat' dir='ltr'><strong>mihi:</strong></span> 
     </span>
    </p>
   </div>
   <div class='ocr_carea' id='block_1_42' title="bbox 482 2652 2127 2733">
    <p class='ocr_par' dir='ltr' id='par_1_42' title="bbox 482 2652 2127 2733">
     <span class='ocr_line' id='line_1_42' title="bbox 482 2652 2127 2733; baseline -0.011 -14"><span class='ocrx_word' id='word_1_280' title='bbox 482 2663 626 2733; x_wconf 85' lang='lat' dir='ltr'><strong>Quid</strong></span> <span class='ocrx_word' id='word_1_281' title='bbox 655 2666 769 2717; x_wconf 85' lang='lat' dir='ltr'><strong>tam</strong></span> <span class='ocrx_word' id='word_1_282' title='bbox 827 2676 989 2715; x_wconf 87' lang='lat' dir='ltr'><strong>mane</strong></span> <span class='ocrx_word' id='word_1_283' title='bbox 1044 2661 1150 2715; x_wconf 85' lang='lat' dir='ltr'><strong>huc</strong></span> <span class='ocrx_word' id='word_1_284' title='bbox 1204 2659 1444 2714; x_wconf 79' lang='lat' dir='ltr'><strong>venisti?</strong></span> <span class='ocrx_word' id='word_1_285' title='bbox 1495 2652 1795 2726; x_wconf 78' lang='lat' dir='ltr'><strong>Respondi:</strong></span> <span class='ocrx_word' id='word_1_286' title='bbox 1837 2652 2127 2720; x_wconf 84' lang='lat' dir='ltr'><strong>Quoniam,</strong></span> 
     </span>
    </p>
   </div>
   <div class='ocr_carea' id='block_1_43' title="bbox 481 2739 2131 2819">
    <p class='ocr_par' dir='ltr' id='par_1_43' title="bbox 481 2739 2131 2819">
     <span class='ocr_line' id='line_1_43' title="bbox 481 2739 2131 2819; baseline -0.012 -11"><span class='ocrx_word' id='word_1_287' title='bbox 481 2752 720 2819; x_wconf 79' lang='lat' dir='ltr'><strong>domine,</strong></span> <span class='ocrx_word' id='word_1_288' title='bbox 751 2752 1044 2805; x_wconf 74' lang='lat' dir='ltr'><strong>stationem</strong></span> <span class='ocrx_word' id='word_1_289' title='bbox 1093 2749 1277 2804; x_wconf 83' lang='lat' dir='ltr'><strong>habeo.</strong></span> <span class='ocrx_word' id='word_1_290' title='bbox 1341 2746 1487 2813; x_wconf 82' lang='lat' dir='ltr'><strong>Quid</strong></span> <span class='ocrx_word' id='word_1_291' title='bbox 1545 2752 1642 2808; x_wconf 87' lang='lat' dir='ltr'><strong>est,</strong></span> <span class='ocrx_word' id='word_1_292' title='bbox 1696 2742 1895 2812; x_wconf 80' lang='lat' dir='ltr'><strong>inquit,</strong></span> <span class='ocrx_word' id='word_1_293' title='bbox 1927 2739 2131 2792; x_wconf 82' lang='lat' dir='ltr'><strong>statio?</strong></span> 
     </span>
    </p>
   </div>
   <div class='ocr_carea' id='block_1_44' title="bbox 482 2830 2132 2909">
    <p class='ocr_par' dir='ltr' id='par_1_44' title="bbox 482 2830 2132 2909">
     <span class='ocr_line' id='line_1_44' title="bbox 482 2830 2132 2909; baseline -0.01 -14"><span class='ocrx_word' id='word_1_294' title='bbox 482 2843 548 2896; x_wconf 84' lang='lat' dir='ltr'><strong>Et</strong></span> <span class='ocrx_word' id='word_1_295' title='bbox 576 2841 737 2894; x_wconf 73' lang='lat' dir='ltr'><strong>dixi:</strong></span> <span class='ocrx_word' id='word_1_296' title='bbox 791 2839 1091 2909; x_wconf 87' lang='lat' dir='ltr'><strong>Jejunium.</strong></span> <span class='ocrx_word' id='word_1_297' title='bbox 1150 2839 1222 2891; x_wconf 89' lang='lat' dir='ltr'><strong>At</strong></span> <span class='ocrx_word' id='word_1_298' title='bbox 1272 2840 1424 2891; x_wconf 83' lang='lat' dir='ltr'><strong>certe</strong></span> <span class='ocrx_word' id='word_1_299' title='bbox 1474 2833 1607 2905; x_wconf 87' lang='lat' dir='ltr'><strong>quis</strong></span> <span class='ocrx_word' id='word_1_300' title='bbox 1666 2830 1899 2885; x_wconf 73' lang='lat' dir='ltr'><strong>Grzecus</strong></span> <span class='ocrx_word' id='word_1_301' title='bbox 1930 2832 2132 2882; x_wconf 89' lang='lat' dir='ltr'><strong>auctor</strong></span> 
     </span>
    </p>
   </div>
   <div class='ocr_carea' id='block_1_45' title="bbox 482 2915 2130 3000">
    <p class='ocr_par' dir='ltr' id='par_1_45' title="bbox 482 2915 2130 3000">
     <span class='ocr_line' id='line_1_45' title="bbox 482 2915 2130 3000; baseline -0.009 -17"><span class='ocrx_word' id='word_1_302' title='bbox 482 2930 564 2985; x_wconf 90' lang='lat' dir='ltr'><strong>ita</strong></span> <span class='ocrx_word' id='word_1_303' title='bbox 596 2943 857 3000; x_wconf 88' lang='lat' dir='ltr'><strong>unquam</strong></span> <span class='ocrx_word' id='word_1_304' title='bbox 889 2926 1121 2981; x_wconf 89' lang='lat' dir='ltr'><strong>locutus</strong></span> <span class='ocrx_word' id='word_1_305' title='bbox 1169 2929 1298 2980; x_wconf 89' lang='lat' dir='ltr'><strong>est:</strong></span> <span class='ocrx_word' id='word_1_306' title='bbox 1350 2925 1523 2978; x_wconf 81' lang='lat' dir='ltr'><strong>Statio</strong></span> <span class='ocrx_word' id='word_1_307' title='bbox 1579 2923 1655 2976; x_wconf 88' lang='lat' dir='ltr'><strong>est</strong></span> <span class='ocrx_word' id='word_1_308' title='bbox 1678 2920 1999 2990; x_wconf 82' lang='lat' dir='ltr'><strong>jejunium?</strong></span> <span class='ocrx_word' id='word_1_309' title='bbox 2033 2915 2130 2969; x_wconf 86' lang='lat' dir='ltr'><strong>Hic</strong></span> 
     </span>
    </p>
   </div>
   <div class='ocr_carea' id='block_1_46' title="bbox 485 3006 2131 3091">
    <p class='ocr_par' dir='ltr' id='par_1_46' title="bbox 485 3006 2131 3091">
     <span class='ocr_line' id='line_1_46' title="bbox 485 3006 2131 3091; baseline -0.009 -18"><span class='ocrx_word' id='word_1_310' title='bbox 485 3018 741 3091; x_wconf 83' lang='lat' dir='ltr'><strong>profecto</strong></span> <span class='ocrx_word' id='word_1_311' title='bbox 768 3014 1039 3087; x_wconf 87' lang='lat' dir='ltr'><strong>loquendi</strong></span> <span class='ocrx_word' id='word_1_312' title='bbox 1071 3015 1283 3069; x_wconf 90' lang='lat' dir='ltr'><strong>modus</strong></span> <span class='ocrx_word' id='word_1_313' title='bbox 1340 3030 1454 3067; x_wconf 90' lang='lat' dir='ltr'><strong>non</strong></span> <span class='ocrx_word' id='word_1_314' title='bbox 1487 3008 1722 3073; x_wconf 72' lang='lat' dir='ltr'><strong>Graecis,</strong></span> <span class='ocrx_word' id='word_1_315' title='bbox 1774 3006 1873 3061; x_wconf 88' lang='lat' dir='ltr'><strong>sed</strong></span> <span class='ocrx_word' id='word_1_316' title='bbox 1914 3006 2131 3060; x_wconf 88' lang='lat' dir='ltr'><strong>Latinis</strong></span> 
     </span>
    </p>
   </div>
   <div class='ocr_carea' id='block_1_47' title="bbox 486 3094 2131 3179">
    <p class='ocr_par' dir='ltr' id='par_1_47' title="bbox 486 3094 2131 3179">
     <span class='ocr_line' id='line_1_47' title="bbox 486 3094 2131 3179; baseline -0.01 -17"><span class='ocrx_word' id='word_1_317' title='bbox 486 3107 757 3179; x_wconf 89' lang='lat' dir='ltr'><strong>proprius</strong></span> <span class='ocrx_word' id='word_1_318' title='bbox 788 3103 1216 3177; x_wconf 89' lang='lat' dir='ltr'><strong>peculiarisque</strong></span> <span class='ocrx_word' id='word_1_319' title='bbox 1244 3105 1352 3167; x_wconf 90' lang='lat' dir='ltr'><strong>est,</strong></span> <span class='ocrx_word' id='word_1_320' title='bbox 1386 3101 1470 3155; x_wconf 90' lang='lat' dir='ltr'><strong>uti</strong></span> <span class='ocrx_word' id='word_1_321' title='bbox 1500 3098 1723 3170; x_wconf 90' lang='lat' dir='ltr'><strong>liquido</strong></span> <span class='ocrx_word' id='word_1_322' title='bbox 1745 3094 2036 3165; x_wconf 88' lang='lat' dir='ltr'><strong>colligitur</strong></span> <span class='ocrx_word' id='word_1_323' title='bbox 2063 3108 2131 3147; x_wconf 84' lang='lat' dir='ltr'><strong>ex</strong></span> 
     </span>
    </p>
   </div>
   <div class='ocr_carea' id='block_1_48' title="bbox 485 3181 2128 3264">
    <p class='ocr_par' dir='ltr' id='par_1_48' title="bbox 485 3181 2128 3264">
     <span class='ocr_line' id='line_1_48' title="bbox 485 3181 2128 3264; baseline -0.01 -12"><span class='ocrx_word' id='word_1_324' title='bbox 485 3195 841 3252; x_wconf 89' lang='lat' dir='ltr'><strong>Tertulliano</strong></span> <span class='ocrx_word' id='word_1_325' title='bbox 867 3193 1110 3264; x_wconf 90' lang='lat' dir='ltr'><strong>aliisque</strong></span> <span class='ocrx_word' id='word_1_326' title='bbox 1131 3208 1280 3264; x_wconf 89' lang='lat' dir='ltr'><strong>quos</strong></span> <span class='ocrx_word' id='word_1_327' title='bbox 1312 3190 1369 3244; x_wconf 91' lang='lat' dir='ltr'><strong>in</strong></span> <span class='ocrx_word' id='word_1_328' title='bbox 1393 3185 1715 3244; x_wconf 89' lang='lat' dir='ltr'><strong>doctissimi</strong></span> <span class='ocrx_word' id='word_1_329' title='bbox 1746 3183 1942 3255; x_wconf 86' lang='lat' dir='ltr'><strong>Cangii</strong></span> <span class='ocrx_word' id='word_1_330' title='bbox 1965 3181 2128 3236; x_wconf 89' lang='lat' dir='ltr'><strong>Glos-</strong></span> 
     </span>
    </p>
   </div>
   <div class='ocr_carea' id='block_1_49' title="bbox 2784 1950 3336 2010">
    <p class='ocr_par' dir='ltr' id='par_1_49' title="bbox 2784 1950 3336 2010">
     <span class='ocr_line' id='line_1_49' title="bbox 2784 1950 3336 2010; baseline 0.002 -5"><span class='ocrx_word' id='word_1_331' title='bbox 2784 1950 3174 2010; x_wconf 79' lang='lat' dir='ltr'><strong>ARTICULUS</strong></span> <span class='ocrx_word' id='word_1_332' title='bbox 3214 1954 3336 2010; x_wconf 89' lang='lat' dir='ltr'><strong>VII.</strong></span> 
     </span>
    </p>
   </div>
   <div class='ocr_carea' id='block_1_50' title="bbox 2686 2040 3427 2113">
    <p class='ocr_par' dir='ltr' id='par_1_50' title="bbox 2686 2040 3427 2113">
     <span class='ocr_line' id='line_1_50' title="bbox 2686 2040 3427 2113; baseline 0.009 -20"><span class='ocrx_word' id='word_1_333' title='bbox 2686 2040 2801 2094; x_wconf 88' lang='lat' dir='ltr'><strong>Non</strong></span> <span class='ocrx_word' id='word_1_334' title='bbox 2825 2042 2902 2094; x_wconf 84' lang='lat' dir='ltr'><strong>sit</strong></span> <span class='ocrx_word' id='word_1_335' title='bbox 2931 2044 3149 2097; x_wconf 87' lang='lat' dir='ltr'><strong>tantum</strong></span> <span class='ocrx_word' id='word_1_336' title='bbox 3177 2046 3427 2113; x_wconf 84' lang='lat' dir='ltr'><strong>epitome.</strong></span> 
     </span>
    </p>
   </div>
   <div class='ocr_carea' id='block_1_51' title="bbox 2307 2127 3886 2206">
    <p class='ocr_par' dir='ltr' id='par_1_51' title="bbox 2307 2127 3886 2206">
     <span class='ocr_line' id='line_1_51' title="bbox 2307 2127 3886 2206; baseline 0.009 -27"><span class='ocrx_word' id='word_1_337' title='bbox 2307 2127 2565 2181; x_wconf 70' lang='lat' dir='ltr'><strong>Tertium</strong></span> <span class='ocrx_word' id='word_1_338' title='bbox 2598 2128 2758 2182; x_wconf 87' lang='lat' dir='ltr'><strong>addit</strong></span> <span class='ocrx_word' id='word_1_339' title='bbox 2792 2129 3089 2200; x_wconf 89' lang='lat' dir='ltr'><strong>Barthius,</strong></span> <span class='ocrx_word' id='word_1_340' title='bbox 3112 2133 3334 2187; x_wconf 67' lang='lat' dir='ltr'><strong>caeteris</strong></span> <span class='ocrx_word' id='word_1_341' title='bbox 3357 2149 3622 2206; x_wconf 61' lang='lat' dir='ltr'><strong>peraeque</strong></span> <span class='ocrx_word' id='word_1_342' title='bbox 3644 2136 3886 2203; x_wconf 83' lang='lat' dir='ltr'><strong>falsum,</strong></span> 
     </span>
    </p>
   </div>
   <div class='ocr_carea' id='block_1_52' title="bbox 2238 2216 3885 2295">
    <p class='ocr_par' dir='ltr' id='par_1_52' title="bbox 2238 2216 3885 2295">
     <span class='ocr_line' id='line_1_52' title="bbox 2238 2216 3885 2295; baseline 0.009 -25"><span class='ocrx_word' id='word_1_343' title='bbox 2238 2216 2461 2270; x_wconf 71' lang='lat' dir='ltr'><strong>scilicet</strong></span> <span class='ocrx_word' id='word_1_344' title='bbox 2489 2216 2597 2271; x_wconf 90' lang='lat' dir='ltr'><strong>hos</strong></span> <span class='ocrx_word' id='word_1_345' title='bbox 2629 2216 2806 2273; x_wconf 90' lang='lat' dir='ltr'><strong>libros</strong></span> <span class='ocrx_word' id='word_1_346' title='bbox 2856 2219 3054 2274; x_wconf 84' lang='lat' dir='ltr'><strong>Latine</strong></span> <span class='ocrx_word' id='word_1_347' title='bbox 3102 2221 3359 2277; x_wconf 90' lang='lat' dir='ltr'><strong>redditos</strong></span> <span class='ocrx_word' id='word_1_348' title='bbox 3407 2226 3731 2295; x_wconf 84' lang='lat' dir='ltr'><strong>quamdam</strong></span> <span class='ocrx_word' id='word_1_349' title='bbox 3762 2233 3885 2284; x_wconf 84' lang='lat' dir='ltr'><strong>tan-</strong></span> 
     </span>
    </p>
   </div>
   <div class='ocr_carea' id='block_1_53' title="bbox 2238 2305 3891 2385">
    <p class='ocr_par' dir='ltr' id='par_1_53' title="bbox 2238 2305 3891 2385">
     <span class='ocr_line' id='line_1_53' title="bbox 2238 2305 3891 2385; baseline 0.007 -26"><span class='ocrx_word' id='word_1_350' title='bbox 2238 2305 2544 2360; x_wconf 90' lang='lat' dir='ltr'><strong>tummodo</strong></span> <span class='ocrx_word' id='word_1_351' title='bbox 2569 2322 2698 2361; x_wconf 88' lang='lat' dir='ltr'><strong>esse</strong></span> <span class='ocrx_word' id='word_1_352' title='bbox 2727 2306 2905 2363; x_wconf 63' lang='lat' dir='ltr'><strong>Graeci</strong></span> <span class='ocrx_word' id='word_1_353' title='bbox 2926 2312 3117 2364; x_wconf 88' lang='lat' dir='ltr'><strong>textus</strong></span> <span class='ocrx_word' id='word_1_354' title='bbox 3146 2310 3463 2381; x_wconf 86' lang='lat' dir='ltr'><strong>epitomen,</strong></span> <span class='ocrx_word' id='word_1_355' title='bbox 3492 2314 3550 2367; x_wconf 90' lang='lat' dir='ltr'><strong>in</strong></span> <span class='ocrx_word' id='word_1_356' title='bbox 3579 2331 3702 2385; x_wconf 87' lang='lat' dir='ltr'><strong>qua</strong></span> <span class='ocrx_word' id='word_1_357' title='bbox 3722 2315 3891 2371; x_wconf 89' lang='lat' dir='ltr'><strong>inter-</strong></span> 
     </span>
    </p>
   </div>
   <div class='ocr_carea' id='block_1_54' title="bbox 2238 2391 3892 2475">
    <p class='ocr_par' dir='ltr' id='par_1_54' title="bbox 2238 2391 3892 2475">
     <span class='ocr_line' id='line_1_54' title="bbox 2238 2391 3892 2475; baseline 0.008 -29"><span class='ocrx_word' id='word_1_358' title='bbox 2238 2408 2371 2463; x_wconf 90' lang='lat' dir='ltr'><strong>pres</strong></span> <span class='ocrx_word' id='word_1_359' title='bbox 2404 2391 2588 2448; x_wconf 90' lang='lat' dir='ltr'><strong>multa</strong></span> <span class='ocrx_word' id='word_1_360' title='bbox 2617 2395 2869 2451; x_wconf 88' lang='lat' dir='ltr'><strong>auctoris</strong></span> <span class='ocrx_word' id='word_1_361' title='bbox 2891 2395 3071 2452; x_wconf 65' lang='lat' dir='ltr'><strong>Graeci</strong></span> <span class='ocrx_word' id='word_1_362' title='bbox 3093 2398 3263 2453; x_wconf 86' lang='lat' dir='ltr'><strong>verba</strong></span> <span class='ocrx_word' id='word_1_363' title='bbox 3293 2400 3485 2455; x_wconf 90' lang='lat' dir='ltr'><strong>sciens</strong></span> <span class='ocrx_word' id='word_1_364' title='bbox 3513 2403 3892 2475; x_wconf 85' lang='lat' dir='ltr'><strong>prudensque</strong></span> 
     </span>
    </p>
   </div>
   <div class='ocr_carea' id='block_1_55' title="bbox 2241 2481 3889 2558">
    <p class='ocr_par' dir='ltr' id='par_1_55' title="bbox 2241 2481 3889 2558">
     <span class='ocr_line' id='line_1_55' title="bbox 2241 2481 3889 2558; baseline 0.008 -24"><span class='ocrx_word' id='word_1_365' title='bbox 2241 2481 2695 2552; x_wconf 84' lang='lat' dir='ltr'><strong>praetermiserit.</strong></span> <span class='ocrx_word' id='word_1_366' title='bbox 2730 2482 2889 2539; x_wconf 92' lang='lat' dir='ltr'><strong>Unde</strong></span> <span class='ocrx_word' id='word_1_367' title='bbox 2937 2485 3094 2540; x_wconf 89' lang='lat' dir='ltr'><strong>enim</strong></span> <span class='ocrx_word' id='word_1_368' title='bbox 3150 2486 3203 2540; x_wconf 92' lang='lat' dir='ltr'><strong>id</strong></span> <span class='ocrx_word' id='word_1_369' title='bbox 3263 2488 3538 2558; x_wconf 88' lang='lat' dir='ltr'><strong>probabit</strong></span> <span class='ocrx_word' id='word_1_370' title='bbox 3565 2490 3889 2547; x_wconf 81' lang='lat' dir='ltr'><strong>Barthius?</strong></span> 
     </span>
    </p>
   </div>
   <div class='ocr_carea' id='block_1_56' title="bbox 2238 2570 3893 2652">
    <p class='ocr_par' dir='ltr' id='par_1_56' title="bbox 2238 2570 3893 2652">
     <span class='ocr_line' id='line_1_56' title="bbox 2238 2570 3893 2652; baseline 0.008 -29"><span class='ocrx_word' id='word_1_371' title='bbox 2238 2570 2516 2640; x_wconf 89' lang='lat' dir='ltr'><strong>Nunquid</strong></span> <span class='ocrx_word' id='word_1_372' title='bbox 2558 2587 2674 2641; x_wconf 85' lang='lat' dir='ltr'><strong>prae</strong></span> <span class='ocrx_word' id='word_1_373' title='bbox 2733 2572 3004 2629; x_wconf 88' lang='lat' dir='ltr'><strong>manibus</strong></span> <span class='ocrx_word' id='word_1_374' title='bbox 3062 2574 3266 2630; x_wconf 89' lang='lat' dir='ltr'><strong>habuit</strong></span> <span class='ocrx_word' id='word_1_375' title='bbox 3323 2577 3588 2634; x_wconf 65' lang='lat' dir='ltr'><strong>Gracum</strong></span> <span class='ocrx_word' id='word_1_376' title='bbox 3646 2580 3893 2652; x_wconf 86' lang='lat' dir='ltr'><strong>hujusce</strong></span> 
     </span>
    </p>
   </div>
   <div class='ocr_carea' id='block_1_57' title="bbox 2238 2659 3891 2739">
    <p class='ocr_par' dir='ltr' id='par_1_57' title="bbox 2238 2659 3891 2739">
     <span class='ocr_line' id='line_1_57' title="bbox 2238 2659 3891 2739; baseline 0.008 -26"><span class='ocrx_word' id='word_1_377' title='bbox 2238 2660 2431 2729; x_wconf 89' lang='lat' dir='ltr'><strong>operis</strong></span> <span class='ocrx_word' id='word_1_378' title='bbox 2452 2659 2765 2730; x_wconf 86' lang='lat' dir='ltr'><strong>exemplar,</strong></span> <span class='ocrx_word' id='word_1_379' title='bbox 2791 2677 3042 2731; x_wconf 87' lang='lat' dir='ltr'><strong>quocum</strong></span> <span class='ocrx_word' id='word_1_380' title='bbox 3058 2663 3324 2720; x_wconf 89' lang='lat' dir='ltr'><strong>Latinam</strong></span> <span class='ocrx_word' id='word_1_381' title='bbox 3348 2666 3891 2739; x_wconf 85' lang='lat' dir='ltr'><strong>interpretationem</strong></span> 
     </span>
    </p>
   </div>
   <div class='ocr_carea' id='block_1_58' title="bbox 2240 2747 3883 2823">
    <p class='ocr_par' dir='ltr' id='par_1_58' title="bbox 2240 2747 3883 2823">
     <span class='ocr_line' id='line_1_58' title="bbox 2240 2747 3883 2823; baseline 0.008 -22"><span class='ocrx_word' id='word_1_382' title='bbox 2240 2747 2679 2817; x_wconf 83' lang='lat' dir='ltr'><strong>composuerit?</strong></span> <span class='ocrx_word' id='word_1_383' title='bbox 2708 2749 2950 2804; x_wconf 90' lang='lat' dir='ltr'><strong>minime</strong></span> <span class='ocrx_word' id='word_1_384' title='bbox 2980 2751 3265 2823; x_wconf 90' lang='lat' dir='ltr'><strong>gentium.</strong></span> <span class='ocrx_word' id='word_1_385' title='bbox 3316 2756 3530 2809; x_wconf 89' lang='lat' dir='ltr'><strong>Contra</strong></span> <span class='ocrx_word' id='word_1_386' title='bbox 3570 2772 3707 2813; x_wconf 87' lang='lat' dir='ltr'><strong>vero</strong></span> <span class='ocrx_word' id='word_1_387' title='bbox 3737 2758 3883 2814; x_wconf 84' lang='lat' dir='ltr'><strong>inte-</strong></span> 
     </span>
    </p>
   </div>
   <div class='ocr_carea' id='block_1_59' title="bbox 2239 2835 3884 2914">
    <p class='ocr_par' dir='ltr' id='par_1_59' title="bbox 2239 2835 3884 2914">
     <span class='ocr_line' id='line_1_59' title="bbox 2239 2835 3884 2914; baseline 0.009 -26"><span class='ocrx_word' id='word_1_388' title='bbox 2239 2852 2410 2903; x_wconf 76' lang='lat' dir='ltr'><strong>grum</strong></span> <span class='ocrx_word' id='word_1_389' title='bbox 2435 2836 2494 2890; x_wconf 92' lang='lat' dir='ltr'><strong>in</strong></span> <span class='ocrx_word' id='word_1_390' title='bbox 2526 2835 2627 2891; x_wconf 89' lang='lat' dir='ltr'><strong>illa</strong></span> <span class='ocrx_word' id='word_1_391' title='bbox 2648 2837 3004 2909; x_wconf 88' lang='lat' dir='ltr'><strong>minimeque</strong></span> <span class='ocrx_word' id='word_1_392' title='bbox 3034 2841 3308 2896; x_wconf 86' lang='lat' dir='ltr'><strong>mutilum</strong></span> <span class='ocrx_word' id='word_1_393' title='bbox 3333 2859 3482 2914; x_wconf 89' lang='lat' dir='ltr'><strong>opus</strong></span> <span class='ocrx_word' id='word_1_394' title='bbox 3506 2846 3795 2902; x_wconf 89' lang='lat' dir='ltr'><strong>contineri</strong></span> <span class='ocrx_word' id='word_1_395' title='bbox 3823 2864 3884 2903; x_wconf 87' lang='lat' dir='ltr'><strong>eo</strong></span> 
     </span>
    </p>
   </div>
   <div class='ocr_carea' id='block_1_60' title="bbox 2238 2923 3885 3001">
    <p class='ocr_par' dir='ltr' id='par_1_60' title="bbox 2238 2923 3885 3001">
     <span class='ocr_line' id='line_1_60' title="bbox 2238 2923 3885 3001; baseline 0.007 -22"><span class='ocrx_word' id='word_1_396' title='bbox 2238 2923 2563 2979; x_wconf 91' lang='lat' dir='ltr'><strong>luculenter</strong></span> <span class='ocrx_word' id='word_1_397' title='bbox 2591 2925 3045 2998; x_wconf 81' lang='lat' dir='ltr'><strong>demonstratur,</strong></span> <span class='ocrx_word' id='word_1_398' title='bbox 3096 2931 3251 3000; x_wconf 88' lang='lat' dir='ltr'><strong>quod</strong></span> <span class='ocrx_word' id='word_1_399' title='bbox 3300 2931 3499 2987; x_wconf 89' lang='lat' dir='ltr'><strong>omnia</strong></span> <span class='ocrx_word' id='word_1_400' title='bbox 3522 2933 3885 3001; x_wconf 88' lang='lat' dir='ltr'><strong>testimonia,</strong></span> 
     </span>
    </p>
   </div>
   <div class='ocr_carea' id='block_1_61' title="bbox 2240 3013 3882 3095">
    <p class='ocr_par' dir='ltr' id='par_1_61' title="bbox 2240 3013 3882 3095">
     <span class='ocr_line' id='line_1_61' title="bbox 2240 3013 3882 3095; baseline 0.009 -28"><span class='ocrx_word' id='word_1_401' title='bbox 2240 3030 2369 3084; x_wconf 58' lang='lat' dir='ltr'><strong>quae</strong></span> <span class='ocrx_word' id='word_1_402' title='bbox 2399 3030 2540 3069; x_wconf 91' lang='lat' dir='ltr'><strong>sane</strong></span> <span class='ocrx_word' id='word_1_403' title='bbox 2570 3013 2739 3085; x_wconf 87' lang='lat' dir='ltr'><strong>plura</strong></span> <span class='ocrx_word' id='word_1_404' title='bbox 2786 3020 2947 3082; x_wconf 90' lang='lat' dir='ltr'><strong>sunt,</strong></span> <span class='ocrx_word' id='word_1_405' title='bbox 2995 3018 3067 3071; x_wconf 92' lang='lat' dir='ltr'><strong>ab</strong></span> <span class='ocrx_word' id='word_1_406' title='bbox 3099 3018 3483 3089; x_wconf 89' lang='lat' dir='ltr'><strong>scriptoribus</strong></span> <span class='ocrx_word' id='word_1_407' title='bbox 3523 3038 3595 3077; x_wconf 80' lang='lat' dir='ltr'><strong>ex</strong></span> <span class='ocrx_word' id='word_1_408' title='bbox 3624 3022 3755 3095; x_wconf 90' lang='lat' dir='ltr'><strong>ipso</strong></span> <span class='ocrx_word' id='word_1_409' title='bbox 3785 3041 3882 3081; x_wconf 89' lang='lat' dir='ltr'><strong>eo-</strong></span> 
     </span>
    </p>
   </div>
   <div class='ocr_carea' id='block_1_62' title="bbox 2241 3103 3253 3177">
    <p class='ocr_par' dir='ltr' id='par_1_62' title="bbox 2241 3103 3253 3177">
     <span class='ocr_line' id='line_1_62' title="bbox 2241 3103 3253 3177; baseline 0.005 -20"><span class='ocrx_word' id='word_1_410' title='bbox 2241 3103 2372 3158; x_wconf 90' lang='lat' dir='ltr'><strong>dem</strong></span> <span class='ocrx_word' id='word_1_411' title='bbox 2404 3104 2648 3172; x_wconf 88' lang='lat' dir='ltr'><strong>prolata,</strong></span> <span class='ocrx_word' id='word_1_412' title='bbox 2680 3104 2739 3157; x_wconf 95' lang='lat' dir='ltr'><strong>in</strong></span> <span class='ocrx_word' id='word_1_413' title='bbox 2772 3120 2838 3159; x_wconf 91' lang='lat' dir='ltr'><strong>ea</strong></span> <span class='ocrx_word' id='word_1_414' title='bbox 2868 3106 3253 3177; x_wconf 88' lang='lat' dir='ltr'><strong>reperiantur.</strong></span> 
     </span>
    </p>
   </div>
   <div class='ocr_carea' id='block_1_63' title="bbox 2311 3192 3883 3262">
    <p class='ocr_par' dir='ltr' id='par_1_63' title="bbox 2311 3192 3883 3262">
     <span class='ocr_line' id='line_1_63' title="bbox 2311 3192 3883 3262; baseline 0.01 -18"><span class='ocrx_word' id='word_1_415' title='bbox 2311 3197 2405 3256; x_wconf 85' lang='lat' dir='ltr'><strong>At,</strong></span> <span class='ocrx_word' id='word_1_416' title='bbox 2440 3192 2733 3262; x_wconf 88' lang='lat' dir='ltr'><strong>inquiens,</strong></span> <span class='ocrx_word' id='word_1_417' title='bbox 2756 3209 2939 3255; x_wconf 88' lang='lat' dir='ltr'><strong>unum</strong></span> <span class='ocrx_word' id='word_1_418' title='bbox 2962 3211 3031 3249; x_wconf 82' lang='lat' dir='ltr'><strong>ex</strong></span> <span class='ocrx_word' id='word_1_419' title='bbox 3052 3195 3158 3251; x_wconf 89' lang='lat' dir='ltr'><strong>hac</strong></span> <span class='ocrx_word' id='word_1_420' title='bbox 3180 3200 3673 3257; x_wconf 87' lang='lat' dir='ltr'><strong>commentatione</strong></span> <span class='ocrx_word' id='word_1_421' title='bbox 3692 3202 3883 3259; x_wconf 86' lang='lat' dir='ltr'><strong>locum</strong></span> 
     </span>
    </p>
   </div>
   <div class='ocr_carea' id='block_1_64' title="bbox 482 3255 3887 3357">
    <p class='ocr_par' dir='ltr' id='par_1_64' title="bbox 482 3255 3887 3357">
     <span class='ocr_line' id='line_1_64' title="bbox 482 3255 3887 3357; baseline -0.009 -15"><span class='ocrx_word' id='word_1_422' title='bbox 482 3287 638 3342; x_wconf 89' lang='lat' dir='ltr'><strong>sario</strong></span> <span class='ocrx_word' id='word_1_423' title='bbox 667 3286 738 3341; x_wconf 89' lang='lat' dir='ltr'><strong>ad</strong></span> <span class='ocrx_word' id='word_1_424' title='bbox 771 3255 1220 3340; x_wconf 48' lang='lat' dir='ltr'><strong>verbum-Statio</strong></span> <span class='ocrx_word' id='word_1_425' title='bbox 1253 3280 1459 3335; x_wconf 87' lang='lat' dir='ltr'><strong>citatos</strong></span> <span class='ocrx_word' id='word_1_426' title='bbox 1492 3276 1763 3349; x_wconf 87' lang='lat' dir='ltr'><strong>reperies.</strong></span> <span class='ocrx_word' id='word_1_427' title='bbox 1817 3279 1991 3327; x_wconf 80' lang='lat' dir='ltr'><strong>Porro</strong></span> <span class='ocrx_word' id='word_1_428' title='bbox 2024 3288 2126 3326; x_wconf 86' lang='lat' dir='ltr'><strong>au-</strong></span> <span class='ocrx_word' id='word_1_429' title='bbox 2159 3255 2201 3321; x_wconf 87' lang='lat' dir='ltr'><strong>C</strong></span> <span class='ocrx_word' id='word_1_430' title='bbox 2241 3255 2436 3334; x_wconf 58' lang='lat' dir='ltr'><strong>retulit</strong></span> <span class='ocrx_word' id='word_1_431' title='bbox 2465 3255 2728 3335; x_wconf 46' lang='lat' dir='ltr'><strong>(gl-emam,</strong></span> <span class='ocrx_word' id='word_1_432' title='bbox 2778 3282 3223 3353; x_wconf 54' lang='lat' dir='ltr'><strong>Alexandrinus,</strong></span> <span class='ocrx_word' id='word_1_433' title='bbox 3253 3287 3423 3357; x_wconf 70' lang='lat' dir='ltr'><strong>cujus</strong></span> <span class='ocrx_word' id='word_1_434' title='bbox 3480 3255 3887 3347; x_wconf 40' lang='grc' dir='ltr'><strong>ιδείρὲςῖέιξέὲ</strong></span> 
     </span>
    </p>
   </div>
   <div class='ocr_carea' id='block_1_65' title="bbox 482 3363 2132 3436">
    <p class='ocr_par' dir='ltr' id='par_1_65' title="bbox 482 3363 2132 3436">
     <span class='ocr_line' id='line_1_65' title="bbox 482 3363 2132 3436; baseline -0.009 -8"><span class='ocrx_word' id='word_1_435' title='bbox 482 3380 599 3430; x_wconf 87' lang='lat' dir='ltr'><strong>tem</strong></span> <span class='ocrx_word' id='word_1_436' title='bbox 624 3373 865 3429; x_wconf 86' lang='lat' dir='ltr'><strong>minime</strong></span> <span class='ocrx_word' id='word_1_437' title='bbox 887 3388 993 3427; x_wconf 89' lang='lat' dir='ltr'><strong>nos</strong></span> <span class='ocrx_word' id='word_1_438' title='bbox 1016 3371 1156 3426; x_wconf 88' lang='lat' dir='ltr'><strong>latet</strong></span> <span class='ocrx_word' id='word_1_439' title='bbox 1176 3370 1248 3424; x_wconf 89' lang='lat' dir='ltr'><strong>ad</strong></span> <span class='ocrx_word' id='word_1_440' title='bbox 1274 3374 1581 3436; x_wconf 87' lang='lat' dir='ltr'><strong>utramque</strong></span> <span class='ocrx_word' id='word_1_441' title='bbox 1604 3363 1883 3419; x_wconf 87' lang='lat' dir='ltr'><strong>rationem</strong></span> <span class='ocrx_word' id='word_1_442' title='bbox 1899 3377 2132 3431; x_wconf 87' lang='lat' dir='ltr'><strong>respon-</strong></span> 
     </span>
    </p>
   </div>
   <div class='ocr_carea' id='block_1_66' title="bbox 484 3451 2129 3534">
    <p class='ocr_par' dir='ltr' id='par_1_66' title="bbox 484 3451 2129 3534">
     <span class='ocr_line' id='line_1_66' title="bbox 484 3451 2129 3534; baseline -0.01 -15"><span class='ocrx_word' id='word_1_443' title='bbox 484 3464 607 3519; x_wconf 87' lang='lat' dir='ltr'><strong>deri</strong></span> <span class='ocrx_word' id='word_1_444' title='bbox 641 3479 831 3534; x_wconf 88' lang='lat' dir='ltr'><strong>posse,</strong></span> <span class='ocrx_word' id='word_1_445' title='bbox 867 3466 924 3516; x_wconf 89' lang='lat' dir='ltr'><strong>et</strong></span> <span class='ocrx_word' id='word_1_446' title='bbox 954 3461 1023 3516; x_wconf 88' lang='lat' dir='ltr'><strong>ad</strong></span> <span class='ocrx_word' id='word_1_447' title='bbox 1090 3460 1341 3531; x_wconf 90' lang='lat' dir='ltr'><strong>primam</strong></span> <span class='ocrx_word' id='word_1_448' title='bbox 1392 3456 1651 3526; x_wconf 89' lang='lat' dir='ltr'><strong>quidem,</strong></span> <span class='ocrx_word' id='word_1_449' title='bbox 1710 3453 1839 3507; x_wconf 91' lang='lat' dir='ltr'><strong>ideo</strong></span> <span class='ocrx_word' id='word_1_450' title='bbox 1885 3451 2129 3505; x_wconf 87' lang='lat' dir='ltr'><strong>Romam</strong></span> 
     </span>
    </p>
   </div>
   <div class='ocr_carea' id='block_1_67' title="bbox 483 3538 2131 3623">
    <p class='ocr_par' dir='ltr' id='par_1_67' title="bbox 483 3538 2131 3623">
     <span class='ocr_line' id='line_1_67' title="bbox 483 3538 2131 3623; baseline -0.01 -16"><span class='ocrx_word' id='word_1_451' title='bbox 483 3552 713 3623; x_wconf 83' lang='lat' dir='ltr'><strong>aliaque</strong></span> <span class='ocrx_word' id='word_1_452' title='bbox 743 3550 932 3605; x_wconf 87' lang='lat' dir='ltr'><strong>vicina</strong></span> <span class='ocrx_word' id='word_1_453' title='bbox 991 3548 1118 3605; x_wconf 88' lang='lat' dir='ltr'><strong>loca</strong></span> <span class='ocrx_word' id='word_1_454' title='bbox 1176 3546 1373 3602; x_wconf 89' lang='lat' dir='ltr'><strong>hocin</strong></span> <span class='ocrx_word' id='word_1_455' title='bbox 1429 3545 1575 3600; x_wconf 86' lang='lat' dir='ltr'><strong>libro</strong></span> <span class='ocrx_word' id='word_1_456' title='bbox 1632 3539 1965 3608; x_wconf 86' lang='lat' dir='ltr'><strong>memorari,</strong></span> <span class='ocrx_word' id='word_1_457' title='bbox 1996 3538 2131 3608; x_wconf 89' lang='lat' dir='ltr'><strong>quia</strong></span> 
     </span>
    </p>
   </div>
   <div class='ocr_carea' id='block_1_68' title="bbox 488 3630 2131 3707">
    <p class='ocr_par' dir='ltr' id='par_1_68' title="bbox 488 3630 2131 3707">
     <span class='ocr_line' id='line_1_68' title="bbox 488 3630 2131 3707; baseline -0.01 -10"><span class='ocrx_word' id='word_1_458' title='bbox 488 3641 690 3697; x_wconf 88' lang='lat' dir='ltr'><strong>civitas</strong></span> <span class='ocrx_word' id='word_1_459' title='bbox 721 3644 845 3695; x_wconf 89' lang='lat' dir='ltr'><strong>erat</strong></span> <span class='ocrx_word' id='word_1_460' title='bbox 874 3638 1054 3695; x_wconf 87' lang='lat' dir='ltr'><strong>totius</strong></span> <span class='ocrx_word' id='word_1_461' title='bbox 1085 3637 1244 3692; x_wconf 89' lang='lat' dir='ltr'><strong>orbis</strong></span> <span class='ocrx_word' id='word_1_462' title='bbox 1291 3638 1485 3707; x_wconf 89' lang='lat' dir='ltr'><strong>caput,</strong></span> <span class='ocrx_word' id='word_1_463' title='bbox 1540 3637 1710 3702; x_wconf 90' lang='lat' dir='ltr'><strong>atque</strong></span> <span class='ocrx_word' id='word_1_464' title='bbox 1741 3630 1895 3701; x_wconf 90' lang='lat' dir='ltr'><strong>apud</strong></span> <span class='ocrx_word' id='word_1_465' title='bbox 1928 3644 2131 3683; x_wconf 89' lang='lat' dir='ltr'><strong>omnes</strong></span> 
     </span>
    </p>
   </div>
   <div class='ocr_carea' id='block_1_69' title="bbox 488 3717 2130 3790">
    <p class='ocr_par' dir='ltr' id='par_1_69' title="bbox 488 3717 2130 3790">
     <span class='ocr_line' id='line_1_69' title="bbox 488 3717 2130 3790; baseline -0.01 -4"><span class='ocrx_word' id='word_1_466' title='bbox 488 3728 970 3786; x_wconf 86' lang='lat' dir='ltr'><strong>celebratissima.</strong></span> <span class='ocrx_word' id='word_1_467' title='bbox 1005 3727 1091 3781; x_wconf 84' lang='lat' dir='ltr'><strong>Ad</strong></span> <span class='ocrx_word' id='word_1_468' title='bbox 1149 3725 1466 3781; x_wconf 81' lang='lat' dir='ltr'><strong>secundum</strong></span> <span class='ocrx_word' id='word_1_469' title='bbox 1520 3739 1676 3787; x_wconf 90' lang='lat' dir='ltr'><strong>vero,</strong></span> <span class='ocrx_word' id='word_1_470' title='bbox 1717 3720 2007 3790; x_wconf 88' lang='lat' dir='ltr'><strong>objectum</strong></span> <span class='ocrx_word' id='word_1_471' title='bbox 2041 3717 2130 3772; x_wconf 90' lang='lat' dir='ltr'><strong>lo-</strong></span> 
     </span>
    </p>
   </div>
   <div class='ocr_carea' id='block_1_70' title="bbox 487 3805 2130 3890">
    <p class='ocr_par' dir='ltr' id='par_1_70' title="bbox 487 3805 2130 3890">
     <span class='ocr_line' id='line_1_70' title="bbox 487 3805 2130 3890; baseline -0.009 -16"><span class='ocrx_word' id='word_1_472' title='bbox 487 3818 699 3890; x_wconf 91' lang='lat' dir='ltr'><strong>quendi</strong></span> <span class='ocrx_word' id='word_1_473' title='bbox 734 3817 974 3873; x_wconf 90' lang='lat' dir='ltr'><strong>modum</strong></span> <span class='ocrx_word' id='word_1_474' title='bbox 1007 3815 1191 3871; x_wconf 90' lang='lat' dir='ltr'><strong>solius</strong></span> <span class='ocrx_word' id='word_1_475' title='bbox 1221 3830 1349 3869; x_wconf 85' lang='lat' dir='ltr'><strong>esse</strong></span> <span class='ocrx_word' id='word_1_476' title='bbox 1370 3811 1721 3883; x_wconf 89' lang='lat' dir='ltr'><strong>interpretis,</strong></span> <span class='ocrx_word' id='word_1_477' title='bbox 1747 3809 1843 3879; x_wconf 89' lang='lat' dir='ltr'><strong>qui</strong></span> <span class='ocrx_word' id='word_1_478' title='bbox 1877 3805 2130 3862; x_wconf 90' lang='lat' dir='ltr'><strong>auctoris</strong></span> 
     </span>
    </p>
   </div>
   <div class='ocr_carea' id='block_1_71' title="bbox 484 3894 2130 3976">
    <p class='ocr_par' dir='ltr' id='par_1_71' title="bbox 484 3894 2130 3976">
     <span class='ocr_line' id='line_1_71' title="bbox 484 3894 2130 3976; baseline -0.01 -11"><span class='ocrx_word' id='word_1_479' title='bbox 484 3907 666 3965; x_wconf 66' lang='lat' dir='ltr'><strong>Graeci</strong></span> <span class='ocrx_word' id='word_1_480' title='bbox 697 3906 877 3963; x_wconf 88' lang='lat' dir='ltr'><strong>verba</strong></span> <span class='ocrx_word' id='word_1_481' title='bbox 905 3904 1161 3961; x_wconf 89' lang='lat' dir='ltr'><strong>liberiori</strong></span> <span class='ocrx_word' id='word_1_482' title='bbox 1195 3901 1536 3976; x_wconf 87' lang='lat' dir='ltr'><strong>paraphrasi</strong></span> <span class='ocrx_word' id='word_1_483' title='bbox 1559 3898 1840 3955; x_wconf 89' lang='lat' dir='ltr'><strong>audacius</strong></span> <span class='ocrx_word' id='word_1_484' title='bbox 1871 3894 2130 3951; x_wconf 89' lang='lat' dir='ltr'><strong>vertendi</strong></span> 
     </span>
    </p>
   </div>
   <div class='ocr_carea' id='block_1_72' title="bbox 480 3987 2128 4067">
    <p class='ocr_par' dir='ltr' id='par_1_72' title="bbox 480 3987 2128 4067">
     <span class='ocr_line' id='line_1_72' title="bbox 480 3987 2128 4067; baseline -0.009 -14"><span class='ocrx_word' id='word_1_485' title='bbox 480 3996 590 4054; x_wconf 89' lang='lat' dir='ltr'><strong>sibi</strong></span> <span class='ocrx_word' id='word_1_486' title='bbox 618 3998 719 4067; x_wconf 91' lang='lat' dir='ltr'><strong>jus</strong></span> <span class='ocrx_word' id='word_1_487' title='bbox 750 3995 1058 4067; x_wconf 90' lang='lat' dir='ltr'><strong>arrogavit.</strong></span> <span class='ocrx_word' id='word_1_488' title='bbox 1086 3996 1169 4048; x_wconf 89' lang='lat' dir='ltr'><strong>An</strong></span> <span class='ocrx_word' id='word_1_489' title='bbox 1202 3997 1395 4047; x_wconf 90' lang='lat' dir='ltr'><strong>autem</strong></span> <span class='ocrx_word' id='word_1_490' title='bbox 1428 3990 1513 4045; x_wconf 73' lang='lat' dir='ltr'><strong>hae</strong></span> <span class='ocrx_word' id='word_1_491' title='bbox 1562 3987 1972 4060; x_wconf 87' lang='lat' dir='ltr'><strong>responsiones</strong></span> <span class='ocrx_word' id='word_1_492' title='bbox 2004 4001 2128 4040; x_wconf 88' lang='lat' dir='ltr'><strong>om-</strong></span> 
     </span>
    </p>
   </div>
   <div class='ocr_carea' id='block_1_73' title="bbox 478 4078 1878 4150">
    <p class='ocr_par' dir='ltr' id='par_1_73' title="bbox 478 4078 1878 4150">
     <span class='ocr_line' id='line_1_73' title="bbox 478 4078 1878 4150; baseline -0.009 -9"><span class='ocrx_word' id='word_1_493' title='bbox 478 4086 653 4142; x_wconf 89' lang='lat' dir='ltr'><strong>nibus</strong></span> <span class='ocrx_word' id='word_1_494' title='bbox 686 4085 903 4142; x_wconf 85' lang='lat' dir='ltr'><strong>faciant</strong></span> <span class='ocrx_word' id='word_1_495' title='bbox 934 4084 1101 4150; x_wconf 89' lang='lat' dir='ltr'><strong>satis,</strong></span> <span class='ocrx_word' id='word_1_496' title='bbox 1132 4081 1383 4137; x_wconf 89' lang='lat' dir='ltr'><strong>aliorum</strong></span> <span class='ocrx_word' id='word_1_497' title='bbox 1416 4084 1537 4135; x_wconf 86' lang='lat' dir='ltr'><strong>esto</strong></span> <span class='ocrx_word' id='word_1_498' title='bbox 1567 4078 1878 4149; x_wconf 90' lang='lat' dir='ltr'><strong>judicium.</strong></span> 
     </span>
    </p>
   </div>
   <div class='ocr_carea' id='block_1_74' title="bbox 1046 4205 1568 4262">
    <p class='ocr_par' dir='ltr' id='par_1_74' title="bbox 1046 4205 1568 4262">
     <span class='ocr_line' id='line_1_74' title="bbox 1046 4205 1568 4262; baseline -0.008 0"><span class='ocrx_word' id='word_1_499' title='bbox 1046 4205 1434 4262; x_wconf 85' lang='lat' dir='ltr'><strong>ARTICULUS</strong></span> <span class='ocrx_word' id='word_1_500' title='bbox 1476 4206 1568 4259; x_wconf 89' lang='lat' dir='ltr'><strong>VI.</strong></span> 
     </span>
    </p>
   </div>
   <div class='ocr_carea' id='block_1_75' title="bbox 480 4290 2130 4421">
    <p class='ocr_par' dir='ltr' id='par_1_75' title="bbox 480 4290 2130 4421">
     <span class='ocr_line' id='line_1_75' title="bbox 480 4290 2130 4421; baseline -0.007 -65"><span class='ocrx_word' id='word_1_501' title='bbox 480 4301 627 4357; x_wconf 85' lang='lat' dir='ltr'><strong>Num</strong></span> <span class='ocrx_word' id='word_1_502' title='bbox 655 4300 835 4354; x_wconf 87' lang='lat' dir='ltr'><strong>versio</strong></span> <span class='ocrx_word' id='word_1_503' title='bbox 887 4300 1085 4352; x_wconf 88' lang='lat' dir='ltr'><strong>Latina</strong></span> <span class='ocrx_word' id='word_1_504' title='bbox 1113 4298 1221 4421; x_wconf 43' lang='lat' dir='ltr'><strong>sit!</strong></span> <span class='ocrx_word' id='word_1_505' title='bbox 1245 4296 1486 4421; x_wconf 43' lang='lat' dir='ltr'><strong>baréltiara</strong></span> <span class='ocrx_word' id='word_1_506' title='bbox 1542 4301 1593 4349; x_wconf 89' lang='lat' dir='ltr'><strong>et</strong></span> <span class='ocrx_word' id='word_1_507' title='bbox 1620 4292 1937 4348; x_wconf 83' lang='lat' dir='ltr'><strong>Anastasius</strong></span> <span class='ocrx_word' id='word_1_508' title='bbox 1977 4290 2130 4345; x_wconf 86' lang='lat' dir='ltr'><strong>illius</strong></span> 
     </span>
     <span class='ocr_line' id='line_1_76' title="bbox 1148 4381 1455 4421; baseline -0.007 0"><span class='ocrx_word' id='word_1_509' title='bbox 1148 4384 1195 4421; x_wconf 81' lang='lat' dir='ltr'><strong>si</strong></span> <span class='ocrx_word' id='word_1_510' title='bbox 1247 4383 1322 4421; x_wconf 87' lang='lat' dir='ltr'><strong>au</strong></span> <span class='ocrx_word' id='word_1_511' title='bbox 1375 4381 1455 4421; x_wconf 88' lang='lat' dir='ltr'><strong>or.</strong></span> 
     </span>
    </p>
   </div>
   <div class='ocr_carea' id='block_1_76' title="bbox 1148 4381 1455 4422">
    <p class='ocr_par' dir='ltr' id='par_1_76' title="bbox 1148 4381 1455 4422">
     <span class='ocr_line' id='line_1_77' title="bbox 1148 4381 1455 4422; baseline -0.01 0"><span class='ocrx_word' id='word_1_512' title='bbox 1148 4381 1221 4422; x_wconf 71' lang='lat' dir='ltr'><strong>Sil</strong></span> <span class='ocrx_word' id='word_1_513' title='bbox 1247 4381 1455 4421; x_wconf 79' lang='lat' dir='ltr'><strong>aucwr.</strong></span> 
     </span>
    </p>
   </div>
   <div class='ocr_carea' id='block_1_77' title="bbox 554 4451 2134 4530">
    <p class='ocr_par' dir='ltr' id='par_1_77' title="bbox 554 4451 2134 4530">
     <span class='ocr_line' id='line_1_78' title="bbox 554 4451 2134 4530; baseline -0.006 -15"><span class='ocrx_word' id='word_1_514' title='bbox 554 4462 700 4516; x_wconf 89' lang='lat' dir='ltr'><strong>Cum</strong></span> <span class='ocrx_word' id='word_1_515' title='bbox 735 4458 843 4514; x_wconf 90' lang='lat' dir='ltr'><strong>hoc</strong></span> <span class='ocrx_word' id='word_1_516' title='bbox 874 4475 1022 4530; x_wconf 91' lang='lat' dir='ltr'><strong>opus</strong></span> <span class='ocrx_word' id='word_1_517' title='bbox 1042 4460 1235 4511; x_wconf 65' lang='lat' dir='ltr'><strong>Graece</strong></span> <span class='ocrx_word' id='word_1_518' title='bbox 1257 4455 1543 4526; x_wconf 88' lang='lat' dir='ltr'><strong>scriptum</strong></span> <span class='ocrx_word' id='word_1_519' title='bbox 1566 4451 1817 4524; x_wconf 90' lang='lat' dir='ltr'><strong>perierit,</strong></span> <span class='ocrx_word' id='word_1_520' title='bbox 1841 4451 1910 4506; x_wconf 91' lang='lat' dir='ltr'><strong>de</strong></span> <span class='ocrx_word' id='word_1_521' title='bbox 1940 4455 2134 4506; x_wconf 82' lang='lat' dir='ltr'><strong>aucto-</strong></span> 
     </span>
    </p>
   </div>
   <div class='ocr_carea' id='block_1_78' title="bbox 483 4540 2132 4620">
    <p class='ocr_par' dir='ltr' id='par_1_78' title="bbox 483 4540 2132 4620">
     <span class='ocr_line' id='line_1_79' title="bbox 483 4540 2132 4620; baseline -0.007 -15"><span class='ocrx_word' id='word_1_522' title='bbox 483 4549 563 4605; x_wconf 90' lang='lat' dir='ltr'><strong>ris</strong></span> <span class='ocrx_word' id='word_1_523' title='bbox 591 4548 751 4604; x_wconf 88' lang='lat' dir='ltr'><strong>illius</strong></span> <span class='ocrx_word' id='word_1_524' title='bbox 781 4547 930 4620; x_wconf 90' lang='lat' dir='ltr'><strong>ston</strong></span> <span class='ocrx_word' id='word_1_525' title='bbox 986 4544 1288 4601; x_wconf 89' lang='lat' dir='ltr'><strong>dicendive</strong></span> <span class='ocrx_word' id='word_1_526' title='bbox 1332 4543 1663 4598; x_wconf 89' lang='lat' dir='ltr'><strong>charactere</strong></span> <span class='ocrx_word' id='word_1_527' title='bbox 1716 4540 1859 4595; x_wconf 89' lang='lat' dir='ltr'><strong>nihil</strong></span> <span class='ocrx_word' id='word_1_528' title='bbox 1916 4541 2055 4595; x_wconf 90' lang='lat' dir='ltr'><strong>certi</strong></span> <span class='ocrx_word' id='word_1_529' title='bbox 2097 4557 2132 4594; x_wconf 90' lang='lat' dir='ltr'><strong>a</strong></span> 
     </span>
    </p>
   </div>
   <div class='ocr_carea' id='block_1_79' title="bbox 2240 3369 3883 3446">
    <p class='ocr_par' dir='ltr' id='par_1_79' title="bbox 2240 3369 3883 3446">
     <span class='ocr_line' id='line_1_80' title="bbox 2240 3369 3883 3446; baseline 0.008 -23"><span class='ocrx_word' id='word_1_530' title='bbox 2240 3369 2356 3423; x_wconf 91' lang='lat' dir='ltr'><strong>illic</strong></span> <span class='ocrx_word' id='word_1_531' title='bbox 2387 3370 2603 3423; x_wconf 83' lang='lat' dir='ltr'><strong>frustra</strong></span> <span class='ocrx_word' id='word_1_532' title='bbox 2633 3371 3071 3440; x_wconf 65' lang='lat' dir='ltr'><strong>quesieris.Sed</strong></span> <span class='ocrx_word' id='word_1_533' title='bbox 3105 3373 3163 3427; x_wconf 91' lang='lat' dir='ltr'><strong>id</strong></span> <span class='ocrx_word' id='word_1_534' title='bbox 3186 3374 3403 3430; x_wconf 86' lang='lat' dir='ltr'><strong>frustra</strong></span> <span class='ocrx_word' id='word_1_535' title='bbox 3423 3376 3719 3446; x_wconf 85' lang='lat' dir='ltr'><strong>objicitur.</strong></span> <span class='ocrx_word' id='word_1_536' title='bbox 3741 3380 3883 3436; x_wconf 92' lang='lat' dir='ltr'><strong>Nam</strong></span> 
     </span>
    </p>
   </div>
   <div class='ocr_carea' id='block_1_80' title="bbox 2238 3458 3892 3528">
    <p class='ocr_par' dir='ltr' id='par_1_80' title="bbox 2238 3458 3892 3528">
     <span class='ocr_line' id='line_1_81' title="bbox 2238 3458 3892 3528; baseline 0.007 -15"><span class='ocrx_word' id='word_1_537' title='bbox 2238 3458 2591 3514; x_wconf 83' lang='lat' dir='ltr'><strong>Clementem</strong></span> <span class='ocrx_word' id='word_1_538' title='bbox 2619 3475 2733 3514; x_wconf 88' lang='lat' dir='ltr'><strong>non</strong></span> <span class='ocrx_word' id='word_1_539' title='bbox 2766 3459 3019 3516; x_wconf 89' lang='lat' dir='ltr'><strong>auctoris</strong></span> <span class='ocrx_word' id='word_1_540' title='bbox 3041 3462 3235 3528; x_wconf 91' lang='lat' dir='ltr'><strong>verba,</strong></span> <span class='ocrx_word' id='word_1_541' title='bbox 3257 3464 3357 3519; x_wconf 89' lang='lat' dir='ltr'><strong>sed</strong></span> <span class='ocrx_word' id='word_1_542' title='bbox 3385 3472 3642 3522; x_wconf 88' lang='lat' dir='ltr'><strong>mentem</strong></span> <span class='ocrx_word' id='word_1_543' title='bbox 3667 3485 3735 3523; x_wconf 88' lang='lat' dir='ltr'><strong>ac</strong></span> <span class='ocrx_word' id='word_1_544' title='bbox 3767 3486 3892 3525; x_wconf 82' lang='lat' dir='ltr'><strong>sen-</strong></span> 
     </span>
    </p>
   </div>
   <div class='ocr_carea' id='block_1_81' title="bbox 2240 3546 3887 3629">
    <p class='ocr_par' dir='ltr' id='par_1_81' title="bbox 2240 3546 3887 3629">
     <span class='ocr_line' id='line_1_82' title="bbox 2240 3546 3887 3629; baseline 0.008 -28"><span class='ocrx_word' id='word_1_545' title='bbox 2240 3564 2394 3613; x_wconf 90' lang='lat' dir='ltr'><strong>sum,</strong></span> <span class='ocrx_word' id='word_1_546' title='bbox 2427 3548 2583 3617; x_wconf 90' lang='lat' dir='ltr'><strong>quod</strong></span> <span class='ocrx_word' id='word_1_547' title='bbox 2616 3546 2807 3601; x_wconf 90' lang='lat' dir='ltr'><strong>solum</strong></span> <span class='ocrx_word' id='word_1_548' title='bbox 2838 3548 3188 3618; x_wconf 87' lang='lat' dir='ltr'><strong>intenderat,</strong></span> <span class='ocrx_word' id='word_1_549' title='bbox 3222 3551 3302 3606; x_wconf 92' lang='lat' dir='ltr'><strong>ibi</strong></span> <span class='ocrx_word' id='word_1_550' title='bbox 3343 3553 3615 3611; x_wconf 87' lang='lat' dir='ltr'><strong>retulisse</strong></span> <span class='ocrx_word' id='word_1_551' title='bbox 3646 3556 3887 3629; x_wconf 89' lang='lat' dir='ltr'><strong>planum</strong></span> 
     </span>
    </p>
   </div>
   <div class='ocr_carea' id='block_1_82' title="bbox 2239 3636 2839 3707">
    <p class='ocr_par' dir='ltr' id='par_1_82' title="bbox 2239 3636 2839 3707">
     <span class='ocr_line' id='line_1_83' title="bbox 2239 3636 2839 3707; baseline 0.003 -17"><span class='ocrx_word' id='word_1_552' title='bbox 2239 3639 2328 3690; x_wconf 90' lang='lat' dir='ltr'><strong>est</strong></span> <span class='ocrx_word' id='word_1_553' title='bbox 2356 3639 2412 3689; x_wconf 88' lang='lat' dir='ltr'><strong>et</strong></span> <span class='ocrx_word' id='word_1_554' title='bbox 2441 3636 2839 3707; x_wconf 84' lang='lat' dir='ltr'><strong>perspicuum.</strong></span> 
     </span>
    </p>
   </div>
   <div class='ocr_carea' id='block_1_83' title="bbox 2779 3744 3360 3804">
    <p class='ocr_par' dir='ltr' id='par_1_83' title="bbox 2779 3744 3360 3804">
     <span class='ocr_line' id='line_1_84' title="bbox 2779 3744 3360 3804; baseline 0.014 -8"><span class='ocrx_word' id='word_1_555' title='bbox 2779 3744 3173 3802; x_wconf 84' lang='lat' dir='ltr'><strong>ARTICULUS</strong></span> <span class='ocrx_word' id='word_1_556' title='bbox 3212 3749 3360 3804; x_wconf 85' lang='lat' dir='ltr'><strong>VIII.</strong></span> 
     </span>
    </p>
   </div>
   <div class='ocr_carea' id='block_1_84' title="bbox 2671 3834 3450 3908">
    <p class='ocr_par' dir='ltr' id='par_1_84' title="bbox 2671 3834 3450 3908">
     <span class='ocr_line' id='line_1_85' title="bbox 2671 3834 3450 3908; baseline 0.009 -22"><span class='ocrx_word' id='word_1_557' title='bbox 2671 3834 2748 3887; x_wconf 89' lang='lat' dir='ltr'><strong>De</strong></span> <span class='ocrx_word' id='word_1_558' title='bbox 2778 3834 2964 3889; x_wconf 87' lang='lat' dir='ltr'><strong>titulos</strong></span> <span class='ocrx_word' id='word_1_559' title='bbox 2995 3835 3225 3905; x_wconf 81' lang='lat' dir='ltr'><strong>hujusce</strong></span> <span class='ocrx_word' id='word_1_560' title='bbox 3253 3840 3450 3908; x_wconf 84' lang='lat' dir='ltr'><strong>operis.</strong></span> 
     </span>
    </p>
   </div>
   <div class='ocr_carea' id='block_1_85' title="bbox 2312 3920 3894 4001">
    <p class='ocr_par' dir='ltr' id='par_1_85' title="bbox 2312 3920 3894 4001">
     <span class='ocr_line' id='line_1_86' title="bbox 2312 3920 3894 4001; baseline 0.006 -25"><span class='ocrx_word' id='word_1_561' title='bbox 2312 3921 2427 3976; x_wconf 88' lang='lat' dir='ltr'><strong>Hoc</strong></span> <span class='ocrx_word' id='word_1_562' title='bbox 2445 3938 2593 3993; x_wconf 88' lang='lat' dir='ltr'><strong>opus</strong></span> <span class='ocrx_word' id='word_1_563' title='bbox 2607 3920 2875 3993; x_wconf 90' lang='lat' dir='ltr'><strong>pluribus</strong></span> <span class='ocrx_word' id='word_1_564' title='bbox 2888 3923 3182 3995; x_wconf 87' lang='lat' dir='ltr'><strong>variisque</strong></span> <span class='ocrx_word' id='word_1_565' title='bbox 3195 3925 3383 3981; x_wconf 91' lang='lat' dir='ltr'><strong>titulis</strong></span> <span class='ocrx_word' id='word_1_566' title='bbox 3396 3928 3471 3982; x_wconf 89' lang='lat' dir='ltr'><strong>ab</strong></span> <span class='ocrx_word' id='word_1_567' title='bbox 3481 3928 3750 4001; x_wconf 89' lang='lat' dir='ltr'><strong>antiquis</strong></span> <span class='ocrx_word' id='word_1_568' title='bbox 3763 3934 3894 3987; x_wconf 60' lang='lat' dir='ltr'><strong>scrio</strong></span> 
     </span>
    </p>
   </div>
   <div class='ocr_carea' id='block_1_86' title="bbox 2239 4010 3893 4082">
    <p class='ocr_par' dir='ltr' id='par_1_86' title="bbox 2239 4010 3893 4082">
     <span class='ocr_line' id='line_1_87' title="bbox 2239 4010 3893 4082; baseline 0.007 -19"><span class='ocrx_word' id='word_1_569' title='bbox 2239 4010 2504 4082; x_wconf 87' lang='lat' dir='ltr'><strong>ptoribus</strong></span> <span class='ocrx_word' id='word_1_570' title='bbox 2535 4015 2910 4082; x_wconf 62' lang='lat' dir='ltr'><strong>praenotatur.</strong></span> <span class='ocrx_word' id='word_1_571' title='bbox 2942 4012 3190 4069; x_wconf 89' lang='lat' dir='ltr'><strong>Ruﬁnus</strong></span> <span class='ocrx_word' id='word_1_572' title='bbox 3213 4016 3428 4071; x_wconf 90' lang='lat' dir='ltr'><strong>etenim</strong></span> <span class='ocrx_word' id='word_1_573' title='bbox 3460 4017 3557 4072; x_wconf 84' lang='lat' dir='ltr'><strong>ubi</strong></span> <span class='ocrx_word' id='word_1_574' title='bbox 3576 4034 3680 4075; x_wconf 88' lang='lat' dir='ltr'><strong>eos</strong></span> <span class='ocrx_word' id='word_1_575' title='bbox 3714 4020 3893 4077; x_wconf 87' lang='lat' dir='ltr'><strong>libros</strong></span> 
     </span>
    </p>
   </div>
   <div class='ocr_carea' id='block_1_87' title="bbox 2240 4099 3894 4176">
    <p class='ocr_par' dir='ltr' id='par_1_87' title="bbox 2240 4099 3894 4176">
     <span class='ocr_line' id='line_1_88' title="bbox 2240 4099 3894 4176; baseline 0.007 -23"><span class='ocrx_word' id='word_1_576' title='bbox 2240 4103 2563 4167; x_wconf 82' lang='lat' dir='ltr'><strong>enumerat,</strong></span> <span class='ocrx_word' id='word_1_577' title='bbox 2598 4099 2697 4170; x_wconf 90' lang='lat' dir='ltr'><strong>qui</strong></span> <span class='ocrx_word' id='word_1_578' title='bbox 2746 4106 3029 4155; x_wconf 86' lang='lat' dir='ltr'><strong>vocantur</strong></span> <span class='ocrx_word' id='word_1_579' title='bbox 3056 4118 3089 4155; x_wconf 89' lang='lat' dir='ltr'><strong>a</strong></span> <span class='ocrx_word' id='word_1_580' title='bbox 3136 4104 3440 4174; x_wconf 82' lang='lat' dir='ltr'><strong>majoribus</strong></span> <span class='ocrx_word' id='word_1_581' title='bbox 3470 4122 3585 4161; x_wconf 88' lang='lat' dir='ltr'><strong>non</strong></span> <span class='ocrx_word' id='word_1_582' title='bbox 3614 4113 3894 4176; x_wconf 75' lang='lat' dir='ltr'><strong>canonici,</strong></span> 
     </span>
    </p>
   </div>
   <div class='ocr_carea' id='block_1_88' title="bbox 2239 4187 3898 4263">
    <p class='ocr_par' dir='ltr' id='par_1_88' title="bbox 2239 4187 3898 4263">
     <span class='ocr_line' id='line_1_89' title="bbox 2239 4187 3898 4263; baseline 0.007 -22"><span class='ocrx_word' id='word_1_583' title='bbox 2239 4188 2331 4242; x_wconf 86' lang='lat' dir='ltr'><strong>sed</strong></span> <span class='ocrx_word' id='word_1_584' title='bbox 2359 4187 2732 4255; x_wconf 81' lang='lat' dir='ltr'><strong>ecclesiastici,</strong></span> <span class='ocrx_word' id='word_1_585' title='bbox 2789 4189 2859 4243; x_wconf 89' lang='lat' dir='ltr'><strong>de</strong></span> <span class='ocrx_word' id='word_1_586' title='bbox 2916 4188 3015 4243; x_wconf 93' lang='lat' dir='ltr'><strong>illo</strong></span> <span class='ocrx_word' id='word_1_587' title='bbox 3070 4191 3155 4245; x_wconf 90' lang='lat' dir='ltr'><strong>sic</strong></span> <span class='ocrx_word' id='word_1_588' title='bbox 3211 4191 3469 4263; x_wconf 87' lang='lat' dir='ltr'><strong>loquitur</strong></span> <span class='ocrx_word' id='word_1_589' title='bbox 3501 4198 3588 4251; x_wconf 68' lang='grc' dir='ltr'><strong>ηε</strong></span> <span class='ocrx_word' id='word_1_590' title='bbox 3650 4199 3714 4252; x_wconf 82' lang='grc' dir='ltr'><strong>1η</strong></span> <span class='ocrx_word' id='word_1_591' title='bbox 3760 4201 3898 4255; x_wconf 80' lang='lat' dir='ltr'><strong>Novo</strong></span> 
     </span>
    </p>
   </div>
   <div class='ocr_carea' id='block_1_89' title="bbox 2242 4275 3895 4347">
    <p class='ocr_par' dir='ltr' id='par_1_89' title="bbox 2242 4275 3895 4347">
     <span class='ocr_line' id='line_1_90' title="bbox 2242 4275 3895 4347; baseline 0.008 -17"><span class='ocrx_word' id='word_1_592' title='bbox 2242 4278 2570 4332; x_wconf 88' lang='lat' dir='ltr'><strong>Testamento</strong></span> <span class='ocrx_word' id='word_1_593' title='bbox 2601 4275 2825 4331; x_wconf 85' lang='lat' dir='ltr'><strong>libellus</strong></span> <span class='ocrx_word' id='word_1_594' title='bbox 2854 4279 2955 4347; x_wconf 87' lang='lat' dir='ltr'><strong>qui</strong></span> <span class='ocrx_word' id='word_1_595' title='bbox 2976 4278 3184 4333; x_wconf 84' lang='lat' dir='ltr'><strong>dicitur</strong></span> <span class='ocrx_word' id='word_1_596' title='bbox 3206 4280 3461 4338; x_wconf 88' lang='lat' dir='ltr'><strong>Pastoris</strong></span> <span class='ocrx_word' id='word_1_597' title='bbox 3482 4285 3603 4340; x_wconf 89' lang='lat' dir='ltr'><strong>sive</strong></span> <span class='ocrx_word' id='word_1_598' title='bbox 3627 4286 3895 4343; x_wconf 84' lang='lat' dir='ltr'><strong>Hermas.</strong></span> 
     </span>
    </p>
   </div>
   <div class='ocr_carea' id='block_1_90' title="bbox 2240 4365 3895 4442">
    <p class='ocr_par' dir='ltr' id='par_1_90' title="bbox 2240 4365 3895 4442">
     <span class='ocr_line' id='line_1_91' title="bbox 2240 4365 3895 4442; baseline 0.007 -22"><span class='ocrx_word' id='word_1_599' title='bbox 2240 4368 2335 4437; x_wconf 91' lang='lat' dir='ltr'><strong>qui</strong></span> <span class='ocrx_word' id='word_1_600' title='bbox 2365 4366 2711 4437; x_wconf 84' lang='lat' dir='ltr'><strong>appellatur:</strong></span> <span class='ocrx_word' id='word_1_601' title='bbox 2744 4365 2879 4419; x_wconf 63' lang='lat' dir='ltr'><strong>Duas</strong></span> <span class='ocrx_word' id='word_1_602' title='bbox 2911 4367 3015 4420; x_wconf 74' lang='lat' dir='ltr'><strong>viae</strong></span> <span class='ocrx_word' id='word_1_603' title='bbox 3070 4368 3154 4423; x_wconf 90' lang='lat' dir='ltr'><strong>vel</strong></span> <span class='ocrx_word' id='word_1_604' title='bbox 3194 4370 3487 4440; x_wconf 89' lang='lat' dir='ltr'><strong>judicium</strong></span> <span class='ocrx_word' id='word_1_605' title='bbox 3536 4374 3714 4429; x_wconf 90' lang='lat' dir='ltr'><strong>Petri.</strong></span> <span class='ocrx_word' id='word_1_606' title='bbox 3752 4377 3895 4442; x_wconf 88' lang='lat' dir='ltr'><strong>Quid</strong></span> 
     </span>
    </p>
   </div>
   <div class='ocr_carea' id='block_1_91' title="bbox 2241 4453 3897 4534">
    <p class='ocr_par' dir='ltr' id='par_1_91' title="bbox 2241 4453 3897 4534">
     <span class='ocr_line' id='line_1_92' title="bbox 2241 4453 3897 4534; baseline 0.005 -24"><span class='ocrx_word' id='word_1_607' title='bbox 2241 4455 2354 4511; x_wconf 89' lang='lat' dir='ltr'><strong>sibi</strong></span> <span class='ocrx_word' id='word_1_608' title='bbox 2386 4454 2477 4509; x_wconf 90' lang='lat' dir='ltr'><strong>his</strong></span> <span class='ocrx_word' id='word_1_609' title='bbox 2507 4454 2699 4509; x_wconf 90' lang='lat' dir='ltr'><strong>verbis</strong></span> <span class='ocrx_word' id='word_1_610' title='bbox 2729 4453 2830 4509; x_wconf 87' lang='lat' dir='ltr'><strong>ille</strong></span> <span class='ocrx_word' id='word_1_611' title='bbox 2858 4453 3013 4526; x_wconf 90' lang='lat' dir='ltr'><strong>velit,</strong></span> <span class='ocrx_word' id='word_1_612' title='bbox 3048 4458 3332 4515; x_wconf 88' lang='lat' dir='ltr'><strong>attentius</strong></span> <span class='ocrx_word' id='word_1_613' title='bbox 3385 4463 3897 4534; x_wconf 89' lang='lat' dir='ltr'><strong>perpendendum.</strong></span> 
     </span>
    </p>
   </div>
   <div class='ocr_carea' id='block_1_92' title="bbox 2246 4542 3899 4622">
    <p class='ocr_par' dir='ltr' id='par_1_92' title="bbox 2246 4542 3899 4622">
     <span class='ocr_line' id='line_1_93' title="bbox 2246 4542 3899 4622; baseline 0.008 -25"><span class='ocrx_word' id='word_1_614' title='bbox 2246 4542 2501 4598; x_wconf 89' lang='lat' dir='ltr'><strong>Libellus</strong></span> <span class='ocrx_word' id='word_1_615' title='bbox 2531 4542 2688 4596; x_wconf 89' lang='lat' dir='ltr'><strong>enim</strong></span> <span class='ocrx_word' id='word_1_616' title='bbox 2717 4543 2964 4598; x_wconf 83' lang='lat' dir='ltr'><strong>Pastoris</strong></span> <span class='ocrx_word' id='word_1_617' title='bbox 3022 4544 3296 4616; x_wconf 88' lang='lat' dir='ltr'><strong>appellari</strong></span> <span class='ocrx_word' id='word_1_618' title='bbox 3360 4566 3472 4605; x_wconf 91' lang='lat' dir='ltr'><strong>non</strong></span> <span class='ocrx_word' id='word_1_619' title='bbox 3535 4556 3733 4622; x_wconf 87' lang='lat' dir='ltr'><strong>potest</strong></span> <span class='ocrx_word' id='word_1_620' title='bbox 3764 4556 3899 4611; x_wconf 67' lang='lat' dir='ltr'><strong>Duae</strong></span> 
     </span>
    </p>
   </div>
   <div class='ocr_carea' id='block_1_93' title="bbox 481 4623 3901 4708">
    <p class='ocr_par' dir='ltr' id='par_1_93' title="bbox 481 4623 3901 4708">
     <span class='ocr_line' id='line_1_94' title="bbox 481 4623 3901 4708; baseline 0 -14"><span class='ocrx_word' id='word_1_621' title='bbox 481 4638 652 4694; x_wconf 89' lang='lat' dir='ltr'><strong>nobis</strong></span> <span class='ocrx_word' id='word_1_622' title='bbox 685 4637 865 4693; x_wconf 89' lang='lat' dir='ltr'><strong>statui</strong></span> <span class='ocrx_word' id='word_1_623' title='bbox 897 4640 1107 4708; x_wconf 90' lang='lat' dir='ltr'><strong>potest.</strong></span> <span class='ocrx_word' id='word_1_624' title='bbox 1137 4634 1215 4689; x_wconf 91' lang='lat' dir='ltr'><strong>De</strong></span> <span class='ocrx_word' id='word_1_625' title='bbox 1246 4633 1374 4704; x_wconf 91' lang='lat' dir='ltr'><strong>ejus</strong></span> <span class='ocrx_word' id='word_1_626' title='bbox 1408 4635 1601 4686; x_wconf 89' lang='lat' dir='ltr'><strong>autem</strong></span> <span class='ocrx_word' id='word_1_627' title='bbox 1628 4629 1828 4684; x_wconf 89' lang='lat' dir='ltr'><strong>Latina</strong></span> <span class='ocrx_word' id='word_1_628' title='bbox 1857 4629 2134 4701; x_wconf 88' lang='lat' dir='ltr'><strong>interpre-</strong></span> <span class='ocrx_word' id='word_1_629' title='bbox 2164 4623 2210 4686; x_wconf 89' lang='lat' dir='ltr'><strong>D</strong></span> <span class='ocrx_word' id='word_1_630' title='bbox 2242 4634 2368 4699; x_wconf 66' lang='lat' dir='ltr'><strong>viae,</strong></span> <span class='ocrx_word' id='word_1_631' title='bbox 2402 4636 2527 4686; x_wconf 89' lang='lat' dir='ltr'><strong>tum</strong></span> <span class='ocrx_word' id='word_1_632' title='bbox 2550 4630 2689 4701; x_wconf 91' lang='lat' dir='ltr'><strong>quia</strong></span> <span class='ocrx_word' id='word_1_633' title='bbox 2711 4630 2853 4685; x_wconf 85' lang='lat' dir='ltr'><strong>sexti</strong></span> <span class='ocrx_word' id='word_1_634' title='bbox 2875 4636 3105 4688; x_wconf 90' lang='lat' dir='ltr'><strong>tantum</strong></span> <span class='ocrx_word' id='word_1_635' title='bbox 3130 4636 3393 4692; x_wconf 89' lang='lat' dir='ltr'><strong>mandati</strong></span> <span class='ocrx_word' id='word_1_636' title='bbox 3424 4639 3594 4694; x_wconf 89' lang='lat' dir='ltr'><strong>initio</strong></span> <span class='ocrx_word' id='word_1_637' title='bbox 3629 4642 3675 4676; x_wconf 75' lang='grc' dir='ltr'><strong>ιθ</strong></span> <span class='ocrx_word' id='word_1_638' title='bbox 3694 4643 3773 4698; x_wconf 91' lang='lat' dir='ltr'><strong>de</strong></span> <span class='ocrx_word' id='word_1_639' title='bbox 3795 4643 3901 4699; x_wconf 81' lang='lat' dir='ltr'><strong>hoc</strong></span> 
     </span>
    </p>
   </div>
   <div class='ocr_carea' id='block_1_94' title="bbox 480 4718 2131 4797">
    <p class='ocr_par' dir='ltr' id='par_1_94' title="bbox 480 4718 2131 4797">
     <span class='ocr_line' id='line_1_95' title="bbox 480 4718 2131 4797; baseline -0.007 -15"><span class='ocrx_word' id='word_1_640' title='bbox 480 4727 703 4783; x_wconf 87' lang='lat' dir='ltr'><strong>tatione</strong></span> <span class='ocrx_word' id='word_1_641' title='bbox 750 4744 863 4782; x_wconf 91' lang='lat' dir='ltr'><strong>non</strong></span> <span class='ocrx_word' id='word_1_642' title='bbox 898 4740 1214 4797; x_wconf 89' lang='lat' dir='ltr'><strong>possumus</strong></span> <span class='ocrx_word' id='word_1_643' title='bbox 1270 4720 1500 4775; x_wconf 88' lang='lat' dir='ltr'><strong>Barthio</strong></span> <span class='ocrx_word' id='word_1_644' title='bbox 1560 4718 1793 4790; x_wconf 88' lang='lat' dir='ltr'><strong>penitus</strong></span> <span class='ocrx_word' id='word_1_645' title='bbox 1838 4718 2131 4786; x_wconf 87' lang='lat' dir='ltr'><strong>assentiri,</strong></span> 
     </span>
    </p>
   </div>
   <div class='ocr_carea' id='block_1_95' title="bbox 482 4807 2133 4888">
    <p class='ocr_par' dir='ltr' id='par_1_95' title="bbox 482 4807 2133 4888">
     <span class='ocr_line' id='line_1_96' title="bbox 482 4807 2133 4888; baseline -0.008 -16"><span class='ocrx_word' id='word_1_646' title='bbox 482 4816 585 4888; x_wconf 90' lang='lat' dir='ltr'><strong>qui</strong></span> <span class='ocrx_word' id='word_1_647' title='bbox 621 4816 811 4888; x_wconf 84' lang='lat' dir='ltr'><strong>primo</strong></span> <span class='ocrx_word' id='word_1_648' title='bbox 841 4815 922 4869; x_wconf 89' lang='lat' dir='ltr'><strong>ait</strong></span> <span class='ocrx_word' id='word_1_649' title='bbox 950 4830 1077 4869; x_wconf 89' lang='lat' dir='ltr'><strong>eam</strong></span> <span class='ocrx_word' id='word_1_650' title='bbox 1110 4816 1176 4866; x_wconf 91' lang='lat' dir='ltr'><strong>ut</strong></span> <span class='ocrx_word' id='word_1_651' title='bbox 1206 4815 1336 4882; x_wconf 89' lang='lat' dir='ltr'><strong>pote</strong></span> <span class='ocrx_word' id='word_1_652' title='bbox 1366 4810 1586 4863; x_wconf 86' lang='lat' dir='ltr'><strong>mistam</strong></span> <span class='ocrx_word' id='word_1_653' title='bbox 1617 4807 1996 4877; x_wconf 86' lang='lat' dir='ltr'><strong>barbarismis,</strong></span> <span class='ocrx_word' id='word_1_654' title='bbox 2031 4807 2133 4861; x_wconf 89' lang='lat' dir='ltr'><strong>ha-</strong></span> 
     </span>
    </p>
   </div>
   <div class='ocr_carea' id='block_1_96' title="bbox 484 4897 2131 4966">
    <p class='ocr_par' dir='ltr' id='par_1_96' title="bbox 484 4897 2131 4966">
     <span class='ocr_line' id='line_1_97' title="bbox 484 4897 2131 4966; baseline -0.006 -5"><span class='ocrx_word' id='word_1_655' title='bbox 484 4905 1159 4961; x_wconf 83' lang='lat' dir='ltr'><strong>buissesemibarbarum</strong></span> <span class='ocrx_word' id='word_1_656' title='bbox 1205 4899 1607 4955; x_wconf 85' lang='lat' dir='ltr'><strong>translatorem.</strong></span> <span class='ocrx_word' id='word_1_657' title='bbox 1653 4897 1918 4951; x_wconf 91' lang='lat' dir='ltr'><strong>Secundo</strong></span> <span class='ocrx_word' id='word_1_658' title='bbox 1958 4897 2131 4966; x_wconf 90' lang='lat' dir='ltr'><strong>quod,</strong></span> 
     </span>
    </p>
   </div>
   <div class='ocr_carea' id='block_1_97' title="bbox 486 4986 2135 5061">
    <p class='ocr_par' dir='ltr' id='par_1_97' title="bbox 486 4986 2135 5061">
     <span class='ocr_line' id='line_1_98' title="bbox 486 4986 2135 5061; baseline -0.006 -11"><span class='ocrx_word' id='word_1_659' title='bbox 486 4995 631 5050; x_wconf 87' lang='lat' dir='ltr'><strong>mihi</strong></span> <span class='ocrx_word' id='word_1_660' title='bbox 657 4996 710 5049; x_wconf 84' lang='lat' dir='ltr'><strong>si</strong></span> <span class='ocrx_word' id='word_1_661' title='bbox 737 4995 939 5060; x_wconf 77' lang='lat' dir='ltr'><strong>censio,</strong></span> <span class='ocrx_word' id='word_1_662' title='bbox 980 4992 1154 5047; x_wconf 90' lang='lat' dir='ltr'><strong>verba</strong></span> <span class='ocrx_word' id='word_1_663' title='bbox 1197 4990 1326 5061; x_wconf 90' lang='lat' dir='ltr'><strong>ejus</strong></span> <span class='ocrx_word' id='word_1_664' title='bbox 1373 4991 1533 5051; x_wconf 90' lang='lat' dir='ltr'><strong>sunt,</strong></span> <span class='ocrx_word' id='word_1_665' title='bbox 1581 4986 1755 5051; x_wconf 89' lang='lat' dir='ltr'><strong>detur,</strong></span> <span class='ocrx_word' id='word_1_666' title='bbox 1788 4986 2135 5040; x_wconf 79' lang='lat' dir='ltr'><strong>Anastasium</strong></span> 
     </span>
    </p>
   </div>
   <div class='ocr_carea' id='block_1_98' title="bbox 489 5074 2131 5152">
    <p class='ocr_par' dir='ltr' id='par_1_98' title="bbox 489 5074 2131 5152">
     <span class='ocr_line' id='line_1_99' title="bbox 489 5074 2131 5152; baseline -0.006 -13"><span class='ocrx_word' id='word_1_667' title='bbox 489 5084 983 5140; x_wconf 83' lang='lat' dir='ltr'><strong>Bibliothecarium</strong></span> <span class='ocrx_word' id='word_1_668' title='bbox 1014 5082 1177 5152; x_wconf 83' lang='lat' dir='ltr'><strong>hujus</strong></span> <span class='ocrx_word' id='word_1_669' title='bbox 1226 5076 1609 5133; x_wconf 79' lang='lat' dir='ltr'><strong>translationis</strong></span> <span class='ocrx_word' id='word_1_670' title='bbox 1628 5083 1903 5129; x_wconf 86' lang='lat' dir='ltr'><strong>auctorem</strong></span> <span class='ocrx_word' id='word_1_671' title='bbox 1933 5074 2131 5141; x_wconf 86' lang='lat' dir='ltr'><strong>dicam,</strong></span> 
     </span>
    </p>
   </div>
   <div class='ocr_carea' id='block_1_99' title="bbox 485 5163 2135 5245">
    <p class='ocr_par' dir='ltr' id='par_1_99' title="bbox 485 5163 2135 5245">
     <span class='ocr_line' id='line_1_100' title="bbox 485 5163 2135 5245; baseline -0.007 -15"><span class='ocrx_word' id='word_1_672' title='bbox 485 5176 644 5245; x_wconf 83' lang='lat' dir='ltr'><strong>cujus</strong></span> <span class='ocrx_word' id='word_1_673' title='bbox 673 5181 895 5229; x_wconf 76' lang='lat' dir='ltr'><strong>exstant</strong></span> <span class='ocrx_word' id='word_1_674' title='bbox 949 5172 1101 5227; x_wconf 84' lang='lat' dir='ltr'><strong>clam</strong></span> <span class='ocrx_word' id='word_1_675' title='bbox 1155 5168 1450 5240; x_wconf 86' lang='lat' dir='ltr'><strong>palamque</strong></span> <span class='ocrx_word' id='word_1_676' title='bbox 1504 5165 1708 5220; x_wconf 85' lang='lat' dir='ltr'><strong>similis</strong></span> <span class='ocrx_word' id='word_1_677' title='bbox 1754 5163 2043 5219; x_wconf 66' lang='lat' dir='ltr'><strong>industriae</strong></span> <span class='ocrx_word' id='word_1_678' title='bbox 2080 5168 2135 5218; x_wconf 87' lang='lat' dir='ltr'><strong>et</strong></span> 
     </span>
    </p>
   </div>
   <div class='ocr_carea' id='block_1_100' title="bbox 481 5258 1282 5333">
    <p class='ocr_par' dir='ltr' id='par_1_100' title="bbox 481 5258 1282 5333">
     <span class='ocr_line' id='line_1_101' title="bbox 481 5258 1282 5333; baseline -0.007 -16"><span class='ocrx_word' id='word_1_679' title='bbox 481 5264 800 5333; x_wconf 76' lang='lat' dir='ltr'><strong>scriptionis</strong></span> <span class='ocrx_word' id='word_1_680' title='bbox 829 5268 1188 5317; x_wconf 86' lang='lat' dir='ltr'><strong>monumenta</strong></span> <span class='ocrx_word' id='word_1_681' title='bbox 1220 5258 1282 5311; x_wconf 68' lang='lat'><strong>1‘.</strong></span> 
     </span>
    </p>
   </div>
   <div class='ocr_carea' id='block_1_101' title="bbox 554 5341 2131 5420">
    <p class='ocr_par' dir='ltr' id='par_1_101' title="bbox 554 5341 2131 5420">
     <span class='ocr_line' id='line_1_102' title="bbox 554 5341 2131 5420; baseline -0.006 -14"><span class='ocrx_word' id='word_1_682' title='bbox 554 5351 850 5414; x_wconf 88' lang='lat' dir='ltr'><strong>Quantum</strong></span> <span class='ocrx_word' id='word_1_683' title='bbox 874 5350 1027 5406; x_wconf 88' lang='lat' dir='ltr'><strong>enim</strong></span> <span class='ocrx_word' id='word_1_684' title='bbox 1048 5349 1120 5405; x_wconf 93' lang='lat' dir='ltr'><strong>ad</strong></span> <span class='ocrx_word' id='word_1_685' title='bbox 1145 5347 1427 5420; x_wconf 90' lang='lat' dir='ltr'><strong>primum,</strong></span> <span class='ocrx_word' id='word_1_686' title='bbox 1446 5359 1561 5398; x_wconf 88' lang='lat' dir='ltr'><strong>non</strong></span> <span class='ocrx_word' id='word_1_687' title='bbox 1579 5342 1904 5397; x_wconf 88' lang='lat' dir='ltr'><strong>difﬁtemur</strong></span> <span class='ocrx_word' id='word_1_688' title='bbox 1922 5341 2131 5397; x_wconf 87' lang='lat' dir='ltr'><strong>horum</strong></span> 
     </span>
    </p>
   </div>
   <div class='ocr_carea' id='block_1_102' title="bbox 481 5430 2132 5495">
    <p class='ocr_par' dir='ltr' id='par_1_102' title="bbox 481 5430 2132 5495">
     <span class='ocr_line' id='line_1_103' title="bbox 481 5430 2132 5495; baseline -0.004 0"><span class='ocrx_word' id='word_1_689' title='bbox 481 5438 924 5495; x_wconf 87' lang='lat' dir='ltr'><strong>translationem</strong></span> <span class='ocrx_word' id='word_1_690' title='bbox 947 5440 1229 5494; x_wconf 78' lang='lat' dir='ltr'><strong>librorum</strong></span> <span class='ocrx_word' id='word_1_691' title='bbox 1254 5451 1370 5489; x_wconf 89' lang='lat' dir='ltr'><strong>non</strong></span> <span class='ocrx_word' id='word_1_692' title='bbox 1395 5449 1523 5488; x_wconf 89' lang='lat' dir='ltr'><strong>esse</strong></span> <span class='ocrx_word' id='word_1_693' title='bbox 1546 5430 1872 5486; x_wconf 87' lang='lat' dir='ltr'><strong>Latinitatis</strong></span> <span class='ocrx_word' id='word_1_694' title='bbox 1894 5433 2132 5490; x_wconf 90' lang='lat' dir='ltr'><strong>omnino</strong></span> 
     </span>
    </p>
   </div>
   <div class='ocr_carea' id='block_1_103' title="bbox 2245 4719 3900 4796">
    <p class='ocr_par' dir='ltr' id='par_1_103' title="bbox 2245 4719 3900 4796">
     <span class='ocr_line' id='line_1_104' title="bbox 2245 4719 3900 4796; baseline 0.008 -22"><span class='ocrx_word' id='word_1_695' title='bbox 2245 4723 2590 4790; x_wconf 86' lang='lat' dir='ltr'><strong>argumento</strong></span> <span class='ocrx_word' id='word_1_696' title='bbox 2645 4719 2972 4789; x_wconf 89' lang='lat' dir='ltr'><strong>disseritur,</strong></span> <span class='ocrx_word' id='word_1_697' title='bbox 3032 4726 3207 4794; x_wconf 90' lang='lat' dir='ltr'><strong>atque</strong></span> <span class='ocrx_word' id='word_1_698' title='bbox 3264 4724 3433 4796; x_wconf 91' lang='lat' dir='ltr'><strong>plura</strong></span> <span class='ocrx_word' id='word_1_699' title='bbox 3487 4728 3604 4783; x_wconf 83' lang='lat' dir='ltr'><strong>alia</strong></span> <span class='ocrx_word' id='word_1_700' title='bbox 3659 4734 3787 4787; x_wconf 86' lang='lat' dir='ltr'><strong>toto</strong></span> <span class='ocrx_word' id='word_1_701' title='bbox 3845 4732 3900 4787; x_wconf 87' lang='lat' dir='ltr'><strong>in</strong></span> 
     </span>
    </p>
   </div>
   <div class='ocr_carea' id='block_1_104' title="bbox 2244 4810 3898 4881">
    <p class='ocr_par' dir='ltr' id='par_1_104' title="bbox 2244 4810 3898 4881">
     <span class='ocr_line' id='line_1_105' title="bbox 2244 4810 3898 4881; baseline 0.007 -17"><span class='ocrx_word' id='word_1_702' title='bbox 2244 4825 2415 4880; x_wconf 91' lang='lat' dir='ltr'><strong>opere</strong></span> <span class='ocrx_word' id='word_1_703' title='bbox 2445 4810 2807 4875; x_wconf 87' lang='lat' dir='ltr'><strong>tractantur;</strong></span> <span class='ocrx_word' id='word_1_704' title='bbox 2840 4812 2965 4863; x_wconf 90' lang='lat' dir='ltr'><strong>tum</strong></span> <span class='ocrx_word' id='word_1_705' title='bbox 2996 4810 3136 4881; x_wconf 89' lang='lat' dir='ltr'><strong>quia</strong></span> <span class='ocrx_word' id='word_1_706' title='bbox 3165 4811 3316 4867; x_wconf 87' lang='lat' dir='ltr'><strong>alius</strong></span> <span class='ocrx_word' id='word_1_707' title='bbox 3338 4815 3576 4871; x_wconf 91' lang='lat' dir='ltr'><strong>omnino</strong></span> <span class='ocrx_word' id='word_1_708' title='bbox 3603 4824 3696 4874; x_wconf 89' lang='lat' dir='ltr'><strong>est</strong></span> <span class='ocrx_word' id='word_1_709' title='bbox 3718 4820 3898 4875; x_wconf 87' lang='lat' dir='ltr'><strong>totius</strong></span> 
     </span>
    </p>
   </div>
   <div class='ocr_carea' id='block_1_105' title="bbox 2244 4897 3899 4978">
    <p class='ocr_par' dir='ltr' id='par_1_105' title="bbox 2244 4897 3899 4978">
     <span class='ocr_line' id='line_1_106' title="bbox 2244 4897 3899 4978; baseline 0.005 -24"><span class='ocrx_word' id='word_1_710' title='bbox 2244 4898 2435 4970; x_wconf 87' lang='lat' dir='ltr'><strong>operis</strong></span> <span class='ocrx_word' id='word_1_711' title='bbox 2467 4912 2697 4968; x_wconf 91' lang='lat' dir='ltr'><strong>scopus.</strong></span> <span class='ocrx_word' id='word_1_712' title='bbox 2732 4897 2929 4968; x_wconf 85' lang='lat' dir='ltr'><strong>Neque</strong></span> <span class='ocrx_word' id='word_1_713' title='bbox 2950 4899 3125 4955; x_wconf 89' lang='lat' dir='ltr'><strong>etiam</strong></span> <span class='ocrx_word' id='word_1_714' title='bbox 3150 4900 3389 4959; x_wconf 89' lang='lat' dir='ltr'><strong>inscribi</strong></span> <span class='ocrx_word' id='word_1_715' title='bbox 3415 4910 3605 4975; x_wconf 88' lang='lat' dir='ltr'><strong>potest</strong></span> <span class='ocrx_word' id='word_1_716' title='bbox 3614 4908 3899 4978; x_wconf 78' lang='lat' dir='ltr'><strong>judicium</strong></span> 
     </span>
    </p>
   </div>
   <div class='ocr_carea' id='block_1_106' title="bbox 2241 4985 3899 5056">
    <p class='ocr_par' dir='ltr' id='par_1_106' title="bbox 2241 4985 3899 5056">
     <span class='ocr_line' id='line_1_107' title="bbox 2241 4985 3899 5056; baseline 0.005 -14"><span class='ocrx_word' id='word_1_717' title='bbox 2241 4988 2433 5043; x_wconf 88' lang='lat' dir='ltr'><strong>Petri:</strong></span> <span class='ocrx_word' id='word_1_718' title='bbox 2466 4986 2571 5039; x_wconf 90' lang='lat' dir='ltr'><strong>hac</strong></span> <span class='ocrx_word' id='word_1_719' title='bbox 2602 4985 2818 5056; x_wconf 88' lang='lat' dir='ltr'><strong>quippe</strong></span> <span class='ocrx_word' id='word_1_720' title='bbox 2848 4986 2918 5041; x_wconf 92' lang='lat' dir='ltr'><strong>de</strong></span> <span class='ocrx_word' id='word_1_721' title='bbox 2950 5003 3009 5042; x_wconf 93' lang='lat' dir='ltr'><strong>re</strong></span> <span class='ocrx_word' id='word_1_722' title='bbox 3040 4987 3183 5043; x_wconf 89' lang='lat' dir='ltr'><strong>nihil</strong></span> <span class='ocrx_word' id='word_1_723' title='bbox 3216 4990 3275 5045; x_wconf 91' lang='lat' dir='ltr'><strong>in</strong></span> <span class='ocrx_word' id='word_1_724' title='bbox 3295 4991 3389 5047; x_wconf 90' lang='lat' dir='ltr'><strong>his</strong></span> <span class='ocrx_word' id='word_1_725' title='bbox 3410 4992 3574 5049; x_wconf 90' lang='lat' dir='ltr'><strong>libris</strong></span> <span class='ocrx_word' id='word_1_726' title='bbox 3606 4996 3899 5054; x_wconf 83' lang='lat' dir='ltr'><strong>invenias.</strong></span> 
     </span>
    </p>
   </div>
   <div class='ocr_carea' id='block_1_107' title="bbox 2239 5074 3899 5158">
    <p class='ocr_par' dir='ltr' id='par_1_107' title="bbox 2239 5074 3899 5158">
     <span class='ocr_line' id='line_1_108' title="bbox 2239 5074 3899 5158; baseline 0.005 -27"><span class='ocrx_word' id='word_1_727' title='bbox 2239 5075 2487 5148; x_wconf 86' lang='lat' dir='ltr'><strong>Aliquod</strong></span> <span class='ocrx_word' id='word_1_728' title='bbox 2520 5074 2698 5145; x_wconf 90' lang='lat' dir='ltr'><strong>igitur</strong></span> <span class='ocrx_word' id='word_1_729' title='bbox 2719 5075 2997 5130; x_wconf 90' lang='lat' dir='ltr'><strong>mendum</strong></span> <span class='ocrx_word' id='word_1_730' title='bbox 3045 5076 3105 5131; x_wconf 92' lang='lat' dir='ltr'><strong>in</strong></span> <span class='ocrx_word' id='word_1_731' title='bbox 3138 5078 3333 5134; x_wconf 85' lang='lat' dir='ltr'><strong>Ruﬁni</strong></span> <span class='ocrx_word' id='word_1_732' title='bbox 3379 5087 3602 5138; x_wconf 83' lang='lat' dir='ltr'><strong>textum</strong></span> <span class='ocrx_word' id='word_1_733' title='bbox 3634 5086 3899 5158; x_wconf 84' lang='lat' dir='ltr'><strong>irrepsit.</strong></span> 
     </span>
    </p>
   </div>
   <div class='ocr_carea' id='block_1_108' title="bbox 2241 5162 3897 5230">
    <p class='ocr_par' dir='ltr' id='par_1_108' title="bbox 2241 5162 3897 5230">
     <span class='ocr_line' id='line_1_109' title="bbox 2241 5162 3897 5230; baseline 0.004 -10"><span class='ocrx_word' id='word_1_734' title='bbox 2241 5164 2327 5221; x_wconf 85' lang='lat' dir='ltr'><strong>vel</strong></span> <span class='ocrx_word' id='word_1_735' title='bbox 2349 5164 2507 5219; x_wconf 89' lang='lat' dir='ltr'><strong>illius</strong></span> <span class='ocrx_word' id='word_1_736' title='bbox 2528 5162 2716 5217; x_wconf 90' lang='lat' dir='ltr'><strong>verbis</strong></span> <span class='ocrx_word' id='word_1_737' title='bbox 2743 5163 2858 5218; x_wconf 92' lang='lat' dir='ltr'><strong>duo</strong></span> <span class='ocrx_word' id='word_1_738' title='bbox 2876 5169 2978 5219; x_wconf 89' lang='lat' dir='ltr'><strong>aut</strong></span> <span class='ocrx_word' id='word_1_739' title='bbox 3003 5169 3122 5221; x_wconf 87' lang='lat' dir='ltr'><strong>tres</strong></span> <span class='ocrx_word' id='word_1_740' title='bbox 3146 5167 3356 5225; x_wconf 90' lang='lat' dir='ltr'><strong>diversi</strong></span> <span class='ocrx_word' id='word_1_741' title='bbox 3377 5170 3510 5226; x_wconf 90' lang='lat' dir='ltr'><strong>libri</strong></span> <span class='ocrx_word' id='word_1_742' title='bbox 3533 5173 3897 5230; x_wconf 84' lang='lat' dir='ltr'><strong>indicantur.</strong></span> 
     </span>
    </p>
   </div>
   <div class='ocr_carea' id='block_1_109' title="bbox 2241 5252 3900 5330">
    <p class='ocr_par' dir='ltr' id='par_1_109' title="bbox 2241 5252 3900 5330">
     <span class='ocr_line' id='line_1_110' title="bbox 2241 5252 3900 5330; baseline 0.006 -21"><span class='ocrx_word' id='word_1_743' title='bbox 2241 5256 2466 5309; x_wconf 89' lang='lat' dir='ltr'><strong>Primus</strong></span> <span class='ocrx_word' id='word_1_744' title='bbox 2519 5252 2740 5323; x_wconf 85' lang='lat' dir='ltr'><strong>quidem</strong></span> <span class='ocrx_word' id='word_1_745' title='bbox 2795 5252 3024 5308; x_wconf 86' lang='lat' dir='ltr'><strong>libellus</strong></span> <span class='ocrx_word' id='word_1_746' title='bbox 3074 5257 3175 5326; x_wconf 86' lang='lat' dir='ltr'><strong>qui</strong></span> <span class='ocrx_word' id='word_1_747' title='bbox 3228 5257 3434 5314; x_wconf 78' lang='lat' dir='ltr'><strong>dicitur</strong></span> <span class='ocrx_word' id='word_1_748' title='bbox 3488 5261 3774 5330; x_wconf 86' lang='lat' dir='ltr'><strong>Pastoris,</strong></span> <span class='ocrx_word' id='word_1_749' title='bbox 3837 5264 3900 5319; x_wconf 81' lang='lat' dir='ltr'><strong>de</strong></span> 
     </span>
    </p>
   </div>
   <div class='ocr_carea' id='block_1_110' title="bbox 2244 5339 3896 5418">
    <p class='ocr_par' dir='ltr' id='par_1_110' title="bbox 2244 5339 3896 5418">
     <span class='ocr_line' id='line_1_111' title="bbox 2244 5339 3896 5418; baseline 0.008 -23"><span class='ocrx_word' id='word_1_750' title='bbox 2244 5361 2359 5418; x_wconf 87' lang='lat' dir='ltr'><strong>quo</strong></span> <span class='ocrx_word' id='word_1_751' title='bbox 2408 5343 2535 5412; x_wconf 85' lang='lat' dir='ltr'><strong>jam</strong></span> <span class='ocrx_word' id='word_1_752' title='bbox 2567 5339 2812 5411; x_wconf 67' lang='lat' dir='ltr'><strong>quaestio</strong></span> <span class='ocrx_word' id='word_1_753' title='bbox 2846 5341 3112 5398; x_wconf 87' lang='lat' dir='ltr'><strong>habetur.</strong></span> <span class='ocrx_word' id='word_1_754' title='bbox 3146 5344 3451 5405; x_wconf 89' lang='lat' dir='ltr'><strong>Secundus</strong></span> <span class='ocrx_word' id='word_1_755' title='bbox 3475 5355 3564 5405; x_wconf 90' lang='lat' dir='ltr'><strong>est</strong></span> <span class='ocrx_word' id='word_1_756' title='bbox 3613 5350 3896 5415; x_wconf 84' lang='lat' dir='ltr'><strong>libellus;</strong></span> 
     </span>
    </p>
   </div>
   <div class='ocr_carea' id='block_1_111' title="bbox 2242 5429 3897 5507">
    <p class='ocr_par' dir='ltr' id='par_1_111' title="bbox 2242 5429 3897 5507">
     <span class='ocr_line' id='line_1_112' title="bbox 2242 5429 3897 5507; baseline 0.003 -18"><span class='ocrx_word' id='word_1_757' title='bbox 2242 5436 2362 5489; x_wconf 67' lang='lat' dir='ltr'><strong>hinc</strong></span> <span class='ocrx_word' id='word_1_758' title='bbox 2392 5430 2549 5487; x_wconf 88' lang='lat' dir='ltr'><strong>enim</strong></span> <span class='ocrx_word' id='word_1_759' title='bbox 2579 5446 2685 5485; x_wconf 86' lang='lat' dir='ltr'><strong>vox</strong></span> <span class='ocrx_word' id='word_1_760' title='bbox 2742 5429 2960 5486; x_wconf 86' lang='lat' dir='ltr'><strong>libellus</strong></span> <span class='ocrx_word' id='word_1_761' title='bbox 3016 5432 3162 5489; x_wconf 89' lang='lat' dir='ltr'><strong>forte</strong></span> <span class='ocrx_word' id='word_1_762' title='bbox 3216 5436 3523 5493; x_wconf 87' lang='lat' dir='ltr'><strong>subaudiri</strong></span> <span class='ocrx_word' id='word_1_763' title='bbox 3552 5439 3771 5507; x_wconf 88' lang='lat' dir='ltr'><strong>debet;</strong></span> <span class='ocrx_word' id='word_1_764' title='bbox 3825 5440 3897 5495; x_wconf 81' lang='lat' dir='ltr'><strong>li-</strong></span> 
     </span>
    </p>
   </div>
   <div class='ocr_carea' id='block_1_112' title="bbox 558 5608 3881 5677">
    <p class='ocr_par' dir='ltr' id='par_1_112' title="bbox 558 5608 3881 5677">
     <span class='ocr_line' id='line_1_113' title="bbox 558 5608 3881 5677; baseline 0 -5"><span class='ocrx_word' id='word_1_765' title='bbox 558 5622 600 5655; x_wconf 85' lang='grc'>¹¹</span> <span class='ocrx_word' id='word_1_766' title='bbox 636 5618 711 5672; x_wconf 87' lang='lat' dir='ltr'><strong>De</strong></span> <span class='ocrx_word' id='word_1_767' title='bbox 736 5620 989 5677; x_wconf 76' lang='lat' dir='ltr'><strong>scriptor.</strong></span> <span class='ocrx_word' id='word_1_768' title='bbox 1021 5618 1204 5670; x_wconf 84' lang='lat' dir='ltr'><strong>eccles.</strong></span> <span class='ocrx_word' id='word_1_769' title='bbox 1284 5616 1325 5647; x_wconf 76' lang='grc'>¹²</span> <span class='ocrx_word' id='word_1_770' title='bbox 1358 5613 1515 5666; x_wconf 91' lang='lat' dir='ltr'><strong>hom.</strong></span> <span class='ocrx_word' id='word_1_771' title='bbox 1550 5612 1635 5677; x_wconf 90' lang='grc'><strong>13,</strong></span> <span class='ocrx_word' id='word_1_772' title='bbox 1688 5612 1748 5666; x_wconf 89' lang='lat' dir='ltr'><strong>in</strong></span> <span class='ocrx_word' id='word_1_773' title='bbox 1806 5611 2070 5667; x_wconf 70' lang='lat' dir='ltr'><strong>Ezechiel.</strong></span> <span class='ocrx_word' id='word_1_774' title='bbox 2150 5615 2193 5648; x_wconf 86' lang='grc'><strong>¹³</strong></span> <span class='ocrx_word' id='word_1_775' title='bbox 2219 5612 2374 5670; x_wconf 90' lang='lat' dir='ltr'><strong>simil</strong></span> <span class='ocrx_word' id='word_1_776' title='bbox 2403 5613 2456 5666; x_wconf 87' lang='lat'><strong>5.</strong></span> <span class='ocrx_word' id='word_1_777' title='bbox 2538 5611 2581 5644; x_wconf 80' lang='grc'><strong>¹⁴</strong></span> <span class='ocrx_word' id='word_1_778' title='bbox 2608 5608 2896 5667; x_wconf 83' lang='lat' dir='ltr'><strong>Animadv.</strong></span> <span class='ocrx_word' id='word_1_779' title='bbox 2946 5611 3018 5665; x_wconf 85' lang='lat' dir='ltr'><strong>ad</strong></span> <span class='ocrx_word' id='word_1_780' title='bbox 3048 5612 3265 5671; x_wconf 68' lang='lat' dir='ltr'><strong>Hermae</strong></span> <span class='ocrx_word' id='word_1_781' title='bbox 3320 5618 3538 5672; x_wconf 84' lang='lat' dir='ltr'><strong>Pastor.</strong></span> <span class='ocrx_word' id='word_1_782' title='bbox 3573 5617 3718 5673; x_wconf 88' lang='lat' dir='ltr'><strong>circ.</strong></span> <span class='ocrx_word' id='word_1_783' title='bbox 3753 5617 3881 5674; x_wconf 87' lang='lat' dir='ltr'><strong>init.</strong></span> 
     </span>
    </p>
   </div>
   <div class='ocr_carea' id='block_1_113' title="bbox 490 5682 1612 5764">
    <p class='ocr_par' dir='ltr' id='par_1_113' title="bbox 490 5682 1612 5764">
     <span class='ocr_line' id='line_1_114' title="bbox 490 5682 1612 5764; baseline -0.011 -15"><span class='ocrx_word' id='word_1_784' title='bbox 490 5692 535 5731; x_wconf 72' lang='grc'>⁸⁵</span> <span class='ocrx_word' id='word_1_785' title='bbox 558 5690 787 5764; x_wconf 74' lang='lat' dir='ltr'><strong>Erposit</strong></span> <span class='ocrx_word' id='word_1_786' title='bbox 819 5690 879 5744; x_wconf 85' lang='lat' dir='ltr'><strong>in</strong></span> <span class='ocrx_word' id='word_1_787' title='bbox 909 5688 1100 5760; x_wconf 84' lang='lat' dir='ltr'><strong>Symb.</strong></span> <span class='ocrx_word' id='word_1_788' title='bbox 1132 5690 1303 5761; x_wconf 78' lang='lat' dir='ltr'><strong>apost.</strong></span> <span class='ocrx_word' id='word_1_789' title='bbox 1344 5685 1383 5721; x_wconf 74' lang='grc' dir='ltr'><strong>ιδ</strong></span> <span class='ocrx_word' id='word_1_790' title='bbox 1415 5682 1515 5738; x_wconf 88' lang='lat' dir='ltr'><strong>lib.</strong></span> <span class='ocrx_word' id='word_1_791' title='bbox 1550 5698 1612 5738; x_wconf 85' lang='lat'><strong>11.</strong></span> 
     </span>
    </p>
   </div>
  </div>
