4036 6344
133 380 254 439 841

134 601 296 655 cium
329 600 517 667 Petri;
564 599 680 654 nisi
711 617 815 672 per
840 599 903 653 τὸ
933 599 1223 657 Judicium
1252 601 1412 654 Petri
1441 599 1650 654 tertius
1680 599 1796 654 for-

133 705 295 756 tasse
326 688 474 744 liber
503 688 864 761 designetur,
898 692 1068 758 cujus
1104 688 1486 761 Hieronymus
1533 689 1627 743 his
1678 705 1800 742 ver-

123 779 225 832 bis
259 779 527 833 meminit
558 779 598 812 ”
637 796 649 833 :
706 779 946 847 Quintus
973 778 1270 833 Judicium
1303 779 1455 833 Petri
1491 780 1637 834 inter
1665 794 1799 848 apo-

127 867 375 937 cryphas
405 867 729 938 scripturas,
764 867 834 921 de
869 884 985 935 quo
1021 865 1156 922 alibi
1192 868 1360 922 nobis
1404 866 1515 922 erit
1566 866 1796 921 dicendi

129 954 334 1010 locus.

211 1043 488 1099 Usitatior
516 1045 759 1115 hujusce
781 1044 974 1116 operis
1007 1044 1343 1116 epigraphe,
1369 1061 1607 1115 qumque
1639 1045 1794 1115 apud

129 1133 409 1203 antiquos
440 1134 751 1204 scriptores
803 1138 859 1188 et
906 1134 1267 1204 frequentius
1317 1140 1374 1187 et
1427 1135 1795 1204 potiorijure

135 1221 414 1288 occurrit,
457 1229 546 1277 est
598 1225 792 1277 Pastor
847 1221 933 1278 vel
996 1224 1155 1277 Liber
1211 1225 1471 1276 Pastoris.
1523 1223 1795 1279 Hermum

136 1312 436 1367 enimvero
469 1311 527 1365 in
559 1312 815 1367 secundo
846 1316 902 1366 et
932 1311 1102 1366 tertio
1131 1311 1279 1366 libro
1308 1312 1512 1366 Pastor
1543 1311 1791 1384 alloqui-

134 1406 241 1456 tur
271 1405 328 1456 et
356 1400 654 1471 informat,
679 1400 880 1472 illique
913 1400 1164 1456 visiones
1197 1400 1330 1455 libri
1363 1400 1558 1472 primi,
1583 1400 1641 1455 in
1674 1399 1792 1472 pri-

136 1488 258 1545 mis
288 1505 424 1544 vero
454 1489 685 1545 tertiam
716 1489 985 1544 enucleat
1016 1493 1073 1544 et
1103 1489 1308 1562 aperit.

210 1576 474 1648 Denique
509 1576 665 1632 idem
720 1594 865 1648 opus
917 1577 1153 1632 nomine
1184 1577 1441 1633 auctoris
1475 1577 1791 1649 aliquando

131 1665 472 1739 appellatur
502 1667 743 1733 Hermas,
777 1669 881 1721 aut
911 1670 1161 1733 Hermes,
1199 1665 1377 1721 unius
1408 1665 1620 1722 litterae
1664 1683 1792 1721 mu-

133 1756 359 1811 tatione
388 1772 423 1811 a
451 1753 708 1810 librariis
741 1755 929 1823 facta;
961 1753 1074 1820 vel,
1108 1759 1172 1809 ut
1201 1755 1469 1810 observat
1500 1755 1790 1821 Labbeus,

132 1844 364 1917 Ἑρμᾶς,
389 1848 620 1901 mutata
639 1845 922 1899 duntaxat
947 1843 1212 1910 dialecte,
1237 1843 1428 1900 dictus
1449 1849 1537 1900 est
1555 1845 1787 1919 Ἑρμῆς.

130 1933 290 1990 Vero
322 1939 518 1990 tamen
562 1933 816 1989 similius
864 1938 953 1988 est
998 1937 1293 2002 Hermam,
1326 1950 1460 1989 cum
1491 1934 1793 2006 proprium

131 2040 355 2080 nomen
408 2024 568 2094 operi
621 2039 727 2078 suo
781 2023 1079 2095 praeﬁgere
1125 2021 1325 2091 nollet,
1358 2022 1504 2079 illud
1550 2023 1790 2080 inscribi

128 2113 395 2170 voluisse
441 2112 550 2168 hac
595 2111 914 2184 epigraphe
961 2114 1160 2169 Pastor
1205 2114 1295 2168 vel
1337 2115 1498 2169 Liber
1527 2115 1788 2170 Pastoris.

132 2201 502 2259 Tertulliano
524 2201 907 2257 nihilominus
925 2201 1046 2258 haec
1068 2202 1372 2274 inscriptio
1405 2221 1521 2258 non
1551 2205 1792 2261 omnino

129 2292 373 2363 probari
401 2291 653 2346 videtur.
683 2292 777 2345 Ait
808 2290 1024 2363 quippe
1055 2292 1096 2326 ¹³
1130 2309 1144 2346 :
1193 2293 1426 2349 Hermas
1465 2295 1621 2365 cujus
1651 2295 1791 2348 scri-

123 2384 295 2453 ptum
338 2380 458 2450 fere
508 2379 711 2435 Pastor
739 2380 1082 2435 inscribitur.
1113 2380 1331 2436 Verum
1373 2381 1652 2436 credibile
1701 2385 1791 2438 est

125 2469 307 2525 illum
355 2467 506 2524 hanc
546 2467 896 2539 particulam
943 2471 1078 2538 fere,
1125 2469 1182 2524 id
1235 2475 1325 2525 est
1372 2470 1490 2526 fere
1537 2487 1787 2542 semper,

127 2560 269 2614 ideo
302 2556 617 2624 addidisse,
653 2558 792 2629 quia
822 2560 975 2630 apud
1010 2558 1326 2614 nonnullos
1359 2559 1504 2614 alios
1549 2560 1791 2632 scripto-

127 2665 231 2703 res
263 2647 374 2702 hoc
403 2663 553 2718 opus
583 2645 694 2701 alio
719 2648 971 2717 quodam
1004 2647 1199 2718 titulo,
1222 2649 1374 2718 quod
1403 2649 1641 2719 quidem
1672 2666 1787 2705 non

125 2752 448 2809 negamus,
482 2733 801 2807 aliquando
832 2737 1289 2808 prtenotabatur.

697 2869 1098 2925 ARTICULUS
1139 2871 1230 2925 lX.

235 2961 310 3015 De
337 2959 500 3029 huius
531 2960 716 3030 operis
746 2958 1033 3026 divisione,
1065 2959 1330 3031 capitibus
1363 2964 1413 3015 et
1448 2962 1692 3032 capitum

778 3032 1144 3100 argumentis.

205 3147 271 3202 In
318 3145 730 3217 manuscriptis
761 3146 1060 3201 codicibus
1090 3147 1148 3202 S.
1179 3147 1450 3202 Germani
1500 3165 1533 3202 a
1575 3147 1786 3216 Pratis,

125 3237 469 3294 Colbertino
502 3240 558 3291 et
587 3235 740 3300 aliis,
771 3252 877 3290 nec
909 3252 1022 3289 non
1055 3235 1112 3288 in
1143 3236 1436 3306 prioribus
1479 3235 1651 3290 editis
1698 3236 1786 3290 lu-
1818 3258 1860 3322 C

124 3325 398 3382 cubratio
452 3324 566 3380 ista
623 3324 1010 3379 inscribitur:
1062 3324 1224 3380 Liber
1270 3325 1543 3392 Pastoris,
1598 3327 1784 3381 nuntii

122 3416 484 3488 paenitentia,
521 3413 619 3468 sed
673 3412 878 3466 nullibi
913 3429 1176 3484 unquam
1207 3412 1265 3467 in
1297 3418 1416 3469 tres
1449 3413 1628 3469 libros
1662 3415 1782 3470 dis-

122 3504 434 3560 tribuitur.
470 3503 532 3556 In
567 3502 817 3556 editione
853 3501 1078 3555 llenrici
1110 3502 1408 3572 Stephani,
1438 3520 1590 3558 anno
1624 3504 1782 3570 1513,

122 3595 288 3649 idem
311 3609 376 3647 ac
398 3593 455 3646 in
482 3590 899 3662 manuscriptis
924 3595 1012 3646 est
1033 3591 1274 3647 titulus:
1302 3595 1361 3647 at
1383 3592 1516 3647 libri
1541 3594 1780 3648 secundi

121 3681 299 3737 initio
331 3680 702 3735 continenter
729 3683 787 3733 et
817 3679 1032 3749 absque
1064 3679 1184 3735 ulla
1216 3680 1498 3736 divisione
1529 3681 1778 3753 legitur:

123 3773 206 3827 De
258 3769 538 3825 mandatis
591 3786 626 3823 a
673 3771 914 3835 Pastore,
969 3770 1165 3839 angelo
1211 3771 1572 3840 pcenitentiae.
1633 3773 1782 3826 Visio

123 3861 346 3933 q‘:inta,
376 3861 485 3914 etc.
510 3858 705 3929 Neque
735 3858 909 3913 etiam
944 3858 1339 3929 antiquissimi
1372 3860 1569 3915 Patres
1599 3859 1781 3915 ullam

125 3950 382 4020 hujusce
414 3946 603 4020 operis
633 3946 693 4013 in
736 3951 857 4002 tres
887 3945 1067 4003 libros
1100 3948 1444 4003 divisionem
1476 3964 1780 4021 agnovere.

125 4039 218 4095 Ab
265 4036 510 4109 Origene
541 4036 856 4107 siquidem,
886 4035 1264 4103 Tertulliano,
1297 4037 1639 4104 Athanasio,
1673 4038 1785 4092 Ru-

125 4127 273 4194 fino,
307 4125 586 4183 Cassiano
615 4129 857 4182 vocatur
887 4125 1064 4197 Liber,
1095 4125 1182 4182 vel
1234 4127 1471 4182 Libellus
1517 4129 1780 4197 Pastoris,

124 4215 436 4288 Scriptura,
470 4213 559 4270 vel
595 4215 886 4286 Scriptum.

198 4305 488 4361 Praeterea
515 4303 575 4359 in
614 4303 828 4360 iisdem
862 4305 1282 4377 manuscriptis
1313 4304 1475 4361 libris
1523 4310 1582 4362 et
1630 4306 1779 4362 anti-

124 4394 440 4467 quioribus
479 4393 858 4465 editionibus,
891 4393 1056 4449 nulla
1102 4398 1243 4450 sunt
1289 4400 1630 4467 argumenta
1679 4412 1781 4451 seu

125 4483 460 4540 summaria
489 4483 770 4555 capitum,
803 4483 902 4538 sed
947 4482 1292 4554 simpliciter
1319 4483 1534 4557 legitur
1567 4501 1578 4540 :
1638 4486 1784 4542 Visio

120 4574 335 4646 prima,
372 4572 511 4628 Visio
556 4571 815 4642 secunda,
859 4575 969 4629 etc.
1002 4573 1329 4628 Mandatum
1366 4575 1638 4645 primum,
1671 4577 1780 4629 etc.

126 4660 456 4719 Similitudo
485 4661 689 4732 prima,
724 4664 831 4717 etc.

203 4753 572 4823 Quapropter
601 4749 810 4804 divisio
841 4749 1032 4821 operis
1081 4749 1140 4803 in
1188 4754 1307 4805 tres
1346 4750 1550 4820 libros,
1580 4767 1785 4823 quem-

130 4839 456 4897 admodum
489 4838 688 4895 omnia
718 4837 878 4893 illius
904 4843 1270 4911 argumenta,
1295 4856 1411 4894 non
1446 4840 1516 4894 ab
1548 4840 1785 4908 Herma,

129 4930 234 4987 sed
267 4928 341 4983 ab
373 4928 458 4984 eis
489 4928 775 4982 duntaxat
805 4927 905 4998 qui
938 4933 1265 4999 postremas
1294 4927 1581 4985 editiones
1615 4931 1786 4984 ador-

129 5020 437 5084 naverant,
491 5016 647 5071 haud
701 5015 878 5071 dubie
926 5017 1184 5087 profecta
1233 5023 1390 5072 sunt.
1443 5018 1586 5072 Hinc
1639 5017 1786 5074 nulli

129 5108 349 5162 mirum
379 5106 560 5161 videri
592 5105 765 5160 debet
796 5105 843 5160 si
878 5122 944 5161 ex
972 5105 1181 5161 iisdem
1204 5107 1567 5178 argumentis
1591 5108 1789 5180 aliqua

130 5195 390 5251 auctoris
419 5210 658 5250 sensum
708 5211 774 5250 ac
818 5193 1126 5250 consilium
1161 5195 1359 5252 minus
1390 5197 1537 5254 bene
1569 5215 1787 5270 reprae-

133 5289 399 5342 sentent.

207 5498 638 5574 *7_De_scriptpi'.
671 5499 860 5558 eccles.
897 5520 1023 5574 cap.
1056 5505 1110 5558 2.

1445 376 1784 438 PASTOR.
1816 406 1897 421 --
1925 376 2330 439 PROIEMIA.

133 510 357 575 bellus,
389 511 651 581 inquam,
673 511 775 581 qui
801 482 1153 582 appellantur
1180 509 1318 564 Duae
1349 509 1489 578 Vite,
1519 510 1607 565 vel
1635 509 1798 564 Judi-
1828 516 1882 579 Α

1826 1889 1874 1953 Β

3433 376 3554 437 842

2479 507 2882 564 ARTICULUS
2922 507 2983 564 Χ.

2077 599 2220 668 Quid
2247 600 2312 654 de
2342 601 2425 653 his
2456 599 2613 653 libris
2642 600 2863 669 antiqui
2891 600 3081 653 Patres
3110 599 3397 654 senserint.

1985 688 2222 751 Quantae
2253 689 2618 759 antiquitatis
2648 688 2766 743 sint
2797 688 2856 742 hi
2903 687 3035 742 libri
3075 688 3200 758 jam
3250 686 3505 741 vidimus
3539 703 3552 742 :

1913 777 2051 847 quid
2084 795 2214 832 vero
2264 779 2334 832 dc
2383 777 2497 832 illis
2530 777 2820 832 senserint
2850 777 3073 848 antiqui
3109 777 3331 850 Patres,
3364 777 3554 846 quod-

1911 882 2025 936 que
2074 868 2142 921 de
2195 867 2398 921 iisdem
2447 867 2738 936 judicium
2790 865 2925 920 ferri
2972 867 3199 931 debeat,
3236 851 3390 921 nunc
3421 864 3552 919 dili-

1909 957 2140 1026 gentius
2164 957 2602 1027 inquirendum.
2621 956 2871 1010 Irenazus
2893 955 3088 1026 itaque
3109 957 3152 990 ιθ
3173 955 3402 1010 videtur
3425 953 3554 1009 illos

1909 1051 1973 1099 ut
2003 1062 2197 1100 sacres
2227 1045 2431 1099 divinae
2463 1045 2775 1115 Scripturze
2806 1043 3033 1099 codices
3064 1043 3304 1099 laudare
3338 1061 3351 1098 :
3384 1047 3553 1108 Bene,

1907 1135 2120 1204 inquit,
2166 1136 2541 1206 pronuntiavit
2591 1133 2896 1204 Scriptura,
2945 1149 3074 1206 quae
3123 1133 3308 1188 dicit:
3363 1135 3554 1188 Primo

1904 1225 2152 1278 omnium
2179 1223 2356 1290 crede,
2389 1229 2497 1278 etc.
2535 1223 2695 1277 Unde
2726 1223 3011 1277 Eusebius
3064 1223 3134 1278 de
3180 1223 3384 1277 eodem
3439 1222 3554 1278 Ire-

1909 1329 2029 1366 naso
2062 1312 2270 1366 scribit
2298 1313 2341 1346 ²⁰
2374 1329 2386 1365 :
2445 1312 2604 1366 Liber
2632 1313 2877 1366 Pastoris
2907 1327 3018 1365 non
3050 1312 3229 1366 solum
3258 1312 3325 1366 ab
3363 1327 3422 1367 eo
3468 1326 3556 1368 co-

1903 1403 2110 1471 gnitus,
2143 1401 2234 1456 sed
2263 1403 2433 1456 etiam
2462 1416 2789 1471 magnopere
2817 1401 3156 1472 approbatus
3186 1402 3265 1455 est
3303 1400 3389 1454 his
3436 1416 3556 1456 ver-

1906 1491 2034 1544 bis:
2082 1491 2229 1545 Bene
2278 1489 2587 1560 Scriptura,
2618 1493 2727 1544 etc.
2775 1489 2890 1544 Nec
2943 1488 3058 1544 alia
3103 1505 3242 1544 sane
3285 1488 3395 1543 fuit
3437 1487 3558 1545 Cle-

1907 1577 2121 1633 mentis
2151 1578 2527 1633 Alexandrini
2558 1578 2852 1633 sententia
2879 1578 2947 1647 ¹¹,
2999 1578 3098 1649 qui
3151 1577 3332 1633 simili
3383 1576 3558 1632 modo

1904 1665 1984 1721 ait
2015 1683 2029 1720 :
2085 1667 2278 1721 Divine
2327 1683 2458 1736 ergo
2495 1675 2673 1722 virtus
2703 1667 2805 1722 illa
2835 1682 2959 1739 quae
2987 1669 3198 1723 Hem
3229 1667 3470 1740 loquitur
3496 1667 3559 1722 in

1902 1756 2253 1823 reuelatione,
2286 1754 2454 1816 Θείως
2484 1753 2664 1808 τοίνυν
2707 1756 2742 1824 ἡ
2789 1751 3014 1828 δυνάμις
3044 1757 3079 1823 ἡ
3111 1759 3188 1827 τῷ
3216 1755 3393 1831 Ἑρμᾷ
3420 1753 3558 1809 κατὰ

1902 1840 2245 1914 ἀποκάλυψιν
2299 1841 2562 1899 λαλοῦσα.
2599 1845 2879 1917 Origenes
2929 1849 3127 1901 autem
3172 1847 3244 1901 de
3291 1861 3356 1902 eo
3403 1843 3555 1900 libro

1903 1933 1987 1989 sic
2037 1934 2379 2006 pronuntiat
2408 1935 2455 1968 ²²
2489 1951 2502 1990 :
2553 1938 2686 2005 Quae
2724 1937 2998 2006 scriptura
3039 1935 3184 1991 mihi
3209 1934 3366 1990 valde
3393 1932 3555 1990 utilis

1900 2023 2133 2092 videtur,
2167 2028 2220 2079 et
2261 2032 2321 2078 ut
2356 2031 2504 2095 puto,
2536 2024 2803 2080 divinitus
2833 2025 3125 2096 inspirata.
3158 2026 3231 2080 At
3276 2023 3375 2079 ille
3422 2023 3552 2079 ideo

1901 2112 2150 2181 addidit,
2175 2122 2235 2167 ut
2257 2117 2409 2185 puto,
2437 2129 2553 2184 quo
2576 2113 2637 2168 id
2662 2113 2898 2169 omnino
2925 2113 3036 2168 sibi
3063 2128 3407 2184 persuasum
3435 2128 3553 2168 non

1902 2200 2086 2256 fuisse
2116 2201 2492 2274 signiﬁcaret.
2530 2202 2595 2256 Et
2633 2219 2768 2258 vero
2808 2202 2867 2257 in
2901 2202 3258 2274 quibusdam
3290 2199 3552 2257 homiliis

1900 2290 2218 2362 unicuique
2248 2293 2540 2362 integrum
2573 2290 2670 2347 ille
2702 2292 2840 2347 facit
2867 2292 2926 2346 in
2959 2291 3157 2360 aliam,
3191 2291 3242 2347 si
3290 2289 3550 2360 libuerit,

1899 2377 1983 2434 ire
2007 2379 2377 2435 sententiam.
2403 2380 2493 2434 Sic
2519 2380 2675 2436 enim
2698 2379 2758 2435 in
2785 2379 3028 2436 humilia
3048 2397 3167 2435 una
3186 2379 3447 2452 loquitur
3469 2378 3548 2433 ’3:

1898 2470 1963 2524 Si
1981 2470 2073 2523 cui
2088 2477 2272 2523 tamen
2291 2468 2575 2540 Scriptura
2594 2470 2696 2524 illa
2712 2469 3026 2541 recipienda
3040 2469 3272 2525 videtur.
3290 2470 3353 2523 In
3371 2467 3553 2524 altera

1901 2573 2030 2612 vero
2054 2559 2099 2592 ’³
2126 2576 2137 2612 :
2173 2556 2233 2612 Si
2260 2559 2353 2612 cui
2380 2563 2568 2613 tamen
2588 2559 2806 2614 libellus
2829 2558 2924 2613 ille
2949 2558 3292 2630 recipiendus
3312 2557 3547 2614 videtur.

1971 2651 2286 2719 Eapropter
2333 2647 2689 2703 nobilissimi
2738 2647 2979 2720 quidam
3029 2647 3343 2721 scriptores
3391 2647 3549 2702 hunc

1899 2737 2168 2792 eumdem
2215 2737 2431 2792 librum
2480 2742 2644 2792 extra
2691 2736 2984 2792 Canonem
3026 2753 3205 2792 sacras
3236 2735 3550 2808 Scriptura:

1900 2824 2261 2897 ablegarunt.
2294 2826 2530 2880 Primus
2578 2826 2730 2881 inter
2777 2843 2876 2881 eos
2926 2825 3406 2881 annumerandus
3458 2827 3549 2880 est

1897 2913 2277 2983 Athanasius,
2310 2915 2409 2986 qui
2459 2916 2529 2970 de
2577 2915 2686 2970 hoc
2735 2915 2883 2970 libro
2917 2916 2962 2950 ³⁵
2996 2933 3008 2969 :
3069 2916 3202 2985 Etsi,
3244 2914 3455 2984 inquit,
3487 2915 3549 2968 in

1899 3003 2122 3058 Canone
2152 3021 2262 3058 non
2289 3006 2379 3059 sit.
2402 3004 2566 3059 Hunc
2599 3003 2865 3075 sequitur
2895 3004 3279 3076 Hieronymus
3307 3003 3352 3037 ²⁶
3382 3019 3394 3058 :
3431 3002 3549 3060 Non

1895 3096 2041 3162 sunt,
2075 3091 2286 3164 inquit,
2339 3094 2398 3146 in
2456 3092 2690 3147 Cano-ne.
2725 3093 2973 3147 Ruﬁnus
3018 3107 3249 3163 quoque
3276 3091 3320 3124 97
3355 3108 3368 3146 :
3421 3092 3546 3145 Non

1895 3186 2026 3235 sunt
2055 3182 2335 3247 canonici,
2368 3181 2457 3236 sed
2486 3182 2866 3236 ecclesiastici.
2899 3181 3059 3236 Unde
3091 3179 3190 3234 ille
3221 3183 3422 3250 postea
3451 3195 3544 3234 as-

1901 3270 2042 3324 serit
2070 3274 2290 3325 veteres
2323 3275 2524 3326 Patres
2558 3269 2815 3325 noluisse
2856 3287 2924 3324 ex
2960 3269 3075 3340 his,
3110 3268 3265 3323 sicut
3312 3283 3380 3322 ex
3426 3283 3543 3323 uno

1893 3359 2102 3414 divinae
2134 3359 2447 3432 Scriptura
2482 3358 2652 3425 libro,
2677 3357 3012 3414 testimonia
3042 3357 3304 3429 proferri.
3328 3356 3542 3412 Eodem

1892 3453 2042 3502 certe
2067 3465 2243 3502 sensu
2269 3448 2613 3502 Eusebius’8
2640 3464 2739 3503 eos
2763 3448 2822 3501 in
2849 3447 3213 3518 superiorum
3239 3451 3296 3502 et
3315 3444 3542 3500 adulte-

1891 3538 2153 3592 rinorum
2185 3554 2425 3592 numero
2459 3537 2622 3609 ponit
2657 3554 2668 3592 :
2725 3544 2834 3592 Pro
2863 3539 3086 3608 spuriis,
3122 3535 3312 3606 inquit
3343 3532 3393 3588 ἐν
3426 3538 3540 3594 τοῖς

1890 3622 2089 3695 νόθοις,
2122 3625 2360 3680 habendi
2410 3636 2539 3681 sunt
2565 3627 2727 3680 Actus
2773 3627 2942 3680 Pauli
2988 3629 3038 3681 et
3087 3625 3226 3679 liber
3271 3625 3536 3679 Pastoris.

1887 3717 1932 3770 A
1963 3715 2187 3771 Gelasio
2209 3721 2402 3770 autem
2428 3732 2578 3787 papa
2601 3716 2647 3751 ²⁹
2677 3719 2733 3770 et
2761 3716 2833 3770 ab
2857 3719 3092 3770 auctore
3117 3715 3535 3779 Stichometriz,

1891 3804 1949 3858 in
2002 3803 2156 3860 calce
2207 3804 2680 3876 Chronographia:
2708 3803 3016 3875 Nicephori
3048 3803 3535 3873 Constantinopo-

1890 3891 2056 3948 litani
2087 3893 2276 3961 editae,
2311 3893 2624 3966 apocryphi
2652 3896 2952 3948 vocantur.
2986 3892 3112 3948 Non
3143 3891 3256 3947 alia
3285 3889 3538 3962 denique

1891 3999 2059 4038 mens
2081 3998 2282 4038 eorum
2305 3983 2591 4053 omnium,
2611 3998 2860 4054 quorum
2878 3981 3162 4036 Eusebius
3183 3979 3538 4035 sententiam

1892 4071 1949 4125 in
2003 4070 2159 4126 hunc
2209 4073 2452 4127 modum
2504 4072 2678 4127 refert
2701 4071 2791 4125 ³ος
2841 4069 3135 4126 Sciendum
3180 4072 3262 4124 est
3301 4083 3425 4124 eum
3470 4068 3541 4122 li-

1893 4159 2051 4214 brum
2097 4177 2132 4214 a
2179 4161 2464 4215 nonnullis
2496 4160 2715 4231 quidem
2752 4160 2814 4215 in
2849 4159 3084 4214 dubium
3111 4161 3446 4229 revocatum,
3477 4155 3543 4212 ob

1890 4264 2039 4320 quos,
2072 4245 2142 4301 δι’
2173 4247 2289 4319 οὓς,
2317 4252 2464 4306 inter
2491 4254 2723 4321 receptae
2754 4248 3098 4306 auctoritatis
3135 4246 3309 4305 libros
3335 4245 3545 4305 censeri

1891 4355 2005 4393 non
2029 4346 2224 4411 potest.

2451 4454 2854 4510 ARTICULUS
2892 4455 2986 4509 XI.

2376 4544 2608 4610 Quantae
2635 4545 2748 4598 sint
2776 4541 3056 4598 utilitatis.

1965 4657 2308 4714 Communis
2340 4658 2598 4725 Patrum,
2632 4675 2759 4729 quae
2803 4657 3032 4714 veritati
3064 4654 3253 4726 magis
3284 4671 3542 4711 consona

1895 4747 2143 4815 videtur,
2169 4747 2364 4818 opinio
2395 4764 2463 4803 ea
2492 4753 2728 4819 est,qua
2756 4747 2841 4802 illi
2871 4747 3028 4802 hunc
3057 4745 3272 4800 librum
3303 4744 3549 4800 utilissi-

1899 4853 2087 4905 mum,
2119 4840 2291 4908 atque
2322 4837 2392 4892 ad
2423 4837 2682 4892 hominis
2711 4853 2913 4892 recens
2945 4836 3014 4892 ad
3049 4834 3442 4890 Christianam
3474 4833 3545 4887 ﬁ-

1902 4928 2035 4982 dem
2067 4927 2325 4982 conversi
2357 4943 2548 4982 mores
2582 4926 2981 4981 informandos
3012 4924 3389 4996 aptissimum
3419 4939 3550 4978 esse

1899 5016 2257 5072 existimant.
2291 5015 2352 5070 Id
2409 5016 2646 5087 quidem
2698 5014 2980 5070 Eusebius
3020 5013 3144 5067 loco
3183 5014 3304 5082 jam
3339 5011 3550 5083 saepius

1899 5105 2070 5160 citato
2103 5105 2186 5159 sic
2214 5111 2410 5175 aperte
2434 5106 2601 5160 docet
2629 5121 2641 5159 :
2677 5105 2753 5159 Ab
2783 5106 2915 5159 aliis
2936 5103 3183 5158 maxime
3208 5102 3551 5156 necessarius

1887 5195 2190 5268 judicatur,
2223 5196 2294 5248 iis
2323 5196 2634 5264 praesertim
2661 5196 2762 5266 qui
2800 5195 3004 5265 primis
3033 5192 3317 5263 religionis
3344 5194 3553 5247 nostrae

1899 5287 2181 5341 elementis
2226 5284 2550 5340 instituendi
2601 5287 2746 5338 sunt.
2786 5283 2930 5340 Unde
2977 5284 3145 5339 etiam
3194 5281 3253 5337 in
3299 5281 3556 5338 Ecclesiis

1190 5500 1359 5584 “lib.
1388 5502 1462 5557 De
1491 5505 1629 5558 orat.
1652 5518 1796 5584 gap.
1829 5503 1933 5584 12..
1991 5503 2037 5584 :9
2068 5500 2170 5558 lib.
2204 5499 2699 5584 inv,‘Adv.‘hz§res‘.,
2731 5514 2795 5584 οξ,
2815 5498 2904 5551 37.
2979 5499 3024 5533 ²⁰
3053 5496 3154 5584 libi.
3178 5514 3225 5584 ¹ν
3255 5499 3390 5584 Hist.
3425 5513 3554 5584 cap.

131 5573 188 5625 8.
245 5571 310 5644 7"
347 5569 448 5625 lib.
484 5569 728 5644 iStrom.
809 5575 854 5608 ²²
887 5569 1190 5630 Comment.
1224 5576 1283 5628 in
1331 5590 1450 5644 cap.
1502 5589 1594 5627 xv:
1647 5569 1815 5644 Epist.
1865 5573 1934 5628 ad
1984 5574 2135 5628 Rom.
2214 5571 2259 5605 2³
2293 5569 2493 5644 homil.
2540 5570 2594 5637 8,
2640 5571 3061 5644 in_N_umeros.r
3103 5570 3148 5603 ²⁸
3178 5569 3562 5644 ᾒοωὶικβηῇη

125 5643 510 5718 psalixxxvu.
589 5643 634 5676 95
654 5643 766 5718 lib.
800 5646 874 5699 De
894 5648 1108 5718 rdecret.
1133 5644 1328 5718 synod.
1351 5639 1557 5718 Niceten.
1582 5639 1714 5718 post
1744 5645 1896 5700 med.
1975 5645 2021 5718 "ﬁ
2051 5646 2112 5701 in
2141 5644 2362 5713 Prolog.
2390 5641 2633 5698 Galeato.
2711 5641 2754 5676 2⁷
2785 5641 2846 5697 in
2875 5643 3101 5714 exposit.
3124 5641 3301 5714 symb.
3377 5639 3424 5676 ³³
3452 5640 3556 5698 lib.

129 5713 200 5773 in
231 5713 457 5785 Histor.,
489 5728 616 5785 cap.
648 5716 739 5771 25.

423 5841 688 5905 Panos.
737 5843 848 5909 Gn.
895 5845 974 5907 ll.

816 5718 861 5753 ³³
888 5717 949 5774 in
982 5715 1200 5775 Decret.
1278 5717 1322 5754 ³ο
1350 5715 1455 5773 lib.
1490 5733 1554 5772 III
1582 5715 1807 5789 Histor.,
1839 5732 1964 5789 cap.
1997 5716 2052 5774 3.

3200 5842 3274 5903 27
