4086 6342
491 348 612 412 843

2000 348 2062 411 S.
2110 348 2413 411 HERM/E

3801 346 3925 408 8M

489 482 712 554 publice
770 482 880 555 legi
932 482 1311 554 comperimus,
1363 486 1416 537 et
1471 481 1731 554 quosdam
1782 499 1852 539 ea:
1895 484 2142 539 vetustis-
2172 485 2227 551 Α
2255 482 2417 538 bitur
2438 481 2769 539 illicoillius
2791 481 3022 537 dicendi
3041 496 3227 555 genus
3246 481 3317 537 ad
3340 479 3758 553 persuadenda
3781 478 3925 535 reli-

491 573 657 630 simis
686 572 864 645 ipsius
903 574 1217 627 testimonio
1264 588 1389 627 usos
1436 574 1630 642 fuisse.
1664 574 1745 627 Ex
1787 572 1879 628 his
1931 574 2149 644 quippe

496 660 730 718 Eusebii
760 660 956 717 verbis
1009 660 1118 716 tria
1164 660 1498 732 colligimus
1531 667 1898 734 argumenta,
1933 662 2149 733 quibus

495 750 753 807 maxima
783 749 963 820 hujus
999 749 1135 804 libri
1176 749 1401 805 utilitas
1432 749 1655 821 liquido
1688 751 2149 806 demonstratur.

493 839 756 895 Primum
801 856 836 893 a
878 838 1321 908 vetustissimis,
1354 839 1456 909 qui
1488 840 1545 894 id
1580 857 1902 906 asseruere,
1938 840 2152 911 petitur

494 926 898 1000 scriptoribus.
926 927 1086 984 Inter
1114 943 1212 983 eos
1245 928 1421 996 enim,
1448 946 1699 1000 quorum
1733 929 2021 985 Eusebius
2052 946 2152 983 no-

494 1034 631 1073 men
683 1016 886 1083 tacuit,
915 1016 1159 1072 forsitan
1209 1017 1541 1073 censendus
1595 1023 1682 1073 est
1722 1019 1850 1088 jam
1901 1036 1935 1072 a
1982 1018 2151 1073 nobis

495 1107 777 1164 laudatus
808 1105 1109 1178 Origenes,
1141 1106 1242 1177 qui
1273 1106 1343 1161 de
1385 1122 1451 1161 eo
1491 1107 1729 1179 scripsit
1761 1125 1772 1160 :
1829 1108 1964 1162 Mihi
1992 1106 2152 1162 valde

488 1197 646 1254 utili:
671 1194 907 1251 videtur.
942 1195 1299 1249 Athanasius
1332 1211 1566 1266 quoque
1610 1196 1828 1251 librum
1877 1197 2148 1251 eumdem

490 1283 748 1359 appellat
777 1285 819 1319 ³¹
856 1284 1268 1340 :Utilissimum
1320 1284 1576 1341 Pastoris
1627 1286 1853 1340 librum.
1889 1286 1988 1341 His
2016 1302 2147 1340 vero

489 1375 881 1447 Hieronymus
903 1374 948 1407 ³²
978 1390 1011 1427 a
1040 1372 1207 1428 nobis
1240 1373 1519 1446 subjungi
1551 1374 1742 1443 debet,
1770 1376 1939 1446 cujus
1969 1377 2149 1430 etiam

485 1464 713 1537 judicio
745 1467 872 1518 est:
906 1464 1117 1518 Revera
1144 1462 1301 1517 utilis
1332 1463 1493 1517 liber.

565 1554 834 1609 Alterum
897 1569 1140 1608 summae
1169 1552 1434 1622 ejusdem
1484 1551 1619 1607 libri
1669 1553 1935 1608 utilitatis
1975 1570 2150 1625 argu-

497 1644 766 1697 mentum
791 1640 931 1696 hinc
963 1640 1247 1711 eruimus,
1279 1643 1436 1712 quod
1468 1641 1585 1709 ille,
1614 1646 1760 1697 teste
1792 1642 2063 1712 Eusebio,
2088 1642 2149 1696 in

496 1729 756 1787 ecclesiis
785 1729 1019 1802 publice
1048 1729 1358 1801 legeretur.
1394 1731 1463 1784 Et
1512 1731 1569 1785 id
1623 1732 1861 1803 quidem
1908 1749 2023 1787 non
2057 1749 2150 1787 so-

2258 572 2448 643 gionis
2470 576 2678 627 nostrae
2698 572 2992 643 dogmata,
3008 588 3135 643 quae
3158 587 3461 642 nunquam
3487 570 3641 624 ﬁctis
3665 570 3921 625 somniis

2259 665 2317 716 et
2348 660 2512 717 falsis
2542 661 2870 717 visionibus
2899 660 3093 716 doceri
3126 661 3360 727 debent,
3393 675 3602 731 parum
3636 658 3922 714 idoneum

2260 765 2388 805 esse
2419 751 2774 822 omninoque
2804 750 3090 822 ineptum.
3127 750 3251 804 Non
3299 765 3621 821 possumus
3676 748 3924 819 quidem

2260 838 2342 893 ire
2372 838 2599 894 inﬁcias
2630 839 2905 894 Hermam
2933 838 3019 893 uti
3050 838 3314 909 potuisse
3344 837 3461 892 alia
3494 837 3775 892 methodo
3806 842 3930 907 sty-

2260 927 2433 999 loque
2466 927 2831 999 simpliciori,
2864 928 2992 982 ideo
3031 931 3231 983 tamen
3282 944 3430 997 opus
3478 926 3638 982 illius
3690 926 3926 998 vitupe-

2264 1018 2514 1072 randum
2547 1020 2651 1072 aut
2672 1016 3064 1086 abjiciendum
3089 1031 3219 1072 esse
3248 1014 3444 1087 palam
3479 1018 3800 1086 aperteque
3836 1031 3933 1069 ne-

2264 1122 2493 1177 gamus.
2525 1106 2666 1169 Quis
2705 1106 2861 1161 enim
2910 1105 2984 1161 ob
3034 1104 3253 1177 stylum
3286 1104 3705 1175 scribendique
3735 1119 3934 1175 genus

2264 1210 2411 1265 Opus
2442 1194 2585 1249 illud
2617 1194 2919 1266 aspernari
2951 1194 3185 1261 audeat,
3218 1194 3374 1265 quod
3407 1197 3633 1259 Patres,
3667 1192 3934 1263 antiqui-

2264 1288 2382 1339 tate
2411 1288 2468 1339 et
2513 1284 2779 1339 doctrina
2809 1281 3192 1350 celeberrimi,
3226 1282 3406 1337 tantis
3443 1281 3724 1337 laudibus
3758 1287 3936 1337 extu-

2263 1372 2400 1441 lere,
2435 1374 2706 1445 quodque
2737 1372 3098 1429 sanctissimi
3130 1371 3412 1444 praasules
3451 1371 3767 1427 voluerunt
3816 1388 3934 1442 pu-

2260 1462 2410 1517 blice
2441 1463 2501 1517 in
2529 1462 2792 1518 ecclesiis
2822 1462 2960 1535 legi,
2985 1466 3160 1534 atque
3191 1462 3251 1516 in
3283 1462 3550 1517 omnium
3580 1478 3711 1518 esse
3741 1462 3936 1517 mani-

2260 1552 2371 1607 bus
2391 1552 2419 1605 ?
2447 1552 2768 1608 Dicendum
2800 1552 3000 1623 itaque
3028 1552 3303 1607 Hermam
3337 1550 3447 1607 hoc
3478 1554 3599 1607 tam
3635 1549 3935 1624 singulari

2259 1641 2567 1712 scripsisse
2598 1640 2767 1713 style,
2801 1641 2942 1712 quia
2971 1640 3142 1696 illum
3192 1641 3264 1695 ad
3312 1639 3653 1696 alliciendos
3686 1656 3935 1695 moven~

2260 1730 2483 1801 dosque
2531 1730 2838 1785 hominum
2897 1730 3148 1796 animos,
3204 1736 3384 1801 atque
3436 1731 3508 1785 ad
3568 1730 3932 1785 tradendam

495 1819 622 1876 lum
654 1820 724 1875 ab
756 1818 855 1874 illo
886 1819 1227 1875 doctissimo
1256 1820 1402 1890 viro,
1428 1821 1530 1875 sed
1562 1820 1738 1875 etiam
1771 1821 1843 1876 ab
1874 1821 2151 1893 Hierony-
2184 1864 2229 1929 B
2260 1818 2587 1874 doctrinam
2644 1836 2815 1875 suam
2873 1818 3251 1891 aptissimum
3318 1823 3375 1874 et
3440 1818 3935 1875 efﬁcacissimum

499 1926 586 1929 μ--
626 1908 878 1929 ι--,12Δ---
902 1909 947 1929 QQ
1010 1908 1100 1929 ___2
1133 1925 1144 1929 -
1200 1909 1333 1929 A__._l
1376 1909 1619 1929 hum_1_.r,
1684 1911 1723 1929 9,
1756 1911 1869 1929 ,,,,'1
1936 1912 1969 1929 Π
2068 1914 2102 1929 γ·
2260 1907 2561 1929 :_-.I£--L-L
2718 1927 2722 1929 _

498 1926 594 1965 mo
625 1908 881 1964 traditur
902 1909 969 1977 ³³,
1004 1908 1104 1980 qui
1133 1925 1147 1962 :
1179 1909 1334 1979 Apud
1363 1909 1646 1981 quasdam,
1680 1911 1894 1982 inquit,
1933 1912 2149 1966 Graciae
2184 1907 2229 1929 ”
2254 1907 2582 1980 judicabat.

497 2000 751 2055 ecclesias
781 1999 946 2054 etiam
974 1999 1190 2069 publice
1226 1997 1435 2068 tegitur
1456 2016 1477 2060 ;
1508 2004 1565 2054 et
1597 2018 1631 2055 a
1662 2000 1871 2055 Ruﬁno
1896 2002 1941 2035 3‘
1972 2017 1984 2055 :
2020 2002 2150 2069 Quae

498 2090 687 2145 omnia
724 2088 832 2159 legi
869 2087 1087 2159 quidem
1135 2090 1196 2142 in
1242 2089 1481 2143 ecclesiis
1532 2090 1843 2145 voluerunt.
1877 2095 1953 2145 At
1999 2095 2151 2145 certe

499 2176 755 2251 episcopi
786 2176 956 2232 illum
998 2177 1058 2231 in
1104 2177 1363 2233 ecclesiis
1392 2177 1625 2249 publice
1655 2178 1765 2250 legi
1801 2179 2147 2249 noluissent,

498 2266 614 2322 nisi
644 2266 990 2323 habuissent
1011 2266 1250 2321 omnino
1278 2282 1646 2339 persuasum,
1669 2267 1805 2323 inde
1835 2268 2150 2339 plurimam

501 2374 535 2413 a
562 2355 907 2412 Christianis
938 2355 1157 2427 percipi
1190 2373 1363 2427 posse
1396 2356 1731 2412 utilitatem.

572 2446 859 2502 Caeterum
914 2462 1029 2501 non
1086 2444 1147 2499 in
1206 2444 1465 2500 ecclesiis
1513 2446 1797 2501 duntaxat
1853 2446 2000 2503 liber
2058 2446 2154 2502 ille

503 2533 737 2607 publice
785 2533 1105 2605 legebatur,
1135 2550 1337 2589 verum
1369 2534 1547 2589 etiam
1598 2540 1722 2590 erat
1773 2536 1834 2591 in
1887 2535 2154 2591 omnium

504 2622 805 2689 manibus,
857 2622 940 2676 uti
995 2638 1063 2677 ex
1118 2622 1365 2693 Origene
1420 2622 1697 2690 vidimus,
1748 2629 2025 2696 patetque
2087 2642 2156 2680 ex

503 2709 849 2778 Athanasio,
881 2710 982 2780 qui
1014 2709 1180 2765 illum
1211 2710 1485 2784 Catalogo
1517 2711 1802 2769 librorum
1834 2714 2041 2769 inserit
2060 2715 2105 2748 ³⁵
2138 2732 2152 2772 :

509 2800 651 2868 Quos
679 2801 868 2854 Patres
897 2805 1205 2854 sanxerunt
1254 2800 1362 2870 legi
1414 2802 1483 2855 iis
1533 2802 1630 2872 qui
1681 2802 1751 2857 ad
1797 2802 1961 2871 ﬁdem
2008 2819 2157 2859 acce-

510 2887 669 2959 dunt,
716 2889 1056 2959 cupiuntque
1114 2890 1173 2942 in
1224 2890 1445 2959 pietatis
1499 2890 1658 2945 verbo
1704 2893 1945 2947 institui.
2000 2893 2159 2949 Unde

513 2994 719 3034 rursus
770 2982 1059 3050 quantum
1113 2977 1155 3031 ii
1206 2979 1276 3033 ad
1330 2978 1641 3034 utilitatem
1694 2979 2159 3036 Christianorum

512 3067 663 3123 hanc
723 3066 1189 3123 lucubrationem
1246 3068 1570 3123 conducere
1625 3069 1945 3136 crederent,
1995 3070 2161 3126 facile

512 3156 884 3230 intelligitur.

2804 1996 3213 2053 ARTICULUS
3247 1997 3369 2053 XII.

2504 2088 2699 2143 Utrum
2726 2087 2949 2158 antiqui
2976 2088 3165 2142 Patres
3198 2088 3323 2142 illo:
3352 2088 3683 2158 spreverint.

2332 2176 2477 2240 Quid
2510 2192 2666 2247 ergo,
2697 2176 2951 2249 inquies,
2980 2175 3255 2248 negarine
3287 2179 3478 2248 potest
3507 2175 3666 2231 hunc
3695 2177 3926 2233 librum

2260 2266 2332 2321 ab
2364 2265 2625 2336 antiquis
2655 2264 2926 2321 Patribus
2957 2264 3199 2337 despici,
3229 2281 3296 2320 ac
3326 2281 3431 2336 pro
3464 2264 3648 2320 nihilo
3674 2267 3930 2337 putari?

2261 2354 2424 2408 Certe
2453 2353 2730 2425 Origenes
2761 2355 3085 2425 expresssis
3114 2354 3307 2409 verbis
3338 2353 3484 2408 dixit
3502 2354 3546 2387 ³⁷
3572 2371 3584 2409 :
3622 2357 3657 2408 Α
3691 2356 3933 2427 quibus-

2261 2444 2393 2499 dam
2437 2446 2821 2499 contemnitur.
2872 2442 3269 2499 Tertullianus
3317 2459 3451 2499 vero
3481 2444 3574 2498 88:
3627 2443 3932 2517 Scriptura

2263 2534 2503 2588 Pastoris
2553 2533 2671 2589 sola
2717 2533 2957 2590 meno:
3004 2542 3217 2589 amat...
3259 2533 3327 2588 ab
3372 2534 3526 2588 omni
3550 2534 3788 2589 concilio
3822 2535 3932 2590 Ec-

2263 2623 2560 2678 clesiarum
2587 2624 2753 2678 etiam
2779 2631 3089 2678 vestrarum
3126 2625 3270 2679 inter
3315 2622 3628 2694 apocrypha
3676 2631 3727 2677 et
3770 2624 3935 2694 falsa

2257 2712 2531 2783 judicatur
2548 2752 2561 2766 .
2597 2712 2984 2783 Hieronymus
3004 2716 3202 2768 autem
3229 2711 3397 2766 illum
3422 2728 3539 2767 non
3562 2711 3753 2767 solum
3782 2729 3931 2767 con-

2265 2800 2469 2868 temni,
2504 2801 2604 2856 sed
2634 2804 2691 2856 et
2720 2799 2979 2856 stultitiae
3010 2801 3177 2873 argui
3209 2805 3458 2857 testatur
3483 2803 3527 2836 3°
3561 2819 3573 2856 :
3606 2802 3767 2856 Liber
3802 2802 3933 2867 ille,

2268 2889 2479 2961 inquit,
2517 2890 2859 2962 apocryphus
2902 2891 3157 2947 stultitiae
3205 2891 3655 2947 condemnandus
3705 2894 3807 2956 est,
3874 2894 3933 2946 in

2270 2980 2408 3051 quod
2456 2982 2721 3051 scriptum
2762 2984 2859 3046 est,
2901 2980 3194 3051 quemdam
3234 2982 3493 3051 angelum
3542 2983 3760 3037 nomine
3792 2982 3937 3053 Tyri

2265 3084 2502 3141 praeesse
2547 3068 2859 3139 reptilibus.
2893 3068 3157 3140 Denique
3202 3069 3453 3141 Prosper
3492 3068 3783 3138 Collatori,
3828 3086 3937 3125 au-

2274 3158 2597 3213 ctoritatem
2654 3158 2874 3212 Hermae
2927 3157 3245 3229 objicienti,
3299 3159 3611 3231 respondet
3641 3159 3685 3193 ⁴⁰
3727 3176 3739 3213 :
3796 3160 3937 3215 Post

583 3247 846 3303 Tertium
892 3250 1305 3319 argumentum
1355 3264 1424 3302 ex
1469 3248 1561 3304 his
1616 3249 1846 3305 Eusebii
1893 3249 2085 3305 verbis
2114 3250 2158 3285 ³⁸
2190 3233 2234 3300 C
2273 3247 2423 3303 illud
2466 3255 2650 3303 autem
2696 3248 2912 3302 nullius
2958 3250 3300 3303 auctoritatis
3344 3250 3743 3315 testimonium,
3774 3251 3939 3319 quod

508 3335 701 3392 adhuc
758 3335 1037 3393 elicitur:
1091 3338 1370 3406 Quosdam
1427 3354 1496 3393 ea:
1552 3340 1933 3394 vetustissimis
1980 3341 2156 3411 ipsius

506 3427 816 3481 testimonio
846 3441 971 3481 usos
999 3426 1195 3498 fuisse.
1239 3427 1318 3481 Ea
1371 3443 1628 3498 namque
1670 3428 1978 3483 manifeste
2022 3445 2154 3500 pro-

508 3514 650 3570 bant
706 3520 926 3587 quanto
985 3514 1079 3569 hic
1138 3515 1286 3571 liber
1344 3516 1488 3587 ipsis
1542 3516 1785 3588 aliisque
1845 3517 2153 3588 plurimis,

508 3602 611 3674 qui
658 3619 726 3658 ex
769 3602 868 3659 illo
917 3604 1132 3675 pariter
1167 3604 1505 3660 testimonia
1544 3606 1734 3661 multa
1764 3606 2155 3679 protulerunt,

508 3691 684 3747 fuerit
712 3691 770 3748 in
813 3692 1017 3763 pretio.
1050 3694 1211 3758 Quod
1266 3710 1407 3749 sane
1453 3711 1523 3749 ex
1572 3694 1837 3767 ipsorum
1878 3696 2091 3766 verbis,
2124 3714 2159 3752 a

510 3780 681 3836 nobis
736 3781 888 3837 inter
942 3785 1203 3837 veterum
1257 3782 1599 3839 testimonia
1664 3784 1882 3852 relatis,
1943 3785 2158 3843 clarius

512 3870 754 3943 patebit.

582 3960 867 4025 Quartum
890 3964 1303 4032 argumentum
1335 3960 1427 4017 his
1457 3962 1645 4017 tribus
1667 3963 2011 4019 Eusebianis
2044 3982 2159 4020 non

510 4048 831 4123 incongrue
860 4050 1103 4106 forsitan
1137 4051 1398 4122 adjicies,
1434 4050 1747 4108 utilitatem
1799 4052 1977 4124 hujus
2026 4053 2159 4109 libri

512 4154 582 4194 ex
610 4140 739 4211 ejus
769 4137 1034 4207 lectione,
1063 4138 1149 4195 vel
1182 4140 1359 4195 etiam
1391 4157 1459 4195 ex
1489 4140 1613 4197 sola
1642 4140 1823 4208 illius,
1861 4159 2038 4213 quam
2068 4144 2161 4198 de-

510 4226 727 4295 dimus,
762 4228 986 4301 analysi
1019 4244 1191 4301 posse
1222 4246 1255 4283 a
1298 4229 1561 4301 quolibet
1589 4230 1757 4286 facile
1787 4232 2044 4304 agnosci.
2078 4232 2159 4287 Ex

508 4315 613 4372 illa
654 4317 944 4387 siquidem
989 4317 1158 4373 facile
1204 4318 1500 4390 colligitur
1529 4319 1783 4375 auctoris
1815 4320 1998 4375 nostri
2031 4337 2157 4377 sco-

507 4421 650 4478 pum
681 4421 810 4461 esse
840 4405 1109 4462 homines
1140 4407 1211 4461 ad
1244 4409 1530 4479 agendam
1563 4413 1937 4479 peccatorum
1970 4410 2159 4481 poeni-

506 4494 776 4562 tentiam,
792 4495 861 4550 ad
888 4494 1241 4551 indefessam
1258 4496 1573 4552 virtutibus
1592 4497 1889 4565 omnibus,
1906 4514 2157 4570 quarum

2266 3336 2630 3409 disputationi
2656 3351 2775 3393 sua?
2803 3336 2868 3393 de
2897 3337 3085 3393 libello
3116 3340 3361 3393 Pastoris
3392 3340 3645 3393 inseruit.

2336 3426 2555 3482 Verum
2578 3426 2625 3481 si
2655 3424 2775 3481 haec
2801 3430 3040 3482 Patrum
3063 3426 3401 3482 testimonia
3424 3426 3762 3500 diligentius
3790 3444 3937 3484 exa-

2268 3514 2584 3585 minentur,
2608 3514 2849 3587 planum
2878 3515 3100 3587 liquido
3128 3516 3228 3571 ﬁet
3252 3515 3443 3587 primo
3468 3517 3774 3589 Origenem
3804 3534 3933 3574 non

2268 3605 2503 3670 dixisse,
2528 3605 2624 3674 qui
2649 3604 2883 3672 fuerint,
2908 3606 3147 3676 cujusve
3174 3605 3455 3677 nominis,
3477 3604 3565 3661 vel
3594 3606 3819 3677 quibus
3847 3626 3937 3663 ra.

2267 3694 2526 3750 tionibus
2548 3694 2702 3761 fulti,
2725 3693 2766 3747 ii
2794 3694 2893 3766 qui
2925 3693 3082 3750 hunc
3107 3694 3323 3749 librum
3353 3695 3679 3766 despicatui
3706 3695 3937 3754 habue-

2268 3788 2425 3839 runt.
2451 3787 2524 3839 At
2552 3787 2706 3839 certe
2735 3800 2803 3838 ex
2832 3783 3019 3854 ipsius
3053 3788 3247 3839 mente
3278 3800 3378 3839 eos
3410 3784 3693 3840 obscuros
3716 3784 3935 3853 fuisse,

2269 3872 2493 3929 nullius
2526 3872 2910 3941 auctoritatis,
2946 3871 3242 3945 nullisque
3274 3873 3568 3929 rationum
3602 3877 3937 3930 momentis

2270 3962 2548 4030 munitos,
2573 3962 2709 4017 inde
2732 3960 3082 4034 colligimus,
3108 3962 3263 4034 quod
3286 3962 3373 4017 vir
3398 3960 3495 4017 ille
3516 3961 3932 4032 doctissimus,

2269 4051 2353 4108 uti
2374 4050 2649 4119 vidimus,
2666 4051 2990 4107 doctrinam
3015 4050 3073 4106 in
3096 4051 3205 4106 hoc
3223 4052 3426 4107 eodem
3449 4050 3596 4107 libro
3617 4051 3931 4121 traditam,

2267 4141 2534 4196 divinitus
2562 4142 2902 4209 inspiratam
2932 4157 3061 4195 esse
3093 4141 3401 4212 putaverit.

2337 4230 2499 4295 Quod
2522 4234 2747 4301 spectat
2778 4230 2846 4283 ad
2871 4228 3322 4294 Tertullianum,
3349 4233 3572 4285 certum
3606 4235 3694 4285 est
3722 4229 3930 4300 illum,

2268 4336 2401 4375 cum
2426 4319 2547 4374 haec
2572 4319 2872 4387 scriberet,
2889 4320 3015 4390 jam
3039 4319 3096 4373 in
3116 4319 3609 4375 Montanistarum
3632 4319 3926 4377 incidisse

2267 4408 2534 4463 haeresim
2570 4425 2582 4462 :
2642 4407 2908 4479 nullique
2937 4407 3152 4463 idcirco
3186 4408 3401 4463 mirum
3435 4425 3565 4464 esse
3604 4408 3847 4475 debere,
3881 4410 3932 4467 si

2268 4502 2393 4553 tum
2419 4497 2515 4553 ille
2540 4498 2828 4569 objectam
2854 4515 2887 4552 a
2907 4496 3219 4553 Catholicis
3247 4498 3465 4552 Herma
3489 4497 3932 4565 auctoritatem,

504 4582 996 4656 praestantissima
1042 4600 1288 4656 quasque
1336 4589 1625 4658 praecepta
1669 4587 1867 4655 tradit,
1900 4587 2156 4643 dandam
2189 4606 2235 4671 ι)
2266 4604 2413 4643 vano
2466 4591 2804 4659 contemptu
2854 4591 3188 4659 conatuque
3237 4586 3403 4642 irrito
3451 4585 3687 4643 eludere
3731 4591 3932 4645 tenta-

507 4689 768 4745 operam,
790 4674 862 4730 ad
890 4674 1326 4745 persecutiones
1348 4680 1753 4747 tyrannorum,
1770 4678 2021 4748 jamjam
2044 4677 2160 4733 im-

507 4761 821 4830 minentes,
847 4762 1169 4819 fortissime
1192 4768 1248 4819 et
1270 4765 1340 4819 ad
1371 4770 1621 4820 mortem
1645 4781 1832 4837 usque
1860 4765 2158 4837 patientis-

507 4851 657 4906 sime
723 4852 1135 4918 sustinendas,
1195 4852 1525 4925 adhortari,
1586 4854 1923 4925 incendere,
1984 4859 2157 4927 atque

507 4938 557 4995 si
610 4939 698 4995 fas
754 4940 981 5009 fuisset,
1028 4940 1391 5013 compellere.
1440 4944 1571 5007 Quae
1621 4943 1875 5013 profecto
1924 4949 2156 5015 quantae

507 5028 855 5085 Christianis
887 5029 1005 5085 sint
1036 5029 1325 5099 utilitatis,
1362 5047 1531 5086 nemo
1563 5049 1677 5086 non
1710 5032 1885 5088 videt.

576 5116 994 5175 Verumtamen
1041 5120 1089 5175 si
1130 5120 1199 5175 de
1238 5120 1494 5176 auctoris
1528 5120 1711 5177 nostri
1742 5120 1890 5177 libro
1922 5126 2155 5177 senten-

506 5206 587 5263 tia
639 5224 707 5263 ex
757 5209 1157 5281 quorumdam
1214 5209 1463 5281 hujusce
1511 5210 1792 5283 temporis
1848 5210 2155 5268 hominum

507 5295 752 5353 acutiori
774 5298 931 5354 haud
953 5298 1130 5355 dubie
1161 5299 1395 5372 ingenio
1418 5300 1655 5356 ferenda
1686 5299 1780 5370 sit,
1804 5301 2153 5373 pronuntia-

2268 4675 2435 4732 verit.

2339 4766 2512 4821 Porro
2563 4766 2611 4821 si
2658 4766 2976 4822 contendas
3006 4765 3150 4821 illud
3184 4782 3387 4821 verum
3420 4781 3568 4835 esse,
3602 4766 3756 4838 quod
3797 4767 3930 4840 ipse

2270 4855 2502 4926 adjecit,
2522 4854 2672 4910 hanc
2695 4855 3043 4926 scripturam
3065 4856 3136 4910 ab
3157 4854 3428 4910 Ecclesiis
3450 4854 3751 4910 catholicis
3766 4854 3932 4912 inter

2268 4944 2602 5017 apocrypha
2631 4948 2689 4999 et
2720 4944 2868 5000 falsa
2889 4945 3166 5015 judicari,
3195 4960 3543 5016 responsum
3573 4944 3833 5016 accipies
3865 4944 3930 5000 il-

2266 5031 2389 5086 lum
2422 5047 2487 5086 eo
2518 5035 2748 5087 tantum
2782 5048 2956 5087 sensu
2999 5032 3084 5087 sic
3131 5032 3415 5099 locutum,
3449 5037 3515 5087 ut
3562 5032 3927 5104 signiﬁcaret

2266 5120 2415 5175 hanc
2464 5119 2929 5177 lucubrationem
2969 5120 3122 5176 inter
3160 5136 3357 5177 sacros
3396 5121 3703 5193 Scriptura:
3733 5119 3925 5179 libros

2268 5226 2381 5264 non
2413 5210 2812 5281 annumerari,
2844 5208 2953 5277 vel,
2988 5213 3052 5264 ut
3097 5208 3289 5265 verbis
3319 5210 3451 5280 ejus
3482 5213 3737 5277 utamur,
3768 5210 3926 5266 divi-

2264 5301 2390 5355 vino
2416 5301 2787 5356 instrumento
2817 5317 2926 5357 non
2958 5298 3150 5355 incidi.
3188 5298 3386 5370 Neque
3416 5298 3571 5355 enim
3604 5300 3797 5371 potuit
3838 5301 3924 5357 af-

578 5545 621 5626 3}
655 5544 756 5626 lib_.
791 5547 869 5626 De
894 5552 1178 5626 Incarnat.
1213 5551 1371 5607 Vero.
1404 5549 1578 5626 paulo
1609 5555 1741 5626 post
1770 5551 1898 5607 init.
1975 5553 2021 5588 ³2
2052 5552 2125 5608 De
2166 5554 2419 5623 scriptor.
2464 5552 2658 5609 Eccles.
2736 5554 2782 5587 ³³
2814 5551 3070 5626 Ibidem.
3131 5554 3176 5588 ³⁵
3206 5553 3264 5609 in
3299 5552 3485 5626 Symb.
3518 5551 3706 5624 Apost.
3782 5552 3833 5626 3?
3861 5551 3921 5607 in

500 5616 679 5727 ἐρέει.
712 5618 901 5674 Pasch.
980 5623 1024 5655 ³⁸
1055 5622 1164 5678 loc.
1200 5642 1340 5750 ει]ξὸ

576 5686 679 5748 lib.
713 5699 851 5748 cont.
885 5693 1080 5751 σοιιαι.
1111 5710 1237 5770 cap.
1348 5738 1360 5751 .

980 5623 1024 5699 τξδ
1055 5622 1164 5678 loc.
1200 5642 1331 5699 sup:
1366 5624 1523 5679 citat.
1605 5622 1647 5659 ³⁷
1678 5624 1802 5681 loco
1833 5627 1928 5683 cit.
2008 5627 2051 5661 ³⁸
2084 5626 2185 5683 lib.
2230 5627 2305 5682 De
2348 5625 2606 5699 pudicit.,
2650 5641 2777 5699 cap.
2819 5628 2908 5681 20.
2986 5627 3030 5661 39
3062 5625 3164 5683 lib.
3210 5643 3228 5683 ι
3270 5622 3574 5683 Comment;
3608 5626 3668 5681 in
3704 5624 3915 5681 Hebae.
