4086 6342
186 435 291 495 845

1459 431 1787 492 PASTOR.
1819 462 1896 474 -—
1925 428 2340 492 PROOEMIA.

3439 427 3560 493 846

184 570 391 623 ﬁrmare
410 566 559 622 hunc
581 565 799 621 librum
828 566 900 621 ab
921 564 1200 633 Ecclesia,
1227 568 1290 619 ut
1321 564 1718 636 apocryphum
1741 568 1797 618 et
1824 566 1871 631 Α
1908 563 2129 635 oppleri
2158 582 2169 619 :
2204 565 2358 635 quod
2382 564 2617 635 quidem
2650 563 2818 619 nobis
2844 564 3035 620 fusius
3055 562 3424 636 probandum
3445 566 3557 621 est.

178 655 391 721 falsum,
405 654 457 707 id
476 657 561 708 est
578 670 911 721 erroneum,
925 652 1369 725 supposititium
1389 656 1445 707 et
1464 652 1795 707 fabulosum

178 742 336 815 rejici,
367 743 499 814 quin
531 744 810 798 continuo
842 744 965 814 ipse
1000 742 1128 797 falsi
1177 743 1249 797 ab
1294 741 1364 797 iis
1396 742 1672 796 omnibus
1704 759 1795 795 ar-

174 838 438 905 gueretur,
470 849 721 903 quorum
752 831 1091 886 testimonia
1121 830 1194 885 ad
1240 832 1504 901 ejusdem
1537 830 1668 884 libri
1700 846 1795 884 ve-

175 922 383 977 ritatem
408 921 837 992 utilitatemque
866 921 1229 993 probandam
1262 937 1442 992 supra
1462 920 1791 974 retulimus.

236 1012 509 1075 Quantum
540 1028 672 1065 vero
705 1012 774 1064 ad
806 1011 1245 1082 Hieronymum,
1274 1010 1397 1081 ipse
1429 1011 1692 1064 eamdem
1725 1009 1793 1062 li-

174 1102 252 1154 bri
280 1100 442 1170 hujus
472 1099 783 1155 utilitatem
836 1101 895 1153 in
946 1100 1075 1154 aliis
1128 1099 1636 1153 lucubrationibus
1670 1098 1793 1153 suis

175 1195 292 1244 ante
328 1194 379 1243 et
418 1196 546 1261 post
577 1207 753 1244 suum
784 1190 844 1243 in
878 1189 1145 1243 Habacuc
1177 1187 1669 1243 Commentarium
1704 1188 1792 1240 di-

174 1278 426 1349 vulgatis,
456 1278 749 1350 praedicat.
773 1279 898 1334 Non
930 1282 1155 1349 poterat
1180 1278 1360 1349 igitur
1380 1294 1613 1332 omnem
1640 1276 1794 1330 hunc

173 1366 368 1422 librum
391 1368 649 1423 stultitiae
682 1367 1043 1423 insimulare.
1070 1368 1137 1422 Et
1167 1384 1226 1421 re
1257 1368 1495 1438 quidem
1526 1381 1660 1421 vera
1693 1365 1794 1420 uni

174 1460 381 1512 tantum
410 1456 569 1513 illius
599 1454 745 1523 loco;
777 1457 878 1511 ubi
919 1458 990 1512 de
1023 1456 1227 1529 angelo
1258 1457 1571 1529 reptilibus
1596 1455 1793 1526 praesi-

174 1546 345 1614 dente,
368 1564 694 1603 sermonem
720 1548 845 1602 ﬁeri
878 1549 1142 1619 putabat,
1168 1547 1441 1602 censorire
1470 1546 1794 1602 severitatis

174 1642 353 1691 notam
403 1637 638 1692 inussit.
672 1636 886 1691 Verum
919 1652 985 1690 ex
1017 1636 1169 1691 infra
1217 1637 1479 1691 dicendis
1530 1654 1642 1691 non
1692 1637 1793 1691 ob-

172 1743 323 1782 scure
370 1726 807 1782 demonstratur
854 1731 1121 1782 sanctum
1178 1727 1476 1781 doctorem
1533 1726 1794 1780 incorru-

170 1820 319 1885 ptum
352 1816 666 1886 quemdam
697 1816 980 1880 codicem,
1004 1832 1070 1869 ex
1100 1832 1215 1885 quo
1248 1814 1504 1870 auctoris
1535 1818 1792 1869 mentem

170 1904 380 1974 assequi
412 1921 527 1959 non
566 1904 840 1975 potuerit,
877 1904 1112 1959 fortuito
1148 1902 1445 1958 incidisse.

227 1993 306 2047 Ad
352 1992 614 2065 Prosperi
656 1994 1060 2048 auctoritatem
1102 2009 1445 2063 responsum
1496 1996 1602 2058 est,
1636 1992 1792 2046 hunc

164 2079 363 2137 librum
411 2084 534 2154 qui,
568 2087 713 2137 teste
761 2082 1130 2153 Hieronymo,
1163 2082 1308 2152 apud
1360 2083 1603 2148 Latinos,
1649 2096 1793 2153 pene

162 2173 362 2240 ignotus
404 2177 549 2241 erat,
598 2172 707 2243 ipsi
760 2188 992 2242 quoque
1048 2172 1227 2226 fuisse
1259 2170 1641 2242 incognitum.
1676 2171 1791 2224 Nec

164 2260 398 2315 absurde
418 2261 597 2316 etiam
621 2261 959 2332 responderi
981 2264 1192 2331 potest,
1210 2261 1555 2331 Prosperum
1576 2259 1793 2313 dixisse

161 2350 537 2415 testimonium,
573 2366 687 2404 non
719 2366 852 2404 vero
886 2349 1103 2404 librum
1134 2349 1381 2416 Hermze,
1416 2348 1636 2403 nullius
1665 2364 1792 2403 esse

162 2437 530 2493 auctoritatis.
558 2438 680 2501 Quo
713 2438 950 2510 quidem
982 2438 1158 2493 verbo
1185 2438 1321 2492 data
1352 2454 1527 2509 opera
1558 2437 1654 2492 ille
1686 2439 1793 2491 for-

157 2530 300 2581 tasse
332 2544 473 2582 usus
504 2532 615 2593 est,
651 2531 714 2581 ut
754 2526 1158 2582 testimonium
1209 2544 1276 2582 ex
1322 2527 1517 2597 aliquo
1549 2526 1792 2596 hujusce

154 2611 276 2668 libri
298 2614 419 2671 loco
442 2633 476 2671 a
501 2615 789 2672 Collatore
812 2616 1124 2687 prolatum,
1150 2616 1295 2670 nihil
1318 2617 1387 2671 ad
1413 2616 1789 2671 asserendam

153 2704 270 2773 ejus
295 2706 631 2777 Opinionem
661 2707 985 2761 conducere
1010 2707 1359 2761 ostenderet.

667 2812 1073 2867 ARTICULUS
1118 2812 1264 2866 XIII.

216 2900 380 2967 Quam
410 2910 613 2958 temere
642 2902 705 2957 hi
735 2902 869 2957 libri
896 2919 931 2956 α
967 2902 1297 2971 quibusdam
1327 2901 1719 2956 recentioribus

735 2978 1162 3029 contemnantur
1183 2978 1207 3025 ἴ)

215 3061 350 3117 Cum
383 3078 522 3136 ergo
556 3066 641 3118 tot
669 3063 939 3118 Ecclesiae
974 3064 1193 3127 Patres,
1222 3068 1277 3117 et
1306 3061 1704 3133 antiquissimi
1735 3065 1791 3114 et

150 3149 488 3219 doctissimi,
512 3152 827 3208 utilitatem
859 3152 1141 3207 librorum
1165 3152 1385 3206 Hermm
1418 3156 1613 3221 aperte
1646 3168 1787 3221 prae-

148 3238 326 3295 dicent
354 3241 748 3312 laudibusque
780 3242 1053 3297 maximis
1084 3241 1381 3307 extollant,
1415 3242 1546 3310 quis
1587 3256 1789 3294 recen—

147 3329 349 3385 tiorum
382 3333 783 3402 quorumdam
815 3332 1167 3402 scriptorum
1201 3329 1589 3384 temeritatem
1623 3327 1787 3383 casti-
1822 3308 1864 3374 (ἶ

145 3419 390 3488 gandam
416 3438 537 3476 non
562 3425 811 3489 censeat,
838 3437 870 3474 a
892 3421 1108 3491 quibus
1135 3420 1227 3474 hic
1251 3419 1398 3473 liber
1419 3436 1533 3473 non
1557 3434 1791 3473 summo

144 3511 366 3563 tantum
391 3510 757 3581 contemptui
789 3510 1064 3578 habetur,
1092 3526 1292 3565 verum
1316 3509 1495 3563 etiam
1520 3509 1796 3562 audacter

144 3598 502 3668 repudiatur,
540 3605 822 3671 tanquam
851 3601 1245 3671 supposilitius,
1278 3604 1349 3667 et,
1394 3608 1449 3653 ut
1500 3598 1797 3652 verisimile

140 3689 231 3753 est,
264 3689 337 3743 ab
368 3688 654 3746 haereticis
683 3690 1029 3761 deprauatus,
1062 3694 1217 3759 atque
1259 3689 1565 3745 hwresibus
1617 3695 1667 3741 et
1709 3688 1796 3756 [cl-

142 3774 278 3831 bulis
308 3782 572 3850 oppletus
598 3782 621 3831 ?
649 3778 866 3833 Verum
899 3778 1191 3834 enimvero
1216 3776 1580 3850 argumentis
1614 3775 1801 3830 neuti-

138 3880 312 3935 quam
362 3868 719 3939 spernendis
762 3869 888 3939 jam
937 3868 1312 3940 probavimus
1352 3866 1520 3920 illum
1573 3864 1796 3919 Hermae

135 3968 333 4009 verum
357 3957 810 4028 genuinumque
829 3974 957 4013 esse
980 3957 1186 4028 fetum,
1204 3956 1567 4028 proindeque
1591 3970 1801 4025 suppo-

133 4042 363 4101 sitionis
392 4052 619 4102 temere
651 4046 939 4102 accusari.

204 4131 447 4190 Falsum
480 4140 680 4190 autem
728 4139 817 4191 est
868 4134 1037 4190 illum
1072 4134 1287 4189 fabulis
1318 4132 1619 4205 oppletum
1650 4148 1797 4200 esse,

134 4220 348 4293 quippe
380 4224 485 4295 qui
518 4224 776 4279 visiones
806 4228 1040 4279 tantum
1080 4224 1397 4286 contineat,
1430 4238 1579 4292 quas
1624 4220 1800 4275 etiam

140 4326 251 4364 non
274 4311 578 4368 immerito
605 4314 775 4384 plane
789 4315 922 4383 jure
944 4314 1015 4368 ab
1035 4317 1267 4368 auctore
1289 4315 1605 4382 usurpatas
1628 4313 1799 4381 paulo

143 4404 274 4455 ante
292 4402 333 4436 “
361 4402 759 4458 ostendimus.
782 4403 1016 4457 Falsum
1041 4406 1130 4457 est
1153 4417 1384 4473 quoque
1406 4401 1562 4454 hunc
1583 4399 1802 4453 librum

144 4489 217 4542 ab
247 4489 543 4547 haretieis
568 4492 952 4563 depravatum
976 4491 1178 4560 fuisse,
1202 4496 1267 4545 ut
1293 4494 1489 4561 aperte
1511 4487 1806 4559 colligitur

140 4593 207 4633 ex
235 4581 417 4638 variis
439 4582 686 4636 Patrum
708 4580 1080 4649 testimoniis,
1109 4597 1176 4636 ex
1202 4580 1477 4637 omnibus
1498 4578 1655 4632 illius
1678 4593 1805 4648 par-

1908 654 2297 709 Bellarminus
2320 654 2537 708 etenim
2571 658 2627 708 et
2656 653 2753 709 alii
2776 654 3015 725 quidam
3045 654 3317 709 Hermum
3338 652 3556 710 ideirco

1906 744 2119 797 erroris
2150 742 2516 809 insimulant,
2550 744 2703 813 quod
2735 743 2815 798 ibi
2848 744 3103 798 disserat
3132 744 3201 813 ‘9,
3255 744 3322 799 de
3349 742 3557 799 duobus

1904 833 2102 900 geniis,
2135 834 2251 887 sive
2279 833 2491 887 duobus
2521 834 2755 902 angelis,
2785 849 2893 889 uno
2924 834 3063 889 bono
3092 837 3143 887 et
3171 834 3345 888 altera
3376 831 3552 902 malo,

1904 923 2139 991 singulis
2168 923 2480 977 hominibus
2508 940 2541 976 a
2570 924 2674 977 Deo
2701 922 2991 977 tributis...
3026 922 3197 989 Quem
3219 938 3461 977 errorem
3486 937 3556 977 ea:

1906 1010 2003 1065 hoc
2031 1019 2257 1066 auctore
2288 1014 2497 1083 accepit
2529 1012 2821 1066 Cassianus
2850 1012 2915 1082 ⁸³,
2970 1020 3025 1066 et
3053 1015 3181 1066 ante
3210 1028 3335 1067 eum
3365 1011 3553 1081 Orige-

1906 1117 2001 1155 nes
2032 1102 2097 1154 “.
2140 1101 2218 1156 De
2249 1100 2357 1156 hac
2389 1105 2584 1155 tamen
2620 1101 2892 1172 opinione
2924 1100 3007 1155 sic
3036 1099 3297 1172 loquitur
3325 1100 3555 1157 Cassia-

1906 1207 2018 1244 nus
2042 1190 2108 1255 “,
2141 1207 2206 1244 ac
2237 1190 2287 1243 si
2318 1207 2446 1245 eam
2480 1208 2594 1245 non
2629 1191 2873 1257 Hermae,
2903 1190 3003 1245 sed
3036 1190 3352 1262 Scriptura:
3377 1205 3554 1245 sacra

1906 1278 2248 1334 auctoritate
2280 1281 2573 1334 ﬁrmatam
2604 1296 2730 1334 esse
2751 1279 3115 1334 credidisset.
3140 1278 3356 1334 Deinde
3386 1278 3556 1334 Basi-

1903 1368 2017 1423 lius
2066 1374 2122 1424 et
2171 1369 2483 1440 Gregorius
2514 1369 2815 1441 Nyssenus
2863 1369 2922 1423 in
2966 1369 3169 1424 eadem
3212 1369 3283 1424 de
3323 1369 3555 1425 duobus

1905 1458 2149 1530 angelis,
2184 1476 2300 1514 non
2333 1475 2503 1514 secus
2535 1464 2707 1531 atque
2734 1458 2976 1514 Hermas
3005 1462 3063 1513 et
3093 1457 3391 1530 Origenes,
3416 1459 3557 1513 sunt

1904 1548 2197 1619 opinione.
2225 1548 2504 1620 Magister
2523 1564 2657 1604 vero
2681 1548 3107 1603 sententiarum
3130 1548 3175 1583 ⁸⁸
3205 1547 3275 1603 de
3304 1546 3405 1602 ille.
3423 1550 3554 1603 tan-

1905 1652 2079 1705 quam
2112 1635 2449 1691 nullomodo
2503 1636 2879 1709 improbabili
2927 1637 3210 1708 disputat.
3262 1635 3459 1691 Estius
3486 1635 3556 1707 ‘7,

1904 1742 2075 1797 porro
2128 1726 2183 1779 id
2232 1726 2522 1782 incertum
2570 1743 2695 1782 esse
2728 1726 2957 1782 asserit.
2991 1726 3121 1781 Hac
3149 1724 3329 1798 igitur
3357 1724 3554 1797 opinio

1902 1814 2196 1870 immerito
2237 1817 2308 1869 ab
2350 1815 2479 1870 aliis
2514 1814 2812 1871 nonnullis
2840 1819 3120 1885 tanquam
3152 1814 3362 1870 noxius
3392 1829 3556 1871 error

1904 1904 2184 1974 rejicitur.
2210 1905 2315 1968 Qui
2351 1904 2518 1977 plura
2540 1907 2611 1960 de
2641 1905 2750 1960 hac
2773 1905 3092 1976 quaestione
3115 1903 3261 1961 scire
3280 1902 3551 1973 voluerit,

1902 1994 2090 2062 adeat,
2115 1994 2163 2047 si
2196 1994 2375 2063 lubet,
2403 1995 2669 2049 Gazaeum
2694 1994 2753 2047 in
2781 1994 3023 2049 citatum
3046 1992 3311 2049 Cassiani
3330 1992 3547 2062 locum,

1904 2088 1960 2137 et
1988 2082 2045 2136 in
2068 2083 2327 2152 ejusdem
2352 2083 2552 2139 Collat.
2585 2084 2670 2152 13,
2695 2100 2819 2155 cap.
2848 2084 2945 2151 12;
2980 2081 3300 2138 Maldonat.
3325 2082 3386 2138 in
3417 2099 3549 2155 cap.

1907 2172 2004 2238 18;
2039 2172 2203 2226 Matt.
2238 2172 2405 2240 Huet,
2430 2172 2530 2227 lib.
2566 2189 2606 2225 ιι
2640 2172 2989 2243 0rigenian.,
3011 2176 3219 2243 quiest.
3254 2170 3365 2245 5,§
3393 2171 3463 2227 30
3492 2173 3552 2228 et

1903 2267 2170 2332 aequent.

1972 2351 2085 2405 Nec
2130 2351 2693 2421 prmtermittendum
2734 2355 2824 2406 est
2871 2351 3159 2422 quosdam
3209 2353 3552 2407 autumasse

1902 2440 2053 2495 hanc
2100 2441 2456 2511 Opinionem,
2488 2442 2665 2511 magis
2714 2440 2783 2495 ad
2827 2440 3045 2511 fabulas
3088 2438 3367 2509 falsarum
3414 2438 3548 2497 reli-

1901 2532 2127 2599 gionum
2157 2533 2449 2600 pertinere,
2473 2547 2638 2601 quam
2661 2528 2899 2585 solidum
2927 2529 2987 2583 in
3015 2529 3267 2585 doctrina
3287 2528 3550 2585 Christia-

1900 2636 1974 2672 na
2005 2620 2201 2674 habere
2226 2620 2671 2691 fundamentum.
2699 2618 2810 2673 Sed
2842 2618 2936 2673 cui
2967 2617 3241 2673 credibile
3272 2618 3371 2673 flet
3400 2617 3546 2672 Her-

1902 2725 2059 2763 mam
2113 2730 2147 2763 υ,
2197 2710 2440 2781 paganis
2481 2709 2675 2781 potius
2707 2724 2886 2780 quam
2919 2707 2989 2762 ab
3021 2705 3358 2779 apostolicis
3385 2705 3550 2777 viris,

1901 2799 2013 2853 sibi
2045 2798 2269 2867 coaevis,
2302 2799 2463 2853 illam
2496 2798 2833 2870 accepisse?
2880 2797 2939 2851 Si
2982 2813 3050 2852 ex
3077 2795 3371 2852 Ambrosii
3402 2795 3551 2852 alio-

1901 2904 2170 2959 rumque,
2203 2890 2273 2943 de
2312 2888 2527 2959 quibus
2560 2887 2699 2943 alibi
2729 2886 3068 2958 disputandi
3099 2885 3263 2941 locus
3292 2884 3547 2957 dabitur,

1901 2978 2293 3047 quorumdam
2312 2977 2790 3033 doctissimorum
2807 2977 3042 3031 Patrum
3058 2974 3363 3047 principiis
3380 2990 3552 3047 argu-

1900 3071 2251 3133 mentemur,
2288 3068 2601 3122 dicendum
2634 3071 2723 3122 est
2770 3083 2800 3120 e
2850 3064 3140 3120 contrario
3183 3080 3443 3136 paganos
3475 3064 3548 3120 ab

1901 3162 2199 3211 auctorum
2270 3162 2603 3211 nostrorum
2668 3154 2928 3209 fontibus
3004 3152 3202 3209 omnia
3276 3151 3549 3208 hausisse

1901 3245 2310 3316 hujuscemodi
2369 3246 2642 3301 doctrina:
2700 3246 2995 3314 dogmata.

2443 3333 2846 3389 ARTICULUS
2886 3332 3002 3386 XV.

2204 3429 2317 3479 Hos
2350 3425 2516 3479 libros
2544 3439 2655 3478 non
2683 3425 2867 3493 [avere
2894 3422 3240 3478 Novatianis.

1974 3514 2276 3568 Secundus
2319 3530 2480 3569 error
2528 3513 2697 3583 cujus
2736 3516 2983 3567 Hermas
3013 3510 3280 3583 arguitur
3310 3507 3552 3580 majoris

1905 3603 2159 3673 profecto
2190 3605 2279 3656 est
2310 3602 2612 3656 momenti.
2645 3601 2823 3655 Aiunt
2843 3599 3000 3654 enim
3032 3615 3168 3654 eum
3200 3598 3557 3655 disseruisse

1904 3692 1968 3746 de
1996 3693 2161 3745 unica
2192 3694 2515 3759 pa'nilentia
2545 3690 2845 3745 secundum
2873 3705 3083 3745 errores
3099 3689 3553 3755 Novatianorum,

1906 3783 2103 3852 quibus
2147 3781 2234 3835 hic
2278 3781 2417 3835 liber
2445 3782 2670 3835 omnino
2699 3783 2885 3850 favere
2912 3778 3150 3833 videtur.
3182 3777 3291 3832 Sed
3324 3776 3419 3831 hic
3448 3775 3559 3831 mi-

1907 3871 2021 3924 rari
2047 3870 2207 3925 subit
2226 3886 2402 3941 quam
2426 3870 2719 3924 diversum
2740 3868 3095 3939 quandoque
3111 3866 3266 3921 docti
3289 3864 3559 3921 homines

1908 3961 1978 4015 de
2035 3978 2095 4013 re
2145 3977 2261 4014 una
2292 3963 2466 4029 atque
2496 3958 2725 4028 eadem,
2758 3974 2863 4012 nec
2897 3955 3069 4027 plane
3101 3953 3371 4025 obscura,
3395 3950 3560 4023 judi-

1909 4049 2065 4103 cium
2100 4050 2306 4104 ferant.
2338 4046 2735 4102 Tertullianus
2779 4044 2935 4101 enim
2966 4044 3194 4098 Hermas
3224 4041 3560 4113 Opinionem

1910 4139 2247 4193 Novatianis
2270 4155 2300 4192 e
2320 4138 2605 4191 diametro
2623 4133 2953 4207 oppositam
2974 4131 3257 4189 attribuit.
3275 4131 3329 4186 Is
3345 4129 3564 4202 quippe

1910 4245 2043 4283 cum
2058 4226 2475 4281 Montanistaru
2487 4225 2774 4290 m,eadem
2800 4239 2932 4276 cum
2947 4219 3284 4277 Novatianis
3303 4220 3374 4275 de
3390 4220 3565 4274 unice

1911 4316 2253 4388 poenitentia
2271 4313 2936 4379 sentientium,errorem
2954 4309 3321 4382 amplexatus
3334 4308 3566 4379 fuisset,

1912 4404 2057 4460 nihil
2082 4404 2239 4459 aliud
2267 4402 2577 4458 Catholicis
2604 4401 2827 4456 Hermaa
2853 4398 3261 4455 auctoritatem
3288 4397 3402 4469 ipsi
3423 4396 3567 4467 obji-

1914 4495 2203 4550 cientibus
2235 4493 2569 4565 respondet,
2602 4507 2782 4562 quam
2820 4488 2988 4544 illum
3020 4489 3285 4559 ejusdem
3314 4502 3449 4541 cum
3480 4484 3567 4541 eis

1912 4582 2365 4655 indulgentioris
2384 4598 2513 4637 esse
2536 4578 2837 4636 sententiae
2860 4582 2917 4633 et
2937 4576 3263 4649 Opinionis:
3291 4574 3567 4643 Cederem,

137 4668 297 4725 tibus
330 4669 695 4741 desumptis,
721 4687 847 4741 quae
879 4670 959 4725 ibi
991 4674 1161 4741 prout
1192 4670 1263 4724 ab
1285 4669 1368 4724 eis
1400 4667 1623 4739 prolata
1644 4670 1803 4732 sunt,
1838 4682 1884 4746 D
1917 4673 2111 4745 inquit
2140 4674 2203 4739 ιδ,
2260 4672 2384 4741 tibi,
2426 4672 2480 4725 si
2524 4672 2810 4740 scriptura
2840 4668 3100 4734 Pastoris,
3128 4680 3249 4737 qua
3277 4664 3400 4720 sola
3425 4676 3570 4720 m8-

136 4758 382 4815 totidem
404 4759 611 4816 verbis
635 4759 1029 4831 reperiuntur.
1056 4759 1254 4830 Neque
1276 4764 1471 4813 tamen
1498 4756 1673 4811 iidem
1698 4760 1804 4809 Pa-

136 4852 254 4903 tres
297 4850 371 4905 de
415 4849 834 4905 haereticorum
869 4848 1343 4920 corruptionibus
1375 4863 1638 4919 unquam
1673 4862 1808 4900 con-

138 4939 332 5009 questi
368 4944 522 4994 sunt
548 4958 560 5004 ;
595 4955 699 4993 nec
724 4938 882 4994 ullus
905 4939 1115 5011 poterit
1137 4937 1449 5007 aliquando
1478 4938 1641 4992 locus
1669 4934 1813 4990 assi-

139 5028 330 5097 gnari,
365 5028 475 5100 qui
509 5028 585 5083 ab
616 5028 910 5084 hareticis
944 5030 1019 5084 sit
1050 5030 1423 5099 depravatus.

693 5135 1097 5191 ARTICULUS
1136 5136 1281 5190 XIV.

140 5225 245 5279 Hos
278 5225 457 5280 libros
489 5225 683 5295 plenos
712 5244 827 5281 non
859 5244 974 5281 esse
1003 5226 1325 5293 hxresibus,
1359 5228 1409 5279 et
1454 5224 1640 5294 primo
1692 5238 1813 5293 qui-

214 5298 346 5352 dem
374 5294 539 5352 eirea
566 5300 832 5368 angelum
866 5300 1065 5354 bonum
1110 5305 1163 5352 et
1207 5298 1416 5350 malum
1451 5294 1688 5362 singulis
1722 5295 1816 5350 ho-

214 5371 483 5424 minibus
518 5370 807 5426 tributum.

214 5476 468 5536 Falsum
528 5483 618 5535 est
660 5478 912 5549 denique
943 5479 1215 5535 eumdem
1246 5478 1462 5536 librum
1496 5479 1820 5535 haeresibus

1914 4764 2039 4819 chos
2071 4766 2239 4829 amat,
2272 4762 2629 4815 meruisset...
2663 4758 2926 4813 adultera
2969 4763 3019 4810 et
3064 4757 3204 4826 ipsa,
3236 4760 3288 4810 et
3315 4751 3444 4808 inde
3466 4767 3569 4824 pa-

1918 4862 2078 4908 trona
2104 4854 2395 4908 sociorum.
2428 4850 2847 4904 Verumtamen
2878 4844 3113 4915 utrique
3161 4859 3195 4898 a
3229 4840 3474 4896 veritate
3503 4853 3574 4894 ex

1920 4959 2082 5014 aequo
2114 4942 2404 4996 aberrant.
2441 4938 2510 4992 Et
2549 4935 2947 4992 Tertullianus
2989 4931 3227 5005 quidem
3258 4928 3358 5003 qui
3389 4926 3573 4984 tradit

1925 5034 2217 5097 llermam,
2249 5046 2315 5084 eo
2350 5029 2504 5100 quod
2538 5043 2641 5081 nec
2672 5023 3031 5080 Montanista
3069 5036 3176 5076 nec
3215 5017 3573 5074 Novatianus

1923 5125 2102 5185 esset,
2135 5118 2373 5176 lenioris
2406 5114 2874 5183 remissiorisque
2898 5111 3079 5166 fuisse
3110 5106 3444 5180 opinionis;
3476 5103 3576 5161 alii

1922 5227 2057 5265 vero
2089 5210 2187 5280 qui
2229 5207 2395 5262 illum
2426 5206 2483 5259 in
2517 5203 2865 5261 severiorem
2896 5205 2954 5255 et
2984 5198 3359 5254 durissimam
3387 5193 3574 5251 Nova-

1928 5301 2219 5355 tianorum
2248 5295 2517 5352 heeresim
2549 5292 2797 5364 pedibus
2830 5288 3003 5344 ivisse
3024 5288 3316 5341 asserunt.
3342 5282 3460 5338 Hos
3487 5283 3579 5336 et-

1929 5389 2083 5445 enim
2107 5387 2277 5460 plane
2301 5385 2479 5440 falsos
2500 5399 2626 5438 esse
2647 5382 2783 5435 inde
2815 5378 3072 5450 profecto
3093 5372 3396 5442 evincitur,
3420 5368 3578 5443 quod

1931 5480 2171 5535 Hermas
2202 5476 2325 5531 suis
2358 5475 2415 5529 in
2449 5472 2614 5528 libris
2644 5487 2709 5526 eo
2742 5467 3031 5542 prmeipue
3057 5463 3325 5521 collineet
3354 5465 3421 5518 ut
3451 5475 3583 5533 pec-

206 5714 251 5787 4¹
289 5731 461 5787 sup.,
499 5715 613 5787 art.
646 5714 731 5787 1i.
806 5715 851 5747 ⁴²
882 5714 955 5768 De
996 5714 1507 5787 scriptorseccles.’
1548 5715 1598 5787 f3
1625 5716 1725 5770 lib.
1778 5732 1841 5785 ιι,
1893 5712 2257 5787 mandat.“6.
2338 5709 2383 5742 4⁵
2409 5704 2749 5787 _Qollat._VI,
2802 5719 2865 5787 (ξπ
3024 5703 3123 5787 ΫῙη
3174 5699 3282 5787 Ista.
3341 5710 3429 5766 In,
3492 5692 3585 5756 12.

132 5788 176 5821 ἰδ
206 5770 483 5844 Ιὶὺτούὲ
525 5786 641 5843 Vita
666 5786 880 5858 Moysis.
964 5786 1008 5821 ⁴⁶
1036 5770 1139 5841 lib.
1176 5802 1215 5842 ιι
1245 5784 1393 5843 Sent.
1470 5786 1512 5823 ‘7
1543 5785 1603 5842 in
1634 5788 1797 5845 eumc'

1939 5785 2088 5843 Sent.
2124 5782 2227 5841 lib.
2264 5798 2327 5837 II.
2403 5779 2450 5815 ‘3
2480 5778 2583 5835 lib.
2616 5777 2695 5834 De
2727 5770 2981 5851 pudica,
3013 5786 3142 5846 cap.
3176 5770 3263 5829 10.
