4086 6342
502 398 620 486 an

2005 398 2068 456 S.
2116 390 2417 457 HERME

3796 398 3909 469 818

505 536 731 589 oatores
750 531 822 587 ad
856 530 1274 602 paenitentiam,
1306 531 1476 602 cujus
1497 545 1603 601 ope
1626 545 1828 585 omnes
1859 526 2149 583 remissio-
2180 529 2234 595 Α
2335 527 2397 582 Si
2428 527 2611 583 instes
2641 527 2913 585 Hermam
2944 527 3081 584 alibi
3113 528 3416 600 scripsisse
3452 529 3497 566 ⁸³
3531 545 3544 584 :
3595 532 3669 586 Hi
3697 532 3802 602 qui
3828 547 3909 586 co-

505 637 639 678 nem
669 624 1039 693 peccatorum
1072 625 1445 675 assecuturos
1466 635 1594 674 esse
1626 618 1950 690 pollicetur,
1975 632 2151 689 agen-

508 711 639 767 dam
672 708 953 782 impellat.
988 710 1350 780 QuaprOpter
1378 710 1573 764 Pastor
1604 707 1818 777 ubique
1848 706 1919 761 ab
1950 722 2016 761 eo
2046 722 2149 760 vo-

509 804 694 866 catur,
740 798 1001 865 Nuntius,
1049 799 1380 867 praepositus
1432 797 1787 868 poenitentiae,
1848 800 2153 865 totamque

509 886 1059 945 commentationem
1077 903 1245 942 suam
1262 886 1357 942 his
1378 887 1568 942 verbis
1587 884 1883 941 concludit
1900 886 1973 938 ‘9:
1998 884 2154 938 Cum-

509 993 617 1049 que
643 976 866 1032 vidisset
894 976 1157 1031 Dominus
1189 976 1385 1031 bonam
1434 980 1593 1048 atque
1636 991 1837 1046 puram
1882 974 2152 1045 pwniten-

512 1068 652 1122 tiam
678 1080 889 1131 eorum,
924 1070 976 1119 et
1016 1080 1171 1136 posse
1211 1080 1296 1119 eos
1324 1066 1385 1118 in
1414 1081 1480 1119 ea
1504 1078 1851 1135 permanere,
1875 1064 2043 1133 jussit
2068 1077 2155 1117 eo-

510 1172 638 1212 rum
662 1159 884 1226 peccata
909 1153 1100 1209 deleri.
1136 1153 1359 1220 Quibus
1400 1170 1542 1210 sane
1583 1152 1777 1207 verbis
1808 1151 2155 1207 Novatiano-

512 1260 644 1301 rum
674 1258 835 1299 error
866 1243 1131 1298 funditus
1161 1243 1457 1297 evertitur.

583 1334 871 1406 Objioitur
898 1339 1093 1389 tamen
1126 1331 1292 1388 illum
1324 1336 1518 1405 aperte
1560 1332 1815 1387 dixisse:
1848 1330 2030 1387 Servis
2060 1331 2160 1385 Dei

509 1440 625 1482 una
649 1423 973 1496 pauitantia
999 1424 1099 1477 est.
1126 1420 1342 1476 Verum
1372 1420 1555 1476 sancti
1588 1420 1810 1487 Patres,
1834 1419 1935 1491 qui
1968 1418 2155 1491 plura,

510 1519 578 1570 ut
606 1512 879 1585 superius
901 1512 1121 1566 dictum
1146 1515 1255 1578 est,
1282 1526 1352 1565 ex
1379 1509 1490 1565 hoc
1518 1509 1669 1565 libro
1692 1508 2032 1564 testimonia
2060 1524 2158 1563 ex-

510 1602 896 1676 scripserunt,
930 1598 1076 1654 nihil
1124 1599 1186 1653 in
1234 1615 1301 1654 eo
1338 1598 1644 1654 Novatiani
1675 1598 1881 1653 veneni
1914 1597 2158 1651 subesse

510 1690 792 1764 suspicati
825 1693 982 1746 sunt.
1008 1689 1124 1744 Cur
1152 1704 1287 1761 ergo
1320 1688 1554 1743 unicam
1581 1686 1792 1743 dixerit
1812 1702 1941 1742 esse
1973 1685 2156 1757 poeni-

508 1780 771 1849 tentiam,
807 1778 1024 1834 clarius
1055 1777 1327 1849 explicari
1360 1794 1476 1832 non
1508 1779 1720 1849 potest,
1755 1792 1933 1847 quam
1966 1774 2155 1830 verbis

2262 625 2567 687 gnoverunt
2611 619 2922 684 Dominum,
2953 626 3003 673 et
3052 618 3339 674 mirabilia
3388 620 3506 689 ejus
3556 620 3836 684 viderunt,
3866 624 3910 675 si

2262 708 2516 777 nequiter
2542 709 2747 774 vivant,
2775 706 2939 779 duplo
2970 708 3207 779 amplius
3234 709 3557 779 punientur,
3581 712 3631 765 et
3664 710 3781 781 ipsi
3808 726 3912 765 mo-

2264 796 2484 850 rientur
2505 798 2563 851 in
2581 812 2777 864 avum,
2799 797 3135 869 responderi
3156 797 3394 869 quidem
3417 803 3618 869 posset
3636 803 3911 854 Hermam

2267 883 2348 938 ibi
2388 885 2458 938 de
2500 883 2597 939 illo
2636 891 2871 956 peccato
2904 884 3085 956 loqui,
3119 886 3275 956 quod
3309 886 3577 941 nonnulli
3609 891 3839 954 Patres,
3868 888 3915 943 si

2266 973 2607 1029 doctissimo
2629 973 2850 1029 Morino
2871 974 2916 1007 ⁵⁸
2944 974 3085 1029 fides
3106 974 3377 1030 habenda
3405 975 3503 1044 sit,
3529 992 3800 1048 unquam
3831 993 3911 1032 re-

2268 1062 2419 1117 mitti
2440 1079 2611 1133 posse
2633 1062 3068 1118 inficiabantur.
3093 1063 3270 1119 Nobis
3296 1069 3492 1121 autem
3523 1081 3655 1120 vero
3684 1066 3913 1121 videtur

2268 1149 2545 1218 similius,
2579 1151 2695 1205 illic
2726 1168 3054 1209 sermonem
3086 1152 3157 1208 de
3188 1153 3263 1210 iis
3294 1157 3524 1209 tantum
3557 1154 3785 1224 haberi,
3819 1156 3915 1227 qui

2266 1238 2325 1293 in
2357 1238 2485 1311 ipsa
2516 1241 2793 1311 peccandi
2822 1240 3119 1297 voluntate
3149 1258 3337 1313 usque
3386 1244 3460 1299 ad
3504 1248 3757 1299 mortem
3790 1261 3914 1316 per-

2268 1333 2620 1397 severantes,
2651 1330 2711 1385 in
2758 1328 2942 1401 finali,
2974 1334 3043 1389 ut
3087 1330 3275 1401 aiunt,
3308 1331 3739 1405 impmnitentia
3789 1350 3915 1389 mo-

2268 1418 2524 1474 riuntur.

2799 1508 3204 1566 ARTICULUS
3239 1509 3380 1565 XVI.

2266 1594 2489 1651 Eosdem
2517 1597 2684 1653 libros
2710 1599 2989 1681 immerito
3012 1598 3256 1682 aliorum
3278 1599 3650 1672 quorumdam
3668 1616 3919 1657 errorum

2953 1686 3225 1727 incusari.

2339 1772 2578 1829 Rivetus
2604 1773 2821 1846 aliique
2852 1775 3119 1831 nonnulli
3144 1775 3493 1833 Calvinianze
3526 1782 3696 1834 sectae
3728 1778 3920 1834 homi-

507 1867 822 1938 Ambrosii,
846 1868 1125 1921 adversus
1156 1866 1437 1937 ipsosmet
1456 1865 1809 1920 Novatianos
1840 1864 1923 1919 sic
1955 1863 2155 1934 dispu-
2188 1900 2234 1964 B
2270 1876 2371 1915 nes
2385 1859 2658 1915 Hermam
2674 1861 2922 1917 aliorum
2938 1865 3618 1935 quorumdamincusant
3631 1882 3918 1933 errorum,

508 1956 691 2013 tantis
715 1957 759 1991 5°
791 1972 805 2011 :
840 1955 1047 2024 Merito,
1078 1954 1291 2025 inquit,
1326 1954 1801 2025 reprehenduntur
1829 1954 1927 2023 qui
1952 1953 2157 2023 saepius

508 2045 785 2115 agendam
809 2045 1196 2116 paenitentiam
1236 2051 1501 2115 putant...
1535 2045 1667 2114 quia
1694 2043 1831 2097 sicut
1860 2058 2033 2096 unum
2064 2042 2155 2095 ba-

502 2137 731 2207 ptisma,
759 2135 839 2189 ita
885 2149 1001 2187 una
1048 2133 1371 2203 paenitentia
1416 2148 1534 2203 quae
1571 2138 1756 2187 tamen
1783 2131 2004 2202 publice
2033 2148 2155 2201 agi-

510 2232 628 2292 tur,
658 2239 790 2278 nam
819 2220 1137 2293 quotidiani
1163 2238 1264 2277 nos
1292 2220 1445 2277 debet
1469 2223 1743 2293 paenitere
1766 2222 1980 2292 peccati
2009 2237 2027 2272 :
2068 2219 2159 2275 sed

509 2313 627 2370 haec
653 2312 980 2368 delictorum
1010 2309 1298 2379 leviorum,
1331 2309 1442 2365 illa
1482 2312 1820 2379 graviorum.
1851 2309 2158 2364 Ambrosio

510 2400 831 2457 concinunt
854 2403 911 2454 et
942 2397 1041 2453 alii
1066 2398 1252 2453 sancti
1282 2402 1501 2465 Patres,
1527 2404 1591 2453 ut
1612 2416 1717 2454 nos
1741 2398 2054 2470 aliquando
2085 2399 2157 2453 ad

510 2489 668 2545 hunc
697 2486 950 2545 doctoris
980 2487 1164 2542 nostri
1195 2486 1388 2543 locum
1420 2488 1883 2544 observavimus.
1919 2489 2159 2542 Hermas

509 2578 692 2651 igitur
721 2577 922 2632 eodem
955 2592 1023 2632 ac
1052 2575 1401 2632 Ambrosius
1432 2593 1609 2631 sensu
1640 2576 1822 2631 dixit:
1856 2576 2039 2632 Servis
2062 2577 2161 2631 Dei

509 2684 633 2724 una
674 2667 1001 2739 pestilentia
1045 2673 1144 2735 est,
1193 2664 1495 2735 nimirum,
1542 2683 1660 2737 quae
1713 2670 1895 2721 tamen
1937 2666 2162 2737 publice

511 2757 732 2829 agitur.

582 2841 975 2900 Verisimilius
1026 2842 1271 2897 forsitan
1318 2842 1461 2897 illud
1511 2844 1685 2913 objici
1738 2848 1956 2916 posset,
2000 2844 2159 2915 quod

512 2934 669 2989 idem
703 2933 944 2987 Hermas
975 2932 1045 2987 de
1075 2932 1418 3004 transfugis,
1454 2932 1562 2987 hoc
1611 2937 1718 2997 est,
1753 2950 1787 2987 a
1833 2932 2161 2988 Christiana

513 3022 794 3094 religione
821 3020 1124 3093 apostatis,
1150 3021 1389 3075 tradidit
1413 3037 1425 3074 :
1461 3022 1800 3091 Transfugse,
1824 3037 1888 3076 ac
1915 3021 2163 3095 nefanda

518 3112 815 3184 loquentes,
846 3117 898 3165 et
920 3108 1220 3181 preditores
1249 3125 1531 3164 servorum
1564 3110 1684 3177 Dei,
1718 3111 1835 3165 illis
1884 3112 2163 3181 pr0posita

510 3218 662 3257 mors
690 3206 790 3272 est,
821 3200 1143 3263 pwnitentia
1170 3215 1276 3255 non
1309 3203 1405 3254 est.
1439 3199 1595 3254 Idem
1628 3200 1784 3254 enim
1828 3199 1907 3253 ibi
1957 3199 2163 3254 docere

2267 1948 2479 2019 quibus
2497 1966 2641 2004 sana
2658 1951 2858 2022 potius
2874 1951 3223 2025 integraque
3236 1955 3366 2024 eius
3391 1954 3659 2011 doctrina
3684 1956 3918 2027 probari

2267 2038 2543 2093 omnibus
2564 2038 2752 2094 debet.
2778 2041 2841 2095 Id
2865 2041 3023 2096 enim
3053 2040 3150 2097 ille
3172 2043 3366 2114 arguit
3380 2044 3424 2077 ⁵⁵
3449 2045 3603 2115 quod
3629 2045 3701 2099 ab
3731 2051 3920 2100 aucto-

2267 2140 2329 2182 re
2374 2131 2599 2195 nostro,
2635 2137 2826 2185 contra
2851 2131 3093 2201 Apostoli
3120 2148 3448 2188 consensum
3475 2134 3760 2189 astruitur
3791 2134 3919 2190 libe-

2267 2234 2394 2271 rum
2443 2220 2770 2289 arbitrium,
2800 2220 3038 2276 solitudo
3086 2222 3415 2293 monastica,
3446 2231 3498 2277 et
3535 2227 3922 2294 purgatorium

2266 2308 2335 2361 ab
2366 2324 2477 2361 anu
2508 2308 2746 2380 quadam
2774 2311 2985 2365 visione
3012 2312 3178 2366 tertia
3207 2312 3531 2367 revelatum.
3558 2312 3670 2367 Sed
3706 2313 3922 2385 quibus

2268 2395 2326 2450 in
2375 2395 2520 2451 locis
2567 2397 2682 2451 duo
2727 2396 2942 2468 priora,
2978 2402 3042 2453 ut
3073 2398 3312 2454 Rivetus
3343 2398 3621 2469 loquitur,
3652 2416 3923 2455 errorum

2267 2484 2459 2557 capita
2490 2485 2754 2541 docuerit
2781 2491 3050 2558 Hermas,
3082 2488 3156 2543 ab
3197 2505 3263 2543 eo
3298 2488 3566 2543 nonnulli
3597 2487 3925 2546 indicatum

2266 2574 2537 2647 legimus.
2572 2576 2720 2642 Quid
2753 2592 2889 2648 ergo
2921 2576 3082 2633 hisce
3131 2577 3192 2632 in
3239 2576 3406 2633 libris
3435 2582 3642 2633 contra
3665 2577 3928 2649 Apostoli

2268 2680 2622 2719 consensum
2670 2665 2742 2720 de
2795 2664 2977 2721 libero
3022 2664 3264 2721 arbitrio
3307 2670 3628 2737 astruatur,
3661 2666 3925 2722 divinare

2268 2769 2386 2808 non
2416 2770 2771 2825 possumus;
2806 2754 2918 2810 nisi
2950 2754 3096 2810 forte
3126 2753 3271 2809 illud
3302 2754 3401 2823 sit,
3423 2755 3577 2826 quod
3608 2755 3928 2811 Cassianus

2268 2840 2359 2895 his
2390 2841 2581 2896 verbis
2613 2843 2846 2897 refert‘56
2871 2860 2883 2897 :
2918 2842 3177 2911 Adiacere
3201 2851 3384 2898 autem
3403 2843 3619 2899 homini
3641 2846 3703 2898 in
3728 2861 3922 2916 quam-

2270 2930 2400 2985 libet
2439 2940 2659 3001 partem
2699 2934 2879 2988 animi
2925 2932 3237 2988 libertatem
3284 2935 3454 2987 etiam
3501 2933 3641 2989 liber
3670 2934 3794 3001 ille,
3830 2934 3925 3005 qui

2269 3020 2474 3075 dicitur
2503 3021 2782 3089 Pastoris,
2805 3022 3149 3092 apertissime
3175 3022 3344 3089 docet,
3376 3023 3439 3077 in
3463 3037 3567 3093 quo
3595 3022 3703 3077 duo
3733 3024 3926 3093 angeli

2268 3110 2568 3181 unicuique
2596 3120 2841 3166 nostrum
2872 3110 3157 3167 adhaerere
3201 3110 3484 3178 dicuntur,
3518 3111 3575 3166 id
3621 3116 3721 3181 est,
3753 3114 3925 3168 bonus

2269 3213 2333 3252 ac
2362 3197 2592 3266 malus,-
2632 3202 2691 3253 in
2721 3200 2958 3254 hominis
2988 3215 3110 3255 vero
3138 3202 3357 3271 optione
3385 3201 3679 3256 consistere
3709 3208 3775 3255 ut
3825 3203 3923 3257 eli-

509 3291 740 3348 videtur
760 3288 915 3361 quod
938 3287 1105 3343 initio
1125 3287 1364 3344 haeresis
1386 3305 1506 3343 suae
1523 3288 2159 3359 Novatiani,nusquam
2192 3275 2233 3341 C
2270 3290 2390 3358 gat,
2422 3304 2583 3359 quem
2611 3293 2890 3360 sequatur.
2924 3289 3005 3343 Ex
3054 3288 3147 3345 his
3196 3289 3412 3361 quippe
3441 3291 3683 3345 Pastoris
3729 3292 3926 3347 verbis

511 3379 780 3436 Ecclesia:
811 3379 1058 3449 ejusque
1090 3376 1376 3432 ministris
1407 3392 1745 3433 concessam
1777 3395 1812 3433 a
1856 3377 1973 3433 Deo
2004 3381 2166 3449 pote-

2275 3376 2391 3430 duo
2425 3377 2599 3431 infert
2626 3377 2943 3433 Cassianus
2967 3378 3031 3432 ⁸⁷.
3088 3379 3142 3433 1⁸
3171 3380 3245 3432 Et
3288 3378 3491 3434 idcirco
3523 3384 3710 3435 manet
3737 3382 3801 3435 in
3836 3382 3926 3435 ho-

514 3473 725 3526 statem
748 3466 1081 3521 dimittendi
1106 3470 1339 3536 peccata
1359 3466 1697 3533 libellaticis,
1723 3467 2082 3537 thuriﬁcatis,
2111 3474 2166 3521 et
2273 3466 2425 3520 mine
2453 3482 2665 3536 semper
2707 3467 2948 3521 liberum
2977 3466 3309 3536 arbitrium,
3342 3466 3483 3537 quod
3530 3470 3789 3539 gratiam
3839 3470 3931 3524 Dei

513 3557 774 3630 apostatis
800 3556 1005 3612 Christi
1026 3571 1223 3610 nomen
1245 3555 1612 3623 ejurantibus.
1636 3557 1707 3611 At
1738 3556 2163 3628 respondemus

515 3646 577 3701 in
595 3662 661 3701 eo
684 3644 939 3717 positum
962 3659 1194 3714 semper
1213 3643 1395 3699 fuisse
1415 3660 1670 3699 errorem
1689 3643 2164 3709 Novatianorum,

518 3735 673 3807 quod
708 3731 1083 3805 pertinaciter
1114 3732 1552 3797 contenderent,
1584 3749 1947 3804 quaecunque
1978 3732 2162 3803 paeni-

516 3824 700 3880 tentia
728 3823 940 3878 horum
972 3820 1287 3876 criminum
1311 3824 1601 3892 ageretur,
1624 3820 1696 3876 ab
1729 3820 1801 3875 iis
1833 3826 2029 3876 tamen
2062 3822 2162 3875 ab-

519 3910 780 3969 solvendi
814 3908 1104 3966 ministris
1131 3907 1398 3963 Ecclesias
1430 3914 1704 3981 negatam
1744 3925 1874 3964 esse
1915 3907 2164 3964 faculta-

512 4005 652 4057 tem.
683 4000 898 4057 Verum
931 4000 991 4054 id
1037 3997 1373 4053 nullatenus
1403 3998 1637 4069 negavit
1664 3997 1929 4065 Hermas,
1962 4001 2163 4069 utpote

512 4091 613 4163 qui
641 4089 1046 4146 tantummodo
1078 4086 1322 4142 dixerit:
1358 4087 1541 4142 Illis...
1569 4088 1897 4158 paenitentia
1923 4103 2032 4142 non
2062 4096 2159 4155 est,

509 4179 622 4235 hoc
651 4183 760 4246 est,
784 4179 940 4235 Deus
972 4178 1057 4232 eis
1087 4176 1270 4246 illam,
1295 4192 1413 4247 qua
1438 4176 1669 4232 veniam
1701 4176 2158 4231 absolutionem-

510 4285 624 4340 que
649 4271 1022 4340 peccatorum
1044 4270 1497 4336 consequantur,
1528 4266 1895 4321 occasionem
1921 4264 2161 4320 faculta-

508 4361 740 4429 temque
769 4373 885 4412 non
916 4356 1192 4411 concedet
1218 4372 1230 4409 :
1262 4353 1372 4424 vel,
1404 4357 1471 4409 ut
1503 4354 1627 4426 ipse
1658 4353 1919 4425 loquitur
1942 4355 1985 4390 ⁶¹
2018 4370 2031 4408 :
2066 4355 2162 4409 De-

507 4448 591 4503 dit
609 4448 871 4518 spiritum
889 4446 987 4512 eis,
1011 4445 1104 4515 qui
1131 4444 1293 4513 digni
1310 4452 1489 4508 erant,
1511 4460 1681 4516 agere
1709 4445 2156 4515 paenitentiam...

505 4537 575 4592 At
604 4551 838 4607 quorum
864 4536 1078 4605 aspexit
1104 4533 1315 4601 dolum,
1347 4538 1399 4587 et
1429 4533 1832 4588 animadvertit
1861 4531 1931 4587 ad
1960 4548 2015 4587 se
2042 4533 2158 4603 fat-

506 4626 712 4681 laciter
738 4639 1072 4693 reversuros,
1096 4624 1318 4691 negavit
1348 4624 1426 4678 eis
1446 4622 1519 4677 ad
1546 4623 1928 4693 paenitentiam
1950 4638 2158 4692 regres-
2186 4644 2233 4710 D

502 4731 645 4770 sum.
676 4715 839 4781 Quod
870 4712 1044 4768 etiam
1064 4710 1427 4782 Ambrosius,
1452 4711 1551 4766 ubi
1584 4711 1932 4766 Novatianos
1958 4712 2155 4766 acrius

502 4804 854 4877 insequitur,
888 4808 945 4858 et
975 4804 1045 4858 de
1076 4801 1441 4873 blasphemia
1473 4802 1531 4857 in
1566 4800 1851 4873 Spiritum
1885 4805 2154 4857 sanctum

503 4894 788 4967 disputat,
823 4890 1004 4949 simili
1038 4892 1208 4946 modo
1239 4892 1380 4945 dicit
1404 4892 1449 4925 ⁸³
1476 4908 1488 4945 :
1528 4895 1645 4945 Hos
1671 4906 1796 4961 ergo
1826 4892 1922 4962 qui
1953 4891 2050 4946 hoc
2080 4891 2153 4946 lo-

500 4992 767 5054 quuntur,
790 4984 959 5053 negat
978 4982 1225 5037 Christus
1250 4979 1320 5035 ad
1338 4982 1555 5035 veniam
1578 4981 1869 5051 pertinere.
1892 4979 1958 5033 Et
1980 4978 2152 5050 paulo

498 5078 633 5145 post
654 5071 755 5127 ubi
786 5071 858 5126 de
882 5069 1170 5125 haereticis
1200 5086 1265 5123 ac
1297 5068 1689 5124 schismaticis
1712 5068 1949 5124 disserit
1975 5085 1989 5123 :
2026 5069 2155 5136 Qui-

499 5162 614 5228 bus,
647 5162 750 5233 ait,
784 5160 1191 5230 indulgentiam
1217 5162 1400 5227 negat.
1434 5158 1581 5221 Quid
1613 5156 1771 5212 enim
1817 5156 1975 5211 aliud
2029 5156 2151 5212 haec

496 5251 673 5307 verba
702 5252 936 5320 sonant,
970 5265 1149 5319 quam
1181 5247 1335 5319 quod
1368 5246 1451 5302 ait
1480 5246 1722 5301 Hermas
1756 5263 1767 5301 :
1813 5245 1937 5300 Illis
1958 5248 2146 5318 paeni-

498 5340 672 5396 tentia
699 5355 810 5395 non
841 5346 919 5394 est
939 5341 963 5391 ?

2270 3555 2442 3627 possit
2489 3556 2571 3611 vel
2616 3556 2896 3627 negligere
2940 3557 3028 3611 vel
3075 3572 3283 3625 amare,
3338 3556 3397 3611 id
3446 3562 3537 3612 est
3579 3558 3753 3628 juxta
3804 3560 3930 3630 ejus

2277 3648 2553 3710 mentem,
2577 3645 2826 3717 gratiam
2848 3645 2949 3700 Dei
2973 3645 3197 3717 absque
3221 3644 3343 3700 ulla
3372 3644 3765 3717 praeveniente
3796 3665 3930 3720 gra-

2275 3732 2358 3788 tia
2378 3749 2594 3788 amare.
2627 3736 2687 3787 2°
2710 3735 2889 3789 [nesse
2913 3733 3128 3789 homini
3146 3734 3336 3789 omnia
3366 3736 3567 3789 animae
3596 3737 3931 3791 naturaliter

2272 3824 2540 3877 virtutum
2567 3823 2799 3894 semina,
2823 3824 3077 3894 beneﬁcio
3109 3823 3387 3880 Creatoris
3414 3826 3640 3880 inserta.
3665 3826 3780 3880 Sed
3813 3824 3930 3881 hac

2275 3911 2633 3966 consectaria
2682 3910 2944 3966 Cassiani
2992 3915 3150 3983 sunt,
3198 3912 3437 3969 minime
3482 3928 3617 3968 vero
3667 3914 3930 3969 auctoris

2274 4000 2480 4068 nostri,
2515 3999 2616 4071 qui
2649 4016 2754 4054 nec
2784 4000 2960 4056 citato
2991 3999 3139 4071 loco,
3172 4017 3275 4056 nec
3305 4001 3442 4057 alibi
3476 4001 3811 4074 quidquam
3863 4004 3929 4058 de

2270 4088 2454 4144 libero
2484 4088 2723 4144 arbitrio
2754 4089 2942 4157 docet,
2974 4090 3035 4144 in
3068 4107 3183 4161 quo
3213 4089 3286 4146 ab
3316 4090 3592 4162 Apostolo
3624 4091 3927 4148 doctrina-

2270 4195 2384 4249 que
2441 4177 2763 4234 orthodoxa
2806 4183 3205 4234 transversum
3250 4196 3510 4252 unguem
3557 4178 3925 4238 discesserit.

2341 4267 2490 4333 Quid
2520 4283 2652 4323 vero
2692 4267 2928 4323 Rivetus
2974 4284 3076 4339 per
3118 4268 3497 4325 solitudinem
3528 4270 3925 4326 monasticam

2269 4354 2380 4409 sibi
2412 4354 2566 4423 velit,
2593 4372 2707 4411 non
2739 4360 2932 4427 potest
2961 4354 3130 4412 facile
3160 4356 3412 4411 deﬁniri.
3446 4357 3513 4412 Et
3540 4374 3675 4413 vero
3708 4358 3760 4414 si
3797 4376 3928 4414 mo-

2268 4442 2613 4514 nasterium,
2643 4443 2732 4499 vel
2773 4443 3159 4500 monasticum
3191 4444 3533 4501 institutum
3584 4444 3678 4501 his
3728 4448 3928 4503 verbis

2266 4531 2574 4604 intelligat,
2600 4548 2671 4587 ne
2702 4531 2889 4587 hilum
2914 4532 3151 4605 quidem
3182 4549 3251 4588 ea
3280 4533 3351 4589 de
3381 4550 3442 4589 re
3471 4535 3626 4607 apud
3651 4536 3928 4591 Hermum

2265 4621 2518 4691 reperire
2547 4624 2654 4675 est.
2681 4620 2740 4675 Si
2770 4625 2965 4676 autem
2997 4622 3068 4675 de
3098 4620 3415 4677 Christiani
3446 4639 3480 4678 a
3509 4624 3718 4678 mundi
3752 4640 3932 4695 nego-

2265 4710 2363 4765 tiis
2386 4713 2443 4766 et
2464 4710 2820 4766 tumultibus
2837 4726 3071 4767 secessu
3087 4710 3330 4766 Rivetus
3353 4712 3651 4783 loquatur,
3666 4711 3836 4770 hunc
3859 4712 3928 4767 ab

2264 4798 2544 4871 apostolis
2567 4799 2959 4870 omnibusque
2973 4799 3240 4855 Ecclesia:
3262 4800 3596 4857 doctoribus
3618 4818 3927 4859 commen-

2263 4888 2410 4955 dari,
2441 4904 2653 4962 negare
2682 4888 2815 4960 quis
2847 4888 3109 4944 audeat?

2337 4977 2593 5048 Denique
2623 4979 2673 5033 si
2705 4978 2948 5033 Hermas
2980 4978 3386 5050 purgatorium
3422 4979 3642 5036 alicubi
3673 4984 3929 5050 asserat,

2260 5066 2361 5121 ille
2392 5066 2538 5121 nihil
2570 5067 2825 5138 profecto
2856 5066 2970 5122 nisi
3002 5084 3211 5122 sanum
3244 5069 3486 5124 omnino
3525 5074 3581 5125 et
3619 5068 3805 5141 plane
3838 5087 3929 5126 or-

2258 5155 2579 5211 thodoxum
2609 5156 2888 5212 statuisse
2917 5157 3202 5212 dicendus
3244 5162 3352 5213 est.
3385 5160 3653 5215 Attamen
3690 5159 3929 5216 sincero

2261 5244 2515 5301 veritatis
2539 5261 2736 5301 amore
2757 5246 2939 5313 ducti,
2963 5245 3213 5301 libenter
3244 5248 3499 5303 fatemur
3529 5248 3587 5303 in
3622 5264 3713 5316 eo,
3738 5264 3926 5321 quem

2258 5333 2460 5390 laudat
2482 5334 2738 5403 Rivetus,
2762 5339 2987 5391 Hermas
3018 5334 3143 5391 loco
3167 5350 3281 5390 non
3314 5336 3387 5392 de
3416 5336 3789 5409 purgatorio,
3815 5336 3923 5395 sed

567 5586 612 5621 ‘9
640 5585 742 5641 lib.
775 5603 1017 5674 Iu,_cap.
1050 5589 1103 5643 9.
1147 5589 1356 5674 foul-ib.
1408 5604 1448 5643 n
1502 5587 1576 5670 De
1621 5589 1833 5674 pleni!“
1884 5603 2025 5674 qap,‘
2062 5586 2130 5641 10

2271 5586 2340 5641 l5.
2401 5585 2604 5674 fllib.‘
2646 5602 2727 5653 Ill,
2777 5586 3004 5674 similit.
3048 5589 3100 5642 8.
3165 5588 3525 5674 lib:_sup._
3555 5590 3655 5648 cit.
3689 5608 3829 5674 cap.
3864 5594 3922 5659 4,

493 5657 1068 5734 Num._1_txn_etx5§_iv.
1143 5660 1190 5734 ἐξ
1222 5660 1455 5734 librili,
1504 5657 1733 5734 similit.
1765 5660 1818 5713 8.
1897 5657 2068 5734 l5‘lib.
2114 5676 2157 5734 ξ)

2271 5675 2297 5714 e
2345 5657 2657 5713 administr.
2704 5661 2927 5731 paenit.,
2981 5676 3107 5733 cap.
3165 5662 3255 5719 28.
3334 5663 3378 5697 ⁵⁵
3410 5657 3547 5720 cr'u.
3580 5681 3690 5720 sae.
3724 5657 3837 5722 lib.
3877 5657 3913 5734 1,

493 5748 621 5806 cap.
654 5730 742 5787 12.
820 5731 863 5765 ⁸⁸
892 5730 1095 5788 Collat.
1132 5732 1219 5801 13,
1252 5748 1303 5790 c.
1338 5730 1445 5787 l2.
1500 5732 1542 5767 ⁸⁷
1573 5730 1671 5787 lib.
1711 5748 1771 5801 ιι,
1804 5731 2067 5787 mandat.
2101 5731 2157 5785 6.
