  <div class='ocr_page' id='page_1' title='image "/cluster/home/n/w/nwhite01/storage/ocr_20150623/2/hvd.32044073501421/436.png"; bbox 0 0 4086 6342; ppageno 0'>
   <div class='ocr_carea' id='block_1_1' title="bbox 220 436 341 505">
    <p class='ocr_par' dir='ltr' id='par_1_1' title="bbox 220 436 341 505">
     <span class='ocr_line' id='line_1_1' title="bbox 220 436 341 505; baseline -0.017 0"><span class='ocrx_word' id='word_1_1' title='bbox 220 436 341 505; x_wconf 71' lang='grc'>849</span> 
     </span>
    </p>
   </div>
   <div class='ocr_carea' id='block_1_2' title="bbox 1493 442 2382 507">
    <p class='ocr_par' dir='ltr' id='par_1_2' title="bbox 1493 442 2382 507">
     <span class='ocr_line' id='line_1_2' title="bbox 1493 442 2382 507; baseline 0.002 -3"><span class='ocrx_word' id='word_1_2' title='bbox 1493 442 1826 506; x_wconf 80' lang='lat' dir='ltr'>PASTOR.</span> <span class='ocrx_word' id='word_1_3' title='bbox 1861 474 1940 488; x_wconf 98' lang='lat'><strong>—</strong></span> <span class='ocrx_word' id='word_1_4' title='bbox 1966 443 2382 507; x_wconf 69' lang='grc' dir='ltr'>ΡΒΟΟΕΜΙΑ.</span> 
     </span>
    </p>
   </div>
   <div class='ocr_carea' id='block_1_3' title="bbox 3521 442 3641 507">
    <p class='ocr_par' dir='ltr' id='par_1_3' title="bbox 3521 442 3641 507">
     <span class='ocr_line' id='line_1_3' title="bbox 3521 442 3641 507; baseline -0.025 0"><span class='ocrx_word' id='word_1_5' title='bbox 3521 442 3641 507; x_wconf 85' lang='grc'>850</span> 
     </span>
    </p>
   </div>
   <div class='ocr_carea' id='block_1_4' title="bbox 220 572 3640 649">
    <p class='ocr_par' dir='ltr' id='par_1_4' title="bbox 220 572 3640 649">
     <span class='ocr_line' id='line_1_4' title="bbox 220 572 3640 649; baseline 0 -17"><span class='ocrx_word' id='word_1_6' title='bbox 220 575 291 632; x_wconf 84' lang='lat' dir='ltr'>de</span> <span class='ocrx_word' id='word_1_7' title='bbox 319 574 672 648; x_wconf 73' lang='lat' dir='ltr'>poenitentia</span> <span class='ocrx_word' id='word_1_8' title='bbox 699 575 760 631; x_wconf 91' lang='lat' dir='ltr'>in</span> <span class='ocrx_word' id='word_1_9' title='bbox 790 575 901 633; x_wconf 91' lang='lat' dir='ltr'>hoc</span> <span class='ocrx_word' id='word_1_10' title='bbox 918 574 1050 633; x_wconf 72' lang='lat' dir='ltr'>vitae</span> <span class='ocrx_word' id='word_1_11' title='bbox 1072 572 1247 632; x_wconf 87' lang='lat' dir='ltr'>cursu</span> <span class='ocrx_word' id='word_1_12' title='bbox 1269 576 1580 649; x_wconf 87' lang='lat' dir='ltr'>agenda,et</span> <span class='ocrx_word' id='word_1_13' title='bbox 1598 576 1669 631; x_wconf 89' lang='lat' dir='ltr'>de</span> <span class='ocrx_word' id='word_1_14' title='bbox 1690 575 1879 646; x_wconf 75' lang='lat' dir='ltr'>poenis</span> <span class='ocrx_word' id='word_1_15' title='bbox 1907 576 1961 644; x_wconf 78' lang='grc' dir='ltr'><strong>Α</strong></span> <span class='ocrx_word' id='word_1_16' title='bbox 1994 592 2124 632; x_wconf 89' lang='lat' dir='ltr'>rum</span> <span class='ocrx_word' id='word_1_17' title='bbox 2158 575 2535 633; x_wconf 79' lang='lat' dir='ltr'>constituitur</span> <span class='ocrx_word' id='word_1_18' title='bbox 2566 576 2958 644; x_wconf 89' lang='lat' dir='ltr'>naturam,hic</span> <span class='ocrx_word' id='word_1_19' title='bbox 2988 573 3189 649; x_wconf 87' lang='lat' dir='ltr'>procul</span> <span class='ocrx_word' id='word_1_20' title='bbox 3212 576 3392 633; x_wconf 86' lang='lat' dir='ltr'>dubio</span> <span class='ocrx_word' id='word_1_21' title='bbox 3422 576 3640 632; x_wconf 87' lang='lat' dir='ltr'>increa-</span> 
     </span>
    </p>
   </div>
   <div class='ocr_carea' id='block_1_5' title="bbox 220 665 1875 738">
    <p class='ocr_par' dir='ltr' id='par_1_5' title="bbox 220 665 1875 738">
     <span class='ocr_line' id='line_1_5' title="bbox 220 665 1875 738; baseline 0 -19"><span class='ocrx_word' id='word_1_22' title='bbox 220 680 342 736; x_wconf 77' lang='lat' dir='ltr'>quae</span> <span class='ocrx_word' id='word_1_23' title='bbox 374 665 580 721; x_wconf 89' lang='lat' dir='ltr'>eodem</span> <span class='ocrx_word' id='word_1_24' title='bbox 610 666 737 720; x_wconf 68' lang='lat' dir='ltr'>vitae</span> <span class='ocrx_word' id='word_1_25' title='bbox 757 669 1019 738; x_wconf 89' lang='lat' dir='ltr'>tempore</span> <span class='ocrx_word' id='word_1_26' title='bbox 1040 666 1379 721; x_wconf 90' lang='lat' dir='ltr'>hominibus</span> <span class='ocrx_word' id='word_1_27' title='bbox 1411 666 1482 721; x_wconf 93' lang='lat' dir='ltr'>ob</span> <span class='ocrx_word' id='word_1_28' title='bbox 1516 680 1714 721; x_wconf 89' lang='lat' dir='ltr'>eorum</span> <span class='ocrx_word' id='word_1_29' title='bbox 1740 681 1875 736; x_wconf 81' lang='lat' dir='ltr'>pec-</span> 
     </span>
    </p>
   </div>
   <div class='ocr_carea' id='block_1_6' title="bbox 220 753 1527 826">
    <p class='ocr_par' dir='ltr' id='par_1_6' title="bbox 220 753 1527 826">
     <span class='ocr_line' id='line_1_6' title="bbox 220 753 1527 826; baseline -0.001 -17"><span class='ocrx_word' id='word_1_30' title='bbox 220 759 350 809; x_wconf 86' lang='lat' dir='ltr'>cata</span> <span class='ocrx_word' id='word_1_31' title='bbox 379 753 750 826; x_wconf 83' lang='lat' dir='ltr'>inﬂiguntur,</span> <span class='ocrx_word' id='word_1_32' title='bbox 786 754 1244 825; x_wconf 84' lang='lat' dir='ltr'>disputationem</span> <span class='ocrx_word' id='word_1_33' title='bbox 1276 754 1527 809; x_wconf 81' lang='lat' dir='ltr'>institui.</span> 
     </span>
    </p>
   </div>
   <div class='ocr_carea' id='block_1_7' title="bbox 745 843 1345 900">
    <p class='ocr_par' dir='ltr' id='par_1_7' title="bbox 745 843 1345 900">
     <span class='ocr_line' id='line_1_7' title="bbox 745 843 1345 900; baseline 0.003 -3"><span class='ocrx_word' id='word_1_34' title='bbox 745 843 1141 900; x_wconf 81' lang='lat' dir='ltr'>ARTICULUS</span> <span class='ocrx_word' id='word_1_35' title='bbox 1181 843 1345 899; x_wconf 83' lang='lat' dir='ltr'><strong>XVII.</strong></span> 
     </span>
    </p>
   </div>
   <div class='ocr_carea' id='block_1_8' title="bbox 384 933 1709 989">
    <p class='ocr_par' dir='ltr' id='par_1_8' title="bbox 384 933 1709 989">
     <span class='ocr_line' id='line_1_8' title="bbox 384 933 1709 989; baseline 0 -2"><span class='ocrx_word' id='word_1_36' title='bbox 384 933 460 988; x_wconf 92' lang='lat' dir='ltr'>De</span> <span class='ocrx_word' id='word_1_37' title='bbox 486 933 662 989; x_wconf 85' lang='lat' dir='ltr'>variis</span> <span class='ocrx_word' id='word_1_38' title='bbox 692 933 1027 988; x_wconf 82' lang='lat' dir='ltr'>editionibus</span> <span class='ocrx_word' id='word_1_39' title='bbox 1056 938 1107 988; x_wconf 88' lang='lat' dir='ltr'>et</span> <span class='ocrx_word' id='word_1_40' title='bbox 1134 936 1278 989; x_wconf 89' lang='lat' dir='ltr'>notis</span> <span class='ocrx_word' id='word_1_41' title='bbox 1309 936 1370 987; x_wconf 88' lang='lat' dir='ltr'>in</span> <span class='ocrx_word' id='word_1_42' title='bbox 1399 933 1493 988; x_wconf 89' lang='lat' dir='ltr'>hos</span> <span class='ocrx_word' id='word_1_43' title='bbox 1525 933 1709 989; x_wconf 85' lang='lat' dir='ltr'>libros.</span> 
     </span>
    </p>
   </div>
   <div class='ocr_carea' id='block_1_9' title="bbox 285 1022 1875 1095">
    <p class='ocr_par' dir='ltr' id='par_1_9' title="bbox 285 1022 1875 1095">
     <span class='ocr_line' id='line_1_9' title="bbox 285 1022 1875 1095; baseline -0.001 -18"><span class='ocrx_word' id='word_1_44' title='bbox 285 1022 563 1085; x_wconf 82' lang='lat' dir='ltr'>Quamvis</span> <span class='ocrx_word' id='word_1_45' title='bbox 592 1022 651 1077; x_wconf 91' lang='lat' dir='ltr'>in</span> <span class='ocrx_word' id='word_1_46' title='bbox 688 1022 820 1078; x_wconf 82' lang='lat' dir='ltr'>libri</span> <span class='ocrx_word' id='word_1_47' title='bbox 856 1022 1054 1078; x_wconf 78' lang='lat' dir='ltr'>Graeco</span> <span class='ocrx_word' id='word_1_48' title='bbox 1086 1022 1365 1078; x_wconf 88' lang='lat' dir='ltr'>idiomate</span> <span class='ocrx_word' id='word_1_49' title='bbox 1396 1022 1740 1095; x_wconf 88' lang='lat' dir='ltr'>scriptijam</span> <span class='ocrx_word' id='word_1_50' title='bbox 1772 1023 1875 1078; x_wconf 90' lang='lat' dir='ltr'>du-</span> 
     </span>
    </p>
   </div>
   <div class='ocr_carea' id='block_1_10' title="bbox 210 1110 1869 1183">
    <p class='ocr_par' dir='ltr' id='par_1_10' title="bbox 210 1110 1869 1183">
     <span class='ocr_line' id='line_1_10' title="bbox 210 1110 1869 1183; baseline 0 -18"><span class='ocrx_word' id='word_1_51' title='bbox 210 1110 357 1166; x_wconf 84' lang='lat' dir='ltr'>dum</span> <span class='ocrx_word' id='word_1_52' title='bbox 414 1110 713 1183; x_wconf 90' lang='lat' dir='ltr'>perierint,</span> <span class='ocrx_word' id='word_1_53' title='bbox 774 1110 1013 1166; x_wconf 88' lang='lat' dir='ltr'>illorum</span> <span class='ocrx_word' id='word_1_54' title='bbox 1072 1116 1269 1166; x_wconf 90' lang='lat' dir='ltr'>tamen</span> <span class='ocrx_word' id='word_1_55' title='bbox 1314 1112 1549 1182; x_wconf 81' lang='lat' dir='ltr'>jactura</span> <span class='ocrx_word' id='word_1_56' title='bbox 1606 1111 1869 1166; x_wconf 88' lang='lat' dir='ltr'>resarciri</span> 
     </span>
    </p>
   </div>
   <div class='ocr_carea' id='block_1_11' title="bbox 210 1200 1871 1272">
    <p class='ocr_par' dir='ltr' id='par_1_11' title="bbox 210 1200 1871 1272">
     <span class='ocr_line' id='line_1_11' title="bbox 210 1200 1871 1272; baseline 0 -17"><span class='ocrx_word' id='word_1_57' title='bbox 210 1204 522 1272; x_wconf 82' lang='lat' dir='ltr'>utcunque</span> <span class='ocrx_word' id='word_1_58' title='bbox 551 1204 743 1272; x_wconf 83' lang='lat' dir='ltr'>potest</span> <span class='ocrx_word' id='word_1_59' title='bbox 771 1200 949 1256; x_wconf 88' lang='lat' dir='ltr'>variis</span> <span class='ocrx_word' id='word_1_60' title='bbox 978 1201 1320 1256; x_wconf 88' lang='lat' dir='ltr'>eorumdem</span> <span class='ocrx_word' id='word_1_61' title='bbox 1351 1200 1716 1272; x_wconf 82' lang='lat' dir='ltr'>fragmentis,</span> <span class='ocrx_word' id='word_1_62' title='bbox 1743 1218 1871 1272; x_wconf 65' lang='lat' dir='ltr'>quae</span> 
     </span>
    </p>
   </div>
   <div class='ocr_carea' id='block_1_12' title="bbox 211 1288 1869 1361">
    <p class='ocr_par' dir='ltr' id='par_1_12' title="bbox 211 1288 1869 1361">
     <span class='ocr_line' id='line_1_12' title="bbox 211 1288 1869 1361; baseline 0.001 -18"><span class='ocrx_word' id='word_1_63' title='bbox 211 1305 329 1345; x_wconf 94' lang='lat' dir='ltr'>non</span> <span class='ocrx_word' id='word_1_64' title='bbox 358 1288 530 1344; x_wconf 91' lang='lat' dir='ltr'>modo</span> <span class='ocrx_word' id='word_1_65' title='bbox 549 1289 607 1343; x_wconf 88' lang='lat' dir='ltr'>in</span> <span class='ocrx_word' id='word_1_66' title='bbox 632 1288 1181 1361; x_wconf 86' lang='lat' dir='ltr'>antiquissimorum</span> <span class='ocrx_word' id='word_1_67' title='bbox 1204 1289 1476 1345; x_wconf 72' lang='lat' dir='ltr'>Ecclesiae</span> <span class='ocrx_word' id='word_1_68' title='bbox 1517 1290 1755 1345; x_wconf 87' lang='lat' dir='ltr'>Patrum</span> <span class='ocrx_word' id='word_1_69' title='bbox 1780 1290 1869 1344; x_wconf 89' lang='lat' dir='ltr'>lu-</span> 
     </span>
    </p>
   </div>
   <div class='ocr_carea' id='block_1_13' title="bbox 210 1376 1868 1451">
    <p class='ocr_par' dir='ltr' id='par_1_13' title="bbox 210 1376 1868 1451">
     <span class='ocr_line' id='line_1_13' title="bbox 210 1376 1868 1451; baseline 0.001 -19"><span class='ocrx_word' id='word_1_70' title='bbox 210 1376 887 1444; x_wconf 87' lang='lat' dir='ltr'>cubrationibus,verum</span> <span class='ocrx_word' id='word_1_71' title='bbox 918 1378 1095 1432; x_wconf 90' lang='lat' dir='ltr'>etiam</span> <span class='ocrx_word' id='word_1_72' title='bbox 1126 1377 1187 1432; x_wconf 92' lang='lat' dir='ltr'>in</span> <span class='ocrx_word' id='word_1_73' title='bbox 1219 1377 1729 1450; x_wconf 87' lang='lat' dir='ltr'>pseudepigrapho</span> <span class='ocrx_word' id='word_1_74' title='bbox 1762 1395 1868 1451; x_wconf 89' lang='lat' dir='ltr'>po-</span> 
     </span>
    </p>
   </div>
   <div class='ocr_carea' id='block_1_14' title="bbox 209 1465 1869 1537">
    <p class='ocr_par' dir='ltr' id='par_1_14' title="bbox 209 1465 1869 1537">
     <span class='ocr_line' id='line_1_14' title="bbox 209 1465 1869 1537; baseline -0.001 -16"><span class='ocrx_word' id='word_1_75' title='bbox 209 1465 515 1521; x_wconf 86' lang='lat' dir='ltr'>tissimum</span> <span class='ocrx_word' id='word_1_76' title='bbox 561 1467 814 1536; x_wconf 89' lang='lat' dir='ltr'>quodam</span> <span class='ocrx_word' id='word_1_77' title='bbox 864 1466 1084 1537; x_wconf 87' lang='lat' dir='ltr'>libello,</span> <span class='ocrx_word' id='word_1_78' title='bbox 1118 1468 1176 1522; x_wconf 94' lang='lat' dir='ltr'>in</span> <span class='ocrx_word' id='word_1_79' title='bbox 1213 1468 1534 1523; x_wconf 88' lang='lat' dir='ltr'>novissima</span> <span class='ocrx_word' id='word_1_80' title='bbox 1566 1468 1869 1522; x_wconf 83' lang='lat' dir='ltr'>Athanasii</span> 
     </span>
    </p>
   </div>
   <div class='ocr_carea' id='block_1_15' title="bbox 209 1554 1867 1627">
    <p class='ocr_par' dir='ltr' id='par_1_15' title="bbox 209 1554 1867 1627">
     <span class='ocr_line' id='line_1_15' title="bbox 209 1554 1867 1627; baseline 0 -16"><span class='ocrx_word' id='word_1_81' title='bbox 209 1554 467 1627; x_wconf 88' lang='lat' dir='ltr'>Operum</span> <span class='ocrx_word' id='word_1_82' title='bbox 520 1554 773 1611; x_wconf 86' lang='lat' dir='ltr'>editione</span> <span class='ocrx_word' id='word_1_83' title='bbox 803 1572 836 1611; x_wconf 88' lang='lat' dir='ltr'>a</span> <span class='ocrx_word' id='word_1_84' title='bbox 867 1556 1086 1612; x_wconf 88' lang='lat' dir='ltr'>nostris</span> <span class='ocrx_word' id='word_1_85' title='bbox 1143 1556 1425 1612; x_wconf 89' lang='lat' dir='ltr'>adornata</span> <span class='ocrx_word' id='word_1_86' title='bbox 1455 1556 1519 1623; x_wconf 64' lang='lat'>5°,</span> <span class='ocrx_word' id='word_1_87' title='bbox 1553 1572 1741 1627; x_wconf 88' lang='lat' dir='ltr'>nuper</span> <span class='ocrx_word' id='word_1_88' title='bbox 1780 1557 1867 1611; x_wconf 87' lang='lat' dir='ltr'>di-</span> 
     </span>
    </p>
   </div>
   <div class='ocr_carea' id='block_1_16' title="bbox 206 1643 1869 1717">
    <p class='ocr_par' dir='ltr' id='par_1_16' title="bbox 206 1643 1869 1717">
     <span class='ocr_line' id='line_1_16' title="bbox 206 1643 1869 1717; baseline 0.001 -18"><span class='ocrx_word' id='word_1_89' title='bbox 206 1643 673 1716; x_wconf 75' lang='lat' dir='ltr'>vulgato,Gr:-.ece</span> <span class='ocrx_word' id='word_1_90' title='bbox 694 1644 1009 1717; x_wconf 87' lang='lat' dir='ltr'>Latineque</span> <span class='ocrx_word' id='word_1_91' title='bbox 1030 1644 1185 1701; x_wconf 88' lang='lat' dir='ltr'>edita</span> <span class='ocrx_word' id='word_1_92' title='bbox 1208 1644 1515 1700; x_wconf 88' lang='lat' dir='ltr'>habemus.</span> <span class='ocrx_word' id='word_1_93' title='bbox 1538 1644 1713 1717; x_wconf 81' lang='lat' dir='ltr'>Typis</span> <span class='ocrx_word' id='word_1_94' title='bbox 1734 1661 1869 1701; x_wconf 91' lang='lat' dir='ltr'>vero</span> 
     </span>
    </p>
   </div>
   <div class='ocr_carea' id='block_1_17' title="bbox 208 1732 1868 1790">
    <p class='ocr_par' dir='ltr' id='par_1_17' title="bbox 208 1732 1868 1790">
     <span class='ocr_line' id='line_1_17' title="bbox 208 1732 1868 1790; baseline 0 -2"><span class='ocrx_word' id='word_1_95' title='bbox 208 1734 498 1789; x_wconf 82' lang='lat' dir='ltr'>duntaxat</span> <span class='ocrx_word' id='word_1_96' title='bbox 549 1733 772 1790; x_wconf 86' lang='lat' dir='ltr'>Latinis</span> <span class='ocrx_word' id='word_1_97' title='bbox 802 1734 982 1789; x_wconf 89' lang='lat' dir='ltr'>iidem</span> <span class='ocrx_word' id='word_1_98' title='bbox 1028 1735 1250 1789; x_wconf 66' lang='lat' dir='ltr'>Hermas</span> <span class='ocrx_word' id='word_1_99' title='bbox 1284 1732 1417 1789; x_wconf 90' lang='lat' dir='ltr'>libri</span> <span class='ocrx_word' id='word_1_100' title='bbox 1447 1733 1586 1789; x_wconf 91' lang='lat' dir='ltr'>editi</span> <span class='ocrx_word' id='word_1_101' title='bbox 1639 1738 1780 1789; x_wconf 88' lang='lat' dir='ltr'>sunt</span> <span class='ocrx_word' id='word_1_102' title='bbox 1807 1734 1868 1789; x_wconf 91' lang='lat' dir='ltr'>in</span> 
     </span>
    </p>
   </div>
   <div class='ocr_carea' id='block_1_18' title="bbox 215 1821 1869 1895">
    <p class='ocr_par' dir='ltr' id='par_1_18' title="bbox 215 1821 1869 1895">
     <span class='ocr_line' id='line_1_18' title="bbox 215 1821 1869 1895; baseline 0 -17"><span class='ocrx_word' id='word_1_103' title='bbox 215 1821 767 1895; x_wconf 70' lang='lat' dir='ltr'>Orthodoxographia</span> <span class='ocrx_word' id='word_1_104' title='bbox 814 1828 871 1878; x_wconf 88' lang='lat' dir='ltr'>et</span> <span class='ocrx_word' id='word_1_105' title='bbox 919 1822 1334 1894; x_wconf 72' lang='lat' dir='ltr'>Hiereseologia,</span> <span class='ocrx_word' id='word_1_106' title='bbox 1368 1827 1541 1895; x_wconf 88' lang='lat' dir='ltr'>atque</span> <span class='ocrx_word' id='word_1_107' title='bbox 1580 1823 1638 1877; x_wconf 92' lang='lat' dir='ltr'>in</span> <span class='ocrx_word' id='word_1_108' title='bbox 1680 1823 1869 1878; x_wconf 89' lang='lat' dir='ltr'>omni-</span> 
     </span>
    </p>
   </div>
   <div class='ocr_carea' id='block_1_19' title="bbox 204 1911 1866 1984">
    <p class='ocr_par' dir='ltr' id='par_1_19' title="bbox 204 1911 1866 1984">
     <span class='ocr_line' id='line_1_19' title="bbox 204 1911 1866 1984; baseline 0.001 -18"><span class='ocrx_word' id='word_1_109' title='bbox 204 1911 321 1967; x_wconf 87' lang='lat' dir='ltr'>bus</span> <span class='ocrx_word' id='word_1_110' title='bbox 352 1915 694 1967; x_wconf 89' lang='lat' dir='ltr'>sanctorum</span> <span class='ocrx_word' id='word_1_111' title='bbox 728 1912 963 1967; x_wconf 86' lang='lat' dir='ltr'>Patrum</span> <span class='ocrx_word' id='word_1_112' title='bbox 995 1911 1396 1981; x_wconf 90' lang='lat' dir='ltr'>Bibliothecis,</span> <span class='ocrx_word' id='word_1_113' title='bbox 1428 1928 1534 1968; x_wconf 91' lang='lat' dir='ltr'>nec</span> <span class='ocrx_word' id='word_1_114' title='bbox 1564 1929 1680 1968; x_wconf 91' lang='lat' dir='ltr'>non</span> <span class='ocrx_word' id='word_1_115' title='bbox 1713 1913 1866 1984; x_wconf 89' lang='lat' dir='ltr'>apud</span> 
     </span>
    </p>
   </div>
   <div class='ocr_carea' id='block_1_20' title="bbox 201 1998 1866 2073">
    <p class='ocr_par' dir='ltr' id='par_1_20' title="bbox 201 1998 1866 2073">
     <span class='ocr_line' id='line_1_20' title="bbox 201 1998 1866 2073; baseline 0 -18"><span class='ocrx_word' id='word_1_116' title='bbox 201 1998 557 2055; x_wconf 85' lang='lat' dir='ltr'>Gotelerium</span> <span class='ocrx_word' id='word_1_117' title='bbox 590 2000 742 2056; x_wconf 90' lang='lat' dir='ltr'>inter</span> <span class='ocrx_word' id='word_1_118' title='bbox 762 2000 949 2073; x_wconf 88' lang='lat' dir='ltr'>Opera</span> <span class='ocrx_word' id='word_1_119' title='bbox 978 2003 1315 2056; x_wconf 90' lang='lat' dir='ltr'>sanctorum</span> <span class='ocrx_word' id='word_1_120' title='bbox 1340 2001 1577 2056; x_wconf 87' lang='lat' dir='ltr'>Patrum</span> <span class='ocrx_word' id='word_1_121' title='bbox 1608 2002 1704 2072; x_wconf 89' lang='lat' dir='ltr'>qui</span> <span class='ocrx_word' id='word_1_122' title='bbox 1733 2008 1866 2056; x_wconf 90' lang='lat' dir='ltr'>tem-</span> 
     </span>
    </p>
   </div>
   <div class='ocr_carea' id='block_1_21' title="bbox 201 2089 1864 2161">
    <p class='ocr_par' dir='ltr' id='par_1_21' title="bbox 201 2089 1864 2161">
     <span class='ocr_line' id='line_1_21' title="bbox 201 2089 1864 2161; baseline -0.001 -16"><span class='ocrx_word' id='word_1_123' title='bbox 201 2089 431 2161; x_wconf 86' lang='lat' dir='ltr'>poribus</span> <span class='ocrx_word' id='word_1_124' title='bbox 460 2090 773 2161; x_wconf 73' lang='lat' dir='ltr'>apostolicis</span> <span class='ocrx_word' id='word_1_125' title='bbox 801 2089 1419 2160; x_wconf 86' lang='lat' dir='ltr'>ﬂoruerunt.Privatim</span> <span class='ocrx_word' id='word_1_126' title='bbox 1447 2093 1643 2145; x_wconf 88' lang='lat' dir='ltr'>autem</span> <span class='ocrx_word' id='word_1_127' title='bbox 1667 2089 1864 2145; x_wconf 85' lang='lat' dir='ltr'>excusi</span> 
     </span>
    </p>
   </div>
   <div class='ocr_carea' id='block_1_22' title="bbox 206 2177 1865 2250">
    <p class='ocr_par' dir='ltr' id='par_1_22' title="bbox 206 2177 1865 2250">
     <span class='ocr_line' id='line_1_22' title="bbox 206 2177 1865 2250; baseline 0 -17"><span class='ocrx_word' id='word_1_128' title='bbox 206 2182 372 2245; x_wconf 89' lang='lat' dir='ltr'>sunt,</span> <span class='ocrx_word' id='word_1_129' title='bbox 404 2182 644 2234; x_wconf 87' lang='lat' dir='ltr'>curante</span> <span class='ocrx_word' id='word_1_130' title='bbox 689 2179 896 2250; x_wconf 87' lang='lat' dir='ltr'>Fabro,</span> <span class='ocrx_word' id='word_1_131' title='bbox 926 2178 1168 2233; x_wconf 87' lang='lat' dir='ltr'>Parisiis</span> <span class='ocrx_word' id='word_1_132' title='bbox 1199 2178 1353 2248; x_wconf 87' lang='lat' dir='ltr'>apud</span> <span class='ocrx_word' id='word_1_133' title='bbox 1394 2177 1707 2233; x_wconf 85' lang='lat' dir='ltr'>Henricum</span> <span class='ocrx_word' id='word_1_134' title='bbox 1738 2178 1865 2233; x_wconf 90' lang='lat' dir='ltr'>Ste-</span> 
     </span>
    </p>
   </div>
   <div class='ocr_carea' id='block_1_23' title="bbox 206 2266 1865 2339">
    <p class='ocr_par' dir='ltr' id='par_1_23' title="bbox 206 2266 1865 2339">
     <span class='ocr_line' id='line_1_23' title="bbox 206 2266 1865 2339; baseline -0.001 -17"><span class='ocrx_word' id='word_1_135' title='bbox 206 2267 479 2339; x_wconf 89' lang='lat' dir='ltr'>phanum</span> <span class='ocrx_word' id='word_1_136' title='bbox 510 2284 663 2324; x_wconf 91' lang='lat' dir='ltr'>anno</span> <span class='ocrx_word' id='word_1_137' title='bbox 698 2270 855 2339; x_wconf 84' lang='grc'>1513,</span> <span class='ocrx_word' id='word_1_138' title='bbox 890 2273 1067 2339; x_wconf 88' lang='lat' dir='ltr'>atque</span> <span class='ocrx_word' id='word_1_139' title='bbox 1099 2286 1132 2323; x_wconf 91' lang='lat' dir='ltr'>a</span> <span class='ocrx_word' id='word_1_140' title='bbox 1159 2266 1397 2323; x_wconf 89' lang='lat' dir='ltr'>Nicolao</span> <span class='ocrx_word' id='word_1_141' title='bbox 1440 2267 1727 2337; x_wconf 89' lang='lat' dir='ltr'>Herbelio,</span> <span class='ocrx_word' id='word_1_142' title='bbox 1760 2269 1865 2322; x_wconf 87' lang='lat' dir='ltr'>Ar-</span> 
     </span>
    </p>
   </div>
   <div class='ocr_carea' id='block_1_24' title="bbox 202 2356 1865 2428">
    <p class='ocr_par' dir='ltr' id='par_1_24' title="bbox 202 2356 1865 2428">
     <span class='ocr_line' id='line_1_24' title="bbox 202 2356 1865 2428; baseline -0.001 -16"><span class='ocrx_word' id='word_1_143' title='bbox 202 2356 518 2428; x_wconf 85' lang='lat' dir='ltr'>gentorati,</span> <span class='ocrx_word' id='word_1_144' title='bbox 552 2373 706 2413; x_wconf 91' lang='lat' dir='ltr'>anno</span> <span class='ocrx_word' id='word_1_145' title='bbox 760 2358 900 2412; x_wconf 80' lang='lat'>1522</span> <span class='ocrx_word' id='word_1_146' title='bbox 926 2375 941 2425; x_wconf 88' lang='lat'><strong>;</strong></span> <span class='ocrx_word' id='word_1_147' title='bbox 973 2356 1182 2413; x_wconf 89' lang='lat' dir='ltr'>deinde</span> <span class='ocrx_word' id='word_1_148' title='bbox 1211 2358 1368 2412; x_wconf 90' lang='lat' dir='ltr'>curis</span> <span class='ocrx_word' id='word_1_149' title='bbox 1421 2356 1698 2428; x_wconf 85' lang='lat' dir='ltr'>Gasparis</span> <span class='ocrx_word' id='word_1_150' title='bbox 1730 2362 1865 2413; x_wconf 90' lang='lat' dir='ltr'>Bar—</span> 
     </span>
    </p>
   </div>
   <div class='ocr_carea' id='block_1_25' title="bbox 201 2445 1863 2518">
    <p class='ocr_par' dir='ltr' id='par_1_25' title="bbox 201 2445 1863 2518">
     <span class='ocr_line' id='line_1_25' title="bbox 201 2445 1863 2518; baseline 0 -18"><span class='ocrx_word' id='word_1_151' title='bbox 201 2445 337 2513; x_wconf 85' lang='lat' dir='ltr'>thii,</span> <span class='ocrx_word' id='word_1_152' title='bbox 373 2446 635 2518; x_wconf 76' lang='lat' dir='ltr'>Cygneae,</span> <span class='ocrx_word' id='word_1_153' title='bbox 668 2462 823 2503; x_wconf 89' lang='lat' dir='ltr'>anno</span> <span class='ocrx_word' id='word_1_154' title='bbox 872 2447 1033 2517; x_wconf 89' lang='grc'>1655,</span> <span class='ocrx_word' id='word_1_155' title='bbox 1065 2445 1364 2518; x_wconf 88' lang='lat' dir='ltr'>publicam</span> <span class='ocrx_word' id='word_1_156' title='bbox 1414 2445 1759 2518; x_wconf 88' lang='lat' dir='ltr'>prodierunt</span> <span class='ocrx_word' id='word_1_157' title='bbox 1804 2446 1863 2500; x_wconf 92' lang='lat' dir='ltr'>in</span> 
     </span>
    </p>
   </div>
   <div class='ocr_carea' id='block_1_26' title="bbox 206 2534 425 2591">
    <p class='ocr_par' dir='ltr' id='par_1_26' title="bbox 206 2534 425 2591">
     <span class='ocr_line' id='line_1_26' title="bbox 206 2534 425 2591; baseline 0.005 -1"><span class='ocrx_word' id='word_1_158' title='bbox 206 2534 425 2591; x_wconf 88' lang='lat' dir='ltr'>lucem.</span> 
     </span>
    </p>
   </div>
   <div class='ocr_carea' id='block_1_27' title="bbox 272 2623 1861 2681">
    <p class='ocr_par' dir='ltr' id='par_1_27' title="bbox 272 2623 1861 2681">
     <span class='ocr_line' id='line_1_27' title="bbox 272 2623 1861 2681; baseline -0.001 -1"><span class='ocrx_word' id='word_1_159' title='bbox 272 2623 549 2680; x_wconf 86' lang='lat' dir='ltr'>Barthius</span> <span class='ocrx_word' id='word_1_160' title='bbox 601 2641 736 2680; x_wconf 90' lang='lat' dir='ltr'>vero</span> <span class='ocrx_word' id='word_1_161' title='bbox 768 2624 1306 2681; x_wconf 87' lang='lat' dir='ltr'>animadversiones</span> <span class='ocrx_word' id='word_1_162' title='bbox 1340 2625 1399 2680; x_wconf 94' lang='lat' dir='ltr'>in</span> <span class='ocrx_word' id='word_1_163' title='bbox 1446 2624 1605 2680; x_wconf 90' lang='lat' dir='ltr'>hunc</span> <span class='ocrx_word' id='word_1_164' title='bbox 1643 2624 1861 2680; x_wconf 90' lang='lat' dir='ltr'>librum</span> 
     </span>
    </p>
   </div>
   <div class='ocr_carea' id='block_1_28' title="bbox 200 2713 1862 2779">
    <p class='ocr_par' dir='ltr' id='par_1_28' title="bbox 200 2713 1862 2779">
     <span class='ocr_line' id='line_1_28' title="bbox 200 2713 1862 2779; baseline -0.001 -10"><span class='ocrx_word' id='word_1_165' title='bbox 200 2713 409 2779; x_wconf 83' lang='lat' dir='ltr'>edidit,</span> <span class='ocrx_word' id='word_1_166' title='bbox 440 2716 542 2769; x_wconf 89' lang='lat' dir='ltr'>sed</span> <span class='ocrx_word' id='word_1_167' title='bbox 590 2713 689 2770; x_wconf 89' lang='lat' dir='ltr'>ille</span> <span class='ocrx_word' id='word_1_168' title='bbox 737 2730 855 2769; x_wconf 91' lang='lat' dir='ltr'>non</span> <span class='ocrx_word' id='word_1_169' title='bbox 900 2714 1194 2771; x_wconf 89' lang='lat' dir='ltr'>immerito</span> <span class='ocrx_word' id='word_1_170' title='bbox 1227 2732 1261 2771; x_wconf 90' lang='lat' dir='ltr'>a</span> <span class='ocrx_word' id='word_1_171' title='bbox 1298 2713 1580 2770; x_wconf 89' lang='lat' dir='ltr'>Cotelerio</span> <span class='ocrx_word' id='word_1_172' title='bbox 1634 2716 1862 2769; x_wconf 87' lang='lat' dir='ltr'>criticus</span> 
     </span>
    </p>
   </div>
   <div class='ocr_carea' id='block_1_29' title="bbox 198 2803 1861 2872">
    <p class='ocr_par' dir='ltr' id='par_1_29' title="bbox 198 2803 1861 2872">
     <span class='ocr_line' id='line_1_29' title="bbox 198 2803 1861 2872; baseline 0.001 -15"><span class='ocrx_word' id='word_1_173' title='bbox 198 2804 485 2858; x_wconf 84' lang='lat' dir='ltr'>minorum</span> <span class='ocrx_word' id='word_1_174' title='bbox 527 2806 776 2872; x_wconf 84' lang='lat' dir='ltr'>gentium</span> <span class='ocrx_word' id='word_1_175' title='bbox 802 2808 1063 2859; x_wconf 89' lang='lat' dir='ltr'>vocatur.</span> <span class='ocrx_word' id='word_1_176' title='bbox 1108 2804 1178 2858; x_wconf 87' lang='lat' dir='ltr'>Et</span> <span class='ocrx_word' id='word_1_177' title='bbox 1226 2807 1380 2859; x_wconf 90' lang='lat' dir='ltr'>certe</span> <span class='ocrx_word' id='word_1_178' title='bbox 1422 2803 1861 2859; x_wconf 88' lang='lat' dir='ltr'>observationes</span> 
     </span>
    </p>
   </div>
   <div class='ocr_carea' id='block_1_30' title="bbox 199 2891 1862 2965">
    <p class='ocr_par' dir='ltr' id='par_1_30' title="bbox 199 2891 1862 2965">
     <span class='ocr_line' id='line_1_30' title="bbox 199 2891 1862 2965; baseline 0.001 -18"><span class='ocrx_word' id='word_1_179' title='bbox 199 2894 335 2963; x_wconf 85' lang='lat' dir='ltr'>ejus</span> <span class='ocrx_word' id='word_1_180' title='bbox 365 2908 572 2964; x_wconf 88' lang='lat' dir='ltr'>parum</span> <span class='ocrx_word' id='word_1_181' title='bbox 622 2893 811 2965; x_wconf 78' lang='lat' dir='ltr'>dignae</span> <span class='ocrx_word' id='word_1_182' title='bbox 857 2897 1017 2959; x_wconf 88' lang='lat' dir='ltr'>sunt,</span> <span class='ocrx_word' id='word_1_183' title='bbox 1052 2893 1268 2959; x_wconf 86' lang='lat' dir='ltr'>quibus</span> <span class='ocrx_word' id='word_1_184' title='bbox 1316 2891 1579 2965; x_wconf 82' lang='lat' dir='ltr'>legendis</span> <span class='ocrx_word' id='word_1_185' title='bbox 1626 2896 1862 2963; x_wconf 90' lang='lat' dir='ltr'>tempus</span> 
     </span>
    </p>
   </div>
   <div class='ocr_carea' id='block_1_31' title="bbox 200 2979 1861 3053">
    <p class='ocr_par' dir='ltr' id='par_1_31' title="bbox 200 2979 1861 3053">
     <span class='ocr_line' id='line_1_31' title="bbox 200 2979 1861 3053; baseline 0 -16"><span class='ocrx_word' id='word_1_186' title='bbox 200 2979 420 3051; x_wconf 85' lang='lat' dir='ltr'>aliquis</span> <span class='ocrx_word' id='word_1_187' title='bbox 449 2981 889 3053; x_wconf 90' lang='lat' dir='ltr'>impendat.Sed</span> <span class='ocrx_word' id='word_1_188' title='bbox 911 2981 1146 3038; x_wconf 87' lang='lat' dir='ltr'>lectoris</span> <span class='ocrx_word' id='word_1_189' title='bbox 1168 2982 1485 3037; x_wconf 84' lang='lat' dir='ltr'>attentione</span> <span class='ocrx_word' id='word_1_190' title='bbox 1510 2998 1642 3037; x_wconf 88' lang='lat' dir='ltr'>vere</span> <span class='ocrx_word' id='word_1_191' title='bbox 1671 2981 1861 3052; x_wconf 69' lang='lat' dir='ltr'>dignae</span> 
     </span>
    </p>
   </div>
   <div class='ocr_carea' id='block_1_32' title="bbox 201 3070 1861 3141">
    <p class='ocr_par' dir='ltr' id='par_1_32' title="bbox 201 3070 1861 3141">
     <span class='ocr_line' id='line_1_32' title="bbox 201 3070 1861 3141; baseline 0 -16"><span class='ocrx_word' id='word_1_192' title='bbox 201 3074 346 3125; x_wconf 83' lang='lat' dir='ltr'>sunt</span> <span class='ocrx_word' id='word_1_193' title='bbox 377 3070 563 3141; x_wconf 87' lang='lat' dir='ltr'>ipsius</span> <span class='ocrx_word' id='word_1_194' title='bbox 595 3070 863 3126; x_wconf 86' lang='lat' dir='ltr'>Cotelerii</span> <span class='ocrx_word' id='word_1_195' title='bbox 894 3070 1503 3139; x_wconf 87' lang='lat' dir='ltr'>adnotationes,varia</span> <span class='ocrx_word' id='word_1_196' title='bbox 1532 3070 1861 3125; x_wconf 86' lang='lat' dir='ltr'>eruditione</span> 
     </span>
    </p>
   </div>
   <div class='ocr_carea' id='block_1_33' title="bbox 201 3157 1863 3225">
    <p class='ocr_par' dir='ltr' id='par_1_33' title="bbox 201 3157 1863 3225">
     <span class='ocr_line' id='line_1_33' title="bbox 201 3157 1863 3225; baseline -0.002 -11"><span class='ocrx_word' id='word_1_197' title='bbox 201 3164 263 3214; x_wconf 90' lang='lat' dir='ltr'>et</span> <span class='ocrx_word' id='word_1_198' title='bbox 294 3158 565 3213; x_wconf 87' lang='lat' dir='ltr'>doctrina</span> <span class='ocrx_word' id='word_1_199' title='bbox 610 3160 853 3214; x_wconf 65' lang='lat' dir='ltr'>refertas.</span> <span class='ocrx_word' id='word_1_200' title='bbox 889 3160 1165 3225; x_wconf 75' lang='lat' dir='ltr'>Quaedam</span> <span class='ocrx_word' id='word_1_201' title='bbox 1213 3162 1412 3215; x_wconf 85' lang='lat' dir='ltr'>tamen</span> <span class='ocrx_word' id='word_1_202' title='bbox 1445 3157 1691 3213; x_wconf 83' lang='lat' dir='ltr'>minoris</span> <span class='ocrx_word' id='word_1_203' title='bbox 1722 3162 1863 3213; x_wconf 90' lang='lat' dir='ltr'>sunt</span> 
     </span>
    </p>
   </div>
   <div class='ocr_carea' id='block_1_34' title="bbox 200 3246 1858 3320">
    <p class='ocr_par' dir='ltr' id='par_1_34' title="bbox 200 3246 1858 3320">
     <span class='ocr_line' id='line_1_34' title="bbox 200 3246 1858 3320; baseline -0.001 -17"><span class='ocrx_word' id='word_1_204' title='bbox 200 3246 834 3319; x_wconf 86' lang='lat' dir='ltr'>utilitatis,parumque</span> <span class='ocrx_word' id='word_1_205' title='bbox 867 3250 937 3304; x_wconf 91' lang='lat' dir='ltr'>ad</span> <span class='ocrx_word' id='word_1_206' title='bbox 972 3250 1246 3305; x_wconf 88' lang='lat' dir='ltr'>Hermam</span> <span class='ocrx_word' id='word_1_207' title='bbox 1278 3252 1677 3320; x_wconf 87' lang='lat' dir='ltr'>spectant,nec</span> <span class='ocrx_word' id='word_1_208' title='bbox 1708 3246 1858 3302; x_wconf 90' lang='lat' dir='ltr'>mul-</span> 
     </span>
    </p>
   </div>
   <div class='ocr_carea' id='block_1_35' title="bbox 200 3335 1741 3409">
    <p class='ocr_par' dir='ltr' id='par_1_35' title="bbox 200 3335 1741 3409">
     <span class='ocr_line' id='line_1_35' title="bbox 200 3335 1741 3409; baseline -0.001 -18"><span class='ocrx_word' id='word_1_209' title='bbox 200 3341 330 3391; x_wconf 88' lang='lat' dir='ltr'>tum</span> <span class='ocrx_word' id='word_1_210' title='bbox 363 3337 435 3391; x_wconf 86' lang='lat' dir='ltr'>ad</span> <span class='ocrx_word' id='word_1_211' title='bbox 470 3335 633 3392; x_wconf 88' lang='lat' dir='ltr'>illius</span> <span class='ocrx_word' id='word_1_212' title='bbox 662 3340 858 3392; x_wconf 84' lang='lat' dir='ltr'>textus</span> <span class='ocrx_word' id='word_1_213' title='bbox 889 3336 1355 3409; x_wconf 83' lang='lat' dir='ltr'>explanationem</span> <span class='ocrx_word' id='word_1_214' title='bbox 1388 3336 1741 3392; x_wconf 90' lang='lat' dir='ltr'>conducunt.</span> 
     </span>
    </p>
   </div>
   <div class='ocr_carea' id='block_1_36' title="bbox 715 3442 1344 3498">
    <p class='ocr_par' dir='ltr' id='par_1_36' title="bbox 715 3442 1344 3498">
     <span class='ocr_line' id='line_1_36' title="bbox 715 3442 1344 3498; baseline 0.002 -3"><span class='ocrx_word' id='word_1_215' title='bbox 715 3442 1109 3498; x_wconf 80' lang='lat' dir='ltr'>ARTICULUS</span> <span class='ocrx_word' id='word_1_216' title='bbox 1148 3442 1344 3497; x_wconf 82' lang='lat' dir='ltr'>XVIII.</span> 
     </span>
    </p>
   </div>
   <div class='ocr_carea' id='block_1_37' title="bbox 231 3530 1824 3603">
    <p class='ocr_par' dir='ltr' id='par_1_37' title="bbox 231 3530 1824 3603">
     <span class='ocr_line' id='line_1_37' title="bbox 231 3530 1824 3603; baseline -0.002 -15"><span class='ocrx_word' id='word_1_217' title='bbox 231 3532 401 3590; x_wconf 51' lang='lat' dir='ltr'>Nova</span> <span class='ocrx_word' id='word_1_218' title='bbox 430 3533 859 3596; x_wconf 76' lang='lat' dir='ltr'>observationes,</span> <span class='ocrx_word' id='word_1_219' title='bbox 893 3548 957 3586; x_wconf 86' lang='lat' dir='ltr'>ac</span> <span class='ocrx_word' id='word_1_220' title='bbox 982 3534 1165 3603; x_wconf 88' lang='lat' dir='ltr'>primo</span> <span class='ocrx_word' id='word_1_221' title='bbox 1213 3530 1278 3586; x_wconf 87' lang='lat' dir='ltr'>de</span> <span class='ocrx_word' id='word_1_222' title='bbox 1305 3532 1515 3589; x_wconf 79' lang='lat' dir='ltr'>Christi</span> <span class='ocrx_word' id='word_1_223' title='bbox 1541 3533 1824 3602; x_wconf 78' lang='lat' dir='ltr'>sanctique</span> 
     </span>
    </p>
   </div>
   <div class='ocr_carea' id='block_1_38' title="bbox 738 3604 1321 3673">
    <p class='ocr_par' dir='ltr' id='par_1_38' title="bbox 738 3604 1321 3673">
     <span class='ocr_line' id='line_1_38' title="bbox 738 3604 1321 3673; baseline -0.002 -15"><span class='ocrx_word' id='word_1_224' title='bbox 738 3604 980 3673; x_wconf 81' lang='lat' dir='ltr'>Spiritus</span> <span class='ocrx_word' id='word_1_225' title='bbox 1018 3604 1321 3659; x_wconf 78' lang='lat' dir='ltr'>divinitate.</span> 
     </span>
    </p>
   </div>
   <div class='ocr_carea' id='block_1_39' title="bbox 270 3692 1861 3763">
    <p class='ocr_par' dir='ltr' id='par_1_39' title="bbox 270 3692 1861 3763">
     <span class='ocr_line' id='line_1_39' title="bbox 270 3692 1861 3763; baseline -0.003 -14"><span class='ocrx_word' id='word_1_226' title='bbox 270 3694 460 3758; x_wconf 90' lang='lat' dir='ltr'>Quam</span> <span class='ocrx_word' id='word_1_227' title='bbox 495 3709 639 3749; x_wconf 89' lang='lat' dir='ltr'>sana</span> <span class='ocrx_word' id='word_1_228' title='bbox 670 3697 726 3749; x_wconf 91' lang='lat' dir='ltr'>et</span> <span class='ocrx_word' id='word_1_229' title='bbox 752 3694 824 3748; x_wconf 91' lang='lat' dir='ltr'>ab</span> <span class='ocrx_word' id='word_1_230' title='bbox 856 3692 1017 3747; x_wconf 90' lang='lat' dir='ltr'>omni</span> <span class='ocrx_word' id='word_1_231' title='bbox 1049 3692 1264 3747; x_wconf 89' lang='lat' dir='ltr'>erroris</span> <span class='ocrx_word' id='word_1_232' title='bbox 1313 3692 1647 3763; x_wconf 88' lang='lat' dir='ltr'>suspicione</span> <span class='ocrx_word' id='word_1_233' title='bbox 1677 3707 1861 3746; x_wconf 92' lang='lat' dir='ltr'>vacua</span> 
     </span>
    </p>
   </div>
   <div class='ocr_carea' id='block_1_40' title="bbox 196 3779 1861 3853">
    <p class='ocr_par' dir='ltr' id='par_1_40' title="bbox 196 3779 1861 3853">
     <span class='ocr_line' id='line_1_40' title="bbox 196 3779 1861 3853; baseline -0.002 -17"><span class='ocrx_word' id='word_1_234' title='bbox 196 3786 257 3836; x_wconf 87' lang='lat' dir='ltr'>et</span> <span class='ocrx_word' id='word_1_235' title='bbox 288 3796 440 3853; x_wconf 89' lang='lat' dir='ltr'>pura</span> <span class='ocrx_word' id='word_1_236' title='bbox 469 3781 646 3837; x_wconf 77' lang='lat' dir='ltr'>fuerit</span> <span class='ocrx_word' id='word_1_237' title='bbox 667 3781 890 3836; x_wconf 76' lang='lat' dir='ltr'>Hermae</span> <span class='ocrx_word' id='word_1_238' title='bbox 917 3782 987 3836; x_wconf 90' lang='lat' dir='ltr'>de</span> <span class='ocrx_word' id='word_1_239' title='bbox 1023 3797 1301 3852; x_wconf 89' lang='lat' dir='ltr'>suprema</span> <span class='ocrx_word' id='word_1_240' title='bbox 1320 3779 1535 3835; x_wconf 85' lang='lat' dir='ltr'>Christi</span> <span class='ocrx_word' id='word_1_241' title='bbox 1559 3779 1861 3834; x_wconf 87' lang='lat' dir='ltr'>divinitate</span> 
     </span>
    </p>
   </div>
   <div class='ocr_carea' id='block_1_41' title="bbox 198 3868 1863 3937">
    <p class='ocr_par' dir='ltr' id='par_1_41' title="bbox 198 3868 1863 3937">
     <span class='ocr_line' id='line_1_41' title="bbox 198 3868 1863 3937; baseline -0.002 -11"><span class='ocrx_word' id='word_1_242' title='bbox 198 3871 520 3935; x_wconf 85' lang='lat' dir='ltr'>sententia,</span> <span class='ocrx_word' id='word_1_243' title='bbox 551 3870 645 3925; x_wconf 90' lang='lat' dir='ltr'>his</span> <span class='ocrx_word' id='word_1_244' title='bbox 675 3870 967 3937; x_wconf 88' lang='lat' dir='ltr'>Petavius,</span> <span class='ocrx_word' id='word_1_245' title='bbox 1000 3869 1235 3925; x_wconf 89' lang='lat' dir='ltr'>tametsi</span> <span class='ocrx_word' id='word_1_246' title='bbox 1268 3868 1412 3925; x_wconf 87' lang='lat' dir='ltr'>alias</span> <span class='ocrx_word' id='word_1_247' title='bbox 1445 3868 1863 3924; x_wconf 62' lang='lat' dir='ltr'>Ante-Nicanis</span> 
     </span>
    </p>
   </div>
   <div class='ocr_carea' id='block_1_42' title="bbox 198 3957 1866 4030">
    <p class='ocr_par' dir='ltr' id='par_1_42' title="bbox 198 3957 1866 4030">
     <span class='ocr_line' id='line_1_42' title="bbox 198 3957 1866 4030; baseline -0.002 -16"><span class='ocrx_word' id='word_1_248' title='bbox 198 3959 481 4015; x_wconf 88' lang='lat' dir='ltr'>Patribus</span> <span class='ocrx_word' id='word_1_249' title='bbox 514 3975 721 4030; x_wconf 86' lang='lat' dir='ltr'>parum</span> <span class='ocrx_word' id='word_1_250' title='bbox 755 3959 967 4014; x_wconf 87' lang='lat' dir='ltr'>favisse</span> <span class='ocrx_word' id='word_1_251' title='bbox 996 3957 1283 4024; x_wconf 90' lang='lat' dir='ltr'>videatur,</span> <span class='ocrx_word' id='word_1_252' title='bbox 1308 3958 1500 4013; x_wconf 88' lang='lat' dir='ltr'>verbis</span> <span class='ocrx_word' id='word_1_253' title='bbox 1532 3959 1746 4012; x_wconf 88' lang='lat' dir='ltr'>diserte</span> <span class='ocrx_word' id='word_1_254' title='bbox 1775 3973 1866 4011; x_wconf 86' lang='lat' dir='ltr'>ex-</span> 
     </span>
    </p>
   </div>
   <div class='ocr_carea' id='block_1_43' title="bbox 201 4046 1863 4121">
    <p class='ocr_par' dir='ltr' id='par_1_43' title="bbox 201 4046 1863 4121">
     <span class='ocr_line' id='line_1_43' title="bbox 201 4046 1863 4121; baseline -0.001 -18"><span class='ocrx_word' id='word_1_255' title='bbox 201 4048 391 4121; x_wconf 89' lang='lat' dir='ltr'>plicat</span> <span class='ocrx_word' id='word_1_256' title='bbox 419 4049 465 4083; x_wconf 80' lang='lat'><strong>&quot;</strong></span> <span class='ocrx_word' id='word_1_257' title='bbox 500 4064 513 4103; x_wconf 92' lang='lat'><strong>:</strong></span> <span class='ocrx_word' id='word_1_258' title='bbox 544 4048 622 4103; x_wconf 83' lang='lat' dir='ltr'>Ab</span> <span class='ocrx_word' id='word_1_259' title='bbox 650 4049 1057 4114; x_wconf 81' lang='lat' dir='ltr'>vetustissimis,</span> <span class='ocrx_word' id='word_1_260' title='bbox 1088 4046 1302 4118; x_wconf 88' lang='lat' dir='ltr'>inquit,</span> <span class='ocrx_word' id='word_1_261' title='bbox 1335 4048 1606 4102; x_wconf 83' lang='lat' dir='ltr'>laudatur</span> <span class='ocrx_word' id='word_1_262' title='bbox 1633 4048 1863 4117; x_wconf 86' lang='lat' dir='ltr'>scripto-</span> 
     </span>
    </p>
   </div>
   <div class='ocr_carea' id='block_1_44' title="bbox 202 4134 1863 4206">
    <p class='ocr_par' dir='ltr' id='par_1_44' title="bbox 202 4134 1863 4206">
     <span class='ocr_line' id='line_1_44' title="bbox 202 4134 1863 4206; baseline -0.002 -14"><span class='ocrx_word' id='word_1_263' title='bbox 202 4139 454 4192; x_wconf 88' lang='lat' dir='ltr'>ribus....</span> <span class='ocrx_word' id='word_1_264' title='bbox 488 4153 588 4192; x_wconf 87' lang='lat' dir='ltr'>nec</span> <span class='ocrx_word' id='word_1_265' title='bbox 614 4139 683 4191; x_wconf 88' lang='lat' dir='ltr'>ab</span> <span class='ocrx_word' id='word_1_266' title='bbox 713 4137 825 4192; x_wconf 88' lang='lat' dir='ltr'>ullo</span> <span class='ocrx_word' id='word_1_267' title='bbox 856 4136 1079 4191; x_wconf 78' lang='lat' dir='ltr'>haeresis</span> <span class='ocrx_word' id='word_1_268' title='bbox 1107 4136 1326 4206; x_wconf 76' lang='lat' dir='ltr'>falsive,</span> <span class='ocrx_word' id='word_1_269' title='bbox 1356 4136 1606 4190; x_wconf 77' lang='lat' dir='ltr'>maxime</span> <span class='ocrx_word' id='word_1_270' title='bbox 1652 4134 1720 4188; x_wconf 86' lang='lat' dir='ltr'>de</span> <span class='ocrx_word' id='word_1_271' title='bbox 1747 4134 1863 4189; x_wconf 90' lang='lat' dir='ltr'>Tri-</span> 
     </span>
    </p>
   </div>
   <div class='ocr_carea' id='block_1_45' title="bbox 202 4221 1866 4295">
    <p class='ocr_par' dir='ltr' id='par_1_45' title="bbox 202 4221 1866 4295">
     <span class='ocr_line' id='line_1_45' title="bbox 202 4221 1866 4295; baseline -0.003 -15"><span class='ocrx_word' id='word_1_272' title='bbox 202 4228 391 4281; x_wconf 84' lang='lat' dir='ltr'>nitate</span> <span class='ocrx_word' id='word_1_273' title='bbox 438 4224 734 4295; x_wconf 84' lang='lat' dir='ltr'>dogmatis,</span> <span class='ocrx_word' id='word_1_274' title='bbox 787 4226 1149 4281; x_wconf 82' lang='lat' dir='ltr'>insimulatus</span> <span class='ocrx_word' id='word_1_275' title='bbox 1200 4233 1297 4278; x_wconf 82' lang='lat' dir='ltr'>est.</span> <span class='ocrx_word' id='word_1_276' title='bbox 1330 4225 1418 4277; x_wconf 89' lang='lat' dir='ltr'>An</span> <span class='ocrx_word' id='word_1_277' title='bbox 1463 4240 1595 4278; x_wconf 83' lang='lat' dir='ltr'>vero</span> <span class='ocrx_word' id='word_1_278' title='bbox 1644 4221 1866 4276; x_wconf 90' lang='lat' dir='ltr'>nullius</span> 
     </span>
    </p>
   </div>
   <div class='ocr_carea' id='block_1_46' title="bbox 205 4310 1865 4387">
    <p class='ocr_par' dir='ltr' id='par_1_46' title="bbox 205 4310 1865 4387">
     <span class='ocr_line' id='line_1_46' title="bbox 205 4310 1865 4387; baseline -0.004 -16"><span class='ocrx_word' id='word_1_279' title='bbox 205 4331 415 4387; x_wconf 87' lang='lat' dir='ltr'>reapse</span> <span class='ocrx_word' id='word_1_280' title='bbox 444 4314 657 4370; x_wconf 88' lang='lat' dir='ltr'>erroris</span> <span class='ocrx_word' id='word_1_281' title='bbox 687 4315 931 4371; x_wconf 88' lang='lat' dir='ltr'>Hermas</span> <span class='ocrx_word' id='word_1_282' title='bbox 961 4330 995 4368; x_wconf 93' lang='lat' dir='ltr'>a</span> <span class='ocrx_word' id='word_1_283' title='bbox 1023 4329 1321 4385; x_wconf 90' lang='lat' dir='ltr'>quoquam</span> <span class='ocrx_word' id='word_1_284' title='bbox 1354 4316 1664 4367; x_wconf 83' lang='lat' dir='ltr'>accusatus</span> <span class='ocrx_word' id='word_1_285' title='bbox 1696 4310 1865 4378; x_wconf 84' lang='lat' dir='ltr'>sit,ex</span> 
     </span>
    </p>
   </div>
   <div class='ocr_carea' id='block_1_47' title="bbox 204 4400 1865 4475">
    <p class='ocr_par' dir='ltr' id='par_1_47' title="bbox 204 4400 1865 4475">
     <span class='ocr_line' id='line_1_47' title="bbox 204 4400 1865 4475; baseline -0.003 -16"><span class='ocrx_word' id='word_1_286' title='bbox 204 4405 304 4459; x_wconf 89' lang='lat' dir='ltr'>his</span> <span class='ocrx_word' id='word_1_287' title='bbox 337 4421 465 4475; x_wconf 67' lang='lat' dir='ltr'>qua:</span> <span class='ocrx_word' id='word_1_288' title='bbox 497 4422 531 4459; x_wconf 88' lang='lat' dir='ltr'>a</span> <span class='ocrx_word' id='word_1_289' title='bbox 562 4403 730 4460; x_wconf 90' lang='lat' dir='ltr'>nobis</span> <span class='ocrx_word' id='word_1_290' title='bbox 761 4404 1065 4474; x_wconf 88' lang='lat' dir='ltr'>disputata</span> <span class='ocrx_word' id='word_1_291' title='bbox 1094 4406 1236 4457; x_wconf 88' lang='lat' dir='ltr'>sunt</span> <span class='ocrx_word' id='word_1_292' title='bbox 1266 4400 1526 4467; x_wconf 87' lang='lat' dir='ltr'>nulli,uti</span> <span class='ocrx_word' id='word_1_293' title='bbox 1561 4404 1865 4472; x_wconf 89' lang='lat' dir='ltr'>putamus,</span> 
     </span>
    </p>
   </div>
   <div class='ocr_carea' id='block_1_48' title="bbox 208 4488 1871 4558">
    <p class='ocr_par' dir='ltr' id='par_1_48' title="bbox 208 4488 1871 4558">
     <span class='ocr_line' id='line_1_48' title="bbox 208 4488 1871 4558; baseline -0.004 -9"><span class='ocrx_word' id='word_1_294' title='bbox 208 4494 530 4549; x_wconf 89' lang='lat' dir='ltr'>obscurum</span> <span class='ocrx_word' id='word_1_295' title='bbox 563 4509 691 4548; x_wconf 89' lang='lat' dir='ltr'>esse</span> <span class='ocrx_word' id='word_1_296' title='bbox 725 4493 1108 4558; x_wconf 87' lang='lat' dir='ltr'>debet.Quam</span> <span class='ocrx_word' id='word_1_297' title='bbox 1142 4496 1294 4546; x_wconf 85' lang='lat' dir='ltr'>recte</span> <span class='ocrx_word' id='word_1_298' title='bbox 1327 4496 1522 4547; x_wconf 91' lang='lat' dir='ltr'>autem</span> <span class='ocrx_word' id='word_1_299' title='bbox 1575 4490 1645 4544; x_wconf 88' lang='lat' dir='ltr'>de</span> <span class='ocrx_word' id='word_1_300' title='bbox 1676 4488 1871 4543; x_wconf 93' lang='lat' dir='ltr'>divina</span> 
     </span>
    </p>
   </div>
   <div class='ocr_carea' id='block_1_49' title="bbox 208 4579 1870 4648">
    <p class='ocr_par' dir='ltr' id='par_1_49' title="bbox 208 4579 1870 4648">
     <span class='ocr_line' id='line_1_49' title="bbox 208 4579 1870 4648; baseline -0.005 -7"><span class='ocrx_word' id='word_1_301' title='bbox 208 4582 430 4641; x_wconf 87' lang='lat' dir='ltr'>Christi</span> <span class='ocrx_word' id='word_1_302' title='bbox 464 4586 675 4637; x_wconf 90' lang='lat' dir='ltr'>natura</span> <span class='ocrx_word' id='word_1_303' title='bbox 704 4582 799 4638; x_wconf 92' lang='lat' dir='ltr'>ille</span> <span class='ocrx_word' id='word_1_304' title='bbox 830 4582 1279 4648; x_wconf 89' lang='lat' dir='ltr'>senserit,nemo</span> <span class='ocrx_word' id='word_1_305' title='bbox 1312 4580 1424 4635; x_wconf 88' lang='lat' dir='ltr'>nisi</span> <span class='ocrx_word' id='word_1_306' title='bbox 1457 4579 1779 4635; x_wconf 63' lang='lat' dir='ltr'>Socinianai</span> <span class='ocrx_word' id='word_1_307' title='bbox 1802 4594 1870 4632; x_wconf 91' lang='lat' dir='ltr'>ac</span> 
     </span>
    </p>
   </div>
   <div class='ocr_carea' id='block_1_50' title="bbox 209 4667 1952 4753">
    <p class='ocr_par' dir='ltr' id='par_1_50' title="bbox 209 4667 1952 4753">
     <span class='ocr_line' id='line_1_50' title="bbox 209 4667 1952 4753; baseline -0.005 -25"><span class='ocrx_word' id='word_1_308' title='bbox 209 4671 675 4728; x_wconf 58' lang='lat' dir='ltr'>dementissima;</span> <span class='ocrx_word' id='word_1_309' title='bbox 694 4671 1044 4727; x_wconf 84' lang='lat' dir='ltr'>temeritatis</span> <span class='ocrx_word' id='word_1_310' title='bbox 1076 4670 1251 4725; x_wconf 90' lang='lat' dir='ltr'>homo</span> <span class='ocrx_word' id='word_1_311' title='bbox 1272 4686 1535 4741; x_wconf 90' lang='lat' dir='ltr'>unquam</span> <span class='ocrx_word' id='word_1_312' title='bbox 1558 4667 1869 4739; x_wconf 86' lang='lat' dir='ltr'>negaverit.</span> <span class='ocrx_word' id='word_1_313' title='bbox 1906 4686 1952 4753; x_wconf 84' lang='lat' dir='ltr'><strong>D</strong></span> 
     </span>
    </p>
   </div>
   <div class='ocr_carea' id='block_1_51' title="bbox 210 4756 1875 4832">
    <p class='ocr_par' dir='ltr' id='par_1_51' title="bbox 210 4756 1875 4832">
     <span class='ocr_line' id='line_1_51' title="bbox 210 4756 1875 4832; baseline -0.004 -15"><span class='ocrx_word' id='word_1_314' title='bbox 210 4762 366 4829; x_wconf 85' lang='lat' dir='ltr'>Quid</span> <span class='ocrx_word' id='word_1_315' title='bbox 398 4761 581 4828; x_wconf 89' lang='lat' dir='ltr'>enim,</span> <span class='ocrx_word' id='word_1_316' title='bbox 607 4761 906 4832; x_wconf 63' lang='lat' dir='ltr'>quaeso,ad</span> <span class='ocrx_word' id='word_1_317' title='bbox 937 4776 1233 4814; x_wconf 90' lang='lat' dir='ltr'>summam</span> <span class='ocrx_word' id='word_1_318' title='bbox 1266 4757 1482 4813; x_wconf 88' lang='lat' dir='ltr'>Christi</span> <span class='ocrx_word' id='word_1_319' title='bbox 1513 4756 1875 4811; x_wconf 87' lang='lat' dir='ltr'>divinitatem</span> 
     </span>
    </p>
   </div>
   <div class='ocr_carea' id='block_1_52' title="bbox 210 4843 1878 4923">
    <p class='ocr_par' dir='ltr' id='par_1_52' title="bbox 210 4843 1878 4923">
     <span class='ocr_line' id='line_1_52' title="bbox 210 4843 1878 4923; baseline -0.005 -17"><span class='ocrx_word' id='word_1_320' title='bbox 210 4850 391 4923; x_wconf 88' lang='lat' dir='ltr'>plane</span> <span class='ocrx_word' id='word_1_321' title='bbox 408 4849 944 4921; x_wconf 88' lang='lat' dir='ltr'>declarandam,his</span> <span class='ocrx_word' id='word_1_322' title='bbox 960 4847 1216 4903; x_wconf 89' lang='lat' dir='ltr'>auctoris</span> <span class='ocrx_word' id='word_1_323' title='bbox 1237 4847 1425 4903; x_wconf 91' lang='lat' dir='ltr'>nostri</span> <span class='ocrx_word' id='word_1_324' title='bbox 1446 4846 1638 4901; x_wconf 87' lang='lat' dir='ltr'>verbis</span> <span class='ocrx_word' id='word_1_325' title='bbox 1663 4843 1878 4900; x_wconf 86' lang='lat' dir='ltr'>clarius</span> 
     </span>
    </p>
   </div>
   <div class='ocr_carea' id='block_1_53' title="bbox 210 4936 1879 5009">
    <p class='ocr_par' dir='ltr' id='par_1_53' title="bbox 210 4936 1879 5009">
     <span class='ocr_line' id='line_1_53' title="bbox 210 4936 1879 5009; baseline -0.004 -15"><span class='ocrx_word' id='word_1_326' title='bbox 210 4945 274 4996; x_wconf 88' lang='lat' dir='ltr'>et</span> <span class='ocrx_word' id='word_1_327' title='bbox 303 4939 628 4996; x_wconf 88' lang='lat' dir='ltr'>dilucidius</span> <span class='ocrx_word' id='word_1_328' title='bbox 681 4940 726 4974; x_wconf 76' lang='grc' dir='ltr'>⁸ο</span> <span class='ocrx_word' id='word_1_329' title='bbox 759 4957 772 4995; x_wconf 91' lang='lat'>:</span> <span class='ocrx_word' id='word_1_330' title='bbox 808 4939 982 4994; x_wconf 80' lang='lat' dir='ltr'>Filius</span> <span class='ocrx_word' id='word_1_331' title='bbox 1029 4938 1253 5009; x_wconf 84' lang='lat' dir='ltr'>quidem</span> <span class='ocrx_word' id='word_1_332' title='bbox 1282 4937 1392 4991; x_wconf 88' lang='lat' dir='ltr'>Dei</span> <span class='ocrx_word' id='word_1_333' title='bbox 1428 4936 1580 4991; x_wconf 86' lang='lat' dir='ltr'>omni</span> <span class='ocrx_word' id='word_1_334' title='bbox 1627 4941 1879 4990; x_wconf 83' lang='lat' dir='ltr'>creatura</span> 
     </span>
    </p>
   </div>
   <div class='ocr_carea' id='block_1_54' title="bbox 209 5022 1882 5099">
    <p class='ocr_par' dir='ltr' id='par_1_54' title="bbox 209 5022 1882 5099">
     <span class='ocr_line' id='line_1_54' title="bbox 209 5022 1882 5099; baseline -0.005 -14"><span class='ocrx_word' id='word_1_335' title='bbox 209 5031 507 5099; x_wconf 70' lang='lat' dir='ltr'>antiquior</span> <span class='ocrx_word' id='word_1_336' title='bbox 555 5033 653 5095; x_wconf 90' lang='lat' dir='ltr'>est,</span> <span class='ocrx_word' id='word_1_337' title='bbox 686 5030 767 5083; x_wconf 89' lang='lat' dir='ltr'>ita</span> <span class='ocrx_word' id='word_1_338' title='bbox 814 5032 876 5082; x_wconf 88' lang='lat' dir='ltr'>ut</span> <span class='ocrx_word' id='word_1_339' title='bbox 924 5028 984 5081; x_wconf 86' lang='lat' dir='ltr'>in</span> <span class='ocrx_word' id='word_1_340' title='bbox 1009 5026 1239 5081; x_wconf 88' lang='lat' dir='ltr'>consilio</span> <span class='ocrx_word' id='word_1_341' title='bbox 1291 5026 1451 5080; x_wconf 84' lang='lat' dir='ltr'>Patri</span> <span class='ocrx_word' id='word_1_342' title='bbox 1495 5039 1590 5079; x_wconf 89' lang='lat' dir='ltr'>suo</span> <span class='ocrx_word' id='word_1_343' title='bbox 1638 5022 1882 5093; x_wconf 75' lang='lat' dir='ltr'>adfuerit</span> 
     </span>
    </p>
   </div>
   <div class='ocr_carea' id='block_1_55' title="bbox 208 5111 1882 5179">
    <p class='ocr_par' dir='ltr' id='par_1_55' title="bbox 208 5111 1882 5179">
     <span class='ocr_line' id='line_1_55' title="bbox 208 5111 1882 5179; baseline -0.006 -4"><span class='ocrx_word' id='word_1_344' title='bbox 208 5119 286 5175; x_wconf 81' lang='lat' dir='ltr'>ad</span> <span class='ocrx_word' id='word_1_345' title='bbox 335 5117 675 5174; x_wconf 66' lang='lat' dir='ltr'>condendam</span> <span class='ocrx_word' id='word_1_346' title='bbox 740 5119 1079 5172; x_wconf 76' lang='lat' dir='ltr'>creaturam.</span> <span class='ocrx_word' id='word_1_347' title='bbox 1132 5115 1241 5179; x_wconf 89' lang='lat' dir='ltr'>Qui</span> <span class='ocrx_word' id='word_1_348' title='bbox 1311 5113 1523 5169; x_wconf 88' lang='lat' dir='ltr'>Filium</span> <span class='ocrx_word' id='word_1_349' title='bbox 1571 5112 1671 5167; x_wconf 92' lang='lat' dir='ltr'>Dei</span> <span class='ocrx_word' id='word_1_350' title='bbox 1720 5111 1882 5166; x_wconf 89' lang='lat' dir='ltr'>omni</span> 
     </span>
    </p>
   </div>
   <div class='ocr_carea' id='block_1_56' title="bbox 210 5204 1883 5278">
    <p class='ocr_par' dir='ltr' id='par_1_56' title="bbox 210 5204 1883 5278">
     <span class='ocr_line' id='line_1_56' title="bbox 210 5204 1883 5278; baseline -0.006 -14"><span class='ocrx_word' id='word_1_351' title='bbox 210 5211 489 5264; x_wconf 87' lang='lat' dir='ltr'>creatura</span> <span class='ocrx_word' id='word_1_352' title='bbox 508 5204 1149 5278; x_wconf 57' lang='lat' dir='ltr'>dicitgantiquioremﬁs</span> <span class='ocrx_word' id='word_1_353' title='bbox 1179 5208 1331 5259; x_wconf 89' lang='lat' dir='ltr'>certe</span> <span class='ocrx_word' id='word_1_354' title='bbox 1361 5219 1497 5257; x_wconf 92' lang='lat' dir='ltr'>eum</span> <span class='ocrx_word' id='word_1_355' title='bbox 1528 5207 1689 5256; x_wconf 85' lang='lat' dir='ltr'>extra</span> <span class='ocrx_word' id='word_1_356' title='bbox 1718 5216 1883 5255; x_wconf 89' lang='lat' dir='ltr'>crea-</span> 
     </span>
    </p>
   </div>
   <div class='ocr_carea' id='block_1_57' title="bbox 211 5290 1885 5363">
    <p class='ocr_par' dir='ltr' id='par_1_57' title="bbox 211 5290 1885 5363">
     <span class='ocr_line' id='line_1_57' title="bbox 211 5290 1885 5363; baseline -0.006 -11"><span class='ocrx_word' id='word_1_357' title='bbox 211 5301 491 5353; x_wconf 88' lang='lat' dir='ltr'>turarum</span> <span class='ocrx_word' id='word_1_358' title='bbox 521 5296 791 5351; x_wconf 89' lang='lat' dir='ltr'>omnium</span> <span class='ocrx_word' id='word_1_359' title='bbox 824 5309 1237 5363; x_wconf 86' lang='lat' dir='ltr'>numerum,ac</span> <span class='ocrx_word' id='word_1_360' title='bbox 1270 5308 1448 5363; x_wconf 84' lang='lat' dir='ltr'>supra</span> <span class='ocrx_word' id='word_1_361' title='bbox 1482 5290 1715 5345; x_wconf 88' lang='lat' dir='ltr'>illarum</span> <span class='ocrx_word' id='word_1_362' title='bbox 1749 5304 1885 5343; x_wconf 88' lang='lat' dir='ltr'>con-</span> 
     </span>
    </p>
   </div>
   <div class='ocr_carea' id='block_1_58' title="bbox 221 5378 1888 5454">
    <p class='ocr_par' dir='ltr' id='par_1_58' title="bbox 221 5378 1888 5454">
     <span class='ocr_line' id='line_1_58' title="bbox 221 5378 1888 5454; baseline -0.005 -14"><span class='ocrx_word' id='word_1_363' title='bbox 221 5384 515 5440; x_wconf 89' lang='lat' dir='ltr'>ditionem</span> <span class='ocrx_word' id='word_1_364' title='bbox 567 5389 625 5439; x_wconf 91' lang='lat' dir='ltr'>et</span> <span class='ocrx_word' id='word_1_365' title='bbox 653 5389 927 5439; x_wconf 89' lang='lat' dir='ltr'>naturam</span> <span class='ocrx_word' id='word_1_366' title='bbox 981 5399 1108 5437; x_wconf 90' lang='lat' dir='ltr'>esse</span> <span class='ocrx_word' id='word_1_367' title='bbox 1140 5388 1335 5454; x_wconf 88' lang='lat' dir='ltr'>aperte</span> <span class='ocrx_word' id='word_1_368' title='bbox 1386 5378 1746 5452; x_wconf 86' lang='lat' dir='ltr'>pronuntiat.</span> <span class='ocrx_word' id='word_1_369' title='bbox 1780 5378 1888 5441; x_wconf 87' lang='lat' dir='ltr'>Qui</span> 
     </span>
    </p>
   </div>
   <div class='ocr_carea' id='block_1_59' title="bbox 222 5466 1888 5540">
    <p class='ocr_par' dir='ltr' id='par_1_59' title="bbox 222 5466 1888 5540">
     <span class='ocr_line' id='line_1_59' title="bbox 222 5466 1888 5540; baseline -0.004 -10"><span class='ocrx_word' id='word_1_370' title='bbox 222 5477 434 5530; x_wconf 81' lang='lat' dir='ltr'>autem</span> <span class='ocrx_word' id='word_1_371' title='bbox 464 5477 631 5529; x_wconf 86' lang='lat' dir='ltr'>extra</span> <span class='ocrx_word' id='word_1_372' title='bbox 661 5479 1063 5529; x_wconf 86' lang='lat' dir='ltr'>creaturarum</span> <span class='ocrx_word' id='word_1_373' title='bbox 1096 5486 1433 5539; x_wconf 90' lang='lat' dir='ltr'>numerum,</span> <span class='ocrx_word' id='word_1_374' title='bbox 1464 5473 1521 5524; x_wconf 89' lang='lat' dir='ltr'>et</span> <span class='ocrx_word' id='word_1_375' title='bbox 1553 5484 1732 5540; x_wconf 86' lang='lat' dir='ltr'>supra</span> <span class='ocrx_word' id='word_1_376' title='bbox 1762 5466 1888 5523; x_wconf 85' lang='lat' dir='ltr'>illa-</span> 
     </span>
    </p>
   </div>
   <div class='ocr_carea' id='block_1_60' title="bbox 301 5631 1537 5715">
    <p class='ocr_par' dir='ltr' id='par_1_60' title="bbox 301 5631 1537 5715">
     <span class='ocr_line' id='line_1_60' title="bbox 301 5631 1537 5715; baseline -0.004 -25"><span class='ocrx_word' id='word_1_377' title='bbox 378 5639 523 5715; x_wconf 70' lang='lat' dir='ltr'>tpin.</span> <span class='ocrx_word' id='word_1_378' title='bbox 545 5635 606 5715; x_wconf 76' lang='lat' dir='ltr'><strong>_I_I</strong></span> <span class='ocrx_word' id='word_1_379' title='bbox 640 5634 1056 5715; x_wconf 41' lang='lat' dir='ltr'>OpemuAthan”</span> <span class='ocrx_word' id='word_1_380' title='bbox 1079 5648 1225 5715; x_wconf 75' lang='lat' dir='ltr'>pag.</span> <span class='ocrx_word' id='word_1_381' title='bbox 1392 5634 1449 5715; x_wconf 82' lang='lat' dir='ltr'>e_t</span> <span class='ocrx_word' id='word_1_382' title='bbox 1478 5647 1537 5715; x_wconf 84' lang='lat' dir='ltr'>se</span> 
     </span>
    </p>
   </div>
   <div class='ocr_carea' id='block_1_61' title="bbox 1677 5626 2646 5695">
    <p class='ocr_par' dir='ltr' id='par_1_61' title="bbox 1677 5626 2646 5695">
     <span class='ocr_line' id='line_1_61' title="bbox 1677 5626 2646 5695; baseline -0.002 -14"><span class='ocrx_word' id='word_1_383' title='bbox 1677 5629 1721 5663; x_wconf 71' lang='lat'>5°</span> <span class='ocrx_word' id='word_1_384' title='bbox 1749 5630 1943 5683; x_wconf 90' lang='lat' dir='ltr'>Petav.</span> <span class='ocrx_word' id='word_1_385' title='bbox 1978 5630 2121 5682; x_wconf 92' lang='lat' dir='ltr'>tom.</span> <span class='ocrx_word' id='word_1_386' title='bbox 2158 5627 2207 5682; x_wconf 94' lang='lat' dir='ltr'>II</span> <span class='ocrx_word' id='word_1_387' title='bbox 2236 5626 2408 5683; x_wconf 85' lang='lat' dir='ltr'>Theol.</span> <span class='ocrx_word' id='word_1_388' title='bbox 2444 5626 2646 5695; x_wconf 79' lang='lat' dir='ltr'>dogm,</span> 
     </span>
    </p>
   </div>
   <div class='ocr_carea' id='block_1_62' title="bbox 1988 666 3638 740">
    <p class='ocr_par' dir='ltr' id='par_1_62' title="bbox 1988 666 3638 740">
     <span class='ocr_line' id='line_1_62' title="bbox 1988 666 3638 740; baseline 0.001 -20"><span class='ocrx_word' id='word_1_389' title='bbox 1988 669 2363 735; x_wconf 69' lang='lat' dir='ltr'>tus,a2ternus</span> <span class='ocrx_word' id='word_1_390' title='bbox 2394 673 2451 722; x_wconf 88' lang='lat' dir='ltr'>et</span> <span class='ocrx_word' id='word_1_391' title='bbox 2479 684 2751 723; x_wconf 88' lang='lat' dir='ltr'>summus</span> <span class='ocrx_word' id='word_1_392' title='bbox 2780 683 3209 740; x_wconf 89' lang='lat' dir='ltr'>supremusque</span> <span class='ocrx_word' id='word_1_393' title='bbox 3240 666 3393 722; x_wconf 87' lang='lat' dir='ltr'>Deus</span> <span class='ocrx_word' id='word_1_394' title='bbox 3426 667 3638 722; x_wconf 86' lang='lat' dir='ltr'>asseri-</span> 
     </span>
    </p>
   </div>
   <div class='ocr_carea' id='block_1_63' title="bbox 1984 755 3636 828">
    <p class='ocr_par' dir='ltr' id='par_1_63' title="bbox 1984 755 3636 828">
     <span class='ocr_line' id='line_1_63' title="bbox 1984 755 3636 828; baseline 0.002 -19"><span class='ocrx_word' id='word_1_395' title='bbox 1984 755 2259 819; x_wconf 91' lang='lat' dir='ltr'>tur.Quis</span> <span class='ocrx_word' id='word_1_396' title='bbox 2292 773 2549 828; x_wconf 89' lang='lat' dir='ltr'>namque</span> <span class='ocrx_word' id='word_1_397' title='bbox 2574 762 2835 812; x_wconf 91' lang='lat' dir='ltr'>creatum</span> <span class='ocrx_word' id='word_1_398' title='bbox 2866 757 3019 812; x_wconf 91' lang='lat' dir='ltr'>inter</span> <span class='ocrx_word' id='word_1_399' title='bbox 3045 761 3103 812; x_wconf 90' lang='lat' dir='ltr'>et</span> <span class='ocrx_word' id='word_1_400' title='bbox 3132 756 3636 825; x_wconf 86' lang='lat' dir='ltr'>increatum,inter</span> 
     </span>
    </p>
   </div>
   <div class='ocr_carea' id='block_1_64' title="bbox 1987 845 3634 916">
    <p class='ocr_par' dir='ltr' id='par_1_64' title="bbox 1987 845 3634 916">
     <span class='ocr_line' id='line_1_64' title="bbox 1987 845 3634 916; baseline 0.002 -19"><span class='ocrx_word' id='word_1_401' title='bbox 1987 847 2165 898; x_wconf 90' lang='lat' dir='ltr'>Deum</span> <span class='ocrx_word' id='word_1_402' title='bbox 2184 849 2243 898; x_wconf 89' lang='lat' dir='ltr'>et</span> <span class='ocrx_word' id='word_1_403' title='bbox 2271 849 2597 901; x_wconf 87' lang='lat' dir='ltr'>creaturam</span> <span class='ocrx_word' id='word_1_404' title='bbox 2623 845 3023 900; x_wconf 88' lang='lat' dir='ltr'>nihilomnino</span> <span class='ocrx_word' id='word_1_405' title='bbox 3046 845 3306 901; x_wconf 89' lang='lat' dir='ltr'>medium</span> <span class='ocrx_word' id='word_1_406' title='bbox 3324 861 3450 900; x_wconf 90' lang='lat' dir='ltr'>esse</span> <span class='ocrx_word' id='word_1_407' title='bbox 3474 846 3634 916; x_wconf 81' lang='lat' dir='ltr'>igno-</span> 
     </span>
    </p>
   </div>
   <div class='ocr_carea' id='block_1_65' title="bbox 1983 932 3628 1004">
    <p class='ocr_par' dir='ltr' id='par_1_65' title="bbox 1983 932 3628 1004">
     <span class='ocr_line' id='line_1_65' title="bbox 1983 932 3628 1004; baseline 0.002 -19"><span class='ocrx_word' id='word_1_408' title='bbox 1983 932 2123 988; x_wconf 83' lang='lat' dir='ltr'>rat?</span> <span class='ocrx_word' id='word_1_409' title='bbox 2154 932 2414 1004; x_wconf 89' lang='lat' dir='ltr'>Denique</span> <span class='ocrx_word' id='word_1_410' title='bbox 2463 936 2735 989; x_wconf 89' lang='lat' dir='ltr'>eumdem</span> <span class='ocrx_word' id='word_1_411' title='bbox 2772 935 2867 989; x_wconf 89' lang='lat' dir='ltr'>Dei</span> <span class='ocrx_word' id='word_1_412' title='bbox 2917 934 3130 989; x_wconf 89' lang='lat' dir='ltr'>Filium</span> <span class='ocrx_word' id='word_1_413' title='bbox 3162 934 3231 989; x_wconf 91' lang='lat' dir='ltr'>ad</span> <span class='ocrx_word' id='word_1_414' title='bbox 3264 934 3628 989; x_wconf 90' lang='lat' dir='ltr'>condendam</span> 
     </span>
    </p>
   </div>
   <div class='ocr_carea' id='block_1_66' title="bbox 1983 1022 3630 1094">
    <p class='ocr_par' dir='ltr' id='par_1_66' title="bbox 1983 1022 3630 1094">
     <span class='ocr_line' id='line_1_66' title="bbox 1983 1022 3630 1094; baseline 0.001 -17"><span class='ocrx_word' id='word_1_415' title='bbox 1983 1026 2313 1077; x_wconf 87' lang='lat' dir='ltr'>creaturam</span> <span class='ocrx_word' id='word_1_416' title='bbox 2346 1023 2503 1077; x_wconf 90' lang='lat' dir='ltr'>Patri</span> <span class='ocrx_word' id='word_1_417' title='bbox 2537 1040 2643 1079; x_wconf 91' lang='lat' dir='ltr'>suo</span> <span class='ocrx_word' id='word_1_418' title='bbox 2674 1028 2887 1078; x_wconf 63' lang='lat' dir='ltr'>interno</span> <span class='ocrx_word' id='word_1_419' title='bbox 2919 1022 3177 1078; x_wconf 82' lang='lat' dir='ltr'>adfuisse</span> <span class='ocrx_word' id='word_1_420' title='bbox 3218 1022 3319 1094; x_wconf 90' lang='lat' dir='ltr'>qui</span> <span class='ocrx_word' id='word_1_421' title='bbox 3350 1022 3547 1093; x_wconf 82' lang='lat' dir='ltr'>tradit,</span> <span class='ocrx_word' id='word_1_422' title='bbox 3579 1022 3630 1079; x_wconf 92' lang='lat' dir='ltr'>is</span> 
     </span>
    </p>
   </div>
   <div class='ocr_carea' id='block_1_67' title="bbox 1984 1111 3632 1181">
    <p class='ocr_par' dir='ltr' id='par_1_67' title="bbox 1984 1111 3632 1181">
     <span class='ocr_line' id='line_1_67' title="bbox 1984 1111 3632 1181; baseline 0.002 -16"><span class='ocrx_word' id='word_1_423' title='bbox 1984 1112 2237 1181; x_wconf 85' lang='lat' dir='ltr'>profecto</span> <span class='ocrx_word' id='word_1_424' title='bbox 2260 1111 2425 1167; x_wconf 90' lang='lat' dir='ltr'>illum</span> <span class='ocrx_word' id='word_1_425' title='bbox 2441 1112 2596 1168; x_wconf 88' lang='lat' dir='ltr'>Patri</span> <span class='ocrx_word' id='word_1_426' title='bbox 2610 1130 2716 1168; x_wconf 90' lang='lat' dir='ltr'>suo</span> <span class='ocrx_word' id='word_1_427' title='bbox 2742 1117 3093 1168; x_wconf 75' lang='lat' dir='ltr'>coaeternum</span> <span class='ocrx_word' id='word_1_428' title='bbox 3108 1111 3461 1167; x_wconf 66' lang='lat' dir='ltr'>ﬁrmissime</span> <span class='ocrx_word' id='word_1_429' title='bbox 3479 1129 3632 1169; x_wconf 90' lang='lat' dir='ltr'>asse-</span> 
     </span>
    </p>
   </div>
   <div class='ocr_carea' id='block_1_68' title="bbox 1981 1204 2161 1255">
    <p class='ocr_par' dir='ltr' id='par_1_68' title="bbox 1981 1204 2161 1255">
     <span class='ocr_line' id='line_1_68' title="bbox 1981 1204 2161 1255; baseline 0 -2"><span class='ocrx_word' id='word_1_430' title='bbox 1981 1204 2161 1255; x_wconf 90' lang='lat' dir='ltr'>verat.</span> 
     </span>
    </p>
   </div>
   <div class='ocr_carea' id='block_1_69' title="bbox 2050 1289 3628 1363">
    <p class='ocr_par' dir='ltr' id='par_1_69' title="bbox 2050 1289 3628 1363">
     <span class='ocr_line' id='line_1_69' title="bbox 2050 1289 3628 1363; baseline 0.003 -21"><span class='ocrx_word' id='word_1_431' title='bbox 2050 1289 2265 1343; x_wconf 88' lang='lat' dir='ltr'>Eodem</span> <span class='ocrx_word' id='word_1_432' title='bbox 2299 1289 2471 1361; x_wconf 89' lang='lat' dir='ltr'>plane</span> <span class='ocrx_word' id='word_1_433' title='bbox 2504 1306 2681 1346; x_wconf 88' lang='lat' dir='ltr'>sensu</span> <span class='ocrx_word' id='word_1_434' title='bbox 2718 1291 2961 1346; x_wconf 88' lang='lat' dir='ltr'>Hermas</span> <span class='ocrx_word' id='word_1_435' title='bbox 2993 1291 3264 1363; x_wconf 89' lang='lat' dir='ltr'>superius</span> <span class='ocrx_word' id='word_1_436' title='bbox 3295 1291 3576 1347; x_wconf 74' lang='lat' dir='ltr'>dixerat“</span> <span class='ocrx_word' id='word_1_437' title='bbox 3615 1309 3628 1346; x_wconf 92' lang='lat'><strong>:</strong></span> 
     </span>
    </p>
   </div>
   <div class='ocr_carea' id='block_1_70' title="bbox 1990 1379 3634 1451">
    <p class='ocr_par' dir='ltr' id='par_1_70' title="bbox 1990 1379 3634 1451">
     <span class='ocr_line' id='line_1_70' title="bbox 1990 1379 3634 1451; baseline 0.001 -18"><span class='ocrx_word' id='word_1_438' title='bbox 1990 1380 2052 1433; x_wconf 88' lang='lat' dir='ltr'>In</span> <span class='ocrx_word' id='word_1_439' title='bbox 2080 1379 2273 1433; x_wconf 86' lang='lat' dir='ltr'>servili</span> <span class='ocrx_word' id='word_1_440' title='bbox 2316 1380 2629 1435; x_wconf 83' lang='lat' dir='ltr'>conditione</span> <span class='ocrx_word' id='word_1_441' title='bbox 2658 1397 2767 1434; x_wconf 89' lang='lat' dir='ltr'>non</span> <span class='ocrx_word' id='word_1_442' title='bbox 2812 1382 3038 1451; x_wconf 85' lang='lat' dir='ltr'>ponitur</span> <span class='ocrx_word' id='word_1_443' title='bbox 3066 1381 3239 1435; x_wconf 85' lang='lat' dir='ltr'>Filius</span> <span class='ocrx_word' id='word_1_444' title='bbox 3288 1381 3404 1450; x_wconf 87' lang='lat' dir='ltr'>Dei,</span> <span class='ocrx_word' id='word_1_445' title='bbox 3436 1381 3531 1435; x_wconf 88' lang='lat' dir='ltr'>sed</span> <span class='ocrx_word' id='word_1_446' title='bbox 3571 1384 3634 1436; x_wconf 86' lang='lat' dir='ltr'>in</span> 
     </span>
    </p>
   </div>
   <div class='ocr_carea' id='block_1_71' title="bbox 1983 1469 3632 1541">
    <p class='ocr_par' dir='ltr' id='par_1_71' title="bbox 1983 1469 3632 1541">
     <span class='ocr_line' id='line_1_71' title="bbox 1983 1469 3632 1541; baseline 0.002 -20"><span class='ocrx_word' id='word_1_447' title='bbox 1983 1484 2189 1539; x_wconf 88' lang='lat' dir='ltr'>magna</span> <span class='ocrx_word' id='word_1_448' title='bbox 2216 1472 2481 1539; x_wconf 84' lang='lat' dir='ltr'>potestate</span> <span class='ocrx_word' id='word_1_449' title='bbox 2511 1479 2561 1523; x_wconf 90' lang='lat' dir='ltr'>et</span> <span class='ocrx_word' id='word_1_450' title='bbox 2592 1472 2841 1541; x_wconf 87' lang='lat' dir='ltr'>imperio.</span> <span class='ocrx_word' id='word_1_451' title='bbox 2863 1470 3079 1525; x_wconf 91' lang='lat' dir='ltr'>Omnes</span> <span class='ocrx_word' id='word_1_452' title='bbox 3109 1469 3325 1541; x_wconf 81' lang='lat' dir='ltr'>quippe</span> <span class='ocrx_word' id='word_1_453' title='bbox 3355 1474 3632 1525; x_wconf 77' lang='lat' dir='ltr'>creaturae</span> 
     </span>
    </p>
   </div>
   <div class='ocr_carea' id='block_1_72' title="bbox 1979 1556 3636 1628">
    <p class='ocr_par' dir='ltr' id='par_1_72' title="bbox 1979 1556 3636 1628">
     <span class='ocr_line' id='line_1_72' title="bbox 1979 1556 3636 1628; baseline 0.001 -17"><span class='ocrx_word' id='word_1_454' title='bbox 1979 1556 2096 1611; x_wconf 91' lang='lat' dir='ltr'>Deo</span> <span class='ocrx_word' id='word_1_455' title='bbox 2127 1556 2406 1626; x_wconf 90' lang='lat' dir='ltr'>serviunt,</span> <span class='ocrx_word' id='word_1_456' title='bbox 2436 1560 2700 1628; x_wconf 83' lang='lat' dir='ltr'>quoniam</span> <span class='ocrx_word' id='word_1_457' title='bbox 2730 1557 3028 1624; x_wconf 87' lang='lat' dir='ltr'>omnia,uti</span> <span class='ocrx_word' id='word_1_458' title='bbox 3059 1558 3129 1613; x_wconf 91' lang='lat' dir='ltr'>de</span> <span class='ocrx_word' id='word_1_459' title='bbox 3159 1558 3273 1612; x_wconf 90' lang='lat' dir='ltr'>Deo</span> <span class='ocrx_word' id='word_1_460' title='bbox 3303 1558 3460 1613; x_wconf 91' lang='lat' dir='ltr'>canit</span> <span class='ocrx_word' id='word_1_461' title='bbox 3484 1558 3636 1613; x_wconf 90' lang='lat' dir='ltr'>Psal-</span> 
     </span>
    </p>
   </div>
   <div class='ocr_carea' id='block_1_73' title="bbox 1982 1646 3635 1720">
    <p class='ocr_par' dir='ltr' id='par_1_73' title="bbox 1982 1646 3635 1720">
     <span class='ocr_line' id='line_1_73' title="bbox 1982 1646 3635 1720; baseline 0.002 -21"><span class='ocrx_word' id='word_1_462' title='bbox 1982 1646 2161 1701; x_wconf 88' lang='lat' dir='ltr'>mista</span> <span class='ocrx_word' id='word_1_463' title='bbox 2189 1647 2257 1714; x_wconf 67' lang='grc'>⁵³,</span> <span class='ocrx_word' id='word_1_464' title='bbox 2290 1648 2540 1702; x_wconf 88' lang='lat' dir='ltr'>serviunt</span> <span class='ocrx_word' id='word_1_465' title='bbox 2567 1648 2688 1702; x_wconf 84' lang='lat' dir='ltr'>tibi.</span> <span class='ocrx_word' id='word_1_466' title='bbox 2714 1646 2821 1711; x_wconf 92' lang='lat' dir='ltr'>Qui</span> <span class='ocrx_word' id='word_1_467' title='bbox 2853 1663 2989 1720; x_wconf 89' lang='lat' dir='ltr'>ergo</span> <span class='ocrx_word' id='word_1_468' title='bbox 3020 1648 3081 1701; x_wconf 86' lang='lat' dir='ltr'>in</span> <span class='ocrx_word' id='word_1_469' title='bbox 3107 1648 3300 1703; x_wconf 85' lang='lat' dir='ltr'>servili</span> <span class='ocrx_word' id='word_1_470' title='bbox 3328 1647 3635 1703; x_wconf 86' lang='lat' dir='ltr'>conditione</span> 
     </span>
    </p>
   </div>
   <div class='ocr_carea' id='block_1_74' title="bbox 1978 1735 3630 1809">
    <p class='ocr_par' dir='ltr' id='par_1_74' title="bbox 1978 1735 3630 1809">
     <span class='ocr_line' id='line_1_74' title="bbox 1978 1735 3630 1809; baseline 0.001 -20"><span class='ocrx_word' id='word_1_471' title='bbox 1978 1750 2087 1791; x_wconf 88' lang='lat' dir='ltr'>non</span> <span class='ocrx_word' id='word_1_472' title='bbox 2113 1737 2345 1807; x_wconf 87' lang='lat' dir='ltr'>ponitur</span> <span class='ocrx_word' id='word_1_473' title='bbox 2371 1735 2540 1803; x_wconf 68' lang='lat' dir='ltr'>63,hic</span> <span class='ocrx_word' id='word_1_474' title='bbox 2572 1740 2839 1791; x_wconf 89' lang='lat' dir='ltr'>creatura</span> <span class='ocrx_word' id='word_1_475' title='bbox 2862 1752 2968 1792; x_wconf 89' lang='lat' dir='ltr'>nec</span> <span class='ocrx_word' id='word_1_476' title='bbox 2999 1752 3127 1792; x_wconf 91' lang='lat' dir='ltr'>esse</span> <span class='ocrx_word' id='word_1_477' title='bbox 3157 1752 3261 1791; x_wconf 90' lang='lat' dir='ltr'>nec</span> <span class='ocrx_word' id='word_1_478' title='bbox 3284 1735 3397 1792; x_wconf 91' lang='lat' dir='ltr'>dici</span> <span class='ocrx_word' id='word_1_479' title='bbox 3421 1740 3630 1809; x_wconf 88' lang='lat' dir='ltr'>potest.</span> 
     </span>
    </p>
   </div>
   <div class='ocr_carea' id='block_1_75' title="bbox 1980 1824 3633 1897">
    <p class='ocr_par' dir='ltr' id='par_1_75' title="bbox 1980 1824 3633 1897">
     <span class='ocr_line' id='line_1_75' title="bbox 1980 1824 3633 1897; baseline 0.002 -18"><span class='ocrx_word' id='word_1_480' title='bbox 1980 1825 2086 1890; x_wconf 91' lang='lat' dir='ltr'>Qui</span> <span class='ocrx_word' id='word_1_481' title='bbox 2120 1831 2316 1880; x_wconf 87' lang='lat' dir='ltr'>autem</span> <span class='ocrx_word' id='word_1_482' title='bbox 2370 1829 2638 1880; x_wconf 88' lang='lat' dir='ltr'>creatura</span> <span class='ocrx_word' id='word_1_483' title='bbox 2667 1842 2795 1881; x_wconf 88' lang='lat' dir='ltr'>esse</span> <span class='ocrx_word' id='word_1_484' title='bbox 2825 1830 2882 1881; x_wconf 88' lang='lat' dir='ltr'>et</span> <span class='ocrx_word' id='word_1_485' title='bbox 2929 1826 3043 1881; x_wconf 89' lang='lat' dir='ltr'>dici</span> <span class='ocrx_word' id='word_1_486' title='bbox 3075 1825 3300 1897; x_wconf 89' lang='lat' dir='ltr'>nequit,</span> <span class='ocrx_word' id='word_1_487' title='bbox 3331 1824 3432 1882; x_wconf 88' lang='lat' dir='ltr'>ille</span> <span class='ocrx_word' id='word_1_488' title='bbox 3480 1829 3633 1882; x_wconf 86' lang='lat' dir='ltr'>certe</span> 
     </span>
    </p>
   </div>
   <div class='ocr_carea' id='block_1_76' title="bbox 1977 1912 2422 1984">
    <p class='ocr_par' dir='ltr' id='par_1_76' title="bbox 1977 1912 2422 1984">
     <span class='ocr_line' id='line_1_76' title="bbox 1977 1912 2422 1984; baseline 0.004 -17"><span class='ocrx_word' id='word_1_489' title='bbox 1977 1912 2132 1968; x_wconf 90' lang='lat' dir='ltr'>Deus</span> <span class='ocrx_word' id='word_1_490' title='bbox 2164 1913 2288 1984; x_wconf 90' lang='lat' dir='ltr'>ipse</span> <span class='ocrx_word' id='word_1_491' title='bbox 2317 1918 2422 1969; x_wconf 90' lang='lat' dir='ltr'>est.</span> 
     </span>
    </p>
   </div>
   <div class='ocr_carea' id='block_1_77' title="bbox 2048 2001 3634 2077">
    <p class='ocr_par' dir='ltr' id='par_1_77' title="bbox 2048 2001 3634 2077">
     <span class='ocr_line' id='line_1_77' title="bbox 2048 2001 3634 2077; baseline 0.003 -22"><span class='ocrx_word' id='word_1_492' title='bbox 2048 2006 2172 2073; x_wconf 77' lang='lat' dir='ltr'>Age</span> <span class='ocrx_word' id='word_1_493' title='bbox 2200 2002 2413 2070; x_wconf 88' lang='lat' dir='ltr'>vero,si</span> <span class='ocrx_word' id='word_1_494' title='bbox 2443 2001 2539 2058; x_wconf 89' lang='lat' dir='ltr'>his</span> <span class='ocrx_word' id='word_1_495' title='bbox 2572 2003 2850 2060; x_wconf 89' lang='lat' dir='ltr'>omnibus</span> <span class='ocrx_word' id='word_1_496' title='bbox 2880 2008 2937 2059; x_wconf 88' lang='lat' dir='ltr'>et</span> <span class='ocrx_word' id='word_1_497' title='bbox 2967 2003 3080 2059; x_wconf 90' lang='lat' dir='ltr'>alia</span> <span class='ocrx_word' id='word_1_498' title='bbox 3108 2004 3373 2076; x_wconf 90' lang='lat' dir='ltr'>adjicias,</span> <span class='ocrx_word' id='word_1_499' title='bbox 3405 2022 3533 2077; x_wconf 66' lang='lat' dir='ltr'>quas</span> <span class='ocrx_word' id='word_1_500' title='bbox 3562 2004 3634 2061; x_wconf 91' lang='lat' dir='ltr'>de</span> 
     </span>
    </p>
   </div>
   <div class='ocr_carea' id='block_1_78' title="bbox 1974 2091 3630 2167">
    <p class='ocr_par' dir='ltr' id='par_1_78' title="bbox 1974 2091 3630 2167">
     <span class='ocr_line' id='line_1_78' title="bbox 1974 2091 3630 2167; baseline 0.003 -21"><span class='ocrx_word' id='word_1_501' title='bbox 1974 2091 2177 2147; x_wconf 90' lang='lat' dir='ltr'>eodem</span> <span class='ocrx_word' id='word_1_502' title='bbox 2202 2091 2300 2147; x_wconf 91' lang='lat' dir='ltr'>Dei</span> <span class='ocrx_word' id='word_1_503' title='bbox 2321 2091 2463 2148; x_wconf 90' lang='lat' dir='ltr'>Filio</span> <span class='ocrx_word' id='word_1_504' title='bbox 2488 2093 2560 2148; x_wconf 91' lang='lat' dir='ltr'>ab</span> <span class='ocrx_word' id='word_1_505' title='bbox 2588 2097 2822 2149; x_wconf 87' lang='lat' dir='ltr'>auctore</span> <span class='ocrx_word' id='word_1_506' title='bbox 2844 2097 3042 2149; x_wconf 90' lang='lat' dir='ltr'>nostro</span> <span class='ocrx_word' id='word_1_507' title='bbox 3065 2093 3285 2166; x_wconf 90' lang='lat' dir='ltr'>scripta</span> <span class='ocrx_word' id='word_1_508' title='bbox 3306 2093 3630 2167; x_wconf 59' lang='lat' dir='ltr'>legimus“:</span> 
     </span>
    </p>
   </div>
   <div class='ocr_carea' id='block_1_79' title="bbox 1975 2180 3631 2255">
    <p class='ocr_par' dir='ltr' id='par_1_79' title="bbox 1975 2180 3631 2255">
     <span class='ocr_line' id='line_1_79' title="bbox 1975 2180 3631 2255; baseline 0.002 -20"><span class='ocrx_word' id='word_1_509' title='bbox 1975 2182 2037 2235; x_wconf 85' lang='lat' dir='ltr'><strong>In</strong></span> <span class='ocrx_word' id='word_1_510' title='bbox 2067 2180 2606 2252; x_wconf 87' lang='lat' dir='ltr'>magna,inquit,est</span> <span class='ocrx_word' id='word_1_511' title='bbox 2632 2186 2899 2253; x_wconf 76' lang='lat' dir='ltr'>potestate</span> <span class='ocrx_word' id='word_1_512' title='bbox 2929 2190 2980 2238; x_wconf 90' lang='lat' dir='ltr'>et</span> <span class='ocrx_word' id='word_1_513' title='bbox 3011 2183 3285 2255; x_wconf 84' lang='lat' dir='ltr'>imperio;</span> <span class='ocrx_word' id='word_1_514' title='bbox 3309 2183 3446 2239; x_wconf 89' lang='lat' dir='ltr'>alibi</span> <span class='ocrx_word' id='word_1_515' title='bbox 3474 2200 3631 2239; x_wconf 89' lang='lat' dir='ltr'>vero:</span> 
     </span>
    </p>
   </div>
   <div class='ocr_carea' id='block_1_80' title="bbox 1978 2270 3633 2341">
    <p class='ocr_par' dir='ltr' id='par_1_80' title="bbox 1978 2270 3633 2341">
     <span class='ocr_line' id='line_1_80' title="bbox 1978 2270 3633 2341; baseline 0.001 -15"><span class='ocrx_word' id='word_1_516' title='bbox 1978 2271 2185 2326; x_wconf 85' lang='lat' dir='ltr'>Nomen</span> <span class='ocrx_word' id='word_1_517' title='bbox 2220 2270 2355 2324; x_wconf 84' lang='lat' dir='ltr'>Filii</span> <span class='ocrx_word' id='word_1_518' title='bbox 2382 2270 2482 2325; x_wconf 87' lang='lat' dir='ltr'>Dei</span> <span class='ocrx_word' id='word_1_519' title='bbox 2524 2287 2791 2339; x_wconf 87' lang='lat' dir='ltr'>magnum</span> <span class='ocrx_word' id='word_1_520' title='bbox 2820 2280 2920 2337; x_wconf 90' lang='lat' dir='ltr'>est,</span> <span class='ocrx_word' id='word_1_521' title='bbox 2949 2276 2999 2327; x_wconf 88' lang='lat' dir='ltr'>et</span> <span class='ocrx_word' id='word_1_522' title='bbox 3030 2273 3377 2341; x_wconf 82' lang='lat' dir='ltr'>immensum,</span> <span class='ocrx_word' id='word_1_523' title='bbox 3410 2281 3462 2328; x_wconf 88' lang='lat' dir='ltr'>et</span> <span class='ocrx_word' id='word_1_524' title='bbox 3490 2275 3633 2328; x_wconf 86' lang='lat' dir='ltr'>totus</span> 
     </span>
    </p>
   </div>
   <div class='ocr_carea' id='block_1_81' title="bbox 1973 2359 3633 2432">
    <p class='ocr_par' dir='ltr' id='par_1_81' title="bbox 1973 2359 3633 2432">
     <span class='ocr_line' id='line_1_81' title="bbox 1973 2359 3633 2432; baseline 0.002 -18"><span class='ocrx_word' id='word_1_525' title='bbox 1973 2359 2048 2415; x_wconf 92' lang='lat' dir='ltr'>ab</span> <span class='ocrx_word' id='word_1_526' title='bbox 2103 2375 2165 2414; x_wconf 89' lang='lat' dir='ltr'>eo</span> <span class='ocrx_word' id='word_1_527' title='bbox 2196 2362 2539 2414; x_wconf 86' lang='lat' dir='ltr'>sustentatur</span> <span class='ocrx_word' id='word_1_528' title='bbox 2585 2360 2768 2421; x_wconf 84' lang='lat' dir='ltr'>orbis;</span> <span class='ocrx_word' id='word_1_529' title='bbox 2795 2376 2862 2415; x_wconf 89' lang='lat' dir='ltr'>ac</span> <span class='ocrx_word' id='word_1_530' title='bbox 2909 2360 3184 2416; x_wconf 90' lang='lat' dir='ltr'>continuo</span> <span class='ocrx_word' id='word_1_531' title='bbox 3233 2365 3408 2432; x_wconf 90' lang='lat' dir='ltr'>post:</span> <span class='ocrx_word' id='word_1_532' title='bbox 3444 2361 3633 2418; x_wconf 87' lang='lat' dir='ltr'>Omnis</span> 
     </span>
    </p>
   </div>
   <div class='ocr_carea' id='block_1_82' title="bbox 1974 2448 3630 2520">
    <p class='ocr_par' dir='ltr' id='par_1_82' title="bbox 1974 2448 3630 2520">
     <span class='ocr_line' id='line_1_82' title="bbox 1974 2448 3630 2520; baseline 0.001 -16"><span class='ocrx_word' id='word_1_533' title='bbox 1974 2448 2075 2504; x_wconf 87' lang='lat' dir='ltr'>Dei</span> <span class='ocrx_word' id='word_1_534' title='bbox 2103 2456 2361 2503; x_wconf 85' lang='lat' dir='ltr'>creatura</span> <span class='ocrx_word' id='word_1_535' title='bbox 2403 2464 2506 2519; x_wconf 86' lang='lat' dir='ltr'>per</span> <span class='ocrx_word' id='word_1_536' title='bbox 2536 2449 2741 2503; x_wconf 85' lang='lat' dir='ltr'>Filium</span> <span class='ocrx_word' id='word_1_537' title='bbox 2770 2449 2887 2520; x_wconf 88' lang='lat' dir='ltr'>ejus</span> <span class='ocrx_word' id='word_1_538' title='bbox 2928 2451 3282 2515; x_wconf 88' lang='lat' dir='ltr'>sustentatur,</span> <span class='ocrx_word' id='word_1_539' title='bbox 3315 2448 3408 2504; x_wconf 92' lang='lat' dir='ltr'>his</span> <span class='ocrx_word' id='word_1_540' title='bbox 3436 2450 3630 2506; x_wconf 90' lang='lat' dir='ltr'>verbis</span> 
     </span>
    </p>
   </div>
   <div class='ocr_carea' id='block_1_83' title="bbox 1972 2535 3631 2609">
    <p class='ocr_par' dir='ltr' id='par_1_83' title="bbox 1972 2535 3631 2609">
     <span class='ocr_line' id='line_1_83' title="bbox 1972 2535 3631 2609; baseline 0.001 -17"><span class='ocrx_word' id='word_1_541' title='bbox 1972 2553 2269 2592; x_wconf 89' lang='lat' dir='ltr'>summam</span> <span class='ocrx_word' id='word_1_542' title='bbox 2300 2535 2464 2591; x_wconf 89' lang='lat' dir='ltr'>illius</span> <span class='ocrx_word' id='word_1_543' title='bbox 2486 2536 2851 2592; x_wconf 88' lang='lat' dir='ltr'>divinitatem</span> <span class='ocrx_word' id='word_1_544' title='bbox 2882 2541 3079 2609; x_wconf 89' lang='lat' dir='ltr'>aperte</span> <span class='ocrx_word' id='word_1_545' title='bbox 3110 2536 3431 2594; x_wconf 90' lang='lat' dir='ltr'>renuntiari</span> <span class='ocrx_word' id='word_1_546' title='bbox 3454 2538 3631 2594; x_wconf 85' lang='lat' dir='ltr'>fatea-</span> 
     </span>
    </p>
   </div>
   <div class='ocr_carea' id='block_1_84' title="bbox 1972 2624 3628 2697">
    <p class='ocr_par' dir='ltr' id='par_1_84' title="bbox 1972 2624 3628 2697">
     <span class='ocr_line' id='line_1_84' title="bbox 1972 2624 3628 2697; baseline 0.002 -17"><span class='ocrx_word' id='word_1_547' title='bbox 1972 2625 2074 2692; x_wconf 90' lang='lat' dir='ltr'>ris,</span> <span class='ocrx_word' id='word_1_548' title='bbox 2110 2624 2350 2680; x_wconf 91' lang='lat' dir='ltr'>omnino</span> <span class='ocrx_word' id='word_1_549' title='bbox 2405 2641 2643 2680; x_wconf 89' lang='lat' dir='ltr'>necesse</span> <span class='ocrx_word' id='word_1_550' title='bbox 2682 2629 2789 2681; x_wconf 90' lang='lat' dir='ltr'>est.</span> <span class='ocrx_word' id='word_1_551' title='bbox 2821 2625 2925 2682; x_wconf 90' lang='lat' dir='ltr'>Cui</span> <span class='ocrx_word' id='word_1_552' title='bbox 2976 2624 3155 2691; x_wconf 90' lang='lat' dir='ltr'>enim,</span> <span class='ocrx_word' id='word_1_553' title='bbox 3190 2627 3400 2682; x_wconf 90' lang='lat' dir='ltr'>amabo</span> <span class='ocrx_word' id='word_1_554' title='bbox 3450 2630 3527 2697; x_wconf 86' lang='lat' dir='ltr'>te,</span> <span class='ocrx_word' id='word_1_555' title='bbox 3559 2644 3628 2684; x_wconf 90' lang='lat' dir='ltr'>ea</span> 
     </span>
    </p>
   </div>
   <div class='ocr_carea' id='block_1_85' title="bbox 1971 2713 3623 2788">
    <p class='ocr_par' dir='ltr' id='par_1_85' title="bbox 1971 2713 3623 2788">
     <span class='ocr_line' id='line_1_85' title="bbox 1971 2713 3623 2788; baseline 0 -17"><span class='ocrx_word' id='word_1_556' title='bbox 1971 2714 2171 2771; x_wconf 90' lang='lat' dir='ltr'>omnia</span> <span class='ocrx_word' id='word_1_557' title='bbox 2219 2714 2527 2770; x_wconf 90' lang='lat' dir='ltr'>convenire</span> <span class='ocrx_word' id='word_1_558' title='bbox 2568 2718 2835 2785; x_wconf 90' lang='lat' dir='ltr'>possunt,</span> <span class='ocrx_word' id='word_1_559' title='bbox 2866 2714 2981 2769; x_wconf 92' lang='lat' dir='ltr'>nisi</span> <span class='ocrx_word' id='word_1_560' title='bbox 3029 2731 3161 2771; x_wconf 90' lang='lat' dir='ltr'>vero</span> <span class='ocrx_word' id='word_1_561' title='bbox 3193 2713 3294 2771; x_wconf 93' lang='lat' dir='ltr'>Dei</span> <span class='ocrx_word' id='word_1_562' title='bbox 3327 2714 3488 2785; x_wconf 85' lang='lat' dir='ltr'>Filio,</span> <span class='ocrx_word' id='word_1_563' title='bbox 3522 2715 3623 2788; x_wconf 91' lang='lat' dir='ltr'>qui</span> 
     </span>
    </p>
   </div>
   <div class='ocr_carea' id='block_1_86' title="bbox 1972 2801 3622 2876">
    <p class='ocr_par' dir='ltr' id='par_1_86' title="bbox 1972 2801 3622 2876">
     <span class='ocr_line' id='line_1_86' title="bbox 1972 2801 3622 2876; baseline 0.001 -17"><span class='ocrx_word' id='word_1_564' title='bbox 1972 2803 2238 2875; x_wconf 90' lang='lat' dir='ltr'>ejusdem</span> <span class='ocrx_word' id='word_1_565' title='bbox 2287 2819 2421 2858; x_wconf 90' lang='lat' dir='ltr'>cum</span> <span class='ocrx_word' id='word_1_566' title='bbox 2452 2806 2622 2858; x_wconf 89' lang='lat' dir='ltr'>Patre</span> <span class='ocrx_word' id='word_1_567' title='bbox 2670 2805 2747 2859; x_wconf 90' lang='lat' dir='ltr'>sit</span> <span class='ocrx_word' id='word_1_568' title='bbox 2776 2801 3213 2876; x_wconf 90' lang='lat' dir='ltr'>immensitatis,</span> <span class='ocrx_word' id='word_1_569' title='bbox 3260 2804 3622 2873; x_wconf 83' lang='lat' dir='ltr'>aeternitatis,</span> 
     </span>
    </p>
   </div>
   <div class='ocr_carea' id='block_1_87' title="bbox 1971 2892 2671 2964">
    <p class='ocr_par' dir='ltr' id='par_1_87' title="bbox 1971 2892 2671 2964">
     <span class='ocr_line' id='line_1_87' title="bbox 1971 2892 2671 2964; baseline -0.003 -17"><span class='ocrx_word' id='word_1_570' title='bbox 1971 2892 2279 2964; x_wconf 87' lang='lat' dir='ltr'>potestatis</span> <span class='ocrx_word' id='word_1_571' title='bbox 2311 2896 2369 2947; x_wconf 91' lang='lat' dir='ltr'>et</span> <span class='ocrx_word' id='word_1_572' title='bbox 2401 2897 2620 2947; x_wconf 66' lang='lat' dir='ltr'>natura:</span> <span class='ocrx_word' id='word_1_573' title='bbox 2644 2892 2671 2946; x_wconf 88' lang='lat'><strong>?</strong></span> 
     </span>
    </p>
   </div>
   <div class='ocr_carea' id='block_1_88' title="bbox 2042 2980 3624 3054">
    <p class='ocr_par' dir='ltr' id='par_1_88' title="bbox 2042 2980 3624 3054">
     <span class='ocr_line' id='line_1_88' title="bbox 2042 2980 3624 3054; baseline 0.001 -19"><span class='ocrx_word' id='word_1_574' title='bbox 2042 2981 2167 3035; x_wconf 89' lang='lat' dir='ltr'>Non</span> <span class='ocrx_word' id='word_1_575' title='bbox 2199 2981 2528 3035; x_wconf 89' lang='lat' dir='ltr'>audiendus</span> <span class='ocrx_word' id='word_1_576' title='bbox 2579 2980 2776 3052; x_wconf 89' lang='lat' dir='ltr'>itaque</span> <span class='ocrx_word' id='word_1_577' title='bbox 2805 2980 3027 3054; x_wconf 90' lang='lat' dir='ltr'>impius</span> <span class='ocrx_word' id='word_1_578' title='bbox 3062 2982 3256 3038; x_wconf 90' lang='lat' dir='ltr'>nescio</span> <span class='ocrx_word' id='word_1_579' title='bbox 3287 2982 3420 3053; x_wconf 90' lang='lat' dir='ltr'>quis</span> <span class='ocrx_word' id='word_1_580' title='bbox 3460 2983 3624 3038; x_wconf 84' lang='lat' dir='ltr'>Soci-</span> 
     </span>
    </p>
   </div>
   <div class='ocr_carea' id='block_1_89' title="bbox 1972 3069 3624 3142">
    <p class='ocr_par' dir='ltr' id='par_1_89' title="bbox 1972 3069 3624 3142">
     <span class='ocr_line' id='line_1_89' title="bbox 1972 3069 3624 3142; baseline 0.002 -18"><span class='ocrx_word' id='word_1_581' title='bbox 1972 3069 2206 3137; x_wconf 88' lang='lat' dir='ltr'>nianus,</span> <span class='ocrx_word' id='word_1_582' title='bbox 2234 3070 2333 3141; x_wconf 93' lang='lat' dir='ltr'>qui</span> <span class='ocrx_word' id='word_1_583' title='bbox 2365 3070 2533 3125; x_wconf 89' lang='lat' dir='ltr'>nobis</span> <span class='ocrx_word' id='word_1_584' title='bbox 2567 3086 2871 3142; x_wconf 88' lang='lat' dir='ltr'>perperam</span> <span class='ocrx_word' id='word_1_585' title='bbox 2902 3071 3141 3140; x_wconf 86' lang='lat' dir='ltr'>objiciat</span> <span class='ocrx_word' id='word_1_586' title='bbox 3163 3069 3374 3126; x_wconf 88' lang='lat' dir='ltr'>Filium</span> <span class='ocrx_word' id='word_1_587' title='bbox 3399 3070 3493 3127; x_wconf 91' lang='lat' dir='ltr'>Dei</span> <span class='ocrx_word' id='word_1_588' title='bbox 3518 3070 3624 3127; x_wconf 89' lang='lat' dir='ltr'>ibi-</span> 
     </span>
    </p>
   </div>
   <div class='ocr_carea' id='block_1_90' title="bbox 1970 3157 3622 3230">
    <p class='ocr_par' dir='ltr' id='par_1_90' title="bbox 1970 3157 3622 3230">
     <span class='ocr_line' id='line_1_90' title="bbox 1970 3157 3622 3230; baseline 0.001 -17"><span class='ocrx_word' id='word_1_589' title='bbox 1970 3159 2102 3213; x_wconf 84' lang='lat' dir='ltr'>dem</span> <span class='ocrx_word' id='word_1_590' title='bbox 2138 3159 2209 3213; x_wconf 89' lang='lat' dir='ltr'>ab</span> <span class='ocrx_word' id='word_1_591' title='bbox 2257 3158 2471 3213; x_wconf 90' lang='lat' dir='ltr'>Herma</span> <span class='ocrx_word' id='word_1_592' title='bbox 2500 3175 2732 3214; x_wconf 90' lang='lat' dir='ltr'>servum</span> <span class='ocrx_word' id='word_1_593' title='bbox 2785 3157 3089 3229; x_wconf 87' lang='lat' dir='ltr'>appellari,</span> <span class='ocrx_word' id='word_1_594' title='bbox 3124 3158 3224 3228; x_wconf 90' lang='lat' dir='ltr'>qui</span> <span class='ocrx_word' id='word_1_595' title='bbox 3274 3164 3407 3230; x_wconf 89' lang='lat' dir='ltr'>post</span> <span class='ocrx_word' id='word_1_596' title='bbox 3453 3175 3622 3214; x_wconf 88' lang='lat' dir='ltr'>suam</span> 
     </span>
    </p>
   </div>
   <div class='ocr_carea' id='block_1_91' title="bbox 1969 3246 3624 3319">
    <p class='ocr_par' dir='ltr' id='par_1_91' title="bbox 1969 3246 3624 3319">
     <span class='ocr_line' id='line_1_91' title="bbox 1969 3246 3624 3319; baseline 0.001 -18"><span class='ocrx_word' id='word_1_597' title='bbox 1969 3250 2201 3301; x_wconf 88' lang='lat' dir='ltr'>tantum</span> <span class='ocrx_word' id='word_1_598' title='bbox 2226 3253 2476 3302; x_wconf 90' lang='lat' dir='ltr'>mortem</span> <span class='ocrx_word' id='word_1_599' title='bbox 2502 3264 2536 3302; x_wconf 88' lang='lat' dir='ltr'>a</span> <span class='ocrx_word' id='word_1_600' title='bbox 2560 3247 2725 3302; x_wconf 89' lang='lat' dir='ltr'>Patre</span> <span class='ocrx_word' id='word_1_601' title='bbox 2755 3263 2933 3318; x_wconf 90' lang='lat' dir='ltr'>super</span> <span class='ocrx_word' id='word_1_602' title='bbox 2961 3246 3243 3319; x_wconf 92' lang='lat' dir='ltr'>populum</span> <span class='ocrx_word' id='word_1_603' title='bbox 3267 3264 3440 3303; x_wconf 89' lang='lat' dir='ltr'>suum</span> <span class='ocrx_word' id='word_1_604' title='bbox 3464 3250 3624 3318; x_wconf 90' lang='lat' dir='ltr'>pote-</span> 
     </span>
    </p>
   </div>
   <div class='ocr_carea' id='block_1_92' title="bbox 1892 3318 3619 3407">
    <p class='ocr_par' dir='ltr' id='par_1_92' title="bbox 1892 3318 3619 3407">
     <span class='ocr_line' id='line_1_92' title="bbox 1892 3318 3619 3407; baseline 0.004 -21"><span class='ocrx_word' id='word_1_605' title='bbox 1892 3318 1934 3384; x_wconf 83' lang='lat' dir='ltr'>C</span> <span class='ocrx_word' id='word_1_606' title='bbox 1973 3340 2184 3390; x_wconf 89' lang='lat' dir='ltr'>statem</span> <span class='ocrx_word' id='word_1_607' title='bbox 2235 3352 2470 3390; x_wconf 89' lang='lat' dir='ltr'>omnem</span> <span class='ocrx_word' id='word_1_608' title='bbox 2513 3336 2819 3407; x_wconf 90' lang='lat' dir='ltr'>acceperit.</span> <span class='ocrx_word' id='word_1_609' title='bbox 2855 3318 3133 3407; x_wconf 90' lang='lat' dir='ltr'>Nunquid</span> <span class='ocrx_word' id='word_1_610' title='bbox 3179 3336 3335 3390; x_wconf 90' lang='lat' dir='ltr'>enim</span> <span class='ocrx_word' id='word_1_611' title='bbox 3378 3336 3619 3393; x_wconf 85' lang='lat' dir='ltr'>Hermas</span> 
     </span>
    </p>
   </div>
   <div class='ocr_carea' id='block_1_93' title="bbox 1968 3422 3619 3490">
    <p class='ocr_par' dir='ltr' id='par_1_93' title="bbox 1968 3422 3619 3490">
     <span class='ocr_line' id='line_1_93' title="bbox 1968 3422 3619 3490; baseline 0.001 -11"><span class='ocrx_word' id='word_1_612' title='bbox 1968 3440 2103 3479; x_wconf 91' lang='lat' dir='ltr'>cum</span> <span class='ocrx_word' id='word_1_613' title='bbox 2152 3422 2393 3490; x_wconf 89' lang='lat' dir='ltr'>ibidem,</span> <span class='ocrx_word' id='word_1_614' title='bbox 2428 3423 2582 3479; x_wconf 83' lang='lat' dir='ltr'>sicut</span> <span class='ocrx_word' id='word_1_615' title='bbox 2622 3424 2901 3489; x_wconf 89' lang='lat' dir='ltr'>vidimus,</span> <span class='ocrx_word' id='word_1_616' title='bbox 2944 3424 3087 3479; x_wconf 84' lang='lat' dir='ltr'>dixit</span> <span class='ocrx_word' id='word_1_617' title='bbox 3120 3441 3134 3479; x_wconf 88' lang='lat'><strong>:</strong></span> <span class='ocrx_word' id='word_1_618' title='bbox 3165 3426 3229 3480; x_wconf 87' lang='lat' dir='ltr'>In</span> <span class='ocrx_word' id='word_1_619' title='bbox 3255 3425 3445 3480; x_wconf 87' lang='lat' dir='ltr'>servili</span> <span class='ocrx_word' id='word_1_620' title='bbox 3485 3441 3619 3480; x_wconf 86' lang='lat' dir='ltr'>con-</span> 
     </span>
    </p>
   </div>
   <div class='ocr_carea' id='block_1_94' title="bbox 1967 3512 3617 3586">
    <p class='ocr_par' dir='ltr' id='par_1_94' title="bbox 1967 3512 3617 3586">
     <span class='ocr_line' id='line_1_94' title="bbox 1967 3512 3617 3586; baseline 0.001 -19"><span class='ocrx_word' id='word_1_621' title='bbox 1967 3512 2173 3568; x_wconf 89' lang='lat' dir='ltr'>ditione</span> <span class='ocrx_word' id='word_1_622' title='bbox 2200 3528 2309 3567; x_wconf 86' lang='lat' dir='ltr'>non</span> <span class='ocrx_word' id='word_1_623' title='bbox 2337 3514 2565 3583; x_wconf 86' lang='lat' dir='ltr'>ponitur</span> <span class='ocrx_word' id='word_1_624' title='bbox 2592 3514 2765 3567; x_wconf 84' lang='lat' dir='ltr'>Filius</span> <span class='ocrx_word' id='word_1_625' title='bbox 2796 3514 2915 3579; x_wconf 88' lang='lat' dir='ltr'>Dei,</span> <span class='ocrx_word' id='word_1_626' title='bbox 2947 3513 3058 3568; x_wconf 84' lang='lat' dir='ltr'>sibi</span> <span class='ocrx_word' id='word_1_627' title='bbox 3090 3514 3203 3585; x_wconf 88' lang='lat' dir='ltr'>ipsi</span> <span class='ocrx_word' id='word_1_628' title='bbox 3234 3514 3485 3570; x_wconf 89' lang='lat' dir='ltr'>absurde</span> <span class='ocrx_word' id='word_1_629' title='bbox 3505 3531 3617 3586; x_wconf 91' lang='lat' dir='ltr'>pu-</span> 
     </span>
    </p>
   </div>
   <div class='ocr_carea' id='block_1_95' title="bbox 1968 3601 3616 3671">
    <p class='ocr_par' dir='ltr' id='par_1_95' title="bbox 1968 3601 3616 3671">
     <span class='ocr_line' id='line_1_95' title="bbox 1968 3601 3616 3671; baseline 0.001 -14"><span class='ocrx_word' id='word_1_630' title='bbox 1968 3602 2201 3671; x_wconf 90' lang='lat' dir='ltr'>tideque</span> <span class='ocrx_word' id='word_1_631' title='bbox 2233 3602 2653 3657; x_wconf 81' lang='lat' dir='ltr'>contradixisse</span> <span class='ocrx_word' id='word_1_632' title='bbox 2684 3601 3109 3657; x_wconf 89' lang='lat' dir='ltr'>existimandus</span> <span class='ocrx_word' id='word_1_633' title='bbox 3140 3603 3270 3659; x_wconf 82' lang='lat' dir='ltr'>est?</span> <span class='ocrx_word' id='word_1_634' title='bbox 3299 3602 3439 3668; x_wconf 88' lang='lat' dir='ltr'>Quis</span> <span class='ocrx_word' id='word_1_635' title='bbox 3460 3620 3616 3659; x_wconf 79' lang='lat' dir='ltr'>sanas</span> 
     </span>
    </p>
   </div>
   <div class='ocr_carea' id='block_1_96' title="bbox 1972 3690 3617 3765">
    <p class='ocr_par' dir='ltr' id='par_1_96' title="bbox 1972 3690 3617 3765">
     <span class='ocr_line' id='line_1_96' title="bbox 1972 3690 3617 3765; baseline 0.002 -18"><span class='ocrx_word' id='word_1_636' title='bbox 1972 3691 2188 3747; x_wconf 90' lang='lat' dir='ltr'>mentis</span> <span class='ocrx_word' id='word_1_637' title='bbox 2219 3690 2394 3746; x_wconf 90' lang='lat' dir='ltr'>homo</span> <span class='ocrx_word' id='word_1_638' title='bbox 2427 3691 2482 3745; x_wconf 92' lang='lat' dir='ltr'>id</span> <span class='ocrx_word' id='word_1_639' title='bbox 2517 3708 2775 3763; x_wconf 90' lang='lat' dir='ltr'>unquam</span> <span class='ocrx_word' id='word_1_640' title='bbox 2808 3708 3088 3759; x_wconf 86' lang='lat' dir='ltr'>asserere,</span> <span class='ocrx_word' id='word_1_641' title='bbox 3118 3692 3236 3748; x_wconf 92' lang='lat' dir='ltr'>imo</span> <span class='ocrx_word' id='word_1_642' title='bbox 3267 3694 3617 3765; x_wconf 87' lang='lat' dir='ltr'>cogitatione</span> 
     </span>
    </p>
   </div>
   <div class='ocr_carea' id='block_1_97' title="bbox 1970 3779 3621 3850">
    <p class='ocr_par' dir='ltr' id='par_1_97' title="bbox 1970 3779 3621 3850">
     <span class='ocr_line' id='line_1_97' title="bbox 1970 3779 3621 3850; baseline 0.002 -17"><span class='ocrx_word' id='word_1_643' title='bbox 1970 3779 2285 3850; x_wconf 90' lang='lat' dir='ltr'>animoque</span> <span class='ocrx_word' id='word_1_644' title='bbox 2339 3780 2554 3850; x_wconf 82' lang='lat' dir='ltr'>ﬁngere</span> <span class='ocrx_word' id='word_1_645' title='bbox 2586 3780 2846 3835; x_wconf 81' lang='lat' dir='ltr'>audeat?</span> <span class='ocrx_word' id='word_1_646' title='bbox 2878 3781 3018 3845; x_wconf 89' lang='lat' dir='ltr'>Quis</span> <span class='ocrx_word' id='word_1_647' title='bbox 3066 3797 3199 3836; x_wconf 87' lang='lat' dir='ltr'>vero</span> <span class='ocrx_word' id='word_1_648' title='bbox 3232 3782 3281 3836; x_wconf 87' lang='lat' dir='ltr'>si</span> <span class='ocrx_word' id='word_1_649' title='bbox 3314 3781 3471 3837; x_wconf 94' lang='lat' dir='ltr'>hunc</span> <span class='ocrx_word' id='word_1_650' title='bbox 3511 3798 3621 3837; x_wconf 89' lang='lat' dir='ltr'>au-</span> 
     </span>
    </p>
   </div>
   <div class='ocr_carea' id='block_1_98' title="bbox 1972 3867 3625 3941">
    <p class='ocr_par' dir='ltr' id='par_1_98' title="bbox 1972 3867 3625 3941">
     <span class='ocr_line' id='line_1_98' title="bbox 1972 3867 3625 3941; baseline 0.001 -19"><span class='ocrx_word' id='word_1_651' title='bbox 1972 3870 2151 3923; x_wconf 89' lang='lat' dir='ltr'>ctoris</span> <span class='ocrx_word' id='word_1_652' title='bbox 2181 3868 2362 3923; x_wconf 89' lang='lat' dir='ltr'>nostri</span> <span class='ocrx_word' id='word_1_653' title='bbox 2386 3867 2578 3922; x_wconf 91' lang='lat' dir='ltr'>locum</span> <span class='ocrx_word' id='word_1_654' title='bbox 2603 3868 2784 3939; x_wconf 64' lang='lat' dir='ltr'>inquis</span> <span class='ocrx_word' id='word_1_655' title='bbox 2810 3886 3069 3939; x_wconf 91' lang='lat' dir='ltr'>unquam</span> <span class='ocrx_word' id='word_1_656' title='bbox 3104 3869 3309 3941; x_wconf 88' lang='lat' dir='ltr'>legerit</span> <span class='ocrx_word' id='word_1_657' title='bbox 3330 3869 3625 3941; x_wconf 84' lang='lat' dir='ltr'>oculis,ibi</span> 
     </span>
    </p>
   </div>
   <div class='ocr_carea' id='block_1_99' title="bbox 1974 3956 3628 4030">
    <p class='ocr_par' dir='ltr' id='par_1_99' title="bbox 1974 3956 3628 4030">
     <span class='ocr_line' id='line_1_99' title="bbox 1974 3956 3628 4030; baseline 0.001 -19"><span class='ocrx_word' id='word_1_658' title='bbox 1974 3956 2251 4011; x_wconf 86' lang='lat' dir='ltr'>continuo</span> <span class='ocrx_word' id='word_1_659' title='bbox 2271 3974 2385 4011; x_wconf 91' lang='lat' dir='ltr'>non</span> <span class='ocrx_word' id='word_1_660' title='bbox 2417 3956 2844 4012; x_wconf 85' lang='lat' dir='ltr'>animadvertat</span> <span class='ocrx_word' id='word_1_661' title='bbox 2862 3963 3179 4030; x_wconf 90' lang='lat' dir='ltr'>utrumque</span> <span class='ocrx_word' id='word_1_662' title='bbox 3200 3960 3272 4013; x_wconf 90' lang='lat' dir='ltr'>ab</span> <span class='ocrx_word' id='word_1_663' title='bbox 3308 3958 3406 4013; x_wconf 91' lang='lat' dir='ltr'>illo</span> <span class='ocrx_word' id='word_1_664' title='bbox 3430 3959 3498 4014; x_wconf 91' lang='lat' dir='ltr'>de</span> <span class='ocrx_word' id='word_1_665' title='bbox 3524 3959 3628 4013; x_wconf 90' lang='lat' dir='ltr'>du-</span> 
     </span>
    </p>
   </div>
   <div class='ocr_carea' id='block_1_100' title="bbox 1975 4044 3629 4117">
    <p class='ocr_par' dir='ltr' id='par_1_100' title="bbox 1975 4044 3629 4117">
     <span class='ocr_line' id='line_1_100' title="bbox 1975 4044 3629 4117; baseline 0.001 -18"><span class='ocrx_word' id='word_1_666' title='bbox 1975 4044 2112 4117; x_wconf 89' lang='lat' dir='ltr'>plici</span> <span class='ocrx_word' id='word_1_667' title='bbox 2142 4044 2359 4101; x_wconf 88' lang='lat' dir='ltr'>Christi</span> <span class='ocrx_word' id='word_1_668' title='bbox 2387 4050 2597 4100; x_wconf 89' lang='lat' dir='ltr'>natura</span> <span class='ocrx_word' id='word_1_669' title='bbox 2624 4062 2757 4101; x_wconf 89' lang='lat' dir='ltr'>cum</span> <span class='ocrx_word' id='word_1_670' title='bbox 2792 4046 3055 4101; x_wconf 89' lang='lat' dir='ltr'>humana</span> <span class='ocrx_word' id='word_1_671' title='bbox 3083 4052 3207 4101; x_wconf 90' lang='lat' dir='ltr'>tum</span> <span class='ocrx_word' id='word_1_672' title='bbox 3248 4047 3447 4101; x_wconf 90' lang='lat' dir='ltr'>divina</span> <span class='ocrx_word' id='word_1_673' title='bbox 3476 4051 3629 4102; x_wconf 89' lang='lat' dir='ltr'>recte</span> 
     </span>
    </p>
   </div>
   <div class='ocr_carea' id='block_1_101' title="bbox 1975 4134 3630 4205">
    <p class='ocr_par' dir='ltr' id='par_1_101' title="bbox 1975 4134 3630 4205">
     <span class='ocr_line' id='line_1_101' title="bbox 1975 4134 3630 4205; baseline 0 -16"><span class='ocrx_word' id='word_1_674' title='bbox 1975 4134 2259 4189; x_wconf 89' lang='lat' dir='ltr'>traditum</span> <span class='ocrx_word' id='word_1_675' title='bbox 2310 4138 2368 4189; x_wconf 89' lang='lat' dir='ltr'>et</span> <span class='ocrx_word' id='word_1_676' title='bbox 2419 4135 2887 4205; x_wconf 90' lang='lat' dir='ltr'>pronuntiatum.</span> <span class='ocrx_word' id='word_1_677' title='bbox 2921 4134 3425 4198; x_wconf 89' lang='lat' dir='ltr'>Quemadmodum</span> <span class='ocrx_word' id='word_1_678' title='bbox 3472 4134 3630 4189; x_wconf 90' lang='lat' dir='ltr'>enim</span> 
     </span>
    </p>
   </div>
   <div class='ocr_carea' id='block_1_102' title="bbox 1976 4221 3631 4293">
    <p class='ocr_par' dir='ltr' id='par_1_102' title="bbox 1976 4221 3631 4293">
     <span class='ocr_line' id='line_1_102' title="bbox 1976 4221 3631 4293; baseline 0.001 -16"><span class='ocrx_word' id='word_1_679' title='bbox 1976 4221 2244 4278; x_wconf 89' lang='lat' dir='ltr'>Christus</span> <span class='ocrx_word' id='word_1_680' title='bbox 2267 4222 2338 4277; x_wconf 90' lang='lat' dir='ltr'>ab</span> <span class='ocrx_word' id='word_1_681' title='bbox 2370 4222 2496 4293; x_wconf 89' lang='lat' dir='ltr'>ipso</span> <span class='ocrx_word' id='word_1_682' title='bbox 2515 4225 2838 4277; x_wconf 91' lang='lat' dir='ltr'>secundum</span> <span class='ocrx_word' id='word_1_683' title='bbox 2861 4223 3118 4278; x_wconf 89' lang='lat' dir='ltr'>divinam</span> <span class='ocrx_word' id='word_1_684' title='bbox 3147 4239 3315 4279; x_wconf 89' lang='lat' dir='ltr'>suam</span> <span class='ocrx_word' id='word_1_685' title='bbox 3335 4227 3631 4291; x_wconf 91' lang='lat' dir='ltr'>naturam,</span> 
     </span>
    </p>
   </div>
   <div class='ocr_carea' id='block_1_103' title="bbox 1975 4312 3632 4385">
    <p class='ocr_par' dir='ltr' id='par_1_103' title="bbox 1975 4312 3632 4385">
     <span class='ocr_line' id='line_1_103' title="bbox 1975 4312 3632 4385; baseline 0 -17"><span class='ocrx_word' id='word_1_686' title='bbox 1975 4313 2134 4368; x_wconf 88' lang='lat' dir='ltr'>omni</span> <span class='ocrx_word' id='word_1_687' title='bbox 2163 4320 2419 4366; x_wconf 87' lang='lat' dir='ltr'>creatura</span> <span class='ocrx_word' id='word_1_688' title='bbox 2449 4313 2830 4382; x_wconf 88' lang='lat' dir='ltr'>antiquior,in</span> <span class='ocrx_word' id='word_1_689' title='bbox 2858 4313 3047 4367; x_wconf 82' lang='lat' dir='ltr'>servili</span> <span class='ocrx_word' id='word_1_690' title='bbox 3074 4312 3381 4368; x_wconf 85' lang='lat' dir='ltr'>conditione</span> <span class='ocrx_word' id='word_1_691' title='bbox 3408 4329 3517 4369; x_wconf 85' lang='lat' dir='ltr'>non</span> <span class='ocrx_word' id='word_1_692' title='bbox 3536 4328 3632 4385; x_wconf 87' lang='lat' dir='ltr'>po-</span> 
     </span>
    </p>
   </div>
   <div class='ocr_carea' id='block_1_104' title="bbox 1976 4400 3633 4474">
    <p class='ocr_par' dir='ltr' id='par_1_104' title="bbox 1976 4400 3633 4474">
     <span class='ocr_line' id='line_1_104' title="bbox 1976 4400 3633 4474; baseline 0 -19"><span class='ocrx_word' id='word_1_693' title='bbox 1976 4403 2157 4466; x_wconf 88' lang='lat' dir='ltr'>nitur,</span> <span class='ocrx_word' id='word_1_694' title='bbox 2189 4400 2270 4455; x_wconf 90' lang='lat' dir='ltr'>ita</span> <span class='ocrx_word' id='word_1_695' title='bbox 2302 4401 2629 4455; x_wconf 91' lang='lat' dir='ltr'>secundum</span> <span class='ocrx_word' id='word_1_696' title='bbox 2665 4401 2987 4455; x_wconf 88' lang='lat' dir='ltr'>humanam</span> <span class='ocrx_word' id='word_1_697' title='bbox 3032 4418 3222 4457; x_wconf 84' lang='lat' dir='ltr'>servus</span> <span class='ocrx_word' id='word_1_698' title='bbox 3251 4402 3350 4457; x_wconf 90' lang='lat' dir='ltr'>Dei</span> <span class='ocrx_word' id='word_1_699' title='bbox 3377 4400 3633 4474; x_wconf 86' lang='lat' dir='ltr'>appella-</span> 
     </span>
    </p>
   </div>
   <div class='ocr_carea' id='block_1_105' title="bbox 1978 4488 3635 4562">
    <p class='ocr_par' dir='ltr' id='par_1_105' title="bbox 1978 4488 3635 4562">
     <span class='ocr_line' id='line_1_105' title="bbox 1978 4488 3635 4562; baseline -0.001 -17"><span class='ocrx_word' id='word_1_700' title='bbox 1978 4494 2075 4545; x_wconf 90' lang='lat' dir='ltr'>tus</span> <span class='ocrx_word' id='word_1_701' title='bbox 2099 4489 2283 4544; x_wconf 88' lang='lat' dir='ltr'>est.Et</span> <span class='ocrx_word' id='word_1_702' title='bbox 2297 4488 2354 4542; x_wconf 92' lang='lat' dir='ltr'>id</span> <span class='ocrx_word' id='word_1_703' title='bbox 2386 4489 2623 4558; x_wconf 90' lang='lat' dir='ltr'>quidem</span> <span class='ocrx_word' id='word_1_704' title='bbox 2648 4489 2863 4545; x_wconf 91' lang='lat' dir='ltr'>clarius</span> <span class='ocrx_word' id='word_1_705' title='bbox 2886 4506 3063 4560; x_wconf 90' lang='lat' dir='ltr'>quam</span> <span class='ocrx_word' id='word_1_706' title='bbox 3088 4490 3635 4562; x_wconf 71' lang='lat' dir='ltr'>ipsiusmetHermaa</span> 
     </span>
    </p>
   </div>
   <div class='ocr_carea' id='block_1_106' title="bbox 1980 4572 3636 4652">
    <p class='ocr_par' dir='ltr' id='par_1_106' title="bbox 1980 4572 3636 4652">
     <span class='ocr_line' id='line_1_106' title="bbox 1980 4572 3636 4652; baseline -0.001 -18"><span class='ocrx_word' id='word_1_707' title='bbox 1980 4579 2172 4634; x_wconf 90' lang='lat' dir='ltr'>verbis</span> <span class='ocrx_word' id='word_1_708' title='bbox 2222 4578 2497 4649; x_wconf 81' lang='lat' dir='ltr'>explicari</span> <span class='ocrx_word' id='word_1_709' title='bbox 2550 4594 2663 4632; x_wconf 92' lang='lat' dir='ltr'>non</span> <span class='ocrx_word' id='word_1_710' title='bbox 2716 4583 2907 4649; x_wconf 89' lang='lat' dir='ltr'>potest</span> <span class='ocrx_word' id='word_1_711' title='bbox 2952 4581 3108 4635; x_wconf 83' lang='lat' dir='ltr'>:Hoc</span> <span class='ocrx_word' id='word_1_712' title='bbox 3151 4597 3300 4651; x_wconf 84' lang='lat' dir='ltr'>ergo,</span> <span class='ocrx_word' id='word_1_713' title='bbox 3350 4572 3542 4652; x_wconf 84' lang='lat' dir='ltr'>inquit</span> <span class='ocrx_word' id='word_1_714' title='bbox 3570 4579 3636 4645; x_wconf 74' lang='grc'>⁸⁵,</span> 
     </span>
    </p>
   </div>
   <div class='ocr_carea' id='block_1_107' title="bbox 1986 4667 3637 4739">
    <p class='ocr_par' dir='ltr' id='par_1_107' title="bbox 1986 4667 3637 4739">
     <span class='ocr_line' id='line_1_107' title="bbox 1986 4667 3637 4739; baseline 0.001 -16"><span class='ocrx_word' id='word_1_715' title='bbox 1986 4667 2189 4723; x_wconf 84' lang='lat' dir='ltr'>Christi</span> <span class='ocrx_word' id='word_1_716' title='bbox 2216 4683 2409 4737; x_wconf 88' lang='lat' dir='ltr'>corpus</span> <span class='ocrx_word' id='word_1_717' title='bbox 2442 4669 2500 4721; x_wconf 84' lang='lat' dir='ltr'>in</span> <span class='ocrx_word' id='word_1_718' title='bbox 2530 4667 2669 4739; x_wconf 79' lang='lat' dir='ltr'>quod</span> <span class='ocrx_word' id='word_1_719' title='bbox 2702 4668 2960 4721; x_wconf 74' lang='lat' dir='ltr'>inductus</span> <span class='ocrx_word' id='word_1_720' title='bbox 3012 4678 3091 4724; x_wconf 90' lang='lat' dir='ltr'>est</span> <span class='ocrx_word' id='word_1_721' title='bbox 3121 4668 3360 4739; x_wconf 86' lang='lat' dir='ltr'>Spiritus</span> <span class='ocrx_word' id='word_1_722' title='bbox 3387 4672 3637 4739; x_wconf 83' lang='lat' dir='ltr'>sanctus,</span> 
     </span>
    </p>
   </div>
   <div class='ocr_carea' id='block_1_108' title="bbox 1985 4754 3643 4828">
    <p class='ocr_par' dir='ltr' id='par_1_108' title="bbox 1985 4754 3643 4828">
     <span class='ocr_line' id='line_1_108' title="bbox 1985 4754 3643 4828; baseline 0 -16"><span class='ocrx_word' id='word_1_723' title='bbox 1985 4758 2213 4812; x_wconf 85' lang='lat' dir='ltr'>servivit</span> <span class='ocrx_word' id='word_1_724' title='bbox 2244 4755 2334 4809; x_wconf 87' lang='lat' dir='ltr'>illi</span> <span class='ocrx_word' id='word_1_725' title='bbox 2388 4754 2647 4823; x_wconf 86' lang='lat' dir='ltr'>Spiritui,</span> <span class='ocrx_word' id='word_1_726' title='bbox 2682 4764 2821 4810; x_wconf 87' lang='lat' dir='ltr'>recte</span> <span class='ocrx_word' id='word_1_727' title='bbox 2850 4758 2911 4810; x_wconf 88' lang='lat' dir='ltr'>in</span> <span class='ocrx_word' id='word_1_728' title='bbox 2940 4757 3204 4812; x_wconf 87' lang='lat' dir='ltr'>modestia</span> <span class='ocrx_word' id='word_1_729' title='bbox 3245 4756 3558 4828; x_wconf 87' lang='lat' dir='ltr'>ambulans,</span> <span class='ocrx_word' id='word_1_730' title='bbox 3588 4761 3643 4813; x_wconf 86' lang='lat' dir='ltr'>et</span> 
     </span>
    </p>
   </div>
   <div class='ocr_carea' id='block_1_109' title="bbox 1988 4843 3638 4917">
    <p class='ocr_par' dir='ltr' id='par_1_109' title="bbox 1988 4843 3638 4917">
     <span class='ocr_line' id='line_1_109' title="bbox 1988 4843 3638 4917; baseline 0.001 -16"><span class='ocrx_word' id='word_1_731' title='bbox 1988 4854 2153 4912; x_wconf 85' lang='lat' dir='ltr'>caste,</span> <span class='ocrx_word' id='word_1_732' title='bbox 2186 4860 2360 4915; x_wconf 88' lang='lat' dir='ltr'>neque</span> <span class='ocrx_word' id='word_1_733' title='bbox 2405 4846 2632 4898; x_wconf 83' lang='lat' dir='ltr'>omnino</span> <span class='ocrx_word' id='word_1_734' title='bbox 2658 4843 2963 4899; x_wconf 82' lang='lat' dir='ltr'>maculavit</span> <span class='ocrx_word' id='word_1_735' title='bbox 3009 4845 3277 4917; x_wconf 86' lang='lat' dir='ltr'>Spiritum</span> <span class='ocrx_word' id='word_1_736' title='bbox 3313 4846 3638 4902; x_wconf 88' lang='lat' dir='ltr'>illum.......</span> 
     </span>
    </p>
   </div>
   <div class='ocr_carea' id='block_1_110' title="bbox 1988 4934 3646 5003">
    <p class='ocr_par' dir='ltr' id='par_1_110' title="bbox 1988 4934 3646 5003">
     <span class='ocr_line' id='line_1_110' title="bbox 1988 4934 3646 5003; baseline 0 -14"><span class='ocrx_word' id='word_1_737' title='bbox 1988 4934 2280 4990; x_wconf 78' lang='lat' dir='ltr'>Advocavit</span> <span class='ocrx_word' id='word_1_738' title='bbox 2327 4948 2452 5003; x_wconf 84' lang='lat' dir='ltr'>ergo</span> <span class='ocrx_word' id='word_1_739' title='bbox 2483 4934 2711 5001; x_wconf 82' lang='lat' dir='ltr'>Filium,</span> <span class='ocrx_word' id='word_1_740' title='bbox 2742 4938 2797 4987; x_wconf 87' lang='lat' dir='ltr'>et</span> <span class='ocrx_word' id='word_1_741' title='bbox 2840 4935 3065 4989; x_wconf 85' lang='lat' dir='ltr'>nuntios</span> <span class='ocrx_word' id='word_1_742' title='bbox 3098 4936 3261 4990; x_wconf 87' lang='lat' dir='ltr'>bonos</span> <span class='ocrx_word' id='word_1_743' title='bbox 3280 4952 3301 4997; x_wconf 88' lang='lat'><em>;</em></span> <span class='ocrx_word' id='word_1_744' title='bbox 3331 4940 3392 4990; x_wconf 88' lang='lat' dir='ltr'>ut</span> <span class='ocrx_word' id='word_1_745' title='bbox 3432 4940 3489 4991; x_wconf 87' lang='lat' dir='ltr'>et</span> <span class='ocrx_word' id='word_1_746' title='bbox 3516 4935 3646 4990; x_wconf 85' lang='lat' dir='ltr'>huic</span> 
     </span>
    </p>
   </div>
   <div class='ocr_carea' id='block_1_111' title="bbox 1990 5021 3646 5094">
    <p class='ocr_par' dir='ltr' id='par_1_111' title="bbox 1990 5021 3646 5094">
     <span class='ocr_line' id='line_1_111' title="bbox 1990 5021 3646 5094; baseline 0 -16"><span class='ocrx_word' id='word_1_747' title='bbox 1990 5023 2202 5078; x_wconf 87' lang='lat' dir='ltr'>scilicet</span> <span class='ocrx_word' id='word_1_748' title='bbox 2250 5023 2486 5093; x_wconf 89' lang='lat' dir='ltr'>corpori,</span> <span class='ocrx_word' id='word_1_749' title='bbox 2544 5021 2687 5093; x_wconf 86' lang='lat' dir='ltr'>quod</span> <span class='ocrx_word' id='word_1_750' title='bbox 2736 5024 2965 5078; x_wconf 86' lang='lat' dir='ltr'>servivit</span> <span class='ocrx_word' id='word_1_751' title='bbox 3011 5021 3251 5094; x_wconf 85' lang='lat' dir='ltr'>Spiritui</span> <span class='ocrx_word' id='word_1_752' title='bbox 3292 5032 3477 5079; x_wconf 85' lang='lat' dir='ltr'>sancto</span> <span class='ocrx_word' id='word_1_753' title='bbox 3525 5026 3646 5079; x_wconf 86' lang='lat' dir='ltr'>sine</span> 
     </span>
    </p>
   </div>
   <div class='ocr_carea' id='block_1_112' title="bbox 1995 5110 3645 5182">
    <p class='ocr_par' dir='ltr' id='par_1_112' title="bbox 1995 5110 3645 5182">
     <span class='ocr_line' id='line_1_112' title="bbox 1995 5110 3645 5182; baseline 0.001 -16"><span class='ocrx_word' id='word_1_754' title='bbox 1995 5110 2254 5182; x_wconf 86' lang='lat' dir='ltr'>querela,</span> <span class='ocrx_word' id='word_1_755' title='bbox 2286 5113 2430 5166; x_wconf 86' lang='lat' dir='ltr'>locus</span> <span class='ocrx_word' id='word_1_756' title='bbox 2461 5112 2666 5181; x_wconf 84' lang='lat' dir='ltr'>aliquis</span> <span class='ocrx_word' id='word_1_757' title='bbox 2706 5111 3038 5167; x_wconf 84' lang='lat' dir='ltr'>consistendi</span> <span class='ocrx_word' id='word_1_758' title='bbox 3062 5113 3311 5179; x_wconf 85' lang='lat' dir='ltr'>daretur,</span> <span class='ocrx_word' id='word_1_759' title='bbox 3340 5129 3411 5167; x_wconf 85' lang='lat' dir='ltr'>ne</span> <span class='ocrx_word' id='word_1_760' title='bbox 3436 5112 3645 5168; x_wconf 86' lang='lat' dir='ltr'>videre-</span> 
     </span>
    </p>
   </div>
   <div class='ocr_carea' id='block_1_113' title="bbox 1992 5200 3648 5272">
    <p class='ocr_par' dir='ltr' id='par_1_113' title="bbox 1992 5200 3648 5272">
     <span class='ocr_line' id='line_1_113' title="bbox 1992 5200 3648 5272; baseline 0.001 -17"><span class='ocrx_word' id='word_1_761' title='bbox 1992 5205 2091 5255; x_wconf 88' lang='lat' dir='ltr'>tur</span> <span class='ocrx_word' id='word_1_762' title='bbox 2111 5200 2422 5255; x_wconf 82' lang='lat' dir='ltr'>mercedem</span> <span class='ocrx_word' id='word_1_763' title='bbox 2451 5200 2736 5255; x_wconf 85' lang='lat' dir='ltr'>servitutis</span> <span class='ocrx_word' id='word_1_764' title='bbox 2764 5216 2882 5257; x_wconf 67' lang='lat' dir='ltr'>suae</span> <span class='ocrx_word' id='word_1_765' title='bbox 2925 5201 3248 5272; x_wconf 85' lang='lat' dir='ltr'>perdidisse.</span> <span class='ocrx_word' id='word_1_766' title='bbox 3280 5201 3517 5272; x_wconf 88' lang='lat' dir='ltr'>Accepit</span> <span class='ocrx_word' id='word_1_767' title='bbox 3545 5218 3648 5257; x_wconf 90' lang='lat' dir='ltr'>au-</span> 
     </span>
    </p>
   </div>
   <div class='ocr_carea' id='block_1_114' title="bbox 1997 5289 3653 5362">
    <p class='ocr_par' dir='ltr' id='par_1_114' title="bbox 1997 5289 3653 5362">
     <span class='ocr_line' id='line_1_114' title="bbox 1997 5289 3653 5362; baseline 0.001 -18"><span class='ocrx_word' id='word_1_768' title='bbox 1997 5294 2116 5344; x_wconf 87' lang='lat' dir='ltr'>tem</span> <span class='ocrx_word' id='word_1_769' title='bbox 2150 5294 2206 5344; x_wconf 90' lang='lat' dir='ltr'>et</span> <span class='ocrx_word' id='word_1_770' title='bbox 2233 5294 2368 5361; x_wconf 90' lang='lat' dir='ltr'>post</span> <span class='ocrx_word' id='word_1_771' title='bbox 2398 5292 2644 5343; x_wconf 89' lang='lat' dir='ltr'>mortem</span> <span class='ocrx_word' id='word_1_772' title='bbox 2678 5305 2846 5343; x_wconf 90' lang='lat' dir='ltr'>suam</span> <span class='ocrx_word' id='word_1_773' title='bbox 2878 5289 3033 5343; x_wconf 90' lang='lat' dir='ltr'>idem</span> <span class='ocrx_word' id='word_1_774' title='bbox 3064 5290 3276 5345; x_wconf 87' lang='lat' dir='ltr'>Christi</span> <span class='ocrx_word' id='word_1_775' title='bbox 3308 5290 3653 5362; x_wconf 87' lang='lat' dir='ltr'>corpus,hu-</span> 
     </span>
    </p>
   </div>
   <div class='ocr_carea' id='block_1_115' title="bbox 2002 5377 3652 5450">
    <p class='ocr_par' dir='ltr' id='par_1_115' title="bbox 2002 5377 3652 5450">
     <span class='ocr_line' id='line_1_115' title="bbox 2002 5377 3652 5450; baseline 0.001 -18"><span class='ocrx_word' id='word_1_776' title='bbox 2002 5394 2292 5448; x_wconf 89' lang='lat' dir='ltr'>manaque</span> <span class='ocrx_word' id='word_1_777' title='bbox 2351 5377 2617 5443; x_wconf 87' lang='lat' dir='ltr'>ejusdem</span> <span class='ocrx_word' id='word_1_778' title='bbox 2651 5382 2863 5431; x_wconf 88' lang='lat' dir='ltr'>natura</span> <span class='ocrx_word' id='word_1_779' title='bbox 2891 5392 3123 5432; x_wconf 89' lang='lat' dir='ltr'>omnem</span> <span class='ocrx_word' id='word_1_780' title='bbox 3169 5394 3346 5449; x_wconf 88' lang='lat' dir='ltr'>super</span> <span class='ocrx_word' id='word_1_781' title='bbox 3370 5378 3652 5450; x_wconf 90' lang='lat' dir='ltr'>populum</span> 
     </span>
    </p>
   </div>
   <div class='ocr_carea' id='block_1_116' title="bbox 2002 5465 3650 5538">
    <p class='ocr_par' dir='ltr' id='par_1_116' title="bbox 2002 5465 3650 5538">
     <span class='ocr_line' id='line_1_116' title="bbox 2002 5465 3650 5538; baseline 0.001 -17"><span class='ocrx_word' id='word_1_782' title='bbox 2002 5465 2612 5538; x_wconf 84' lang='lat' dir='ltr'>potestatem,tametsi</span> <span class='ocrx_word' id='word_1_783' title='bbox 2642 5466 2892 5536; x_wconf 88' lang='lat' dir='ltr'>ipsemet</span> <span class='ocrx_word' id='word_1_784' title='bbox 2911 5466 3309 5538; x_wconf 89' lang='lat' dir='ltr'>Christus,qui</span> <span class='ocrx_word' id='word_1_785' title='bbox 3326 5468 3650 5523; x_wconf 90' lang='lat' dir='ltr'>secundum</span> 
     </span>
    </p>
   </div>
   <div class='ocr_carea' id='block_1_117' title="bbox 2723 5625 3657 5698">
    <p class='ocr_par' dir='ltr' id='par_1_117' title="bbox 2723 5625 3657 5698">
     <span class='ocr_line' id='line_1_117' title="bbox 2723 5625 3657 5698; baseline 0.002 -19"><span class='ocrx_word' id='word_1_786' title='bbox 2723 5625 2840 5679; x_wconf 70' lang='lat' dir='ltr'>raaf.</span> <span class='ocrx_word' id='word_1_787' title='bbox 2876 5642 3001 5698; x_wconf 90' lang='lat' dir='ltr'>cap.</span> <span class='ocrx_word' id='word_1_788' title='bbox 3032 5627 3088 5693; x_wconf 91' lang='lat'>2,</span> <span class='ocrx_word' id='word_1_789' title='bbox 3119 5628 3147 5696; x_wconf 85' lang='lat'>§</span> <span class='ocrx_word' id='word_1_790' title='bbox 3173 5627 3228 5681; x_wconf 88' lang='lat'>6.</span> <span class='ocrx_word' id='word_1_791' title='bbox 3306 5626 3350 5666; x_wconf 74' lang='lat'>6°</span> <span class='ocrx_word' id='word_1_792' title='bbox 3372 5625 3481 5682; x_wconf 92' lang='lat' dir='ltr'>lib.</span> <span class='ocrx_word' id='word_1_793' title='bbox 3516 5626 3657 5697; x_wconf 87' lang='lat' dir='ltr'>n,si&quot;</span> 
     </span>
    </p>
   </div>
   <div class='ocr_carea' id='block_1_118' title="bbox 229 5646 1865 5776">
    <p class='ocr_par' dir='ltr' id='par_1_118' title="bbox 229 5646 1865 5776">
     <span class='ocr_line' id='line_1_118' title="bbox 300 5646 1865 5757; baseline -0.007 -65"><span class='ocrx_word' id='word_1_794' title='bbox 300 5646 349 5718; x_wconf 61' lang='grc' dir='ltr'>ξ’</span> <span class='ocrx_word' id='word_1_795' title='bbox 378 5646 523 5691; x_wconf 84' lang='lat' dir='ltr'>tom.</span> <span class='ocrx_word' id='word_1_796' title='bbox 556 5646 606 5691; x_wconf 80' lang='grc' dir='ltr'>ιι</span> <span class='ocrx_word' id='word_1_797' title='bbox 640 5646 1056 5715; x_wconf 43' lang='grc' dir='ltr'>υρενκΑεηαηη</span> <span class='ocrx_word' id='word_1_798' title='bbox 1079 5648 1225 5757; x_wconf 54' lang='lat' dir='ltr'>pag.</span> <span class='ocrx_word' id='word_1_799' title='bbox 1257 5646 1364 5686; x_wconf 75' lang='lat' dir='ltr'>zoz</span> <span class='ocrx_word' id='word_1_800' title='bbox 1392 5646 1449 5685; x_wconf 74' lang='lat' dir='ltr'>et</span> <span class='ocrx_word' id='word_1_801' title='bbox 1478 5646 1599 5736; x_wconf 73' lang='lat' dir='ltr'>seq.</span> <span class='ocrx_word' id='word_1_802' title='bbox 1677 5646 1721 5663; x_wconf 72' lang='grc' dir='ltr'>ον</span> <span class='ocrx_word' id='word_1_803' title='bbox 1749 5646 1865 5683; x_wconf 69' lang='lat' dir='ltr'>rem</span> 
     </span>
     <span class='ocr_line' id='line_1_119' title="bbox 229 5699 1865 5776; baseline -0.021 3"><span class='ocrx_word' id='word_1_804' title='bbox 229 5708 360 5764; x_wconf 72' lang='grc' dir='ltr'>ωιῙι</span> <span class='ocrx_word' id='word_1_805' title='bbox 390 5707 447 5776; x_wconf 75' lang='grc'>9,</span> <span class='ocrx_word' id='word_1_806' title='bbox 477 5707 505 5773; x_wconf 87' lang='lat'><strong>§</strong></span> <span class='ocrx_word' id='word_1_807' title='bbox 534 5706 625 5763; x_wconf 64' lang='grc'>42-</span> <span class='ocrx_word' id='word_1_808' title='bbox 699 5707 742 5741; x_wconf 72' lang='grc'>⁵³</span> <span class='ocrx_word' id='word_1_809' title='bbox 771 5705 879 5761; x_wconf 82' lang='lat' dir='ltr'>lib.</span> <span class='ocrx_word' id='word_1_810' title='bbox 910 5720 996 5772; x_wconf 84' lang='lat' dir='ltr'>ni,</span> <span class='ocrx_word' id='word_1_811' title='bbox 1046 5720 1178 5760; x_wconf 83' lang='lat' dir='ltr'>simi</span> <span class='ocrx_word' id='word_1_812' title='bbox 1213 5745 1223 5756; x_wconf 93' lang='lat'>.</span> <span class='ocrx_word' id='word_1_813' title='bbox 1254 5704 1310 5769; x_wconf 88' lang='grc'>5,</span> <span class='ocrx_word' id='word_1_814' title='bbox 1345 5702 1457 5774; x_wconf 85' lang='lat'>§7.</span> <span class='ocrx_word' id='word_1_815' title='bbox 1534 5702 1555 5736; x_wconf 75' lang='grc' dir='ltr'><strong>δ</strong></span> <span class='ocrx_word' id='word_1_816' title='bbox 1612 5699 1764 5757; x_wconf 80' lang='lat' dir='ltr'>Psal.</span> <span class='ocrx_word' id='word_1_817' title='bbox 1801 5715 1865 5754; x_wconf 77' lang='lat' dir='ltr'>cx</span> 
     </span>
    </p>
   </div>
   <div class='ocr_carea' id='block_1_119' title="bbox 1983 5646 3659 5776">
    <p class='ocr_par' dir='ltr' id='par_1_119' title="bbox 1983 5646 3659 5769">
     <span class='ocr_line' id='line_1_120' title="bbox 1983 5646 3657 5698; baseline 0 -17"><span class='ocrx_word' id='word_1_818' title='bbox 1983 5646 2121 5682; x_wconf 81' lang='grc' dir='ltr'>ιοω.</span> <span class='ocrx_word' id='word_1_819' title='bbox 2158 5646 2206 5682; x_wconf 84' lang='lat' dir='ltr'>ll</span> <span class='ocrx_word' id='word_1_820' title='bbox 2238 5646 2408 5683; x_wconf 82' lang='lat' dir='ltr'>meat.</span> <span class='ocrx_word' id='word_1_821' title='bbox 2444 5646 2646 5695; x_wconf 68' lang='lat'>(109171.,</span> <span class='ocrx_word' id='word_1_822' title='bbox 2723 5646 2840 5679; x_wconf 59' lang='lat' dir='ltr'>I‘EI.</span> <span class='ocrx_word' id='word_1_823' title='bbox 2876 5646 3001 5698; x_wconf 66' lang='grc' dir='ltr'>(κιρ.</span> <span class='ocrx_word' id='word_1_824' title='bbox 3032 5646 3088 5693; x_wconf 73' lang='grc' dir='ltr'>Ζρ,</span> <span class='ocrx_word' id='word_1_825' title='bbox 3119 5646 3147 5696; x_wconf 75' lang='lat' dir='ltr'><strong>s</strong></span> <span class='ocrx_word' id='word_1_826' title='bbox 3173 5646 3228 5681; x_wconf 89' lang='grc' dir='ltr'>ο.</span> <span class='ocrx_word' id='word_1_827' title='bbox 3306 5646 3350 5666; x_wconf 85' lang='lat'><strong>°&quot;</strong></span> <span class='ocrx_word' id='word_1_828' title='bbox 3372 5646 3481 5682; x_wconf 82' lang='lat' dir='ltr'>HD.</span> <span class='ocrx_word' id='word_1_829' title='bbox 3516 5646 3657 5697; x_wconf 72' lang='lat'>11,81&#39;</span> 
     </span>
     <span class='ocr_line' id='line_1_121' title="bbox 1983 5646 3659 5769; baseline 0.001 -18"><span class='ocrx_word' id='word_1_830' title='bbox 1983 5743 1994 5769; x_wconf 82' lang='lat'>,</span> <span class='ocrx_word' id='word_1_831' title='bbox 2024 5699 2114 5753; x_wconf 81' lang='grc'>91.</span> <span class='ocrx_word' id='word_1_832' title='bbox 2191 5699 2235 5733; x_wconf 74' lang='grc'><strong><em>⁵⁸</em></strong></span> <span class='ocrx_word' id='word_1_833' title='bbox 2265 5698 2364 5754; x_wconf 88' lang='lat' dir='ltr'>lib.</span> <span class='ocrx_word' id='word_1_834' title='bbox 2414 5715 2497 5766; x_wconf 83' lang='lat' dir='ltr'>III,</span> <span class='ocrx_word' id='word_1_835' title='bbox 2532 5646 2716 5753; x_wconf 44' lang='lat' dir='ltr'>simil?</span> <span class='ocrx_word' id='word_1_836' title='bbox 2738 5698 2793 5766; x_wconf 87' lang='lat'>9,</span> <span class='ocrx_word' id='word_1_837' title='bbox 2826 5701 2853 5766; x_wconf 85' lang='lat'>§</span> <span class='ocrx_word' id='word_1_838' title='bbox 2886 5699 2972 5754; x_wconf 75' lang='lat' dir='ltr'>Ui.</span> <span class='ocrx_word' id='word_1_839' title='bbox 3048 5699 3093 5733; x_wconf 80' lang='lat'><strong>“</strong></span> <span class='ocrx_word' id='word_1_840' title='bbox 3122 5697 3222 5754; x_wconf 88' lang='lat' dir='ltr'>lib.</span> <span class='ocrx_word' id='word_1_841' title='bbox 3253 5715 3337 5768; x_wconf 85' lang='lat' dir='ltr'>III,</span> <span class='ocrx_word' id='word_1_842' title='bbox 3390 5698 3571 5754; x_wconf 87' lang='lat' dir='ltr'>simil.</span> <span class='ocrx_word' id='word_1_843' title='bbox 3602 5699 3659 5769; x_wconf 82' lang='lat'>7,</span> 
     </span>
    </p>
   </div>
   <div class='ocr_carea' id='block_1_120' title="bbox 216 5777 781 5849">
    <p class='ocr_par' dir='ltr' id='par_1_120' title="bbox 216 5777 781 5849">
     <span class='ocr_line' id='line_1_122' title="bbox 216 5777 781 5849; baseline -0.004 -14"><span class='ocrx_word' id='word_1_844' title='bbox 216 5782 247 5849; x_wconf 85' lang='lat'><strong>§</strong></span> <span class='ocrx_word' id='word_1_845' title='bbox 281 5780 365 5835; x_wconf 83' lang='grc'><strong>14.</strong></span> <span class='ocrx_word' id='word_1_846' title='bbox 492 5778 650 5835; x_wconf 74' lang='lat' dir='ltr'>“loc.</span> <span class='ocrx_word' id='word_1_847' title='bbox 682 5777 781 5835; x_wconf 85' lang='lat' dir='ltr'>cit.</span> 
     </span>
    </p>
   </div>
  </div>
