4086 6342
472 338 587 403 851

1978 339 2043 399 S.
2089 336 2391 399 HERMIE

3761 331 3871 395 852

472 474 729 533 divinam
778 491 947 531 suam
997 472 1389 530 substantiam
1446 472 1598 529 Patri
1649 473 1719 527 ad
1771 473 2117 528 contendam
2149 474 2202 538 Α
2231 480 2342 527 stus
2369 471 2538 525 semel
2564 487 2669 543 pro
2695 472 3315 542 peccatis.mortuus.....
3348 468 3410 524 in
3438 484 3542 541 quo
3586 476 3641 524 et
3670 466 3755 523 his
3786 471 3878 541 qui

474 572 801 623 creaturam
834 565 1391 633 adfuerat,ejusdem
1417 580 1549 618 cum
1572 563 1699 634 ipso
1728 563 1880 617 sicut
1902 567 2122 617 naturae

474 654 564 712 ita
591 658 648 711 et
677 653 981 726 potestatis
1014 669 1245 725 semper
1276 652 1469 707 fuerit.

545 744 692 799 Cum
741 746 899 798 sarta
948 742 1147 814 igitur,
1191 746 1343 797 tecta
1394 743 1732 813 integraque
1780 741 1857 795 sit
1902 740 2124 795 Hermas

474 833 663 890 nostri
697 832 767 888 de
818 848 1053 887 summa
1078 831 1297 886 Christi
1346 832 1651 885 divinitate
1696 830 1983 897 doctrina,
2022 846 2128 883 nec

476 921 617 995 quid
650 920 887 977 omnino
920 925 1122 976 contra
1178 920 1340 975 illam
1376 921 1487 975 nisi
1519 920 1812 975 insulsum
1846 919 2038 990 plane,
2070 924 2127 973 et

474 1011 741 1083 ineptum
772 1010 999 1066 effutire
1026 1010 1323 1081 potuerint
1353 1010 1627 1073 haeretici,
1649 1027 1801 1063 unus
1833 1013 2026 1063 tamen
2060 1024 2128 1062 ex

477 1100 563 1157 eis
592 1116 779 1172 pauca
809 1099 1076 1172 quaedam
1106 1099 1295 1171 ipsius
1326 1100 1499 1153 verba
1529 1098 1985 1169 arrosit,quibus
2007 1098 2129 1167 Spi-

477 1190 628 1246 ritus
658 1189 845 1245 sancti
875 1188 1238 1244 divinitatem
1272 1190 1342 1242 ab
1374 1205 1439 1243 eo
1472 1195 1743 1260 negatam
1778 1187 1960 1242 fuisse
1994 1204 2127 1257 pro-

476 1279 617 1335 bare
643 1294 947 1351 perperam
980 1281 1224 1333 conatus
1247 1278 1494 1331 est.Haac
1523 1294 1694 1348 porro
1719 1281 2013 1348 sunt,qua3
2036 1275 2131 1330 ille

479 1367 652 1425 nobis
680 1367 884 1438 objicit
916 1385 928 1422 :
963 1368 1142 1437 Neque
1170 1384 1292 1421 cum
1324 1368 1460 1435 vult,
1492 1368 1702 1421 homini
1733 1368 1971 1437 loquitur
1998 1366 2130 1436 Spi-

477 1459 622 1514 ritus
668 1464 904 1523 sanctus,
954 1457 1045 1511 sed
1091 1465 1219 1511 tunc
1262 1458 1510 1527 loquitur
1562 1473 1685 1509 cum
1736 1458 1849 1509 vult
1895 1458 2037 1511 Deus
2065 1457 2129 1507 εδδ.

481 1546 593 1604 Sed
624 1546 674 1601 si
706 1545 863 1601 hunc
880 1545 1255 1601 Socinianum
1274 1545 1574 1600 hominem
1598 1545 1854 1599 nefarius
1885 1545 2134 1599 errantis

482 1638 653 1693 sectis
702 1651 867 1689 amor
896 1635 1133 1706 penitus
1183 1652 1298 1689 non
1333 1634 1704 1700 obcaecasset,
1754 1633 2136 1689 intellexisset

481 1724 685 1797 utique
716 1723 867 1779 hanc
896 1739 1023 1779 esse
1052 1724 1273 1779 Hermae
1307 1724 1489 1778 nostri
1522 1727 1864 1789 mentem,et
1895 1741 2135 1777 sensum

2234 564 2293 617 in
2322 580 2491 617 carne
2509 562 2970 631 erantspiritibus
3002 563 3219 615 veniens
3246 560 3691 631 praedicavit,qui
3713 561 3876 613 incre-

2232 652 2354 706 duli
2379 654 2601 721 fuerant
2631 652 2695 719 69,
2730 652 2974 714 etc.Quo
3002 650 3181 722 igitur
3214 650 3382 703 modo
3418 650 3660 704 Hermas
3692 648 3874 703 dicere

2236 746 2461 813 poterat
2494 759 2505 795 :
2543 742 2779 811 Apostoli
2828 746 2879 794 et
2908 740 3149 794 doctores
3192 740 3642 810 praedicaverunt
3685 754 3875 792 nomen

2238 832 2370 886 Filii
2403 831 2609 886 Dei.....
2644 833 2729 885 his
2758 832 2855 900 qui
2882 834 3009 884 ante
3039 831 3407 883 obierunt.....
3438 836 3487 883 et
3516 832 3878 895 cognoverunt

2234 921 2439 974 Filium
2472 921 2607 974 Dei?

2308 1008 2576 1064 Clemens
2606 1008 3033 1063 Alexandrinus
3055 1008 3285 1063 videtur
3315 1008 3549 1079 quidem
3572 1005 3882 1062 difficulta-

2239 1098 2315 1152 tis
2364 1099 2580 1153 nodum
2636 1114 2852 1163 secare,
2911 1098 3009 1151 ubi
3060 1099 3123 1164 το,
3156 1098 3348 1151 citatis
3398 1097 3653 1152 auctoris
3700 1096 3884 1150 nostri

2236 1188 2537 1255 verbis,ait
2566 1188 2862 1242 Christum
2895 1188 3048 1258 apud
3094 1187 3310 1241 inferos
3343 1186 3594 1241 Hebrazis
3627 1186 3882 1256 Evange-

2240 1278 2387 1332 lium
2420 1276 3128 1348 annuntiasse,apostolos
3157 1293 3289 1331 vero
3320 1278 3391 1330 iis
3420 1277 3519 1347 qui
3542 1292 3610 1330 ex
3638 1276 3885 1346 gentibus

2241 1370 2357 1438 apti
2383 1371 2549 1421 erant
2596 1366 2671 1421 ad
2717 1368 3139 1421 conversionem.
3174 1368 3247 1420 Et
3296 1368 3435 1420 recte
3489 1364 3691 1419 dictum
3725 1382 3758 1418 a
3788 1369 3887 1419 Pa-

2240 1464 2383 1512 store
2408 1474 2426 1510 :
2464 1478 2490 1505 ‹‹
2520 1456 2919 1511 Descenderunt
2965 1472 3094 1523 ergo
3120 1457 3181 1509 in
3212 1471 3429 1525 aquam,
3469 1476 3489 1503 ιι
3522 1458 3633 1509 etc.
3671 1454 3887 1508 Verum

2244 1547 2292 1601 si
2328 1546 2434 1600 hac
2468 1544 2846 1617 explicatione
2864 1544 3132 1600 Clemens
3156 1545 3371 1599 nodum
3403 1542 3701 1598 difﬁcilem
3729 1560 3890 1614 expe-

2246 1636 2367 1691 dire
2400 1636 2648 1702 videtur,
2684 1636 2743 1689 in
2799 1634 2979 1689 alium
3012 1634 3267 1705 profecto
3300 1633 3470 1705 longe
3500 1632 3887 1688 difﬁciliorem

2246 1724 2469 1779 incidit.
2505 1725 2606 1779 Ille
2655 1724 2872 1796 quippe
2903 1725 3068 1779 docet
3105 1724 3381 1778 Hermam
3432 1722 3739 1794 opinatum
3769 1738 3890 1777 esse

482 1813 760 1872 omnibus
811 1812 975 1867 facile
1035 1814 1267 1868 obvium
1314 1831 1327 1870 :
1378 1815 1555 1883 Neque
1601 1830 1728 1866 cum
1778 1812 1949 1867 homo
1999 1813 2134 1879 vult,
2168 1847 2215 1911 Β
2246 1815 2442 1887 plures
2473 1831 2540 1868 ex
2572 1814 2821 1868 ethnicis
2854 1812 3411 1883 hominibusjustis,
3436 1828 3570 1867 cum
3597 1811 3889 1867 Christum

483 1903 700 1960 homini
730 1902 974 1973 loquitur
1003 1902 1244 1974 Spiritus
1276 1910 1514 1971 sanctus,
1546 1904 1642 1956 sed
1671 1919 1793 1956 cum
1824 1903 1941 1956 vult
1974 1904 2133 1956 Deus.

482 1992 554 2048 At
599 1990 763 2064 quid,
816 1992 1079 2057 obsecro,
1127 2008 1196 2046 ex
1245 1991 1339 2045 his
1387 1992 1577 2047 verbis
1626 1996 1827 2045 contra
1890 1991 2138 2062 Spiritus

485 2080 673 2139 sancti
704 2079 1066 2135 divinitatem
1103 2098 1115 2135 :
1151 2080 1267 2134 imo
1301 2097 1433 2134 vero
1468 2080 1605 2151 quid
1641 2096 1707 2134 ex
1738 2079 2002 2143 illis,nisi
2036 2098 2138 2151 pro

484 2170 802 2228 asserenda
835 2168 1031 2224 divina
1059 2169 1216 2225 illius
1249 2174 1461 2223 natura
1491 2169 1757 2223 concludi
1792 2174 1983 2239 potest
2007 2169 2035 2223 ?
2058 2169 2140 2224 lbi

485 2259 643 2317 enim
664 2259 1084 2315 Hermasveros
1109 2260 1423 2330 prophetas
1448 2259 1641 2313 divino
1658 2258 2139 2329 Spiritu,quando

485 2350 738 2422 ipsemet
784 2347 986 2415 voluit,
1029 2348 1259 2404 afﬂatos
1310 2348 1489 2402 fuisse
1536 2352 1851 2403 asseverat.
1884 2350 1956 2401 At
2009 2347 2142 2418 quis

487 2436 713 2495 nesciat
733 2442 1002 2493 strenuos
1028 2438 1270 2491 Nicena:
1293 2438 1427 2492 fidei
1450 2438 1783 2492 defensores
1809 2437 1917 2491 hoc
1950 2438 2020 2491 ad
2045 2438 2142 2491 de-

488 2526 796 2584 bellandos
842 2526 1110 2593 Arianos,
1143 2530 1200 2582 et
1239 2527 1495 2598 Spiritus
1545 2526 1731 2581 sancti
1778 2526 2142 2580 divinitatem

493 2616 777 2672 adversus
807 2615 1257 2671 Macedoniunos
1278 2616 1491 2671 invicte
1512 2616 1998 2687 propugnandam
2025 2616 2145 2671 efﬁ-

495 2703 827 2772 cacissimo,
859 2705 943 2759 uti
976 2706 1148 2776 plane
1173 2722 1287 2761 non
1343 2706 1635 2760 immerito
1666 2705 1972 2776 putabant,
2007 2722 2145 2760 usos

492 2810 624 2852 esse
656 2798 1018 2867 argumento.

1027 2881 1432 2937 ARTICULUS
1472 2881 1613 2935 XIX.

501 2971 697 3030 Utrum
728 2972 959 3044 apostoli
986 2973 1195 3026 mortui
1217 2972 1634 3043 prwdicaverint
1662 2987 1859 3026 nomen
1892 2972 2025 3025 Filii
2054 2972 2151 3025 Dei

918 3044 991 3099 iis
1019 3045 1120 3115 qui
1146 3043 1291 3115 apud
1324 3046 1528 3114 in/eros
1557 3051 1733 3098 erant.

563 3149 668 3207 His
698 3150 895 3222 itaque
947 3150 1119 3223 longe
1149 3150 1441 3206 difﬁcilior
1488 3155 1543 3205 et
1572 3151 1877 3205 obscurior
1922 3154 2146 3205 Hermae

2248 1904 2365 1957 illis
2388 1902 2631 1975 apostoli
2658 1902 3171 1973 prmdicassent,ab
3196 1902 3397 1956 inferis
3420 1900 3893 1971 liberatos,atque

2248 2012 2282 2049 a
2311 1992 2539 2047 Christo
2594 1998 2805 2047 aeterna
2852 1993 3095 2046 donatos
3146 1990 3439 2046 felicitate.
3474 1993 3609 2058 Quae
3658 1990 3894 2061 quidem

2250 2083 2447 2154 opinio
2501 2082 2571 2135 ab
2612 2081 2937 2153 Augustino
2968 2083 3009 2115 τί
3043 2086 3327 2152 tanquam
3372 2080 3609 2135 omnino
3658 2095 3897 2134 erronea

2252 2172 2615 2242 repudiatur.
2650 2172 2865 2225 Deinde
2897 2171 3143 2225 Hermas
3177 2169 3405 2224 nullum
3453 2170 3724 2225 Hebreeos
3758 2169 3899 2223 inter

2251 2266 2307 2316 et
2329 2261 2591 2315 ethnicos
2618 2260 2778 2331 ponit
2800 2260 3116 2314 discrimen
3144 2278 3156 2327 ;
3181 2261 3298 2314 imo
3323 2266 3519 2330 aperte
3548 2258 3815 2329 loquitur
3835 2258 3898 2311 de

2252 2350 2506 2405 Hebraais
2533 2366 2633 2420 per
2664 2349 2886 2419 lapides
2918 2367 2971 2418 Χ,
3004 2366 3113 2403 xxv
3144 2354 3198 2403 et
3226 2366 3336 2402 xxx
3367 2346 3897 2418 adumbratis,qui-

2254 2440 2501 2495 buscum
2534 2438 3273 2509 apostoli,quadragesimo
3307 2437 3498 2509 lapide
3530 2436 3898 2509 ﬁgurati,de—

2254 2530 2625 2594 scenderuut,
2659 2528 2858 2599 eisque
2892 2527 3013 2581 Filii
3046 2528 3145 2581 Dei
3180 2528 3636 2599 praedicaverunt
3666 2543 3897 2581 nomen.

2325 2620 2689 2689 Quapropter
2718 2617 3184 2688 putamus,salva
3198 2621 3393 2672 tamen
3413 2616 3609 2672 debita
3624 2615 3899 2671 Clementi

2256 2708 2597 2775 reverentia,
2632 2708 2825 2761 locum
2859 2707 3083 2761 Hermae
3116 2706 3229 2761 alio
3261 2723 3437 2761 sensu
3470 2707 3897 2778 exponendum,

2256 2814 2323 2854 eo
2336 2796 2558 2853 scilicet
2572 2814 2686 2868 quo
2701 2796 3065 2868 Augustinus
3088 2796 3357 2867 superius
3371 2795 3547 2851 allata
3568 2797 3721 2851 Petri
3738 2796 3903 2850 verba

2256 2888 2673 2958 interpretatus
2729 2894 2835 2940 est.
2879 2885 3182 2939 Enimvero
3232 2902 3364 2940 cum
3417 2884 3685 2954 Evodius,
3724 2885 3795 2939 ab
3843 2901 3901 2939 eo

2258 2976 2360 3031 illa
2393 2975 2505 3031 sibi
2528 2974 2801 3046 explicari
2829 2972 3582 3045 poposcisset,Augustinus
3606 2974 3651 3007 ⁷2
3675 2978 3900 3045 quanta

2259 3067 2379 3121 sint
2402 3065 2479 3119 ibi
2498 3063 2871 3119 difﬁcultates
2896 3064 3152 3135 primum
3175 3062 3647 3135 exponit.Deinde
3670 3080 3905 3135 respon-

2261 3153 2498 3219 det,illis
2532 3153 2681 3207 Petri
2713 3153 2903 3207 verbis
2939 3170 2951 3207 :
2987 3154 3080 3207 His
3111 3155 3206 3222 qui
3236 3153 3294 3206 in
3322 3169 3486 3208 carne
3515 3154 3905 3225 erant,spirili-

491 3238 677 3312 locus,
712 3259 746 3297 a
774 3240 1068 3297 Clemente
1096 3245 1294 3296 tamen
1339 3240 1727 3295 Alexandrino
1761 3239 1939 3295 semel
1972 3244 2147 3310 atque
2180 3219 2221 3286 (ἶ
2262 3244 2377 3307 bus,
2413 3259 2511 3297 eos
2563 3240 2809 3312 intelligi
2843 3256 3033 3311 posse,
3069 3219 3165 3312 qui
3223 3246 3352 3296 tunc
3397 3246 3565 3296 erant
3614 3244 3672 3296 in
3724 3219 3901 3308 rarae,

490 3329 705 3386 iterum
737 3330 977 3399 citatus,
1012 3330 1096 3385 sic
1126 3331 1379 3385 habetur
1407 3331 1450 3364 ⁶⁷
1486 3346 1498 3384 :
1532 3331 1774 3401 Apostoli
1804 3338 1857 3384 et
1886 3330 2147 3398 doctores,

491 3422 590 3495 qui
637 3422 1083 3490 praedicaverunt
1125 3436 1320 3475 nomen
1371 3421 1503 3474 Filii
1550 3421 1670 3489 Dei,
1723 3436 1843 3473 eum
1895 3420 2151 3474 habentes

488 3510 655 3581 ﬁdem
701 3510 817 3581 ejus
856 3518 907 3564 et
932 3513 1251 3580 potestatem
1297 3509 1543 3578 defuncti
1589 3516 1781 3569 essent.
1808 3509 2149 3579 praedicave-

490 3607 627 3656 runt
654 3598 741 3653 his
785 3600 883 3671 qui
912 3606 1040 3653 ante
1082 3600 1335 3653 obierunt
1360 3607 1409 3653 et
1450 3600 1556 3669 ipsi
1584 3598 1854 3653 dederunt
1882 3614 1959 3652 eis
2009 3598 2150 3653 illud

490 3690 746 3757 signum.
773 3686 1183 3742 Descenderunt
1236 3688 1410 3755 igitur
1438 3690 1497 3740 in
1530 3704 1734 3757 aquam
1773 3703 1900 3742 cum
1931 3687 2065 3753 illis,
2098 3695 2150 3741 et

486 3778 696 3834 iterum
742 3774 1104 3831 ascenderunt
1136 3793 1153 3829 :
1185 3776 1280 3830 sed
1312 3776 1370 3829 hi
1418 3778 1529 3829 vivi
1557 3776 1935 3842 ascenderunt,
1967 3779 2027 3829 at
2058 3776 2151 3830 illi

488 3868 585 3939 qui
619 3866 855 3941 fuerunt
903 3868 1031 3920 ante
1058 3865 1323 3935 defuncti,
1357 3866 1564 3919 mortui
1592 3866 1813 3935 quidem
1860 3865 2145 3920 descende-

486 3959 639 4028 runt,
670 3955 763 4011 sed
790 3956 905 4010 vivi
933 3954 1312 4010 ascenderunt.
1344 3960 1452 4009 Per
1482 3956 1574 4008 hos
1607 3956 1777 4025 igitur
1806 3956 1973 4009 vitam
2004 3971 2148 4009 acce-

483 4047 704 4117 perunt,
740 4048 793 4099 et
820 4048 1187 4115 cognoverunt
1217 4047 1263 4097 F
1266 4045 1427 4098 ilium
1458 4045 1599 4105 Dei;
1630 4044 1857 4114 ideoque
1888 4044 2149 4100 ascende-

484 4142 619 4190 runt
647 4150 773 4190 cum
800 4134 1076 4189 illis.Haac
1105 4150 1213 4188 vox
1241 4135 1477 4205 signum
1506 4133 1585 4187 ibi
1620 4133 1765 4188 nihil
1796 4138 1967 4189 sonat
1988 4132 2147 4187 aliud

488 4240 670 4297 quam
716 4223 1099 4295 baptismum,
1134 4223 1614 4294 quandoquidem
1670 4224 1909 4278 Hermas
1961 4224 2145 4278 conti-

491 4315 701 4369 nenter
736 4311 1068 4383 subjungit,
1093 4311 1490 4367 descenderunt
1523 4314 1580 4366 in
1611 4329 1831 4381 aquam.
1870 4313 1979 4367 Sed
2014 4330 2146 4366 cum

494 4400 698 4458 nullus
719 4400 833 4456 nisi
855 4400 914 4455 in
944 4400 1053 4455 hac
1083 4400 1333 4467 vita,nec
1360 4400 1473 4455 nisi
1495 4402 1566 4455 ab
1599 4400 1940 4455 hominibus
1960 4401 2149 4457 viven-

484 4488 649 4545 tibus
700 4489 998 4562 baptismo
1029 4489 1217 4561 possit
1246 4488 1425 4557 ablui,
1460 4488 1578 4544 illic
1607 4506 1739 4545 vero
1783 4490 2147 4562 baptizantes

2259 3336 2419 3403 atque
2449 3332 2785 3398 ignorantia:
2815 3332 3052 3384 tenebris
3073 3331 3224 3385 velut
3248 3346 3461 3385 carcere
3489 3331 3900 3385 claudebantur.

2259 3421 2457 3491 Neque
2484 3425 2679 3474 tamen
2712 3419 2821 3473 hoc
2854 3418 2965 3473 sibi
2991 3419 3207 3473 idcirco
3238 3419 3412 3490 objici
3445 3436 3615 3491 posse
3646 3420 3901 3487 putabat,

2262 3513 2416 3583 quod
2467 3511 2719 3565 Christus
2750 3509 2997 3563 nondum
3026 3520 3250 3564 venerat
3280 3510 3337 3564 in
3381 3526 3566 3564 carne.
3602 3511 3901 3576 Quoniam,

2258 3600 2451 3672 inquit
2483 3604 2722 3654 sanctus
2753 3600 2955 3654 doctor
2988 3617 3001 3653 :
3036 3600 3150 3669 Ipse
3178 3601 3369 3669 utique
3398 3616 3509 3654 non
3541 3602 3596 3653 in
3627 3598 3899 3669 carne,scd

2258 3692 2315 3744 in
2347 3690 2551 3760 spiritu
2581 3688 2830 3743 veniebat
2858 3688 2993 3742 visis
3018 3690 3301 3756 congruis,
3330 3688 3639 3757 colloquens
3668 3705 3806 3760 quos
3828 3704 3899 3743 vo-

2263 3777 2429 3845 lebat,
2462 3780 2601 3832 sicut
2632 3778 2857 3831 volebat.
2884 3776 3099 3831 Eodem
3135 3776 3311 3848 igitur
3342 3780 3515 3848 atque
3544 3779 3899 3848 Augustinus

2257 3884 2436 3922 sensu
2465 3870 2711 3921 Hermas
2763 3864 2952 3919 dicere
2985 3870 3229 3936 poterat,
3266 3866 3420 3937 quod
3451 3864 3694 3937 apostoli
3734 3874 3784 3921 et
3808 3883 3897 3920 au-

2257 3964 2539 4011 ctores.....
2594 3954 3032 4025 przedicaverunt
3062 3954 3151 4009 his
3204 3957 3299 4024 qui
3330 3962 3455 4009 ante
3492 3955 3771 4026 obierunt,
3804 3955 3899 4009 hoc

2258 4050 2366 4115 est,
2400 4043 2617 4100 mortui
2650 4048 2787 4098 sunt
2814 4042 3449 4115 tenebris,ignorantia,
3480 4042 3823 4100 infidelitate
3852 4050 3899 4100 et

2257 4132 2683 4191 incredulitate.

2331 4228 2417 4293 At,
2452 4223 2708 4295 inquies,
2740 4238 2845 4276 cur
2894 4238 3029 4294 ergo
3065 4224 3134 4278 de
3166 4222 3445 4294 apostolis
3477 4224 3721 4278 Hermas
3770 4220 3899 4276 sub-

2253 4314 2452 4385 jungit
2486 4330 2498 4367 :
2534 4312 2985 4368 I’rwdicaverunt
3032 4328 3229 4367 nomen
3258 4313 3394 4367 Filii
3421 4313 3634 4367 Dei.....
3665 4328 3788 4366 cum
3816 4309 3899 4365 de-

2257 4404 2437 4475 functi
2464 4409 2636 4457 essent
2658 4404 2682 4453 ?
2712 4402 2945 4467 Quidni,
2992 4400 3326 4473 inquiemus
3355 4406 3411 4456 et
3453 4418 3579 4468 nos,
3613 4401 3735 4456 haec
3775 4416 3897 4471 apo-

2259 4492 2546 4548 stolorum
2570 4507 2727 4545 mors
2747 4490 3036 4559 spirituali
3068 4508 3300 4562 quoque
3322 4508 3499 4547 sensu
3522 4488 3893 4562 intelligatur!

489 4577 765 4651 apostoli,
799 4582 975 4649 atque
1026 4578 1100 4634 ab
1131 4578 1215 4634 eis
1248 4579 1526 4650 baptizati
1578 4579 1794 4633 mortui
1828 4584 1883 4634 et
1914 4596 2151 4650 corpore
2185 4592 2226 4655 ι)
2260 4582 2405 4647 Quia
2436 4579 2716 4634 nimirum
2738 4583 2907 4633 vetus
2934 4595 3137 4634 eorum
3170 4580 3345 4635 homo
3376 4596 3509 4635 cum
3529 4579 3761 4636 Christo
3783 4595 3897 4633 cru-

487 4666 670 4724 soluti
703 4667 1102 4735 dicantur;ibi
1136 4668 1391 4739 profecto
1426 4668 1496 4722 de
1528 4668 1650 4722 solo
1682 4667 1934 4739 spiritali
1965 4669 2151 4740 bapti-

487 4760 676 4813 smate
725 4761 936 4829 agatur
959 4773 1197 4813 necesse
1248 4761 1355 4813 est.
1392 4758 1553 4820 Quod
1608 4763 1759 4811 certe
1814 4756 1923 4812 loci
1972 4758 2150 4829 hujus

486 4844 896 4902 difﬁcultatem
926 4863 1042 4901 non
1075 4846 1311 4914 minuit,
1346 4847 1447 4901 sed
1480 4852 1655 4917 auget
1687 4846 2029 4918 plurimum.

557 4938 793 4992 Certum
826 4939 916 4991 est
934 4936 1090 4991 enim
1115 4935 1417 4992 Christum
1450 4941 1582 5007 post
1608 4940 1856 4991 mortem
1888 4953 2054 4991 suam
2075 4938 2147 4992 ad

483 5025 703 5081 inferos
735 5025 1132 5080 descendisse.
1167 5024 1329 5080 Unde
1361 5024 1719 5095 Augustinus
1750 5027 1792 5059 6⁸
1829 5044 1841 5080 :
1878 5028 2009 5093 Quis
2036 5027 2152 5080 nisi

484 5115 733 5186 inﬁdelis
762 5117 1046 5186 negaverit
1065 5117 1237 5186 fuisse
1265 5116 1416 5187 apud
1449 5118 1654 5185 inferos
1688 5116 1969 5170 Christum
1984 5116 2152 5170 ?Con-

491 5208 610 5262 stat
638 5204 814 5260 etiam
848 5204 1145 5260 Christum
1178 5208 1316 5259 tunc
1349 5204 1701 5277 patriarchis
1727 5206 2021 5276 justisque
2053 5205 2151 5258 ho-

494 5292 754 5350 minibus
778 5293 857 5349 ibi
882 5294 1233 5367 degentibus
1255 5311 1382 5350 sese
1407 5294 1785 5349 manifestum
1806 5294 2148 5365 praebuisse,

487 5382 574 5439 uti
606 5398 675 5438 ex
706 5382 801 5438 his
848 5383 1003 5438 Petri
1036 5383 1288 5456 apostoli
1318 5382 1513 5439 verbis
1561 5382 1911 5456 intelligitur
1941 5401 1953 5439 :
1991 5382 2149 5441 Chri-

554 5614 601 5649 “
632 5613 732 5671 lib.
768 5631 831 5681 ιι,
862 5614 1122 5670 mandat.
1161 5615 1247 5669 12.
1322 5618 1364 5651 6⁷
1397 5616 1496 5670 lib.
1532 5634 1617 5681 ιιι,
1647 5614 1869 5671 similit.
1901 5617 1956 5669 9.
2034 5616 2077 5650 ⁸⁸
2107 5614 2290 5687 Epist.
2326 5617 2450 5685 164,
2470 5616 2539 5671 ad
2569 5614 2729 5672 Evod.
2806 5614 2851 5649 ⁶⁹
2882 5614 2902 5668 Ι
2937 5612 3087 5670 Petr.
3123 5616 3301 5686 111,18.

554 5686 602 5742 3.
679 5688 723 5723 τί
755 5685 866 5742 loc.
900 5701 1032 5745 sup.
1065 5686 1161 5741 cit.
1241 5687 1289 5721 τ’
1315 5688 1499 5745 Epist.
1535 5689 1656 5745 164.
1688 5688 1759 5743 ad
1787 5688 1959 5744 Evod.
2038 5690 2082 5723 73
2110 5688 2276 5745 Rom.
2308 5705 2386 5745 vx.
2415 5690 2469 5744 6.

2264 5730 2276 5743 ο
2319 5730 2386 5760 'l’
2417 5730 2469 5744 VI

487 5686 520 5759 §
548 5686 602 5742 3.
679 5688 723 5723 τί
755 5685 866 5742 loc.
900 5701 1032 5756 sup.
1065 5686 1161 5741 cit.
1241 5687 1289 5721 τ’
1315 5688 1499 5758 Epist.
1535 5689 1656 5758 164,
1688 5688 1759 5743 ad
1787 5688 1959 5744 Evod.

2261 4672 2467 4728 cilixus
2511 4673 2567 4724 et
2612 4672 2878 4723 mortuus
2928 4669 3132 4735 fuerat,
3167 4686 3231 4723 ac
3280 4669 3645 4724 destructum
3696 4682 3893 4740 corpus

2260 4760 2501 4835 peccati,
2538 4762 2600 4812 ut
2628 4756 2977 4828 loquebatur
3006 4757 3222 4812 Paulus
3253 4758 3317 4809 τε).
3354 4759 3420 4812 Et
3451 4762 3601 4813 certe
3631 4757 3753 4812 haec
3780 4773 3891 4810 ver-

2260 4854 2466 4906 borum
2499 4849 2721 4903 Hermae
2751 4846 3154 4917 interpretatio
3181 4847 3312 4902 inde
3343 4844 3894 4918 confirmatur,quod

2259 4937 2357 4993 ille
2387 4937 2662 4991 continuo
2695 4934 2872 4989 addat
2906 4950 2917 4989 :
2952 4935 3054 4989 Sed
3084 4936 3148 4990 hi
3174 4937 3291 4990 vivi
3328 4936 3713 4991 ascenderunt.
3746 4933 3893 4999 Quod

2260 5026 2495 5097 quidem
2529 5027 2599 5079 de
2630 5024 2748 5078 vita
2767 5022 3895 5097 spiritualiipsemetinterpretatus,sub-

2260 5116 2345 5169 dit
2378 5132 2390 5169 :
2429 5116 2618 5169 Vitam
2646 5121 3010 5184 receperunt;
3041 5123 3091 5168 et
3119 5123 3497 5186 cognoverunt
3546 5116 3751 5170 Filium
3783 5114 3889 5168 Dei.

2260 5204 2519 5275 Denique
2551 5220 2619 5257 ex
2643 5204 2768 5273 jam
2803 5202 2976 5256 dictis
3009 5208 3230 5258 certum
3264 5210 3351 5259 est
3381 5208 3657 5259 Hermam
3688 5217 3890 5260 sermo-

2262 5311 2393 5349 nem
2426 5293 2505 5346 ibi
2541 5294 2724 5346 facere
2756 5292 2827 5345 de
2861 5290 3151 5362 spirituali
3186 5292 3571 5364 baptismo,id
3592 5297 3682 5348 est
3708 5289 3889 5363 cogni-

2261 5384 2416 5438 tione
2446 5381 2575 5436 Filii
2606 5380 2727 5438 Dei.
2763 5381 2877 5436 Cur
2907 5396 3043 5452 ergo
3077 5385 3234 5437 totus
3265 5380 3373 5437 iste
3404 5381 3567 5438 locus
3614 5377 3885 5454 spirituali

3378 5616 3422 5651 το
3452 5614 3554 5672 lib.
3587 5631 3644 5672 v1
3675 5613 3878 5679 Str-om,
