4036 6344
152 454 283 520 853

1427 452 1763 519 PAS'I‘OR.
1799 487 1876 500 —
1906 454 2321 521 PROCEMIA.

3459 456 3579 521 εει

158 607 351 648 sensu
376 604 492 646 non
512 586 894 662 intelligatur,
908 588 1078 661 cujus
1100 585 1309 645 saltem
1336 588 1607 661 quaedam
1630 591 1824 659 partes
1853 591 1908 657 Α
1940 598 2184 647 venturae
2236 590 2484 663 ﬁguram
2531 607 2659 647 esse
2708 589 2980 647 declarat.
3014 590 3402 657 Quamobrem
3444 606 3580 647 cum

163 680 291 737 alio
318 696 497 735 sensu
518 678 793 751 explicari
820 696 934 735 non
959 679 1248 751 possunt?
1269 684 1355 733 An
1377 694 1510 733 vero
1532 677 1825 749 genuinus

163 770 265 826 hic
295 768 373 825 sit
392 770 702 825 verborum
726 769 949 823 Hermas
972 785 1204 835 sensus,
1230 768 1385 823 sicut
1411 782 1669 823 asserere
1701 783 1826 821 om-

162 860 312 914 nino
346 874 461 913 non
495 859 803 924 audemus,
834 857 913 912 ita
940 874 1044 913 nec
1066 856 1225 912 illius
1250 857 1505 929 profecto
1538 872 1826 928 repugna-

161 947 373 1004 bimus
406 946 801 1019 explicationi,
830 947 929 1018 qui
960 962 1028 1002 ea
1056 946 1290 1001 litterali
1325 963 1527 1015 sensu,
1562 945 1635 1001 ab
1667 944 1829 1001 omni

164 1052 368 1092 errore
401 1036 612 1104 alieno,
647 1037 862 1110 poterit
900 1035 1293 1109 interpretari.

720 1143 984 1200 ARTICU
994 1143 1127 1200 LUS
1166 1142 1280 1198 XX.

503 1236 699 1292 Utrum
729 1233 940 1307 Hegrin
971 1236 1045 1288 sit
1072 1249 1271 1288 nomen
1300 1232 1502 1304 angeli.

240 1324 409 1380 Alius
441 1323 700 1380 auctoris
733 1322 918 1379 nostri
949 1321 1112 1378 locus
1139 1322 1424 1378 obscurus
1469 1324 1526 1376 et
1572 1319 1829 1375 difﬁcilis

167 1414 256 1470 ibi
308 1413 587 1479 occurrit,
622 1412 722 1467 ubi
771 1410 867 1467 ille
921 1417 1118 1467 narrat
1164 1428 1247 1478 se,
1280 1427 1415 1467 cum
1464 1410 1523 1467 in
1571 1409 1828 1465 belluam

164 1505 495 1559 immanem
526 1501 857 1569 incidisset,
890 1502 960 1557 ab
1017 1519 1135 1556 una
1193 1501 1438 1573 virgine,
1473 1517 1599 1572 quae
1641 1500 1831 1571 ﬁgura

165 1592 440 1649 Ecclesiae
501 1596 644 1659 erat,
680 1591 975 1647 audivisse
1008 1609 1021 1646 :
1072 1592 1219 1646 Misit
1262 1592 1524 1646 Dominus
1565 1590 1828 1662 angelum

166 1700 339 1739 suum
369 1698 538 1751 super
570 1682 790 1747 bestias,
822 1683 915 1736 cui
958 1694 1154 1736 nomen
1202 1684 1278 1735 est
1320 1681 1543 1751 Hegrin,
1575 1683 1625 1735 et
1670 1680 1829 1735 obtu-

168 1774 319 1828 ravit
350 1788 406 1829 os
436 1773 575 1845 ejus,
608 1788 676 1826 ne
707 1771 1016 1827 dilaniaret
1046 1774 1117 1825 te.
1151 1771 1469 1825 Autumant
1497 1768 1650 1824 enim
1684 1785 1826 1823 non-

167 1861 323 1917 nulli
358 1861 776 1934 Hieronymum
809 1859 920 1915 sibi
951 1860 1011 1915 in
1044 1858 1309 1914 animum
1338 1857 1640 1914 induxisse
1659 1859 1704 1892 7‘
1732 1859 1830 1913 He-

1935 677 2055 733 illic
2109 679 2340 751 adjecit,
2389 679 2662 753 angelum
2716 696 2843 736 esse
2888 696 3054 752 super
3102 681 3344 749 bestiam,
3385 680 3445 736 id
3494 684 3585 737 est

1937 785 2114 840 super
2141 774 2443 839 [ressuram
2471 776 2946 842 superventuram,
2972 769 3116 825 nihil
3152 770 3309 826 aliud
3342 768 3455 826 sibi
3482 786 3583 826 vo-

1936 856 2046 912 luit
2076 858 2140 930 73,
2173 858 2285 913 nisi
2315 860 2587 915 eumdem
2618 859 2891 932 angelum
2933 878 2967 915 a
2997 860 3112 915 Deo
3143 875 3270 915 esse
3299 858 3582 932 praeposi-

1936 950 2085 1015 tum,
2118 952 2183 1003 ut
2231 947 2595 1004 Christianos
2638 950 2917 1005 adversus
2945 949 3350 1005 imminentem
3382 953 3580 1021 tyran-

1937 1054 2146 1093 norum
2180 1038 2645 1109 persecutionem
2676 1038 3011 1095 defenderet
3042 1056 3107 1094 ac
3136 1042 3415 1095 tueretur.

2462 1145 2868 1202 ARTICULUS
2908 1145 3049 1201 XXI.

2282 1239 2427 1292 Num
2457 1234 2649 1305 angeli
2678 1237 2873 1291 omnia
2904 1237 3238 1292 creaverint.

2008 1323 2237 1378 Tertius
2271 1324 2490 1379 Herme
2522 1323 2685 1380 locus
2716 1324 2815 1397 qui
2836 1324 3179 1381 snodatione
3208 1324 3402 1397 aliqua
3427 1325 3581 1383 indi-

1937 1416 2052 1485 get,
2079 1414 2149 1467 ad
2183 1429 2389 1468 omnes
2410 1412 2647 1485 angelos
2670 1418 2914 1486 spectat.
2940 1416 3083 1470 Cum
3106 1415 3262 1470 enim
3292 1414 3390 1470 ille
3410 1415 3583 1471 dixis-

1938 1505 2024 1556 set
2063 1502 2300 1573 angelos
2330 1502 2483 1558 inter
2512 1508 2812 1559 creaturas
2840 1504 3062 1575 primos
3094 1520 3221 1559 esse
3249 1520 3396 1577 quos
3427 1504 3582 1561 Deus

1938 1592 2235 1661 creaverit,
2287 1596 2413 1647 tum
2474 1592 2783 1665 subjungit
2811 1594 2901 1648 ἠε
2961 1594 3031 1647 Hi
3074 1596 3202 1649 sunt
3245 1592 3438 1663 angeli
3484 1596 3583 1666 qui

1935 1682 2112 1753 primo
2152 1683 2436 1736 constituti
2480 1689 2627 1746 sunt,
2661 1682 2857 1753 quibus
2902 1682 3133 1738 tradidit
3160 1683 3423 1738 Dominus
3453 1684 3584 1738 uni-

1936 1786 2149 1826 versam
2177 1780 2492 1826 creaturam
2520 1788 2685 1826 suam
2713 1772 2985 1839 struendi,
3016 1770 3346 1843 aediﬁcandi
3390 1779 3445 1828 et
3488 1771 3582 1828 do-

1936 1859 2188 1914 minandi
2216 1864 2489 1917 creatura:
2533 1861 2709 1915 illius.
2740 1861 2848 1917 Pro
2878 1862 3051 1917 verbo
3083 1865 3278 1918 autem
3305 1862 3582 1932 struendi,

166 1954 306 2025 grin
354 1966 574 2006 nomen
622 1966 749 2005 esse
797 1948 1009 2021 angeli,
1045 1948 1196 2019 quod
1230 1948 1469 2019 quidem
1517 1947 1629 2020 ipsi
1685 1948 1827 2003 adeo
1857 1968 1905 2034 Β
1938 1948 1998 2004 in
2042 1949 2238 2005 codice
2267 1949 2465 2005 Sancti
2494 1950 2766 2005 Germani
2821 1968 2855 2005 a
2897 1950 3104 2021 Pratis,
3139 1951 3210 2006 ab
3260 1950 3431 2007 annis
3475 1951 3583 2006 800

166 2039 488 2097 ridiculum
519 2039 867 2110 fatuumque
897 2037 1091 2094 visum
1121 2040 1229 2104 est,
1263 2040 1327 2092 ut
1365 2037 1476 2093 hoc
1505 2036 1690 2109 elogio
1722 2053 1824 2092 au-

166 2131 353 2187 ctoris
379 2129 566 2185 nostri
592 2128 811 2183 librum
836 2126 1151 2183 notaverit:
1180 2128 1343 2182 Liber
1362 2125 1467 2181 ille
1482 2130 1825 2198 apocryphus

163 2221 429 2276 stultitiae
484 2217 928 2274 condemnandus
987 2225 1086 2283 est,
1147 2218 1207 2271 in
1262 2232 1367 2289 quo
1422 2217 1691 2286 scriptum
1746 2220 1827 2272 est

164 2310 463 2383 quemdam
494 2310 752 2379 angelum
796 2308 1019 2363 nomine
1070 2307 1195 2377 Tyri
1240 2320 1471 2376 praeesse
1514 2304 1822 2376 reptilibus.

162 2400 279 2456 Alii
317 2404 513 2455 tamen
546 2398 691 2453 illud
726 2397 797 2453 ab
823 2394 1158 2467 Hieronymi
1181 2398 1375 2450 mente
1405 2394 1487 2448 ita
1515 2393 1825 2449 abhorrere

163 2491 545 2563 putaverunt,
581 2490 645 2542 ut
693 2485 861 2541 illum
911 2486 981 2540 de
1029 2484 1283 2556 quodam
1314 2482 1462 2538 libro
1494 2483 1823 2555 apocrypho

164 2595 235 2634 ac
269 2577 575 2650 deperdita
609 2576 721 2631 ista
755 2573 1064 2646 scripsisse
1092 2571 1457 2628 tradiderint.
1490 2573 1560 2627 Et
1603 2587 1664 2627 re
1692 2572 1823 2643 qui-

166 2669 306 2724 dem
356 2668 488 2739 ipsa
536 2665 675 2737 quid
732 2664 791 2719 in
845 2662 939 2719 his
966 2662 1158 2718 verbis
1188 2661 1642 2734 deprehenditur
1671 2662 1821 2732 quod

169 2757 433 2812 stultitia:
463 2754 629 2827 argui
662 2752 898 2825 possit?
936 2752 1087 2807 Num
1121 2751 1249 2806 ideo
1281 2751 1421 2822 quia
1449 2767 1514 2805 eo
1545 2750 1822 2822 loquendi

172 2845 349 2901 modo
382 2842 656 2915 angelum
689 2840 999 2913 reptilibus
1030 2855 1278 2912 praeesse
1305 2839 1636 2894 afﬁrmatur
1656 2838 1684 2893 ?
1715 2838 1824 2893 Ve-

169 2951 306 2990 rum
358 2933 418 2987 id
472 2932 681 2987 docent
730 2947 864 2985 cum
912 2928 1140 3001 antiqui
1186 2928 1405 2996 Patres,
1436 2928 1825 2999 inprimisque

176 3023 459 3095 Origenes
491 3020 759 3093 pluribus
803 3021 864 3074 in
911 3018 1053 3074 locis
1082 3019 1149 3086 75,
1202 3022 1328 3073 tum
1361 3019 1624 3073 doctores
1654 3017 1825 3073 scho-

170 3111 369 3167 lastici
399 3118 533 3183 post
563 3109 763 3165 divum
791 3108 1077 3163 Thomam
1103 3108 1166 3175 ⁷⁸,
1200 3107 1299 3179 qui
1331 3106 1446 3162 ait:
1483 3108 1826 3178 Unaquaeque

174 3218 256 3257 res
286 3201 525 3257 visibilis
573 3202 631 3254 in
685 3200 782 3253 hoc
830 3197 1031 3252 mundo
1074 3196 1236 3252 habet
1271 3200 1582 3267 potestatem
1609 3196 1826 3265 angeli-

171 3309 289 3348 cam
334 3292 444 3347 sibi
488 3291 863 3362 prazpositam.
898 3286 1051 3345 Num
1086 3290 1282 3341 autem
1314 3286 1444 3341 ideo
1475 3285 1613 3357 quia
1643 3300 1819 3358 ange-

166 3382 289 3438 lum
315 3380 552 3437 nomine
579 3381 707 3450 Tyri
728 3375 1149 3450 appellaverit?
1178 3376 1239 3431 Si
1270 3392 1362 3430 res
1392 3376 1475 3430 ita
1496 3392 1557 3431 se
1586 3376 1817 3445 habeat,

166 3470 255 3527 vel
288 3474 546 3526 erratum
578 3474 667 3524 est
709 3467 767 3522 in
800 3482 1040 3539 operum
1074 3464 1407 3536 Hieronymi
1438 3464 1817 3532 editionibus,

166 3560 253 3616 vel
286 3559 415 3631 ipse
447 3556 847 3629 manuscripto
879 3555 1075 3611 codice
1108 3559 1380 3626 corrupto
1412 3570 1557 3609 usus
1587 3558 1677 3609 est
1710 3572 1723 3608 :
1756 3553 1816 3607 in

165 3649 295 3705 aliis
320 3648 613 3721 siquidem
639 3646 916 3703 omnibus
940 3661 1007 3701 ac
1038 3645 1096 3699 in
1122 3644 1293 3700 editis
1318 3643 1570 3715 legimus
1592 3644 1815 3713 Hegrin.

162 3737 485 3796 Cotelerius
517 3736 710 3806 itaque
739 3752 942 3791 omnes
974 3734 1154 3789 animi
1187 3750 1393 3789 nervos
1444 3733 1502 3787 in
1556 3750 1621 3788 eo
1680 3749 1815 3787 con-

163 3827 372 3894 tendit,
406 3830 473 3881 ut
526 3825 833 3897 investiget
886 3828 945 3879 et
992 3826 1396 3895 perscrutotur
1440 3838 1545 3877 cur
1574 3821 1818 3891 angelus

172 3917 391 3989 Hegrin
422 3918 677 3971 vocetur.
710 3915 822 3970 Sed
854 3918 1171 3985 postquam
1205 3912 1305 3968 diu
1338 3911 1708 3984 multumque
1735 3911 1819 3967 la-

168 4004 415 4074 boravit,
449 4004 685 4060 tandem
717 4003 970 4075 ingenue
1000 4002 1233 4072 fatetur,
1266 4001 1471 4073 absque
1499 4002 1820 4057 melioribus

165 4095 450 4152 codicibus
478 4094 575 4148 vix
602 4092 813 4164 aliquid
844 4094 986 4147 certi
1025 4108 1187 4163 posse
1220 4092 1485 4162 proferri.
1518 4090 1821 4146 Ditissima

162 4201 305 4239 vero
346 4182 734 4238 illustrissimi
766 4179 1014 4236 Colberti
1060 4179 1413 4235 bibliotheca
1468 4196 1652 4234 unum
1701 4196 1819 4234 non

164 4276 407 4329 vetusta:
443 4271 677 4344 quidem
710 4287 945 4338 manus,
975 4268 1192 4341 quippe
1222 4268 1321 4339 qui
1353 4270 1458 4323 300
1487 4285 1672 4323 annos
1703 4285 1818 4323 non

167 4367 424 4435 superet,
487 4360 882 4432 suppeditavit
930 4358 1097 4414 nobis
1152 4358 1430 4422 codicem,
1474 4357 1573 4429 qui
1619 4374 1818 4412 veram

169 4467 345 4523 quam
368 4449 688 4506 Cotelerius
717 4450 936 4504 frustra
957 4447 1265 4519 quaesierat
1292 4447 1620 4517 lectionem,
1644 4447 1821 4501 unius

169 4539 438 4596 litterulae
462 4537 871 4593 immutatione
900 4536 1167 4592 exhibere
1189 4536 1434 4591 videtur.
1459 4534 1551 4591 Sic
1573 4536 1729 4591 enim
1760 4535 1819 4589 in

170 4647 237 4687 eo
290 4628 593 4701 legimus:
646 4630 802 4684 Misit
851 4628 1111 4682 Dominus
1148 4626 1408 4696 angelum
1451 4641 1611 4679 suum
1659 4641 1825 4697 super

1938 2038 2250 2111 descripto,
2284 2055 2388 2095 nec
2420 2055 2536 2095 non
2580 2038 2641 2094 in
2689 2039 3020 2096 Colbertino
3060 2057 3237 2111 supra
3268 2040 3443 2097 citato
3474 2055 3582 2096 vox

1932 2130 2166 2183 creandi
2196 2128 2518 2184 exhibetur.
2552 2131 2685 2195 Quae
2716 2128 2952 2201 quidem
2984 2129 3175 2197 lectio,
3209 2129 3259 2186 si
3306 2146 3442 2186 vera
3482 2129 3577 2200 sit,

1933 2218 2165 2273 videtur
2194 2218 2438 2273 Hermas
2469 2218 2530 2272 in
2576 2234 2711 2273 eum
2744 2218 3066 2290 impingere
3096 2234 3373 2287 errorem,
3407 2235 3583 2291 quem

1935 2306 2335 2377 antiquissimi
2366 2306 2619 2362 haeretici
2666 2324 2700 2361 a
2749 2306 2980 2363 Platone
3010 2311 3185 2378 atque
3214 2306 3454 2363 Philone
3482 2309 3582 2364 Ju-

1934 2395 2057 2450 deeo
2081 2396 2425 2461 hauserunt,
2443 2395 2682 2467 angelos
2705 2395 2926 2467 primos
2946 2396 3210 2451 omnium
3238 2413 3272 2451 a
3290 2395 3407 2451 Deo
3430 2412 3583 2451 crea-

1934 2488 2047 2551 tos,
2096 2485 2169 2539 ab
2217 2500 2403 2557 eoque
2452 2484 2748 2556 accepisse
2797 2488 3004 2540 caetera
3052 2485 3251 2541 omnia
3305 2484 3582 2557 deinceps

1934 2573 2169 2628 creandi
2202 2576 2571 2644 potestatem.
2603 2576 2820 2628 Verum
2852 2573 3096 2628 Hermas
3127 2574 3199 2629 ab
3244 2573 3355 2629 hoc
3385 2588 3582 2629 errore

1935 2680 2050 2718 non
2082 2662 2396 2717 difﬁculter
2424 2662 2664 2733 quidem
2695 2662 2989 2717 eximitur.
3022 2662 3210 2718 Primo
3240 2662 3397 2717 enim
3428 2662 3584 2718 codi-

1934 2769 2029 2807 ces
2051 2751 2152 2823 qui
2185 2752 2425 2806 verbum
2447 2751 2673 2807 creandi
2692 2756 3128 2823 repraesentant,
3154 2750 3335 2823 aliud,
3359 2751 3581 2809 scilicet

1928 2845 2271 2913 potestatem,
2303 2840 2391 2895 vel
2424 2840 2661 2912 aliquod
2694 2840 2883 2897 simile
2913 2841 3258 2896 omiserunt.
3288 2842 3413 2908 Qua
3442 2858 3579 2915 ergo

1935 2930 2245 2985 oscitantia
2276 2945 2663 2984 amanuenses
2715 2928 2861 2985 illud
2910 2930 3150 2986 verbum
3200 2930 3584 3002 printermise-

1935 3024 2098 3088 runt,
2157 3020 2358 3074 eadem
2416 3019 2593 3073 etiam
2654 3017 2810 3073 aliud
2875 3023 3191 3090 potuerunt
3246 3019 3581 3077 immutare.

1936 3108 2154 3165 Deinde
2184 3124 2317 3163 vero
2349 3107 2581 3163 etiamsi
2612 3111 2858 3163 Hermas
2886 3124 3024 3164 voce
3052 3108 3281 3164 creandi
3308 3126 3454 3164 usus
3485 3109 3581 3181 sit,

1937 3215 2065 3254 eam
2100 3202 2297 3252 tamen
2330 3214 2445 3252 non
2478 3196 2753 3252 strictiori
2788 3197 3120 3269 acceptione
3151 3214 3252 3269 pro
3283 3202 3581 3269 creaturis,

1938 3292 2004 3343 ut
2034 3287 2359 3359 loquuntur
2383 3284 2738 3352 scholastici,
2763 3303 2829 3341 ex
2852 3286 3034 3341 nihilo
3057 3286 3457 3358 productione,
3479 3287 3583 3343 sed

1933 3375 2125 3432 latiori
2157 3380 2330 3446 atque
2369 3375 2590 3429 Latinis
2620 3376 2957 3431 auctoribus
2989 3374 3176 3448 magis
3207 3374 3445 3443 usitata,
3477 3392 3581 3447 pro

1935 3464 2190 3537 simplici
2222 3463 2605 3535 productione
2644 3468 2700 3519 et
2746 3463 3135 3533 institutione,
3169 3465 3240 3520 ab
3272 3463 3371 3520 illo
3404 3481 3581 3521 usur-

1931 3559 2131 3626 patam
2164 3554 2345 3607 fuisse
2377 3552 2687 3607 dicendum
2737 3556 2842 3608 est.
2878 3552 2995 3610 Nec
3046 3552 3149 3608 ulli
3201 3554 3311 3609 hoc
3362 3553 3579 3609 mirum

1928 3642 2115 3698 videri
2145 3642 2336 3709 debet,
2370 3658 2503 3696 cum
2559 3643 2764 3697 eodem
2817 3659 2991 3698 sensu
3036 3642 3381 3699 Ambrosius
3420 3642 3579 3698 dixe-

1932 3733 2008 3787 rit
2034 3733 2079 3766 ⁸⁰
2111 3749 2123 3786 :
2177 3730 2332 3801 Quod
2368 3738 2555 3785 autem
2599 3736 2653 3785 et
2698 3734 2904 3802 factum
2932 3739 3033 3798 est,
3067 3731 3213 3786 idem
3240 3735 3319 3787 est
3347 3739 3398 3787 et
3425 3748 3577 3787 crea-

1930 3828 2069 3878 tum.
2097 3822 2260 3887 Quod
2294 3836 2433 3875 sane
2464 3818 2667 3875 multis
2698 3819 2830 3876 aliis
2880 3819 3162 3893 exemplis
3184 3820 3351 3877 facile
3379 3824 3580 3893 posset

1929 3910 2184 3983 probari.

2445 3997 2852 4054 ARTICULUS
2894 3998 3063 4054 XXII.

1995 4090 2102 4159 Qui
2130 4089 2374 4145 doctores
2403 4092 2456 4144 et
2491 4088 2747 4159 prmsides
2774 4088 3207 4143 ministeriorum
3234 4086 3514 4143 dicantur.

2001 4180 2127 4235 Non
2149 4179 2395 4234 deerunt
2412 4178 2660 4233 fortasse
2678 4177 2892 4247 quibus
2914 4176 3210 4232 salebrosa
3225 4176 3582 4233 videbuntur

1930 4268 2001 4323 de
2032 4267 2215 4323 sacris
2246 4265 2513 4323 Ecclesizn
2546 4265 2839 4321 ministris
2887 4264 3008 4320 haec
3057 4264 3362 4337 scriptoris
3393 4267 3581 4321 nostri

1931 4358 2108 4412 verba
2137 4357 2179 4391 δι
2215 4374 2227 4411 :
2263 4357 2548 4427 Episcopi,
2582 4359 2633 4410 et
2661 4354 2924 4421 doctores,
2955 4359 3009 4409 et
3036 4355 3352 4411 ministri...
3385 4357 3583 4428 episco-

1926 4456 2123 4519 patum
2152 4449 2456 4516 gesserunt,
2490 4445 2791 4501 docuerunt
2819 4448 2873 4499 et
2900 4445 3374 4501 ministraverunt.
3408 4446 3578 4501 Libro

1933 4541 2130 4592 autem
2165 4536 2335 4590 tertio
2365 4536 2410 4570 ⁸²
2444 4550 2457 4589 :
2514 4536 2659 4590 Tales
2689 4542 2815 4589 sunt
2844 4535 2943 4605 qui
2971 4534 3328 4590 crediderunt
3356 4534 3580 4607 quidam

1935 4626 2193 4697 episcopi,
2248 4624 2305 4679 id
2350 4626 2429 4679 est
2484 4623 2738 4695 praesides
2784 4624 3217 4679 Ecciesiarum...
3267 4625 3333 4679 Et
3381 4623 3581 4679 deinde

172 4719 422 4785 bestiam,
453 4718 612 4789 cujus
642 4732 839 4771 nomen
869 4721 947 4770 est
989 4716 1208 4785 Hegrin.
1242 4714 1386 4769 Hinc
1432 4713 1587 4769 enim
1622 4715 1823 4785 Hegrin
1853 4718 1899 4781 D
1929 4718 2027 4789 qui
2052 4714 2321 4786 prmsides
2346 4718 2473 4768 sunt
2497 4714 2957 4779 ministeriorum,
2986 4715 3079 4784 qui
3098 4715 3283 4786 inopes
3305 4720 3356 4768 et
3382 4712 3579 4767 viduas

174 4824 295 4864 non
331 4804 545 4878 angeli,
571 4805 672 4861 sed
703 4803 901 4859 bestiae
934 4819 1144 4858 nomen
1175 4819 1302 4858 esse
1334 4801 1684 4874 colligimus.
1716 4807 1829 4858 Cur

172 4901 376 4955 autem
420 4895 665 4951 Hermas
710 4892 871 4948 illam
920 4892 1001 4948 ita
1045 4892 1351 4961 vocaverit,
1385 4897 1537 4946 recte
1583 4892 1825 4948 forsitan

174 4984 480 5057 conjicies,
516 4983 563 5038 si
598 4982 867 5037 attendas
894 4997 1092 5037 vocem
1124 4982 1331 5051 Hegrin
1380 4980 1533 5036 idem
1585 4997 1713 5037 esse
1763 4999 1829 5037 ac

178 5076 371 5133 Grace
405 5069 625 5147 ἄγριος,
657 5072 716 5126 id
770 5075 860 5126 est
908 5069 1175 5141 immitis,
1225 5070 1403 5135 ferox,
1451 5070 1540 5125 vel
1588 5071 1727 5135 fera,
1775 5076 1832 5126 et

180 5164 375 5222 bestia
401 5188 415 5231 ;
449 5179 515 5218 ac
559 5161 861 5234 probabile
891 5160 1134 5232 proinde
1163 5158 1345 5214 videri
1377 5159 1651 5214 Hermam
1682 5160 1831 5215 allu-

170 5254 323 5312 sisse
372 5252 442 5308 ad
491 5251 615 5306 hinc
669 5248 995 5305 Psalmistaa
1039 5248 1258 5303 verba:
1312 5248 1629 5319 Singularis
1680 5252 1832 5320 ferus

174 5340 386 5417 (μονιὸς
426 5337 638 5416 ἄγριος)
668 5339 921 5411 depastus
949 5344 1025 5392 est
1061 5354 1182 5392 eam
1210 5338 1277 5403 π,
1329 5335 1552 5392 scilicet
1580 5337 1830 5394 vineam.

173 5432 283 5489 Ille
326 5430 548 5503 quippe
601 5428 824 5484 ibidem
872 5426 1025 5483 hanc
1067 5426 1315 5483 bestiam
1342 5442 1617 5499 pressura
1644 5443 1831 5499 super-

1936 4808 2319 4874 protexerunt,
2351 4812 2401 4858 et
2447 4811 2652 4858 castam
2697 4806 2957 4875 perpetuo
2987 4804 3449 4859 conversationem
3476 4801 3578 4858 ha-

1938 4894 2193 4947 buerunt.
2226 4891 2333 4956 Qui
2365 4891 2519 4947 enim
2552 4892 2670 4947 sint
2700 4890 2781 4946 illi
2812 4891 3050 4947 doctores
3086 4900 3137 4948 et
3179 4891 3441 4961 praesides
3470 4892 3578 4947 mi-

1936 4984 2314 5049 nisteriorum,
2338 4998 2452 5037 non
2478 4981 2663 5036 cuivis
2686 4981 2884 5036 statim
2908 4984 3187 5037 occurret.
3211 4980 3426 5037 Verum
3457 4981 3581 5038 hazc

1936 5072 2203 5145 planiora
2234 5071 2394 5137 ﬁent,
2431 5070 2477 5125 si
2512 5071 2567 5125 id
2601 5070 2757 5140 quod
2789 5086 2822 5124 a
2850 5069 3082 5126 nemine
3112 5074 3354 5126 vocatur
3381 5070 3440 5125 in
3470 5071 3580 5127 du-

1940 5162 2127 5228 bium,
2158 5162 2519 5227 observetur,
2544 5159 2817 5215 diaconos
2850 5177 2883 5215 a
2910 5159 3127 5214 sanctis
3159 5159 3429 5215 Patribus
3460 5159 3583 5216 solo

1941 5250 2353 5306 ministrorum
2378 5248 2614 5304 nomine
2634 5248 2852 5320 passim
2877 5246 3179 5321 appellari.
3203 5248 3347 5305 Hinc
3368 5249 3587 5322 quippe

1941 5338 2242 5410 colligitur
2261 5338 2525 5404 doctores,
2552 5338 2652 5409 qui
2682 5338 2986 5410 episcopos
3016 5336 3170 5393 inter
3200 5341 3256 5393 et
3286 5337 3587 5395 ministros

1943 5428 2120 5484 medii
2173 5427 2557 5496 collocantur,
2608 5442 2724 5483 non
2772 5425 2918 5482 alios
2973 5425 3174 5499 procul
3224 5427 3401 5484 dubio
3458 5442 3587 5485 esse

251 5679 296 5713 τι
325 5677 428 5732 lib.
462 5695 482 5733 1
516 5675 895 5763 Commentmin
926 5674 1124 5763 Hebae.
1202 5676 1247 5709 ⁷⁵
1276 5674 1478 5763 impii].
1503 5678 1594 5763 114.
1609 5679 1666 5731 in
1699 5677 2217 5763 ἐνειὶνηεζηοὲρκχκιιι
2244 5696 2257 5747 ;
2289 5678 2451 5763 hom.
2472 5680 2840 5763 23__i‘n.Josue,
2863 5696 2990 5763 cap.
3020 5679 3493 5763 xv111;_homil.6
3514 5683 3585 5763 _in

782 5746 826 5781 76
859 5762 901 5801 Π

186 5752 386 5822 Jerem.
419 5766 679 5822 cap._x11_.
782 5751 826 5781 ⁷⁵
859 5762 901 5822 1_1
942 5751 1122 5822 p_a_rt.,

1168 5763 1225 5819 q.
1275 5747 1397 5814 120,
1432 5752 1540 5803 art.
1579 5752 1596 5803 1
1649 5750 1721 5804 ad
1753 5750 1806 5803 3.
1884 5750 1925 5783 77
1956 5747 2108 5805 Psal.
2144 5768 2327 5813 Lxxix,
2363 5753 2447 5806 14.

2524 5752 2566 5785 ⁷⁸
2594 5750 2695 5806 lib.
2728 5769 2817 5819 111,
2847 5750 3054 5809 vision.
3086 5753 3141 5807 3.
3218 5753 3263 5789 7’
3292 5751 3394 5809 lib.
3428 5753 3580 5822 eod.,

183 5821 390 5881 vision.
421 5818 510 5877 3.‘
548 5820 593 5858 ⁸ο
622 5819 724 5876 lib.
760 5836 825 5876 111
854 5818 927 5875 De
952 5818 1048 5890 ﬁd.
1083 5834 1211 5892 cap.
1242 5820 1332 5889 21,
1366 5820 1396 5891 §
1425 5820 1514 5875 82.
1592 5820 1631 5855 ³¹
1664 5821 1766 5879 lib.
1799 5838 1841 5893 1,
1871 5820 2052 5878 simil.
2084 5823 2137 5877 3.
2216 5824 2262 5858 ⁸²
2292 5823 2395 5880 lib.
2430 5840 2514 5896 111,
2547 5822 2724 5881 simil.
2756 5818 2811 5879 0.
