4086 6342
454 330 571 392 855

1958 332 2024 393 S.
2070 331 2372 395 HERMIE

3752 331 3883 396 85B

458 479 633 534 quam
666 464 1036 536 presbyteros
1058 480 1159 519 seu
1189 465 1537 521 sacerdotes.
1564 464 1679 519 Cur
1699 482 1831 521 vero
1864 465 2101 537 presby-
2134 468 2186 532 Α
2216 482 2364 534 nem,
2404 466 2576 520 salem
2626 467 2679 519 et
2733 481 2942 536 aquam
2990 465 3364 521 adhibendum
3413 463 3742 537 deﬁniunt?
3793 432 3888 521 Ibi

458 552 568 607 teri
620 552 888 607 doctores
939 553 1335 620 nominentur,
1389 554 1437 609 si
1488 555 1802 626 rogaveris,
1837 556 2027 609 disces
2081 572 2113 609 a

460 642 736 714 Dionysio
765 640 1175 711 Alexandrino,
1208 644 1310 714 qui
1340 644 1541 697 eodem
1576 644 1743 715 plane
1776 662 1838 698 ac
1875 647 2111 698 Hermas

463 748 641 787 sensu
692 732 848 802 apud
905 730 1217 785 Eusebium
1273 732 1418 785 dixit
1446 732 1534 785 ⁸³ε
1596 728 1939 805 Συγκαλέσας
1985 730 2109 792 robe

460 812 857 893 πρεσϐυτέρους
924 818 1013 871 καὶ
1044 816 1400 879 διδασκάλους
1457 823 1562 871 τῶν
1618 820 1667 873 ἐν
1724 826 1843 880 ταῖς
1898 821 2112 893 κώμαις

461 904 734 985 ἀδελφῶν.
770 910 1091 965 Convocatis
1139 912 1469 981 presbyteris
1521 927 1586 966 ac
1635 912 1973 977 doctoribus,
2019 912 2115 981 qui

464 1015 560 1071 per
587 1000 827 1069 singulos
860 1002 1005 1053 vicos
1034 1001 1307 1069 fratribus
1336 1000 1741 1069 prmdz’cabant.
1778 1001 1920 1063 Quid
1956 999 2110 1053 enim

464 1087 623 1143 aliud
656 1088 775 1143 haec
805 1088 977 1143 verba
1008 1093 1242 1154 sonant,
1279 1089 1390 1143 nisi
1425 1090 1796 1160 presbyteros
1844 1106 1943 1160 per
1992 1090 2109 1142 sin-

461 1175 631 1249 gulos
679 1176 857 1242 vicos,
905 1176 961 1231 id
1012 1182 1101 1231 est
1150 1178 1410 1231 vicorum
1460 1178 1747 1248 parochiis
1789 1178 2112 1248 praefuisse,

463 1269 640 1338 atque
664 1265 744 1321 ibi
764 1282 896 1320 cum
920 1264 1202 1320 fratribus
1225 1265 1625 1335 praedicarent,
1646 1267 1907 1320 doctores
1934 1267 2112 1321 fuisse

462 1353 806 1426 appellatos.
842 1355 1003 1417 Quod
1035 1354 1266 1425 quidem
1300 1354 1747 1427 Chrysostomus
1780 1355 1963 1409 multo
1996 1354 2110 1409 cla-

461 1443 586 1500 rius
636 1444 989 1515 breviusque
1038 1444 1309 1499 edisserit
1337 1444 1427 1498 3‘:
1481 1449 1623 1498 Nam
1675 1453 1728 1499 et
1784 1446 2112 1516 presbyteris

461 1534 741 1599 Ecclesiae,
774 1533 987 1604 inquit,
1021 1550 1159 1587 cura
1200 1536 1468 1605 permissa
1514 1543 1593 1589 cst
1644 1542 1693 1589 et
1736 1536 2114 1605 magisterium

464 1618 853 1695 (διδασκαλία).
887 1621 1048 1685 Quod
1080 1624 1151 1678 ad
1184 1624 1459 1694 prmsides
1492 1624 1953 1679 ministeriorum
1986 1623 2114 1679 atti-

463 1715 581 1779 net,
607 1711 647 1765 ii
676 1711 920 1767 forsitan
943 1712 1263 1783 presbyteri
1292 1729 1524 1783 quoque
1546 1718 1731 1767 erant.
1753 1718 1829 1767 De
1852 1713 2113 1767 diaconis

463 1801 677 1857 etenim
709 1800 955 1856 Hermas
986 1802 1159 1872 paulo
1191 1806 1323 1856 ante
1369 1802 1592 1856 dixerat
1626 1820 1637 1856 :
1691 1802 1931 1857 Ministri
1963 1800 2115 1856 male

461 1892 941 1947 ministraverunt.
973 1890 1060 1944 Ab
1099 1890 1172 1946 iis
1202 1895 1396 1945 autem
1427 1891 1586 1946 venit
1617 1891 1688 1946 ad
1720 1892 2109 1962 presbyteros,

460 1980 564 2053 qui
613 1996 749 2035 cum
797 1978 1059 2034 diaconis
1092 1980 1423 2051 superiores
1454 1984 1668 2048 essent,
1702 1998 1801 2035 eos
1854 1981 2113 2051 praesides

459 2070 904 2125 ministeriorum
936 2069 1375 2139 nuncupavit”.
1407 2068 1465 2124 Si
1495 2070 1627 2140 quis
1657 2074 1851 2125 tamen
1874 2074 2111 2125 conten-

459 2159 562 2215 dat
594 2158 829 2214 eosdem
859 2158 1133 2230 praesides
1164 2160 1608 2213 ministeriorum
1650 2176 1765 2214 non
1810 2158 1955 2213 alios
1986 2175 2113 2214 esse

461 2263 641 2320 quam
674 2247 973 2315 diaconos,
1008 2247 1147 2319 quia
1179 2252 1235 2302 et
1266 2247 1379 2319 ipsi
1411 2247 1667 2302 ministri
1699 2252 1884 2315 erant,
1916 2253 1972 2303 et
2002 2248 2112 2303 mi-

462 2336 723 2394 nisteriis
767 2336 1009 2408 inopum
1054 2340 1112 2391 et
1150 2336 1461 2391 viduarum
1504 2353 1752 2408 praeesse
1802 2338 2112 2405 debebant,

464 2441 581 2483 non
628 2426 866 2483 omnino
916 2424 1400 2498 repugnabimus.

972 2513 1376 2570 ARTICULUS
1415 2513 1605 2571 XXIII.

1054 2604 1128 2659 De
1154 2604 1525 2675 xerophagiis.

538 2691 809 2756 Quarent
838 2691 936 2746 alii
976 2708 1082 2747 cur
1120 2698 1320 2764 pastor
1350 2697 1470 2747 tam
1505 2707 1769 2747 severum
1819 2692 2114 2763 jejunium

467 2782 694 2839 Hermas
725 2780 998 2836 indixerit
1033 2798 1045 2835 :
1095 2782 1198 2837 Illa
1226 2782 1336 2850 die,
1370 2781 1562 2851 inquit
1592 2780 1656 2851 ⁸⁵,
1688 2798 1795 2853 qua
1815 2783 2113 2852 jejunabis,

465 2871 611 2926 nihil
640 2872 861 2926 omnino
890 2872 1155 2941 gustabis,
1189 2872 1301 2925 nisi
1326 2886 1525 2941 panem
1561 2873 1611 2925 et
1660 2888 1881 2941 aquam.
1918 2872 2114 2927 Hiero-

468 2976 682 3033 nymus
713 2959 948 3031 quidem
979 2960 1022 2994 ⁸⁷
1070 2958 1216 3014 illud
1266 2961 1488 3014 caeteris
1541 2960 1817 3014 omnibus
1861 2960 2114 3015 fortissi-

469 3065 635 3107 mum
660 3048 956 3120 jejunium
989 3065 1117 3104 esse
1147 3049 1470 3120 proﬁtetur.
1494 3047 1727 3103 Solebat
1754 3053 1948 3103 tamen
1978 3050 2116 3104 olim

471 3158 505 3196 a
560 3139 909 3201 Christianis
966 3137 1174 3193 ultima
1222 3138 1693 3210 Quadragesimaa
1749 3138 2118 3194 hebdomade

2222 560 2376 608 certe
2409 560 2653 625 utraque
2687 555 2918 624 jejunia
2949 560 3004 607 et
3034 560 3252 625 quartae
3284 561 3578 626 sextazque
3613 555 3793 624 feria,
3829 562 3890 610 et

2222 660 2322 698 sex
2355 644 2579 698 dierum
2619 644 2913 698 Paschatis
2945 646 3145 698 eadem
3180 643 3324 715 lege,
3352 650 3523 714 atque
3553 644 3889 716 apostolica

2222 734 2637 787 constitutione
2686 734 2910 787 sancita
2958 750 3084 787 esse
3134 733 3553 805 pronuntiavit.
3600 736 3885 788 Attamen

2222 822 2319 875 ubi
2352 822 2503 876 idem
2531 823 2891 893 Epiphanius
2915 827 3115 877 contra
3134 823 3433 890 Aerianos,
3461 824 3694 893 jejunia
3722 829 3889 877 stata

2222 912 2589 975 damnantes,
2615 911 2894 981 disputat,
2929 928 3060 965 cum
3094 912 3203 965 hoc
3232 917 3583 983 praeceptum
3618 912 3885 967 maxime

2224 1017 2426 1071 urgere
2456 1001 2711 1065 deberet,
2746 999 2891 1054 illud
2949 1001 3006 1053 in
3057 1000 3241 1055 solam
3274 1001 3760 1056 consuetudinem
3800 1002 3891 1054 ita

2223 1090 2477 1143 refundit
2507 1090 2598 1143 θοι
2651 1090 2825 1143 Porro
2874 1090 3067 1143 diebus
3116 1092 3249 1160 ipsis
3292 1091 3642 1144 Paschatis...
3679 1090 3890 1145 arido-

2223 1194 2347 1231 rum
2378 1180 2622 1233 ciborum
2659 1196 2786 1242 usu,
2831 1179 3102 1249 precibus,
3134 1179 3368 1249 vigiliis,
3394 1180 3695 1249 jejuniis...
3734 1180 3887 1233 cele-

2224 1268 2383 1322 brare
2413 1267 2676 1323 solemus.
2706 1268 2784 1322 Ex
2834 1284 2947 1338 quo
2994 1284 3107 1322 non
3150 1268 3405 1323 absurde
3435 1267 3679 1322 forsitan
3711 1267 3891 1322 colli-

2221 1373 2347 1428 gas,
2366 1357 2606 1411 verbum
2626 1352 3091 1429 παραγγέλλουσι,
3109 1356 3404 1425 deﬁniunt,
3419 1357 3574 1427 quod
3603 1356 3891 1427 superius

2222 1445 2510 1511 adhibuit,
2533 1463 2647 1501 non
2671 1446 2830 1500 aliud
2860 1446 3197 1517 significare
3222 1462 3401 1517 quam
3435 1446 3749 1501 admonent
3786 1445 3893 1500 vel

2222 1534 2552 1601 hortantur,
2570 1552 2683 1589 non
2708 1540 2901 1589 autem
2928 1534 3536 1605 praecipiunt,jubent,
3557 1534 3887 1606 imperant.

2224 1624 2285 1678 In
2335 1624 2514 1694 hujus
2564 1629 2759 1679 autem
2812 1622 3211 1695 explicationis
3252 1623 3695 1678 ﬁrmamentum
3751 1640 3891 1678 non

2221 1712 2367 1767 illud
2422 1712 2613 1767 solum
2663 1713 2875 1768 adduci
2934 1717 3148 1784 potest,
3180 1714 3334 1783 quod
3380 1712 3648 1767 historici
3680 1713 3893 1768 varias

2221 1801 2610 1858 Ecclesiarum
2642 1802 2712 1857 de
2741 1801 2901 1857 hisce
2925 1802 3173 1873 jejuniis
3204 1802 3386 1857 fuisse
3413 1802 3892 1858 consuetudines

2222 1895 2480 1958 narrent,
2506 1907 2708 1946 verum
2730 1891 2905 1946 etiam
2930 1892 3080 1962 quod
3117 1891 3326 1946 iisdem
3349 1890 3625 1961 testibus,
3649 1890 3894 1961 aliquid

2222 1980 2291 2034 de
2322 1978 2624 2035 severitate
2655 1979 2834 2050 hujus
2860 1980 3073 2051 jejunii
3106 1980 3164 2034 in
3196 1979 3495 2051 aliquibus
3525 1978 3731 2035 saltem
3768 1980 3893 2034 Ec-

2222 2066 2415 2123 clesiis
2447 2066 2621 2139 paulo
2653 2071 2783 2138 post
2814 2068 3127 2123 remissum
3161 2068 3263 2124 sit.
3295 2071 3512 2124 Auctor
3542 2069 3700 2123 enim
3733 2068 3891 2124 Con-

2221 2159 2573 2212 stitutionum
2601 2158 3027 2228 apostolicarum
3059 2158 3194 2229 pani
3227 2162 3284 2213 et
3313 2174 3476 2228 aqua
3509 2156 3596 2212 sal
3628 2163 3685 2211 et
3715 2156 3895 2212 olera

2224 2245 2537 2317 superaddi
2568 2245 2776 2301 lubens
2809 2247 3073 2302 concedit
3106 2263 3119 2303 :
3170 2249 3234 2303 In
3272 2247 3461 2302 diebus
3491 2263 3620 2317 ergo
3647 2246 3896 2302 Pasch:

2223 2338 2472 2408 jejunare
2499 2338 2821 2407 incipientes
2872 2353 2907 2391 a
2950 2337 3092 2407 feria
3135 2337 3371 2392 secunda
3402 2352 3572 2407 usque
3600 2335 3669 2390 ad
3698 2337 3894 2389 Para-

2222 2443 2415 2482 sceven
2461 2434 2519 2481 et
2563 2426 2880 2492 Sabbatum,
2908 2441 3009 2498 per
3049 2442 3148 2481 sex
3189 2426 3303 2482 dies
3328 2426 3441 2481 solo
3470 2431 3683 2481 utentes
3707 2441 3895 2497 pane,

2222 2517 2358 2583 sale,
2389 2515 2633 2571 oleribus
2662 2519 2716 2571 et
2742 2530 2904 2586 aqua?
2932 2521 3087 2586 potu.

2720 2602 3128 2659 ARTICULUS
3178 2602 3369 2658 XXIV.

2392 2698 2468 2749 De
2496 2694 2845 2747 matrimonii
2872 2693 3092 2747 vinculo
3122 2708 3409 2763 nunquam
3437 2690 3711 2747 solvendo.

2298 2784 2377 2837 Ex
2409 2781 2672 2837 obscuris
2720 2785 2943 2837 Hermae
2992 2781 3135 2837 locis
3190 2782 3261 2836 ad
3314 2798 3380 2836 ea
3433 2780 3899 2852 progrediamur

2226 2890 2347 2943 qua:
2371 2873 2496 2926 luce
2524 2871 2899 2940 claritateque
2927 2888 3035 2927 sua
3057 2871 3439 2942 quaestionem
3468 2870 3538 2925 de
3566 2886 3888 2940 nunquam

2227 2962 2501 3017 solvendo
2533 2962 2808 3016 connubii
2832 2978 3002 3024 nexu,
3028 2978 3206 3031 quam
3229 2960 3737 3028 obscurissimam,
3765 2960 3896 3015 im-

2228 3050 2675 3123 plicatissimam
2707 3054 2761 3105 et
2792 3048 3202 3104 difﬁcillimam
3237 3049 3383 3103 dixit
3412 3048 3788 3122 Augustinus
3822 3050 3895 3115 9‘,

2228 3140 2527 3194 illustrare
2580 3143 2847 3209 possunt.
2882 3139 3059 3193 Docet
3100 3138 3256 3193 enim
3312 3139 3554 3192 Hermas
3610 3138 3735 3192 viro
3790 3139 3903 3210 qui

470 3228 789 3285 observari.
820 3225 934 3283 Nec
963 3228 1177 3283 desunt
1215 3227 1315 3298 qui
1366 3208 1513 3281 hanc
1542 3226 1960 3298 xerophagiam
1992 3228 2117 3300 lege
2149 3208 2191 3273 C
2236 3246 2475 3284 uxorem
2508 3208 2677 3283 suam
2708 3227 3034 3283 adulteram
3066 3227 3374 3297 dimiserit,
3407 3244 3474 3282 ea
3516 3226 3769 3289 vivente.
3806 3208 3903 3283 al-

473 3315 669 3387 aliqua
691 3315 1093 3388 praescriptam
1116 3319 1394 3370 censeant
1419 3340 1432 3381 ;
1458 3319 1514 3369 et
1540 3316 1596 3369 id
1621 3315 1856 3387 quidem
1881 3319 2125 3388 probare

473 3404 743 3458 nituntur
771 3420 841 3458 ex
870 3404 1229 3459 Tertulliano
1266 3404 1365 3475 qui
1416 3404 1905 3461 Montanistarum
1938 3406 2125 3462 haere-

472 3492 587 3548 sim
617 3490 1003 3562 amplexatus,
1022 3494 1091 3549 de
1112 3493 1420 3548 Catholicis
1442 3494 1703 3549 dicebat:
1733 3497 1986 3565 Arguunt
2006 3513 2123 3564 nos,

475 3581 619 3652 quod
663 3582 831 3635 etiam
877 3582 1241 3653 xerophagias
1284 3584 1648 3653 observemus,
1681 3588 1791 3639 etc.
1827 3585 1937 3639 Sed
1969 3584 2123 3640 idem

475 3670 603 3743 ipse
669 3669 1065 3725 Tertullianus
1133 3672 1361 3727 addidit
1410 3688 1424 3727 :
1496 3674 1737 3744 Denique
1796 3675 2127 3745 respondetis

476 3760 712 3833 (nempe
743 3758 1040 3830 Catholici)
1074 3760 1196 3815 haec
1242 3777 1313 3815 ex
1363 3764 1596 3817 arbitrio
1624 3762 1985 3831 observanda,
2016 3781 2127 3819 non

474 3864 551 3904 ea:
574 3850 828 3918 imperio.
854 3848 1027 3903 Nulla
1047 3848 1229 3920 igitur
1254 3849 1379 3921 lege
1401 3850 1956 3922 ejusmodijejunia,
1980 3856 2127 3908 teste

472 3936 854 4005 Tertulliano,
884 3937 1105 3993 indicta
1131 3942 1316 4005 erant,
1342 3940 1442 3993 sed
1477 3955 1545 3993 ex
1570 3941 1858 4012 cujusque
1885 3942 2125 3997 arbitrio

470 4027 954 4082 observabantur.
988 4027 1351 4099 Quapropter
1379 4028 1748 4102 Epiphanius
1797 4029 1999 4085 isthmc
2052 4033 2124 4087 ad

470 4116 981 4183 consuetudinem,
1016 4133 1130 4171 non
1172 4118 1243 4171 ad
1287 4121 1639 4189 praeceptum
1688 4118 1771 4173 sic
1822 4120 2001 4174 refert
2030 4121 2072 4154 ⁸⁸
2108 4139 2121 4176 :

472 4205 745 4261 Praeterea
791 4221 889 4260 sex
936 4204 1067 4260 illos
1114 4207 1231 4261 dies
1275 4208 1654 4277 xerophagiis,
1692 4207 1793 4263 hoc
1844 4217 1920 4264 est
1970 4210 2124 4266 arido

472 4294 640 4359 victu,
667 4296 904 4349 transire
932 4295 1166 4365 populus
1197 4297 1379 4349 omnis
1410 4298 1667 4365 assuevit,
1692 4296 1790 4351 hoc
1820 4306 1899 4351 est
1925 4314 2126 4368 panem

470 4381 747 4438 duntaxat
775 4398 900 4438 cum
929 4400 1072 4455 aqua
1111 4386 1213 4439 sub
1261 4400 1547 4455 vesperam
1576 4386 1852 4441 adhibere.
1888 4386 1949 4441 Si
1999 4386 2123 4458 lege

459 4472 609 4556 'data
638 4472 1006 4545 xerophagiee
1035 4473 1367 4528 constitutae
1399 4475 1668 4541 fuissent,
1700 4475 1770 4529 de
1802 4476 1874 4530 iis
1919 4476 2119 4531 eodem

2236 3323 2421 3373 teram
2453 3318 2665 3372 ducere
2696 3317 2755 3371 in
2801 3316 3243 3372 matrimonium
3295 3317 3383 3370 fas
3435 3332 3548 3371 non
3599 3332 3785 3372 esse:
3841 3318 3903 3372 Si

2234 3409 2620 3476 permanserit,
2655 3406 2848 3477 inquit
2877 3408 2941 3474 θ’,
2992 3408 3051 3459 in
3098 3407 3231 3461 vitio
3268 3421 3362 3461 suo
3392 3406 3616 3473 mulier,
3648 3406 3910 3461 dimittat

2236 3498 2395 3552 illam
2422 3498 2532 3562 vir,
2565 3501 2615 3551 et
2660 3512 2758 3566 per
2802 3511 2860 3550 se
2906 3504 3146 3550 maneat.
3183 3495 3332 3563 Quod
3379 3498 3430 3549 si
3464 3496 3742 3551 dimiserit
3773 3512 3909 3551 mu-

2236 3588 2430 3641 lierem
2456 3602 2635 3655 suam,
2664 3591 2719 3640 et
2743 3584 2917 3639 aliam
2951 3585 3197 3649 duxerit,
3220 3594 3269 3640 et
3297 3586 3419 3652 ipse
3436 3584 3772 3641 moliatur.
3802 3585 3909 3639 His

2237 3681 2434 3730 autem
2467 3675 2689 3729 Hermae
2718 3674 2911 3729 verbis
2958 3675 3201 3745 quidam
3234 3672 3603 3741 refelluntur,
3637 3674 3909 3729 maxime

2233 3781 2367 3820 vero
2397 3763 2782 3827 Chemnitius,
2815 3762 2915 3834 qui
2964 3763 3244 3818 audacter
3291 3762 3500 3818 asserit
3528 3763 3573 3797 ³³
3617 3763 3905 3834 quaestio-

2236 3870 2370 3909 nem
2402 3853 2553 3907 hanc
2584 3856 2715 3923 post
2743 3851 3055 3923 Augustini
3089 3857 3354 3924 tempora
3386 3852 3674 3907 horridius
3706 3853 3906 3924 dispu-

2236 3944 2370 3997 tari.
2434 3942 2633 3996 Patres
2687 3958 2819 3996 vero
2879 3941 3082 3995 eodem
3142 3940 3466 4011 Augustino
3529 3939 3906 4011 antiquiores

2234 4046 2344 4085 non
2393 4030 2549 4097 adeo,
2600 4028 2815 4100 inquit,
2856 4030 3087 4099 [uerunt
3127 4030 3328 4099 asperi,
3370 4028 3523 4093 duri,
3573 4028 3801 4083 horridi
3853 4038 3909 4085 et

2235 4122 2605 4189 immanes,ut
2630 4118 2864 4189 conjugi
2888 4118 3188 4173 innocenti
3215 4118 3465 4172 alterum
3495 4117 3741 4173 ineundi
3766 4133 3910 4173 con-

2236 4209 2483 4263 nubium
2520 4207 2854 4262 facultatem
2894 4207 3274 4278 negaverint;
3305 4207 3399 4261 sed
3426 4206 3754 4275 docuerunt,
3794 4207 3905 4271 ait,

2236 4300 2462 4363 rectius,
2494 4299 2873 4369 praestantius,
2902 4300 2951 4350 et
2997 4297 3292 4367 perfectius
3333 4312 3466 4361 esse,
3501 4297 3553 4350 si
3587 4297 3761 4351 etiam
3806 4297 3911 4351 ille

2235 4390 2329 4457 qui
2382 4389 2450 4441 ab
2495 4386 2758 4441 adultera
2798 4390 3085 4456 separatus
3114 4395 3213 4455 est,
3246 4386 3332 4440 vel
3362 4389 3581 4439 maneat
3609 4387 3733 4441 sine
3759 4401 3909 4440 con-

2226 4478 2413 4548 jugio,
2448 4477 2529 4530 vel
2562 4475 2979 4530 reconciliatam
3010 4490 3238 4529 uxorem
3267 4491 3461 4529 rursus
3492 4476 3744 4544 recipiat.
3784 4474 3907 4530 Sed

467 4578 535 4618 ac
566 4562 637 4619 de
669 4566 887 4634 quartas
945 4567 1001 4617 et
1043 4566 1215 4617 sextaa
1258 4562 1411 4617 ferite
1453 4564 1683 4635 jejunio
1732 4564 2073 4635 scripsisset
2110 4582 2123 4618 :
2161 4582 2205 4646 ι)
2239 4582 2411 4635 quam
2449 4565 2631 4619 falsus
2662 4564 2739 4618 sit
2762 4563 3147 4632 Chemnitius,
3172 4581 3241 4618 ex
3272 4568 3471 4618 nostro
3498 4563 3907 4635 perspicimus

466 4655 608 4708 Item
641 4656 841 4723 quarta
870 4656 925 4706 et
968 4660 1121 4707 sexta
1148 4654 1295 4722 feria
1323 4654 1604 4723 jejunium
1634 4654 1713 4709 ad
1741 4654 1928 4708 horam
1960 4670 2129 4725 usque

463 4757 670 4798 nonam
718 4742 1061 4797 indictum...
1104 4740 1225 4796 Ideo
1272 4758 1372 4813 per
1425 4744 1553 4797 illos
1600 4743 1711 4797 dies
1754 4744 2125 4814 jejunandum

462 4847 575 4887 esse
604 4830 959 4886 decreverant
988 4831 1238 4899 apostoli.
1287 4832 1378 4899 At,
1415 4830 1708 4901 inquiens,
1739 4831 1926 4903 legem
1974 4832 2125 4887 hanc

463 4919 561 4976 ille
593 4919 728 4975 alibi
764 4925 1185 4975 commemorat
1213 4920 1258 4953 3°
1290 4936 1303 4972 :
1358 4920 1499 4987 Quid
1537 4923 1606 4989 si,
1642 4921 1855 4991 aiebat,
1893 4938 1963 4975 ea:
1991 4938 2121 4992 apo-

461 5011 731 5066 stolorum
793 5011 1181 5065 constitutione
1245 5011 1539 5079 repetenda
1607 5010 1763 5065 nobis
1822 5014 2121 5066 auctoritas

462 5108 578 5162 est;
627 5116 725 5155 cur
778 5100 893 5154 illis
944 5108 1155 5171 quarta:
1184 5106 1467 5168 saetaeque
1493 5101 1657 5168 feriae
1683 5101 1970 5171 Jejunium
1995 5118 2121 5170 per-

455 5197 624 5261 petua
680 5190 792 5261 lege
845 5192 1117 5257 sancitur,
1177 5198 1408 5259 excepta
1467 5190 1826 5244 Pentecoste?
1876 5189 1988 5243 Cur
2027 5207 2122 5244 sea:

460 5278 747 5334 Paschalis
777 5279 967 5335 diebus
996 5278 1143 5333 nihil
1174 5278 1395 5333 omnino
1434 5276 1504 5332 ad
1542 5280 1725 5333 cibum
1770 5286 1975 5348 praeter
2020 5296 2117 5344 pa-

531 5472 839 5547 Euseb.,
867 5474 1077 5547 Histor.
1114 5472 1214 5528 lib.
1247 5492 1348 5541 vn,
1392 5492 1496 5547 cap

459 5542 637 5617 f‘lib.
692 5561 775 5609 ιιι,
830 5545 1012 5599 simil.
1064 5546 1116 5599 5.
1195 5542 1562 5617 8"Epist-2.

2238 4655 2470 4719 Herma,
2495 4654 2616 4725 qui,
2640 4652 2748 4708 etsi
2777 4653 3109 4723 Augustino
3141 4652 3311 4724 longe
3343 4652 3660 4723 antiquior,
3685 4653 3903 4709 eodem

2233 4748 2426 4798 tamen
2478 4760 2543 4797 ac
2594 4741 2689 4796 ille
2747 4742 2918 4796 modo
2964 4742 3254 4811 ejusmodi
3296 4742 3572 4813 coniugia
3601 4740 3905 4797 adulteria

2233 4850 2359 4888 esse
2406 4832 2686 4887 definivit.
2734 4832 2891 4885 Idem
2940 4831 3339 4903 Athenagoras
3389 4836 3446 4885 et
3494 4829 3795 4895 Justinus,
3833 4838 3904 4886 ut

2230 4924 2355 4978 suis
2387 4922 2526 4976 locis
2561 4921 2912 4990 videbimus,
2949 4937 3052 4974 nec
3083 4937 3195 4975 non
3244 4925 3301 4973 et
3340 4919 3607 4974 Clemens
3636 4919 3900 4975 Alexan-

2230 5012 2434 5065 drinus
2465 5013 2507 5046 9‘
2557 5014 2911 5064 asseverant.
2963 5008 3224 5078 Denique
3276 5008 3331 5063 id
3384 5008 3777 5063 conﬁrmatur
3828 5025 3901 5063 ex

2230 5102 2479 5172 Origene
2509 5100 2657 5170 ipso,
2693 5103 2870 5169 atque
2900 5098 3271 5169 Hieronymo,
3305 5114 3452 5168 quos
3499 5097 3556 5151 in
3587 5096 3900 5168 opinionis

2230 5208 2347 5244 suae
2380 5187 2888 5243 conﬁrmationem
2920 5185 3285 5242 Cbemnitius
3316 5184 3577 5257 protulit.

2299 5278 2513 5349 Objicit
2534 5276 2690 5332 enim
2719 5276 2838 5330 haec
2866 5274 3133 5347 Origeuis
3153 5276 3326 5331 verba
3348 5275 3391 5310 ⁹⁶
3419 5294 3433 5331 :
3464 5276 3586 5332 Scio
3616 5275 3895 5345 quosdam

1505 5516 1517 5529 .
1562 5476 1651 5529 24.
1731 5476 1776 5509 ⁸⁸
1807 5474 2011 5529 homil.
2061 5477 2122 5529 in
2174 5475 2348 5545 Epist.
2400 5477 2425 5526 Ι
2474 5472 2543 5528 ad
2572 5471 2825 5545 fTimoth.
2902 5468 3078 5545 §‘_lib_.
3136 5488 3223 5545 ιιι,
3258 5470 3457 5545 simil.
3510 5470 3566 5534 5,
3597 5469 3799 5545 epist.
3834 5470 3892 5545 _2

1641 5547 1683 5580 ⁸⁸
1717 5546 1774 5601 in
1826 5548 2070 5618 Exposit.
2121 5542 2268 5616 ﬁdei,
2322 5548 2349 5616 Ξ
2401 5546 2490 5599 22.
2567 5544 2612 5618 δέ
2641 5542 2993 5618 βωνββταῦν

3043 5542 3073 5614 §
3122 5544 3176 5598 6.
3254 5542 3299 5576 9°
3342 5542 3688 5614 beares._75,
3749 5542 3781 5610 §
3828 5542 3883 5597 3.

461 5615 505 5652 ’⁸
540 5614 643 5670 lib.
682 5632 697 5669 1
731 5617 802 5688 De
834 5617 1072 5671 adulter.
1106 5612 1345 5688 ronjugf,
1382 5636 1429 5672 c.
1474 5620 1563 5683 ‘25,
1614 5622 1640 5684 ξ
1687 5620 1793 5685 32;
1850 5612 1919 5672 et'
1951 5618 2049 5674 lib.
2085 5633 2117 5673 ιι

2230 5612 2486 5681 τίναἐίαῑη
2518 5632 2565 5671 c.
2597 5616 2688 5688 57.
2766 5616 2809 5651 9'
2837 5613 2939 5668 lib.
2977 5612 3331 5681 11,'mandat.
3363 5616 3417 5670 4.
3495 5612 3538 5649 ³³
3568 5612 3629 5669 in
3661 5628 3879 5670 canon.

460 5702 561 5755 vn,
595 5687 846 5756 session,
878 5688 969 5753 24,
1005 5703 1165 5741 conc.

1252 5690 1462 5745 rident.
1541 5691 1583 5723 9‘
1613 5690 1713 5744 lib.
1750 5707 1790 5744 ιι
1825 5690 2020 5746 Strom.
2098 5691 2140 5725 νδ
2168 5695 2334 5747 tract.
2368 5690 2401 5742 7
2430 5690 2491 5744 in
2520 5687 2715 5746 Matth.
