4036 6344
214 431 349 494 857

1484 432 1817 494 PASTOB.
1849 461 1929 478 -
1956 429 2373 495 PROOEMIA.

3511 419 3632 485 858

220 566 329 639 qui
383 567 624 637 pressant
678 566 951 637 Ecclesiis,
1000 573 1157 622 extra
1183 568 1531 638 Scripturam
1556 568 1875 638 permisisse
1904 567 1956 634 Α
1987 564 2269 637 phanium
2294 565 2413 622 illic
2437 564 2507 620 de
2530 564 2753 637 nuptiis
2773 566 2906 637 post
2925 560 3193 634 conjugis
3216 562 3463 616 mortem
3490 575 3636 615 con-

218 656 483 726 aliquam
512 656 738 726 nubere,
767 658 945 725 priori
976 658 1093 711 viro
1118 658 1350 711 vivente.
1385 662 1459 710 At
1481 657 1726 728 ipsemet
1751 672 1879 711 con-

221 744 427 799 festim
460 744 698 799 subdit:
750 746 816 799 Et
857 749 1050 799 contra
1097 747 1431 816 scripturam
1481 746 1699 817 quidem
1736 747 1879 814 fece—

215 841 383 897 runt,
417 832 682 888 dicentem
708 851 725 886 :
761 855 791 885 «
825 834 1016 888 Mulier
1046 835 1227 907 ligata
1247 839 1343 890 est.
1376 856 1403 884 )›
1430 839 1536 890 etc.
1571 835 1693 889 Non
1728 834 1879 888 difﬁ-

218 926 427 977 temur
476 922 713 993 quidem
766 922 900 978 illos
944 922 1140 994 aliqua
1187 941 1256 979 ex
1304 931 1467 995 parte
1516 925 1776 979 excusari
1810 924 1881 978 ab

229 1011 507 1084 Origene,
558 1010 655 1081 qui
706 1012 1016 1083 subjunxit
1056 1013 1464 1069 continenter:
1514 1018 1635 1070 Non
1698 1018 1884 1068 tamen

218 1103 454 1157 omnino
491 1102 611 1156 sine
664 1116 831 1155 causa
879 1101 997 1158 haec
1043 1104 1417 1173 permiserunt
1434 1119 1454 1163 ;
1479 1105 1717 1173 forsitan
1736 1104 1885 1158 enim

216 1193 451 1261 propter
495 1190 823 1261 hujusmodi
862 1190 1248 1259 inﬁrmitatem
1300 1194 1759 1247 incontinentiam
1790 1191 1885 1245 ho-

219 1281 467 1348 minum,
524 1280 781 1349 peiorum
831 1282 1262 1351 comparatione,
1335 1297 1461 1353 quae
1515 1283 1671 1336 mala
1734 1285 1884 1350 sunt,

215 1369 600 1440 permiserunt
633 1368 891 1424 adversus
919 1385 1004 1439 ea,
1037 1385 1156 1440 quae
1200 1371 1268 1424 ab
1300 1373 1465 1426 initio
1495 1372 1725 1441 fuerunt
1755 1371 1867 1425 scri

217 1460 346 1529 pta.
380 1457 484 1512 Vir
528 1463 722 1513 autem
767 1457 866 1513 ille
911 1458 1290 1515 doctissimus
1341 1477 1374 1515 a
1424 1459 1598 1532 culpa
1648 1476 1766 1530 eos,
1802 1446 1886 1514 uti

218 1546 413 1611 vides,
464 1563 581 1602 non
639 1545 868 1603 liberat.
918 1549 992 1602 At
1048 1548 1105 1603 in
1153 1564 1220 1605 eo
1261 1552 1492 1605 tantum
1523 1549 1888 1605 excusandos

222 1650 361 1691 esse
391 1638 607 1707 censet,
641 1636 797 1708 quod
824 1636 1019 1693 minus
1068 1637 1312 1706 malum,
1347 1642 1411 1694 ut
1445 1640 1639 1710 majus
1670 1639 1886 1695 devita-

219 1727 412 1793 retur,
459 1725 876 1796 permiserunt.
937 1727 1093 1782 Hanc
1150 1732 1346 1784 tamen
1412 1728 1885 1800 permissionem,

217 1814 612 1888 quantumvis
634 1816 801 1887 justa
843 1815 1133 1885 videatur,
1186 1817 1527 1873 auctoritati
1576 1817 1887 1889 Scriptura:

220 1921 411 1962 sacrae
456 1920 783 1977 repugnare
844 1905 1097 1973 asserit;
1162 1906 1524 1977 proindeque
1593 1907 1883 1978 ejusmodi

218 1993 525 2051 connubia
554 1992 628 2049 ab
658 1994 863 2049 eadem
897 1993 1204 2065 Scriptura
1226 1994 1515 2066 proscribi
1538 1999 1596 2052 et
1616 1992 1885 2052 damnari

222 2102 346 2141 non
380 2084 627 2140 obscure
660 2082 972 2156 signiﬁcat.

299 2199 693 2273 Hieronymus
721 2216 877 2265 vero,
909 2216 1087 2272 quem
1122 2200 1298 2257 etiam
1331 2200 1697 2258 Chemnitius
1719 2201 1890 2258 nobis

226 2289 453 2361 objicit,
479 2289 591 2360 ipsi
616 2288 809 2343 adhuc
834 2288 1140 2361 multoque
1161 2288 1397 2362 planius
1416 2306 1587 2361 quam
1609 2290 1889 2361 Origenes

222 2379 593 2434 adversatur.
630 2376 738 2433 Ubi
788 2378 1001 2451 quippe
1047 2379 1118 2433 ad
1160 2381 1453 2434 Oceanum
1487 2379 1695 2435 scribit
1720 2380 1764 2415 9°
1791 2381 1891 2436 Fa-

224 2466 447 2523 biolam
504 2466 655 2536 ideo,
716 2465 907 2539 priore
960 2467 1081 2523 viro
1134 2485 1241 2523 suo
1283 2467 1534 2539 vivente,
1580 2467 1747 2525 alteri
1778 2486 1888 2526 nu-

224 2556 440 2629 psisse,
475 2556 609 2628 quia
635 2559 988 2627 persuaserat
1037 2556 1167 2623 sibi,
1218 2565 1272 2612 et
1298 2557 1532 2629 putabat
1558 2558 1739 2613 virum
1769 2575 1802 2613 a
1831 2576 1893 2615 se

223 2646 361 2717 jure
390 2645 701 2714 dimissum,
734 2644 1015 2701 continuo
1059 2646 1404 2718 subjungit:
1452 2647 1558 2701 Nec
1602 2640 1891 2717 Evangelii

232 2737 475 2807 rigorem
503 2737 750 2805 noverat,
784 2735 845 2789 in
894 2750 999 2806 quo
1044 2735 1292 2789 nubendi
1318 2736 1583 2790 universa
1610 2740 1885 2809 causatio,

231 2823 549 2880 viventibus
596 2824 762 2894 viris,
807 2824 1032 2893 feminis
1062 2828 1406 2894 amputatur.
1440 2824 1649 2879 Narrat
1678 2826 1888 2883 deinde

237 2914 535 2986 quomodo
568 2912 803 2967 Fabiola
826 2912 1118 2985 publicam
1144 2913 1390 2983 hujusce
1413 2914 1660 2968 secundi
1684 2916 1884 2986 conju-

237 3002 338 3075 gii,
382 3018 499 3057 non
533 3017 701 3056 secus
733 3017 800 3056 ac
831 3001 880 3056 si
905 3001 1257 3056 adulterium
1289 3002 1890 3076 commisisset,pceni-

236 3091 484 3146 tentiam
519 3090 720 3161 egerit.
756 3088 881 3144 Non
914 3087 1105 3145 solum
1146 3093 1338 3144 autem
1388 3090 1467 3144 ibi
1498 3091 1888 3163 Hieronymus

236 3179 345 3236 has
368 3178 607 3251 nuptias
636 3196 669 3233 a
693 3178 989 3249 Scriptura
1011 3195 1177 3233 sacra
1200 3178 1525 3249 prohibitas
1545 3197 1673 3235 esse
1702 3182 1885 3248 docet,

1988 654 2294 710 trahendis
2326 656 2662 727 disputare;
2695 654 2783 709 vel
2817 652 2961 709 nihil
2995 651 3135 708 certi
3167 669 3233 709 ex
3253 650 3441 722 ipsius
3469 651 3630 705 textu

1992 745 2173 800 donec
2204 747 2564 811 emendetur,
2599 761 2768 816 posse
2801 742 3049 798 definiri.

2062 853 2299 908 Certum
2330 856 2419 908 est
2449 852 2626 922 igitur
2651 850 2802 906 hanc
2828 848 3011 905 fuisse
3028 848 3266 903 Patrum
3288 844 3464 901 etiam
3497 848 3630 899 ante

1992 940 2301 1012 Augustini
2363 945 2587 997 etatem
2644 939 3017 1007 sententiam,
3080 934 3419 1007 conjugium
3471 932 3633 988 nulla

1994 1047 2250 1100 unquam
2279 1031 2349 1086 de
2376 1047 2552 1085 causa
2582 1048 2614 1084 a
2655 1046 2950 1101 quoquam
2983 1026 3127 1082 solvi
3175 1040 3364 1097 posse.
3397 1022 3456 1079 Si
3486 1021 3627 1093 quid

1993 1134 2125 1173 vero
2172 1123 2372 1174 contra
2411 1118 2498 1173 vel
2547 1118 2829 1189 scriptum
2876 1116 2963 1171 vel
3013 1116 3231 1169 factum
3282 1112 3630 1183 proferatur,

1996 1203 2138 1259 illud
2196 1206 2283 1261 vel
2334 1206 2579 1260 minoris
2628 1203 2881 1275 alicujus
2917 1202 3077 1265 mali,
3110 1218 3223 1273 quo
3251 1200 3409 1255 aliud
3442 1199 3635 1269 majus

1996 1299 2299 1368 peccatum
2329 1296 2661 1359 evitaretur,
2692 1293 3001 1349 tolerantia
3026 1291 3155 1357 fuit,
3188 1289 3278 1347 vel
3309 1293 3461 1346 certe
3491 1288 3635 1344 abu-

1996 1401 2098 1440 sus
2128 1384 2357 1456 aliquis,
2390 1402 2423 1439 a
2453 1384 2677 1440 ceteris
2706 1383 2981 1439 omnibus
3010 1380 3394 1452 improbatus.

2067 1494 2429 1564 QuaprOpter
2458 1495 2771 1563 provocant
2799 1506 2907 1545 nos
2938 1486 3257 1543 adversarii
3286 1487 3356 1541 ad
3379 1485 3635 1540 divinam

1998 1581 2253 1639 Matthei
2283 1582 2713 1651 auctoritatem,
2747 1579 2849 1651 qui
2874 1576 3163 1650 expressis
3186 1575 3376 1631 verbis
3408 1575 3634 1630 statuit:

1998 1672 2185 1729 Omnis
2220 1688 2313 1743 qui
2359 1670 2635 1725 dimiserit
2679 1685 2907 1725 uxorem
2952 1683 3133 1737 suam,
3184 1672 3406 1735 excepta
3458 1664 3638 1735 [orni-

1996 1762 2229 1818 cationis
2277 1777 2462 1830 causa,
2520 1761 2657 1831 facit
2712 1776 2834 1814 eam
2877 1757 3189 1823 mtechari;
3238 1758 3342 1809 et:
3390 1752 3639 1811 Marcha-

1998 1860 2128 1918 tur;
2160 1855 2212 1907 et
2237 1855 2332 1922 qui
2371 1849 2654 1904 dimissam
2683 1848 2929 1918 duxerit,
2960 1841 3250 1902 adulterat
3269 1844 3332 1899 '9.
3354 1843 3414 1899 Si
3444 1845 3637 1898 autem

1921 1942 1968 2007 B
2001 1939 2216 1996 dixeris
2261 1955 2365 1995 nec
2412 1941 2671 1993 Marcum
2721 1938 2810 2008 ¹⁰⁰,
2861 1952 2965 1991 nec
3022 1936 3239 1991 Lucam
3282 1936 3323 2002 ί,
3356 1948 3462 1988 nec
3492 1932 3641 1989 Pau-

1997 2030 2121 2086 lum
2145 2030 2188 2096 ²,
2220 2029 2320 2100 qui
2351 2028 2420 2084 de
2454 2027 2561 2082 hac
2590 2027 2791 2082 uxoris
2817 2025 3158 2081 dimissione
3179 2020 3638 2096 loquuntur,hu-

1992 2120 2091 2191 jus
2122 2117 2478 2190 exceptionis
2508 2116 2675 2171 ullibi
2707 2115 2913 2171 fecisse
2945 2113 3322 2181 mentionem,
3364 2110 3644 2181 illamque

1998 2208 2145 2264 tanti
2178 2223 2306 2263 esse
2338 2205 2641 2269 momenti,
2679 2208 2742 2259 ut
2766 2205 2814 2261 si
2847 2203 3082 2276 quando
3115 2218 3147 2257 a
3174 2199 3404 2258 Christo
3453 2199 3645 2272 posita

1997 2301 2173 2364 esset,
2205 2297 2276 2352 ab
2312 2296 2385 2351 iis
2413 2311 2713 2367 nunquam
2742 2294 2951 2349 fuisset
2982 2290 3374 2365 praetermissa
3398 2307 3412 2358 ;
3436 2288 3583 2344 illud
3603 2287 3645 2343 ii

1997 2385 2153 2443 illico
2203 2389 2504 2458 reponant,
2558 2383 2670 2440 nisi
2719 2400 2753 2439 a
2791 2382 3020 2438 Christo
3051 2384 3207 2437 esset
3237 2378 3456 2447 addita,
3488 2394 3643 2433 nun-

1999 2492 2178 2548 quam
2225 2473 2390 2530 illam
2437 2473 2745 2529 Matthieus
2796 2476 2918 2529 tam
2963 2486 3233 2543 expresse
3279 2467 3637 2525 tradidisset.

1996 2566 2213 2621 Verum
2244 2563 2529 2635 quidquid
2561 2563 2632 2618 de
2689 2579 2854 2618 sacro
2913 2577 3112 2617 eorum
3170 2562 3330 2614 textu
3390 2556 3642 2624 dicatur,

2002 2658 2231 2711 eertum
2283 2657 2373 2709 est
2414 2651 2639 2708 nullam
2690 2651 2822 2708 illos
2873 2651 3025 2708 inter
3070 2649 3299 2704 divinos
3329 2647 3641 2719 scriptores

1996 2759 2124 2800 esse
2155 2759 2435 2815 pugnam,
2470 2740 2817 2813 nullumque
2855 2756 3096 2812 prorsus
3126 2737 3460 2795 dissidium.
3493 2736 3639 2793 Cum

1996 2849 2133 2904 ergo
2164 2849 2319 2887 unus
2349 2831 2609 2887 omnium
2638 2830 2714 2885 sit
2747 2845 3094 2895 consensus,
3120 2828 3203 2883 sic
3222 2844 3321 2883 eos
3344 2824 3640 2881 conciliari

1997 2938 2168 2994 posse
2200 2925 2498 2993 putamus,
2532 2924 2597 2975 ut
2626 2920 2747 2975 haec
2795 2918 3051 2990 exceptio
3092 2916 3362 2985 Matthiei,
3415 2923 3641 2986 excepta

1994 3012 2383 3082 fornicationis
2413 3026 2595 3076 causa,
2639 3025 2753 3065 non
2800 3009 2872 3063 ad
2921 3008 3163 3063 verbum
3212 3006 3503 3074 dimiserit,
3536 3002 3637 3059 sed

1997 3100 2067 3156 ad
2116 3101 2299 3156 aliam
2345 3099 2588 3169 duxerit,
2639 3098 2941 3154 referenda
2986 3096 3081 3153 sit.
3131 3097 3493 3166 Quapropter
3522 3107 3637 3147 non

1999 3189 2151 3245 alius
2200 3189 2312 3244 erit
2358 3189 2669 3244 verborum
2722 3185 2974 3242 Matthzei
3029 3201 3259 3249 sensus,
3310 3198 3487 3255 quam
3516 3180 3637 3235 viro

238 3268 575 3374 βθίξξῐιηῗιξίξε
606 3267 780 3374 Θῖίξιῐη
804 3268 875 3322 ad
900 3266 1151 3374 Μεξῖίδεεί
1181 3266 1554 3367 Evangelium
1577 3269 1885 3326 Commen-
1917 3307 1959 3374 ρ
2002 3278 2108 3349 illi,
2140 3281 2310 3349 cujus
2341 3295 2485 3333 uxor
2514 3282 2603 3333 est
2633 3274 2916 3341 adultera,
2955 3290 3083 3329 eam
3134 3269 3490 3335 dimittendi,
3524 3286 3637 3324 non

234 3357 403 3415 tariis
435 3359 477 3392 9"
507 3357 565 3411 id
608 3356 801 3429 palam
835 3360 1146 3429 aperteque
1179 3357 1537 3427 pronuntiat.

302 3475 489 3545 Major
512 3490 673 3543 sane,
711 3490 782 3529 ne
815 3473 956 3546 quid
988 3472 1458 3543 dissimulemus,
1492 3473 1682 3530 oritur
1729 3476 1885 3532 difﬁ—

233 3564 423 3621 cultas
456 3580 526 3619 ex
556 3563 648 3618 his
679 3562 991 3634 Epiphanii
1021 3563 1213 3618 verbis
1248 3562 1292 3597 9°
1324 3579 1337 3618 :
1384 3562 1486 3617 Sed
1534 3564 1626 3618 cui
1668 3573 1887 3622 mortua

232 3669 349 3709 una
377 3669 486 3708 non
518 3652 746 3724 sufﬁcit,
769 3668 914 3721 cum,
949 3654 1223 3708 occasione
1255 3652 1448 3723 aliqua
1475 3654 1654 3723 stupri
1667 3655 1885 3710 adulte-

232 3743 422 3813 riique
450 3749 547 3796 aut
577 3740 808 3796 alterius
837 3741 1041 3811 ﬂagitii
1174 3741 1343 3807 κακῆς
1377 3737 1597 3811 αἰτίας),
1645 3758 1770 3798 cum
1823 3759 1887 3800 ea

233 3831 537 3887 divortium
564 3830 775 3900 fecerit,
810 3829 858 3884 is
886 3831 937 3883 si
963 3830 1198 3885 alteram
1242 3846 1474 3885 uxorem
1518 3830 1758 3898 duxerit,
1790 3836 1887 3887 aut

236 3921 404 3975 alteri
431 3921 549 3975 viro
577 3917 781 3972 mulier
803 3920 1077 3989 nupserit,
1108 3934 1394 3974 sacrarum
1436 3919 1760 3976 litterarum
1783 3938 1884 3976 au-

231 4010 462 4064 ctoritas
488 4008 557 4063 ab
582 4008 739 4063 omni
768 4008 938 4079 culpa
966 4007 1091 4062 illos
1109 4008 1339 4063 absolvit
1364 4032 1378 4075 ;
1408 4024 1581 4079 neque
1609 4009 1676 4064 ab
1706 4011 1884 4066 Eccle-

230 4098 318 4154 sia
342 4102 440 4151 aut
467 4105 680 4153 aterna
703 4096 818 4150 vita
847 4097 1048 4167 rejicit,
1079 4096 1171 4151 sed
1198 4102 1420 4168 propter
1450 4098 1886 4155 imbecillitatem

230 4185 544 4242 tolerandos
566 4187 868 4241 existimat.
902 4185 1350 4241 Eruditissimus
1390 4187 1585 4257 itaque
1614 4188 1885 4245 Petavius

230 4279 403 4351 putat
420 4275 579 4331 hunc
606 4273 915 4346 Epiphanii
936 4274 1129 4331 locum
1154 4292 1281 4331 esse
1302 4276 1680 4348 depravatum
1710 4278 1882 4335 :fate—

230 4370 329 4422 tur
355 4369 551 4420 tamen
580 4364 851 4420 eumdem
884 4363 1277 4437 Epiphanium
1328 4365 1408 4421 ibi
1460 4365 1885 4438 subscripsisse

233 4454 491 4527 opinioni
524 4454 917 4525 quorumdam
941 4458 1204 4511 veterum
1244 4454 1618 4526 scriptorum,
1670 4456 1883 4527 quibus

232 4548 363 4617 post
393 4543 725 4615 legitimum
772 4542 1089 4598 divortium
1136 4542 1425 4615 permissa
1471 4543 1884 4602 innocentibus

234 4631 583 4705 conjugibus
616 4630 959 4702 hujusmodi
985 4631 1358 4687 matrimonia
1385 4633 1753 4688 videbantur.
1780 4638 1884 4690 Ve-

232 4737 363 4777 rum
397 4721 446 4777 si
480 4724 793 4793 corruptus
825 4724 912 4776 est
934 4720 1243 4793 Epiphanii
1268 4721 1451 4791 locus,
1480 4722 1619 4793 quid
1645 4724 1787 4779 certi
1813 4741 1883 4780 ex

232 4828 297 4868 eo
320 4810 530 4866 confici
561 4809 794 4882 poterit!
827 4810 1004 4866 Porro
1036 4811 1397 4883 Epiphanius
1430 4812 1590 4868 deiis
1613 4814 1887 4871 secundis

234 4898 456 4970 nuptiis
488 4898 771 4971 disputat,
804 4915 950 4969 quas
981 4916 1095 4954 non
1130 4899 1318 4970 stupri
1342 4899 1733 4973 adulleriique
1762 4906 1886 4958 tan-

232 4993 377 5057 tum,
413 4988 512 5043 sed
547 4986 865 5058 cujuslibet
896 4986 1101 5060 ﬂagitii
1143 5004 1317 5043 causa
1348 4987 1404 5060 (ἢ
1459 4994 1630 5057 κακῆς
1687 4989 1883 5063 αἰτίας)

232 5077 549 5152 permissas
580 5093 710 5132 esse
741 5076 1015 5132 afﬁrmat.
1041 5078 1110 5131 At
1138 5083 1290 5132 certe
1322 5078 1713 5150 Epiphaniam
1746 5097 1882 5136 con-

227 5166 355 5239 jugi
372 5165 769 5231 innocenti,ob
784 5165 1045 5236 cujusvis
1059 5164 1300 5221 alterius
1316 5167 1583 5240 conjugis
1597 5168 1883 5240 ﬂagitium

234 5260 434 5312 contra
464 5255 777 5327 Scriptura
829 5254 1263 5321 auctoritatem,
1295 5254 1457 5311 aliud
1494 5256 1643 5313 inire
1675 5259 1881 5313 matri-

234 5344 495 5402 monium
530 5344 869 5416 permisisse
901 5343 1122 5401 nemini
1150 5362 1478 5417 nunquam,
1511 5351 1577 5401 ut
1606 5346 1881 5414 arbitror,

232 5434 594 5509 probabitur.
623 5437 772 5491 Vero
802 5433 987 5507 igitur
1015 5437 1103 5491 est
1131 5433 1387 5491 similius
1416 5436 1693 5492 eumdem
1741 5436 1881 5509 Epi-

1999 3368 2173 3423 aliam
2226 3367 2496 3437 ducendi,
2546 3366 2744 3421 datam
2784 3382 2819 3420 a
2865 3363 3089 3419 Christo
3118 3364 3481 3434 potestatem.
3515 3362 3638 3423 Quo

1998 3457 2236 3530 quidem
2268 3473 2443 3512 sensu
2477 3455 2572 3512 ille
2601 3472 2718 3511 non
2749 3455 3040 3525 discrepat
3068 3469 3102 3507 a
3149 3449 3327 3507 Paulo
3377 3453 3434 3504 et
3485 3447 3635 3516 aliis,

1995 3546 2095 3617 qui
2130 3544 2326 3617 plures
2360 3546 2618 3601 fatentur
2642 3560 2772 3600 esse
2801 3560 3009 3599 causas
3053 3544 3291 3613 propter
3322 3556 3469 3611 quas
3499 3554 3635 3594 oon-

1995 3636 2165 3708 iuges
2198 3653 2231 3691 a
2262 3652 2323 3691 se
2352 3634 2598 3690 invicem
2631 3632 2891 3705 separari
2927 3634 3192 3705 possunt.

2069 3742 2328 3798 lnstahis
2356 3745 2577 3808 tamen,
2611 3740 2662 3797 si
2691 3739 2950 3812 exceptio
2980 3739 3052 3794 ad
3081 3737 3324 3793 verbum
3362 3736 3638 3792 dimiserit

1994 3832 2298 3902 referatur,
2333 3829 2494 3886 nulla
2524 3829 2639 3886 alia
2680 3829 3005 3885 secundum
3046 3826 3380 3883 Mattheum
3411 3825 3522 3881 erit
3548 3825 3637 3880 di-

1993 3920 2159 3977 vortii
2194 3936 2392 3989 causa,
2427 3920 2539 3975 nisi
2573 3918 2878 3975 fornicatio
2927 3934 3025 3973 seu
3059 3914 3428 3972 adulterium.
3460 3913 3637 3985 Atqui

1994 4026 2062 4065 ex
2086 4009 2286 4077 Paulo,
2320 4012 2496 4080 atque
2525 4008 2701 4064 etiam
2719 4024 2788 4063 ex
2809 4011 3009 4062 nostro
3031 4009 3264 4071 Herma,
3297 4002 3637 4073 caeterisque

1993 4097 2289 4164 Patribus,
2339 4097 2466 4153 alia:
2514 4105 2571 4153 et
2619 4096 2857 4169 quidem
2910 4094 3107 4167 plures
3151 4096 3290 4149 sunt
3319 4108 3530 4161 causas,
3562 4093 3635 4147 ob

1992 4204 2137 4258 quas
2167 4188 2446 4259 conjuges
2477 4204 2511 4241 a
2540 4203 2602 4241 se
2633 4185 2874 4242 invicem
2910 4182 3138 4254 sejungi
3172 4185 3437 4255 possunt.
3461 4185 3632 4236 Exce-

1994 4277 2114 4348 ptio
2144 4276 2325 4349 igitur
2356 4275 2611 4331 Matthmi
2634 4291 2749 4330 non
2776 4273 2847 4328 ad
2875 4273 3114 4328 verbum
3136 4272 3539 4337 dimiserit,sei
3563 4270 3635 4326 ad

1988 4366 2167 4420 aliam
2216 4366 2455 4431 duxerit,
2507 4364 2677 4420 debet
2733 4360 3062 4417 necessario
3104 4361 3323 4417 referri.
3374 4362 3520 4417 Tota
3549 4360 3634 4417 vis

1993 4453 2173 4525 hujus
2195 4454 2524 4527 argumenti
2546 4453 2604 4508 in
2628 4469 2694 4509 eo
2717 4451 2828 4508 sita
2852 4455 2941 4506 est
2961 4452 3115 4522 quod
3135 4451 3438 4507 Matthssus
3461 4450 3635 4506 unius

1992 4546 2219 4599 tantum
2252 4542 2605 4615 exceptionis
2628 4542 2984 4597 mentionem
3016 4539 3232 4596 fecerit.
3256 4542 3363 4595 Sed
3396 4556 3632 4612 respon-

1996 4632 2203 4688 demus
2238 4632 2405 4688 illum
2435 4632 2563 4688 ideo
2594 4631 2770 4687 unius
2818 4630 3224 4686 tantummodo
3274 4629 3633 4694 meminisse,

1996 4739 2112 4778 non
2149 4726 2213 4777 ut
2242 4721 2410 4791 alias,
2445 4739 2591 4794 quas
2620 4720 2839 4776 Paulus
2889 4720 3104 4791 aliique
3156 4723 3635 4786 commemorant,

1996 4812 2235 4868 omnino
2266 4810 2617 4879 excluderet,
2649 4812 2748 4866 sed
2781 4809 2919 4882 quia
2947 4807 3047 4864 illa
3085 4808 3338 4863 maxima
3368 4808 3634 4863 omnium

1995 4906 2120 4956 erat
2149 4905 2206 4955 et
2236 4900 2607 4973 gravissima.
2642 4898 2795 4955 Alias
2842 4899 3040 4969 itaque
3086 4898 3449 4969 exceptiones
3497 4913 3635 4968 pru-

1994 4990 2156 5045 denti
2189 4989 2419 5045 silentio
2453 4989 2843 5062 praetermisit,
2869 4987 3007 5059 quia
3034 4986 3274 5042 leviores
3305 4984 3637 5058 erant,quia

1995 5079 2277 5134 brevioris
2328 5078 2607 5151 temporis
2651 5078 3077 5150 separationem
3128 5075 3465 5146 poscebant,
3498 5075 3637 5146 quia

1994 5168 2247 5240 denique
2277 5184 2445 5223 mens
2488 5168 2579 5222 illi
2619 5172 2743 5223 erat
2776 5167 2950 5221 unius
2982 5164 3401 5235 principumque
3431 5179 3634 5235 excep-

1990 5257 2167 5314 tionis
2226 5258 2778 5313 commemoratione
2852 5253 3270 5320 arctissimum,
3348 5258 3521 5325 atque
3601 5271 3636 5310 a

1992 5345 2155 5401 nullo
2187 5363 2451 5418 unquam
2480 5346 2716 5402 homine
2746 5342 3090 5400 solvendum
3122 5340 3481 5396 matrimonii
3509 5342 3634 5398 vin-

1990 5436 2212 5504 culum,
2243 5436 2517 5492 omnibus
2549 5435 2738 5509 magis
2768 5436 3074 5507 magisque
3104 5434 3532 5492 commendare.

306 5701 542 5777 “epist.
567 5701 657 5759 30.
674 5702 733 5777 _"’
779 5705 858 5777 in,
897 5717 1023 5775 cap.
1072 5718 1110 5758 κ
1164 5702 1355 5777 Matth.
1387 5703 1429 5739 ⁹⁸
1478 5702 1689 5761 Haeres.
1750 5702 1884 5776 59,§

1999 5748 2007 5760 .
2049 5704 2093 5739 9°
2150 5704 2354 5761 Matth.
2386 5721 2443 5777 v,
2474 5703 2562 5774 32,
2588 5707 2647 5761 et
2673 5720 2789 5774 x1x,
2823 5703 2878 5761 9.
2913 5705 2983 5741 ¹⁰⁰
3012 5704 3189 5761 Marc.
3222 5722 3279 5777 x,
3316 5704 3404 5763 tl.
3438 5706 3454 5741 ¹
3492 5706 3629 5775 Luc.

237 5791 346 5845 xvr,
374 5774 464 5833 t8.
498 5775 520 5811 ²
549 5774 749 5845 Paul.,
781 5774 804 5831 Ι
834 5774 1012 5831 ϐοαί
1042 5778 1099 5832 et
1128 5776 1202 5833 ad
1233 5775 1401 5834 Rom.
1432 5792 1536 5834 vn.
