4086 6342
488 373 607 438 859

1013 512 1412 571 ARTICULUS
1440 515 1609 571 XXV.

695 620 768 675 De
797 620 937 676 libro
967 623 1272 694 apocrypha
1301 625 1365 678 de
1397 624 1623 679 Heldam
1651 631 1700 679 et
1730 624 1929 681 Modal.

567 785 893 854 Antequam
944 801 1183 839 manum
1238 786 1307 841 de
1356 785 1555 841 tabula
1598 786 1881 853 levemus,
1934 787 2134 857 paucis

498 872 870 927 monebimus
900 873 1127 929 laudari
1159 875 1230 929 ab
1256 876 1469 930 Herma
1493 875 1706 930 librum
1733 877 1802 931 de
1829 876 2064 931 Heldam
2083 879 2139 931 et

494 962 698 1031 Modal,
724 964 823 1035 qui
854 964 968 1018 duo
1000 964 1103 1018 viri
1136 970 1303 1019 erant
1342 982 1592 1035 quorum
1626 966 1842 1021 mentio
1872 965 1932 1019 in
1957 965 2137 1021 sacris

1987 383 2052 445 S.
2099 379 2397 443 HERM/E

2165 518 2221 583 Α
2253 515 2641 572 Numerorum
2675 512 2842 569 libris
2870 512 3139 569 habetur.
3171 511 3282 568 Sed
3314 510 3469 567 hunc
3501 509 3780 566 eumdem
3820 508 3882 565 li-

3776 373 3883 437 860

2242 606 2412 660 brum
2455 606 2522 659 ad
2578 602 2908 676 apocrypha
2959 602 3279 658 amandant
3335 602 3595 673 Synopsis
3639 599 3887 655 Athana-

2245 694 2409 749 siana
2466 699 2522 749 et
2568 694 2996 765 Stychometria,
3053 691 3527 763 Chronographim
3576 689 3884 761 Nicephori

2246 785 2645 857 superaddita.
2678 788 2854 839 Porro
2884 783 3007 837 haec
3054 783 3425 851 adnotamus,
3453 784 3519 835 ut
3547 778 3730 849 hujus
3760 777 3884 833 libri

2248 874 2589 944 antiquitas,
2622 890 2748 944 qum
2800 872 3053 927 auctoris
3110 870 3295 927 nostri
3343 874 3571 925 aetatem
3630 874 3883 940 superat,

2248 964 2320 1019 ab
2351 964 2626 1019 omnibus
2658 963 3017 1018 observetur.

3469 1151 3889 1165 *-

1092 1301 1206 1422 J.
1306 1302 1449 1421 B.
1554 1301 2426 1424 COTELERII
2512 1299 3307 1424 JUDICIUM

1509 1534 1649 1616 DE
1719 1536 1807 1620 S.
1887 1536 2303 1622 HERWE
2372 1534 2874 1620 PASTORE

1301 1714 1511 1781 (Patres
1543 1713 1848 1783 apostolici,
1880 1712 2017 1767 edit.
2050 1711 2506 1782 Amstaelodami,
2538 1712 2699 1779 4724,
2731 1716 2775 1768 t.
2813 1713 2854 1781 Ι,
2891 1730 2947 1783 p.
2977 1712 3093 1782 73.)

572 1892 735 1957 Quod
766 1891 825 1947 in
876 1891 1183 1948 hominum
1230 1892 1471 1963 judiciis
1516 1893 1662 1948 solet
1696 1894 2046 1965 contingere,
2081 1898 2147 1948 ut
2176 1896 2222 1960 B
2256 1893 2524 1949 haeretico
2553 1894 2627 1948 De
2668 1893 2941 1965 pudicitia
2970 1890 3267 1964 suggillat,
3322 1892 3624 1964 appellans
3657 1910 3895 1966 apocry-

501 1981 598 2037 alii
630 1981 761 2053 plus
794 1999 969 2054 quam
1001 2000 1106 2055 par
1145 1987 1253 2048 est,
1286 1983 1415 2037 aliis
1448 1983 1644 2038 minus
1676 1983 1953 2053 tribuant,
1985 1983 2142 2038 tertii

502 2072 743 2127 modum
785 2075 1012 2127 servent
1048 2090 1113 2127 ac
1161 2073 1530 2143 aequitatem;
1580 2072 1638 2127 id
1690 2073 1736 2127 si
1788 2090 1965 2144 super
1992 2072 2140 2127 libro

506 2161 729 2215 Hermm
771 2161 988 2216 factum
1039 2162 1220 2218 fuisse
1252 2164 1719 2234 pronuntiavero,
1755 2181 1869 2218 non
1902 2164 2145 2218 verebor

505 2268 575 2305 ne
606 2268 640 2305 a
667 2251 927 2307 veritatis
957 2253 1191 2307 tramite
1233 2269 1468 2308 censear
1517 2254 1838 2309 aberrasse.
1892 2253 2141 2323 Scilicet,

503 2346 880 2396 excesserunt
932 2341 1071 2396 recti
1122 2342 1287 2410 fines,
1343 2347 1627 2414 quotquot
1672 2345 1953 2398 Pastorem
1986 2343 2144 2398 inse-

502 2434 748 2484 ruerunt
792 2429 1051 2502 catalogo
1107 2432 1440 2486 divinarum
1488 2431 1963 2502 Scripturarum:
2013 2448 2146 2485 cum

502 2517 676 2573 hodie
709 2519 779 2573 ab
814 2519 1082 2575 universa
1109 2519 1365 2576 Ecclesia
1396 2526 1557 2576 extra
1577 2526 1865 2577 Canonem
1896 2521 2143 2593 legatur.

503 2606 635 2660 Fuit
665 2612 860 2662 autem
891 2624 958 2662 ea
988 2609 1275 2664 sententia
1315 2610 1705 2681 quarumdam
1756 2608 2145 2664 Ecclesiarum

502 2711 572 2750 ex
600 2693 718 2750 illis
749 2694 1000 2763 Graeciae,
1044 2700 1197 2770 apud
1232 2717 1396 2770 quas,
1428 2704 1597 2767 teste,
1629 2704 1761 2771 post
1792 2699 2021 2754 Eusebii
2052 2700 2146 2753 Ili-

503 2786 750 2852 storiam,
810 2784 911 2840 lib.
958 2803 1043 2854 In,
1093 2804 1197 2858 cap
1228 2789 1279 2857 3,
1313 2788 1661 2860 Hieronymo
1694 2790 1751 2842 in
1790 2793 2038 2843 tractatu
2071 2789 2147 2842 De

502 2874 639 2927 viris
707 2875 1037 2943 illustribus,
1116 2875 1345 2948 publice
1423 2878 1793 2933 recitabatur.
1861 2877 2147 2933 Credibile

505 2979 760 3035 namque
807 2964 872 3018 fit
920 2968 1144 3036 partem
1194 2982 1341 3037 opus
1389 2966 1667 3022 habuisse
1712 2984 1813 3038 pro
1846 2968 2143 3037 canonico,

504 3056 729 3124 partem
761 3070 863 3126 pro
903 3053 1294 3111 ecclesiastico
1331 3072 1343 3110 :
1379 3073 1491 3127 quo
1517 3058 1588 3111 de
1627 3056 1834 3112 ultimo
1878 3056 2147 3111 dubitare

510 3158 616 3197 nos
648 3160 761 3197 non
811 3143 1013 3199 sinunt
1058 3144 1393 3200 testimonia
1441 3145 1743 3201 Athanasii
1788 3146 1847 3200 in
1891 3145 2146 3217 Epistola

505 3231 791 3336 Paschali,
851 3237 907 3288 et
962 3234 1157 3288 Ruﬁni
1213 3235 1284 3289 ad
1312 3236 1630 3307 Symbolum
1658 3254 1669 3301 ;
1698 3236 1853 3291 sicut
1884 3235 2139 3307 primum
2172 3270 2215 3336 α

502 3320 884 3376 confirmatur
913 3327 1037 3377 tum
1062 3340 1163 3395 per
1181 3329 1446 3380 auctores
1469 3325 1568 3395 qui
1601 3325 1827 3379 Hermae
1858 3325 2141 3395 scriptum

504 3408 658 3464 inter
714 3409 891 3465 dubia
947 3410 1263 3483 volumina,
1317 3418 1374 3468 et
1430 3414 1501 3468 ab
1535 3413 1832 3484 aliquibus
1863 3414 2142 3474 admissa,

506 3498 721 3569 rejecta
747 3500 817 3553 ab
851 3499 980 3555 aliis
1020 3506 1353 3570 recensent;
1406 3508 1531 3558 tum
1582 3521 1685 3575 per
1731 3504 2004 3574 antiquos
2049 3501 2147 3556 Bi-

507 3587 761 3642 bliorum
794 3588 1021 3644 codices
1055 3607 1233 3645 manu
1264 3598 1551 3660 exaratos,
1599 3610 1849 3663 quorum
1883 3591 2148 3647 nonnulli

507 3682 791 3732 Pastorem
821 3694 1049 3749 quoque
1071 3680 1557 3753 complectuntur,
1584 3687 1648 3736 ut
1669 3682 1766 3736 ille
1787 3680 2150 3736 bibliothecae

507 3766 704 3821 Sancti
735 3767 1030 3835 Germani,
1073 3772 1198 3823 tum
1251 3786 1351 3840 per
1398 3788 1576 3826 manu
1630 3771 1876 3843 scriptas
1929 3774 2151 3826 veteres

507 3854 964 3927 Stichometrias,
1000 3874 1125 3929 qua:
1171 3858 1443 3914 similiter
1494 3861 1761 3915 Hermam
1811 3859 2147 3927 continent;

512 3944 704 4016 qualis
735 3950 924 4001 exstat
956 3947 1014 4001 in
1046 3947 1249 4003 eadem
1280 3948 1742 4020 locupletissima
1778 3950 2149 4016 bibliotheca,

512 4040 569 4089 et
598 4034 657 4089 in
688 4035 964 4091 thesauro
1016 4035 1251 4092 librario
1302 4038 1474 4110 Regis
1505 4039 2019 4107 Christianissimi,
2053 4057 2150 4094 su-

513 4124 711 4197 perius
742 4125 899 4180 edita
926 4127 985 4181 in
1036 4125 1253 4199 proleg.
1308 4128 1380 4182 ad
1411 4130 1463 4182 S.
1499 4128 1863 4196 Barnabam;
1898 4134 2023 4183 tum
2058 4129 2152 4183 de-

514 4214 695 4284 nique
725 4232 827 4286 per
870 4214 1140 4271 Ecclesia
1171 4217 1481 4289 magistros
1511 4219 1581 4273 ad
1612 4220 1877 4273 eamdem
1927 4218 2153 4290 Opinio-

516 4318 651 4356 nem
684 4304 1041 4359 accedentes.
1072 4304 1217 4360 Nam
1251 4306 1501 4361 Irenaaus
1545 4311 1609 4360 ut
1654 4307 1955 4379 Scriptura
1998 4309 2154 4361 vide;

515 4394 613 4445 tur
678 4392 876 4448 citare.
928 4392 1191 4449 Clemens
1241 4394 1671 4451 Alexandrinus
1722 4397 1983 4451 divinam
2030 4413 2158 4451 esse

517 4480 927 4538 revelationem
960 4482 1170 4538 innuit.
1206 4484 1620 4556 Tertullianus,
1654 4484 1753 4541 lib.
1794 4487 1868 4541 De
1889 4488 2155 4551 oratione,

519 4586 645 4642 cap.
689 4573 772 4639 12,
804 4573 1237 4628 venerationem
1267 4573 1425 4629 illius
1472 4592 1586 4629 non
1638 4575 1949 4646 improbat,
2007 4574 2160 4629 absit

515 4661 688 4716 modo
720 4654 1076 4734 superstitio.
1106 4662 1385 4718 Catholici
1415 4665 1568 4735 apud
1600 4664 1873 4719 eumdem
1921 4662 2155 4719 Mertul-
2187 4648 2235 4712 D

512 4749 761 4818 lianum,
790 4751 939 4807 libro
971 4754 1045 4807 De
1076 4753 1375 4823 pudicitia,
1428 4753 1797 4809 Montanistis
1834 4758 2157 4825 opponunt,

515 4840 585 4894 ad
620 4840 1023 4897 auctoritatem
1057 4843 1190 4898 fidei
1221 4844 1682 4898 conﬁrmandam
1719 4860 1731 4897 :
1776 4844 2159 4915 quemadmo-

514 4929 678 4997 dum,
712 4931 863 5001 apud
888 4931 1298 5003 Athanasium,
1322 4932 1521 4986 Ariani
1546 4932 2159 5004 Catholicis.0rigenes

515 5018 880 5090 Scripturam
911 5020 1191 5076 divinitus
1222 5021 1569 5093 inspiratam
1616 5025 1801 5092 putat,
1833 5021 1966 5077 licet
1997 5020 2163 5076 aliter

516 5109 909 5165 sentientibus
940 5110 1084 5165 nolit
1102 5110 1228 5166 ﬁeri
1260 5111 1686 5183 praajudicium.
1721 5111 2035 5166 Cassianus
2067 5111 2161 5165 de-

518 5196 695 5268 nique
719 5199 1056 5255 testimonia
1086 5200 1221 5255 inde
1253 5202 1565 5272 desumpta
1598 5201 2017 5271 cum_textibus
2067 5218 2163 5255 sa-

518 5286 633 5342 cris
666 5288 893 5345 miscet.

586 5377 659 5430 At
687 5393 755 5432 ex
784 5382 946 5450 parte
972 5380 1216 5437 adversa
1247 5379 1501 5436 multum
1530 5381 1601 5436 be
1657 5380 1876 5436 honore
1933 5384 2159 5435 Hermae

516 5465 735 5521 Pastori
761 5467 954 5524 debito
985 5470 1312 5525 detrahitur
1341 5488 1375 5526 a
1402 5470 1758 5526 Tertulliano
1789 5486 1855 5525 ex
1877 5470 2157 5541 antiquis.

520 5552 621 5609 Ille
651 5554 869 5612 mirum
904 5563 1193 5628 quantum
1226 5564 1490 5616 mutatus
1520 5577 1622 5631 per
1669 5559 2159 5615 Montanistarum

518 5644 844 5714 praastigias
894 5664 927 5702 a
972 5649 1326 5705 Tertulliano
1376 5650 1498 5717 illo,
1545 5649 1677 5704 libri
1730 5648 2033 5703 orthodoxi
2091 5651 2163 5705 De

514 5732 766 5790 oratione
795 5736 1209 5808 conscriptore,
1253 5740 1497 5794 Pastoris
1527 5736 1879 5809 scripturam
1901 5738 1961 5793 in
1987 5754 2161 5809 opere

2255 1983 2454 2055 pham,
2489 1983 2719 2048 falsam,
2780 1982 3143 2050 adulteram;
3196 1984 3556 2050 amatricem,
3591 1988 3892 2056 patronam

2253 2077 2310 2128 et
2339 2072 2554 2128 sociam
2587 2072 2946 2127 moechorum
2981 2090 2996 2140 ;
3030 2088 3433 2143 asserensque,
3466 2073 3539 2127 ab
3571 2074 3737 2129 omni
3767 2090 3897 2128 con-

2257 2162 2387 2218 cilio
2420 2161 2826 2233 Ecclesiarum,
2861 2161 3037 2216 etiam
3070 2170 3400 2217 nostrarum
3446 2161 3893 2229 Catholicarum,

2257 2257 2315 2307 et
2345 2252 2541 2306 divino
2592 2252 2987 2306 Instrumento
3042 2250 3272 2322 expelli.
3335 2249 3442 2306 Ubi
3481 2251 3772 2321 jocularis
3818 2256 3899 2306 est

2256 2358 2417 2396 error
2444 2342 2750 2412 cujusdam
2785 2341 2853 2395 ad
2885 2340 3356 2410 Nonnum,quasi
3386 2340 3570 2413 egerit
3598 2340 3898 2396 Tertullia-

2258 2449 2369 2486 nus
2399 2432 2470 2485 de
2495 2430 2737 2485 muliere
2762 2428 3029 2484 adultera
3051 2447 3150 2501 per
3170 2432 3457 2485 Joannem
3480 2430 3893 2502 evangelistam

2256 2521 2423 2575 initio
2454 2519 2661 2591 capitis
2700 2536 2803 2573 vm
2834 2522 3174 2574 memorata.
3202 2518 3283 2572 Ab
3306 2517 3425 2573 illis
3446 2536 3683 2590 quoque
3708 2520 3899 2574 minus

2258 2627 2435 2681 quam
2468 2608 2609 2664 satis
2641 2608 2736 2674 sit,
2770 2607 3085 2663 honoriﬁce
3112 2608 3381 2674 sentitur,
3416 2609 3516 2679 qui
3558 2608 3617 2662 in
3668 2608 3898 2680 Origine

2258 2701 2520 2756 Pastoris
2562 2698 2780 2753 librum
2804 2697 3168 2769 contemptui
3200 2698 3439 2752 habent.
3493 2698 3715 2753 Omitto
3767 2702 3892 2751 Pro-

2259 2806 2520 2861 sperum,
2553 2787 2693 2860 quia
2742 2789 2956 2841 mirum
3011 2804 3128 2841 non
3173 2791 3261 2841 est
3309 2787 3464 2858 quod
3495 2786 3670 2841 homo
3706 2787 3896 2841 vivens

2258 2880 2408 2934 inter
2453 2878 2684 2933 Latinos
2735 2893 2894 2941 suos,
2946 2876 3162 2947 quibus
3211 2892 3356 2946 pene
3404 2876 3667 2947 ignotum
3721 2876 3895 2931 fuisse

2255 2970 2535 3023 Pastorem
2586 2968 2759 3022 refert
2781 2965 3190 3037 Hieronymus,
3237 2964 3462 3019 nullam
3492 2965 3894 3020 auctoritatem

2256 3058 2416 3129 operi
2446 3057 2710 3128 ignorato
2741 3055 3012 3110 tribuerit
3046 3053 3361 3109 Eusebium
3392 3054 3568 3109 etiam
3596 3060 3890 3126 praetereo,

2256 3148 2696 3218 Hieronymum,
2731 3144 3052 3209 Gelasium,
3077 3143 3470 3216 Nicephorum
3500 3144 3747 3216 CP.,qui
3770 3161 3894 3199 cum

2256 3236 2450 3292 nothis
2480 3240 2535 3290 et
2564 3234 2909 3307 apocryphis
2941 3238 3275 3289 numerant.
3306 3233 3437 3289 Jam
3469 3234 3540 3288 de
3569 3233 3641 3289 iis
3666 3233 3893 3306 appela-

2258 3325 2518 3381 tionibus
2551 3325 2689 3396 quid
2724 3324 3075 3396 signiﬁcent,
3095 3322 3449 3379 sententiam
3471 3339 3662 3378 meam
3690 3323 3896 3395 protuli

2260 3415 2318 3468 in
2377 3413 2529 3469 notis
2582 3413 2653 3467 ad
2714 3411 3063 3467 Barnabam.
3118 3411 3270 3465 Addi
3321 3416 3519 3465 tamen
3550 3410 3701 3465 inibi
3734 3411 3896 3466 dictis

2260 3521 2415 3559 nunc
2445 3502 2639 3569 velim,
2674 3502 2742 3556 de
2790 3500 2892 3555 illa
2920 3500 3203 3555 divisione
3233 3499 3540 3572 Scriptura
3572 3500 3631 3555 in
3666 3503 3895 3557 canoni-

2260 3610 2408 3660 cam,
2470 3592 2710 3647 dubiam
2765 3594 2821 3645 et
2870 3589 3301 3662 apocrypham;
3353 3606 3500 3660 opus
3532 3589 3775 3660 aliquod
3808 3606 3898 3644 nec

2262 3682 2390 3738 falsi
2423 3680 2699 3748 nominis,
2736 3696 2840 3734 nec
2869 3678 3143 3734 doctrinae
3176 3679 3380 3747 noxia,
3423 3678 3709 3751 appellari
3742 3695 3899 3750 posse

2262 3770 2681 3843 apocryphum,
2731 3769 2885 3841 quod
2944 3772 3105 3824 extra
3169 3770 3461 3825 Canonem
3517 3768 3588 3823 ab
3630 3769 3896 3823 omnibus

2263 3860 2537 3917 Ecclesiis
2570 3858 2900 3915 collocetur.
2953 3860 3141 3930 Atque
3189 3873 3256 3912 ea
3299 3856 3751 3929 significatione,
3785 3857 3895 3929 cpi-

2265 3968 2389 4020 nor,
2423 3951 2649 4005 Hermae
2678 3954 2875 4004 Pastor
2923 3946 3246 4017 Nicephoro
3276 3949 3379 4000 CP.
3408 3946 3782 4019 apocryphus
3798 3952 3895 4002 est.

2266 4040 2440 4096 Venio
2474 4040 2545 4094 ad
2579 4037 2959 4103 recentiores;
3011 4035 3298 4104 homines,
3361 4039 3426 4090 ut
3456 4036 3732 4107 equidem
3766 4036 3897 4091 mihi

2263 4130 2512 4195 videtur,
2575 4128 2731 4182 durae
2792 4126 3015 4181 frontis.
3078 4125 3216 4191 Quis
3271 4125 3452 4192 enim,
3513 4141 3734 4198 quaso,
3794 4142 3897 4180 non

2267 4220 2661 4290 Obstupescat,
2696 4234 2828 4271 cum
2862 4216 3064 4287 legerit
3105 4214 3522 4271 nonnullorum
3564 4215 3793 4286 judicia
3837 4215 3899 4269 de

2266 4307 2559 4364 volumine
2596 4325 2629 4362 a
2660 4311 2745 4361 tot
2772 4306 3070 4376 tantisque
3098 4304 3239 4359 viris
3268 4308 3570 4375 tantopere
3591 4304 3901 4359 celebrato?

2269 4398 2337 4453 Hi
2367 4397 2585 4452 librum
2618 4396 2908 4467 optimum
2940 4394 3443 4464 utilissimumque
3473 4392 3899 4466 praedicantllli

2268 4503 2401 4541 vero
2432 4486 2723 4540 infamant
2746 4489 2919 4555 atque
2969 4483 3280 4554 exagitant,
3332 4486 3397 4537 ut
3454 4482 3900 4539 Novatianorum

2272 4581 2327 4631 et
2357 4574 2801 4646 Pelagianorum
2834 4574 3071 4641 fontem,
3106 4572 3651 4627 Montanisticarum
3704 4589 3901 4645 super-

2269 4664 2577 4721 stitionum
2611 4663 2922 4735 gurgitem,
2956 4662 3314 4734 insuperque
3351 4660 3636 4716 fautorem
3670 4662 3900 4717 Ariano-

2271 4771 2425 4821 rum,
2480 4757 2544 4807 ut
2595 4751 2965 4818 fabulosum;
3027 4756 3091 4805 ut
3140 4750 3309 4822 (proh
3358 4766 3574 4822 magna
3601 4749 3901 4816 crimina!)

2269 4843 2437 4899 liberi
2468 4842 2715 4909 arbitrii,
2749 4839 3085 4897 solitudinis
3126 4839 3482 4906 monasticis,
3516 4856 3743 4896 necnon
3776 4856 3900 4912 pur-

2270 4932 2477 5007 gatorii
2524 4935 2943 4999 astructorem;
2996 4934 3062 4984 ut
3101 4928 3356 4985 ruditate
3383 4928 3816 4986 Cbristianismi
3844 4944 3899 4985 ac

2271 5021 2532 5094 reliquiis
2563 5019 2913 5094 gentilitatis
2945 5018 3329 5090 conspicuum
3358 5036 3371 5086 ;
3404 5022 3471 5073 ut
3495 5019 3901 5092 pseudepigra-

2271 5112 2475 5183 phum,
2530 5109 2970 5182 supposititium
3002 5126 3014 5177 ;
3048 5113 3115 5163 ut
3145 5108 3327 5163 alium
3360 5107 3433 5162 ab
3465 5123 3532 5163 eo
3564 5124 3742 5179 quem
3773 5106 3899 5164 olim

2271 5199 2545 5256 manibus
2575 5200 2837 5256 terebant
2866 5199 2965 5255 SS.
2998 5199 3236 5265 Patres;
3269 5195 3524 5268 denique
3582 5202 3649 5252 ut
3704 5197 3899 5252 barba-

2270 5307 2423 5358 rum,
2458 5294 2630 5362 atque
2665 5306 2767 5363 per
2823 5287 3124 5345 haereticos
3179 5285 3616 5359 interpolatum,
3677 5286 3901 5343 insertis

2270 5379 2564 5436 erroribus
2596 5395 2661 5434 ac
2693 5377 2940 5435 fabellis.
2976 5378 3130 5443 Quas
3162 5376 3568 5433 accusationes
3621 5380 3678 5433 et
3725 5376 3899 5433 consi-

2271 5468 2459 5537 miles,
2494 5466 2695 5523 frivolo
2727 5473 2829 5523 aut
2857 5467 3018 5523 nullo
3048 5467 3432 5523 fundamento
3461 5464 3898 5533 subnixas,cum

2270 5559 2343 5613 ad
2403 5557 2529 5613 loca
2577 5557 3037 5630 pervenerimus,
3106 5557 3156 5613 si
3224 5570 3465 5611 necesse
3493 5555 3687 5612 visum
3719 5555 3896 5621 fuerit,

2270 5648 2385 5704 Deo
2416 5649 2609 5716 dante,
2644 5648 2865 5720 absque
2914 5646 3308 5703 confutatione
3337 5662 3452 5702 non
3484 5643 3891 5719 relinquemus.

2347 5738 2602 5795 Medium
2658 5737 2856 5812 itaque
2901 5738 3055 5797 beati
3107 5742 3367 5809 tenuere,
3400 5751 3536 5795 cum
3590 5734 3749 5809 olim,
3781 5738 3893 5792 tum
