4086 6342
225 424 338 487 861

1487 426 1820 491 PASTOR.
1853 462 1931 475 -
1957 428 2380 494 PROOEMIA.

3521 411 3649 475 869

228 573 441 633 nuper,
476 560 812 633 quicunque
842 560 1065 617 Hermae
1098 563 1380 619 Pastorem
1402 563 1739 635 judicavere
1760 562 1879 617 σύν·
1908 568 1963 635 Α
1991 566 2156 622 Certe
2186 565 2372 621 multo
2407 563 2575 636 plura
2606 560 2763 635 apud
2796 556 3125 615 Barnabam
3155 557 3213 610 et
3252 553 3311 608 in
3344 552 3611 610 Constitu

229 671 413 725 ταγμα
444 668 560 706 non
588 652 826 723 quidem
858 652 1226 722 canonicum,
1261 655 1361 708 sed
1394 654 1880 726 ecclesiasticum,

229 758 298 797 ac
329 741 565 812 optimae
598 745 767 810 notae,
801 746 857 795 et
886 743 1395 813 propugnaculum
1428 744 1559 798 ﬁdei
1584 744 1882 800 catholicae

237 831 520 901 adversus
550 830 809 885 Montani
842 830 1121 886 duritiam
1150 850 1161 899 ;
1187 833 1257 887 ad
1281 833 1399 887 haec
1427 833 1607 888 fetum
1638 834 1881 903 Hermae,

233 920 537 992 apostolici
572 920 731 975 illius
760 921 865 975 viri
887 920 1074 989 (nulla
1095 923 1312 993 quippe
1343 923 1491 977 ratio
1524 924 1882 978 contrarium

230 1010 489 1077 evincit,)
522 1026 696 1081 quem
727 1009 944 1066 Paulus
976 1011 1033 1064 in
1058 1012 1171 1066 ﬁne
1192 1011 1458 1082 Epistolas
1489 1014 1559 1068 ad
1594 1014 1886 1068 Romanos

236 1099 482 1157 salutari
514 1100 698 1170 jubet.
736 1100 881 1154 Nam
915 1100 1016 1170 qui
1048 1100 1375 1157 Hermetem
1400 1118 1501 1157 seu
1528 1104 1795 1158 Hermem
1828 1103 1885 1158 in

232 1188 375 1244 illus
426 1188 623 1243 locum
682 1189 1069 1257 substituunt,
1128 1195 1228 1245 aut
1287 1195 1605 1263 utrumque
1648 1193 1889 1246 confun-

234 1279 407 1348 dunt,
442 1278 666 1349 decepti
692 1279 967 1333 videntur
1022 1297 1056 1334 a
1111 1279 1309 1335 fabula
1356 1281 1509 1335 Libri
1536 1282 1885 1352 pontiﬁcalis,

232 1367 338 1424 ubi
368 1368 439 1422 ad
474 1366 927 1423 similitudinem
960 1369 1181 1424 Hermae
1216 1370 1456 1441 ﬁngitur
1484 1371 1722 1441 quidam
1754 1371 1892 1426 Her-

242 1474 391 1524 mes,
449 1457 533 1512 Pii
593 1474 754 1529 papae
812 1458 987 1530 primi
1042 1459 1242 1525 frater,
1300 1460 1549 1531 scriptor
1595 1459 1729 1514 libri
1774 1477 1889 1531 quo

236 1546 649 1604 continebatur
679 1549 1020 1603 Mandatum
1056 1548 1268 1621 angeli,
1304 1549 1414 1604 visi
1446 1549 1504 1603 in
1537 1549 1741 1604 habitu
1789 1568 1888 1621 pa-

238 1636 436 1707 storis,
470 1636 540 1691 de
572 1636 855 1692 Paschate
880 1636 973 1691 die
999 1637 1300 1693 Dominica
1327 1638 1693 1693 celebrando.
1728 1640 1888 1705 Quod

237 1730 638 1783 commentum
672 1726 845 1782 multi
875 1727 1127 1799 amplexi
1164 1731 1322 1795 sunt,
1358 1729 1763 1800 praecipueque
1796 1746 1893 1785 ne-

239 1816 361 1873 scio
411 1816 542 1888 quis
574 1820 743 1888 poeta
800 1816 911 1871 sub
971 1816 1215 1872 honesto
1271 1817 1616 1873 Tertulliani
1657 1819 1891 1874 nomine

1991 657 2255 713 tionibus
2286 654 2711 727 apostolorum,
2733 651 2843 706 hoc
2867 643 3361 704 denominationis
3400 643 3471 698 iis
3496 643 3640 699 scri-

1993 747 2107 819 ptis
2136 765 2249 802 non
2282 747 2511 801 dedere.
2544 746 2595 799 4.
2623 746 2831 814 Aperte
2866 741 2927 795 B.
2963 738 3351 808 Hieronymus
3392 733 3451 789 in
3483 738 3641 789 cata-

1992 836 2124 908 logo
2154 836 2427 892 Iudicium
2454 835 2608 889 Petri
2637 830 2946 901 distinguit
2993 827 3063 882 ab
3115 826 3335 881 Hermae
3383 827 3640 879 Pastore:

1995 928 2065 982 de
2096 926 2283 997 primo
2314 924 2469 979 enim
2526 920 2759 977 disserit
2818 920 2876 973 in
2936 922 3124 986 Petro,
3188 916 3258 970 de
3290 914 3548 969 secundo
3576 912 3637 967 in

1994 1021 2228 1072 Herma.
2262 1018 2453 1086 Atque
2480 1013 2602 1068 haec
2630 1012 2699 1066 ad
2734 1009 3033 1064 Ruﬁnum.

2066 1124 2148 1178 Ex
2178 1120 2442 1193 Origenis
2493 1123 2688 1174 autem
2740 1115 2951 1183 verbis,
2982 1114 3085 1170 lib.
3121 1131 3176 1169 IV
3222 1115 3296 1170 De
3319 1112 3638 1185 principiis,

1997 1230 2123 1285 cap.
2154 1216 2208 1279 2,
2242 1211 2300 1264 in
2354 1210 2681 1265 Philocalzae
2738 1223 2864 1277 cap.
2926 1206 2977 1271 1,
3036 1221 3093 1275 p.
3151 1205 3267 1257 22:
3331 1202 3427 1255 Διά
3479 1204 3641 1255 τοῦτο

1995 1302 2161 1371 ἡμεῖς
2191 1297 2278 1353 καὶ
2308 1298 2369 1351 τὸ
2402 1296 2453 1351 ἐν
2502 1300 2578 1367 τῷ
2637 1294 2739 1348 ὑπό
2793 1314 2953 1347 τινων
3008 1288 3498 1368 καταφρονουμὲνῳ
3558 1292 3640 1363 βι-

1998 1385 2142 1460 ϐλίῳ
2190 1393 2268 1460 τῷ
2319 1386 2567 1459 Ποιμένι,
2600 1384 2721 1459 περὶ
2771 1387 2865 1437 τοῦ
2914 1382 3335 1457 προστάσσεσθαι
3384 1380 3475 1435 τὸν
3518 1380 3647 1454 Ἐρ-

2002 1484 2101 1551 μᾶν
2139 1475 2233 1531 δύο
2262 1476 2461 1552 γράψαι
2497 1469 2707 1549 βιϐλία,
2739 1472 2827 1527 καὶ
2861 1473 2995 1543 μετὰ
3046 1474 3212 1523 ταῦτα
3266 1469 3423 1523 αὐτὸν
3476 1469 3640 1542 ἀναγ-

1998 1566 2215 1643 γὲλλειν
2242 1571 2359 1627 τοῖς
2388 1559 2773 1640 πρεσϐυτέροις
2817 1568 2917 1629 τῆς
2968 1558 3293 1627 Ἐκκλησίας
3323 1558 3357 1611 ἃ
3393 1557 3641 1631 μεμάθη-

1997 1679 2085 1712 κεν
2116 1656 2219 1710 ὑπὸ
2244 1659 2340 1709 τοῦ
2390 1652 2727 1727 Πνεῦματος,
2779 1650 2920 1705 οὕτω
2973 1647 3334 1723 διηγούμεθα,
3386 1649 3505 1704 Hoc
3533 1652 3644 1717 est,

2000 1749 2122 1804 Ideo
2154 1764 2249 1801 nos
2278 1752 2331 1802 et
2364 1746 2505 1800 illud
2533 1747 2593 1799 in
2644 1745 2902 1810 Pastore,
2946 1742 3087 1795 libro
3120 1742 3216 1811 qui
3247 1757 3280 1793 a
3311 1738 3639 1811 quibusdam

1999 1839 2393 1903 contemnitur,
2425 1852 2548 1889 cum
2595 1834 2822 1905 jubetur
2878 1834 3102 1886 Hermas
3158 1829 3291 1884 duos
3321 1828 3487 1885 libros
3515 1830 3648 1883 scri-

238 1906 433 1962 latens
453 1907 495 1961 I.
531 1923 593 1961 III
624 1906 877 1961 adversus
906 1906 1256 1977 Marcionem,
1292 1906 1350 1961 in
1406 1907 1557 1974 ﬁne;
1602 1907 1739 1962 item
1771 1910 1891 1980 epi-

2004 1928 2141 1994 bere,
2185 1928 2405 1997 ipseque
2431 1928 2619 1996 postea
2665 1922 3001 1977 annuntiare
3045 1919 3352 1975 senioribus
3399 1918 3647 1973 Ecclesia:

240 1995 528 2052 stolarum
560 2012 722 2067 papae
756 1995 837 2050 Pii
870 1995 1207 2062 fabricator,
1238 1997 1409 2068 epist.
1442 2000 1465 2051 1
1492 2016 1503 2054 :
1539 1999 1711 2067 Beda,
1746 1998 1888 2061 Ado,

236 2086 359 2153 alii,
393 2085 453 2139 in
484 2084 804 2153 Chronicis,
828 2085 887 2139 in
908 2084 1368 2158 Martyrologiis;
1403 2103 1509 2141 nec
1542 2104 1657 2141 non
1692 2091 1897 2142 auctor

240 2176 500 2245 Catalogi
530 2176 847 2245 pontiﬁcum
877 2191 1254 2239 romanorum,
1297 2176 1367 2231 ab
1417 2176 1635 2247 Egidio
1670 2176 1894 2232 Buche—

236 2265 326 2320 rio
348 2264 407 2319 in
426 2263 857 2318 Commentario
879 2264 949 2318 ad
974 2263 1215 2318 Victorii
1240 2263 1532 2319 Canonem
1552 2265 1893 2320 Paschalem

237 2353 558 2423 editus,qui
577 2352 775 2407 forsan
795 2369 862 2407 ex
882 2353 1376 2423 pseudo—Damaso
1391 2354 1893 2409 debetemendari.

239 2442 356 2499 Sed
387 2447 445 2497 et
474 2442 639 2496 facile
672 2442 781 2496 fuit
804 2442 1081 2510 librariis,
1115 2444 1371 2497 Hermum
1412 2448 1639 2498 mutare
1666 2444 1724 2498 in
1758 2446 1893 2499 Her-

234 2536 474 2595 mem,et
497 2533 747 2587 Hermem
763 2531 885 2586 vice
903 2548 1070 2587 versa
1090 2532 1148 2586 in
1174 2533 1669 2604 Hermam.Sicque
1693 2534 1897 2588 fortas-

237 2622 327 2678 sis
349 2621 501 2692 apud
536 2620 886 2691 Magistrum
919 2620 1381 2691 Sententiarum,
1414 2621 1513 2676 lib.
1542 2639 1613 2691 IV,
1640 2621 1779 2692 dist,
1804 2622 1893 2691 35,

236 2728 301 2765 n.
335 2711 391 2776 5,
425 2725 497 2764 ex
525 2714 741 2764 Herma
795 2709 985 2764 factus
1018 2709 1190 2764 fuerit
1220 2711 1474 2764 Hermes:
1510 2710 1897 2781 similiterque

237 2799 302 2854 in
361 2798 670 2854 Ruﬁniana
722 2798 989 2870 Origenis
1050 2798 1550 2869 interpretatione,
1614 2800 1767 2854 lib.1
1824 2802 1898 2855 De

236 2889 560 2961 principiis,
590 2904 714 2959 cap.
749 2889 803 2955 3,
835 2892 891 2942 et
917 2887 1017 2942 lib.
1052 2906 1128 2958 1v,
1162 2905 1288 2959 cap.
1318 2890 1372 2941 2.
1424 2892 1725 2944 Postremo
1757 2906 1897 2945 sane

237 2978 368 3034 loco
400 2982 577 3049 caput
626 2976 884 3048 primum
925 2976 1255 3033 Philocalia:
1302 2978 1575 3032 Hermam
1620 2978 1893 3033 ostendit.

235 3068 314 3123 Et
347 3071 548 3123 contra
578 3067 723 3121 forte
755 3066 1065 3138 pradictus
1098 3070 1266 3139 poeta
1296 3071 1528 3122 Hermes
1558 3068 1893 3139 scripserat,

237 3174 359 3214 non
396 3159 620 3212 Hermas
638 3173 659 3218 ;
690 3156 803 3211 nisi
837 3156 910 3226 si,
942 3173 1116 3227 quem
1145 3172 1397 3211 errorem
1425 3163 1649 3211 errasise
1670 3158 1898 3211 videtur

240 3246 671 3321 pseudo-Pius,
706 3246 977 3301 Hermem
1011 3250 1069 3300 et
1094 3246 1368 3300 Hermem
1396 3263 1499 3316 pro
1524 3263 1640 3301 uno
1663 3247 1895 3302 eodem-

238 3353 358 3409 que
388 3334 678 3391 habuerit.
710 3336 825 3390 Nec
878 3334 1173 3405 dissimili,
1227 3336 1497 3407 quamvis
1546 3335 1659 3391 alia
1688 3337 1895 3408 depra-
1926 3322 1969 3389 C

236 3426 475 3481 vatione
507 3425 793 3480 editiones
825 3425 883 3479 S.
916 3425 1250 3496 Hieronymi
1300 3424 1447 3480 libro
1479 3426 1554 3479 De
1582 3427 1897 3481 nominibus

240 3515 547 3584 Hebraicis,
580 3515 768 3586 capite
816 3514 887 3569 de
944 3513 1202 3586 Epistola
1262 3516 1331 3568 ad
1392 3514 1702 3585 Romanos,
1738 3515 1896 3571 exhi-

239 3606 406 3671 bent,
453 3606 674 3668 Ermon,
728 3603 1267 3659 anathematizantes
1317 3620 1640 3673 maerorem;
1676 3621 1808 3660 cum
1842 3610 1899 3660 et

238 3709 339 3748 res
370 3693 521 3764 ipsa,
555 3696 612 3747 et
640 3693 834 3764 capita
883 3694 953 3747 de
982 3692 1273 3759 Numeris,
1309 3693 1379 3747 de
1412 3694 1572 3748 Actis
1602 3693 1894 3766 apostolo-

230 3798 396 3848 rum,
426 3783 625 3837 Ermen
658 3782 1056 3852 reponendum
1076 3782 1502 3853 persuadeant:
1535 3784 1770 3838 tametsi
1791 3786 1893 3839 Er-

227 3887 365 3926 mon
396 3887 632 3942 quoque
662 3871 864 3926 eodem
897 3887 1076 3926 sensu
1109 3874 1435 3942 exponetur
1486 3871 1545 3925 in
1600 3873 1893 3943 capitibus

227 3960 307 4015 de
368 3959 834 4027 Deuteronomio,
895 3960 965 4014 de
1022 3960 1162 4015 Jesu
1217 3960 1372 4016 Nave
1431 3960 1552 4032 (ubi
1586 3977 1890 4033 perperam

225 4051 409 4105 Emon
437 4048 695 4121 apparet)
727 4052 784 4103 et
814 4048 884 4103 de
910 4048 1211 4104 Psalterio.

302 4172 335 4228 J
341 4188 437 4227 am
467 4187 602 4228 vero
629 4188 698 4228 ex
720 4172 915 4227 Ruﬁni
940 4172 1013 4227 ad
1036 4172 1352 4245 Symbolum
1376 4172 1568 4228 verbis
1590 4174 1889 4229 obscurio-

227 4262 403 4317 ribus
434 4262 701 4317 nascitur
731 4262 997 4334 quaestio.
1031 4262 1163 4325 Quae
1198 4262 1247 4318 si
1297 4263 1377 4318 ita
1427 4263 1888 4335 distinguantur,

224 4350 488 4409 Libellus
517 4353 615 4424 qui
645 4352 855 4407 dicitur
885 4354 1132 4407 Pastoris
1177 4354 1292 4407 sive
1338 4353 1631 4420 Hermatis,
1663 4354 1760 4423 qui
1789 4370 1889 4424 ap—

218 4442 478 4515 pellatur
512 4443 650 4498 Duée
684 4443 798 4498 Vix
852 4442 936 4497 vel
989 4441 1273 4498 Iudicium
1327 4443 1528 4509 Petri;
1591 4459 1746 4497 unus
1787 4459 1889 4498 no-

224 4535 352 4587 ster
379 4531 526 4586 liber
557 4536 812 4602 quatuor
869 4534 1030 4603 geret
1086 4532 1346 4597 nomina,
1393 4533 1605 4599 Pastor,
1641 4533 1887 4598 Hermas,

226 4622 375 4677 Duae
407 4622 543 4687 Viae,
570 4620 861 4678 Iudicium
914 4622 1085 4675 Petri.
1145 4620 1246 4675 Sin
1306 4625 1499 4676 autem
1534 4621 1632 4675 ubi
1664 4620 1890 4694 virgula

222 4709 616 4781 conspicitur,
649 4709 841 4780 major
871 4708 1170 4764 distinctio
1219 4713 1491 4781 ponatur,
1534 4710 1649 4765 duo
1680 4714 1896 4781 puncta

220 4799 319 4855 vel
354 4802 642 4871 punctum
678 4815 811 4853 cum
844 4797 1091 4870 virgula,
1142 4798 1259 4854 duo
1291 4799 1723 4854 constituentur
1760 4798 1892 4853 libri

218 4888 587 4956 binomines,
623 4887 771 4943 alter
794 4889 1067 4954 Pastoris,
1097 4890 1209 4944 sive
1252 4890 1549 4959 Hermatis,
1583 4888 1730 4944 alter
1760 4890 1895 4946 Βιιῶ

222 4981 340 5037 Vix
400 4978 484 5033 vel
530 4976 811 5033 Iudicium
859 4977 1033 5033 Petri.
1092 4976 1376 5049 Equidem
1426 4977 1623 5032 nullus
1664 4977 1891 5043 dubito,

216 5068 373 5141 quin
409 5066 643 5123 diversa
672 5066 976 5122 volumina
1008 5066 1375 5123 exstiterint:
1406 5067 1675 5138 suspicor
1705 5067 1894 5138 magis

211 5174 252 5213 α
287 5156 530 5212 Rufﬁno
562 5155 870 5227 scriptum,
905 5157 1149 5212 Libellus
1170 5158 1267 5227 qui
1285 5157 1494 5212 dicitur
1511 5157 1755 5211 Pastoris
1782 5158 1897 5211 sive

206 5247 543 5308 Hermatis;
577 5248 781 5317 quique
812 5247 1132 5317 appellatur
1162 5251 1299 5301 Duas
1333 5247 1445 5303 Vise
1486 5246 1567 5301 vel
1616 5246 1894 5301 Iudicium

207 5338 403 5394 Petri.
438 5334 739 5401 Rationes,
799 5352 903 5390 cur
960 5352 1137 5408 opera
1194 5353 1309 5391 non
1359 5335 1738 5407 confundam,
1772 5335 1891 5390 haec

208 5429 405 5485 sunt:
440 5425 488 5479 1.
521 5429 601 5480 De
633 5441 750 5481 uno
782 5424 978 5481 libello
1009 5425 1093 5481 sic
1124 5425 1356 5481 locutus
1388 5425 1634 5480 fuisset:
1672 5425 1778 5492 Qui
1805 5425 1891 5479 di-

207 5518 375 5573 citur
405 5516 681 5582 Pastoris,
710 5516 825 5570 sive
855 5516 1149 5583 Hermatis,
1181 5517 1301 5571 sive
1334 5519 1477 5571 Duae
1510 5515 1638 5583 Viae,
1670 5515 1755 5570 vel
1783 5518 1890 5572 Iu-

209 5606 432 5663 dicium
458 5606 632 5661 Petri.
666 5605 721 5659 2.
755 5609 817 5660 1n
851 5608 968 5660 toto
1002 5607 1226 5661 Pastore
1256 5622 1330 5661 ne
1360 5604 1605 5661 verbum
1652 5604 1889 5675 quidem

210 5696 296 5753 de
328 5698 517 5750 Petro.
551 5695 601 5750 3.
639 5694 925 5751 Pauciora
950 5695 1020 5750 de
1048 5696 1283 5751 duabus
1328 5694 1439 5751 viis
1468 5694 1688 5767 profert
1719 5693 1887 5749 initio

220 5784 499 5843 mandati
560 5785 729 5858 sexti,
786 5800 963 5858 quam
1022 5788 1086 5843 ut
1146 5785 1282 5843 inde
1337 5801 1549 5843 nomen
1582 5783 1889 5856 acciperet.

2004 2034 2069 2072 ea
2098 2031 2223 2087 qua?
2250 2033 2284 2070 a
2315 2014 2523 2086 Spiritu
2569 2012 2855 2080 didicerat,
2898 2011 2978 2065 sic
3023 2010 3369 2081 exponimus.
3402 2008 3483 2062 Ex
3513 2006 3644 2075 hoc,

2004 2105 2271 2177 inquam,
2304 2119 2573 2159 sermone
2603 2104 2978 2172 conjecerunt
3005 2099 3110 2153 viri
3160 2098 3312 2153 docti
3363 2100 3649 2152 Pastorem

2005 2194 2442 2251 commentariis
2474 2192 2545 2247 ab
2567 2192 2813 2262 Origene
2835 2190 3017 2245 fuisse
3036 2188 3417 2243 illustratum.
3452 2186 3647 2250 Quan-

2006 2302 2181 2357 quam
2211 2282 2473 2355 loquitur
2501 2283 2785 2335 duntaxat
2838 2280 2909 2333 de
2966 2276 3235 2350 praesenti
3269 2276 3645 2348 expositione,

2005 2391 2180 2446 quam
2216 2389 2422 2443 nempe
2451 2372 2653 2426 eodem
2683 2369 2792 2425 loci
2824 2373 2955 2441 post
2984 2368 3206 2423 Hermae
3244 2364 3649 2421 testimonium

2004 2465 2203 2520 statim
2235 2462 2559 2533 subjungit.
2612 2462 2712 2516 Est
2759 2464 2815 2515 et
2862 2458 3012 2513 alius
3042 2473 3203 2513 error
3233 2454 3649 2511 nonnullorum

2004 2554 2148 2609 adeo
2197 2568 2453 2617 crassus,
2489 2554 2553 2605 ut
2580 2566 2684 2605 nec
2731 2546 3098 2603 refutationis
3128 2546 3404 2616 indigeat.
3443 2544 3653 2600 Dicunt

2006 2643 2079 2697 ab
2132 2640 2507 2712 Hieronymo,
2566 2639 2626 2693 in
2684 2637 2927 2709 Prologo
2960 2635 3209 2708 galeato,
3243 2651 3343 2707 per
3372 2637 3651 2690 Pastorem

2006 2748 2121 2786 non
2165 2729 2409 2801 intelligi
2440 2728 2656 2783 librum
2707 2728 2951 2797 Hermze,
3005 2726 3107 2780 sed
3153 2725 3389 2779 tertium
3421 2724 3653 2779 Macha-

2006 2822 2287 2885 baeorurn,
2320 2822 2582 2874 contorta
2638 2820 2695 2872 et
2744 2816 2915 2888 longe
2972 2815 3153 2887 petita
3212 2819 3443 2869 utentes
3472 2814 3650 2869 dedu-

2006 2909 2195 2964 ctione
2252 2906 2358 2960 ἀπὸ
2413 2914 2513 2975 τῆς
2565 2902 2834 2966 παστάδος
2894 2904 3011 2959 sive
3063 2900 3340 2963 παστίδος.
3381 2903 3528 2959 Cum
3587 2918 3656 2957 ex

2007 2996 2137 3053 aliis
2181 2996 2513 3068 Hieronymi
2572 3000 3029 3066 caeterorumque
3076 2994 3220 3049 locis
3276 3009 3367 3048 res
3414 2992 3653 3048 manife-

2005 3086 2265 3142 stissime
2293 3091 2506 3158 pateat.

2076 3194 2357 3265 Denique,
2380 3194 2549 3264 cujus
2570 3192 2857 3248 habemus
2878 3188 3414 3247 animadversiones
3435 3188 3652 3244 multas

2008 3284 2079 3338 ad
2112 3287 2380 3339 nostrum
2412 3287 2729 3347 auctorem,
2764 3280 3054 3347 Barthius,
3087 3296 3220 3335 cum
3254 3278 3473 3350 passim
3505 3276 3651 3331 labi-

2010 3378 2126 3439 tur,
2160 3376 2285 3427 tum
2315 3376 2518 3426 contra
2544 3371 2846 3442 antiquam
2876 3386 3004 3425 eam
3035 3368 3361 3424 versionem
3403 3371 3656 3440 quatuor

2012 3461 2345 3517 committit.
2378 3460 2561 3526 Prius,
2588 3460 2938 3532 appellando
2962 3459 3267 3525 rusticam,
3291 3456 3653 3513 semibarba-

2008 3568 2155 3622 ram,
2189 3549 2590 3605 semiveterem
2622 3567 2634 3605 :
2668 3550 2822 3621 quod
2858 3549 3203 3621 neutiquam
3226 3552 3333 3604 est.
3362 3546 3650 3616 Alterum,

2006 3644 2224 3696 temere
2254 3644 2312 3695 et
2344 3640 2566 3710 absque
2598 3638 2719 3693 ulla
2748 3639 2989 3709 ratione,
3022 3638 3140 3693 imo
3185 3642 3387 3693 contra
3416 3654 3650 3694 omnem

2006 3730 2315 3795 rationem,
2351 3728 2721 3795 afﬁrmando,
2755 3727 3045 3799 epitomen
3078 3726 3265 3799 magis
3314 3742 3442 3781 esse
3472 3742 3650 3797 quam

2004 3818 2573 3890 interpretationem.
2634 3823 2709 3873 At
2748 3816 2917 3872 aliter
2946 3833 3067 3871 rem
3117 3833 3179 3871 se
3226 3815 3439 3871 habere
3467 3814 3652 3887 liquet

2002 3924 2071 3962 ex
2102 3907 2508 3963 convenientia
2530 3912 2795 3963 textuum
2843 3924 2877 3961 a
2923 3905 3216 3960 veteribus
3264 3902 3647 3977 prolatorum.

2000 3997 2285 4067 Equidem
2317 3996 2588 4052 videntur
2616 3996 2729 4052 ista
2749 3995 2914 4051 citari
2945 4011 3013 4049 ex
3040 3998 3267 4050 Pastore
3291 4010 3324 4049 a
3354 3993 3649 4049 Clemente

2002 4088 2200 4143 Strom.
2238 4104 2296 4157 II,
2331 4102 2460 4158 pag.
2518 4086 2656 4141 3842
2716 4087 3046 4159 Προηγεῖται
3109 4082 3202 4154 μὲν
3244 4080 3445 4148 πίστις,
3479 4075 3647 4158 φόϐος

2002 4172 2060 4229 δὲ
2090 4171 2391 4246 οἰκοδομεῖ,
2420 4172 2625 4229 τελειοῖ
2656 4170 2712 4227 δὲ
2767 4174 2802 4241 ἡ
2862 4172 3067 4247 ἀγάπη.
3126 4171 3393 4227 Praecedit
3430 4172 3651 4243 quidem

2003 4266 2131 4333 ﬁdes
2159 4267 2326 4319 timor
2372 4280 2499 4319 vero
2551 4263 2811 4332 wdiﬁcat,
2866 4262 3081 4334 perﬁcit
3135 4270 3318 4317 autem
3369 4263 3648 4324 eharitas;

2001 4371 2132 4426 quae
2162 4354 2241 4409 ibi
2273 4371 2389 4409 non
2420 4354 2833 4419 inveniuntur;
2882 4368 3084 4407 verum
3132 4351 3447 4408 Clementis
3482 4358 3643 4418 sunt,

2001 4462 2110 4500 sua
2142 4443 2464 4499 Hermaicis
2499 4441 2920 4498 interserentis.
2949 4441 3208 4497 Tertium
3238 4442 3645 4512 commissum,

2001 4534 2235 4605 quando
2270 4532 2541 4588 futilibus
2589 4530 2941 4603 conjecturis
2990 4531 3335 4600 hariolatur,
3369 4531 3647 4602 scriptam

2006 4623 2185 4679 fuisse
2244 4626 2375 4695 post
2431 4622 2766 4694 Hieronymi
2815 4625 3100 4693 tempora,
3150 4622 3309 4678 etab
3340 4620 3647 4675 Anastasio

1927 4697 1973 4761 D
2002 4710 2472 4767 Bibliothecario.
2510 4710 2662 4777 Esto,
2698 4710 3083 4765 concedamus
3133 4709 3460 4764 barbariem
3519 4708 3647 4763 ubi-

2006 4818 2117 4873 que
2150 4800 2444 4855 redolere:
2479 4815 2621 4853 num
2648 4798 2845 4853 eadem
2870 4799 2940 4853 de
2966 4815 3145 4853 causa
3176 4796 3648 4868 antiquissimam

2006 4890 2207 4947 Irenaei
2266 4888 2805 4960 interpretationem
2879 4887 3185 4942 Anastasio
3243 4886 3650 4942 ascribamus?

2005 4980 2115 5037 Sed
2147 4978 2530 5051 Hieronymus
2583 4981 2832 5033 testatur
2883 4976 3177 5048 plerisque
3232 4978 3324 5031 sui
3371 4976 3648 5047 temporis

2003 5068 2228 5126 Latinis
2271 5068 2493 5123 Hermae
2543 5067 2815 5123 volumen
2865 5066 3158 5137 Ignoraril
3198 5066 3344 5129 Quid
3375 5064 3554 5120 inde?
3584 5067 3650 5119 At

2001 5158 2186 5215 multo
2219 5162 2391 5213 antea
2420 5155 2575 5228 plebi
2634 5155 2909 5210 Africanas
2968 5154 3344 5210 notissimum
3389 5153 3644 5221 exstitit;

2001 5251 2199 5320 utpote
2232 5263 2298 5302 ex
2327 5247 2497 5317 cujus
2524 5245 2769 5300 lectione
2818 5260 2945 5299 mos
2994 5244 3317 5299 invaluerat
3363 5245 3647 5313 assignato

2000 5338 2250 5394 oratione
2278 5334 2573 5401 assidendi,
2635 5339 2702 5389 ut
2754 5333 2947 5389 verbis
3003 5339 3136 5389 utar
3180 5331 3546 5389 Tertulliani.
3576 5336 3649 5390 At

2002 5444 2034 5480 a
2066 5425 2285 5481 Latinis
2316 5422 2641 5491 catholicis,
2670 5427 2929 5495 tempore
2953 5423 3259 5495 Zephyrini
3291 5439 3357 5478 ac
3383 5423 3647 5494 ejusdem

1998 5514 2367 5582 Tertulliani,
2417 5514 2486 5569 ad
2503 5512 2896 5586 jugulandam
2920 5513 3177 5568 Montani
3196 5512 3555 5584 impietatem
3573 5513 3644 5568 ad

1996 5606 2330 5661 bibebatur.
2366 5605 2517 5660 Sane
2540 5607 2673 5658 ante
2722 5603 3099 5658 Anastasium
3151 5604 3222 5657 ab
3273 5602 3644 5675 Hieronymo,

2000 5694 2229 5761 Ruﬁno,
2255 5693 2554 5761 Cassiano,
2579 5690 2829 5763 Gelasio,
2852 5694 3007 5747 Beda
3031 5697 3087 5747 et
3106 5692 3391 5748 Walfrido
3414 5692 3644 5759 Strabo,

2000 5783 2221 5842 Latinis
2270 5781 2680 5858 scriptoribus,
2731 5786 3108 5841 memoratur.
3154 5784 3241 5839 An
3293 5796 3529 5841 necesse
3558 5784 3647 5837 est
