4086 6342
1981 404 2044 467 S.
2093 405 2392 469 HEBME

3775 399 3894 462 εει

477 535 539 584 ut
570 545 774 587 omnes
803 532 900 588 isti
929 535 1123 590 Graece
1151 533 1417 608 legerint,
1450 540 1507 592 et
1553 553 1667 592 non
1698 554 1765 592 ex
1794 543 1990 595 nostro
2021 541 2115 595 in-
2145 554 2196 620 Α
2240 540 2456 612 quibus
2488 555 2631 595 usus
2659 538 2741 594 fui
2767 554 2779 594 :
2814 540 2870 593 et
2899 536 2958 592 in
2988 536 3145 593 notis
3170 533 3617 609 marginalihus,
3642 551 3794 606 quas
3816 532 3891 590 ad

469 620 766 691 terprete?
797 623 1053 678 Transeo
1088 624 1314 695 reliqua
1363 625 1583 680 Barthii
1636 634 1956 695 momenta,
1993 629 2121 701 pul-

466 724 599 763 vere
629 713 920 782 ventoque
952 710 1187 779 leviora,
1222 717 1288 767 ut
1319 714 1590 769 ultimum
1624 715 1783 771 illius
1816 723 2121 787 peccatum

470 798 778 869 attingam.
804 799 866 855 In
889 816 954 854 eo
978 806 1171 857 autem
1197 804 1646 875 consistit,quod
1674 806 1882 860 Joanni
1908 808 2120 863 Tarino

469 904 594 943 eam
619 888 847 960 affingit
869 890 1220 961 Opinionem,
1245 893 1315 947 de
1336 910 1451 963 qua
1464 893 1548 947 vir
1569 894 1663 949 ille
1684 896 2121 952 eruditissimus

472 972 596 1029 οὐδὲ
625 977 740 1030 κατ’
771 972 922 1054 ὄναρ,
956 981 1122 1052 quasi
1173 983 1243 1036 ad
1291 984 1618 1040 Philocaliaz
1657 990 1832 1055 caput
1863 986 2118 1055 primum

474 1065 683 1123 Rufino
715 1070 1053 1141 ascripserit
1080 1073 1325 1127 Pastoris
1360 1074 1622 1128 Latinam
1650 1074 2114 1130 translationem.

470 1159 585 1211 Nos
620 1162 683 1211 ut
713 1158 856 1213 nihil
879 1160 1020 1214 certi
1048 1162 1251 1217 ali‘erre
1274 1180 1609 1233 possumus,
1638 1164 1716 1218 ita
1747 1165 2119 1235 suspicamur

468 1261 570 1316 per
601 1246 787 1317 prima
816 1247 1081 1304 Ecclesiae
1111 1256 1377 1322 tempora
1408 1252 1647 1307 Latinos
1696 1270 1811 1307 non
1857 1256 2117 1310 caruisse

466 1332 855 1392 laudatissimi
888 1339 1078 1408 operis
1136 1342 1435 1395 versione:
1497 1358 1625 1395 eam
1686 1358 1816 1397 vero
1874 1341 2117 1398 aliama

468 1430 669 1479 nostra
698 1426 901 1496 fuisse,
927 1428 1073 1482 nihil
1109 1446 1213 1484 nos
1245 1430 1399 1501 cogit
1420 1431 1628 1486 dicere.
1654 1431 1935 1486 Cmterum
1960 1437 2116 1486 ante-

468 1528 646 1583 quam
670 1531 911 1571 manum
946 1516 1080 1573 hinc
1112 1517 1334 1589 tollam,
1368 1521 1658 1574 monitum
1692 1526 1749 1574 te
1780 1520 1974 1586 velim,
2012 1521 2114 1575 Le-

465 1605 609 1669 ctor,
641 1606 698 1658 et
726 1605 986 1674 capitum
1019 1605 1299 1663 lemmata
1327 1610 1533 1664 abesse
1566 1627 1599 1664 a
1629 1609 1931 1665 codicibus
1970 1626 2111 1665 mss.

2234 634 2460 684 textum
2492 628 2872 700 apponendas
2904 626 3123 695 curavi,
3156 625 3411 681 litteram
3441 623 3510 692 G,
3552 623 3893 696 signiﬁcare

2235 735 2345 774 ms.
2378 722 2433 771 S.
2468 716 2764 784 Germani,
2798 716 3054 770 litteram
3079 718 3146 779 V,
3176 731 3287 769 ms.
3313 714 3372 769 S.
3397 713 3686 780 Victoris;
3726 728 3891 768 mero

2231 812 2427 863 autem
2460 807 2759 873 asterisco,
2792 810 2925 859 ante
2958 808 3132 875 caput
3163 805 3196 857 8
3228 802 3484 858 Visionis
3505 803 3540 856 3
3561 801 3662 856 lib.
3690 801 3888 857 [indi-

2231 897 2346 951 cari
2382 902 2697 966 utrumque
2728 894 3008 960 codicem,
3044 898 3244 965 postea
3275 890 3463 947 solum
3487 890 3885 946 Victorinum.

2229 985 2477 1058 Adfecta?
2502 989 2649 1053 sunt,
2710 986 2770 1038 in
2828 984 2930 1038 hac
2982 982 3245 1051 editione,
3304 983 3485 1037 varia
3526 980 3895 1035 lectionesex

2229 1078 2455 1146 antiquo
2511 1073 2691 1129 codice
2752 1072 3179 1128 Car-melitarum
3231 1071 3701 1139 Excalceatorum,
3754 1070 3891 1125 sub-

2228 1164 2381 1218 urbii
2408 1164 2738 1217 Parisiensis
2758 1179 2778 1223 ,·
2836 1178 2972 1232 quas
3001 1160 3071 1215 ad
3119 1160 3323 1214 calcem
3379 1160 3549 1214 totius
3580 1158 3893 1213 volumini:

2228 1254 2402 1323 legere
2460 1251 2655 1308 licebat
2712 1252 2773 1305 in
2849 1252 3032 1304 Paris.
3084 1249 3226 1303 Edil.
3284 1249 3637 1303 Accesserant
3709 1247 3893 1301 etiam

2226 1358 2350 1414 qum
2408 1343 2473 1396 in
2528 1342 2721 1411 infima
2772 1340 2982 1412 pagina
3038 1338 3361 1394 Oxoniensis
3418 1336 3700 1402 editionis,
3744 1337 3889 1391 anni

2229 1433 2366 1486 1685
2397 1432 2673 1501 leguntur,
2727 1446 2796 1486 ex
2849 1428 3004 1485 codd.
3064 1428 3383 1485 Bodleianée
3409 1437 3461 1483 et
3489 1425 3892 1483 Lambethanae

2227 1521 2698 1576 bibliothecarum.

1177 1959 2108 2085 GALLANDII
2194 1960 3162 2085 PROCEMIUM

1724 2197 1866 2280 AD
1930 2196 2024 2281 S.
2087 2192 2610 2280 HERMAM.

954 2373 1224 2442 (Veterum
1253 2378 1488 2428 Patrum
1516 2373 1875 2443 Bibliotheca,
1910 2376 1951 2427 t.
1988 2374 2029 2439 l,
2063 2370 2342 2442 Venetiis,
2377 2371 2535 2437 1765,
2568 2369 2779 2435 in-fol.,
2827 2369 3073 2442 Proleg.,
3107 2386 3163 2441 p.
3196 2368 3375 2440 xxvr.)

454 2548 588 2604 ΟΑΡ.
622 2554 667 2604 Ι.
710 2550 842 2617 Quis
894 2552 1117 2623 cujasve
1161 2554 1333 2623 fuerit
1384 2554 1628 2618 Hermas,
1680 2551 2105 2621 Distinguendus
2133 2557 2182 2621 Β
2214 2550 2354 2605 dent
2382 2548 2625 2621 vestigia
2650 2548 2711 2603 in
2743 2549 2871 2620 ejus
2902 2564 3077 2620 opere
3104 2547 3325 2620 passim
3358 2546 3547 2602 obvia.
3570 2547 3721 2604 Nam
3753 2553 3887 2602 sta-

522 2644 642 2692 tum
670 2638 737 2693 ab
763 2639 979 2707 Herme,
1017 2642 1338 2708 Dalmatia,
1390 2650 1451 2697 ut
1477 2645 1659 2714 fertur
1686 2644 1952 2713 episcopo,
1988 2650 2106 2695 tum

526 2727 593 2782 ab
624 2732 878 2784 Hermete
909 2734 1158 2797 Pastore,
1193 2731 1286 2785 Pii
1314 2732 1337 2785 I
1365 2734 1559 2801 fratre.

529 2814 883 2871 Clementem
908 2821 1236 2873 Romanum
1264 2820 1478 2891 excipit
1508 2820 1770 2885 Hermas,
1797 2820 1884 2874 vir
1905 2824 1961 2875 et
1983 2820 2107 2891 ipse

457 2904 838 2975 apostolicus,
872 2923 985 2961 non
1022 2908 1193 2963 modo
1228 2908 1463 2963 Patrum
1496 2909 1912 2964 vetustissimis
1952 2909 2105 2964 cele-

458 2994 684 3061 hratus,
717 3011 918 3050 verum
952 2996 1127 3051 etiam
1160 2998 1233 3051 ab
1260 2998 1538 3069 Apostolo
1570 2997 1863 3052 salutatus
1895 2998 1965 3052 ad
1999 2998 2106 3052 Ro-

458 3099 664 3139 manos
695 3084 986 3139 scribente
1013 3086 1055 3153 3,
1090 3092 1403 3157 antequam
1438 3087 1675 3143 Romam
1707 3086 1922 3141 Paulus
1953 3086 2107 3157 ipse-

460 3178 579 3227 met
610 3174 959 3245 appulisset.
994 3178 1179 3230 Probe
1211 3181 1408 3231 autem
1436 3176 1887 3248 distinguendus
1912 3180 2111 3230 noster

463 3260 707 3317 Hermas
739 3264 810 3318 ab
842 3266 1036 3320 Her-me
1065 3282 1165 3321 seu
1200 3267 1463 3331 Hermete,
1496 3270 1669 3337 prout
1707 3281 1848 3320 sane
1880 3270 2107 3318 utrum-

466 3367 580 3423 que
612 3367 746 3405 cum
771 3352 1025 3408 nominis
1056 3354 1353 3417 varietate,
1413 3360 1541 3409 tum
1590 3371 1650 3409 rs
1680 3354 1828 3425 ipsa,
1864 3354 2111 3408 Patroba

462 3438 790 3511 interjecto,
823 3441 1093 3497 distinxit
1122 3443 1271 3498 idem
1294 3442 1628 3515 Apostolus.
1655 3442 1956 3514 Siquidem
1983 3442 2109 3498 loco

459 3527 673 3582 citato:
704 3528 978 3597 Salutate,
1012 3532 1223 3603 inquit,
1254 3534 1627 3603 Asyncritum,
1684 3538 1970 3597 Hermum,
2004 3534 2108 3587 Pa-

461 3618 695 3684 trobam,
728 3619 981 3685 Hermen,
1017 3624 1150 3685 etc.,
1183 3638 1433 3692 quorum
1458 3621 1575 3687 ille,
1608 3621 1657 3676 si
1689 3622 1834 3677 fides
1866 3622 2111 3677 Pseudo-

460 3706 745 3761 Dorotheo
776 3712 949 3778 atque
979 3708 1306 3781 Hippolyto,
1343 3710 1841 3781 Philippopoleos;
1866 3710 1958 3766 hic
1978 3727 2109 3765 vero

462 3794 762 3851 Dalmatia
795 3798 1105 3869 episcopus
1139 3798 1323 3853 fuisse
1347 3799 1547 3854 fertur.
1575 3800 1800 3854 Potiore
1822 3800 2111 3870 itemjure

458 3887 853 3941 secernendus
910 3890 1155 3958 uterque
1210 3888 1281 3942 ab
1340 3892 1603 3943 Ilermele
1662 3893 1903 3958 Pastore,
1937 3889 2111 3944 domo

461 3973 833 4044 Aquileiensi,
871 3975 1055 4030 sancti
1085 3976 1170 4031 Pii
1220 3976 1242 4031 Ι
1297 3977 1491 4041 fratre,
1531 3977 1641 4031 sub
1673 3978 1842 4047 cujus
1874 3978 2111 4048 pontiﬁ-

465 4066 599 4117 catu
618 4068 852 4118 centum
873 4064 1052 4119 ferme
1071 4070 1202 4137 post
1227 4068 1468 4120 Paulum
1488 4065 1658 4121 annis
1675 4065 1891 4120 librum
1910 4068 1983 4122 De
1999 4071 2114 4120 Pa-

461 4149 649 4205 schate
671 4152 930 4223 scripsit,
966 4170 1122 4207 nunc
1152 4153 1542 4225 deperditum,
1572 4152 1658 4207 vel
1685 4152 1891 4207 saltem
1926 4153 2117 4208 hacte-

465 4256 578 4294 nus
609 4238 1065 4312 incompertum.
1092 4241 1174 4297 De
1195 4241 1288 4297 his
1312 4247 1506 4297 autem
1538 4241 1710 4314 plura
1735 4242 1956 4296 dudum
1990 4259 2118 4314 pro-

472 4327 738 4383 tulerunt
758 4330 864 4383 viri
886 4331 1293 4398 eruditissimi,
1316 4331 1599 4386 Nourrius
1620 4333 1660 4403 ‘,
1692 4332 2052 4386 Fontaninus
2074 4332 2115 4397 ⁵,

471 4416 729 4487 aliique;
762 4419 834 4473 ad
868 4436 1016 4491 quos
1044 4420 1305 4490 proinde,
1332 4437 1401 4475 ne
1434 4420 1665 4491 longius
1698 4437 1875 4491 quam
1909 4438 2013 4492 par
2043 4421 2119 4475 sit

470 4511 743 4563 excurrat
772 4507 978 4577 oratio,
1004 4507 1251 4563 lectores
1282 4508 1661 4563 remittimus.
1695 4508 1929 4563 Interim
1962 4526 2115 4577 vero,

467 4600 730 4651 veterum
766 4598 1090 4669 presertim
1122 4614 1188 4652 ac
1216 4597 1604 4652 recentiorum
1637 4598 1993 4669 scriptorum
2021 4615 2120 4652 au-

465 4684 729 4741 ctoritate
760 4686 943 4755 ducti,
976 4686 1201 4741 Hermas
1235 4703 1410 4757 quem
1442 4685 1657 4741 Paulus
1678 4688 1946 4762 proxime
1985 4692 2120 4743 ante

467 4774 775 4830 Patrobam
809 4775 1107 4846 salutavit,
1142 4792 1291 4847 Opus
1338 4782 1533 4831 Pastor
1579 4776 1927 4847 inscriptum
1960 4794 2118 4832 asse-

466 4863 714 4918 rendum
746 4863 1153 4919 existimamus
1180 4889 1195 4926 ;
1221 4881 1287 4919 eo
1319 4862 1406 4918 vel
1447 4860 1698 4919 maxime
1729 4866 1884 4935 quod
1918 4872 2121 4920 auctor

468 4952 687 5024 ubique
717 4953 775 5007 in
809 4952 938 5025 ipso
967 4951 1186 5019 libello,
1218 4957 1465 5021 Hermae,
1499 4969 1633 5007 non,
1665 4960 1858 5009 autem
1910 4956 2121 5009 Hermis

471 5046 573 5096 aut
602 5043 894 5108 Hermetis,
931 5058 1142 5097 nomen
1174 5046 1457 5096 assumat.

543 5130 779 5201 Italum,
804 5131 945 5203 quin
971 5136 1026 5185 et
1049 5131 1377 5186 Romanum
1402 5131 1647 5186 fortasse
1672 5130 1851 5187 fuisse
1883 5132 2123 5203 scripto-

471 5236 615 5291 rem,
639 5220 728 5275 vel
759 5219 968 5277 saltem
990 5221 1141 5275 inter
1159 5220 1392 5275 Latinos
1411 5219 1508 5274 diu
1527 5219 1759 5289 vixisse,
1790 5220 1959 5292 plura
1981 5240 2120 5278 sua-

2212 2644 2319 2694 tim
2352 2638 2425 2694 ab
2456 2638 2621 2693 initio
2652 2638 2774 2693 hinc
2804 2637 3019 2693 habet“
3044 2654 3057 2693 :
3093 2637 3197 2706 Qui
3225 2640 3568 2692 enutrwerat
3594 2653 3705 2702 me,
3739 2653 3876 2692 ven-

2213 2727 2358 2783 didit
2388 2726 2683 2799 quamdam
2737 2727 2984 2798 puellam
3042 2727 3246 2782 Romae.
3296 2729 3426 2781 Post
3453 2726 3656 2779 multos
3682 2729 3881 2780 autem

2214 2832 2387 2871 annos
2417 2816 2560 2871 hanc
2586 2818 2764 2870 visam
2794 2831 2889 2884 ego
2918 2818 3227 2885 recognovi,
3251 2822 3304 2869 et
3320 2816 3456 2885 ccepi
3484 2830 3606 2869 eam
3634 2814 3881 2885 diligere

2214 2913 2275 2959 ut
2328 2922 2590 2961 sororem.
2643 2907 2849 2961 Ewaclo
2903 2915 3091 2960 autem
3144 2907 3386 2976 tempore
3415 2903 3626 2977 aliqua,
3687 2903 3884 2958 lavari

2214 3010 2334 3050 eam
2362 2997 2421 3050 in
2451 2996 2683 3065 ﬂumine
2714 2996 2889 3049 Tiberi
2918 2994 3052 3063 vidi,
3093 2998 3205 3049 etc.
3257 2993 3469 3048 Itinera
3500 3008 3735 3064 quoque
3764 3009 3885 3047 sua

2216 3088 2272 3138 et
2291 3084 2624 3140 mansiones
2641 3084 3000 3153 describens,
3031 3084 3339 3139 Cumarum
3382 3081 3723 3149 meminit‘;
3747 3081 3883 3137 loco

2217 3173 2375 3228 enim
2408 3174 2583 3228 citato
2618 3190 2720 3244 pro
2751 3190 2875 3228 cum
2907 3172 2990 3227 his
3021 3172 3335 3244 legendum
3367 3171 3575 3237 Cumis,
3600 3172 3674 3225 cl.
3706 3175 3883 3225 Cote-

2216 3262 2397 3317 lerius
2436 3267 2592 3317 recte
2623 3261 2944 3333 conjecisse
2998 3262 3246 3316 videtur.
3302 3260 3569 3316 Meminit
3597 3260 3741 3315 item
3770 3261 3883 3314 viz

2218 3350 2511 3423 Campanae
2540 3353 2582 3420 ⁸,
2643 3368 2749 3407 nec
2806 3368 2923 3406 non
2981 3350 3237 3406 Arcadis
3267 3351 3323 3404 0:
3361 3350 3519 3405 unde
3569 3348 3671 3404 lux
3715 3348 3881 3404 haud

2219 3440 2450 3496 modica
2504 3442 2852 3512 conjecturae
2914 3442 3126 3495 nostra
3186 3438 3445 3507 accedit;
3480 3437 3885 3508 eamdemque

2218 3529 2437 3602 pariter
2464 3530 2811 3585 conﬁrmare
2863 3529 3189 3601 putaverim
3248 3526 3538 3599 ejusmodi
3575 3527 3755 3583 verba
3787 3527 3879 3582 “’2

2222 3621 2387 3685 Cum,
2422 3619 2636 3690 inquit,
2668 3619 3017 3675 ambularem
3040 3620 3100 3673 in
3132 3634 3352 3687 agrum,
3384 3620 3436 3673 et
3462 3617 3887 3673 considerarem

2218 3708 2433 3762 ulmum
2452 3716 2503 3764 et
2524 3710 2706 3763 vitem.
2718 3749 2754 3762 ..
2776 3714 2857 3763 De
2872 3709 2974 3762 hac
2988 3709 3099 3763 vite
3112 3715 3163 3762 el
3179 3707 3327 3761 ulmo
3343 3706 3574 3778 disputo.
3594 3706 3678 3760 Ad
3698 3722 3883 3777 quem

2220 3801 2441 3853 Hermae
2496 3797 2687 3853 locum
2744 3796 3161 3852 illustrandum
3210 3795 3474 3867 apposite
3520 3812 3555 3850 a
3594 3794 3885 3852 Cotelerio

2222 3886 2484 3942 adhibita
2514 3885 2696 3941 Servii
2725 3886 3032 3959 explicatio
3062 3883 3365 3957 Virgiliani
3412 3882 3766 3939 hemistichii
3790 3885 3835 3920 ¹¹
3866 3902 3882 3939 :

2475 3976 2499 4027 1
2547 4016 2560 4029 .
2606 4017 2618 4029 .
2667 4016 2679 4028 .
2733 4017 2746 4031 .
2780 3975 3053 4045 ulmisque
3080 3973 3381 4045 adjungere
3410 3974 3568 4027 vites.

2225 4087 2251 4114 ‹‹
2290 4064 2623 4120 Secundum
2656 4064 2837 4119 Italiae
2870 4064 3074 4132 situm,
3106 4063 3211 4129 ait,
3240 4061 3472 4117 locutus
3499 4064 3627 4129 est;
3658 4063 3719 4116 in
3759 4078 3887 4133 qua

2223 4154 2368 4209 vites
2400 4153 2578 4208 altius
2610 4152 2930 4208 elevantur.
2962 4153 3055 4206 sic
3086 4151 3225 4207 alibi
3250 4151 3333 4205 ‘9:

2295 4245 2408 4299 Non
2442 4243 2629 4298 eadem
2658 4243 2954 4297 arboribus
2980 4241 3177 4313 pendet
3204 4241 3489 4296 vindemia
3516 4240 3740 4295 nostris.
3777 4261 3799 4288 ι

2226 4332 2448 4396 Quibus
2482 4332 2664 4386 addas
2696 4332 2948 4386 maxime
2979 4328 3175 4397 velim,
3209 4329 3483 4385 Hermam
3514 4332 3707 4383 Grece
3738 4330 3889 4383 scrio

2227 4423 2483 4486 bentem,
2512 4422 2581 4475 ad
2608 4421 2905 4491 jejunium
2954 4419 3361 4484 indicandum,
3392 4418 3651 4488 στάσεως,
3683 4420 3888 4473 statio-

2226 4513 2315 4565 nis
2347 4508 2693 4565 vocabulum
2730 4525 2888 4563 more
2910 4508 3247 4563 Latinorum
3273 4522 3593 4579 usurpasse
3617 4505 3660 4543 ³³
3683 4522 3696 4562 :
3724 4507 3891 4578 quod

2227 4616 2293 4654 eo
2326 4599 2566 4670 quidem
2598 4615 2775 4654 sensu
2808 4598 3022 4653 Graecis
3052 4601 3344 4662 vocatum,
3390 4597 3666 4668 nuspiam
3702 4611 3764 4651 se
3792 4596 3891 4653 le-

2229 4688 2387 4760 gisse
2419 4687 2686 4742 meminit
2715 4687 2802 4742 vir
2831 4686 3101 4741 eruditus
3134 4685 3307 4740 modo
3352 4684 3646 4741 laudatus.
3681 4684 3894 4757 Neque

2227 4793 2368 4832 sane
2402 4775 2585 4831 ullum
2620 4777 2800 4847 hujus
2831 4774 2988 4831 vocis
3019 4773 3378 4847 exemplum,
3410 4774 3614 4829 eadem
3648 4773 3893 4847 signiﬁ-

2230 4866 2459 4921 catione
2488 4866 2643 4937 apud
2689 4864 2917 4920 Graecos
2965 4869 3233 4936 acceptas,
3280 4863 3497 4935 profert
3527 4863 3790 4937 Cangius
3817 4866 3889 4933 ⁸⁸,

2230 4972 2420 5026 neque
2452 4955 2523 5009 ab
2556 4971 2620 5010 eo
2652 4955 2936 5009 excitatus
2970 4953 3237 5009 Petavius
3259 4953 3321 5007 ".

2302 5044 2583 5099 Craterum
2616 5043 2850 5098 divitem
2883 5047 3159 5115 prteterea
3187 5041 3369 5097 fuisse
3398 5040 3715 5114 aliquando
3744 5041 3891 5098 Her-

2234 5150 2389 5189 mam
2424 5134 2484 5199 1°,
2518 5148 2873 5204 uxoremque
2905 5130 3139 5187 duxisse
3170 5146 3238 5186 ex
3267 5146 3385 5201 qua
3424 5130 3575 5186 filios
3605 5145 3890 5202 suscepe-

2233 5224 2311 5279 rit
2344 5225 2409 5290 ιτ,
2442 5239 2566 5292 quas
2596 5227 2793 5277 tamen
2823 5221 2937 5294 ipsi
2959 5223 3156 5291 futura
3186 5224 3309 5275 erat
3335 5230 3529 5289 soror;
3560 5220 3641 5275 ita
3670 5235 3891 5293 nempe

546 5380 566 5414 ³
600 5381 764 5437 Rom.
795 5385 991 5456 xv1,-’l.
1027 5384 1048 5417 ‘
1085 5384 1318 5441 Nourr..
1360 5385 1576 5453 ,Appur.
1610 5381 1679 5437 ad
1711 5383 1838 5439 bibl.
1897 5386 2031 5455 PP.,
2091 5389 2230 5441 tom.
2293 5386 2336 5456 Ι,
2395 5400 2527 5456 pag.
2588 5384 2655 5439 49
2684 5398 2827 5456 seq.
2888 5382 3209 5456 {Fontanq
3265 5380 3403 5437 Hist.
3464 5381 3657 5456 litters
3689 5383 3886 5456 Aquit.

466 5449 572 5533 lib.
606 5468 668 5519 ιι,
702 5470 825 5525 cap.
864 5449 1109 5533 1_'l,-p_ag.
1139 5449 1369 5533 biseq.‘
1396 5449 1659 5533 rh'tler‘m.
1708 5457 1851 5511 Pasl.
1916 5449 2041 5533 lib;
2078 5457 2274 5533 ιλιιὶλει.Δ
2295 5449 2334 5533 ις
2395 5449 2562 5533 2:913.”
2587 5456 2637 5509 1.
2670 5455 2689 5489 ⁷
2737 5449 2870 5533 _Id_.__
2898 5453 3174 5533 ibid._vis.
3206 5469 3432 5533 n_,__cap.
3465 5454 3516 5509 1.
3548 5452 3571 5488 ⁸
3601 5453 3685 5533 Id.

471 5524 579 5605 vis.
613 5539 686 5592 ιν,
720 5540 842 5605 cap.
878 5528 926 5581 1.
956 5524 1090 5582 971d.
1125 5527 1285 5594 ibid.,
1321 5524 1407 5592 ιιι,
1439 5524 1616 5581 simil.
1652 5543 1727 5597 ιχ,
1761 5543 1884 5599 cap.
1920 5530 1971 5609 l_.
2002 5529 2045 5564 ¹⁰
2077 5530 2114 5583 Ι(

478 5594 648 5653 ιδιά..
705 5594 807 5649 Ιώ.
868 5614 929 5653 ιι.
981 5616 1131 5653 vers.
1186 5601 1277 5653 89.
1341 5599 1384 5633 ¹³
1443 5598 1638 5652 Herm.
1700 5605 1850 5653 Past.
1912 5599 2013 5653 llb.
2077 5618 2114 5653 ιι

2226 5524 2353 5596 ὑίάζ,
2408 5524 2588 5582 simil.
2618 5542 2677 5581 II.
2732 5530 2775 5563 ¹¹
2806 5526 2966 5653 Virg.
3017 5528 3215 5593 Georg.
3243 5524 3347 5581 lib.
3378 5524 3423 5593 ι,
3452 5540 3603 5581 vers.
3632 5527 3688 5581 2.
3725 5527 3770 5564 ³³
3800 5526 3883 5584 Id.

2226 5598 2389 5653 simil.
2438 5616 2492 5653 v.
2524 5614 2649 5653 can.
2695 5598 2746 5653 l.
2810 5599 2855 5632 ¹⁴
2942 5612 3102 5653 an2..
3152 5596 3387 5653 Glossar.
3418 5596 3557 5652 med.
3593 5596 3883 5653 Graecum

478 5594 648 5671 ibid”
868 5614 929 5668 ιι,
981 5616 1131 5671 vers.
1186 5601 1277 5653 89.
1341 5598 1642 5671 “Herm,
1700 5594 1850 5654 Pasti
1912 5599 2013 5655 lib.
2077 5618 2114 5654 ιι

2226 5594 2389 5655 simil.
2438 5616 2492 5665 v,
2524 5614 2649 5670 cap.
2695 5598 2746 5653 4.
2786 5599 2855 5671 ff

3020 5612 3102 5669 g.,
3152 5596 3387 5653 Glossar.
3418 5596 3569 5669 med.
3593 5596 3799 5665 (ἕνεκα,
3826 5615 3884 5653 v.

476 5663 695 5743 Batiam.
730 5668 774 5702 "
805 5663 1119 5743 Petav._in
1172 5676 1291 5725 not.
1349 5670 1420 5724 ad
1480 5668 1791 5740 Epiphan.,
1851 5687 1983 5743 pag.
2042 5672 2114 5726 35

2226 5672 2241 5706 ⁵
2299 5663 2497 5727 Herm.
2555 5663 2726 5738 Post,
2785 5669 2885 5725 lib.
2918 5686 2959 5736 ι,
3006 5663 3115 5725 vis.
3160 5684 3246 5733 ιιι,
3279 5683 3405 5741 cap.
3437 5668 3493 5725 6.
3528 5668 3572 5707 ³⁷
3604 5670 3687 5727 Id.
3720 5663 3883 5737 ibid,

473 5737 584 5795 vis.
616 5754 679 5806 ιι,
709 5753 836 5810 cap.
866 5742 903 5793 2
932 5744 989 5795 et
1020 5740 1073 5795 3.
