4036 6344
201 390 347 459 865

1490 396 1819 459 PASTOR.
1852 426 1930 443 —-
1955 392 2373 456 PROOEMIA.

3510 409 3631 470 866

198 544 386 583 soror
416 530 517 583 uta
546 527 656 583 tori
687 544 798 584 usu
831 528 1166 595 dissociata,
1208 546 1322 586 non
1369 529 1623 601 amplius
1671 527 1869 584 uxoris
1900 530 1955 595 Α
1985 526 2212 581 nasiani
2246 528 2427 599 pretio
2460 528 2531 584 cl.
2565 531 2847 587 editorem
2878 534 3077 591 audire
3098 537 3317 607 juverit
3348 542 3414 597 ³³.
3462 566 3487 592 ‹‹
3523 546 3628 601 Do-

197 633 463 671 munere
494 616 858 689 fungeretur,
891 623 1143 674 testatur
1173 619 1420 691 ipsemet
1478 624 1695 674 auctor.
1756 619 1865 672 Sed

196 706 371 777 quod
404 706 486 761 rei
518 712 696 778 caput
751 711 858 773 est,
920 708 1187 764 Ecclesia
1244 713 1516 763 Romana
1570 708 1871 779 presbyter

192 799 337 850 erat
367 800 569 850 noster
602 795 867 867 Hermas,
901 813 966 852 eo
997 802 1254 868 tempore
1277 815 1390 869 quo
1424 815 1597 853 suum
1622 798 1868 851 Pastori:

194 900 363 955 opus
395 883 687 939 scribebat
719 902 731 939 :
768 886 923 956 quod
958 887 1195 957 quidem
1218 888 1353 957 jure
1385 886 1688 958 collegisse
1712 886 1869 939 vide-

196 978 313 1028 tur
346 972 684 1028 Dodwellus
718 974 782 1028 ¹³.
818 997 845 1025 ί(
875 974 1301 1031 Jubeturenim
1340 976 1481 1046 ipse,
1536 976 1726 1046 inquit
1784 976 1872 1028 vlr

194 1060 475 1129 criticus,
509 1061 624 1117 duo
656 1062 1096 1119 Revelationum
1128 1081 1370 1118 suarum
1395 1064 1747 1135 exemplaria
1778 1064 1871 1116 de-

196 1150 470 1206 scribere
504 1151 585 1205 19:
618 1151 899 1208 Clementi
933 1152 1185 1208 alterum
1219 1153 1290 1207 ad
1339 1158 1563 1207 exteras
1608 1152 1872 1206 civitates

196 1239 739 1296 transmittendum
768 1259 779 1296 :
805 1241 1053 1296 alterum
1078 1242 1327 1313 Grapta,
1348 1241 1539 1296 viduis
1558 1240 1871 1312 legendum

199 1327 615 1400 orphanisque
646 1329 756 1384 sub
786 1328 1097 1384 viduarum
1131 1347 1272 1385 cura
1308 1329 1636 1385 institutis:
1697 1346 1872 1384 suum

196 1433 348 1474 vero
380 1417 620 1473 tertium
647 1418 962 1490 exemplar,
995 1418 1263 1474 Ecclesia
1294 1423 1567 1474 Romana
1624 1418 1873 1473 seniori-

198 1508 329 1563 bus
359 1524 463 1563 seu
496 1507 873 1580 presbyteris,
906 1508 1104 1581 ipsum
1136 1508 1327 1581 legere
1374 1508 1677 1580 oportebat
1729 1506 1873 1561 Her-

203 1615 402 1652 mam.
434 1598 597 1653 Sicut
628 1614 764 1670 ergo
795 1598 1113 1654 Clementis
1144 1598 1410 1654 Ecclesia
1444 1598 1717 1653 Romana
1750 1596 1870 1668 epi-

203 1686 381 1759 scopi
412 1704 630 1743 munus
661 1692 785 1743 erat
815 1688 885 1743 ad
920 1687 1176 1759 reliquos
1209 1692 1540 1743 exterarum
1590 1686 1871 1742 Ecclesia-

206 1792 351 1830 rum
386 1776 692 1848 episcopos
715 1776 983 1832 mittendi
1015 1776 1279 1832 libellum
1307 1794 1321 1832 ξ
1352 1782 1410 1831 et
1436 1775 1661 1847 Grapta
1686 1775 1874 1830 vidua

202 1864 445 1937 legendi
504 1864 742 1937 collegis
797 1865 991 1920 viduis
1044 1872 1101 1921 et
1149 1866 1466 1938 orphanis:
1503 1866 1587 1920 sic
1614 1882 1753 1919 sane
1774 1865 1873 1935 qui

201 1954 491 2010 Ecclesia
528 1955 799 2011 Romana
857 1956 1208 2028 presbyteris
1261 1955 1702 2010 renuntiaturus
1749 1957 1873 2008 erat

200 2042 483 2108 Hermas,
516 2043 780 2115 ejusdem
841 2044 1057 2115 pariter
1113 2044 1380 2099 Ecclesia
1436 2045 1632 2115 ipsum
1691 2042 1871 2097 fuisse

202 2133 620 2205 presbyterum
655 2137 779 2188 erat
808 2138 1288 2190 consentaneum.
1351 2156 1379 2183 »
1439 2134 1731 2188 Hactenus
1785 2132 1872 2186 vir

201 2219 313 2276 ille
344 2220 768 2276 eruditus.Alia
788 2220 1030 2292 insuper
1046 2222 1332 2276 nonnulla
1352 2223 1423 2277 de
1442 2226 1637 2277 nostro
1660 2225 1871 2275 Herma

201 2310 390 2365 libuit
420 2311 699 2365 adnotare
728 2310 1048 2366 Moshemio
1080 2312 1145 2378 ²⁰,
1181 2328 1306 2383 qua
1336 2319 1534 2367 tamen
1566 2310 1722 2365 haud
1746 2326 1867 2365 ma-

207 2399 317 2472 gni
349 2400 524 2455 refert
553 2416 872 2455 recensere.

198 2504 344 2561 CAP.
379 2507 447 2561 ll.
482 2506 625 2576 Opus
653 2507 889 2570 Hermae.
924 2506 1147 2561 sz'roa
1174 2509 1526 2578 inscriptum.
1585 2509 1655 2562 De
1710 2511 1868 2563 Gra-

319 2580 396 2632 cis
424 2578 542 2649 ejus
572 2578 815 2646 laciniis,
848 2578 1016 2649 deque
1046 2588 1219 2635 vetere
1248 2582 1449 2634 Latina
1480 2582 1750 2635 versione.

277 2682 430 2739 Illud
460 2684 657 2756 potius
679 2688 884 2741 notatu
907 2685 1151 2758 dignum
1173 2686 1603 2757 occurrit,quod
1624 2686 1867 2742 Hermas

200 2774 268 2828 in
300 2774 427 2829 suis
454 2774 782 2830 visionibus
813 2775 1216 2830 describendis
1248 2775 1585 2830 Zachariam
1620 2775 1867 2846 prephe-

207 2869 335 2917 tam
366 2862 634 2918 imitatus
662 2863 948 2931 videatur;
980 2863 1122 2934 quin
1152 2869 1209 2919 et
1230 2887 1257 2913 ‹‹
1282 2881 1431 2935 opus
1460 2881 1635 2919 suum
1657 2880 1722 2919 eo
1748 2869 1867 2919 tam

208 2949 499 3022 singulari
533 2966 803 3006 exarasse
834 2950 983 3022 stylo
1012 2950 1401 3020 existimatur,
1432 2951 1585 3023 quod
1613 2950 1777 3005 illum
1797 2952 1864 3007 ad

205 3038 555 3095 alliciendos
580 3039 1014 3111 movendosque
1045 3039 1347 3094 hominum
1392 3040 1642 3107 animos,
1694 3044 1868 3110 atque

206 3128 280 3182 ad
315 3128 658 3183 tradendam
692 3128 1018 3184 doctrinam
1050 3145 1219 3183 suam
1252 3128 1625 3199 aptissimum
1658 3133 1715 3183 et
1744 3129 1867 3184 efﬁ-

208 3217 592 3272 cacissimum
616 3218 933 3288 judicaret,
966 3240 994 3268 »
1029 3222 1091 3272 ut
1116 3218 1352 3287 conjicit
1399 3219 1483 3272 vir
1530 3219 1734 3273 doctus
1796 3218 1864 3273 ²¹.

1975 618 2174 684 ctrina,
2210 617 2421 688 inquit,
2453 619 2522 673 ad
2552 622 2877 676 Antiochum
2902 624 3113 693 ducem,
3145 630 3314 685 otiosi
3371 634 3628 692 hominis

1978 712 2398 772 commentum,
2433 725 2497 762 eo
2531 714 2723 764 tamen
2760 714 2994 769 nomine
3043 717 3298 786 pretiosa
3353 727 3409 776 et
3465 740 3627 778 com-

1980 795 2312 851 mendanda
2342 800 2448 865 est,
2483 800 2635 867 quod
2680 816 2949 870 magnam
3008 803 3139 859 libri
3197 809 3444 865 Pastoris
3502 830 3629 884 par-

1978 887 2118 948 tem,
2152 886 2317 950 cujus
2348 885 2539 938 Graca
2572 887 2800 955 jamdiu
2861 890 3147 959 interiere,
3209 902 3399 954 Grace
3459 901 3628 958 nobis

1980 972 2286 1038 exhibeat;
2320 979 2374 1027 et
2406 975 2642 1043 quidem
2678 977 2757 1031 ita
2791 996 3018 1048 puram,
3048 982 3129 1036 ita
3160 984 3381 1041 Latinis
3421 990 3633 1047 Herma

1980 1063 2225 1115 Pastoris
2256 1078 2592 1127 consonam,
2630 1067 2779 1119 utad
2817 1070 3055 1124 verbum
3097 1088 3164 1126 ex
3216 1090 3281 1129 eo
3333 1082 3396 1131 ut
3450 1078 3633 1148 pluri-

1986 1167 2147 1203 mum
2172 1151 2523 1221 descriptam
2559 1168 2684 1207 esse
2717 1157 3099 1227 conspicuum
3128 1161 3222 1218 sit.
3252 1163 3445 1220 Primo
3471 1184 3638 1221 nam-

1984 1255 2098 1309 que
2154 1240 2404 1310 scriptor
2462 1240 2570 1295 iste
2610 1244 2961 1300 Antiochum
3009 1249 3178 1304 nobis
3260 1260 3642 1325 reprasentat

1985 1329 2295 1383 adeuntem
2346 1330 2401 1383 S.
2467 1330 2876 1400 Athanasium,
2934 1335 3298 1396 inﬁrmitatis
3351 1360 3636 1415 corporea

1983 1433 2199 1483 causa;
2234 1421 2296 1471 ut
2329 1435 2445 1473 una
2471 1420 2739 1489 precibus
2762 1426 2886 1478 suis
2916 1426 3064 1481 levet
3094 1430 3520 1500 aegritudinem,
3555 1439 3631 1503 et,

1983 1505 2223 1561 monitis
2254 1508 2406 1561 viam
2441 1514 2603 1579 paret
2634 1510 2704 1564 ad
2737 1513 3162 1582 panitentiam.
3191 1520 3331 1574 Huic
3374 1522 3630 1579 Athana-

1983 1594 2108 1649 sius
2138 1596 2371 1650 sanitati
2400 1597 2684 1666 restituto,
2738 1601 3043 1658 duodecim
3102 1606 3370 1663 Mandata
3426 1612 3625 1681 tradit,

1983 1700 2107 1752 qua
2139 1684 2283 1739 nihil
2314 1686 2471 1741 aliud
2504 1693 2642 1742 sunt
2671 1706 2845 1758 quam
2894 1692 3199 1750 duodecim
3255 1696 3355 1753 illa
3402 1704 3634 1759 Herm

1982 1774 2232 1828 Pastoris
2266 1776 2547 1839 Mandata,
2582 1778 2798 1847 quibus
2829 1785 3057 1836 constat
3108 1782 3255 1840 liber
3311 1791 3631 1858 secundus,

1984 1862 2064 1916 ita
2095 1866 2288 1917 tamen
2322 1868 2385 1917 ut
2416 1881 2527 1918 non
2560 1865 2785 1938 integra
2816 1885 3068 1941 semper,
3116 1874 3218 1928 sed
3277 1876 3633 1947 quibusdam

1984 1952 2273 2022 ademptis
2307 1952 2526 2007 afferat.
2564 1955 2781 2011 Deinde
2804 1958 2989 2014 multa
3020 1961 3134 2016 alia
3161 1978 3229 2017 ex
3259 1966 3459 2021 eodem
3486 1968 3633 2024 libro

1980 2041 2115 2128 hinc
2138 2041 2271 2095 inde
2294 2049 2680 2109 consuuntur,
2701 2062 2767 2099 ac
2800 2053 3093 2117 postremo
3119 2068 3397 2125 magnam
3422 2062 3477 2111 et
3504 2073 3632 2128 pro-

1980 2127 2155 2183 lixam
2211 2135 2406 2185 narrat
2459 2132 2725 2188 Antiochi
2778 2135 3081 2209 visionem,
3141 2157 3319 2212 quam
3377 2127 3519 2200 item
3565 2163 3635 2203 ex

1979 2216 2147 2272 tertio
2170 2221 2414 2273 Pastoris
2438 2218 2584 2275 libro
2608 2227 2911 2280 mutuatus
2942 2231 3050 2281 est.
3088 2228 3203 2284 Hoc
3235 2230 3431 2303 itaque
3480 2250 3626 2306 opu-

1980 2306 2210 2361 sculum
2242 2306 2377 2362 licet
2407 2308 2594 2379 prima
2626 2312 2811 2367 fronte
2843 2314 3003 2370 flocci
3036 2318 3271 2389 quidem
3296 2321 3628 2380 faciendum

1979 2395 2264 2466 videatur,
2299 2398 2537 2453 maximi
2566 2404 2759 2457 tamen
2793 2408 2881 2458 est
2912 2407 3191 2462 momenti
3217 2426 3230 2475 ;
3256 2410 3473 2482 quippe
3494 2429 3629 2469 cum

1980 2484 2114 2539 libri
2144 2484 2303 2541 illius
2331 2488 2728 2559 apostolorum
2762 2510 2877 2548 avo
2902 2494 3062 2562 editi,
3097 2500 3153 2551 et
3183 2513 3216 2551 a
3246 2502 3333 2553 tot
3360 2499 3631 2558 Patribus

1980 2590 2085 2627 nec
2119 2574 2435 2631 sinelaude
2467 2581 2796 2650 memorati,
2833 2582 3018 2638 multa
3066 2589 3122 2640 et
3178 2586 3400 2657 prolixa
3456 2592 3627 2647 nobis

1980 2664 2311 2733 fragmenta
2341 2668 2693 2737 suppeditet.
2725 2691 2753 2719 »
2788 2670 3081 2729 Hactenus
3108 2674 3175 2728 V.
3209 2677 3270 2731 C.

2049 2753 2323 2815 Quamvis
2352 2772 2485 2810 vero
2519 2761 2708 2813 textus
2740 2763 2961 2815 Herma
2991 2766 3225 2819 Gracus
3248 2765 3627 2838 interciderit,

1978 2840 2204 2913 integra
2234 2848 2428 2898 tamen
2487 2852 2675 2900 exstat
2730 2849 3125 2921 interpretatio
3179 2854 3404 2923 Latina,
3457 2861 3627 2929 cujus

1979 2936 2178 2986 auctor
2207 2933 2439 3002 penitus
2472 2935 2887 3007 incompertus.
2920 2940 3029 2995 Sed
3071 2942 3339 3015 quisquis
3388 2946 3625 3003 demum

1978 3019 2075 3074 ille
2108 3021 2300 3084 fuerit.
2352 3024 2479 3093 ejus
2536 3029 2732 3081 tamen
2790 3030 3114 3086 versionem
3164 3033 3626 3091 vetustissimam

1979 3125 2106 3164 esse
2139 3116 2393 3177 constat,
2432 3118 2631 3185 utpote
2664 3132 2789 3186 qua
2821 3118 3162 3174 Tertulliani
3221 3126 3387 3177 atate
3447 3125 3627 3181 fuisse

1978 3199 2210 3253 videtur
2240 3200 2507 3255 Ecclesia
2540 3203 2820 3258 Africana
2854 3208 3203 3275 notissima;
3237 3213 3391 3281 quod
3426 3214 3630 3285 utique

207 3306 397 3362 Aliter
418 3276 827 3362 tamenvvisum
846 3276 1073 3362 θνίλάίίο
1104 3276 1399 3363 υοάξῃεηο
1431 3309 1495 3361 12.
1518 3308 1655 3378 Ejus
1674 3312 1867 3363 autem
1900 3276 1941 3341 C
1980 3294 2178 3358 aperte
2211 3290 2502 3360 colligitur
2529 3308 2596 3345 ex
2622 3295 2749 3363 ejus
2781 3293 2926 3349 libro
2956 3297 3030 3352 De
3059 3276 3333 3363 oratione,
3364 3302 3514 3355 unde
3532 3276 3633 3357 ⁸Ιο-

205 3395 361 3451 liber
392 3395 654 3466 antiquis
684 3396 956 3451 Patribus
1006 3396 1125 3451 sive
1182 3395 1396 3452 Gracis
1446 3397 1567 3452 sive
1623 3396 1864 3467 Latinis,

204 3490 411 3540 Pastor
441 3489 538 3539 aut
568 3486 711 3540 liber
738 3486 982 3539 Pastoris
1021 3484 1242 3556 passim
1293 3485 1656 3557 appellatur;
1709 3486 1868 3539 inde-

205 3591 325 3646 que
356 3574 602 3630 fortasse
628 3572 887 3630 derivata
912 3574 1307 3629 denominatio
1331 3574 1865 3645 hujusmodi,quod

204 3663 270 3718 in
300 3667 422 3718 toto
457 3664 637 3719 ferme
664 3679 834 3735 opere
866 3663 1068 3718 Pastor
1097 3663 1395 3718 inducitur
1425 3667 1697 3718 Hermam
1722 3662 1863 3718 allo-

207 3768 399 3825 quens
429 3756 485 3807 et
513 3751 862 3807 informans.
894 3753 1060 3807 Nunc
1083 3767 1215 3807 vero
1246 3752 1435 3807 tribus
1485 3752 1868 3824 distinguitur

208 3842 402 3909 libris,
436 3858 689 3911 quorum
722 3842 953 3913 primus
990 3842 1233 3897 Visiones
1264 3859 1340 3912 1v,
1378 3843 1671 3897 secundus
1708 3844 1864 3897 Man-

204 3932 342 3986 data
370 3948 474 3996 xu,
506 3931 719 3986 tertius
749 3929 1157 3986 Similitudines
1190 3948 1221 3985 x
1255 3930 1683 4001 complectitur.
1735 3932 1866 3985 Hac

204 4024 406 4076 tamen
437 4018 646 4074 divisio
677 4020 1103 4091 posterioribus
1135 4019 1456 4075 editoribus
1488 4020 1862 4088 ascribenda;

206 4109 503 4179 siquidem
536 4108 698 4163 illam
724 4125 915 4180 neque
947 4126 1089 4164 mss.
1124 4107 1499 4180 exemplaria,
1525 4125 1713 4181 neque
1770 4125 1863 4164 ve-

210 4198 355 4253 tusti
386 4197 701 4267 scriptores
730 4201 1059 4269 agnoscunt
1083 4216 1097 4266 ;
1131 4200 1274 4269 quin
1303 4203 1359 4251 et
1380 4215 1413 4251 a
1443 4197 1743 4253 codicibus
1764 4198 1865 4270 qui

214 4290 494 4357 superant
517 4286 722 4341 abesse
752 4286 1011 4358 capitum
1044 4274 1340 4357 lemmata,
1371 4285 1685 4342 Cotelerius
1737 4286 1863 4343 alii-

216 4391 328 4447 que
350 4375 753 4431 observarunt.

282 4464 400 4519 Hoc
432 4469 627 4519 autem
660 4481 807 4535 opus
840 4464 1033 4520 Grace
1064 4464 1320 4535 primum
1353 4465 1536 4520 fuisse
1577 4465 1862 4536 scriptum

213 4567 383 4606 nemo
415 4551 599 4607 nescit
633 4568 646 4606 :
681 4551 996 4607 dolendum
1028 4556 1229 4607 tamen
1260 4552 1415 4623 quod
1464 4556 1657 4608 textus
1711 4554 1861 4622 jam-

1978 3392 2111 3430 cum
2145 3378 2522 3449 desumptum
2557 3380 2707 3435 inter
2738 3389 2997 3438 veterum
3032 3387 3367 3442 testimonia
3424 3390 3624 3445 retuli-

1978 3482 2130 3520 mus.
2164 3466 2363 3521 Mcrito
2398 3469 2578 3539 igitur
2607 3489 2637 3524 a
2668 3471 2807 3526 viris
2834 3474 3076 3528 eruditis
3117 3477 3354 3546 explosa
3402 3478 3624 3535 Barthii

1976 3556 2286 3625 sententia,
2314 3558 2553 3611 Pastoris
2584 3560 2907 3615 versionem
2948 3566 3261 3619 Anastasio
3302 3567 3622 3624 Bibliothe-

1976 3642 2129 3698 cario
2161 3646 2501 3699 ascribentis
2532 3648 2607 3699 ’δε
2639 3665 2765 3718 qua
2798 3649 3021 3705 scilicet
3052 3650 3219 3724 longe
3240 3659 3374 3711 ante
3422 3658 3626 3713 Hiero-

1977 3748 2171 3803 nymo,
2206 3732 2435 3797 Ruﬁno,
2478 3735 2753 3791 Cassiano
2816 3738 3066 3810 aliisque
3110 3743 3416 3799 Anastasio
3474 3747 3623 3800 anti-

1976 3822 2279 3892 quioribus
2334 3823 2602 3878 Patribus
2659 3833 2953 3898 comperta
3010 3829 3191 3886 fuisse
3250 3833 3624 3904 perhibetur;

1976 3926 2209 3981 quaque
2238 3911 2477 3981 insuper
2510 3931 2653 3968 usus
2684 3923 3039 3987 cornperltur
3096 3925 3366 3977 vetustus
3424 3930 3629 3978 auctor

1974 3998 2227 4053 homilia
2264 4001 2335 4055 De
2374 4003 2717 4059 aleatoribus
2778 4005 2929 4061 inter
2982 4024 3156 4078 Opera
3214 4011 3503 4081 Cypriani,
3564 4018 3628 4068 ut

1975 4087 2120 4142 alios
2150 4095 2583 4159 praetereamus.
2616 4093 2749 4155 Qua
2784 4111 2915 4148 vero
2950 4097 3149 4152 subdit
3207 4098 3362 4153 idem
3417 4116 3626 4157 censor

1975 4176 2047 4231 de
2076 4177 2183 4232 hac
2215 4178 2457 4249 antiqua
2485 4180 2746 4236 versione
2804 4184 3018 4253 quibus
3077 4184 3237 4241 illam
3297 4188 3625 4259 deprimere

1975 4270 2238 4334 conatur,
2273 4266 2504 4323 levioris
2537 4275 2676 4323 sunt
2706 4273 2985 4327 momenti
3018 4290 3195 4344 quam
3229 4280 3293 4331 ut
3323 4276 3380 4331 in
3412 4278 3485 4334 iis
3532 4296 3623 4335 re-

1976 4355 2243 4411 fellendis
2276 4362 2509 4428 tempus
2542 4358 2933 4417 insumamus.

1972 4445 2104 4500 CAP.
2139 4445 2235 4521 Ill.
2272 4447 2482 4521 Quanto
2513 4448 2771 4521 inpretio
2811 4451 2957 4521 apud
3016 4454 3253 4508 Patrum
3310 4458 3624 4512 vetustissi-

2042 4533 2155 4593 mos
2188 4517 2456 4593 habitum.
2499 4520 2654 4593 Valde
2682 4522 2818 4575 utile
2846 4517 2976 4593 jure
3028 4528 3428 4581 existimatum.
3488 4531 3625 4584 Hinc

2046 4591 2690 4663 immeritoanonnullis
2744 4591 3096 4663 reprobatur.
3156 4598 3454 4653 Solvuntur
3512 4601 3619 4655 ati-

212 4640 433 4696 dudum
463 4645 795 4712 temporum
819 4639 1037 4711 injuria
1062 4639 1146 4695 sic
1176 4641 1470 4707 exciderit,
1498 4646 1561 4695 ut
1582 4641 1863 4696 nonnulla

2043 4663 2171 4729 quot
2200 4661 2535 4732 objectiones,
2569 4664 2636 4717 ab
2691 4639 3044 4734 antiquorum
3099 4639 3616 4727 Patrumua‘uctori-

210 4734 438 4784 tantum
470 4730 598 4785 ioca
629 4729 950 4801 supersint,
983 4730 1369 4785 vetustiorum
1414 4730 1649 4784 Patrum
1707 4736 1859 4785 Gra-

212 4835 414 4875 oorum
446 4818 978 4890 Operibusintexta.
1031 4819 1255 4883 Quibus
1311 4819 1548 4891 quidem
1605 4820 1854 4888 laciniis,

215 4908 273 4962 in
308 4907 511 4979 primis
539 4924 671 4965 vero
704 4908 1046 4980 fragmentis
1078 4908 1148 4962 iis
1180 4925 1308 4979 qua
1340 4907 1483 4963 satis
1524 4908 1709 4963 multa
1763 4926 1856 4964 oc-

213 5000 455 5051 currunt
501 4997 559 5050 in
620 5000 884 5052 Doctrina
935 4997 1005 5051 ad
1056 4996 1380 5052 Antiochum
1436 4996 1645 5061 ducem,
1710 4998 1860 5053 inter

212 5084 508 5140 Athanasii
540 5086 920 5156 supposititia
950 5085 1205 5157 primum
1238 5103 1271 5139 a
1295 5085 1635 5141 doctissimo
1676 5092 1856 5142 Mont-

216 5173 479 5229 fauconio
496 5174 787 5245 evulgata,
809 5176 1044 5245 jactura
1061 5175 1160 5246 huj
1173 5175 1400 5230 usmodi
1423 5180 1720 5246 utcunque
1742 5193 1859 5231 sar-

217 5261 317 5317 ciri
345 5267 552 5334 potest.
586 5262 802 5319 Verum
835 5264 905 5319 de
946 5263 1125 5335 hujus
1183 5264 1376 5336 operis
1426 5265 1857 5335 pseudo-Atha-

2041 4735 2152 4785 tate
2174 4734 2380 4800 petitae.

2038 4821 2273 4875 Patrum
2306 4822 2759 4896 antiquissimis,
2784 4826 2996 4882 Gracis
3022 4828 3075 4882 in
3111 4828 3335 4899 primis,
3369 4834 3531 4886 tanto
3553 4831 3614 4888 in

1968 4909 2150 4980 pretio
2185 4910 2293 4963 fuit
2325 4910 2546 4965 Herma
2580 4914 2790 4984 Pastor,
2842 4920 3190 4988 tantumque
3242 4919 3395 4989 apud
3455 4920 3616 4992 ipsos

1967 4999 2309 5053 auctoritate
2334 4999 2535 5066 valuit,
2570 5008 2635 5056 ut
2664 5004 2735 5057 ab
2763 5020 2964 5059 eorum
3000 5006 3317 5073 nonnullis,
3352 5012 3417 5063 ut
3474 5015 3618 5081 puta

1971 5089 2204 5151 Irenao,
2238 5092 2531 5144 Clemente
2564 5091 2953 5149 Alexandrino
3011 5100 3185 5167 atque
3242 5097 3489 5169 Origene
3546 5100 3613 5165 ³⁸,

1970 5177 2143 5231 fuerit
2165 5176 2315 5231 inter
2340 5180 2651 5235 canonicas
2682 5182 3015 5252 Scripturas
3046 5186 3406 5241 recensitus:
3442 5188 3615 5243 adeo-

1970 5282 2082 5337 que
2114 5265 2257 5320 nihil
2292 5266 2527 5336 mirum,
2562 5268 2610 5323 si
2641 5286 2788 5341 epus
2818 5270 2960 5326 illud
2990 5272 3050 5327 in
3091 5274 3349 5345 antiquis
3405 5276 3615 5333 biblio-

286 5457 327 5492 ¹⁸
364 5455 572 5537 Dodw.
615 5458 674 5512 in
715 5458 895 5539 addit.
939 5458 1245 5539 ad_Pea_rs.
1287 5458 1433 5539 Opp.
1476 5465 1626 5539 post.
1652 5478 1783 5539 pag.
1821 5461 1941 5539 196,
1985 5462 2122 5539 etin
2146 5461 2591 5539 Dissert._si_ng_.,
2619 5465 2777 5539 i_lgid.,
2814 5484 2943 5539 pag.
2990 5470 3112 5523 158.
3157 5472 3201 5505 ¹⁹
3243 5473 3433 5526 Herm.
3456 5474 3608 5529 Past.

214 5527 311 5584 lib.
356 5545 395 5593 ι,
434 5528 542 5584 vis.
588 5546 652 5596 η,
693 5546 818 5601 cap.
863 5530 913 5584 4.
947 5529 992 5563 ³ο
1028 5530 1315 5585 Moshem.
1338 5527 1543 5586 inst—it.
1580 5527 1669 5588 (st:
1704 5527 1900 5588 Christ.
1930 5527 2156 5605 'majorq

215 5604 350 5676 tom:
393 5600 436 5669 Ι,
465 5616 627 5676 _pag._
654 5601 745 5655 57.
786 5602 831 5636 ²²
871 5601 1077 5656 Dodw.
1120 5603 1340 5676 Dissert.
1378 5619 1417 5655 ιι
1460 5604 1520 5676 in
1550 5604 1695 5658 Iren.
1738 5604 1767 5676 §
1806 5622 1921 5673 xvr,
1965 5623 2018 5673 p.
2063 5606 2156 5658 12C

1806 5622 1921 5673 xvr,

215 5604 350 5673 tom.
393 5600 436 5669 Ι,
479 5616 625 5673 pag.
654 5600 831 5655 57.7”
871 5601 1077 5656 Dodw.
1120 5603 1340 5673 Dissert.
1378 5619 1417 5655 ιι
1460 5604 1520 5657 in
1550 5604 1695 5658 Iren.

2202 5550 2334 5617 pag:
2628 5535 2834 5617 Nourr}
2878 5535 3089 5617 Ᾰρρᾳν.
3137 5542 3207 5596 ad
3264 5544 3407 5597 Bibl.
3474 5546 3608 5617 PP.,

1965 5623 2018 5687 pl.
2063 5606 2378 5687 1‘20,‘et__in
2422 5606 2604 5687 addit.
2646 5610 2718 5687 ad
2763 5606 2973 5666 Pearsf
2995 5613 3140 5686 Opp.
3187 5619 3439 5687 post.,p.
3486 5606 3607 5673 197:

218 5671 496 5759 gitana:
538 5671 751 5759 fithan.
789 5676 937 5759 gpp.
980 5678 1125 5759 tom.
1172 5672 1339 5759 mp.
1380 5675 1504 5757 25:,
1550 5671 1774 5743 Monitf,
1816 5693 1874 5732 τι.
1908 5671 2040 5733 ⁷411.
2083 5677 2131 5712 ει
2170 5676 2367 5733 Barth.
2411 5682 2512 5734 not
2550 5679 2607 5734 in
2667 5680 2862 5738 Herm.
2919 5671 3062 5759 pag:
3086 5671 3230 5742 ‘855.
3292 5671 3611 5749 aii/idem

220 5746 403 5801 Veter.
446 5744 745 5802 testimon.
788 5744 1012 5803 Hei-ma
1050 5744 1626 5819 Pastori’pramissa.
