4036 6344
175 374 295 434 869

1440 366 1767 430 PASTOR.
1799 398 1879 414 —
1904 368 2319 446 PBDQEMIA.

3458 376 3577 437 870

175 507 399 563 simum
432 521 531 561 eos
562 504 873 575 scriptores
930 502 1172 575 insuper
1217 500 1527 569 habuisse;
1562 502 1823 571 adeoque
1852 502 1906 568 Α
1937 501 2083 557 sisse
2111 502 2447 573 perhibetur
2496 506 2738 559 Hermas
2769 505 2878 560 sub
2926 504 3243 563 Clementis
3275 508 3577 578 pontiﬁca-

173 596 338 652 haud
371 594 717 650 nominatim
763 593 1058 659 laudasse,
1091 593 1245 664 quod
1299 591 1385 646 vel
1418 590 1546 645 illos
1603 590 1823 647 nullius

176 702 310 741 esse
341 682 708 739 auctoritatis
756 681 1067 745 censuerit,
1098 679 1187 734 vel
1220 678 1513 733 immerito
1545 677 1822 748 nulloque

174 775 477 831 rationum
507 772 761 844 pondere
786 771 858 825 ab
886 770 1094 825 iisdem
1126 769 1308 824 fuisse
1340 768 1620 837 rejectum
1653 767 1826 821 eccle-

171 864 487 920 siasticum
520 862 737 917 librum
770 860 1086 932 agnoverit.
1113 859 1233 914 Nisi
1288 857 1457 913 malis
1513 858 1823 927 conjicere,

1934 594 1995 643 tu
2018 591 2098 657 ‘7;
2134 607 2328 661 quem,
2381 595 2570 647 stante
2618 592 2809 647 adhuc
2870 594 3107 666 templo,
3142 612 3311 650 suam
3344 596 3578 653 misisse

1934 678 2183 750 priorem
2216 681 2286 734 ad
2318 680 2645 738 Corinthios
2705 683 3025 755 Epistolam
3076 686 3346 756 superius
3377 693 3577 742 osten-

1934 768 2134 823 dimus
2166 771 2229 822 ³8.
2264 769 2478 824 Deinde
2512 773 2977 841 persecutionem
3030 775 3420 831 Neronianam
3453 792 3579 831 res-

1935 858 2123 929 picere
2154 858 2383 912 videtur
2414 864 2633 923 auctor,
2667 861 2809 915 dum
2862 879 3062 916 eorum
3118 865 3385 919 meminit
3415 866 3459 899 ‘9
3488 866 3585 937 qui

169 952 853 1024 hujusmodiscriptores
877 949 1110 1023 Origeni
1142 953 1495 1004 memoratos
1518 952 1825 1019 eapropter
1926 950 2048 1019 jam
2078 956 2396 1001 meruerunt
2447 949 2631 1013 Deum,
2682 958 2733 1003 et
2758 954 2909 1020 passi
2953 954 3078 1006 sunt
3127 969 3291 1007 causa
3335 956 3579 1010 nominis

169 1047 462 1099 Pastorem
492 1040 851 1112 contemptui
898 1039 1196 1104 habuisse,
1229 1038 1384 1110 quod
1447 1042 1648 1092 contra
1681 1054 1825 1091 non-

169 1133 375 1190 nullos
405 1133 823 1203 disceptarent,
886 1130 986 1202 qui
1018 1147 1085 1186 ex
1135 1146 1201 1184 eo
1232 1128 1391 1183 velut
1449 1129 1508 1181 in
1541 1142 1825 1181 canonem

170 1224 618 1295 Scripturarum
640 1224 871 1292 recepto
900 1218 1239 1274 testimonia
1268 1214 1828 1289 depromerent,qui—

173 1314 292 1368 bus
323 1312 467 1367 ﬁdes
501 1309 677 1365 fuerit
704 1308 942 1363 omnino
976 1307 1326 1363 adhibenda.

252 1405 378 1466 Quo
410 1402 582 1456 etiam
618 1416 794 1455 sensu
825 1397 1070 1453 fortasse
1127 1395 1500 1468 accipiendas
1558 1394 1824 1465 Prosper,

174 1490 460 1549 Collatori
494 1490 720 1545 Hermae
766 1486 1171 1543 auctoritatem
1230 1484 1553 1556 objicienti,
1587 1484 1714 1554 ejus
1746 1490 1826 1537 te-

174 1582 504 1637 stimonium
562 1577 781 1633 nullius
806 1593 918 1633 esse
974 1577 1314 1631 auctoritatis
1372 1573 1731 1645 respondens
1762 1572 1826 1625 ³9.

176 1670 287 1726 Vel
319 1669 514 1742 potius
536 1667 850 1722 dicendum
882 1682 1015 1721 cum
1043 1664 1196 1735 aliis,
1218 1665 1831 1735 Prosperum:propte-

176 1777 285 1816 rea
314 1761 558 1814 Pastoris
584 1757 989 1813 auctoritatem
1049 1755 1421 1817 detrectasse,
1473 1752 1628 1823 quod
1664 1750 1830 1805 illum

1934 1038 2055 1106 ejus
2081 1040 2235 1107 feras
2288 1038 2505 1104 bestias,
2565 1038 2815 1110 ﬂagella,
2844 1058 3112 1107 carceres,
3170 1058 3375 1099 cruces.
3411 1044 3579 1098 Eam-

1937 1126 2185 1197 demque
2218 1127 2682 1197 persecutionem
2734 1128 2949 1184 iterum
3006 1136 3312 1202 memorat,
3343 1132 3483 1187 dum
3520 1150 3581 1188 se

1936 1214 2097 1269 illam
2130 1217 2402 1288 effugisse
2434 1218 2603 1288 paulo
2664 1222 2792 1288 post
2841 1220 3146 1289 profitetur
3171 1220 3262 1275 his
3296 1221 3485 1277 verbis
3516 1224 3579 1278 ⁵ο.

1940 1304 2185 1359 Occurrit
2214 1307 2356 1359 mihi
2383 1308 2515 1360 talis
2547 1308 2735 1375 bestia,
2767 1325 2887 1379 qua:
2940 1314 3113 1378 possit
3163 1312 3431 1381 populum
3458 1304 3584 1367 σόη-

1935 1410 2175 1455 sumere;
2204 1396 2524 1464 secl,virtute
2557 1398 2649 1451 Dei
2668 1406 2720 1452 et
2740 1399 3019 1467 singulari
3039 1401 3157 1469 ejus
3179 1402 3582 1473 misericordia,

1938 1486 2086 1538 evasi
2119 1485 2298 1538 illam.
2335 1487 2399 1539 Et
2433 1503 2676 1541 rursus:
2711 1488 2987 1556 Magnam,
3021 1489 3231 1561 inquit,
3267 1492 3584 1547 tribulatio-

1938 1590 2066 1628 nem
2095 1574 2339 1645 effugisti
2364 1579 2583 1645 propter
2611 1576 2773 1645 fidem
2800 1588 2972 1645 tuam,
3031 1586 3083 1633 et
3113 1582 3210 1650 qui
3256 1581 3423 1635 talem
3468 1583 3586 1636 bes-

1937 1664 2075 1717 tiam
2105 1679 2215 1716 non
2244 1663 2525 1719 dubitasti.
2563 1670 2844 1720 Neronem
2879 1667 3101 1721 scilicet
3144 1668 3365 1723 bestiam
3398 1674 3583 1741 vocat,

1943 1752 2015 1806 ab
2049 1752 2325 1823 Apostolo
2358 1753 2619 1823 edoctus,
2654 1754 2744 1807 cui
2778 1756 2861 1809 leo
2913 1755 3126 1811 dicitur
3184 1758 3337 1812 idem
3392 1762 3587 1831 tyran-

176 1850 422 1924 penitus
454 1847 739 1921 ignorarit
770 1863 783 1901 :
832 1846 1142 1918 siquidem,
1176 1844 1524 1915 Hieronymo
1584 1846 1729 1896 teste
1762 1843 1826 1909 ‘0,
1860 1879 1907 1943 B
1941 1859 2074 1907 nus,
2113 1841 2211 1895 ubi
2244 1842 2325 1895 ait
2354 1845 2394 1879 δί
2422 1859 2433 1895 :
2468 1844 2727 1897 Dominus
2758 1849 2949 1899 autem
2979 1846 3124 1900 mihi
3152 1849 3354 1913 astitit,
3376 1858 3430 1903 et
3459 1865 3587 1904 con-

174 1941 334 1996 liber
362 1938 584 1994 Hermm
616 1936 763 2009 apud
790 1937 1017 1990 Latinos
1042 1949 1181 2005 pene
1204 1936 1423 2002 ignotus
1454 1936 1594 1987 erat.
1631 1931 1829 2002 Neque

172 2038 318 2085 vero
350 2028 422 2083 ab
457 2044 518 2082 re
600 2024 953 2096 conjecerint
1019 2023 1116 2094 qui
1159 2022 1439 2095 putarint.
1477 2025 1827 2091 Prosperum

178 2117 554 2174 considerate
583 2115 799 2170 dixisse
828 2112 1050 2169 nullius
1079 2129 1207 2167 esse
1237 2111 1580 2167 auctoritatis
1603 2110 1835 2164 testimo—

177 2210 349 2263 nium
379 2204 517 2276 quod
546 2204 907 2276 disputationi
934 2218 1045 2257 suae
1068 2202 1134 2257 de
1164 2202 1357 2257 libello
1378 2201 1624 2256 Pastoris
1653 2198 1836 2253 Colla-

184 2303 284 2353 tor
339 2296 609 2355 inseruit;
668 2310 783 2348 non
817 2292 971 2363 quod
1027 2291 1081 2346 S.
1124 2291 1292 2345 Pater
1348 2294 1575 2345 Hermae
1632 2288 1837 2343 librum

184 2402 437 2458 prorsus
468 2381 752 2454 rejecerit,
787 2382 886 2437 sed
917 2381 1068 2452 quod
1118 2381 1495 2435 testimonium
1524 2395 1591 2434 ex
1634 2378 1837 2433 eodem

184 2476 345 2531 libro
369 2491 403 2529 a
422 2473 701 2529 Collatore
731 2470 793 2526 in
816 2470 1075 2526 medium
1098 2469 1416 2541 prolatum,
1440 2467 1586 2523 nihil
1620 2469 1689 2523 ad
1711 2469 1839 2537 ejus

189 2565 532 2637 opinionem
563 2561 937 2617 astruendam
966 2560 1223 2615 conferre
1255 2558 1838 2630 perspexerit.Virum

188 2654 610 2711 doctissimum
637 2650 875 2707 consule
906 2651 971 2704 ‘1.

263 2747 547 2801 Caeterum
581 2758 714 2797 cum
774 2739 1083 2807 Eusebius,
1120 2739 1527 2811 Hieronymus,
1578 2737 1841 2794 Gelasius

182 2835 249 2890 in
282 2835 522 2897 Decreto,
556 2835 757 2887 auctor
808 2828 1225 2895 Stichometriae,
1261 2828 1585 2900 Nieephoro
1612 2828 1721 2883 CP.
1755 2831 1840 2882 at-

182 2923 447 2989 tributaa,
482 2920 697 2993 aliique
720 2919 994 2975 Ecclesiae
1024 2916 1727 2990 scriptores,apocryphos
1762 2916 1846 2970 in-

188 3021 281 3067 ter
312 3016 368 3067 et
422 3010 634 3065 nothos
684 3008 865 3063 libros
918 3010 1201 3062 Pastorem
1258 3011 1580 3075 recensent,
1641 3023 1841 3061 eorum

185 3100 486 3157 sententia
516 3116 631 3154 non
662 3099 745 3152 ita
775 3102 864 3152 est
895 3097 1254 3168 accipienda,
1288 3096 1528 3167 perinde
1570 3112 1636 3151 ac
1669 3095 1717 3150 si
1750 3111 1841 3151 es-

188 3196 286 3247 set
316 3190 498 3245 noxia:
558 3187 833 3245 doctrinm
863 3187 951 3242 vel
1010 3186 1142 3242 falsi
1203 3185 1459 3241 nominis
1520 3185 1839 3257 opus;sed

192 3280 357 3353 quod
388 3279 457 3335 ab
492 3278 747 3334 Ecclesia
775 3281 936 3332 extra
965 3275 1255 3331 Canonem
1282 3276 1536 3347 positum
1557 3253 1843 3347 agnasce-
1872 3253 1915 3321 (ἶ

194 3374 386 3437 retur,
416 3373 480 3424 ut
508 3367 615 3423 viri
649 3367 803 3422 docti
828 3366 1185 3437 jamdudum
1240 3369 1845 3435 monuerunt,nosque

192 3459 476 3530 superius
509 3457 834 3529 attigimus.
868 3462 942 3511 At
970 3457 1038 3511 de
1072 3455 1164 3509 his
1206 3455 1483 3509 hactenus
1512 3472 1524 3508 :
1551 3470 1706 3508 nunc
1734 3453 1845 3509 alio

191 3552 470 3607 excurrat
501 3547 707 3603 oratio.

190 3658 335 3713 CAP.
373 3655 463 3711 IV.
499 3656 610 3723 Quo
665 3662 903 3725 tempore
947 3653 1227 3777 siripserit
1274 3653 1522 3717 Hermas,
1577 3649 1846 3721 disquiri-

1006 3740 1089 3777 ur.

1006 3740 1089 3778 ur.

266 3817 398 3872 Jam
432 3831 588 3880 vero,
622 3818 683 3869 ut
708 3814 781 3869 ad
814 3816 1047 3884 tempus
1079 3811 1492 3883 inquirendum
1518 3827 1633 3882 quo
1664 3811 1848 3883 scrip-

191 3905 344 3962 serit
371 3904 620 3959 Hermas
653 3903 915 3957 animum
949 3905 1374 3967 convertamus,
1406 3900 1552 3955 illud
1612 3901 1848 3971 quidem

192 4012 317 4051 non
350 3994 492 4050 adeo
522 3992 888 4064 exploratum
918 3991 1223 4057 habemus,
1261 3995 1324 4044 ut
1353 3994 1569 4045 certam
1603 3992 1730 4061 ejus
1755 4008 1853 4045 no-

192 4090 323 4139 tam
356 4083 532 4156 ﬁgere
586 4082 664 4137 sit
714 4081 773 4135 in
832 4090 1127 4152 promptu.
1162 4079 1578 4135 Verumtamen
1610 4080 1658 4134 si
1691 4081 1851 4152 ?quis

193 4174 333 4243 ejus
357 4172 638 4226 Pastorem
668 4170 912 4225 rimetur
942 4168 1244 4232 attentius,
1288 4166 1575 4223 nonnulla
1606 4169 1852 4224 fortasse

198 4261 364 4317 haud
397 4260 726 4332 spernenda
748 4258 964 4313 indicia
998 4258 1576 4329 deprehendet,unde
1607 4274 1853 4329 opuscu-

199 4352 331 4407 lum
362 4349 519 4405 istud
546 4349 755 4404 litteris
785 4348 1195 4419 consignatum
1257 4352 1390 4402 ante
1421 4347 1849 4419 Hierosolymo-

200 4455 340 4495 rum
371 4438 684 4506 excidium,
719 4438 837 4493 sive
867 4437 1020 4492 circa
1061 4437 1271 4492 Christi
1304 4453 1523 4492 annum
1550 4438 1620 4490 70
1651 4437 1854 4492 merito

200 4527 523 4585 existimet.
563 4529 719 4583 Hanc
750 4544 891 4583 sane
922 4527 1273 4583 sententiam
1306 4532 1444 4583 sunt
1482 4527 1665 4582 secuti
1696 4544 1856 4583 com-

1937 1934 2165 2004 ]ortavit
2194 1948 2315 1986 me:
2350 1940 2399 1985 et
2441 1932 2707 1987 liberatus
2735 1950 2858 1987 sum
2904 1935 2969 1989 de
3013 1951 3105 1991 ore
3135 1938 3327 1992 leonis.
3362 1942 3448 1992 Ita
3482 1938 3586 1992 Pa-

1944 2026 2061 2076 tres
2090 2026 2146 2075 et
2170 2021 2513 2091 interpretes
2540 2022 2782 2093 passim.
2817 2024 2896 2078 De
2945 2024 3054 2079 hac
3086 2030 3282 2080 autem
3315 2044 3589 2097 persecu-

1942 2111 2099 2165 tione
2131 2111 2311 2165 fuisse
2345 2111 2599 2165 locutum
2637 2113 2902 2166 Hermam
2936 2117 3059 2167 tum
3112 2114 3225 2181 hic,
3257 2120 3384 2170 tum
3414 2117 3591 2172 etiam

1947 2200 2084 2255 alibi
2117 2202 2181 2267 5’,
2212 2201 2306 2253 vix
2337 2216 2404 2254 ea
2461 2200 2729 2255 dubitare
2787 2203 2990 2257 sinunt
3021 2220 3147 2274 qua:
3202 2204 3474 2276 superius
3530 2206 3588 2261 in

1948 2292 2213 2346 eamdem
2248 2290 2593 2345 sententiam
2619 2290 3041 2347 edisseruimus
3072 2292 3134 2345 ⁵³.
3163 2293 3420 2365 Denique
3439 2312 3593 2364 pres-

1948 2396 2095 2436 surae
2124 2387 2533 2450 superventurm
2566 2380 2917 2435 mentionem
2979 2381 3169 2452 injicit
3197 2383 3284 2436 vir
3314 2385 3591 2456 apostoli-

1951 2486 2053 2524 cus
2084 2470 2158 2523 5‘:
2195 2485 2312 2539 qua
2342 2468 2540 2539 phrasi
2581 2466 2761 2540 Θλίψιν
2810 2469 2970 2524 illam
3022 2469 3267 2544 μεγάλην
3314 2477 3372 2528 et
3418 2471 3587 2548 ὀργὴν

1956 2556 2281 2627 μέλλουσαν,
2318 2558 2486 2613 toties
2532 2558 2589 2612 in
2651 2558 2805 2615 Novo
2840 2559 3209 2617 Testamento
3262 2564 3588 2635 praedictas,

1952 2649 2244 2704 excidium
2304 2647 2582 2701 nimirum
2634 2646 3191 2719 Hierosolymorum,
3250 2654 3589 2723 respexerit.

1954 2744 2075 2807 Qua
2100 2740 2168 2793 de
2201 2754 2260 2791 re
2290 2735 2557 2808 pluribus
2588 2735 2711 2791 loco
2772 2738 2943 2792 modo
2975 2738 3147 2793 citato
3195 2740 3338 2795 satis
3368 2743 3595 2800 erudite

1958 2826 2309 2885 Dodwellus.

1953 2938 2085 2993 CAP.
2149 2936 2212 2989 ν.
2273 2936 2431 3004 Quid
2459 2950 2641 3005 opera:
2672 2936 2729 2988 in
2783 2936 2899 3007 ejus
2932 2937 3213 2992 Pastorem
3240 2955 3387 2994 nunc
3414 2940 3593 2997 denuo

2437 3007 2748 3074 evulgatum
2776 3010 3102 3078 impensum.

2027 3095 2336 3151 Permulta;
2368 3096 2608 3166 quidem
2653 3096 3152 3151 circumferuntur
3181 3100 3423 3154 Pastoris
3470 3102 3595 3157 edi-

1954 3187 2161 3251 tiones,
2196 3203 2263 3240 ex
2292 3202 2404 3255 quo
2436 3184 2694 3255 primum
2729 3202 2875 3255 opus
2908 3185 3049 3240 illud
3083 3204 3233 3242 anno
3269 3190 3404 3243 1513
3434 3190 3596 3245 Pari-

1956 3278 2060 3332 siis
2091 3275 2380 3346 evulgavit
2402 3275 2654 3329 Jacobus
2687 3274 2884 3328 Faber.
2934 3275 3048 3331 Nos
3080 3292 3209 3330 vero
3252 3294 3319 3331 ex
3346 3276 3461 3333 illis
3492 3296 3593 3350 po-

1957 3367 2254 3421 tissimum
2288 3381 2414 3434 qua:
2474 3363 2816 3434 prodierunt
2844 3364 2916 3417 ab
2944 3381 3093 3419 anno
3146 3366 3284 3419 1672
3330 3368 3597 3425 subsidia

1956 3456 2125 3511 nobis
2157 3452 2645 3523 comparavimus,
2679 3452 2890 3522 quibus
2921 3453 3174 3508 exactior
3220 3455 3592 3528 nitidiorque,

1958 3551 2021 3600 ut
2053 3562 2157 3616 par
2186 3548 2330 3611 erat,
2374 3546 2575 3596 nostra
2632 3542 2908 3611 prodiret.
2948 3544 3011 3597 Et
3068 3544 3325 3614 primum
3357 3547 3596 3616 quidem

1959 3635 2153 3690 Graeca
2183 3637 2635 3704 quantacunque
2686 3638 3020 3703 supersunt,
3053 3632 3113 3686 in
3170 3650 3297 3688 eam
3329 3652 3597 3707 compor-

1960 3724 2137 3779 tanda
2180 3721 2660 3790 existimavimus,
2690 3721 2823 3774 licet
2881 3737 3048 3776 secus
3107 3725 3356 3779 senserit
3412 3726 3600 3780 editor

1959 3812 2323 3870 Oxoniensis.
2357 3812 2488 3875 Quze
2522 3828 2651 3865 vero
2685 3811 2865 3865 Graeci
2928 3816 3121 3866 textus
3151 3813 3373 3868 laciniae
3430 3815 3601 3888 longe

1960 3901 2301 3974 prolixiores
2337 3901 2403 3954 ad
2440 3899 2619 3954 libros
2654 3900 2873 3955 Hermae
2906 3918 2947 3954 ιι
2978 3906 3035 3955 et
3067 3919 3129 3955 111
3154 3903 3469 3973 pertinent,
3501 3920 3599 3959 eas

1963 3994 2197 4047 demum
2232 4008 2299 4045 ex
2328 3991 2583 4045 Doctrina
2605 3990 2673 4043 ad
2700 3990 3025 4045 Antiochum
3053 3991 3238 4046 ducem
3272 3993 3600 4062 praestantis

1959 4081 2490 4137 Athanasianorum
2551 4080 2821 4134 editionis
2878 4080 3401 4135 Montfauconianaa
3473 4098 3600 4136 mu-

1962 4171 2107 4227 tuati
2141 4187 2368 4240 sumus,
2429 4170 2585 4224 haud
2628 4169 2755 4226 .rati
2789 4186 2923 4225 cum
2981 4169 3198 4225 Clerico
3225 4175 3282 4225 et
3331 4170 3603 4226 Russelio

1962 4259 2291 4314 Fabricium
2319 4258 2482 4329 sequi
2508 4274 2520 4312 :
2552 4275 2619 4313 ea
2650 4274 2902 4329 namque
2934 4258 3069 4313 inde
3100 4258 3324 4330 primus
3354 4259 3478 4332 ipse
3504 4261 3606 4315 de-

1964 4350 2245 4419 scribens,
2281 4349 2359 4403 ita
2390 4349 2555 4403 duxit
2586 4347 2797 4402 alicubi
2850 4350 3282 4417 conformanda,
3318 4354 3382 4405 ut
3427 4351 3606 4405 veteri

1964 4438 2267 4510 interpreti
2296 4438 2481 4509 magis
2541 4437 2933 4505 cohaererent;
2969 4439 3126 4509 quod
3183 4439 3307 4495 suis
3336 4439 3481 4495 locis
3502 4442 3602 4495 ad-

1966 4529 2287 4584 notandum
2320 4527 2671 4581 curavimus.
2705 4526 2939 4598 Aliquot
2968 4527 3207 4599 insuper
3234 4530 3474 4583 Pastoris
3494 4528 3607 4583 fra-

196 4617 402 4691 plures
422 4618 529 4673 viri
551 4616 1139 4685 eruditi,Dodwellus
1161 4618 1205 4650 ⁴²
1227 4617 1283 4671 in
1308 4617 1762 4689 primis,Millius
1788 4618 1851 4686 ⁵³,
1888 4628 1932 4694 D
1966 4622 2202 4692 gmenta
2232 4618 2290 4671 in
2326 4617 2526 4671 eodem
2560 4616 3116 4687 pseudo-Athanasii
3152 4633 3323 4688 opere
3384 4616 3610 4671 detexi-

196 4710 425 4763 Caveus
456 4708 523 4774 “,
556 4707 889 4762 Baraterius
918 4707 982 4772 ‘5,
1031 4711 1203 4777 atque
1262 4711 1326 4760 ut
1357 4706 1500 4762 alios
1553 4712 1853 4779 praeterea-

199 4813 364 4865 mus,
395 4796 461 4851 V.
495 4795 555 4851 C.
588 4796 951 4852 Fontaninus
982 4796 1062 4863 “3;
1098 4796 1198 4867 qui
1232 4800 1446 4864 tamen,
1496 4796 1587 4850 sui
1616 4795 1850 4863 oblitus,

200 4886 483 4958 deinceps
516 4886 792 4941 Hermam
824 4884 1282 4942 ecclesiasticum
1316 4883 1513 4940 saeculi
1545 4902 1584 4938 11
1615 4885 1854 4956 scripto-

203 4993 333 5031 rem
363 4975 643 5048 appellat.
680 4976 842 5039 Quod
890 4975 1127 5046 quidem
1153 4976 1441 5046 judicium
1474 4974 1635 5029 bisce
1675 4976 1848 5030 ratio-

202 5081 354 5121 num
408 5065 720 5121 momentis
746 5065 1051 5121 innititur:
1086 5066 1349 5120 Primum
1410 5081 1616 5136 nempe
1674 5065 1853 5137 scrip-

1965 4725 2117 4776 mus,
2152 4724 2277 4778 quae
2340 4711 2465 4760 tum
2499 4704 2566 4760 cl.
2629 4705 2932 4773 editorem,
2966 4714 3089 4759 tum
3145 4705 3290 4760 alios
3323 4705 3496 4760 etiam
3526 4704 3609 4777 ip-

1965 4816 2096 4853 sum
2130 4800 2382 4864 secutos,
2420 4796 2717 4866 fugerunt,
2754 4799 2818 4848 ut
2875 4797 2929 4849 in
2966 4796 3118 4849 notis
3171 4794 3450 4865 subjectis
3482 4811 3606 4849 mo-

1966 4886 2224 4941 nuimus.

2036 4975 2197 5030 Haud
2232 4975 2442 5029 minori
2476 4974 2669 5029 studio
2704 4974 3003 5044 antiquam
3035 4974 3361 5028 versionem
3410 4989 3608 5028 recen-

1967 5065 2215 5133 suimus,
2249 5064 2451 5120 sedulo
2482 5063 2708 5120 collatis
2740 5065 2915 5119 variis
2945 5063 3468 5133 lectionibus,quas
3502 5062 3609 5117 Co-

280 5298 327 5333 ⁸9
359 5298 584 5369 Prosp.,
615 5296 715 5353 lib.
748 5301 922 5353 contr.
954 5297 1172 5369 Colla_t.,
1206 5313 1332 5368 cap.
1367 5299 1455 5351 30.
1494 5299 1536 5332 ‘0
1584 5298 1838 5367 Hieron.,
1870 5298 1975 5353 lib.
2031 5300 2100 5353 De
2128 5300 2236 5353 vir.
2285 5299 2511 5367 illustr.,
2544 5314 2669 5369 cap.
2726 5298 2809 5353 10.
2846 5299 2887 5332 ³1
2928 5297 3157 5368 Farlat.,
3206 5298 3420 5369 Illyric.
3459 5313 3606 5357 sacr.

207 5371 435 5441 tom.fI,
468 5367 598 5441 pag.
628 5370 732 5423 400
763 5371 810 5403 ⁴²
868 5369 1073 5423 Dodw.
1099 5367 1157 5422 in
1190 5367 1415 5441 Dissert.
1473 5370 1711 5437 singut.,
1746 5388 1871 5441 cap.
1910 5372 1997 5435 11,
2028 5372 2057 5441 ἕ
2086 5372 2140 5437 5,
2175 5370 2245 5424 ad
2302 5370 2497 5424 Pears.
2534 5367 2790 5439 postum.
2855 5386 2985 5441 pag.
3026 5367 3146 5439 158,
3177 5374 3236 5424 et
3266 5367 3326 5423 in
3353 5369 3607 5427 addend.

210 5443 283 5497 ad
318 5440 565 5496 Dissertl
620 5441 792 5510 Iren.,

201 5514 251 5554 4⁸
282 5511 472 5567 Barat.
505 5513 743 5582 Disquis.
807 5511 1019 5580 chrem,
1050 5528 1176 5583 cap-
1209 5511 1263 5578 3,
1297 5512 1325 5583 Ξ

200 5586 249 5626 ιτ
283 5585 473 5639 Herm.
505 5585 658 5639 Past.
697 5583 800 5638 lib.
859 5601 903 5655 1,
932 5583 1037 5639 vis.
1073 5600 1147 5655 11,7
1195 5599 1321 5655 cap.
1358 5584 1410 5637 4.

825 5456 956 5512 pag.
1018 5440 1138 5495 158.
1175 5440 1224 5512 ‘37
1248 5440 1388 5494 Mill.
1448 5442 1759 5512 Prolegum,
1793 5440 1861 5497 ad
1891 5440 2221 5507 Nov.’Test.,
2256 5458 2317 5494 n.
2378 5441 2498 5495 143.
2534 5442 2577 5474 ’⁸⁸
2607 5442 2740 5495 Cav.
2778 5443 2911 5495 Hist.
2948 5442 3143 5508 litter.,
3174 5445 3315 5497 tom.
3354 5442 3395 5511 Ι,

1445 5584 1489 5617 ⁴⁸
1523 5584 1662 5639 Vide
1720 5584 1882 5639 Prole

200 5660 246 5711 t.
282 5655 326 5709 Ι.
360 5655 627 5727 “Herm.
664 5657 865 5727 Past.,f
892 5654 994 5710 lib.
1028 5672 1066 5722 1,
1098 5654 1207 5711 vis.
1270 5654 1355 5720 111,
1391 5672 1514 5727 cap.
1540 5658 1576 5727 1
1614 5660 1669 5711 et
1724 5660 1778 5710 2.
1812 5657 1856 5690 ⁵ο

3429 5444 3608 5512 p.31.

1382 5512 1435 5580 3,
1471 5528 1600 5585 pag.
1633 5515 1723 5567 39.
1756 5514 1798 5547 ‘6
1831 5513 2071 5585 Fontan.
2136 5514 2268 5585 Hist.
2304 5513 2475 5567 litter.
2507 5513 2713 5585 Aquil.,
2746 5512 2846 5566 lib.
2884 5530 2943 5575 ιι,
2974 5529 3107 5585 cap.
3145 5514 3195 5580 1,
3230 5529 3363 5585 pag.
3394 5514 3484 5585 64,
3516 5514 3609 5571 93.

1887 5601 1941 5711 g.
1977 5585 2048 5669 ad
2074 5657 2082 5665 ι
2105 5584 2161 5638 S.
2198 5584 2549 5665 Clementem
2584 5584 2937 5647 Romanum,
2966 5583 3248 5665 hujusce
3274 5583 3609 5658 Patrologim

1914 5657 1968 5710 d.
2003 5655 2162 5711 ιὸιίί..
2221 5672 2327 5709 VlS.
2364 5671 2437 5711 ιν.
2490 5671 2613 5711 can.
2669 5656 2723 5709 2.
2757 5655 2796 5689 δι
2832 5655 2882 5709 Il
2913 5656 3063 5711 Tim.
3099 5674 3175 5711 ιν.
3211 5658 3300 5710 17.
3332 5658 3379 5692 ⁵³
3406 5656 3602 5711 Herm.

2003 5655 2162 5725 ibid.,
2221 5655 2327 5709 vis.
2364 5671 2437 5724 ιν,
2490 5671 2613 5726 cap.
2669 5656 2723 5709 2.
2757 5655 2796 5689 δ¹
2832 5655 2882 5709 ll
2913 5655 3063 5711 Tim.
3099 5674 3175 5723 ιν,
3211 5658 3300 5710 17.
3332 5658 3379 5692 ⁵³
3406 5655 3602 5717 Ηθιῖῐη.

199 5730 384 5801 Past.,
404 5725 504 5784 lib.
572 5744 656 5798 111,
716 5726 895 5785 simil.
928 5744 1052 5798 vm,
1085 5744 1212 5801 cap.
1244 5728 1298 5785 3.
1324 5728 1367 5764 ⁵³
1424 5725 1748 5801 Prolegom.
1779 5744 1906 5800 cap.
1940 5730 1992 5801 1,
2026 5733 2167 5784 sect.
2228 5729 2278 5796 1,
2312 5728 2420 5795 3'9.
2448 5726 2492 5762 5‘
2523 5727 2717 5785 Herm.
2750 5727 2884 5785 ibid.
2919 5728 3020 5784 lib.
3058 5746 3097 5796 1,
3124 5729 3233 5786 vis.
3267 5746 3344 5802 1v,
3375 5744 3503 5805 cap.
3532 5732 3591 5797 2.
