4086 6342
132 430 252 492 873

1386 428 1721 490 PASTOR.
1754 457 1832 472 —
1861 426 2278 490 PROOEMIA.

3412 429 3532 489 874

133 588 429 660 spirantes
460 587 835 646 adnotamus.
867 587 1099 643 Primus
1156 587 1408 643 habetur
1453 587 1610 659 apud
1642 586 1781 642 Her-
1808 588 1865 654 Α
1896 588 2117 643 ratione
2146 587 2425 660 Spiritum
2458 592 2725 645 sanctum
2758 588 2913 645 dicat
2955 588 3163 644 Filium
3198 591 3225 643 ‘?
3256 590 3533 645 nimirum

134 692 295 731 mam
343 676 567 732 visione
620 693 681 741 ιι,
725 692 776 731 c.
812 678 879 730 4:
916 676 1098 730 Anum
1142 677 1325 731 illam.

130 774 215 821 tas
243 768 408 821 esse?
452 808 461 821 .
501 808 514 819 .
560 808 573 819 .
616 767 707 820 Est
734 765 981 821 Ecclesia
1028 766 1141 820 Dei.
1196 765 1408 821 Confer
1438 763 1785 836 Apocalyps.

133 870 185 910 c.
218 872 321 910 xu.
355 854 515 910 Idem
545 854 753 910 vision.
789 871 866 922 ιν,
904 870 953 908 c.
984 855 1020 907 2
1052 871 1064 909 :
1098 855 1277 909 Bestia
1312 854 1432 911 haec
1486 854 1667 925 ﬁgura
1713 860 1789 907 est

128 958 409 1016 pressura!
441 944 898 1015 supervenientis.
928 942 1131 999 Collat.
1164 949 1344 1014 Apoc.
1387 959 1436 997 c.
1470 960 1571 997 ιιι.
1608 942 1789 1006 Idem,

139 1033 359 1089 ibidem
394 1048 406 1087 :
440 1035 589 1099 Ecce,
614 1034 849 1088 occurrit
868 1032 1016 1087 mihi
1044 1033 1194 1103 virgo
1224 1032 1478 1103 quaedam
1504 1034 1790 1095 exornata,

138 1126 411 1195 tanquam
438 1139 508 1178 ea:
534 1123 780 1177 thalamo
807 1121 1068 1193 prodiens
1112 1126 1227 1178 tota
1275 1122 1336 1177 in
1392 1122 1553 1176 albis.
1586 1119 1789 1175 Collat.

139 1214 321 1283 Apoc.
363 1228 412 1267 c.
439 1228 557 1277 xxi,
587 1228 641 1265 v.
672 1213 725 1265 2.
760 1210 920 1267 Idem
960 1210 1067 1267 vis.
1102 1227 1189 1276 III,
1221 1226 1270 1266 c.
1302 1210 1337 1263 2
1370 1226 1383 1263 :
1417 1210 1601 1267 Nonne
1646 1208 1794 1263 vides

142 1304 336 1357 contra
396 1310 447 1356 te
492 1300 696 1355 turrim
742 1316 1026 1368 magnam,
1085 1316 1204 1370 quae
1259 1298 1583 1367 aediﬁcatur
1632 1313 1798 1369 super

137 1408 315 1461 aquas
344 1390 627 1462 lapidibus
658 1390 950 1461 quadratis
979 1388 1307 1460 splendidis.
1360 1387 1503 1442 Coll.
1535 1389 1709 1458 Apoc.
1745 1402 1792 1441 c.

140 1497 258 1549 xm,
290 1498 346 1547 ν,
385 1480 468 1535 19.
503 1479 681 1540 Idem,
715 1478 933 1533 ibidem
969 1493 981 1532 :
1014 1478 1076 1532 In
1105 1477 1372 1548 quadrato
1422 1477 1572 1531 enim
1614 1474 1793 1545 aediﬁ-

142 1567 364 1622 cabitur
392 1567 587 1621 turris.
619 1564 823 1620 Collat.
854 1567 1030 1635 Apoc.
1080 1582 1202 1631 xxi,
1231 1581 1285 1618 v.
1348 1565 1432 1619 16.
1495 1563 1655 1619 Idem
1686 1562 1792 1619 vis.

148 1674 233 1711 ιιι.
272 1672 398 1727 cap.
428 1657 468 1709 5
498 1672 511 1710 :
543 1656 776 1726 Lapides
804 1654 1023 1724 quidem
1047 1654 1138 1708 illi
1166 1642 1508 1725 quadrati,et
1536 1652 1651 1707 albi
1669 1667 1798 1707 con-

145 1747 426 1801 venientes
464 1746 525 1800 in
569 1745 950 1800 commissuris
996 1744 1133 1810 suis,
1190 1743 1238 1798 ii
1282 1746 1408 1797 sunt
1450 1742 1705 1812 apostoli,
1749 1749 1800 1796 et

145 1836 407 1907 episcopi,
438 1838 489 1890 et
517 1834 779 1901 doctores,
813 1836 865 1888 et
894 1834 1171 1887 ministri.
1214 1832 1421 1886 Confer
1467 1836 1647 1903 Apoc.
1682 1847 1796 1895 XXI,

147 1941 205 1978 v.
244 1924 330 1979 14.
396 1924 553 1978 Idem
584 1922 690 1977 vis.
721 1939 809 1989 ιιι,
842 1937 892 1976 c.
935 1923 967 1975 4
997 1938 1010 1976 :
1046 1920 1181 1976 Cum
1231 1936 1370 1993 ergo
1424 1927 1799 1991 consummata

137 2014 323 2085 fuerit
375 2020 652 2067 structura
712 2013 905 2081 turris,
964 2026 1148 2065 omnes
1198 2011 1368 2065 simul
1429 2010 1801 2081 epulabantur

133 2103 320 2172 juxta
347 2103 571 2171 turrim,
603 2109 654 2156 et
683 2099 1117 2168 lionoriﬁcabunt
1148 2101 1318 2154 Deum
1360 2139 1375 2156 .
1420 2140 1432 2152 .
1479 2141 1491 2153 .
1537 2099 1635 2152 Dic
1664 2099 1799 2163 illis,

145 2190 294 2262 quod
324 2191 445 2248 hac
472 2191 662 2245 omnia
688 2190 798 2243 sint
826 2204 976 2254 vera,
1015 2192 1065 2243 et
1114 2188 1260 2243 nihil
1306 2192 1469 2243 extra
1514 2190 1801 2244 veritatem

144 2284 251 2336 est.
287 2279 431 2335 Vide
461 2277 835 2351 Apocalypsis
864 2282 1039 2349 caput
1069 2295 1185 2344 xxx,
1217 2294 1273 2333 ν.
1304 2277 1362 2333 9.
1390 2278 1548 2332 Idem
1589 2276 1800 2333 simili-

144 2370 280 2424 tud.
315 2385 437 2435 vm,
470 2384 521 2424 c.
554 2371 591 2422 2
621 2385 634 2422 :
670 2368 811 2421 Tunc
842 2368 1068 2422 nuntius
1097 2367 1316 2421 Domini
1352 2382 1579 2423 coronas
1608 2368 1803 2438 afferri

138 2459 338 2530 jussit.
372 2458 569 2514 Allatas
596 2464 778 2512 autem
814 2464 945 2511 sunt
999 2471 1230 2526 coronae,
1282 2456 1423 2511 velut
1477 2472 1547 2511 ea:
1601 2457 1802 2527 palmis

144 2548 342 2616 facta,
376 2549 424 2601 et
451 2547 731 2601 coronavit
773 2560 859 2599 eos
916 2545 1065 2599 viros
1120 2545 1366 2599 nuntius.
1415 2587 1427 2598 .
1473 2586 1485 2598 .
1528 2546 1591 2599 Et
1636 2546 1801 2616 jussit

149 2652 249 2691 eos
279 2637 364 2690 ire
391 2637 456 2690 in
483 2635 705 2689 turrim.
737 2632 937 2689 Collat.
970 2638 1147 2705 Apoc.
1184 2650 1234 2687 c.
1284 2650 1386 2699 νιι,
1439 2650 1495 2687 v.
1552 2634 1605 2688 9.
1642 2634 1799 2689 Idem

149 2723 341 2780 simil.
377 2741 453 2787 ιν,
487 2739 539 2780 c.
572 2724 641 2778 12
667 2739 681 2777 :
712 2725 886 2778 Nemo
915 2722 1145 2777 intrabit
1173 2724 1235 2777 in
1264 2738 1497 2791 regnum
1550 2724 1669 2789 Dei,
1692 2724 1806 2778 nisi

151 2816 257 2885 qui
280 2814 557 2885 acceperit
584 2827 781 2868 nomen
812 2812 945 2867 Filii
973 2812 1091 2866 Dei.
1116 2810 1317 2868 Collat.
1352 2816 1527 2883 Apoc.
1564 2828 1611 2868 c.
1664 2828 1801 2880 xm,

155 2920 213 2958 v.
239 2904 294 2957 4.

236 2996 283 3046 Ε
310 2990 462 3046 libro
512 2990 753 3062 insuper
766 2988 1155 3045 Ecclesiastici
1179 3006 1332 3044 unus
1353 2989 1507 3062 apud
1531 2989 1803 3044 Hermam

153 3080 422 3137 occurrit
452 3080 614 3135 locus
646 3078 779 3150 (13).
811 3080 1091 3134 Caeterum
1126 3095 1232 3133 nos
1267 3078 1482 3133 elibris
1506 3078 1802 3133 canonicis

158 3175 397 3225 tantum
428 3167 568 3234 illis,
602 3167 703 3239 qui
737 3166 1053 3238 aliquando
1094 3166 1505 3222 controversiis
1559 3166 1805 3236 subjecti

151 3260 417 3325 fuerunt,
477 3256 605 3311 loca
667 3255 761 3311 hic
810 3255 1215 3327 ascripsimus.
1265 3255 1510 3326 Reliqua
1558 3256 1804 3311 conferri

1374 718 1385 730 .
1431 719 1444 731 .
1477 692 1643 747 quam
1686 692 1787 746 pu-

1894 678 1995 743 τῆς
2045 675 2187 736 θείας
2236 676 2465 752 φύσεως,
2518 695 2618 733 seu
2669 678 2990 734 divinitatis
3040 683 3329 750 respectu,
3380 679 3535 750 quod

1898 764 2119 820 scilicet
2147 782 2214 821 ex
2246 766 2360 821 Deo
2391 771 2557 822 Patre
2588 767 2807 839 Spiritu
2856 768 3256 838 sanctissimo,
3286 768 3534 840 Spiritus

1898 853 2025 925 ipse
2053 856 2462 911 sanctissimus
2505 856 2731 923 existat,
2787 857 3096 929 respondet
3144 856 3211 910 V.
3244 856 3303 912 C.
3337 855 3541 912 Bullus

1900 944 2029 1015 (16).
2066 944 2141 999 Eo
2172 944 2463 1015 siquidem
2496 960 2672 1000 sensu
2704 943 2913 1001 titulus
2945 945 3394 1016 Spiritussancti
3424 945 3540 1001 sin-

1902 1030 2057 1104 gulis
2087 1032 2352 1103 personis
2381 1033 2783 1089 SS.Trinitatis
2812 1033 2989 1089 tribui
3011 1038 3217 1105 potest.
3250 1034 3539 1089 Nimirum

1902 1121 2088 1176 tertiae
2118 1121 2445 1177 divinitatis
2481 1120 2765 1175 ὑποστάσει
2806 1123 3058 1195 Spiritus
3111 1122 3297 1178 sancti
3353 1122 3546 1195 appel-

1904 1210 2043 1267 latio
2075 1211 2355 1267 tribuitur
2378 1212 2628 1283 proprie,
2664 1228 2779 1268 non
2811 1209 3019 1288 φύσεως
3049 1229 3150 1268 seu
3197 1219 3427 1270 naturae
3458 1229 3547 1268 re-

1906 1304 2107 1372 spectu
2143 1318 2156 1368 ;
2192 1317 2327 1355 nam
2360 1302 2442 1356 sic
2472 1305 2530 1356 et
2558 1301 2727 1356 Pater
2753 1301 2999 1373 Spiritus
3044 1306 3286 1357 sanctus
3343 1306 3450 1371 est,
3486 1307 3544 1358 et

1907 1388 2088 1443 Filius
2120 1404 2352 1461 quoque
2384 1390 2494 1461 (17)
2528 1408 2542 1457 ;
2576 1391 2675 1445 sed
2709 1391 2930 1446 ratione
2952 1390 3263 1447 ineffabilis
3281 1391 3545 1462 spiratio-

1907 1477 2019 1545 nis,
2054 1494 2171 1549 qua
2198 1494 2266 1533 ex
2297 1478 2461 1533 Patre
2509 1496 2612 1550 per
2652 1478 2863 1534 Filium
2914 1480 3041 1551 ipse
3086 1480 3362 1551 procedit.
3418 1480 3547 1535 Haec

1909 1570 2103 1621 autem
2138 1567 2215 1622 ita
2244 1583 2306 1622 se
2336 1566 2569 1637 habere,
2600 1566 2793 1623 locum
2826 1568 3159 1639 inspicienti
3189 1568 3357 1624 facile
3386 1572 3547 1641 pate-

1908 1654 1995 1709 bit
2027 1672 2039 1707 :
2074 1655 2293 1711 scilicet
2332 1661 2490 1711 totus
2535 1656 2613 1710 ibi
2664 1660 2890 1712 Hermae
2939 1674 3129 1713 sermo
3179 1662 3269 1713 est
3311 1658 3381 1712 de
3408 1656 3549 1712 Filio

1908 1742 2031 1808 Dei,
2067 1744 2166 1815 qui
2197 1745 2269 1799 ob
2313 1748 2565 1801 nostram
2593 1746 2827 1799 salutem
2882 1762 3069 1800 servus
3121 1751 3300 1814 [actus
3357 1750 3464 1812 est,
3499 1749 3549 1801 et

1908 1847 2123 1903 corpus,
2155 1833 2294 1903 quod
2322 1834 2596 1888 serviliter
2623 1840 3009 1889 conservatum
3036 1834 3171 1906 fuit,
3205 1833 3546 1906 assumpsit.

1908 1921 2197 1979 Hactenus
2228 1921 2447 1977 Bullus.
2480 1921 2658 1977 Aliter
2678 1939 2800 1977 rem
2833 1924 3069 1995 exponit
3097 1922 3176 1977 Cl.
3212 1928 3271 1978 P.
3306 1922 3547 1978 mosslin

1909 2011 2059 2066 notis
2082 2012 2153 2065 ad
2176 2012 2331 2066 hunc
2352 2012 2628 2079 locum,et
2659 2028 2788 2067 mea
2818 2012 3054 2084 quidem
3070 2012 3342 2084 opinione
3364 2012 3546 2067 multo

1909 2099 2121 2155 clarius
2151 2117 2218 2155 ac
2248 2100 2639 2167 felicius,dum
2660 2102 2740 2156 ait
2764 2120 2821 2156 ;‹‹
2838 2102 3000 2157 Haud
3018 2102 3372 2169 mirandum,
3390 2102 3545 2172 quod

1908 2190 2156 2261 Spiritus
2188 2194 2425 2244 sanctus
2457 2206 2589 2245 cum
2622 2189 2761 2247 Filio
2794 2190 3017 2245 Domini
3049 2191 3213 2246 fundi
3244 2207 3544 2263 compare-

1910 2283 2025 2346 tur,
2060 2278 2197 2349 quia
2227 2279 2355 2351 ipsa
2385 2295 2616 2351 quoque
2648 2280 2949 2351 Scriptura
2987 2285 3107 2335 tam
3166 2280 3332 2348 Filio,
3366 2296 3543 2352 quam

1908 2368 2147 2440 Spiritui
2177 2373 2378 2423 sancto
2427 2368 2780 2440 peculiarem
2829 2368 3092 2424 Ecclesiae
3142 2385 3342 2424 curam
3373 2373 3549 2441 atque

1910 2457 2392 2529 gubernationem
2424 2457 2684 2512 ascribit.
2721 2480 2749 2507 ››
2780 2457 2873 2512 Sic
2904 2458 3056 2529 apud
3098 2458 3432 2513 Mattbaaum
3462 2458 3552 2513 le-

1910 2546 2106 2619 gimus
2158 2547 2335 2600 :Ecce
2384 2560 2477 2616 ego
2531 2545 2811 2601 vobiscum
2862 2562 2985 2601 sum
3041 2548 3292 2602 omnibus
3338 2547 3548 2611 diebus,

1909 2650 2080 2705 usque
2107 2634 2176 2688 ad
2202 2636 2721 2690 consummationem
2746 2635 2942 2691 saeculi
2956 2635 3169 2690 53-”.Et
3198 2636 3352 2708 apud
3382 2636 3553 2691 Joan-

1911 2739 2043 2779 nem
2079 2741 2091 2778 :
2124 2724 2189 2778 Et
2216 2738 2313 2791 ego
2351 2723 2554 2792 rogabo
2599 2727 2841 2791 Patrem,
2892 2728 2945 2779 et
2972 2724 3155 2780 alium
3200 2726 3552 2781 Paracletum

1910 2813 2062 2867 dabit
2090 2813 2263 2881 vobis,
2294 2820 2360 2866 ut
2382 2816 2603 2868 maneat
2632 2813 2903 2868 vobiscum
2930 2815 2991 2868 in
3028 2818 3316 2882 aeternum,
3369 2814 3550 2886 Spiri-

1911 2905 2026 2955 tum
2058 2902 2308 2956 veritatis
2333 2901 2591 2956 °°.Vocat
2614 2901 2811 2973 itaque
2841 2902 3085 2959 Hermas
3105 2904 3373 2975 Spiritum
3400 2919 3553 2958 sanc-

1912 2992 2031 3043 tum
2058 2989 2263 3043 Filium
2294 2990 2479 3043 Patris
2506 2990 2781 3059 familias,
2814 2990 2968 3060 quod
3018 2989 3113 3045 ille
3170 2991 3553 3062 quemadmo-

1914 3079 2054 3133 dum
2087 3082 2145 3132 et
2172 3076 2351 3132 Filius
2380 3077 2478 3132 Dei
2510 3076 2774 3133 Ecclesia:
2806 3094 3006 3133 curam
3039 3084 3201 3150 gerat
3229 3079 3551 3134 assiduam.

1989 3167 2171 3231 Quam
2203 3183 2346 3221 sana
2374 3171 2433 3221 et
2462 3168 2534 3221 ab
2564 3168 2725 3223 omni
2755 3168 2968 3223 erroris
2991 3168 3321 3239 suspicione
3350 3184 3552 3233 vacua,

1914 3259 1973 3312 et
2002 3272 2149 3327 pura
2178 3256 2351 3310 fuerit
2378 3256 2600 3311 Hermae
2620 3257 2691 3312 de
2722 3273 2996 3328 suprema
3015 3256 3225 3312 Christi
3251 3256 3556 3311 divinitate

154 3317 415 3420 possunt
443 3346 596 3417 apud
624 3317 982 3399 Lardnerum
1014 3344 1146 3414 (14).
1209 3344 1317 3398 Pro
1349 3317 1621 3400 coronide
1650 3345 1806 3399 dun-
1835 3317 1880 3385 δ
1918 3317 2228 3414 sententia,
2260 3344 2353 3399 his
2386 3344 2470 3398 vir
2500 3350 2571 3399 cl.
2603 3317 2892 3413 Petavius,
2925 3346 3161 3401 tametsi
3194 3345 3339 3401 alias
3396 3348 3556 3400 ante-

155 3441 322 3493 taxat
350 3436 702 3491 adnotamus
732 3433 1006 3488 Hermum
1039 3434 1449 3503 nostrumjure
1466 3433 1687 3505 optimo
1718 3433 1806 3489 in-

157 3532 253 3583 ter
281 3529 464 3582 testes
494 3522 873 3595 gravissimos
902 3522 974 3577 de
1005 3521 1304 3577 authentia
1330 3522 1431 3577 SS.
1464 3522 1807 3595 Evangelio-

152 3631 293 3671 rum
333 3632 370 3670 a
416 3612 712 3677 Matthiae,
762 3611 954 3667 Marco
1002 3627 1069 3666 ac
1119 3612 1276 3667 Luca
1324 3612 1806 3682 conscriptorum,

156 3703 526 3778 praecipuum
558 3700 751 3757 locum
783 3698 1221 3771 mereri,utpote
1252 3699 1352 3770 qui
1396 3699 1604 3754 horum
1637 3717 1808 3756 evan-

158 3794 505 3866 gelistarum
538 3789 879 3859 sententias,
913 3789 1088 3844 verba
1116 3788 1476 3861 phrasesque
1505 3789 1629 3845 suis
1658 3790 1718 3844 in
1749 3788 1812 3845 li-

161 3883 295 3938 bris
324 3895 581 3954 persaepe
610 3878 897 3951 expressit
924 3882 1097 3950 atque
1118 3877 1382 3933 imitatus
1414 3878 1524 3933 fuit
1553 3898 1567 3947 ;
1602 3895 1812 3949 quem-

160 3970 490 4027 admodum
522 3969 580 4023 id
612 3968 701 4022 vir
721 3966 1159 4023 eruditissimus
1183 3966 1482 4022 Fassinius
1512 3984 1581 4022 ex
1609 3968 1813 4023 ordine

160 4062 236 4116 D.
275 4056 563 4115 Dominici
593 4072 702 4111 suo
732 4055 792 4110 in
842 4054 1326 4127 praestantissimo
1374 4071 1546 4127 opere
1583 4057 1658 4111 De
1682 4073 1812 4127 apo-

158 4149 370 4205 stolica
399 4145 819 4215 Bvangeliorum
840 4145 1055 4215 origine
1082 4142 1543 4201 luculentissima
1572 4146 1811 4202 demon-

163 4236 404 4294 stravit.

497 4323 527 4395 §
556 4323 628 4378 Il.
661 4324 736 4377 De
760 4322 857 4377 SS.
892 4322 1180 4377 Trinitatis
1208 4323 1495 4392 mysterio.

1919 3432 2166 3489 Nicaznis
2188 3432 2458 3488 Patribus
2483 3450 2688 3503 parum
2720 3434 2929 3489 favisse
2958 3434 3244 3503 videatur,
3258 3434 3449 3490 verbis
3472 3432 3557 3488 di-

1920 3526 2073 3579 serte
2106 3522 2353 3593 explicat
2382 3522 2492 3593 (18)
2526 3538 2539 3576 :
2573 3545 2601 3571 «
2631 3523 2717 3577 Ab
2744 3521 3559 3594 vetustissimis,inquit,scri-

1920 3611 2187 3683 ptoribus
2218 3653 2231 3666 .
2277 3652 2290 3664 .
2337 3652 2349 3665 .
2393 3627 2498 3666 nec
2528 3612 2599 3665 ab
2632 3610 2748 3665 ullo
2762 3610 3278 3684 hairesis,falsique
3308 3609 3560 3667 maxime

1922 3700 2284 3756 deTrinitate
2310 3699 2600 3772 dogmatis
2623 3700 2999 3756 insimulatus
3028 3704 3170 3757 est.»
3202 3701 3388 3765 Quam
3410 3703 3561 3755 recte

1920 3806 2055 3845 vero
2083 3790 2155 3844 de
2185 3788 2381 3844 divina
2408 3788 2581 3843 Verbi
2615 3792 2826 3844 natura
2844 3789 2940 3845 ille
2970 3788 3423 3855 senserit,nemo
3449 3786 3562 3843 nisi

1922 3878 2235 3934 Socinianis
2312 3894 2376 3933 ac
2447 3878 2898 3934 dementissima;
2971 3878 3317 3935 temeritatis
3377 3878 3552 3932 homo

1925 3983 2186 4038 unquam
2220 3966 2533 4038 negaverit.
2566 3966 2714 4029 Quid
2735 3966 2892 4021 enim
2922 3982 3116 4037 quasso
3139 3966 3207 4021 ad
3260 3980 3556 4019 summam

1923 4057 2096 4112 Verbi
2128 4055 2489 4110 divinitatem
2522 4055 2693 4126 plane
2733 4055 3141 4110 declarandam
3182 4053 3273 4109 his
3304 4052 3559 4108 auctoris

1925 4145 2143 4202 nostris
2172 4144 2365 4199 verbis
2391 4144 2605 4199 clarius
2634 4149 2692 4199 et
2747 4143 3063 4200 dilucidius
3090 4143 3118 4197 ‘t
3146 4144 3317 4197 Filius
3345 4141 3564 4212 quidem

1926 4238 2021 4291 Dei
2049 4235 2202 4290 omni
2229 4239 2487 4288 creatura
2514 4234 2797 4304 antiquior
2823 4237 2921 4298 est,
2981 4234 3088 4301 ita,
3128 4236 3191 4286 ut
3214 4234 3274 4286 in
3330 4230 3561 4287 consilio

1926 4325 2086 4380 Patri
2111 4338 2206 4377 suo
2252 4322 2495 4391 adfuerit
2552 4322 2621 4376 ad
2672 4321 3009 4376 condendam
3062 4330 3374 4377 creaturam
3429 4319 3562 4391 (19).

246 4412 704 4470 Sanctissimum
723 4410 1027 4466 Trinitatis
1050 4410 1395 4481 mysterium
1430 4412 1540 4466 sub
1563 4412 1817 4483 quadam
1928 4412 2035 4479 Qui
2068 4411 2277 4467 Filium
2308 4410 2405 4465 Dei
2443 4410 2600 4465 omni
2652 4415 2919 4465 creatura
2958 4410 3097 4466 dicit
3146 4409 3557 4481 antiquiorem,

166 4501 568 4560 similitudine
597 4500 821 4555 Hermae
851 4500 911 4554 in
944 4498 1052 4555 hoc
1091 4515 1262 4571 opere
1305 4501 1543 4571 exponit
1591 4505 1817 4558 Pastor.
1930 4502 1981 4557 is
2012 4506 2163 4557 certe
2192 4517 2325 4556 eum
2346 4503 2509 4555 extra
2538 4503 2937 4555 creaturarum
2960 4500 3224 4556 omnium
3254 4512 3565 4553 numerum

166 4593 439 4649 Dominus
485 4589 669 4659 fundi,
734 4588 925 4660 inquit
954 4589 1089 4659 (15),
1145 4588 1540 4644 demonstratur
1587 4606 1700 4645 esse
1748 4593 1819 4658 is,
1931 4607 1997 4645 ac
2028 4607 2205 4663 supra
2263 4588 2495 4643 illarum
2546 4589 2937 4643 conditionem
2995 4593 3051 4644 et
3107 4594 3379 4643 naturam
3438 4600 3566 4640 esse

167 4683 272 4755 qui
296 4680 508 4736 creavit
536 4687 752 4743 cuncta,
785 4681 835 4733 et
862 4678 1013 4733 dedit
1042 4677 1156 4732 illis
1204 4679 1477 4733 virtutem.
1519 4678 1698 4734 Filius
1729 4697 1824 4735 au-
1853 4686 1899 4750 1)
1932 4684 2125 4751 aperte
2156 4678 2511 4749 pronuntiat.
2559 4676 2666 4741 Qui
2715 4682 2912 4732 autem
2969 4681 3129 4731 extra
3166 4681 3565 4731 creaturarum

166 4779 286 4828 tem
312 4771 559 4840 Spiritus
585 4775 805 4822 sanctus
835 4770 930 4821 est.
963 4766 1158 4822 Servus
1204 4782 1329 4822 vero
1372 4766 1473 4823 ille
1509 4767 1685 4822 Filius
1724 4769 1827 4825 Dei
1933 4783 2267 4834 numerum,
2301 4772 2359 4821 et
2390 4783 2570 4838 supra
2600 4764 2833 4820 illarum
2867 4770 3136 4820 naturam
3168 4762 3568 4829 constituitur,

166 4864 276 4917 est.
312 4859 429 4914 Cur
459 4860 655 4912 autem
686 4855 929 4911 Hermas
962 4854 1071 4911 hoc
1100 4854 1223 4910 loco
1254 4854 1463 4910 Filium
1513 4856 1614 4912 Dei
1672 4857 1827 4913 dicat
1932 4857 2027 4912 hic
2057 4856 2254 4927 procul
2289 4856 2464 4910 dubio
2507 4856 2818 4921 increatus,
2869 4860 3144 4919 aeternus,
3194 4858 3250 4908 et
3298 4866 3568 4907 summus

164 4962 413 5006 servum
432 4944 461 4999 ‘l
484 4960 691 5017 nempe
714 4943 936 4999 ratione
956 4943 1229 4999 humana:
1245 4949 1491 5013 naturae;
1507 4949 1563 5001 et
1582 4946 1692 5001 sub
1710 4963 1826 5018 qua
1933 4961 2361 5017 supremusque
2391 4944 2544 4999 Deus
2575 4942 3023 5008 asseritur.Quis
3037 4959 3291 5014 namque
3309 4945 3567 4997 creatum

244 5099 373 5143 ιιι-⁵ο
403 5094 610 5153 Matth.
646 5111 844 5167 xxvm,
874 5096 963 5151 20.
1067 5095 1111 5129 ⁶⁰
1137 5094 1306 5151 Joan.
1339 5110 1454 5167 x1v,
1489 5097 1573 5152 16.

243 5268 387 5341 (13)
415 5264 681 5341 Hermas,
744 5261 1051 5341 similitud.
1088 5281 1195 5341 ιιι,Δ
1222 5280 1272 5319 c.
1330 5266 1401 5318 23
1435 5283 1447 5320 :
1479 5266 1642 5341 Homo
1697 5285 1823 5325 vero

163 5334 301 5397 cum
331 5339 409 5393 sit
440 5334 761 5410 languidus,
792 5335 1073 5410 mortalis,
1098 5334 1428 5410 inﬁrmus,et
1448 5339 1684 5408 repletus
1703 5356 1824 5410 pec-

166 5415 337 5476 catis,
372 5409 584 5463 homini
609 5414 1025 5477 perseveranter
1053 5407 1327 5461 irascitur.
1371 5407 1577 5464 Confer
1606 5427 1654 5464 c.
1689 5407 1823 5467 xvm

168 5477 593 5541 Ecclesiastici,
624 5493 770 5531 vers.
797 5477 888 5529 24.

245 5552 370 5625 (ili)
397 5549 744 5625 Lardnerln
792 5549 895 5602 der
942 5547 1551 5625 Glauwitrdig/geitder
1596 5570 1824 5625 evange-

169 5620 393 5683 lischen
421 5620 750 5682 Geschichte,
785 5636 839 5689 p.
878 5636 947 5691 ii,
973 5624 1111 5691 tom.
1149 5620 1191 5686 Ι,
1226 5637 1280 5691 ρ.
1313 5622 1529 5676 80-101.

250 5698 350 5765 (15
403 5692 626 5747 Ηειοωω
656 5696 875 5754 Pastor,
904 5690 1212 5745 similitud.
1232 5690 1299 5761 7v,
1329 5709 1379 5747 c.
1411 5694 1465 5746 5.

250 5696 372 5839 usi
402 5763 656 5835 Defensio
685 5761 815 5833 ﬁdei
842 5762 1095 5834 Nicwnae,
1123 5769 1262 5820 sect.
1300 5779 1338 5835 ι,
1374 5779 1425 5821 ο.

247 5761 371 5851 (16)
402 5763 656 5835 Defensio
685 5761 815 5833 ﬁdei
842 5762 1095 5834 Nicwnae,
1123 5769 1262 5820 sect.
1300 5779 1338 5835 ι,
1374 5779 1425 5821 ο.
1485 5768 1540 5838 2,
1568 5780 1701 5843 pag.
1735 5766 1821 5824 18.

2002 5267 2117 5353 (1:7)
2145 5266 2231 5335 Τῷ
2262 5264 2427 5335 Πατρὶ
2458 5263 2547 5318 καὶ
2605 5267 2681 5353 τῷ
2712 5264 2822 5353 Υἱιῷ
2860 5263 2994 5353 κοιτᾶ
3046 5264 3109 5317 τὸ
3158 5259 3267 5351 ξ’σογ
3300 5259 3361 5346 ἥ-
3388 5280 3445 5314 τε
3474 5262 3569 5313 τοῦ

1934 5334 2276 5409 Πνὲύματοςλ
2299 5334 2387 5389 καὶ
2438 5338 2472 5404 ἡ
2504 5340 2600 5409 τοῦ
2658 5334 2845 5409 Ἀγίου
2876 5334 3097 5409 κλῆσις(
3126 5336 3271 5409 παρὰ
3300 5336 3396 5409 ςῇς
3431 5338 3564 5409 Γρα-

1937 5356 2071 5392 ιινευ
2122 5356 2267 5405 circa,
2299 5357 2387 5389 και
2438 5356 2472 5404 η
2504 5357 2600 5389 του
2675 5356 2845 5409 Λγιου
2876 5356 3072 5404 ulmei:
3126 5356 3271 5409 παρα
3300 5356 3396 5405 τῃς
3432 5356 3449 5385 ι
3471 5356 3564 5407 ρα-

1934 5356 2489 5491 φῇςᾶὲἒραρξιόζεταιειι
2511 5408 2663 5491 Patri
2696 5408 2909 5491 etb‘ilio
2924 5408 3195 5462 similiter
3216 5412 3273 5461 et
3292 5405 3565 5491 Spiritus,

1934 5479 1990 5537 et
2037 5479 2233 5535 Sancti
2285 5480 2592 5550 appellatio
2644 5497 2677 5533 a
2725 5481 3024 5549 Scriptura
3075 5479 3505 5533 accomodatur.
3541 5497 3570 5524 ››

1933 5556 1990 5607 S.
2023 5550 2332 5621 Gregorius
2362 5550 2695 5622 Nyssanus,
2718 5556 2972 5605 oratio.1.
3004 5560 3191 5605 contra
3223 5550 3569 5622 Eunomium.

2005 5623 2115 5694 (18)
2148 5621 2435 5689 Petavius,
2467 5627 2606 5677 tom.
2642 5622 2711 5688 il,
2749 5622 2993 5691 Tlieolog.
3035 5622 3292 5691 dogmat.,
3326 5621 3569 5691 praefat,

2004 5694 2414 5839 fiQf’Eegmas,
2448 5762 2675 5822 similit.
2706 5780 2784 5837 ix,
2811 5763 2913 5823 lib.
2945 5781 3031 5839 ιιι,
3061 5780 3187 5839 cap.
3224 5765 3309 5819 13.

464 5891 733 5957 Panos.
780 5888 891 5955 Gn.
936 5888 1016 5953 II.

3220 5890 3299 5959 28
