4086 6342
626 417 745 479 8⁸75
2121 420 2186 479 S.
2233 419 2239 478 1

2367 419 2532 479 lM/E
3892 425 3980 483 876

626 552 782 607 inter
810 556 866 607 et
890 551 1235 617 increatum,
1266 552 1418 607 inter
1450 553 1628 607 Deum
1660 556 1715 607 et
1745 558 2066 608 creaturam
2116 550 2260 606 nihil
2292 552 2348 619 Α
2376 552 2931 623 adfuerat,ejusdem
2963 568 3096 607 cum
3130 553 3256 624 ipso
3287 553 3441 609 sicut
3470 557 3691 608 naturae
3723 552 3808 609 ita
3835 560 3885 609 et
3902 572 3977 627 po-

625 641 865 697 omnino
898 641 1154 696 medium
1194 657 1321 696 esse
1370 642 1595 710 ignorat
1623 642 1649 695 ?
1681 642 1939 713 Denique
1990 642 2260 696 eumdem
2371 640 2599 696 testatis
2628 658 2859 713 semper
2888 642 3078 697 fuerit.
3112 646 3254 696 Cum
3286 648 3447 697 sarta
3475 642 3975 713 igitur,tecta,inte-

626 730 723 787 Dei
764 729 972 785 Filium
1024 731 1095 785 ad
1145 730 1505 785 condendam
1563 735 1887 785 creaturam
1947 731 2095 785 Patri
2156 747 2261 784 suo
2370 746 2590 802 graque
2622 730 3476 787 sitHcrmzenostridesumma
3497 732 3974 799 Christidoctrina,

620 824 833 875 aaterno
864 819 1122 875 adfuisse
1152 819 1250 890 qui
1296 820 1490 883 tradit,
1512 820 1561 874 is
1610 821 1863 889 profecto
1912 819 2074 873 illum
2106 819 2258 873 Patri
2370 836 2474 873 nec
2506 820 2643 889 quid
2680 821 2917 875 omnino
2948 825 3152 875 contra
3181 820 3344 876 illam
3364 821 3475 876 nisi
3508 820 3806 877 insulsum
3834 822 3972 895 plane

619 924 725 965 suo
750 914 1101 964 coeternum
1134 908 1471 963 ﬁrmissime
1501 914 1811 963 asseverat.
1845 910 2057 963 Eodem
2090 908 2259 978 plane
2367 912 2425 961 et
2455 908 2715 979 ineptum
2739 910 2963 964 effutire
2978 909 3271 981 potuerint
3299 910 3551 965 haeretici
3585 930 3597 979 ;
3633 929 3789 967 unus
3806 917 3972 969 tamen

622 1014 799 1053 sensu
830 997 1075 1052 Hermas
1123 997 1295 1068 paulo
1355 998 1625 1067 superius
1684 998 1907 1051 dixerat
1940 1014 1951 1049 :
1982 1001 2045 1050 In
2074 997 2262 1053 servili
2366 1012 2434 1050 ex
2464 996 2579 1051 illis
2610 1015 2793 1069 pauca
2824 1000 3088 1069 quaidam
3123 999 3308 1070 ipsius
3344 1000 3519 1054 verba
3547 1001 3972 1072 arrosit,quibus

618 1086 928 1143 conditione
955 1104 1068 1141 non
1098 1088 1325 1156 ponitur
1356 1087 1529 1141 Filius
1561 1087 1675 1150 Dei,
1708 1086 1798 1139 sed
1830 1088 1888 1139 in
1928 1104 2128 1154 magna
2154 1103 2255 1157 po-
2367 1085 2621 1155 Spiritus
2650 1088 2833 1141 sancti
2886 1087 3247 1141 divinitatem
3282 1088 3352 1142 ab
3400 1105 3465 1142 eo
3517 1094 3789 1160 negatam
3822 1090 3971 1145 fuisse

619 1180 813 1232 testate
842 1180 893 1231 et
920 1177 1148 1246 imperio
1178 1176 1309 1246 (20).
1344 1175 1558 1230 Omnes
1588 1176 1803 1246 quippe
1834 1180 2110 1229 creaturae
2144 1179 2255 1229 Deo
2366 1176 2610 1244 probare
2643 1192 2943 1247 perperam
2967 1183 3209 1231 conatus
3232 1177 3479 1232 estHaec
3508 1194 3678 1249 porro
3707 1184 3972 1251 suntque

620 1264 880 1321 serviunt
908 1290 922 1332 ;
954 1266 1211 1334 quoniam
1240 1266 1444 1329 omnia,
1478 1264 1560 1317 uti
1594 1264 1663 1317 de
1704 1264 1815 1318 Deo
1845 1264 2001 1317 canit
2033 1262 2254 1317 Psaltes
2364 1262 2461 1317 ille
2491 1263 2658 1317 nobis
2688 1264 2887 1335 objicit
2926 1280 2940 1323 :
2971 1266 3147 1336 Neque
3190 1282 3314 1319 cum
3368 1267 3504 1334 vult,
3559 1268 3772 1321 homini
3820 1270 3966 1339 loqui.

618 1354 815 1427 regius
843 1356 887 1390 ⁶¹
918 1355 1171 1409 serviunt
1199 1353 1317 1407 tibi.
1350 1353 1456 1415 Qui
1486 1369 1621 1425 ergo
1654 1355 1712 1406 in
1740 1354 1927 1407 servili
1952 1352 2256 1407 conditione
2362 1354 2454 1404 tur
2484 1351 2723 1423 Spiritus
2753 1361 2993 1418 sanctus,
3050 1353 3144 1408 sed
3201 1359 3329 1408 tunc
3387 1354 3655 1427 loquitur,
3710 1372 3836 1411 cum
3881 1358 3969 1409 vult

618 1460 729 1499 non
754 1445 1005 1516 ponitur,
1033 1442 1126 1497 hic
1160 1446 1426 1497 creatura
1456 1458 1561 1496 nec
1592 1459 1719 1497 esse
1746 1458 1849 1495 nec
1882 1442 1991 1495 dici
2025 1446 2248 1513 potest;
2361 1440 2503 1494 Deus
2527 1442 2658 1511 (23).
2692 1442 2802 1496 Sed
2836 1443 2885 1497 si
2917 1442 3070 1497 hunc
3103 1442 3479 1499 Socinianum
3508 1443 3806 1500 hominem
3839 1445 3966 1500 nefa-

618 1533 719 1605 qui
748 1536 943 1587 autem
974 1536 1240 1587 creatura
1270 1546 1397 1586 esse
1428 1535 1484 1585 et
1521 1530 1631 1585 dici
1686 1531 1906 1601 nequit,
1955 1530 2051 1585 ille
2102 1534 2253 1585 certe
2361 1530 2484 1583 rius
2514 1530 2764 1585 errantis
2796 1536 2963 1586 sectae
2994 1548 3159 1587 amor
3188 1549 3304 1587 non
3360 1532 3598 1603 penitus
3626 1534 3966 1600 obcecasset,

617 1623 769 1677 Deus
798 1621 923 1692 ipse
954 1626 1064 1676 est.
2359 1616 2739 1674 intellexisset
2768 1620 2969 1690 utique
3000 1620 3151 1675 hanc
3179 1637 3307 1676 esse
3357 1622 3577 1676 Hermae
3612 1623 3796 1678 nostri
3828 1639 3968 1678 men-

685 1716 803 1783 Age
832 1727 983 1776 vero,
1016 1710 1066 1765 si
1099 1709 1191 1764 his
1220 1710 1495 1765 omnibus
1528 1713 1583 1763 et
1611 1708 1723 1763 alia
1754 1708 2150 1779 adjicias,qu:e
2180 1710 2250 1763 de
2357 1710 2561 1777 tem,et
2580 1724 2819 1764 sensum
2849 1709 3121 1764 omnibus
3152 1708 3319 1765 facile
3348 1709 3581 1765 obvium
3618 1728 3631 1766 :
3664 1711 3842 1783 Neque
3864 1728 3966 1766 cum

612 1802 811 1857 eodem
846 1800 944 1855 Dei
977 1798 1118 1854 Filio
1140 1800 1211 1853 ab
1245 1804 1475 1854 auctore
1507 1802 1703 1853 nostro
1734 1798 1949 1869 scripta
1977 1798 2245 1869 legimus:
2359 1795 2514 1851 homo
2573 1798 2708 1867 vult,
2767 1798 2979 1853 homini
3042 1799 3286 1869 loquitur
3330 1798 3572 1870 Spiritus
3624 1804 3862 1866 sanctus,
3889 1802 3962 1856 sed

609 1892 671 1946 In
700 1906 930 1958 magna,
964 1888 1154 1958 inquit
1183 1889 1315 1957 (21),
1348 1892 1425 1942 est
1452 1892 1711 1957 potestate
1738 1897 1790 1941 et
1820 1889 2084 1957 imperio;
2111 1886 2247 1941 alibi
2278 1921 2327 1985 B
2356 1900 2482 1938 cum
2508 1886 2624 1940 vult
2652 1887 2811 1941 Deus.
2845 1891 2918 1940 At
2946 1886 3107 1957 quid,
3134 1888 3393 1956 obsecro,
3417 1905 3484 1943 ex
3514 1888 3609 1944 his
3637 1890 3828 1944 verbis
3855 1906 3963 1944 con-

609 1996 742 2034 vero
774 1978 854 2033 ait
886 1994 897 2031 :
931 1978 1134 2032 Nomen
1159 1977 1291 2030 Filii
1316 1979 1420 2031 Dei
1456 1993 1713 2046 magnum
1755 1982 1855 2044 est,
1905 1980 1957 2029 et
2016 1978 2247 2031 immen-
2278 1974 2324 1985 "
2358 1978 2450 2029 tra
2480 1974 2734 2046 Spiritus
2763 1976 2948 2030 sancti
2982 1976 3343 2031 divinitatem
3374 1976 3402 2031 ?
3433 1977 3552 2032 imo
3584 1994 3715 2033 vero
3750 1979 3882 2050 quid
3910 1994 3961 2033 ex

609 2084 749 2134 sum,
781 2076 833 2123 et
864 2075 1003 2122 totus
1031 2068 1098 2121 ab
1128 2082 1187 2121 eo
1215 2069 1553 2120 sustentatur
1580 2065 1725 2119 orbis
1754 2066 1863 2135 (22)
1900 2082 1912 2131 ;
1948 2081 2012 2119 ac
2061 2064 2247 2119 conti-
2358 2062 2613 2131 illis,nisi
2647 2081 2748 2135 pro
2780 2065 3093 2120 asserenda
3120 2064 3315 2121 divina
3343 2065 3501 2121 illius
3525 2066 3961 2138 natura,conclu-

610 2173 727 2212 nuo
758 2159 891 2228 post
917 2172 929 2209 :
965 2155 1148 2211 Omnis
1181 2156 1281 2209 Dei
1307 2158 1561 2209 creatura
1588 2171 1687 2225 per
1742 2155 1945 2208 Filium
1974 2154 2091 2223 ejus
2120 2170 2243 2209 sus-
2356 2151 2414 2206 di
2446 2157 2635 2223 potest
2664 2153 2691 2207 ?
2722 2154 2805 2208 lbi
2838 2153 3248 2209 enimHermas
3270 2170 3435 2209 veros
3458 2155 3774 2227 prophetas
3798 2156 3959 2211 divino

609 2245 973 2302 tentatur.His
992 2244 1181 2300 verbis
1195 2260 1489 2298 summam
1504 2242 2035 2297 illiusdivinitatem
2050 2247 2245 2315 aperte
2353 2242 2835 2314 Spiritu,quando
2865 2243 3111 2314 ipsemet
3139 2242 3585 2312 voluit,afilatos
3616 2244 3798 2300 fuisse
3828 2260 3957 2301 asse-

608 2334 930 2391 renuntiari
962 2332 1216 2402 fatearis,
1252 2333 1485 2387 omnino
1519 2347 1753 2387 necesse
1812 2336 1918 2386 est.
1952 2332 2054 2385 Cui
2087 2333 2243 2387 enim
2356 2334 2619 2387 verat.At
2638 2331 2766 2402 quis
2798 2333 3037 2399 nesciat,
3068 2336 3339 2388 strenuos
3369 2333 3611 2389 Nicaenaa
3634 2333 3771 2389 ﬁdei
3799 2334 3962 2389 defen.

607 2424 815 2480 amabo
844 2428 918 2490 te,
952 2440 1019 2478 ea
1040 2421 1234 2478 omnia
1263 2421 1565 2477 convenire
1611 2425 1877 2492 possunt,
1939 2420 2051 2475 nisi
2109 2437 2243 2477 vero
2354 2438 2514 2477 sores
2572 2421 2679 2477 hoc
2738 2422 2807 2476 ad
2880 2420 3255 2477 debellandos
3306 2422 3571 2493 Arianos,
3624 2428 3680 2478 et
3738 2422 3960 2496 Spiritus

603 2512 705 2569 Dei
738 2510 1004 2584 Filio,qui
1034 2512 1297 2581 ejusdem
1328 2527 1461 2565 cum
1497 2510 1663 2565 Patre
1694 2510 1771 2565 sit
1801 2508 2238 2581 immensitatis,
2352 2511 2538 2565 sancti
2572 2510 2936 2566 divinitatem
2968 2511 3246 2567 adversus
3301 2511 3749 2568 Macedonianos
3779 2513 3957 2567 invicte

607 2601 969 2667 mternitatis,
1003 2600 1306 2671 potestatis
1364 2604 1421 2654 et
1455 2603 1696 2655 natura.
1730 2599 1853 2653 Non
1913 2600 2240 2655 audiendus
2351 2600 2832 2671 propugnandam
2864 2599 3293 2667 efﬁcacissime,
3325 2604 3390 2655 ut
3427 2600 3598 2672 plane
3631 2618 3750 2657 non
3780 2600 3956 2657 imme-

604 2692 803 2762 itaque
834 2690 1051 2761 impius
1089 2689 1284 2744 nescio
1338 2688 1470 2759 quis
1514 2687 1881 2755 Socinianus,
1935 2688 2035 2759 qui
2070 2688 2239 2743 nobis
2350 2687 2460 2743 rito
2491 2690 2795 2760 putabant,
2827 2705 2965 2745 usos
2997 2706 3125 2745 esse
3155 2694 3521 2761 argumento.

605 2795 911 2851 perperam
942 2778 1145 2848 objicit
1175 2778 1385 2831 Filium
1418 2777 1515 2831 Dei
1538 2777 1751 2831 ibidem
1785 2778 1856 2831 ab
1880 2777 2095 2832 Herma
2124 2793 2240 2832 ser-
2418 2777 2637 2833 Hermae
2669 2778 2872 2833 Pastor
2900 2778 3046 2834 duas
3076 2778 3318 2850 insuper
3346 2778 3404 2832 in
3454 2778 3682 2835 Christo
3744 2784 3951 2835 naturas

602 2884 739 2923 vum
771 2866 1178 2939 appellari,qui
1199 2870 1329 2937 post
1352 2883 1519 2920 suam
1543 2870 1769 2920 tantum
1804 2870 2051 2921 mortem
2088 2868 2236 2921 aPa-
2350 2866 2715 2938 apertissime
2736 2867 3046 2939 distinguit
3077 2886 3089 2922 :
3125 2866 3381 2923 divinam
3408 2885 3605 2937 unam,
3654 2870 3949 2925 secundum

603 2962 691 3013 tre
723 2974 899 3029 super
925 2955 1205 3028 populum
1238 2972 1411 3009 suum
1444 2958 1787 3025 potestatem
1820 2972 2051 3010 omnem
2085 2972 2239 3011 acce-
2351 2971 2526 3025 quam
2561 2955 2656 3009 Dei
2689 2954 2869 3009 Filius
2910 2959 3042 3010 ante
3088 2970 3319 3010 omnem
3369 2958 3698 3010 creaturam
3731 2955 3948 3021 exsistit,

603 3047 769 3119 perit.
805 3044 1081 3117 Nunquid
1112 3043 1267 3099 enim
1300 3044 1564 3111 Hermas,
1614 3060 1747 3099 cum
1796 3044 2035 3115 ibidem,
2086 3046 2240 3100 sicut
2346 3049 2406 3099 ut
2436 3047 2493 3099 in
2523 3045 2749 3099 consilio
2779 3046 2937 3100 Patri
2964 3060 3065 3100 suo
3094 3044 3335 3115 adfuerit
3361 3044 3431 3099 ad
3459 3044 3799 3101 condendam
3825 3060 3951 3099 crea-

600 3134 876 3202 vidimus,
927 3133 1072 3188 dixit
1102 3149 1115 3187 :
1149 3135 1207 3187 In
1230 3133 1753 3188 serviliconditione
1778 3150 1884 3188 non
1913 3136 2235 3205 poniturFi-
2349 3143 2563 3190 turam.
2598 3135 2680 3189 En
2729 3134 3020 3206 integrum
3052 3138 3274 3189 textum
3307 3134 3374 3189 D.
3409 3133 3631 3188 Hermae
3662 3151 3769 3206 pro
3798 3134 3958 3188 divina

601 3226 710 3280 lius
739 3225 855 3292 Dei,
884 3223 995 3279 sibi
1028 3222 1137 3294 ipsi
1171 3222 1444 3289 absurde,
1469 3222 1784 3294 putideque
1814 3223 2233 3281 contradixisse
2277 3288 2306 3294 _
2346 3228 2556 3279 natura
2591 3242 2603 3279 :
2633 3225 2887 3278 Primum
2918 3222 3817 3293 omnium,domine,inquam,hoc
3836 3222 3951 3276 mihi

599 3288 1022 3370 existimandus
1051 3288 1190 3368 est?
1220 3311 1361 3377 Quis
1387 3288 1545 3366 sanae
1571 3288 1786 3367 mentis
1829 3312 2003 3367 homo
2036 3314 2087 3367 id
2124 3330 2233 3369 un-
2266 3288 2307 3355 C
2345 3314 2675 3368 demonstra.
2730 3314 2896 3367 Petra
2952 3312 3062 3367 hac
3107 3288 3181 3366 et-
3204 3315 3365 3383 porta
3420 3288 3551 3382 quid
3608 3288 3741 3367 sunt
3765 3316 3788 3365 .9
3815 3310 3944 3371 Audi,

597 3419 774 3474 quam
804 3417 1083 3471 asserere,
1120 3401 1235 3456 imo
1268 3399 1615 3471 cogitatione
1648 3401 1958 3472 animoque
2018 3402 2235 3473 {ingere
2352 3404 2568 3474 inquit,
2595 3406 2754 3474 porta
2785 3402 2902 3459 haec
2929 3406 2981 3455 et
3006 3410 3165 3472 porta
3222 3401 3396 3455 Filius
3454 3402 3552 3456 Dei
3607 3406 3708 3457 est.
3741 3405 3952 3473 Quonam
4024 3424 4025 3437 ι

596 3491 808 3547 audeat
839 3490 866 3544 ‘l
894 3490 1034 3554 Quis
1062 3506 1217 3559 vero,
1250 3489 1299 3544 si
1332 3489 1487 3543 hunc
1520 3489 1775 3544 auctoris
1807 3492 1991 3545 nostri
2040 3490 2232 3547 locum
2338 3502 2513 3563 pacto,
2548 3493 2809 3563 inquam,
2841 3490 3077 3560 domine,
3110 3498 3267 3561 petra
3298 3498 3445 3545 vetus
3475 3493 3573 3561 est,
3605 3500 3775 3561 porta
3796 3494 3942 3545 autem

592 3580 776 3653 inquis
822 3595 1078 3649 unquam
1138 3577 1341 3651 legerit
1408 3578 1611 3642 oculis,
1664 3578 1745 3633 ibi
1794 3580 2069 3635 continuo
2116 3599 2230 3637 non
2342 3599 2481 3637 nova
2510 3581 3215 3652 ?Audi,inquit,insipiens
3233 3584 3286 3634 et
3314 3579 3563 3650 intellige
3606 3578 3835 3635 :Filius
3855 3578 3943 3647 qui-

593 3668 1038 3735 animadvertat,
1074 3670 1389 3738 utrumque
1422 3669 1492 3723 ab
1524 3666 1624 3722 illo
1658 3669 1728 3723 de
1759 3668 1973 3740 duplici
2015 3670 2230 3727 Christi
2339 3672 2461 3728 dem
2492 3673 2592 3727 Dei
2622 3672 2771 3727 omni
2798 3673 3043 3726 creatura
3071 3669 3355 3741 antiquior
3383 3672 3481 3737 est,
3516 3671 3615 3735 ita,
3664 3679 3731 3724 ut
3762 3671 3817 3724 in
3842 3681 3939 3723 con-

589 3763 820 3826 natura,
855 3773 987 3812 cum
1019 3757 1433 3823 humana,tum
1461 3756 1658 3812 divina
1690 3762 1840 3812 recte
1872 3758 2151 3814 traditum
2175 3764 2232 3817 et
2338 3762 2464 3816 silio
2511 3762 2667 3815 Patri
2693 3776 2789 3815 suo
2838 3760 3081 3829 adfuerit
3100 3757 3170 3812 ad
3224 3757 3565 3813 condendam
3610 3760 3905 3812 creaturam
3925 3772 3937 3805 :

590 3846 1054 3921 pronuntiatum.
1106 3845 1607 3911 Quemadmodum
1658 3845 1813 3901 enim
1862 3847 2126 3905 Christus
2158 3852 2229 3905 ab
2335 3859 2494 3923 porta
2522 3854 2708 3905 autem
2749 3851 3033 3920 prapterea
3070 3863 3211 3902 nova
3247 3855 3347 3918 est,
3379 3848 3507 3917 quia
3538 3848 3595 3901 in
3626 3860 3937 3901 consumma-

590 3938 719 4010 ipso
751 3937 1072 3993 secundum
1097 3934 1351 3991 divinam
1375 3951 1542 3989 suam
1557 3938 1824 3990 naturam
1845 3939 1997 3992 omni
2014 3947 2227 3995 creatu-
2339 3944 2485 3997 tione
2514 3942 2570 3995 in
2596 3940 2911 3995 novissimis
2934 3937 3122 3992 diebus
3170 3936 3475 4009 apparebit,
3508 3944 3568 3990 ut
3615 3937 3717 4006 qui
3760 3948 3935 3989 assecu-

591 4045 657 4083 ra
684 4028 983 4100 antiquior,
1014 4027 1077 4079 in
1121 4025 1309 4080 servili
1354 4025 1657 4079 conditione
1700 4041 1809 4081 non
1843 4028 2070 4097 ponitur
2095 4048 2118 4093 ;
2146 4029 2228 4085 ita
2335 4033 2453 4086 turi
2475 4034 2606 4086 sunt
2633 4029 2871 4084 salutem
2896 4043 2993 4099 per
3019 4042 3139 4081 eam
3167 4026 3373 4081 intrent
3401 4026 3457 4079 in
3479 4040 3713 4095 regnum
3740 4023 3933 4092 Damt).

593 4117 917 4173 secundum
955 4115 1272 4170 humanam
1303 4130 1488 4169 servus
1518 4115 1613 4169 Dei
1661 4114 1986 4186 appellatus
2016 4122 2122 4172 est.
2157 4120 2227 4176 Et
2336 4122 2452 4177 Hoc
2483 4120 2674 4190 itaque
2727 4118 2786 4174 in
2818 4116 2942 4172 loco
2981 4116 3183 4171 Pastor
3235 4113 3528 4170 Christum
3576 4113 3805 4169 exhibet
3851 4110 3933 4165 sub
4006 4180 4007 4190 ἶ

587 4205 648 4261 id
671 4206 905 4278 quidem
939 4204 1173 4270 clarius,
1207 4220 1385 4275 quam
1417 4203 1727 4275 ipsiusmet
1760 4205 1977 4259 Hermae
2033 4208 2223 4265 verbis
2332 4208 2586 4282 imagine
2617 4211 2742 4263 tum
2770 4210 2943 4278 petris
2975 4204 3507 4275 veteris,quatenus
3539 4201 3638 4257 Dei
3672 4201 3845 4257 Filius
3869 4202 3934 4254 est

585 4294 856 4367 explicari
890 4310 1003 4349 non
1038 4297 1229 4365 potest
1260 4310 1271 4346 :
1309 4295 1417 4349 Hoc
1444 4309 1589 4364 ergo,
1622 4293 1833 4364 inquit,
1868 4294 2073 4350 Christi
2099 4313 2218 4353 σονς
2332 4304 2465 4354 ante
2497 4313 2730 4352 omnem
2763 4298 3087 4351 creaturam
3120 4309 3237 4349 una
3264 4308 3399 4347 cum
3432 4296 3599 4346 Patre
3627 4290 3928 4349 exsistens;

577 4400 702 4456 pus,
734 4386 794 4439 in
823 4382 963 4455 quod
1014 4382 1267 4437 inductus
1308 4390 1385 4437 est
1429 4382 1668 4453 Spiritus
1712 4391 1949 4449 sanctus,
1998 4388 2223 4443 servivit
2329 4391 2455 4443 tum
2488 4390 2667 4459 porta:
2694 4400 2874 4451 novae,
2917 4386 3207 4453 quatenus
3256 4380 3407 4436 idem
3461 4378 3635 4436 homo
3686 4380 3863 4435 factus
3887 4376 3927 4429 in

579 4474 671 4529 illi
696 4473 951 4545 Spiritui,
998 4476 1143 4527 recte
1186 4472 1246 4526 in
1298 4472 1559 4527 modestia
1613 4472 1904 4527 ambulans
1956 4479 2008 4528 et
2052 4482 2214 4543 caste,
2329 4474 2662 4533 novissimis
2693 4472 2899 4528 diebus
2930 4469 3219 4542 apparuit.
3254 4468 3382 4524 Haec
3412 4473 3609 4525 autem
3658 4485 3791 4525 cum
3820 4466 3929 4522 Her-
3972 4472 3975 4513 ῑ

572 4580 749 4635 neque
776 4564 1002 4618 omnino
1028 4562 1327 4616 maculavit
1352 4560 1619 4632 Spiritum
1668 4562 1895 4616 illum...
1927 4562 2217 4620 Advocavit
2328 4582 2454 4621 mas
2487 4563 2745 4620 nondum
2778 4558 3145 4631 intelligeret,
3178 4573 3365 4629 neque
3414 4573 3620 4629 capere
3649 4556 3925 4630 potuisset.

569 4669 696 4724 ergo
728 4654 934 4708 Filium
990 4660 1039 4706 et
1094 4652 1316 4705 nuntios
1372 4650 1550 4715 bonos,
1613 4659 1672 4704 ut
1724 4655 1778 4705 et
1822 4652 1954 4706 huic
2012 4654 2215 4709 scilicet
2244 4656 2291 4721 D
2326 4672 2443 4727 qua
2469 4654 2715 4719 ratione,
2750 4650 2849 4722 qui
2882 4648 3064 4704 Filius
3101 4649 3196 4703 Dei
3226 4652 3335 4718 est,
3357 4647 3513 4703 idem
3543 4651 3601 4703 et
3628 4646 3729 4703 Dei
3761 4657 3925 4702 servus

567 4758 802 4814 corpori,
840 4740 979 4814 quod
1008 4742 1236 4795 servivit
1281 4739 1518 4810 Spiritui
1563 4748 1748 4795 sancto
1799 4742 1921 4795 sine
1968 4744 2212 4812 querela,
2323 4745 2729 4814 sit,Pastorem
2761 4738 3309 4809 suuminterrogat;
3346 4753 3527 4808 quare
3558 4734 3742 4790 Filius
3771 4733 3857 4789 Dei
3877 4731 3918 4783 in

567 4831 713 4887 locus
742 4832 952 4902 aliquis
978 4828 1312 4885 consistendi
1361 4828 1602 4895 daretur,
1656 4845 1726 4882 ne
1772 4830 2045 4885 videretur
2078 4848 2212 4885 mer-
2322 4832 2707 4887 similitudine
2736 4828 2863 4895 hac,
2897 4826 3089 4883 servili
3123 4824 3248 4881 loco
3307 4824 3544 4895 ponitur
3570 4825 3597 4878 ?
3628 4823 3771 4878 Huic
3799 4835 3921 4893 que-

563 4920 744 4977 cedem
782 4920 1062 4976 servitutis
1112 4934 1227 4973 suae
1281 4917 1603 4987 perdidisse.
1667 4918 1875 4989 Accepit
1922 4928 2105 4974 autem
2159 4925 2209 4976 et
2320 4920 2491 4977 stioni
2526 4917 2838 4990 respondet
2868 4913 3105 4987 quidem
3156 4913 3402 4968 Pastor:
3437 4914 3499 4967 In
3549 4912 3738 4968 servili
3768 4906 3916 4965 condi-

558 5018 680 5081 post
708 5018 937 5066 mortem
960 5025 1123 5064 suam
1154 5008 1303 5061 idem
1335 5006 1549 5060 Christi
1594 5022 1806 5077 corpus,
1862 5008 2209 5079 humanaque
2315 5010 2461 5065 tione
2490 5025 2599 5063 non
2619 5007 2850 5079 ponitur
2878 5004 3059 5060 Filius
3092 5001 3313 5068 Dei,sed
3340 5001 3395 5055 in
3430 5016 3642 5073 magna
3674 5001 3918 5072 potestate

560 5099 799 5168 ejusdem
826 5102 1031 5153 natura
1068 5112 1281 5151 omnem
1328 5111 1491 5165 super
1533 5096 1793 5166 populum
1843 5101 2155 5167 potestatem
2184 5116 2203 5159 ;
2315 5103 2368 5153 et
2402 5096 2773 5169 imperio.Sed
2797 5095 2916 5149 haec
2946 5092 3425 5162 verbaintegrum
3442 5089 3695 5145 Pastoris
3716 5100 3915 5158 respon-

558 5187 791 5243 tametsi
825 5187 1072 5258 ipsemet
1101 5184 1390 5249 Christus,
1423 5183 1522 5255 qui
1565 5186 1886 5239 secundum
1946 5187 2200 5242 divinam
2314 5205 2445 5243 sum
2477 5204 2590 5242 non
2624 5183 2931 5241 absolvunt
2965 5200 2978 5249 ;
3012 5180 3298 5251 siquidem
3341 5184 3399 5234 et
3429 5178 3541 5234 alia
3593 5179 3664 5234 ab
3719 5193 3781 5233 eo
3810 5188 3912 5230 mox

558 5292 729 5332 suam
760 5275 1152 5332 substantiam
1188 5273 1338 5328 Patri
1368 5273 1439 5327 ad
1470 5274 1831 5329 condendam
1874 5280 2198 5333 creaturam
2312 5276 2728 5347 subjiciuntur,
2761 5290 2886 5343 quae
2918 5269 3226 5343 proposita:
3273 5268 3600 5341 questionis
3630 5266 3910 5340 pleniorem

4019 3570 4021 3615 l

4017 3628 4019 3705 4

4015 3744 4017 3795 4

4012 3800 4015 3887 4

4011 3890 4013 3973 4

626 5410 669 5444 ⁶¹
701 5409 849 5465 Psal.
887 5427 1082 5479 cxvm,
1112 5410 1201 5463 91.

622 5596 732 5667 (20)
765 5595 1027 5665 Hermas,
1062 5596 1242 5651 simil.
1276 5612 1332 5667 v,
1366 5610 1494 5667 cap.
1521 5596 1574 5649 6.

2375 5599 2485 5667 (23)
2519 5597 2697 5664 Idem,
2731 5591 2990 5667 mandat.
3013 5606 3116 5655 χιι,
3150 5606 3281 5667 cap.
3316 5590 3400 5644 12.

622 5599 732 5667 (20)
765 5599 1027 5665 Hermas,
1062 5599 1242 5651 simil.
1276 5612 1332 5662 v,
1366 5610 1494 5665 cap.
1521 5599 1574 5649 6.
2396 5600 2465 5653 23
2519 5599 2697 5664 Idem,
2731 5599 2990 5648 mandat.
3013 5606 3116 5655 x11,
3150 5606 3281 5718 cap

620 5667 1099 5744 (gi))_l_dem,_lib.
1136 5684 1218 5735 ιιι,
1253 5665 1559 5744 similitud.
1593 5683 1646 5734 ν,
1680 5670 1860 5744 cap.5
1889 5674 1945 5725 et
1972 5672 2025 5725 6.
2372 5599 2485 5744 (24)
2514 5668 2696 5738 Idem,
2723 5664 2899 5724 simil.
2935 5680 3010 5721 Ix.
3044 5678 3170 5737 cap.
3242 5664 3293 5717 2.

620 5677 704 5731 (21
736 5677 752 5738 )
786 5677 966 5734 Idem,
1000 5677 1099 5749 lib.
1136 5684 1218 5735 ιιι,
1253 5677 1559 5747 similitud.
1593 5683 1646 5734 ν,
1680 5677 1860 5739 cap.5
1889 5687 1918 5725 e

619 5677 733 5825 ‘22;
758 5736 941 5811 Idem,
972 5736 1077 5799 lib.
1108 5753 1195 5807 ιιι,
1227 5735 1534 5796 ειιιιιιιιυά.
1569 5754 1643 5811 ix,
1674 5754 1799 5813 cap.
1836 5743 1921 5802 14.
