  <div class='ocr_page' id='page_1' title='image "/cluster/home/n/w/nwhite01/storage/ocr_20150623/2/hvd.32044073501421/450.png"; bbox 0 0 4086 6342; ppageno 0'>
   <div class='ocr_carea' id='block_1_1' title="bbox 113 500 228 561">
    <p class='ocr_par' dir='ltr' id='par_1_1' title="bbox 113 500 228 561">
     <span class='ocr_line' id='line_1_1' title="bbox 113 500 228 561; baseline 0 0"><span class='ocrx_word' id='word_1_1' title='bbox 113 500 228 561; x_wconf 84' lang='lat'>877</span> 
     </span>
    </p>
   </div>
   <div class='ocr_carea' id='block_1_2' title="bbox 1373 504 2254 571">
    <p class='ocr_par' dir='ltr' id='par_1_2' title="bbox 1373 504 2254 571">
     <span class='ocr_line' id='line_1_2' title="bbox 1373 504 2254 571; baseline 0.009 -8"><span class='ocrx_word' id='word_1_2' title='bbox 1373 504 1709 567; x_wconf 84' lang='lat' dir='ltr'>PASTOR.</span> <span class='ocrx_word' id='word_1_3' title='bbox 1743 536 1823 551; x_wconf 93' lang='lat'><strong><em>—</em></strong></span> <span class='ocrx_word' id='word_1_4' title='bbox 1852 504 2254 571; x_wconf 62' lang='lat' dir='ltr'>PROIEMIA.</span> 
     </span>
    </p>
   </div>
   <div class='ocr_carea' id='block_1_3' title="bbox 3390 502 3509 564">
    <p class='ocr_par' dir='ltr' id='par_1_3' title="bbox 3390 502 3509 564">
     <span class='ocr_line' id='line_1_3' title="bbox 3390 502 3509 564; baseline 0.025 -3"><span class='ocrx_word' id='word_1_5' title='bbox 3390 502 3509 564; x_wconf 79' lang='lat'>8&#39;18</span> 
     </span>
    </p>
   </div>
   <div class='ocr_carea' id='block_1_4' title="bbox 112 635 3505 715">
    <p class='ocr_par' dir='ltr' id='par_1_4' title="bbox 112 635 3505 715">
     <span class='ocr_line' id='line_1_4' title="bbox 112 635 3505 715; baseline -0.001 -26"><span class='ocrx_word' id='word_1_6' title='bbox 112 637 171 689; x_wconf 89' lang='lat' dir='ltr'>et</span> <span class='ocrx_word' id='word_1_7' title='bbox 190 635 379 707; x_wconf 86' lang='lat' dir='ltr'>magis</span> <span class='ocrx_word' id='word_1_8' title='bbox 401 635 735 693; x_wconf 83' lang='lat' dir='ltr'>distinctam</span> <span class='ocrx_word' id='word_1_9' title='bbox 758 636 1107 694; x_wconf 80' lang='lat' dir='ltr'>solutionem</span> <span class='ocrx_word' id='word_1_10' title='bbox 1132 636 1749 693; x_wconf 79' lang='lat' dir='ltr'>continent.Nimirum</span> <span class='ocrx_word' id='word_1_11' title='bbox 1779 641 1834 705; x_wconf 86' lang='grc' dir='ltr'><strong>Α</strong></span> <span class='ocrx_word' id='word_1_12' title='bbox 1866 647 2101 710; x_wconf 88' lang='lat' dir='ltr'>peccata</span> <span class='ocrx_word' id='word_1_13' title='bbox 2145 644 2430 715; x_wconf 80' lang='lat' dir='ltr'>expianda</span> <span class='ocrx_word' id='word_1_14' title='bbox 2478 640 2734 713; x_wconf 79' lang='lat' dir='ltr'>pertulit.</span> <span class='ocrx_word' id='word_1_15' title='bbox 2800 642 2915 712; x_wconf 88' lang='lat' dir='ltr'>Ipse</span> <span class='ocrx_word' id='word_1_16' title='bbox 2961 639 3116 694; x_wconf 93' lang='lat' dir='ltr'>enim</span> <span class='ocrx_word' id='word_1_17' title='bbox 3164 638 3311 692; x_wconf 90' lang='lat' dir='ltr'>viam</span> <span class='ocrx_word' id='word_1_18' title='bbox 3358 636 3505 702; x_wconf 67' lang='lat' dir='ltr'>vitae,</span> 
     </span>
    </p>
   </div>
   <div class='ocr_carea' id='block_1_5' title="bbox 112 722 1764 796">
    <p class='ocr_par' dir='ltr' id='par_1_5' title="bbox 112 722 1764 796">
     <span class='ocr_line' id='line_1_5' title="bbox 112 722 1764 796; baseline 0.004 -20"><span class='ocrx_word' id='word_1_19' title='bbox 112 722 427 796; x_wconf 83' lang='lat' dir='ltr'>distinguit</span> <span class='ocrx_word' id='word_1_20' title='bbox 448 743 654 782; x_wconf 83' lang='lat' dir='ltr'>rursus</span> <span class='ocrx_word' id='word_1_21' title='bbox 678 727 884 781; x_wconf 81' lang='lat' dir='ltr'>Pastor</span> <span class='ocrx_word' id='word_1_22' title='bbox 907 726 1057 780; x_wconf 92' lang='lat' dir='ltr'>inter</span> <span class='ocrx_word' id='word_1_23' title='bbox 1074 726 1356 796; x_wconf 81' lang='lat' dir='ltr'>Spiritum</span> <span class='ocrx_word' id='word_1_24' title='bbox 1374 732 1640 781; x_wconf 89' lang='lat' dir='ltr'>sanctum</span> <span class='ocrx_word' id='word_1_25' title='bbox 1662 744 1764 782; x_wconf 91' lang='lat' dir='ltr'>seu</span> 
     </span>
    </p>
   </div>
   <div class='ocr_carea' id='block_1_6' title="bbox 112 810 1765 889">
    <p class='ocr_par' dir='ltr' id='par_1_6' title="bbox 112 810 1765 889">
     <span class='ocr_line' id='line_1_6' title="bbox 112 810 1765 889; baseline 0.005 -27"><span class='ocrx_word' id='word_1_26' title='bbox 112 810 213 877; x_wconf 74' lang='grc' dir='ltr'>τήν</span> <span class='ocrx_word' id='word_1_27' title='bbox 261 810 401 873; x_wconf 76' lang='grc' dir='ltr'>θείαν</span> <span class='ocrx_word' id='word_1_28' title='bbox 453 814 513 869; x_wconf 91' lang='lat' dir='ltr'>in</span> <span class='ocrx_word' id='word_1_29' title='bbox 563 814 790 870; x_wconf 84' lang='lat' dir='ltr'>Christo</span> <span class='ocrx_word' id='word_1_30' title='bbox 846 812 999 889; x_wconf 74' lang='grc' dir='ltr'>φύσιν</span> <span class='ocrx_word' id='word_1_31' title='bbox 1051 820 1106 869; x_wconf 90' lang='lat' dir='ltr'>et</span> <span class='ocrx_word' id='word_1_32' title='bbox 1154 814 1370 868; x_wconf 87' lang='lat' dir='ltr'>Christi</span> <span class='ocrx_word' id='word_1_33' title='bbox 1422 831 1633 887; x_wconf 92' lang='lat' dir='ltr'>corpus</span> <span class='ocrx_word' id='word_1_34' title='bbox 1664 833 1765 871; x_wconf 90' lang='lat' dir='ltr'>seu</span> 
     </span>
    </p>
   </div>
   <div class='ocr_carea' id='block_1_7' title="bbox 116 902 1767 971">
    <p class='ocr_par' dir='ltr' id='par_1_7' title="bbox 116 902 1767 971">
     <span class='ocr_line' id='line_1_7' title="bbox 116 902 1767 971; baseline 0.002 -17"><span class='ocrx_word' id='word_1_35' title='bbox 116 905 389 957; x_wconf 90' lang='lat' dir='ltr'>naturam</span> <span class='ocrx_word' id='word_1_36' title='bbox 422 902 781 969; x_wconf 82' lang='lat' dir='ltr'>humanam;</span> <span class='ocrx_word' id='word_1_37' title='bbox 833 920 897 957; x_wconf 90' lang='lat' dir='ltr'>ac</span> <span class='ocrx_word' id='word_1_38' title='bbox 939 902 1205 957; x_wconf 87' lang='lat' dir='ltr'>servilem</span> <span class='ocrx_word' id='word_1_39' title='bbox 1258 904 1675 971; x_wconf 85' lang='lat' dir='ltr'>conditionem,</span> <span class='ocrx_word' id='word_1_40' title='bbox 1708 905 1767 958; x_wconf 90' lang='lat' dir='ltr'>in</span> 
     </span>
    </p>
   </div>
   <div class='ocr_carea' id='block_1_8' title="bbox 118 990 1769 1062">
    <p class='ocr_par' dir='ltr' id='par_1_8' title="bbox 118 990 1769 1062">
     <span class='ocr_line' id='line_1_8' title="bbox 118 990 1769 1062; baseline 0.002 -18"><span class='ocrx_word' id='word_1_41' title='bbox 118 1007 239 1061; x_wconf 90' lang='lat' dir='ltr'>qua</span> <span class='ocrx_word' id='word_1_42' title='bbox 268 990 476 1046; x_wconf 86' lang='lat' dir='ltr'>Filium</span> <span class='ocrx_word' id='word_1_43' title='bbox 501 993 595 1047; x_wconf 92' lang='lat' dir='ltr'>Dei</span> <span class='ocrx_word' id='word_1_44' title='bbox 620 993 679 1046; x_wconf 92' lang='lat' dir='ltr'>in</span> <span class='ocrx_word' id='word_1_45' title='bbox 703 991 1091 1047; x_wconf 85' lang='lat' dir='ltr'>similitudine</span> <span class='ocrx_word' id='word_1_46' title='bbox 1116 993 1487 1062; x_wconf 90' lang='lat' dir='ltr'>posuerat,ad</span> <span class='ocrx_word' id='word_1_47' title='bbox 1513 1009 1769 1059; x_wconf 89' lang='lat' dir='ltr'>carnem,</span> 
     </span>
    </p>
   </div>
   <div class='ocr_carea' id='block_1_9' title="bbox 118 1081 1770 1137">
    <p class='ocr_par' dir='ltr' id='par_1_9' title="bbox 118 1081 1770 1137">
     <span class='ocr_line' id='line_1_9' title="bbox 118 1081 1770 1137; baseline 0.001 -2"><span class='ocrx_word' id='word_1_48' title='bbox 118 1095 227 1135; x_wconf 88' lang='lat' dir='ltr'>seu</span> <span class='ocrx_word' id='word_1_49' title='bbox 256 1084 525 1136; x_wconf 88' lang='lat' dir='ltr'>naturam</span> <span class='ocrx_word' id='word_1_50' title='bbox 550 1081 721 1136; x_wconf 91' lang='lat' dir='ltr'>istam</span> <span class='ocrx_word' id='word_1_51' title='bbox 754 1081 1077 1136; x_wconf 84' lang='lat' dir='ltr'>humanam</span> <span class='ocrx_word' id='word_1_52' title='bbox 1104 1081 1388 1135; x_wconf 85' lang='lat' dir='ltr'>duntaxat</span> <span class='ocrx_word' id='word_1_53' title='bbox 1411 1083 1770 1137; x_wconf 82' lang='lat' dir='ltr'>referendam</span> 
     </span>
    </p>
   </div>
   <div class='ocr_carea' id='block_1_10' title="bbox 121 1169 1773 1241">
    <p class='ocr_par' dir='ltr' id='par_1_10' title="bbox 121 1169 1773 1241">
     <span class='ocr_line' id='line_1_10' title="bbox 121 1169 1773 1241; baseline 0 -18"><span class='ocrx_word' id='word_1_54' title='bbox 121 1185 275 1231; x_wconf 88' lang='lat' dir='ltr'>esse,</span> <span class='ocrx_word' id='word_1_55' title='bbox 308 1169 541 1225; x_wconf 88' lang='lat' dir='ltr'>disertis</span> <span class='ocrx_word' id='word_1_56' title='bbox 572 1169 761 1225; x_wconf 88' lang='lat' dir='ltr'>verbis</span> <span class='ocrx_word' id='word_1_57' title='bbox 795 1170 980 1225; x_wconf 87' lang='lat' dir='ltr'>docet.</span> <span class='ocrx_word' id='word_1_58' title='bbox 1007 1170 1320 1240; x_wconf 86' lang='lat' dir='ltr'>Postquam</span> <span class='ocrx_word' id='word_1_59' title='bbox 1354 1170 1509 1225; x_wconf 91' lang='lat' dir='ltr'>enim</span> <span class='ocrx_word' id='word_1_60' title='bbox 1542 1171 1613 1225; x_wconf 88' lang='lat' dir='ltr'>de</span> <span class='ocrx_word' id='word_1_61' title='bbox 1646 1169 1773 1241; x_wconf 91' lang='lat' dir='ltr'>Spi-</span> 
     </span>
    </p>
   </div>
   <div class='ocr_carea' id='block_1_11' title="bbox 123 1257 1772 1331">
    <p class='ocr_par' dir='ltr' id='par_1_11' title="bbox 123 1257 1772 1331">
     <span class='ocr_line' id='line_1_11' title="bbox 123 1257 1772 1331; baseline 0.001 -20"><span class='ocrx_word' id='word_1_62' title='bbox 123 1257 242 1312; x_wconf 84' lang='lat' dir='ltr'>ritu</span> <span class='ocrx_word' id='word_1_63' title='bbox 273 1258 385 1313; x_wconf 89' lang='lat' dir='ltr'>isto</span> <span class='ocrx_word' id='word_1_64' title='bbox 413 1258 645 1313; x_wconf 91' lang='lat' dir='ltr'>locutus</span> <span class='ocrx_word' id='word_1_65' title='bbox 678 1258 885 1323; x_wconf 86' lang='lat' dir='ltr'>fuerat,</span> <span class='ocrx_word' id='word_1_66' title='bbox 914 1260 1011 1329; x_wconf 98' lang='lat' dir='ltr'>qui</span> <span class='ocrx_word' id='word_1_67' title='bbox 1034 1261 1251 1328; x_wconf 75' lang='lat' dir='ltr'>inlusus</span> <span class='ocrx_word' id='word_1_68' title='bbox 1280 1268 1359 1314; x_wconf 87' lang='lat' dir='ltr'>est</span> <span class='ocrx_word' id='word_1_69' title='bbox 1387 1261 1633 1314; x_wconf 87' lang='lat' dir='ltr'>omnium</span> <span class='ocrx_word' id='word_1_70' title='bbox 1655 1262 1772 1331; x_wconf 88' lang='lat' dir='ltr'>pri-</span> 
     </span>
    </p>
   </div>
   <div class='ocr_carea' id='block_1_12' title="bbox 124 1348 1775 1419">
    <p class='ocr_par' dir='ltr' id='par_1_12' title="bbox 124 1348 1775 1419">
     <span class='ocr_line' id='line_1_12' title="bbox 124 1348 1775 1419; baseline 0.002 -19"><span class='ocrx_word' id='word_1_71' title='bbox 124 1363 248 1401; x_wconf 85' lang='lat' dir='ltr'>mus</span> <span class='ocrx_word' id='word_1_72' title='bbox 278 1349 339 1401; x_wconf 89' lang='lat' dir='ltr'>in</span> <span class='ocrx_word' id='word_1_73' title='bbox 374 1363 621 1416; x_wconf 87' lang='lat' dir='ltr'>corpore,</span> <span class='ocrx_word' id='word_1_74' title='bbox 673 1350 731 1402; x_wconf 86' lang='lat' dir='ltr'>in</span> <span class='ocrx_word' id='word_1_75' title='bbox 762 1364 865 1419; x_wconf 92' lang='lat' dir='ltr'>quo</span> <span class='ocrx_word' id='word_1_76' title='bbox 895 1348 1227 1403; x_wconf 84' lang='lat' dir='ltr'>inhabitaret</span> <span class='ocrx_word' id='word_1_77' title='bbox 1274 1349 1433 1419; x_wconf 88' lang='lat' dir='ltr'>Deus,</span> <span class='ocrx_word' id='word_1_78' title='bbox 1486 1365 1616 1405; x_wconf 84' lang='lat' dir='ltr'>mox</span> <span class='ocrx_word' id='word_1_79' title='bbox 1657 1348 1775 1403; x_wconf 66' lang='lat' dir='ltr'>hinc</span> 
     </span>
    </p>
   </div>
   <div class='ocr_carea' id='block_1_13' title="bbox 127 1436 1775 1509">
    <p class='ocr_par' dir='ltr' id='par_1_13' title="bbox 127 1436 1775 1509">
     <span class='ocr_line' id='line_1_13' title="bbox 127 1436 1775 1509; baseline -0.001 -17"><span class='ocrx_word' id='word_1_80' title='bbox 127 1436 433 1507; x_wconf 83' lang='lat' dir='ltr'>subjungit</span> <span class='ocrx_word' id='word_1_81' title='bbox 466 1454 479 1489; x_wconf 87' lang='lat'>:</span> <span class='ocrx_word' id='word_1_82' title='bbox 512 1439 619 1493; x_wconf 90' lang='lat' dir='ltr'>Hoc</span> <span class='ocrx_word' id='word_1_83' title='bbox 646 1453 771 1506; x_wconf 84' lang='lat' dir='ltr'>ergo</span> <span class='ocrx_word' id='word_1_84' title='bbox 802 1452 997 1509; x_wconf 85' lang='lat' dir='ltr'>corpus</span> <span class='ocrx_word' id='word_1_85' title='bbox 1026 1439 1086 1491; x_wconf 89' lang='lat' dir='ltr'>in</span> <span class='ocrx_word' id='word_1_86' title='bbox 1116 1454 1215 1507; x_wconf 92' lang='lat' dir='ltr'>quo</span> <span class='ocrx_word' id='word_1_87' title='bbox 1246 1437 1503 1493; x_wconf 86' lang='lat' dir='ltr'>inductus</span> <span class='ocrx_word' id='word_1_88' title='bbox 1530 1448 1606 1493; x_wconf 90' lang='lat' dir='ltr'>est</span> <span class='ocrx_word' id='word_1_89' title='bbox 1652 1438 1775 1508; x_wconf 84' lang='lat' dir='ltr'>Spi-</span> 
     </span>
    </p>
   </div>
   <div class='ocr_carea' id='block_1_14' title="bbox 126 1527 1780 1598">
    <p class='ocr_par' dir='ltr' id='par_1_14' title="bbox 126 1527 1780 1598">
     <span class='ocr_line' id='line_1_14' title="bbox 126 1527 1780 1598; baseline 0.001 -18"><span class='ocrx_word' id='word_1_90' title='bbox 126 1528 272 1581; x_wconf 87' lang='lat' dir='ltr'>ritus</span> <span class='ocrx_word' id='word_1_91' title='bbox 300 1531 540 1587; x_wconf 81' lang='lat' dir='ltr'>sanctus.</span> <span class='ocrx_word' id='word_1_92' title='bbox 574 1527 790 1582; x_wconf 74' lang='lat' dir='ltr'>servivit</span> <span class='ocrx_word' id='word_1_93' title='bbox 822 1527 915 1581; x_wconf 88' lang='lat' dir='ltr'>illi</span> <span class='ocrx_word' id='word_1_94' title='bbox 941 1528 1196 1598; x_wconf 78' lang='lat' dir='ltr'>Spiritui,</span> <span class='ocrx_word' id='word_1_95' title='bbox 1240 1536 1381 1582; x_wconf 74' lang='lat' dir='ltr'>recte</span> <span class='ocrx_word' id='word_1_96' title='bbox 1424 1530 1483 1582; x_wconf 88' lang='lat' dir='ltr'>in</span> <span class='ocrx_word' id='word_1_97' title='bbox 1514 1528 1780 1583; x_wconf 80' lang='lat' dir='ltr'>modestia</span> 
     </span>
    </p>
   </div>
   <div class='ocr_carea' id='block_1_15' title="bbox 128 1614 1782 1687">
    <p class='ocr_par' dir='ltr' id='par_1_15' title="bbox 128 1614 1782 1687">
     <span class='ocr_line' id='line_1_15' title="bbox 128 1614 1782 1687; baseline 0 -17"><span class='ocrx_word' id='word_1_98' title='bbox 128 1614 386 1670; x_wconf 79' lang='lat' dir='ltr'>ambulas</span> <span class='ocrx_word' id='word_1_99' title='bbox 413 1623 464 1670; x_wconf 90' lang='lat' dir='ltr'>et</span> <span class='ocrx_word' id='word_1_100' title='bbox 491 1624 656 1684; x_wconf 90' lang='lat' dir='ltr'>caste,</span> <span class='ocrx_word' id='word_1_101' title='bbox 688 1632 863 1685; x_wconf 78' lang='lat' dir='ltr'>neque</span> <span class='ocrx_word' id='word_1_102' title='bbox 892 1617 1112 1670; x_wconf 83' lang='lat' dir='ltr'>omnino</span> <span class='ocrx_word' id='word_1_103' title='bbox 1155 1616 1461 1671; x_wconf 76' lang='lat' dir='ltr'>maculavit</span> <span class='ocrx_word' id='word_1_104' title='bbox 1514 1616 1782 1687; x_wconf 87' lang='lat' dir='ltr'>Spiritum</span> 
     </span>
    </p>
   </div>
   <div class='ocr_carea' id='block_1_16' title="bbox 132 1704 1785 1776">
    <p class='ocr_par' dir='ltr' id='par_1_16' title="bbox 132 1704 1785 1776">
     <span class='ocr_line' id='line_1_16' title="bbox 132 1704 1785 1776; baseline 0 -16"><span class='ocrx_word' id='word_1_105' title='bbox 132 1706 321 1760; x_wconf 86' lang='lat' dir='ltr'>illum.</span> <span class='ocrx_word' id='word_1_106' title='bbox 356 1704 488 1759; x_wconf 85' lang='lat' dir='ltr'>Cum</span> <span class='ocrx_word' id='word_1_107' title='bbox 506 1704 683 1773; x_wconf 82' lang='lat' dir='ltr'>igitur</span> <span class='ocrx_word' id='word_1_108' title='bbox 711 1720 904 1775; x_wconf 82' lang='lat' dir='ltr'>corpus</span> <span class='ocrx_word' id='word_1_109' title='bbox 920 1704 1071 1758; x_wconf 79' lang='lat' dir='ltr'>illud</span> <span class='ocrx_word' id='word_1_110' title='bbox 1088 1713 1359 1775; x_wconf 81' lang='lat' dir='ltr'>paruisset</span> <span class='ocrx_word' id='word_1_111' title='bbox 1379 1707 1529 1760; x_wconf 89' lang='lat' dir='ltr'>omni</span> <span class='ocrx_word' id='word_1_112' title='bbox 1549 1714 1785 1776; x_wconf 87' lang='lat' dir='ltr'>tempore</span> 
     </span>
    </p>
   </div>
   <div class='ocr_carea' id='block_1_17' title="bbox 134 1794 1783 1865">
    <p class='ocr_par' dir='ltr' id='par_1_17' title="bbox 134 1794 1783 1865">
     <span class='ocr_line' id='line_1_17' title="bbox 134 1794 1783 1865; baseline 0 -16"><span class='ocrx_word' id='word_1_113' title='bbox 134 1794 379 1865; x_wconf 77' lang='lat' dir='ltr'>Spiritui</span> <span class='ocrx_word' id='word_1_114' title='bbox 405 1810 505 1848; x_wconf 91' lang='lat' dir='ltr'>san</span> <span class='ocrx_word' id='word_1_115' title='bbox 515 1802 601 1849; x_wconf 90' lang='lat' dir='ltr'>cto</span> <span class='ocrx_word' id='word_1_116' title='bbox 621 1801 761 1849; x_wconf 89' lang='lat' dir='ltr'>recte</span> <span class='ocrx_word' id='word_1_117' title='bbox 790 1798 954 1863; x_wconf 85' lang='lat' dir='ltr'>atque</span> <span class='ocrx_word' id='word_1_118' title='bbox 974 1797 1205 1861; x_wconf 89' lang='lat' dir='ltr'>caste,ac</span> <span class='ocrx_word' id='word_1_119' title='bbox 1225 1794 1533 1849; x_wconf 77' lang='lat' dir='ltr'>laborasset</span> <span class='ocrx_word' id='word_1_120' title='bbox 1552 1812 1675 1849; x_wconf 88' lang='lat' dir='ltr'>cum</span> <span class='ocrx_word' id='word_1_121' title='bbox 1696 1810 1783 1862; x_wconf 87' lang='lat' dir='ltr'>eo,</span> 
     </span>
    </p>
   </div>
   <div class='ocr_carea' id='block_1_18' title="bbox 132 1878 1786 1956">
    <p class='ocr_par' dir='ltr' id='par_1_18' title="bbox 132 1878 1786 1956">
     <span class='ocr_line' id='line_1_18' title="bbox 132 1878 1786 1956; baseline 0.001 -19"><span class='ocrx_word' id='word_1_122' title='bbox 132 1898 233 1937; x_wconf 89' lang='lat' dir='ltr'>nec</span> <span class='ocrx_word' id='word_1_123' title='bbox 260 1882 634 1939; x_wconf 83' lang='lat' dir='ltr'>succubuisset</span> <span class='ocrx_word' id='word_1_124' title='bbox 670 1884 730 1936; x_wconf 89' lang='lat' dir='ltr'>in</span> <span class='ocrx_word' id='word_1_125' title='bbox 787 1898 940 1937; x_wconf 80' lang='lat' dir='ltr'>omni</span> <span class='ocrx_word' id='word_1_126' title='bbox 974 1886 1231 1953; x_wconf 85' lang='lat' dir='ltr'>tempore,</span> <span class='ocrx_word' id='word_1_127' title='bbox 1264 1878 1562 1955; x_wconf 80' lang='lat' dir='ltr'>fatigatum</span> <span class='ocrx_word' id='word_1_128' title='bbox 1592 1900 1786 1956; x_wconf 88' lang='lat' dir='ltr'>corpus</span> 
     </span>
    </p>
   </div>
   <div class='ocr_carea' id='block_1_19' title="bbox 134 1970 1787 2044">
    <p class='ocr_par' dir='ltr' id='par_1_19' title="bbox 134 1970 1787 2044">
     <span class='ocr_line' id='line_1_19' title="bbox 134 1970 1787 2044; baseline 0.001 -19"><span class='ocrx_word' id='word_1_129' title='bbox 134 1972 559 2027; x_wconf 83' lang='lat' dir='ltr'>illudserviliter</span> <span class='ocrx_word' id='word_1_130' title='bbox 576 1979 947 2027; x_wconf 77' lang='lat' dir='ltr'>conuersatam</span> <span class='ocrx_word' id='word_1_131' title='bbox 977 1978 1072 2040; x_wconf 89' lang='lat' dir='ltr'>est,</span> <span class='ocrx_word' id='word_1_132' title='bbox 1086 1970 1183 2026; x_wconf 88' lang='lat' dir='ltr'>sed</span> <span class='ocrx_word' id='word_1_133' title='bbox 1191 1970 1548 2041; x_wconf 67' lang='lat' dir='ltr'>fortiter-cum</span> <span class='ocrx_word' id='word_1_134' title='bbox 1578 1972 1787 2044; x_wconf 82' lang='lat' dir='ltr'>Spiritu</span> 
     </span>
    </p>
   </div>
   <div class='ocr_carea' id='block_1_20' title="bbox 132 2060 1783 2130">
    <p class='ocr_par' dir='ltr' id='par_1_20' title="bbox 132 2060 1783 2130">
     <span class='ocr_line' id='line_1_20' title="bbox 132 2060 1783 2130; baseline 0 -16"><span class='ocrx_word' id='word_1_135' title='bbox 132 2063 321 2115; x_wconf 87' lang='lat' dir='ltr'>sancto</span> <span class='ocrx_word' id='word_1_136' title='bbox 348 2060 783 2128; x_wconf 86' lang='lat' dir='ltr'>comprobatum,</span> <span class='ocrx_word' id='word_1_137' title='bbox 822 2063 935 2114; x_wconf 92' lang='lat' dir='ltr'>Deo</span> <span class='ocrx_word' id='word_1_138' title='bbox 967 2067 1243 2130; x_wconf 85' lang='lat' dir='ltr'>receptum</span> <span class='ocrx_word' id='word_1_139' title='bbox 1272 2069 1352 2115; x_wconf 88' lang='lat' dir='ltr'>est</span> <span class='ocrx_word' id='word_1_140' title='bbox 1380 2060 1663 2130; x_wconf 87' lang='lat' dir='ltr'>(alludere</span> <span class='ocrx_word' id='word_1_141' title='bbox 1697 2061 1783 2114; x_wconf 93' lang='lat' dir='ltr'>vi-</span> 
     </span>
    </p>
   </div>
   <div class='ocr_carea' id='block_1_21' title="bbox 134 2145 1783 2219">
    <p class='ocr_par' dir='ltr' id='par_1_21' title="bbox 134 2145 1783 2219">
     <span class='ocr_line' id='line_1_21' title="bbox 134 2145 1783 2219; baseline -0.002 -14"><span class='ocrx_word' id='word_1_142' title='bbox 134 2151 310 2205; x_wconf 86' lang='lat' dir='ltr'>detur</span> <span class='ocrx_word' id='word_1_143' title='bbox 333 2150 404 2204; x_wconf 89' lang='lat' dir='ltr'>ad</span> <span class='ocrx_word' id='word_1_144' title='bbox 430 2149 604 2204; x_wconf 90' lang='lat' dir='ltr'>verba</span> <span class='ocrx_word' id='word_1_145' title='bbox 632 2146 794 2203; x_wconf 86' lang='lat' dir='ltr'>Pauli</span> <span class='ocrx_word' id='word_1_146' title='bbox 826 2148 849 2202; x_wconf 88' lang='grc' dir='ltr'>Ι</span> <span class='ocrx_word' id='word_1_147' title='bbox 879 2148 1135 2203; x_wconf 89' lang='lat' dir='ltr'>Timoth.</span> <span class='ocrx_word' id='word_1_148' title='bbox 1172 2165 1297 2219; x_wconf 88' lang='lat' dir='ltr'>cap.</span> <span class='ocrx_word' id='word_1_149' title='bbox 1332 2167 1419 2215; x_wconf 89' lang='grc' dir='ltr'>ιιι,</span> <span class='ocrx_word' id='word_1_150' title='bbox 1451 2167 1501 2204; x_wconf 92' lang='lat' dir='ltr'>v.</span> <span class='ocrx_word' id='word_1_151' title='bbox 1549 2151 1636 2217; x_wconf 87' lang='grc'>16,</span> <span class='ocrx_word' id='word_1_152' title='bbox 1678 2145 1783 2202; x_wconf 77' lang='grc' dir='ltr'>ἐδι-</span> 
     </span>
    </p>
   </div>
   <div class='ocr_carea' id='block_1_22' title="bbox 136 2233 1786 2312">
    <p class='ocr_par' dir='ltr' id='par_1_22' title="bbox 136 2233 1786 2312">
     <span class='ocr_line' id='line_1_22' title="bbox 136 2233 1786 2312; baseline 0.002 -22"><span class='ocrx_word' id='word_1_153' title='bbox 136 2238 350 2305; x_wconf 78' lang='grc' dir='ltr'>καιώθη</span> <span class='ocrx_word' id='word_1_154' title='bbox 384 2236 435 2290; x_wconf 81' lang='grc' dir='ltr'>ἐν</span> <span class='ocrx_word' id='word_1_155' title='bbox 466 2234 750 2307; x_wconf 79' lang='grc' dir='ltr'>πνεύματι,</span> <span class='ocrx_word' id='word_1_156' title='bbox 785 2234 873 2289; x_wconf 78' lang='grc' dir='ltr'>καὶ</span> <span class='ocrx_word' id='word_1_157' title='bbox 907 2234 1179 2312; x_wconf 73' lang='grc' dir='ltr'>ἀνελήφθη</span> <span class='ocrx_word' id='word_1_158' title='bbox 1218 2234 1268 2289; x_wconf 82' lang='grc' dir='ltr'>ἐν</span> <span class='ocrx_word' id='word_1_159' title='bbox 1304 2233 1537 2310; x_wconf 76' lang='grc' dir='ltr'>δόξῃ),ἱῐι</span> <span class='ocrx_word' id='word_1_160' title='bbox 1573 2238 1786 2309; x_wconf 87' lang='lat' dir='ltr'>quibus</span> 
     </span>
    </p>
   </div>
   <div class='ocr_carea' id='block_1_23' title="bbox 134 2326 1787 2398">
    <p class='ocr_par' dir='ltr' id='par_1_23' title="bbox 134 2326 1787 2398">
     <span class='ocr_line' id='line_1_23' title="bbox 134 2326 1787 2398; baseline 0.001 -17"><span class='ocrx_word' id='word_1_161' title='bbox 134 2327 332 2383; x_wconf 87' lang='lat' dir='ltr'>verbis</span> <span class='ocrx_word' id='word_1_162' title='bbox 364 2326 579 2397; x_wconf 91' lang='lat' dir='ltr'>liquido</span> <span class='ocrx_word' id='word_1_163' title='bbox 610 2330 869 2398; x_wconf 86' lang='lat' dir='ltr'>apparet,</span> <span class='ocrx_word' id='word_1_164' title='bbox 914 2327 1209 2381; x_wconf 86' lang='lat' dir='ltr'>Pastorem</span> <span class='ocrx_word' id='word_1_165' title='bbox 1243 2326 1401 2398; x_wconf 91' lang='lat' dir='ltr'>loqui</span> <span class='ocrx_word' id='word_1_166' title='bbox 1446 2328 1516 2382; x_wconf 90' lang='lat' dir='ltr'>de</span> <span class='ocrx_word' id='word_1_167' title='bbox 1546 2344 1787 2398; x_wconf 90' lang='lat' dir='ltr'>corpore</span> 
     </span>
    </p>
   </div>
   <div class='ocr_carea' id='block_1_24' title="bbox 138 2414 1788 2488">
    <p class='ocr_par' dir='ltr' id='par_1_24' title="bbox 138 2414 1788 2488">
     <span class='ocr_line' id='line_1_24' title="bbox 138 2414 1788 2488; baseline 0 -17"><span class='ocrx_word' id='word_1_168' title='bbox 138 2432 246 2471; x_wconf 89' lang='lat' dir='ltr'>seu</span> <span class='ocrx_word' id='word_1_169' title='bbox 265 2421 475 2471; x_wconf 91' lang='lat' dir='ltr'>natura</span> <span class='ocrx_word' id='word_1_170' title='bbox 491 2414 705 2469; x_wconf 86' lang='lat' dir='ltr'>Christi</span> <span class='ocrx_word' id='word_1_171' title='bbox 726 2414 1199 2486; x_wconf 89' lang='lat' dir='ltr'>humana,deque</span> <span class='ocrx_word' id='word_1_172' title='bbox 1216 2430 1281 2469; x_wconf 92' lang='lat' dir='ltr'>eo</span> <span class='ocrx_word' id='word_1_173' title='bbox 1298 2420 1529 2470; x_wconf 89' lang='lat' dir='ltr'>tantum</span> <span class='ocrx_word' id='word_1_174' title='bbox 1552 2433 1788 2488; x_wconf 89' lang='lat' dir='ltr'>corpore</span> 
     </span>
    </p>
   </div>
   <div class='ocr_carea' id='block_1_25' title="bbox 138 2503 1786 2577">
    <p class='ocr_par' dir='ltr' id='par_1_25' title="bbox 138 2503 1786 2577">
     <span class='ocr_line' id='line_1_25' title="bbox 138 2503 1786 2577; baseline 0 -18"><span class='ocrx_word' id='word_1_175' title='bbox 138 2505 460 2570; x_wconf 82' lang='lat' dir='ltr'>afﬁrmare,</span> <span class='ocrx_word' id='word_1_176' title='bbox 493 2503 630 2574; x_wconf 83' lang='lat' dir='ltr'>quod</span> <span class='ocrx_word' id='word_1_177' title='bbox 656 2504 929 2558; x_wconf 87' lang='lat' dir='ltr'>serviliter</span> <span class='ocrx_word' id='word_1_178' title='bbox 956 2509 1337 2560; x_wconf 78' lang='lat' dir='ltr'>conuersatam</span> <span class='ocrx_word' id='word_1_179' title='bbox 1365 2507 1571 2576; x_wconf 85' lang='lat' dir='ltr'>fuerit;</span> <span class='ocrx_word' id='word_1_180' title='bbox 1604 2506 1786 2577; x_wconf 92' lang='lat' dir='ltr'>quod-</span> 
     </span>
    </p>
   </div>
   <div class='ocr_carea' id='block_1_26' title="bbox 138 2593 1788 2665">
    <p class='ocr_par' dir='ltr' id='par_1_26' title="bbox 138 2593 1788 2665">
     <span class='ocr_line' id='line_1_26' title="bbox 138 2593 1788 2665; baseline 0 -16"><span class='ocrx_word' id='word_1_181' title='bbox 138 2610 253 2664; x_wconf 87' lang='lat' dir='ltr'>que</span> <span class='ocrx_word' id='word_1_182' title='bbox 284 2597 434 2665; x_wconf 88' lang='lat' dir='ltr'>post,</span> <span class='ocrx_word' id='word_1_183' title='bbox 468 2610 533 2648; x_wconf 84' lang='lat' dir='ltr'>ac</span> <span class='ocrx_word' id='word_1_184' title='bbox 564 2596 798 2664; x_wconf 85' lang='lat' dir='ltr'>propter</span> <span class='ocrx_word' id='word_1_185' title='bbox 829 2597 1123 2664; x_wconf 87' lang='lat' dir='ltr'>peractam</span> <span class='ocrx_word' id='word_1_186' title='bbox 1154 2593 1212 2648; x_wconf 94' lang='lat' dir='ltr'>in</span> <span class='ocrx_word' id='word_1_187' title='bbox 1246 2593 1418 2649; x_wconf 89' lang='lat' dir='ltr'>terris</span> <span class='ocrx_word' id='word_1_188' title='bbox 1449 2595 1788 2650; x_wconf 89' lang='lat' dir='ltr'>servitutem</span> 
     </span>
    </p>
   </div>
   <div class='ocr_carea' id='block_1_27' title="bbox 141 2680 1790 2755">
    <p class='ocr_par' dir='ltr' id='par_1_27' title="bbox 141 2680 1790 2755">
     <span class='ocr_line' id='line_1_27' title="bbox 141 2680 1790 2755; baseline 0 -17"><span class='ocrx_word' id='word_1_189' title='bbox 141 2684 319 2738; x_wconf 88' lang='lat' dir='ltr'>istam</span> <span class='ocrx_word' id='word_1_190' title='bbox 344 2698 475 2737; x_wconf 91' lang='lat' dir='ltr'>cum</span> <span class='ocrx_word' id='word_1_191' title='bbox 500 2681 714 2753; x_wconf 89' lang='lat' dir='ltr'>Spiritu</span> <span class='ocrx_word' id='word_1_192' title='bbox 750 2686 949 2736; x_wconf 88' lang='lat' dir='ltr'>sancto</span> <span class='ocrx_word' id='word_1_193' title='bbox 982 2698 1083 2737; x_wconf 90' lang='lat' dir='ltr'>seu</span> <span class='ocrx_word' id='word_1_194' title='bbox 1112 2685 1190 2751; x_wconf 80' lang='grc' dir='ltr'>τῷ</span> <span class='ocrx_word' id='word_1_195' title='bbox 1222 2680 1377 2755; x_wconf 76' lang='grc' dir='ltr'>Λόγῳ</span> <span class='ocrx_word' id='word_1_196' title='bbox 1407 2684 1464 2737; x_wconf 91' lang='lat' dir='ltr'>in</span> <span class='ocrx_word' id='word_1_197' title='bbox 1498 2700 1612 2755; x_wconf 92' lang='lat' dir='ltr'>quo</span> <span class='ocrx_word' id='word_1_198' title='bbox 1645 2683 1790 2738; x_wconf 89' lang='lat' dir='ltr'>sub-</span> 
     </span>
    </p>
   </div>
   <div class='ocr_carea' id='block_1_28' title="bbox 142 2771 1791 2843">
    <p class='ocr_par' dir='ltr' id='par_1_28' title="bbox 142 2771 1791 2843">
     <span class='ocr_line' id='line_1_28' title="bbox 142 2771 1791 2843; baseline -0.001 -16"><span class='ocrx_word' id='word_1_199' title='bbox 142 2772 405 2835; x_wconf 88' lang='lat' dir='ltr'>sisteret,</span> <span class='ocrx_word' id='word_1_200' title='bbox 436 2771 843 2839; x_wconf 87' lang='lat' dir='ltr'>comprobatum</span> <span class='ocrx_word' id='word_1_201' title='bbox 870 2772 993 2840; x_wconf 89' lang='lat' dir='ltr'>Deo,</span> <span class='ocrx_word' id='word_1_202' title='bbox 1019 2773 1189 2841; x_wconf 81' lang='lat' dir='ltr'>fuerit</span> <span class='ocrx_word' id='word_1_203' title='bbox 1214 2775 1508 2843; x_wconf 88' lang='lat' dir='ltr'>receptum,</span> <span class='ocrx_word' id='word_1_204' title='bbox 1544 2772 1650 2827; x_wconf 94' lang='lat' dir='ltr'>hoc</span> <span class='ocrx_word' id='word_1_205' title='bbox 1681 2776 1791 2837; x_wconf 88' lang='lat' dir='ltr'>est,</span> 
     </span>
    </p>
   </div>
   <div class='ocr_carea' id='block_1_29' title="bbox 144 2860 1790 2930">
    <p class='ocr_par' dir='ltr' id='par_1_29' title="bbox 144 2860 1790 2930">
     <span class='ocr_line' id='line_1_29' title="bbox 144 2860 1790 2930; baseline -0.001 -15"><span class='ocrx_word' id='word_1_206' title='bbox 144 2860 220 2915; x_wconf 90' lang='lat' dir='ltr'>ad</span> <span class='ocrx_word' id='word_1_207' title='bbox 264 2860 525 2915; x_wconf 78' lang='lat' dir='ltr'>dextram</span> <span class='ocrx_word' id='word_1_208' title='bbox 576 2860 784 2914; x_wconf 69' lang='lat' dir='ltr'>divinae</span> <span class='ocrx_word' id='word_1_209' title='bbox 830 2860 1153 2930; x_wconf 85' lang='lat' dir='ltr'>majestatis</span> <span class='ocrx_word' id='word_1_210' title='bbox 1201 2867 1461 2915; x_wconf 89' lang='lat' dir='ltr'>evectum</span> <span class='ocrx_word' id='word_1_211' title='bbox 1512 2864 1573 2916; x_wconf 86' lang='lat' dir='ltr'>in</span> <span class='ocrx_word' id='word_1_212' title='bbox 1614 2862 1790 2917; x_wconf 73' lang='lat' dir='ltr'>eacel-</span> 
     </span>
    </p>
   </div>
   <div class='ocr_carea' id='block_1_30' title="bbox 145 2947 1792 3005">
    <p class='ocr_par' dir='ltr' id='par_1_30' title="bbox 145 2947 1792 3005">
     <span class='ocr_line' id='line_1_30' title="bbox 145 2947 1792 3005; baseline 0.001 -2"><span class='ocrx_word' id='word_1_213' title='bbox 145 2950 403 3003; x_wconf 86' lang='lat' dir='ltr'>sissimis.</span> <span class='ocrx_word' id='word_1_214' title='bbox 436 2948 582 3001; x_wconf 88' lang='lat' dir='ltr'>Hinc</span> <span class='ocrx_word' id='word_1_215' title='bbox 616 2948 817 3003; x_wconf 88' lang='lat' dir='ltr'>Pastor</span> <span class='ocrx_word' id='word_1_216' title='bbox 860 2947 1069 3002; x_wconf 90' lang='lat' dir='ltr'>Christi</span> <span class='ocrx_word' id='word_1_217' title='bbox 1102 2949 1354 3004; x_wconf 88' lang='lat' dir='ltr'>hominis</span> <span class='ocrx_word' id='word_1_218' title='bbox 1383 2949 1792 3005; x_wconf 88' lang='lat' dir='ltr'>exaltationem</span> 
     </span>
    </p>
   </div>
   <div class='ocr_carea' id='block_1_31' title="bbox 146 3036 1791 3109">
    <p class='ocr_par' dir='ltr' id='par_1_31' title="bbox 146 3036 1791 3109">
     <span class='ocr_line' id='line_1_31' title="bbox 146 3036 1791 3109; baseline 0.001 -17"><span class='ocrx_word' id='word_1_219' title='bbox 146 3038 601 3092; x_wconf 88' lang='lat' dir='ltr'>adumbraverat</span> <span class='ocrx_word' id='word_1_220' title='bbox 648 3036 705 3091; x_wconf 94' lang='lat' dir='ltr'>in</span> <span class='ocrx_word' id='word_1_221' title='bbox 762 3036 1147 3092; x_wconf 88' lang='lat' dir='ltr'>similitudine</span> <span class='ocrx_word' id='word_1_222' title='bbox 1196 3054 1294 3108; x_wconf 93' lang='lat' dir='ltr'>per</span> <span class='ocrx_word' id='word_1_223' title='bbox 1334 3055 1586 3108; x_wconf 90' lang='lat' dir='ltr'>servum,</span> <span class='ocrx_word' id='word_1_224' title='bbox 1620 3056 1791 3109; x_wconf 89' lang='lat' dir='ltr'>quem</span> 
     </span>
    </p>
   </div>
   <div class='ocr_carea' id='block_1_32' title="bbox 150 3126 1794 3200">
    <p class='ocr_par' dir='ltr' id='par_1_32' title="bbox 150 3126 1794 3200">
     <span class='ocr_line' id='line_1_32' title="bbox 150 3126 1794 3200; baseline 0.001 -18"><span class='ocrx_word' id='word_1_225' title='bbox 150 3126 436 3182; x_wconf 89' lang='lat' dir='ltr'>Dominus</span> <span class='ocrx_word' id='word_1_226' title='bbox 470 3126 656 3196; x_wconf 83' lang='lat' dir='ltr'>fundi,</span> <span class='ocrx_word' id='word_1_227' title='bbox 706 3126 815 3181; x_wconf 91' lang='lat' dir='ltr'>hoc</span> <span class='ocrx_word' id='word_1_228' title='bbox 846 3130 934 3182; x_wconf 89' lang='lat' dir='ltr'>est</span> <span class='ocrx_word' id='word_1_229' title='bbox 979 3132 1129 3182; x_wconf 90' lang='lat' dir='ltr'>Deus</span> <span class='ocrx_word' id='word_1_230' title='bbox 1160 3132 1348 3195; x_wconf 88' lang='lat' dir='ltr'>Pater,</span> <span class='ocrx_word' id='word_1_231' title='bbox 1384 3133 1619 3199; x_wconf 90' lang='lat' dir='ltr'>propter</span> <span class='ocrx_word' id='word_1_232' title='bbox 1646 3146 1794 3200; x_wconf 91' lang='lat' dir='ltr'>opus</span> 
     </span>
    </p>
   </div>
   <div class='ocr_carea' id='block_1_33' title="bbox 149 3214 1794 3287">
    <p class='ocr_par' dir='ltr' id='par_1_33' title="bbox 149 3214 1794 3287">
     <span class='ocr_line' id='line_1_33' title="bbox 149 3214 1794 3287; baseline 0 -17"><span class='ocrx_word' id='word_1_233' title='bbox 149 3217 371 3271; x_wconf 90' lang='lat' dir='ltr'>bonum</span> <span class='ocrx_word' id='word_1_234' title='bbox 402 3216 555 3287; x_wconf 91' lang='lat' dir='ltr'>quod</span> <span class='ocrx_word' id='word_1_235' title='bbox 589 3215 954 3287; x_wconf 73' lang='lat' dir='ltr'>praestiterat,</span> <span class='ocrx_word' id='word_1_236' title='bbox 990 3214 1130 3270; x_wconf 84' lang='lat' dir='ltr'>Filio</span> <span class='ocrx_word' id='word_1_237' title='bbox 1174 3234 1278 3271; x_wconf 92' lang='lat' dir='ltr'>suo</span> <span class='ocrx_word' id='word_1_238' title='bbox 1312 3217 1667 3272; x_wconf 59' lang='lat' dir='ltr'>coheredem</span> <span class='ocrx_word' id='word_1_239' title='bbox 1698 3234 1794 3271; x_wconf 86' lang='lat' dir='ltr'>vo-</span> 
     </span>
    </p>
   </div>
   <div class='ocr_carea' id='block_1_34' title="bbox 152 3304 1793 3377">
    <p class='ocr_par' dir='ltr' id='par_1_34' title="bbox 152 3304 1793 3377">
     <span class='ocr_line' id='line_1_34' title="bbox 152 3304 1793 3377; baseline 0.002 -20"><span class='ocrx_word' id='word_1_240' title='bbox 152 3304 265 3359; x_wconf 91' lang='lat' dir='ltr'>luit</span> <span class='ocrx_word' id='word_1_241' title='bbox 295 3304 725 3376; x_wconf 86' lang='lat' dir='ltr'>facere.Nempe</span> <span class='ocrx_word' id='word_1_242' title='bbox 756 3320 859 3376; x_wconf 93' lang='lat' dir='ltr'>per</span> <span class='ocrx_word' id='word_1_243' title='bbox 887 3321 1117 3360; x_wconf 89' lang='lat' dir='ltr'>servum</span> <span class='ocrx_word' id='word_1_244' title='bbox 1148 3304 1421 3377; x_wconf 85' lang='lat' dir='ltr'>intelligit</span> <span class='ocrx_word' id='word_1_245' title='bbox 1451 3323 1793 3377; x_wconf 86' lang='lat' dir='ltr'>corpus,seu</span> 
     </span>
    </p>
   </div>
   <div class='ocr_carea' id='block_1_35' title="bbox 150 3393 1017 3448">
    <p class='ocr_par' dir='ltr' id='par_1_35' title="bbox 150 3393 1017 3448">
     <span class='ocr_line' id='line_1_35' title="bbox 150 3393 1017 3448; baseline -0.001 0"><span class='ocrx_word' id='word_1_246' title='bbox 150 3394 472 3448; x_wconf 88' lang='lat' dir='ltr'>humanam</span> <span class='ocrx_word' id='word_1_247' title='bbox 506 3393 717 3448; x_wconf 89' lang='lat' dir='ltr'>Christi</span> <span class='ocrx_word' id='word_1_248' title='bbox 750 3397 1017 3448; x_wconf 87' lang='lat' dir='ltr'>naturam</span> 
     </span>
    </p>
   </div>
   <div class='ocr_carea' id='block_1_36' title="bbox 150 3479 1790 3556">
    <p class='ocr_par' dir='ltr' id='par_1_36' title="bbox 150 3479 1790 3556">
     <span class='ocr_line' id='line_1_36' title="bbox 150 3479 1790 3556; baseline 0.001 -21"><span class='ocrx_word' id='word_1_249' title='bbox 150 3482 297 3544; x_wconf 75' lang='grc' dir='ltr'>θείαν</span> <span class='ocrx_word' id='word_1_250' title='bbox 349 3482 407 3535; x_wconf 93' lang='lat' dir='ltr'>in</span> <span class='ocrx_word' id='word_1_251' title='bbox 439 3482 670 3536; x_wconf 89' lang='lat' dir='ltr'>Christo</span> <span class='ocrx_word' id='word_1_252' title='bbox 721 3479 875 3556; x_wconf 74' lang='grc' dir='ltr'>φύσιν</span> <span class='ocrx_word' id='word_1_253' title='bbox 914 3483 1171 3537; x_wconf 89' lang='lat' dir='ltr'>divinam</span> <span class='ocrx_word' id='word_1_254' title='bbox 1202 3489 1489 3552; x_wconf 88' lang='lat' dir='ltr'>naturam,</span> <span class='ocrx_word' id='word_1_255' title='bbox 1521 3488 1585 3537; x_wconf 91' lang='lat' dir='ltr'>ut</span> <span class='ocrx_word' id='word_1_256' title='bbox 1618 3483 1790 3538; x_wconf 91' lang='lat' dir='ltr'>lecto-</span> 
     </span>
    </p>
   </div>
   <div class='ocr_carea' id='block_1_37' title="bbox 151 3569 1795 3643">
    <p class='ocr_par' dir='ltr' id='par_1_37' title="bbox 151 3569 1795 3643">
     <span class='ocr_line' id='line_1_37' title="bbox 151 3569 1795 3643; baseline -0.001 -17"><span class='ocrx_word' id='word_1_257' title='bbox 151 3588 277 3626; x_wconf 89' lang='lat' dir='ltr'>rem</span> <span class='ocrx_word' id='word_1_258' title='bbox 306 3572 427 3641; x_wconf 90' lang='lat' dir='ltr'>jam</span> <span class='ocrx_word' id='word_1_259' title='bbox 461 3569 593 3641; x_wconf 91' lang='lat' dir='ltr'>plus</span> <span class='ocrx_word' id='word_1_260' title='bbox 616 3570 794 3625; x_wconf 88' lang='lat' dir='ltr'>semel</span> <span class='ocrx_word' id='word_1_261' title='bbox 825 3571 1364 3627; x_wconf 90' lang='lat' dir='ltr'>monuimus.Tunc</span> <span class='ocrx_word' id='word_1_262' title='bbox 1387 3572 1566 3643; x_wconf 83' lang='lat' dir='ltr'>igitur</span> <span class='ocrx_word' id='word_1_263' title='bbox 1595 3588 1795 3627; x_wconf 90' lang='lat' dir='ltr'>servus</span> 
     </span>
    </p>
   </div>
   <div class='ocr_carea' id='block_1_38' title="bbox 150 3659 1799 3732">
    <p class='ocr_par' dir='ltr' id='par_1_38' title="bbox 150 3659 1799 3732">
     <span class='ocr_line' id='line_1_38' title="bbox 150 3659 1799 3732; baseline -0.001 -16"><span class='ocrx_word' id='word_1_264' title='bbox 150 3660 301 3716; x_wconf 87' lang='lat' dir='ltr'>Filio</span> <span class='ocrx_word' id='word_1_265' title='bbox 335 3659 587 3713; x_wconf 72' lang='lat' dir='ltr'>cohaeres</span> <span class='ocrx_word' id='word_1_266' title='bbox 620 3659 807 3713; x_wconf 83' lang='lat' dir='ltr'>lactus</span> <span class='ocrx_word' id='word_1_267' title='bbox 857 3664 967 3726; x_wconf 85' lang='lat' dir='ltr'>est,</span> <span class='ocrx_word' id='word_1_268' title='bbox 1000 3676 1132 3715; x_wconf 90' lang='lat' dir='ltr'>cum</span> <span class='ocrx_word' id='word_1_269' title='bbox 1163 3677 1375 3732; x_wconf 87' lang='lat' dir='ltr'>corpus</span> <span class='ocrx_word' id='word_1_270' title='bbox 1404 3678 1505 3716; x_wconf 90' lang='lat' dir='ltr'>seu</span> <span class='ocrx_word' id='word_1_271' title='bbox 1540 3662 1799 3716; x_wconf 91' lang='lat' dir='ltr'>humana</span> 
     </span>
    </p>
   </div>
   <div class='ocr_carea' id='block_1_39' title="bbox 150 3746 1796 3818">
    <p class='ocr_par' dir='ltr' id='par_1_39' title="bbox 150 3746 1796 3818">
     <span class='ocr_line' id='line_1_39' title="bbox 150 3746 1796 3818; baseline 0 -13"><span class='ocrx_word' id='word_1_272' title='bbox 150 3754 365 3805; x_wconf 88' lang='lat' dir='ltr'>natura</span> <span class='ocrx_word' id='word_1_273' title='bbox 400 3747 537 3802; x_wconf 89' lang='lat' dir='ltr'>Jesu</span> <span class='ocrx_word' id='word_1_274' title='bbox 572 3746 785 3801; x_wconf 88' lang='lat' dir='ltr'>Christi</span> <span class='ocrx_word' id='word_1_275' title='bbox 826 3753 958 3818; x_wconf 90' lang='lat' dir='ltr'>post</span> <span class='ocrx_word' id='word_1_276' title='bbox 1006 3749 1490 3804; x_wconf 85' lang='lat' dir='ltr'>resurrectionem</span> <span class='ocrx_word' id='word_1_277' title='bbox 1540 3751 1611 3805; x_wconf 90' lang='lat' dir='ltr'>ad</span> <span class='ocrx_word' id='word_1_278' title='bbox 1662 3751 1796 3805; x_wconf 83' lang='lat' dir='ltr'>dex-</span> 
     </span>
    </p>
   </div>
   <div class='ocr_carea' id='block_1_40' title="bbox 147 3834 1796 3910">
    <p class='ocr_par' dir='ltr' id='par_1_40' title="bbox 147 3834 1796 3910">
     <span class='ocr_line' id='line_1_40' title="bbox 147 3834 1796 3910; baseline 0.001 -17"><span class='ocrx_word' id='word_1_279' title='bbox 147 3844 309 3893; x_wconf 87' lang='lat' dir='ltr'>tram</span> <span class='ocrx_word' id='word_1_280' title='bbox 340 3836 440 3891; x_wconf 91' lang='lat' dir='ltr'>Dei</span> <span class='ocrx_word' id='word_1_281' title='bbox 468 3834 771 3899; x_wconf 89' lang='lat' dir='ltr'>collocata,</span> <span class='ocrx_word' id='word_1_282' title='bbox 804 3836 1065 3905; x_wconf 87' lang='lat' dir='ltr'>ejusdem</span> <span class='ocrx_word' id='word_1_283' title='bbox 1094 3837 1290 3909; x_wconf 67' lang='lat' dir='ltr'>gloriae</span> <span class='ocrx_word' id='word_1_284' title='bbox 1334 3843 1508 3910; x_wconf 90' lang='lat' dir='ltr'>atque</span> <span class='ocrx_word' id='word_1_285' title='bbox 1538 3839 1796 3908; x_wconf 88' lang='lat' dir='ltr'>honoris,</span> 
     </span>
    </p>
   </div>
   <div class='ocr_carea' id='block_1_41' title="bbox 145 3925 1798 3999">
    <p class='ocr_par' dir='ltr' id='par_1_41' title="bbox 145 3925 1798 3999">
     <span class='ocr_line' id='line_1_41' title="bbox 145 3925 1798 3999; baseline 0.001 -18"><span class='ocrx_word' id='word_1_286' title='bbox 145 3944 252 3998; x_wconf 90' lang='lat' dir='ltr'>pro</span> <span class='ocrx_word' id='word_1_287' title='bbox 286 3930 459 3996; x_wconf 89' lang='lat' dir='ltr'>captu</span> <span class='ocrx_word' id='word_1_288' title='bbox 486 3941 593 3979; x_wconf 90' lang='lat' dir='ltr'>suo</span> <span class='ocrx_word' id='word_1_289' title='bbox 626 3925 782 3980; x_wconf 90' lang='lat' dir='ltr'>socia</span> <span class='ocrx_word' id='word_1_290' title='bbox 800 3925 992 3991; x_wconf 86' lang='lat' dir='ltr'>fuerit,</span> <span class='ocrx_word' id='word_1_291' title='bbox 1018 3927 1422 3998; x_wconf 86' lang='lat' dir='ltr'>particepsque</span> <span class='ocrx_word' id='word_1_292' title='bbox 1449 3928 1798 3999; x_wconf 87' lang='lat' dir='ltr'>facta,quem</span> 
     </span>
    </p>
   </div>
   <div class='ocr_carea' id='block_1_42' title="bbox 142 4013 1803 4087">
    <p class='ocr_par' dir='ltr' id='par_1_42' title="bbox 142 4013 1803 4087">
     <span class='ocr_line' id='line_1_42' title="bbox 142 4013 1803 4087; baseline 0.002 -16"><span class='ocrx_word' id='word_1_293' title='bbox 142 4018 432 4071; x_wconf 90' lang='lat' dir='ltr'>honorem</span> <span class='ocrx_word' id='word_1_294' title='bbox 465 4013 647 4069; x_wconf 91' lang='lat' dir='ltr'>Filius</span> <span class='ocrx_word' id='word_1_295' title='bbox 680 4014 777 4069; x_wconf 90' lang='lat' dir='ltr'>Dei</span> <span class='ocrx_word' id='word_1_296' title='bbox 807 4032 909 4070; x_wconf 89' lang='lat' dir='ltr'>seu</span> <span class='ocrx_word' id='word_1_297' title='bbox 959 4014 986 4067; x_wconf 84' lang='grc' dir='ltr'>ὁ</span> <span class='ocrx_word' id='word_1_298' title='bbox 1018 4013 1213 4087; x_wconf 83' lang='grc' dir='ltr'>Λόγος,</span> <span class='ocrx_word' id='word_1_299' title='bbox 1275 4016 1449 4072; x_wconf 90' lang='lat' dir='ltr'>etiam</span> <span class='ocrx_word' id='word_1_300' title='bbox 1481 4022 1616 4073; x_wconf 90' lang='lat' dir='ltr'>ante</span> <span class='ocrx_word' id='word_1_301' title='bbox 1646 4017 1803 4074; x_wconf 91' lang='lat' dir='ltr'>hunc</span> 
     </span>
    </p>
   </div>
   <div class='ocr_carea' id='block_1_43' title="bbox 143 4104 1801 4178">
    <p class='ocr_par' dir='ltr' id='par_1_43' title="bbox 143 4104 1801 4178">
     <span class='ocr_line' id='line_1_43' title="bbox 143 4104 1801 4178; baseline 0.001 -18"><span class='ocrx_word' id='word_1_302' title='bbox 143 4105 447 4161; x_wconf 89' lang='lat' dir='ltr'>mundum</span> <span class='ocrx_word' id='word_1_303' title='bbox 498 4104 824 4170; x_wconf 90' lang='lat' dir='ltr'>conditum,</span> <span class='ocrx_word' id='word_1_304' title='bbox 876 4106 1030 4176; x_wconf 89' lang='lat' dir='ltr'>apud</span> <span class='ocrx_word' id='word_1_305' title='bbox 1098 4108 1330 4161; x_wconf 88' lang='lat' dir='ltr'>Patrem</span> <span class='ocrx_word' id='word_1_306' title='bbox 1384 4122 1557 4161; x_wconf 91' lang='lat' dir='ltr'>suum</span> <span class='ocrx_word' id='word_1_307' title='bbox 1615 4107 1801 4178; x_wconf 90' lang='lat' dir='ltr'>possi-</span> 
     </span>
    </p>
   </div>
   <div class='ocr_carea' id='block_1_44' title="bbox 145 4196 340 4249">
    <p class='ocr_par' dir='ltr' id='par_1_44' title="bbox 145 4196 340 4249">
     <span class='ocr_line' id='line_1_44' title="bbox 145 4196 340 4249; baseline -0.026 0"><span class='ocrx_word' id='word_1_308' title='bbox 145 4196 340 4249; x_wconf 87' lang='lat' dir='ltr'>deret.</span> 
     </span>
    </p>
   </div>
   <div class='ocr_carea' id='block_1_45' title="bbox 225 4279 1802 4351">
    <p class='ocr_par' dir='ltr' id='par_1_45' title="bbox 225 4279 1802 4351">
     <span class='ocr_line' id='line_1_45' title="bbox 225 4279 1802 4351; baseline 0.003 -16"><span class='ocrx_word' id='word_1_309' title='bbox 225 4279 557 4336; x_wconf 89' lang='lat' dir='ltr'>Genuinam</span> <span class='ocrx_word' id='word_1_310' title='bbox 576 4280 669 4336; x_wconf 92' lang='lat' dir='ltr'>hic</span> <span class='ocrx_word' id='word_1_311' title='bbox 689 4297 781 4336; x_wconf 89' lang='lat' dir='ltr'>me</span> <span class='ocrx_word' id='word_1_312' title='bbox 804 4281 1058 4337; x_wconf 84' lang='lat' dir='ltr'>Pastoris</span> <span class='ocrx_word' id='word_1_313' title='bbox 1080 4282 1425 4337; x_wconf 88' lang='lat' dir='ltr'>sententiam</span> <span class='ocrx_word' id='word_1_314' title='bbox 1450 4282 1802 4351; x_wconf 82' lang='lat' dir='ltr'>exhibuisse,</span> 
     </span>
    </p>
   </div>
   <div class='ocr_carea' id='block_1_46' title="bbox 149 4369 1808 4444">
    <p class='ocr_par' dir='ltr' id='par_1_46' title="bbox 149 4369 1808 4444">
     <span class='ocr_line' id='line_1_46' title="bbox 149 4369 1808 4444; baseline 0.002 -19"><span class='ocrx_word' id='word_1_315' title='bbox 149 4370 329 4426; x_wconf 83' lang='lat' dir='ltr'>facile</span> <span class='ocrx_word' id='word_1_316' title='bbox 352 4369 964 4442; x_wconf 88' lang='lat' dir='ltr'>perspiciet,quisquis</span> <span class='ocrx_word' id='word_1_317' title='bbox 983 4370 1430 4426; x_wconf 88' lang='lat' dir='ltr'>similitudinem</span> <span class='ocrx_word' id='word_1_318' title='bbox 1463 4372 1619 4427; x_wconf 92' lang='lat' dir='ltr'>illam</span> <span class='ocrx_word' id='word_1_319' title='bbox 1644 4374 1808 4444; x_wconf 89' lang='lat' dir='ltr'>quin-</span> 
     </span>
    </p>
   </div>
   <div class='ocr_carea' id='block_1_47' title="bbox 148 4457 1807 4531">
    <p class='ocr_par' dir='ltr' id='par_1_47' title="bbox 148 4457 1807 4531">
     <span class='ocr_line' id='line_1_47' title="bbox 148 4457 1807 4531; baseline 0.001 -17"><span class='ocrx_word' id='word_1_320' title='bbox 148 4465 277 4514; x_wconf 88' lang='lat' dir='ltr'>tam</span> <span class='ocrx_word' id='word_1_321' title='bbox 328 4458 552 4513; x_wconf 72' lang='lat' dir='ltr'>Hermze</span> <span class='ocrx_word' id='word_1_322' title='bbox 600 4474 734 4512; x_wconf 91' lang='lat' dir='ltr'>cum</span> <span class='ocrx_word' id='word_1_323' title='bbox 769 4474 909 4513; x_wconf 89' lang='lat' dir='ltr'>cura</span> <span class='ocrx_word' id='word_1_324' title='bbox 961 4457 1155 4529; x_wconf 88' lang='lat' dir='ltr'>aliqua</span> <span class='ocrx_word' id='word_1_325' title='bbox 1184 4458 1405 4531; x_wconf 88' lang='lat' dir='ltr'>legerit.</span> <span class='ocrx_word' id='word_1_326' title='bbox 1439 4460 1519 4514; x_wconf 84' lang='lat' dir='ltr'><strong>Ex</strong></span> <span class='ocrx_word' id='word_1_327' title='bbox 1557 4460 1649 4516; x_wconf 90' lang='lat' dir='ltr'>bis</span> <span class='ocrx_word' id='word_1_328' title='bbox 1672 4477 1807 4516; x_wconf 91' lang='lat' dir='ltr'>vero</span> 
     </span>
    </p>
   </div>
   <div class='ocr_carea' id='block_1_48' title="bbox 148 4547 1805 4617">
    <p class='ocr_par' dir='ltr' id='par_1_48' title="bbox 148 4547 1805 4617">
     <span class='ocr_line' id='line_1_48' title="bbox 148 4547 1805 4617; baseline 0 -12"><span class='ocrx_word' id='word_1_329' title='bbox 148 4547 435 4605; x_wconf 89' lang='lat' dir='ltr'>omnibus</span> <span class='ocrx_word' id='word_1_330' title='bbox 455 4547 692 4602; x_wconf 84' lang='lat' dir='ltr'>tandem</span> <span class='ocrx_word' id='word_1_331' title='bbox 716 4547 1267 4603; x_wconf 88' lang='lat' dir='ltr'>manifestissimum</span> <span class='ocrx_word' id='word_1_332' title='bbox 1299 4549 1681 4617; x_wconf 89' lang='lat' dir='ltr'>est,docuisse</span> <span class='ocrx_word' id='word_1_333' title='bbox 1704 4550 1805 4605; x_wconf 90' lang='lat' dir='ltr'>Pa-</span> 
     </span>
    </p>
   </div>
   <div class='ocr_carea' id='block_1_49' title="bbox 155 4634 1807 4707">
    <p class='ocr_par' dir='ltr' id='par_1_49' title="bbox 155 4634 1807 4707">
     <span class='ocr_line' id='line_1_49' title="bbox 155 4634 1807 4707; baseline 0.001 -14"><span class='ocrx_word' id='word_1_334' title='bbox 155 4643 383 4693; x_wconf 88' lang='lat' dir='ltr'>storem</span> <span class='ocrx_word' id='word_1_335' title='bbox 416 4634 625 4690; x_wconf 85' lang='lat' dir='ltr'>Filium</span> <span class='ocrx_word' id='word_1_336' title='bbox 650 4635 771 4702; x_wconf 88' lang='lat' dir='ltr'>Dei,</span> <span class='ocrx_word' id='word_1_337' title='bbox 799 4652 913 4707; x_wconf 90' lang='lat' dir='ltr'>qua</span> <span class='ocrx_word' id='word_1_338' title='bbox 942 4637 1041 4691; x_wconf 90' lang='lat' dir='ltr'>Dei</span> <span class='ocrx_word' id='word_1_339' title='bbox 1076 4636 1253 4692; x_wconf 87' lang='lat' dir='ltr'>Filius</span> <span class='ocrx_word' id='word_1_340' title='bbox 1275 4641 1331 4692; x_wconf 91' lang='lat' dir='ltr'>et</span> <span class='ocrx_word' id='word_1_341' title='bbox 1357 4638 1509 4693; x_wconf 91' lang='lat' dir='ltr'>Deus</span> <span class='ocrx_word' id='word_1_342' title='bbox 1539 4640 1807 4707; x_wconf 90' lang='lat' dir='ltr'>est,servi</span> 
     </span>
    </p>
   </div>
   <div class='ocr_carea' id='block_1_50' title="bbox 102 4724 1991 4811">
    <p class='ocr_par' dir='ltr' id='par_1_50' title="bbox 102 4724 1991 4811">
     <span class='ocr_line' id='line_1_50' title="bbox 102 4724 1991 4811; baseline 0.002 -30"><span class='ocrx_word' id='word_1_343' title='bbox 152 4727 451 4781; x_wconf 88' lang='lat' dir='ltr'>rationem</span> <span class='ocrx_word' id='word_1_344' title='bbox 486 4724 661 4779; x_wconf 90' lang='lat' dir='ltr'>etiam</span> <span class='ocrx_word' id='word_1_345' title='bbox 694 4729 959 4796; x_wconf 88' lang='lat' dir='ltr'>respectu</span> <span class='ocrx_word' id='word_1_346' title='bbox 990 4725 1090 4780; x_wconf 88' lang='lat' dir='ltr'>Dei</span> <span class='ocrx_word' id='word_1_347' title='bbox 1122 4725 1310 4781; x_wconf 89' lang='lat' dir='ltr'>Patris</span> <span class='ocrx_word' id='word_1_348' title='bbox 1342 4729 1682 4799; x_wconf 83' lang='lat' dir='ltr'>neutiquam</span> <span class='ocrx_word' id='word_1_349' title='bbox 1715 4728 1813 4785; x_wconf 90' lang='lat' dir='ltr'>ha-</span> <span class='ocrx_word' id='word_1_350' title='bbox 1842 4748 1887 4811; x_wconf 68' lang='grc' dir='ltr'>Β</span> <span class='ocrx_word' id='word_1_351' title='bbox 1924 4779 1935 4791; x_wconf 88' lang='grc'>,</span> <span class='ocrx_word' id='word_1_352' title='bbox 1976 4776 1991 4792; x_wconf 90' lang='grc'><em>.</em></span> 
     </span>
    </p>
   </div>
   <div class='ocr_carea' id='block_1_51' title="bbox 104 4800 1813 4886">
    <p class='ocr_par' dir='ltr' id='par_1_51' title="bbox 104 4800 1813 4886">
     <span class='ocr_line' id='line_1_51' title="bbox 104 4800 1813 4886; baseline 0.002 -16"><span class='ocrx_word' id='word_1_353' title='bbox 104 4800 111 4886; x_wconf 72' lang='grc' dir='ltr'><strong>ξ</strong></span> <span class='ocrx_word' id='word_1_354' title='bbox 148 4818 515 4885; x_wconf 89' lang='lat' dir='ltr'>bere,neque</span> <span class='ocrx_word' id='word_1_355' title='bbox 544 4813 822 4869; x_wconf 88' lang='lat' dir='ltr'>habuisse</span> <span class='ocrx_word' id='word_1_356' title='bbox 844 4831 1138 4884; x_wconf 86' lang='lat' dir='ltr'>unquam;</span> <span class='ocrx_word' id='word_1_357' title='bbox 1172 4832 1359 4886; x_wconf 90' lang='lat' dir='ltr'>neque</span> <span class='ocrx_word' id='word_1_358' title='bbox 1386 4814 1553 4871; x_wconf 88' lang='lat' dir='ltr'>aliter</span> <span class='ocrx_word' id='word_1_359' title='bbox 1581 4834 1813 4873; x_wconf 89' lang='lat' dir='ltr'>servum</span> 
     </span>
    </p>
   </div>
   <div class='ocr_carea' id='block_1_52' title="bbox 150 4902 1815 4975">
    <p class='ocr_par' dir='ltr' id='par_1_52' title="bbox 150 4902 1815 4975">
     <span class='ocr_line' id='line_1_52' title="bbox 150 4902 1815 4975; baseline 0.004 -18"><span class='ocrx_word' id='word_1_360' title='bbox 150 4904 260 4958; x_wconf 91' lang='lat' dir='ltr'>Dei</span> <span class='ocrx_word' id='word_1_361' title='bbox 296 4902 619 4973; x_wconf 89' lang='lat' dir='ltr'>aliquando</span> <span class='ocrx_word' id='word_1_362' title='bbox 668 4902 873 4968; x_wconf 89' lang='lat' dir='ltr'>fuisse,</span> <span class='ocrx_word' id='word_1_363' title='bbox 922 4920 1097 4974; x_wconf 91' lang='lat' dir='ltr'>quam</span> <span class='ocrx_word' id='word_1_364' title='bbox 1131 4909 1365 4975; x_wconf 89' lang='lat' dir='ltr'>propter</span> <span class='ocrx_word' id='word_1_365' title='bbox 1396 4906 1815 4963; x_wconf 88' lang='lat' dir='ltr'>incarnationis</span> 
     </span>
    </p>
   </div>
   <div class='ocr_carea' id='block_1_53' title="bbox 124 4992 1816 5065">
    <p class='ocr_par' dir='ltr' id='par_1_53' title="bbox 124 4992 1816 5065">
     <span class='ocr_line' id='line_1_53' title="bbox 124 4992 1816 5065; baseline 0 -14"><span class='ocrx_word' id='word_1_366' title='bbox 124 4992 688 5064; x_wconf 70' lang='lat' dir='ltr'>idispensationem,</span> <span class='ocrx_word' id='word_1_367' title='bbox 714 5008 889 5063; x_wconf 89' lang='lat' dir='ltr'>quam</span> <span class='ocrx_word' id='word_1_368' title='bbox 920 4992 1074 5049; x_wconf 90' lang='lat' dir='ltr'>ultro</span> <span class='ocrx_word' id='word_1_369' title='bbox 1107 4994 1388 5065; x_wconf 89' lang='lat' dir='ltr'>suscepit.</span> <span class='ocrx_word' id='word_1_370' title='bbox 1425 4994 1715 5051; x_wconf 86' lang='lat' dir='ltr'>Hactenus</span> <span class='ocrx_word' id='word_1_371' title='bbox 1746 4998 1816 5051; x_wconf 88' lang='lat' dir='ltr'>de</span> 
     </span>
    </p>
   </div>
   <div class='ocr_carea' id='block_1_54' title="bbox 112 5080 1818 5158">
    <p class='ocr_par' dir='ltr' id='par_1_54' title="bbox 112 5080 1818 5158">
     <span class='ocr_line' id='line_1_54' title="bbox 112 5080 1818 5158; baseline 0.002 -22"><span class='ocrx_word' id='word_1_372' title='bbox 112 5080 305 5158; x_wconf 58' lang='lat' dir='ltr'>EJesu</span> <span class='ocrx_word' id='word_1_373' title='bbox 338 5080 555 5135; x_wconf 86' lang='lat' dir='ltr'>Christi</span> <span class='ocrx_word' id='word_1_374' title='bbox 588 5085 797 5136; x_wconf 91' lang='lat' dir='ltr'>natura</span> <span class='ocrx_word' id='word_1_375' title='bbox 829 5081 1042 5137; x_wconf 86' lang='lat' dir='ltr'>divina.</span> <span class='ocrx_word' id='word_1_376' title='bbox 1076 5083 1186 5137; x_wconf 90' lang='lat' dir='ltr'>Sed</span> <span class='ocrx_word' id='word_1_377' title='bbox 1224 5083 1545 5138; x_wconf 90' lang='lat' dir='ltr'>humanam</span> <span class='ocrx_word' id='word_1_378' title='bbox 1580 5086 1818 5158; x_wconf 90' lang='lat' dir='ltr'>insuper</span> 
     </span>
    </p>
   </div>
   <div class='ocr_carea' id='block_1_55' title="bbox 156 5168 1816 5245">
    <p class='ocr_par' dir='ltr' id='par_1_55' title="bbox 156 5168 1816 5245">
     <span class='ocr_line' id='line_1_55' title="bbox 156 5168 1816 5245; baseline 0.002 -20"><span class='ocrx_word' id='word_1_379' title='bbox 156 5172 370 5225; x_wconf 87' lang='lat' dir='ltr'>Pastor</span> <span class='ocrx_word' id='word_1_380' title='bbox 397 5170 455 5222; x_wconf 92' lang='lat' dir='ltr'>in</span> <span class='ocrx_word' id='word_1_381' title='bbox 478 5168 705 5224; x_wconf 89' lang='lat' dir='ltr'>Christo</span> <span class='ocrx_word' id='word_1_382' title='bbox 726 5170 971 5224; x_wconf 89' lang='lat' dir='ltr'>tradidit</span> <span class='ocrx_word' id='word_1_383' title='bbox 994 5173 1612 5235; x_wconf 86' lang='lat' dir='ltr'>naturam,secundum</span> <span class='ocrx_word' id='word_1_384' title='bbox 1641 5191 1816 5245; x_wconf 88' lang='lat' dir='ltr'>quam</span> 
     </span>
    </p>
   </div>
   <div class='ocr_carea' id='block_1_56' title="bbox 150 5258 1818 5329">
    <p class='ocr_par' dir='ltr' id='par_1_56' title="bbox 150 5258 1818 5329">
     <span class='ocr_line' id='line_1_56' title="bbox 150 5258 1818 5329; baseline 0.002 -15"><span class='ocrx_word' id='word_1_385' title='bbox 150 5275 317 5315; x_wconf 83' lang='lat' dir='ltr'>servo</span> <span class='ocrx_word' id='word_1_386' title='bbox 347 5267 694 5329; x_wconf 84' lang='lat' dir='ltr'>comparatus</span> <span class='ocrx_word' id='word_1_387' title='bbox 726 5260 837 5329; x_wconf 76' lang='grc'>(25)</span> <span class='ocrx_word' id='word_1_388' title='bbox 884 5258 1060 5313; x_wconf 85' lang='lat' dir='ltr'>Filius</span> <span class='ocrx_word' id='word_1_389' title='bbox 1093 5260 1192 5314; x_wconf 91' lang='lat' dir='ltr'>Dei</span> <span class='ocrx_word' id='word_1_390' title='bbox 1244 5266 1299 5314; x_wconf 94' lang='lat' dir='ltr'>et</span> <span class='ocrx_word' id='word_1_391' title='bbox 1351 5262 1629 5315; x_wconf 61' lang='lat' dir='ltr'>erumnis</span> <span class='ocrx_word' id='word_1_392' title='bbox 1662 5264 1818 5318; x_wconf 87' lang='lat' dir='ltr'>mul-</span> 
     </span>
    </p>
   </div>
   <div class='ocr_carea' id='block_1_57' title="bbox 144 5342 1817 5420">
    <p class='ocr_par' dir='ltr' id='par_1_57' title="bbox 144 5342 1817 5420">
     <span class='ocr_line' id='line_1_57' title="bbox 144 5342 1817 5420; baseline 0.002 -16"><span class='ocrx_word' id='word_1_393' title='bbox 144 5342 237 5404; x_wconf 75' lang='lat' dir='ltr'>tis</span> <span class='ocrx_word' id='word_1_394' title='bbox 272 5348 561 5403; x_wconf 80' lang='lat' dir='ltr'>obnoxius</span> <span class='ocrx_word' id='word_1_395' title='bbox 592 5347 721 5417; x_wconf 82' lang='lat' dir='ltr'>fuit,</span> <span class='ocrx_word' id='word_1_396' title='bbox 770 5348 1038 5420; x_wconf 87' lang='lat' dir='ltr'>malaque</span> <span class='ocrx_word' id='word_1_397' title='bbox 1089 5348 1343 5420; x_wconf 88' lang='lat' dir='ltr'>plurima</span> <span class='ocrx_word' id='word_1_398' title='bbox 1390 5352 1460 5404; x_wconf 90' lang='lat' dir='ltr'>ad</span> <span class='ocrx_word' id='word_1_399' title='bbox 1512 5350 1817 5407; x_wconf 90' lang='lat' dir='ltr'>hominum</span> 
     </span>
    </p>
   </div>
   <div class='ocr_carea' id='block_1_58' title="bbox 260 5540 1516 5677">
    <p class='ocr_par' dir='ltr' id='par_1_58' title="bbox 260 5540 1516 5677">
     <span class='ocr_line' id='line_1_58' title="bbox 260 5540 1516 5677; baseline 0.005 -84"><span class='ocrx_word' id='word_1_400' title='bbox 260 5540 358 5677; x_wconf 55' lang='lat'>25;</span> <span class='ocrx_word' id='word_1_401' title='bbox 391 5540 656 5609; x_wconf 85' lang='lat' dir='ltr'>Hermas,</span> <span class='ocrx_word' id='word_1_402' title='bbox 691 5543 791 5597; x_wconf 91' lang='lat' dir='ltr'>lib.</span> <span class='ocrx_word' id='word_1_403' title='bbox 819 5562 903 5608; x_wconf 86' lang='grc' dir='ltr'>ιιι,</span> <span class='ocrx_word' id='word_1_404' title='bbox 937 5544 1113 5599; x_wconf 89' lang='lat' dir='ltr'>simil.</span> <span class='ocrx_word' id='word_1_405' title='bbox 1145 5562 1199 5607; x_wconf 84' lang='grc' dir='ltr'>ν,</span> <span class='ocrx_word' id='word_1_406' title='bbox 1233 5562 1282 5599; x_wconf 90' lang='lat' dir='ltr'>c.</span> <span class='ocrx_word' id='word_1_407' title='bbox 1315 5546 1350 5597; x_wconf 89' lang='grc'><strong>5</strong></span> <span class='ocrx_word' id='word_1_408' title='bbox 1380 5548 1436 5599; x_wconf 93' lang='lat' dir='ltr'>et</span> <span class='ocrx_word' id='word_1_409' title='bbox 1463 5546 1516 5599; x_wconf 85' lang='lat'>6.</span> 
     </span>
     <span class='ocr_line' id='line_1_59' title="bbox 260 5612 1516 5677; baseline 0.005 -13"><span class='ocrx_word' id='word_1_410' title='bbox 260 5612 333 5664; x_wconf 79' lang='grc'>26</span> <span class='ocrx_word' id='word_1_411' title='bbox 389 5613 571 5677; x_wconf 87' lang='lat' dir='ltr'>Idem,</span> <span class='ocrx_word' id='word_1_412' title='bbox 604 5616 804 5669; x_wconf 91' lang='lat' dir='ltr'>eodem</span> <span class='ocrx_word' id='word_1_413' title='bbox 838 5615 984 5670; x_wconf 90' lang='lat' dir='ltr'>libro</span> <span class='ocrx_word' id='word_1_414' title='bbox 1015 5616 1321 5671; x_wconf 90' lang='lat' dir='ltr'>similitud.</span> <span class='ocrx_word' id='word_1_415' title='bbox 1355 5632 1431 5677; x_wconf 84' lang='lat' dir='ltr'>1x,</span> <span class='ocrx_word' id='word_1_416' title='bbox 1466 5633 1516 5670; x_wconf 72' lang='lat' dir='ltr'>ca</span> 
     </span>
    </p>
   </div>
   <div class='ocr_carea' id='block_1_59' title="bbox 262 5612 1713 5687">
    <p class='ocr_par' dir='ltr' id='par_1_59' title="bbox 262 5612 1713 5687">
     <span class='ocr_line' id='line_1_60' title="bbox 262 5612 1713 5687; baseline 0.003 -21"><span class='ocrx_word' id='word_1_417' title='bbox 389 5613 571 5687; x_wconf 62' lang='lat' dir='ltr'>idem,</span> <span class='ocrx_word' id='word_1_418' title='bbox 604 5616 804 5669; x_wconf 91' lang='lat' dir='ltr'>eodem</span> <span class='ocrx_word' id='word_1_419' title='bbox 838 5615 984 5670; x_wconf 90' lang='lat' dir='ltr'>libro</span> <span class='ocrx_word' id='word_1_420' title='bbox 1015 5616 1321 5671; x_wconf 90' lang='lat' dir='ltr'>similitud.</span> <span class='ocrx_word' id='word_1_421' title='bbox 1355 5632 1431 5681; x_wconf 84' lang='lat' dir='ltr'>1x,</span> <span class='ocrx_word' id='word_1_422' title='bbox 1466 5633 1591 5687; x_wconf 91' lang='lat' dir='ltr'>cap.</span> <span class='ocrx_word' id='word_1_423' title='bbox 1630 5618 1713 5672; x_wconf 79' lang='grc'>12.</span> 
     </span>
    </p>
   </div>
   <div class='ocr_carea' id='block_1_60' title="bbox 263 5684 1046 5808">
    <p class='ocr_par' dir='ltr' id='par_1_60' title="bbox 263 5684 1046 5808">
     <span class='ocr_line' id='line_1_61' title="bbox 263 5684 1046 5749; baseline 0.008 -14"><span class='ocrx_word' id='word_1_424' title='bbox 263 5685 335 5735; x_wconf 81' lang='lat'>27</span> <span class='ocrx_word' id='word_1_425' title='bbox 392 5684 575 5749; x_wconf 90' lang='lat' dir='ltr'>Idem,</span> <span class='ocrx_word' id='word_1_426' title='bbox 610 5686 767 5745; x_wconf 89' lang='lat' dir='ltr'>ibid..</span> <span class='ocrx_word' id='word_1_427' title='bbox 800 5704 865 5741; x_wconf 90' lang='lat' dir='ltr'>ca</span> <span class='ocrx_word' id='word_1_428' title='bbox 914 5726 925 5737; x_wconf 94' lang='lat'>.</span> <span class='ocrx_word' id='word_1_429' title='bbox 964 5689 1046 5741; x_wconf 84' lang='lat' dir='ltr'>l6.</span> 
     </span>
     <span class='ocr_line' id='line_1_62' title="bbox 263 5684 1023 5808; baseline 0 0"><span class='ocrx_word' id='word_1_430' title='bbox 263 5684 359 5808; x_wconf 48' lang='lat'>28;</span> <span class='ocrx_word' id='word_1_431' title='bbox 390 5757 673 5808; x_wconf 64' lang='lat' dir='ltr'>Aenoscit</span> <span class='ocrx_word' id='word_1_432' title='bbox 719 5705 905 5808; x_wconf 47' lang='lat' dir='ltr'>simul)</span> <span class='ocrx_word' id='word_1_433' title='bbox 932 5758 1023 5808; x_wconf 78' lang='lat' dir='ltr'>hic</span> 
     </span>
    </p>
   </div>
   <div class='ocr_carea' id='block_1_61' title="bbox 206 5757 1823 5884">
    <p class='ocr_par' dir='ltr' id='par_1_61' title="bbox 206 5757 1823 5884">
     <span class='ocr_line' id='line_1_63' title="bbox 206 5757 1823 5884; baseline 0.004 -76"><span class='ocrx_word' id='word_1_434' title='bbox 206 5757 356 5884; x_wconf 48' lang='lat' dir='ltr'>ﬂ3‘28)</span> <span class='ocrx_word' id='word_1_435' title='bbox 390 5757 673 5827; x_wconf 81' lang='lat' dir='ltr'>Agnoscit</span> <span class='ocrx_word' id='word_1_436' title='bbox 719 5757 896 5812; x_wconf 85' lang='lat' dir='ltr'>simul</span> <span class='ocrx_word' id='word_1_437' title='bbox 932 5758 1023 5840; x_wconf 77' lang='lat' dir='ltr'>hic</span> <span class='ocrx_word' id='word_1_438' title='bbox 1071 5761 1277 5840; x_wconf 78' lang='lat' dir='ltr'>Pastor</span> <span class='ocrx_word' id='word_1_439' title='bbox 1306 5761 1608 5829; x_wconf 90' lang='lat' dir='ltr'>peccatum</span> <span class='ocrx_word' id='word_1_440' title='bbox 1640 5759 1823 5884; x_wconf 59' lang='lat' dir='ltr'>origi-</span> 
     </span>
     <span class='ocr_line' id='line_1_64' title="bbox 267 5825 1822 5884; baseline 0 0"><span class='ocrx_word' id='word_1_441' title='bbox 267 5842 320 5884; x_wconf 78' lang='grc' dir='ltr'>θ.</span> <span class='ocrx_word' id='word_1_442' title='bbox 356 5825 653 5884; x_wconf 86' lang='lat' dir='ltr'>Nonnulla</span> <span class='ocrx_word' id='word_1_443' title='bbox 682 5832 874 5884; x_wconf 87' lang='lat' dir='ltr'>tamen</span> <span class='ocrx_word' id='word_1_444' title='bbox 904 5829 1170 5884; x_wconf 79' lang='lat' dir='ltr'>difﬁcilia</span> <span class='ocrx_word' id='word_1_445' title='bbox 1206 5834 1264 5884; x_wconf 89' lang='lat' dir='ltr'>et</span> <span class='ocrx_word' id='word_1_446' title='bbox 1293 5828 1697 5884; x_wconf 86' lang='lat' dir='ltr'>obscuratum</span> <span class='ocrx_word' id='word_1_447' title='bbox 1770 5848 1822 5884; x_wconf 80' lang='lat' dir='ltr'>ia</span> 
     </span>
    </p>
   </div>
   <div class='ocr_carea' id='block_1_62' title="bbox 158 5776 1822 5895">
    <p class='ocr_par' dir='ltr' id='par_1_62' title="bbox 158 5776 1822 5895">
     <span class='ocr_line' id='line_1_65' title="bbox 206 5776 1822 5884; baseline 0.004 -76"><span class='ocrx_word' id='word_1_448' title='bbox 206 5776 356 5884; x_wconf 43' lang='grc' dir='ltr'>⁸ὶιςϋ)</span> <span class='ocrx_word' id='word_1_449' title='bbox 390 5776 673 5827; x_wconf 69' lang='grc' dir='ltr'>Αεηοεοιι</span> <span class='ocrx_word' id='word_1_450' title='bbox 719 5776 896 5812; x_wconf 75' lang='grc' dir='ltr'>ειιιιιιι</span> <span class='ocrx_word' id='word_1_451' title='bbox 932 5776 1023 5812; x_wconf 81' lang='lat' dir='ltr'>DIC</span> <span class='ocrx_word' id='word_1_452' title='bbox 1076 5776 1277 5813; x_wconf 69' lang='lat' dir='ltr'>l’aSEOI‘</span> <span class='ocrx_word' id='word_1_453' title='bbox 1306 5776 1608 5829; x_wconf 78' lang='lat' dir='ltr'>peccatum</span> <span class='ocrx_word' id='word_1_454' title='bbox 1640 5776 1724 5814; x_wconf 80' lang='lat' dir='ltr'>Ol‘l</span> <span class='ocrx_word' id='word_1_455' title='bbox 1774 5778 1822 5815; x_wconf 88' lang='grc' dir='ltr'>ι-</span> 
     </span>
     <span class='ocr_line' id='line_1_66' title="bbox 158 5776 1822 5895; baseline 0.005 -11"><span class='ocrx_word' id='word_1_456' title='bbox 158 5842 201 5893; x_wconf 83' lang='lat' dir='ltr'>n</span> <span class='ocrx_word' id='word_1_457' title='bbox 267 5842 320 5885; x_wconf 80' lang='grc' dir='ltr'>θ.</span> <span class='ocrx_word' id='word_1_458' title='bbox 356 5825 653 5887; x_wconf 84' lang='lat' dir='ltr'>Nonnulla</span> <span class='ocrx_word' id='word_1_459' title='bbox 682 5832 874 5887; x_wconf 84' lang='lat' dir='ltr'>tamen</span> <span class='ocrx_word' id='word_1_460' title='bbox 904 5829 1170 5889; x_wconf 80' lang='lat' dir='ltr'>difﬁcilia</span> <span class='ocrx_word' id='word_1_461' title='bbox 1206 5834 1264 5888; x_wconf 91' lang='lat' dir='ltr'>et</span> <span class='ocrx_word' id='word_1_462' title='bbox 1293 5828 1697 5895; x_wconf 83' lang='lat' dir='ltr'>obscuratum</span> <span class='ocrx_word' id='word_1_463' title='bbox 1728 5776 1822 5893; x_wconf 63' lang='lat' dir='ltr'>Eia</span> 
     </span>
    </p>
   </div>
   <div class='ocr_carea' id='block_1_63' title="bbox 1874 724 3515 803">
    <p class='ocr_par' dir='ltr' id='par_1_63' title="bbox 1874 724 3515 803">
     <span class='ocr_line' id='line_1_67' title="bbox 1874 724 3515 803; baseline -0.004 -20"><span class='ocrx_word' id='word_1_464' title='bbox 1874 732 2009 786; x_wconf 87' lang='lat' dir='ltr'>data</span> <span class='ocrx_word' id='word_1_465' title='bbox 2038 734 2180 803; x_wconf 81' lang='lat' dir='ltr'>lege,</span> <span class='ocrx_word' id='word_1_466' title='bbox 2210 751 2375 803; x_wconf 83' lang='lat' dir='ltr'>quam</span> <span class='ocrx_word' id='word_1_467' title='bbox 2412 750 2446 786; x_wconf 91' lang='lat' dir='ltr'>a</span> <span class='ocrx_word' id='word_1_468' title='bbox 2475 734 2640 787; x_wconf 88' lang='lat' dir='ltr'>Patre</span> <span class='ocrx_word' id='word_1_469' title='bbox 2686 737 2979 801; x_wconf 87' lang='lat' dir='ltr'>acceperat,</span> <span class='ocrx_word' id='word_1_470' title='bbox 3028 729 3183 782; x_wconf 87' lang='lat' dir='ltr'>nobis</span> <span class='ocrx_word' id='word_1_471' title='bbox 3231 724 3515 780; x_wconf 74' lang='lat' dir='ltr'>ostendit.“</span> 
     </span>
    </p>
   </div>
   <div class='ocr_carea' id='block_1_64' title="bbox 1875 816 3517 892">
    <p class='ocr_par' dir='ltr' id='par_1_64' title="bbox 1875 816 3517 892">
     <span class='ocr_line' id='line_1_68' title="bbox 1875 816 3517 892; baseline -0.004 -19"><span class='ocrx_word' id='word_1_472' title='bbox 1875 825 2035 891; x_wconf 88' lang='lat' dir='ltr'>atque</span> <span class='ocrx_word' id='word_1_473' title='bbox 2064 822 2183 876; x_wconf 90' lang='lat' dir='ltr'>ideo</span> <span class='ocrx_word' id='word_1_474' title='bbox 2216 824 2279 876; x_wconf 88' lang='lat' dir='ltr'>in</span> <span class='ocrx_word' id='word_1_475' title='bbox 2308 823 2612 892; x_wconf 82' lang='lat' dir='ltr'>redemptos</span> <span class='ocrx_word' id='word_1_476' title='bbox 2642 835 2825 874; x_wconf 87' lang='lat' dir='ltr'>omnes</span> <span class='ocrx_word' id='word_1_477' title='bbox 2853 818 3329 888; x_wconf 85' lang='lat' dir='ltr'>regnat,potestate</span> <span class='ocrx_word' id='word_1_478' title='bbox 3350 816 3409 869; x_wconf 87' lang='lat' dir='ltr'>in</span> <span class='ocrx_word' id='word_1_479' title='bbox 3432 828 3517 868; x_wconf 88' lang='lat' dir='ltr'>eos</span> 
     </span>
    </p>
   </div>
   <div class='ocr_carea' id='block_1_65' title="bbox 1876 911 2530 967">
    <p class='ocr_par' dir='ltr' id='par_1_65' title="bbox 1876 911 2530 967">
     <span class='ocr_line' id='line_1_69' title="bbox 1876 911 2530 967; baseline 0 -4"><span class='ocrx_word' id='word_1_480' title='bbox 1876 926 1911 963; x_wconf 93' lang='lat' dir='ltr'>a</span> <span class='ocrx_word' id='word_1_481' title='bbox 1939 915 2103 965; x_wconf 85' lang='lat' dir='ltr'>Patre</span> <span class='ocrx_word' id='word_1_482' title='bbox 2130 911 2237 965; x_wconf 82' lang='lat' dir='ltr'>sibi</span> <span class='ocrx_word' id='word_1_483' title='bbox 2255 926 2530 967; x_wconf 88' lang='lat' dir='ltr'>concessa.</span> 
     </span>
    </p>
   </div>
   <div class='ocr_carea' id='block_1_66' title="bbox 1951 992 3519 1068">
    <p class='ocr_par' dir='ltr' id='par_1_66' title="bbox 1951 992 3519 1068">
     <span class='ocr_line' id='line_1_70' title="bbox 1951 992 3519 1068; baseline -0.004 -16"><span class='ocrx_word' id='word_1_484' title='bbox 1951 998 2215 1055; x_wconf 85' lang='lat' dir='ltr'>Validius</span> <span class='ocrx_word' id='word_1_485' title='bbox 2247 999 2391 1053; x_wconf 92' lang='lat' dir='ltr'>nihil</span> <span class='ocrx_word' id='word_1_486' title='bbox 2422 997 2572 1053; x_wconf 90' lang='lat' dir='ltr'>tradi</span> <span class='ocrx_word' id='word_1_487' title='bbox 2602 1001 2791 1068; x_wconf 88' lang='lat' dir='ltr'>potest</span> <span class='ocrx_word' id='word_1_488' title='bbox 2822 996 2915 1060; x_wconf 90' lang='lat' dir='ltr'>iis,</span> <span class='ocrx_word' id='word_1_489' title='bbox 2949 1011 3077 1066; x_wconf 76' lang='lat' dir='ltr'>quae</span> <span class='ocrx_word' id='word_1_490' title='bbox 3108 994 3310 1048; x_wconf 88' lang='lat' dir='ltr'>Pastor</span> <span class='ocrx_word' id='word_1_491' title='bbox 3338 992 3397 1046; x_wconf 93' lang='lat' dir='ltr'>in</span> <span class='ocrx_word' id='word_1_492' title='bbox 3423 1008 3519 1046; x_wconf 95' lang='lat' dir='ltr'>eo-</span> 
     </span>
    </p>
   </div>
   <div class='ocr_carea' id='block_1_67' title="bbox 1880 1080 3520 1154">
    <p class='ocr_par' dir='ltr' id='par_1_67' title="bbox 1880 1080 3520 1154">
     <span class='ocr_line' id='line_1_71' title="bbox 1880 1080 3520 1154; baseline -0.006 -12"><span class='ocrx_word' id='word_1_493' title='bbox 1880 1088 2011 1143; x_wconf 91' lang='lat' dir='ltr'>dem</span> <span class='ocrx_word' id='word_1_494' title='bbox 2060 1088 2503 1142; x_wconf 88' lang='lat' dir='ltr'>Similitudinum</span> <span class='ocrx_word' id='word_1_495' title='bbox 2552 1086 2697 1141; x_wconf 88' lang='lat' dir='ltr'>libro</span> <span class='ocrx_word' id='word_1_496' title='bbox 2744 1086 2910 1139; x_wconf 91' lang='lat' dir='ltr'>docet</span> <span class='ocrx_word' id='word_1_497' title='bbox 2959 1082 3151 1154; x_wconf 90' lang='lat' dir='ltr'>quoad</span> <span class='ocrx_word' id='word_1_498' title='bbox 3193 1080 3520 1137; x_wconf 85' lang='lat' dir='ltr'>absolutam</span> 
     </span>
    </p>
   </div>
   <div class='ocr_carea' id='block_1_68' title="bbox 1881 1169 3523 1246">
    <p class='ocr_par' dir='ltr' id='par_1_68' title="bbox 1881 1169 3523 1246">
     <span class='ocr_line' id='line_1_72' title="bbox 1881 1169 3523 1246; baseline -0.005 -16"><span class='ocrx_word' id='word_1_499' title='bbox 1881 1176 2307 1239; x_wconf 88' lang='lat' dir='ltr'>necessitatem,</span> <span class='ocrx_word' id='word_1_500' title='bbox 2355 1177 2412 1229; x_wconf 91' lang='lat' dir='ltr'>in</span> <span class='ocrx_word' id='word_1_501' title='bbox 2459 1192 2574 1246; x_wconf 89' lang='lat' dir='ltr'>qua</span> <span class='ocrx_word' id='word_1_502' title='bbox 2614 1190 2935 1239; x_wconf 90' lang='lat' dir='ltr'>versamur,</span> <span class='ocrx_word' id='word_1_503' title='bbox 2980 1169 3350 1226; x_wconf 90' lang='lat' dir='ltr'>mediationis</span> <span class='ocrx_word' id='word_1_504' title='bbox 3381 1170 3523 1224; x_wconf 89' lang='lat' dir='ltr'>Jesu</span> 
     </span>
    </p>
   </div>
   <div class='ocr_carea' id='block_1_69' title="bbox 1884 1258 3523 1332">
    <p class='ocr_par' dir='ltr' id='par_1_69' title="bbox 1884 1258 3523 1332">
     <span class='ocr_line' id='line_1_73' title="bbox 1884 1258 3523 1332; baseline -0.005 -13"><span class='ocrx_word' id='word_1_505' title='bbox 1884 1265 2097 1320; x_wconf 87' lang='lat' dir='ltr'>Christi</span> <span class='ocrx_word' id='word_1_506' title='bbox 2118 1266 2187 1319; x_wconf 92' lang='lat' dir='ltr'>ad</span> <span class='ocrx_word' id='word_1_507' title='bbox 2211 1270 2485 1320; x_wconf 73' lang='lat' dir='ltr'>aeternam</span> <span class='ocrx_word' id='word_1_508' title='bbox 2519 1263 2766 1319; x_wconf 89' lang='lat' dir='ltr'>salutem</span> <span class='ocrx_word' id='word_1_509' title='bbox 2794 1258 3523 1332; x_wconf 88' lang='lat' dir='ltr'>consequendam.Perspi-</span> 
     </span>
    </p>
   </div>
   <div class='ocr_carea' id='block_1_70' title="bbox 1886 1348 3526 1420">
    <p class='ocr_par' dir='ltr' id='par_1_70' title="bbox 1886 1348 3526 1420">
     <span class='ocr_line' id='line_1_74' title="bbox 1886 1348 3526 1420; baseline -0.006 -11"><span class='ocrx_word' id='word_1_510' title='bbox 1886 1370 1992 1409; x_wconf 89' lang='lat' dir='ltr'>cue</span> <span class='ocrx_word' id='word_1_511' title='bbox 2038 1354 2310 1419; x_wconf 86' lang='lat' dir='ltr'>declarat,</span> <span class='ocrx_word' id='word_1_512' title='bbox 2362 1354 2655 1408; x_wconf 89' lang='lat' dir='ltr'>neminem</span> <span class='ocrx_word' id='word_1_513' title='bbox 2706 1352 2923 1405; x_wconf 89' lang='lat' dir='ltr'>intrare</span> <span class='ocrx_word' id='word_1_514' title='bbox 2970 1365 3142 1420; x_wconf 86' lang='lat' dir='ltr'>posse</span> <span class='ocrx_word' id='word_1_515' title='bbox 3183 1348 3243 1402; x_wconf 92' lang='lat' dir='ltr'>in</span> <span class='ocrx_word' id='word_1_516' title='bbox 3277 1362 3526 1418; x_wconf 88' lang='lat' dir='ltr'>regnum</span> 
     </span>
    </p>
   </div>
   <div class='ocr_carea' id='block_1_71' title="bbox 1886 1434 3530 1514">
    <p class='ocr_par' dir='ltr' id='par_1_71' title="bbox 1886 1434 3530 1514">
     <span class='ocr_line' id='line_1_75' title="bbox 1886 1434 3530 1514; baseline -0.005 -17"><span class='ocrx_word' id='word_1_517' title='bbox 1886 1443 2009 1509; x_wconf 90' lang='lat' dir='ltr'>Dei,</span> <span class='ocrx_word' id='word_1_518' title='bbox 2044 1443 2155 1498; x_wconf 91' lang='lat' dir='ltr'>nisi</span> <span class='ocrx_word' id='word_1_519' title='bbox 2186 1442 2471 1514; x_wconf 91' lang='lat' dir='ltr'>acceperit</span> <span class='ocrx_word' id='word_1_520' title='bbox 2515 1457 2727 1496; x_wconf 88' lang='lat' dir='ltr'>nomen</span> <span class='ocrx_word' id='word_1_521' title='bbox 2780 1438 2905 1494; x_wconf 84' lang='lat' dir='ltr'>Filii</span> <span class='ocrx_word' id='word_1_522' title='bbox 2939 1438 3037 1493; x_wconf 90' lang='lat' dir='ltr'>Dei</span> <span class='ocrx_word' id='word_1_523' title='bbox 3087 1438 3220 1507; x_wconf 81' lang='lat'>(26).</span> <span class='ocrx_word' id='word_1_524' title='bbox 3267 1434 3530 1506; x_wconf 88' lang='lat' dir='ltr'>Explicat</span> 
     </span>
    </p>
   </div>
   <div class='ocr_carea' id='block_1_72' title="bbox 1887 1522 3525 1605">
    <p class='ocr_par' dir='ltr' id='par_1_72' title="bbox 1887 1522 3525 1605">
     <span class='ocr_line' id='line_1_76' title="bbox 1887 1522 3525 1605; baseline -0.005 -19"><span class='ocrx_word' id='word_1_525' title='bbox 1887 1532 2293 1605; x_wconf 85' lang='lat' dir='ltr'>gravissimam</span> <span class='ocrx_word' id='word_1_526' title='bbox 2326 1531 2475 1585; x_wconf 91' lang='lat' dir='ltr'>hanc</span> <span class='ocrx_word' id='word_1_527' title='bbox 2492 1530 2790 1585; x_wconf 88' lang='lat' dir='ltr'>veritatem</span> <span class='ocrx_word' id='word_1_528' title='bbox 2814 1529 3058 1599; x_wconf 89' lang='lat' dir='ltr'>paritate</span> <span class='ocrx_word' id='word_1_529' title='bbox 3092 1525 3341 1595; x_wconf 87' lang='lat' dir='ltr'>alicujus</span> <span class='ocrx_word' id='word_1_530' title='bbox 3362 1522 3525 1577; x_wconf 90' lang='lat' dir='ltr'>urbis</span> 
     </span>
    </p>
   </div>
   <div class='ocr_carea' id='block_1_73' title="bbox 1891 1618 3531 1692">
    <p class='ocr_par' dir='ltr' id='par_1_73' title="bbox 1891 1618 3531 1692">
     <span class='ocr_line' id='line_1_77' title="bbox 1891 1618 3531 1692; baseline -0.006 -16"><span class='ocrx_word' id='word_1_531' title='bbox 1891 1638 2059 1677; x_wconf 89' lang='lat' dir='ltr'>muro</span> <span class='ocrx_word' id='word_1_532' title='bbox 2090 1621 2312 1687; x_wconf 67' lang='lat' dir='ltr'>cinctis,</span> <span class='ocrx_word' id='word_1_533' title='bbox 2352 1638 2477 1692; x_wconf 69' lang='lat' dir='ltr'>qua:</span> <span class='ocrx_word' id='word_1_534' title='bbox 2508 1620 2680 1674; x_wconf 90' lang='lat' dir='ltr'>unica</span> <span class='ocrx_word' id='word_1_535' title='bbox 2728 1618 2977 1672; x_wconf 88' lang='lat' dir='ltr'>donatur</span> <span class='ocrx_word' id='word_1_536' title='bbox 3008 1619 3191 1687; x_wconf 90' lang='lat' dir='ltr'>porta,</span> <span class='ocrx_word' id='word_1_537' title='bbox 3224 1630 3327 1685; x_wconf 90' lang='lat' dir='ltr'>per</span> <span class='ocrx_word' id='word_1_538' title='bbox 3355 1628 3531 1684; x_wconf 88' lang='lat' dir='ltr'>quem</span> 
     </span>
    </p>
   </div>
   <div class='ocr_carea' id='block_1_74' title="bbox 1894 1702 3534 1778">
    <p class='ocr_par' dir='ltr' id='par_1_74' title="bbox 1894 1702 3534 1778">
     <span class='ocr_line' id='line_1_78' title="bbox 1894 1702 3534 1778; baseline -0.007 -13"><span class='ocrx_word' id='word_1_539' title='bbox 1894 1710 2219 1766; x_wconf 89' lang='lat' dir='ltr'>necessario</span> <span class='ocrx_word' id='word_1_540' title='bbox 2250 1708 2346 1764; x_wconf 89' lang='lat' dir='ltr'>ille</span> <span class='ocrx_word' id='word_1_541' title='bbox 2398 1712 2656 1763; x_wconf 86' lang='lat' dir='ltr'>transeat</span> <span class='ocrx_word' id='word_1_542' title='bbox 2712 1710 2959 1778; x_wconf 90' lang='lat' dir='ltr'>oportet,</span> <span class='ocrx_word' id='word_1_543' title='bbox 3010 1704 3110 1775; x_wconf 92' lang='lat' dir='ltr'>qui</span> <span class='ocrx_word' id='word_1_544' title='bbox 3159 1702 3298 1757; x_wconf 86' lang='lat' dir='ltr'>velit</span> <span class='ocrx_word' id='word_1_545' title='bbox 3328 1702 3534 1756; x_wconf 90' lang='lat' dir='ltr'>urbem</span> 
     </span>
    </p>
   </div>
   <div class='ocr_carea' id='block_1_75' title="bbox 1894 1787 3538 1871">
    <p class='ocr_par' dir='ltr' id='par_1_75' title="bbox 1894 1787 3538 1871">
     <span class='ocr_line' id='line_1_79' title="bbox 1894 1787 3538 1871; baseline -0.006 -18"><span class='ocrx_word' id='word_1_546' title='bbox 1894 1800 2141 1871; x_wconf 89' lang='lat' dir='ltr'>ingredi.</span> <span class='ocrx_word' id='word_1_547' title='bbox 2177 1800 2335 1854; x_wconf 85' lang='lat' dir='ltr'>Porta</span> <span class='ocrx_word' id='word_1_548' title='bbox 2386 1814 2510 1852; x_wconf 88' lang='lat' dir='ltr'>vero</span> <span class='ocrx_word' id='word_1_549' title='bbox 2543 1796 2703 1851; x_wconf 89' lang='lat' dir='ltr'>addit</span> <span class='ocrx_word' id='word_1_550' title='bbox 2740 1796 2941 1850; x_wconf 82' lang='lat' dir='ltr'>Pastor</span> <span class='ocrx_word' id='word_1_551' title='bbox 2992 1797 3125 1865; x_wconf 90' lang='lat' dir='ltr'>post</span> <span class='ocrx_word' id='word_1_552' title='bbox 3174 1794 3423 1863; x_wconf 91' lang='lat' dir='ltr'>quatuor</span> <span class='ocrx_word' id='word_1_553' title='bbox 3450 1787 3538 1844; x_wconf 88' lang='lat' dir='ltr'>vel</span> 
     </span>
    </p>
   </div>
   <div class='ocr_carea' id='block_1_76' title="bbox 1894 1884 3537 1960">
    <p class='ocr_par' dir='ltr' id='par_1_76' title="bbox 1894 1884 3537 1960">
     <span class='ocr_line' id='line_1_80' title="bbox 1894 1884 3537 1960; baseline -0.007 -16"><span class='ocrx_word' id='word_1_554' title='bbox 1894 1890 2153 1960; x_wconf 92' lang='lat' dir='ltr'>quinque</span> <span class='ocrx_word' id='word_1_555' title='bbox 2184 1887 2386 1952; x_wconf 90' lang='lat' dir='ltr'>lineas,</span> <span class='ocrx_word' id='word_1_556' title='bbox 2420 1887 2599 1941; x_wconf 83' lang='lat' dir='ltr'>Filius</span> <span class='ocrx_word' id='word_1_557' title='bbox 2628 1886 2722 1941; x_wconf 90' lang='lat' dir='ltr'>Dei</span> <span class='ocrx_word' id='word_1_558' title='bbox 2749 1889 2848 1949; x_wconf 91' lang='lat' dir='ltr'>est,</span> <span class='ocrx_word' id='word_1_559' title='bbox 2880 1885 2975 1955; x_wconf 88' lang='lat' dir='ltr'>qui</span> <span class='ocrx_word' id='word_1_560' title='bbox 3004 1884 3150 1937; x_wconf 80' lang='lat' dir='ltr'>solus</span> <span class='ocrx_word' id='word_1_561' title='bbox 3183 1885 3260 1936; x_wconf 88' lang='lat' dir='ltr'>est</span> <span class='ocrx_word' id='word_1_562' title='bbox 3288 1894 3537 1935; x_wconf 79' lang='lat' dir='ltr'>accessus</span> 
     </span>
    </p>
   </div>
   <div class='ocr_carea' id='block_1_77' title="bbox 1893 1970 3542 2045">
    <p class='ocr_par' dir='ltr' id='par_1_77' title="bbox 1893 1970 3542 2045">
     <span class='ocr_line' id='line_1_81' title="bbox 1893 1970 3542 2045; baseline -0.007 -12"><span class='ocrx_word' id='word_1_563' title='bbox 1893 1979 1964 2033; x_wconf 90' lang='lat' dir='ltr'>ad</span> <span class='ocrx_word' id='word_1_564' title='bbox 1992 1979 2181 2043; x_wconf 88' lang='lat' dir='ltr'>Deum,</span> <span class='ocrx_word' id='word_1_565' title='bbox 2203 1977 2378 2031; x_wconf 84' lang='lat' dir='ltr'>Aliter</span> <span class='ocrx_word' id='word_1_566' title='bbox 2406 1991 2531 2045; x_wconf 89' lang='lat' dir='ltr'>ergo</span> <span class='ocrx_word' id='word_1_567' title='bbox 2559 1989 2716 2029; x_wconf 88' lang='lat' dir='ltr'>nemo</span> <span class='ocrx_word' id='word_1_568' title='bbox 2745 1972 2973 2027; x_wconf 81' lang='lat' dir='ltr'>intrabit</span> <span class='ocrx_word' id='word_1_569' title='bbox 2993 1971 3062 2026; x_wconf 89' lang='lat' dir='ltr'>ad</span> <span class='ocrx_word' id='word_1_570' title='bbox 3090 1972 3282 2039; x_wconf 89' lang='lat' dir='ltr'>Deum,</span> <span class='ocrx_word' id='word_1_571' title='bbox 3306 1970 3419 2022; x_wconf 85' lang='lat' dir='ltr'>nisi</span> <span class='ocrx_word' id='word_1_572' title='bbox 3441 1982 3542 2039; x_wconf 88' lang='lat' dir='ltr'>per</span> 
     </span>
    </p>
   </div>
   <div class='ocr_carea' id='block_1_78' title="bbox 1894 2055 3543 2137">
    <p class='ocr_par' dir='ltr' id='par_1_78' title="bbox 1894 2055 3543 2137">
     <span class='ocr_line' id='line_1_82' title="bbox 1894 2055 3543 2137; baseline -0.008 -14"><span class='ocrx_word' id='word_1_573' title='bbox 1894 2068 2095 2123; x_wconf 85' lang='lat' dir='ltr'>Filium</span> <span class='ocrx_word' id='word_1_574' title='bbox 2146 2068 2284 2137; x_wconf 87' lang='lat' dir='ltr'>ejus.</span> <span class='ocrx_word' id='word_1_575' title='bbox 2338 2065 2569 2119; x_wconf 66' lang='lat' dir='ltr'>)Eterna</span> <span class='ocrx_word' id='word_1_576' title='bbox 2611 2062 2788 2135; x_wconf 88' lang='lat' dir='ltr'>igitur</span> <span class='ocrx_word' id='word_1_577' title='bbox 2833 2060 2993 2116; x_wconf 88' lang='lat' dir='ltr'>salus</span> <span class='ocrx_word' id='word_1_578' title='bbox 3051 2058 3297 2114; x_wconf 91' lang='lat' dir='ltr'>obtineri</span> <span class='ocrx_word' id='word_1_579' title='bbox 3338 2055 3543 2127; x_wconf 91' lang='lat' dir='ltr'>nequit</span> 
     </span>
    </p>
   </div>
   <div class='ocr_carea' id='block_1_79' title="bbox 1896 2151 2933 2226">
    <p class='ocr_par' dir='ltr' id='par_1_79' title="bbox 1896 2151 2933 2226">
     <span class='ocr_line' id='line_1_83' title="bbox 1896 2151 2933 2226; baseline -0.008 -15"><span class='ocrx_word' id='word_1_580' title='bbox 1896 2157 2117 2226; x_wconf 91' lang='lat' dir='ltr'>absque</span> <span class='ocrx_word' id='word_1_581' title='bbox 2145 2156 2258 2209; x_wconf 85' lang='lat' dir='ltr'>fide</span> <span class='ocrx_word' id='word_1_582' title='bbox 2288 2154 2346 2208; x_wconf 92' lang='lat' dir='ltr'>in</span> <span class='ocrx_word' id='word_1_583' title='bbox 2381 2154 2584 2208; x_wconf 88' lang='lat' dir='ltr'>Jesum</span> <span class='ocrx_word' id='word_1_584' title='bbox 2616 2151 2933 2205; x_wconf 89' lang='lat' dir='ltr'>Christum.</span> 
     </span>
    </p>
   </div>
   <div class='ocr_carea' id='block_1_80' title="bbox 1931 2239 3525 2316">
    <p class='ocr_par' dir='ltr' id='par_1_80' title="bbox 1931 2239 3525 2316">
     <span class='ocr_line' id='line_1_84' title="bbox 1931 2239 3525 2316; baseline -0.006 -17"><span class='ocrx_word' id='word_1_585' title='bbox 1931 2246 1961 2316; x_wconf 89' lang='lat'><strong>§</strong></span> <span class='ocrx_word' id='word_1_586' title='bbox 1979 2245 2073 2299; x_wconf 93' lang='grc' dir='ltr'>ΙΙΙ.</span> <span class='ocrx_word' id='word_1_587' title='bbox 2090 2246 2161 2299; x_wconf 90' lang='lat' dir='ltr'>De</span> <span class='ocrx_word' id='word_1_588' title='bbox 2182 2244 2479 2315; x_wconf 85' lang='lat' dir='ltr'>Baptismo,</span> <span class='ocrx_word' id='word_1_589' title='bbox 2493 2241 2833 2313; x_wconf 77' lang='lat' dir='ltr'>paenitentia,</span> <span class='ocrx_word' id='word_1_590' title='bbox 2848 2239 3039 2294; x_wconf 85' lang='lat' dir='ltr'>ordine</span> <span class='ocrx_word' id='word_1_591' title='bbox 3059 2252 3125 2293; x_wconf 84' lang='lat' dir='ltr'>ac</span> <span class='ocrx_word' id='word_1_592' title='bbox 3153 2244 3525 2291; x_wconf 79' lang='lat' dir='ltr'>matrimonio.</span> 
     </span>
    </p>
   </div>
   <div class='ocr_carea' id='block_1_81' title="bbox 1968 2323 3539 2388">
    <p class='ocr_par' dir='ltr' id='par_1_81' title="bbox 1968 2323 3539 2388">
     <span class='ocr_line' id='line_1_85' title="bbox 1968 2323 3539 2388; baseline -0.007 0"><span class='ocrx_word' id='word_1_593' title='bbox 1968 2335 2045 2388; x_wconf 81' lang='lat' dir='ltr'>Ex</span> <span class='ocrx_word' id='word_1_594' title='bbox 2090 2331 2360 2388; x_wconf 87' lang='lat' dir='ltr'>absoluta</span> <span class='ocrx_word' id='word_1_595' title='bbox 2402 2330 2749 2386; x_wconf 87' lang='lat' dir='ltr'>necessitate</span> <span class='ocrx_word' id='word_1_596' title='bbox 2806 2325 3174 2383; x_wconf 91' lang='lat' dir='ltr'>mediationis</span> <span class='ocrx_word' id='word_1_597' title='bbox 3222 2323 3539 2379; x_wconf 89' lang='lat' dir='ltr'>Salvatoris</span> 
     </span>
    </p>
   </div>
   <div class='ocr_carea' id='block_1_82' title="bbox 1897 2413 3538 2489">
    <p class='ocr_par' dir='ltr' id='par_1_82' title="bbox 1897 2413 3538 2489">
     <span class='ocr_line' id='line_1_86' title="bbox 1897 2413 3538 2489; baseline -0.007 -10"><span class='ocrx_word' id='word_1_598' title='bbox 1897 2424 1969 2479; x_wconf 90' lang='lat' dir='ltr'>ad</span> <span class='ocrx_word' id='word_1_599' title='bbox 2002 2428 2275 2478; x_wconf 64' lang='lat' dir='ltr'>aeternam</span> <span class='ocrx_word' id='word_1_600' title='bbox 2308 2420 2561 2475; x_wconf 87' lang='lat' dir='ltr'>salutem</span> <span class='ocrx_word' id='word_1_601' title='bbox 2584 2414 3263 2489; x_wconf 88' lang='lat' dir='ltr'>consequendam,aliam</span> <span class='ocrx_word' id='word_1_602' title='bbox 3287 2413 3417 2468; x_wconf 82' lang='lat' dir='ltr'>ﬁdei</span> <span class='ocrx_word' id='word_1_603' title='bbox 3441 2428 3538 2467; x_wconf 88' lang='lat' dir='ltr'>ve-</span> 
     </span>
    </p>
   </div>
   <div class='ocr_carea' id='block_1_83' title="bbox 1898 2500 3538 2579">
    <p class='ocr_par' dir='ltr' id='par_1_83' title="bbox 1898 2500 3538 2579">
     <span class='ocr_line' id='line_1_87' title="bbox 1898 2500 3538 2579; baseline -0.008 -12"><span class='ocrx_word' id='word_1_604' title='bbox 1898 2514 2129 2567; x_wconf 90' lang='lat' dir='ltr'>ritatem</span> <span class='ocrx_word' id='word_1_605' title='bbox 2152 2510 2387 2566; x_wconf 89' lang='lat' dir='ltr'>deducit</span> <span class='ocrx_word' id='word_1_606' title='bbox 2407 2514 2765 2579; x_wconf 68' lang='lat' dir='ltr'>Pastor,quae</span> <span class='ocrx_word' id='word_1_607' title='bbox 2788 2506 2859 2561; x_wconf 89' lang='lat' dir='ltr'>ab</span> <span class='ocrx_word' id='word_1_608' title='bbox 2887 2505 2987 2559; x_wconf 91' lang='lat' dir='ltr'>illa</span> <span class='ocrx_word' id='word_1_609' title='bbox 3011 2502 3354 2559; x_wconf 88' lang='lat' dir='ltr'>naturaliter</span> <span class='ocrx_word' id='word_1_610' title='bbox 3384 2500 3538 2567; x_wconf 84' lang='lat' dir='ltr'>ﬂuit,</span> 
     </span>
    </p>
   </div>
   <div class='ocr_carea' id='block_1_84' title="bbox 1899 2590 3543 2668">
    <p class='ocr_par' dir='ltr' id='par_1_84' title="bbox 1899 2590 3543 2668">
     <span class='ocr_line' id='line_1_88' title="bbox 1899 2590 3543 2668; baseline -0.009 -10"><span class='ocrx_word' id='word_1_611' title='bbox 1899 2602 2120 2658; x_wconf 89' lang='lat' dir='ltr'>scilicet</span> <span class='ocrx_word' id='word_1_612' title='bbox 2150 2599 2559 2655; x_wconf 89' lang='lat' dir='ltr'>necessitatem</span> <span class='ocrx_word' id='word_1_613' title='bbox 2594 2595 2892 2668; x_wconf 90' lang='lat' dir='ltr'>baptismi,</span> <span class='ocrx_word' id='word_1_614' title='bbox 2918 2596 3163 2665; x_wconf 85' lang='lat' dir='ltr'>ejusque</span> <span class='ocrx_word' id='word_1_615' title='bbox 3185 2591 3393 2647; x_wconf 91' lang='lat' dir='ltr'>miram</span> <span class='ocrx_word' id='word_1_616' title='bbox 3423 2590 3543 2645; x_wconf 79' lang='lat' dir='ltr'>efﬁ-</span> 
     </span>
    </p>
   </div>
   <div class='ocr_carea' id='block_1_85' title="bbox 1900 2681 3544 2757">
    <p class='ocr_par' dir='ltr' id='par_1_85' title="bbox 1900 2681 3544 2757">
     <span class='ocr_line' id='line_1_89' title="bbox 1900 2681 3544 2757; baseline -0.007 -12"><span class='ocrx_word' id='word_1_617' title='bbox 1900 2690 2218 2746; x_wconf 86' lang='lat' dir='ltr'>cacitatem.</span> <span class='ocrx_word' id='word_1_618' title='bbox 2269 2690 2585 2757; x_wconf 84' lang='lat' dir='ltr'>Antequam</span> <span class='ocrx_word' id='word_1_619' title='bbox 2639 2686 2786 2740; x_wconf 88' lang='lat' dir='ltr'>enim</span> <span class='ocrx_word' id='word_1_620' title='bbox 2846 2683 2925 2737; x_wconf 86' lang='lat' dir='ltr'>ait</span> <span class='ocrx_word' id='word_1_621' title='bbox 2972 2682 3068 2737; x_wconf 92' lang='lat' dir='ltr'>ille</span> <span class='ocrx_word' id='word_1_622' title='bbox 3119 2682 3251 2753; x_wconf 81' lang='lat'>(27),</span> <span class='ocrx_word' id='word_1_623' title='bbox 3294 2681 3544 2750; x_wconf 87' lang='lat' dir='ltr'>accipiat</span> 
     </span>
    </p>
   </div>
   <div class='ocr_carea' id='block_1_86' title="bbox 1902 2768 3539 2847">
    <p class='ocr_par' dir='ltr' id='par_1_86' title="bbox 1902 2768 3539 2847">
     <span class='ocr_line' id='line_1_90' title="bbox 1902 2768 3539 2847; baseline -0.007 -13"><span class='ocrx_word' id='word_1_624' title='bbox 1902 2780 2056 2834; x_wconf 90' lang='lat' dir='ltr'>homo</span> <span class='ocrx_word' id='word_1_625' title='bbox 2086 2794 2282 2832; x_wconf 84' lang='lat' dir='ltr'>nomen</span> <span class='ocrx_word' id='word_1_626' title='bbox 2310 2777 2419 2847; x_wconf 80' lang='lat' dir='ltr'>filii</span> <span class='ocrx_word' id='word_1_627' title='bbox 2450 2776 2577 2838; x_wconf 87' lang='lat' dir='ltr'>Dei,</span> <span class='ocrx_word' id='word_1_628' title='bbox 2626 2782 2794 2827; x_wconf 80' lang='lat' dir='ltr'>morti</span> <span class='ocrx_word' id='word_1_629' title='bbox 2842 2772 3146 2827; x_wconf 88' lang='lat' dir='ltr'>destinatus</span> <span class='ocrx_word' id='word_1_630' title='bbox 3204 2778 3279 2824; x_wconf 85' lang='lat' dir='ltr'>est</span> <span class='ocrx_word' id='word_1_631' title='bbox 3310 2786 3322 2822; x_wconf 90' lang='lat'>:</span> <span class='ocrx_word' id='word_1_632' title='bbox 3356 2781 3412 2823; x_wconf 85' lang='lat' dir='ltr'>at</span> <span class='ocrx_word' id='word_1_633' title='bbox 3442 2768 3539 2822; x_wconf 88' lang='lat' dir='ltr'>ubi</span> 
     </span>
    </p>
   </div>
   <div class='ocr_carea' id='block_1_87' title="bbox 1901 2857 3546 2938">
    <p class='ocr_par' dir='ltr' id='par_1_87' title="bbox 1901 2857 3546 2938">
     <span class='ocr_line' id='line_1_91' title="bbox 1901 2857 3546 2938; baseline -0.008 -15"><span class='ocrx_word' id='word_1_634' title='bbox 1901 2870 2107 2938; x_wconf 88' lang='lat' dir='ltr'>accepit</span> <span class='ocrx_word' id='word_1_635' title='bbox 2138 2866 2283 2921; x_wconf 88' lang='lat' dir='ltr'>illud</span> <span class='ocrx_word' id='word_1_636' title='bbox 2312 2866 2581 2936; x_wconf 87' lang='lat' dir='ltr'>sigillum,</span> <span class='ocrx_word' id='word_1_637' title='bbox 2617 2864 2886 2917; x_wconf 85' lang='lat' dir='ltr'>liberatur</span> <span class='ocrx_word' id='word_1_638' title='bbox 2914 2878 2947 2914; x_wconf 91' lang='lat' dir='ltr'>a</span> <span class='ocrx_word' id='word_1_639' title='bbox 2996 2864 3249 2926; x_wconf 88' lang='lat' dir='ltr'>morte,et</span> <span class='ocrx_word' id='word_1_640' title='bbox 3299 2857 3546 2913; x_wconf 88' lang='lat' dir='ltr'>traditur</span> 
     </span>
    </p>
   </div>
   <div class='ocr_carea' id='block_1_88' title="bbox 1902 2945 3545 3021">
    <p class='ocr_par' dir='ltr' id='par_1_88' title="bbox 1902 2945 3545 3021">
     <span class='ocr_line' id='line_1_92' title="bbox 1902 2945 3545 3021; baseline -0.009 -8"><span class='ocrx_word' id='word_1_641' title='bbox 1902 2959 2051 3013; x_wconf 63' lang='lat' dir='ltr'>vitw.</span> <span class='ocrx_word' id='word_1_642' title='bbox 2084 2955 2233 3011; x_wconf 91' lang='lat' dir='ltr'>Illua</span> <span class='ocrx_word' id='word_1_643' title='bbox 2261 2963 2439 3009; x_wconf 88' lang='lat' dir='ltr'>autem</span> <span class='ocrx_word' id='word_1_644' title='bbox 2467 2952 2719 3021; x_wconf 86' lang='lat' dir='ltr'>sigillum</span> <span class='ocrx_word' id='word_1_645' title='bbox 2747 2966 2891 3020; x_wconf 85' lang='lat' dir='ltr'>aqua</span> <span class='ocrx_word' id='word_1_646' title='bbox 2920 2958 3017 3012; x_wconf 90' lang='lat' dir='ltr'>est,</span> <span class='ocrx_word' id='word_1_647' title='bbox 3049 2949 3107 3001; x_wconf 90' lang='lat' dir='ltr'>in</span> <span class='ocrx_word' id='word_1_648' title='bbox 3139 2964 3300 3017; x_wconf 90' lang='lat' dir='ltr'>quam</span> <span class='ocrx_word' id='word_1_649' title='bbox 3330 2945 3545 3000; x_wconf 88' lang='lat' dir='ltr'>descen-</span> 
     </span>
    </p>
   </div>
   <div class='ocr_carea' id='block_1_89' title="bbox 1902 3036 3543 3108">
    <p class='ocr_par' dir='ltr' id='par_1_89' title="bbox 1902 3036 3543 3108">
     <span class='ocr_line' id='line_1_93' title="bbox 1902 3036 3543 3108; baseline -0.008 -7"><span class='ocrx_word' id='word_1_650' title='bbox 1902 3047 2037 3101; x_wconf 88' lang='lat' dir='ltr'>dunt</span> <span class='ocrx_word' id='word_1_651' title='bbox 2066 3046 2310 3101; x_wconf 86' lang='lat' dir='ltr'>homines</span> <span class='ocrx_word' id='word_1_652' title='bbox 2340 3043 2513 3097; x_wconf 85' lang='lat' dir='ltr'>morti</span> <span class='ocrx_word' id='word_1_653' title='bbox 2540 3041 2785 3108; x_wconf 85' lang='lat' dir='ltr'>obligati,</span> <span class='ocrx_word' id='word_1_654' title='bbox 2817 3037 3115 3093; x_wconf 87' lang='lat' dir='ltr'>ascendunt</span> <span class='ocrx_word' id='word_1_655' title='bbox 3148 3052 3269 3091; x_wconf 86' lang='lat' dir='ltr'>vero</span> <span class='ocrx_word' id='word_1_656' title='bbox 3300 3036 3428 3091; x_wconf 67' lang='lat' dir='ltr'>vita?</span> <span class='ocrx_word' id='word_1_657' title='bbox 3458 3051 3543 3088; x_wconf 90' lang='lat' dir='ltr'>as-</span> 
     </span>
    </p>
   </div>
   <div class='ocr_carea' id='block_1_90' title="bbox 1901 3123 3547 3206">
    <p class='ocr_par' dir='ltr' id='par_1_90' title="bbox 1901 3123 3547 3206">
     <span class='ocr_line' id='line_1_94' title="bbox 1901 3123 3547 3206; baseline -0.01 -16"><span class='ocrx_word' id='word_1_658' title='bbox 1901 3136 2109 3206; x_wconf 86' lang='lat' dir='ltr'>signati</span> <span class='ocrx_word' id='word_1_659' title='bbox 2164 3134 2296 3204; x_wconf 82' lang='lat'>(28).</span> <span class='ocrx_word' id='word_1_660' title='bbox 2355 3130 2661 3185; x_wconf 89' lang='lat' dir='ltr'>Pulchrior</span> <span class='ocrx_word' id='word_1_661' title='bbox 2706 3130 2949 3183; x_wconf 84' lang='lat' dir='ltr'>fortasse</span> <span class='ocrx_word' id='word_1_662' title='bbox 3006 3142 3125 3181; x_wconf 92' lang='lat' dir='ltr'>non</span> <span class='ocrx_word' id='word_1_663' title='bbox 3176 3123 3547 3178; x_wconf 87' lang='lat' dir='ltr'>adinvenitur</span> 
     </span>
    </p>
   </div>
   <div class='ocr_carea' id='block_1_91' title="bbox 1903 3211 3547 3288">
    <p class='ocr_par' dir='ltr' id='par_1_91' title="bbox 1903 3211 3547 3288">
     <span class='ocr_line' id='line_1_95' title="bbox 1903 3211 3547 3288; baseline -0.01 -8"><span class='ocrx_word' id='word_1_664' title='bbox 1903 3228 2097 3280; x_wconf 83' lang='lat' dir='ltr'>textus</span> <span class='ocrx_word' id='word_1_665' title='bbox 2129 3223 2200 3277; x_wconf 92' lang='lat' dir='ltr'>ad</span> <span class='ocrx_word' id='word_1_666' title='bbox 2230 3220 2634 3276; x_wconf 70' lang='lat' dir='ltr'>necessitatem</span> <span class='ocrx_word' id='word_1_667' title='bbox 2668 3215 3216 3288; x_wconf 84' lang='lat' dir='ltr'>haptismi,eiusque</span> <span class='ocrx_word' id='word_1_668' title='bbox 3240 3212 3446 3265; x_wconf 90' lang='lat' dir='ltr'>miram</span> <span class='ocrx_word' id='word_1_669' title='bbox 3469 3211 3547 3265; x_wconf 90' lang='lat' dir='ltr'>ef-</span> 
     </span>
    </p>
   </div>
   <div class='ocr_carea' id='block_1_92' title="bbox 1906 3301 3548 3379">
    <p class='ocr_par' dir='ltr' id='par_1_92' title="bbox 1906 3301 3548 3379">
     <span class='ocr_line' id='line_1_96' title="bbox 1906 3301 3548 3379; baseline -0.01 -11"><span class='ocrx_word' id='word_1_670' title='bbox 1906 3312 2168 3368; x_wconf 83' lang='lat' dir='ltr'>ﬁcaciam</span> <span class='ocrx_word' id='word_1_671' title='bbox 2219 3308 2733 3379; x_wconf 89' lang='lat' dir='ltr'>comprobandam.</span> <span class='ocrx_word' id='word_1_672' title='bbox 2782 3305 2983 3359; x_wconf 83' lang='lat' dir='ltr'>Pastor</span> <span class='ocrx_word' id='word_1_673' title='bbox 3028 3308 3146 3357; x_wconf 88' lang='lat' dir='ltr'>tam</span> <span class='ocrx_word' id='word_1_674' title='bbox 3180 3301 3548 3355; x_wconf 90' lang='lat' dir='ltr'>vehementer</span> 
     </span>
    </p>
   </div>
   <div class='ocr_carea' id='block_1_93' title="bbox 1064 3379 3546 3465">
    <p class='ocr_par' dir='ltr' id='par_1_93' title="bbox 1064 3379 3546 3465">
     <span class='ocr_line' id='line_1_97' title="bbox 1064 3379 3546 3465; baseline -0.007 -6"><span class='ocrx_word' id='word_1_675' title='bbox 1064 3412 1077 3459; x_wconf 88' lang='grc'><strong>;</strong></span> <span class='ocrx_word' id='word_1_676' title='bbox 1139 3411 1240 3465; x_wconf 59' lang='lat' dir='ltr'>Per</span> <span class='ocrx_word' id='word_1_677' title='bbox 1289 3395 1499 3449; x_wconf 70' lang='lat' dir='ltr'>Filium</span> <span class='ocrx_word' id='word_1_678' title='bbox 1532 3411 1663 3450; x_wconf 74' lang='grc' dir='ltr'>νΘΓο</span> <span class='ocrx_word' id='word_1_679' title='bbox 1692 3394 1789 3460; x_wconf 62' lang='grc' dir='ltr'>τὴν</span> <span class='ocrx_word' id='word_1_680' title='bbox 1824 3379 1866 3445; x_wconf 76' lang='lat' dir='ltr'>C</span> <span class='ocrx_word' id='word_1_681' title='bbox 1907 3420 2029 3457; x_wconf 73' lang='lat' dir='ltr'>suae</span> <span class='ocrx_word' id='word_1_682' title='bbox 2061 3398 2359 3456; x_wconf 68' lang='lat' dir='ltr'>sententia:</span> <span class='ocrx_word' id='word_1_683' title='bbox 2390 3396 2630 3462; x_wconf 89' lang='lat' dir='ltr'>insistit,</span> <span class='ocrx_word' id='word_1_684' title='bbox 2683 3399 2749 3449; x_wconf 94' lang='lat' dir='ltr'>ut</span> <span class='ocrx_word' id='word_1_685' title='bbox 2796 3392 3107 3447; x_wconf 89' lang='lat' dir='ltr'>contendat</span> <span class='ocrx_word' id='word_1_686' title='bbox 3129 3392 3325 3461; x_wconf 88' lang='lat' dir='ltr'>justos</span> <span class='ocrx_word' id='word_1_687' title='bbox 3368 3388 3546 3443; x_wconf 90' lang='lat' dir='ltr'>etiam</span> 
     </span>
    </p>
   </div>
   <div class='ocr_carea' id='block_1_94' title="bbox 1906 3478 3549 3563">
    <p class='ocr_par' dir='ltr' id='par_1_94' title="bbox 1906 3478 3549 3563">
     <span class='ocr_line' id='line_1_98' title="bbox 1906 3478 3549 3563; baseline -0.007 -18"><span class='ocrx_word' id='word_1_688' title='bbox 1906 3491 2005 3563; x_wconf 90' lang='lat' dir='ltr'>qui</span> <span class='ocrx_word' id='word_1_689' title='bbox 2037 3494 2171 3544; x_wconf 90' lang='lat' dir='ltr'>ante</span> <span class='ocrx_word' id='word_1_690' title='bbox 2200 3486 2661 3541; x_wconf 90' lang='lat' dir='ltr'>incarnationem</span> <span class='ocrx_word' id='word_1_691' title='bbox 2714 3484 3109 3543; x_wconf 89' lang='lat' dir='ltr'>decesserunt,</span> <span class='ocrx_word' id='word_1_692' title='bbox 3143 3495 3255 3533; x_wconf 93' lang='lat' dir='ltr'>non</span> <span class='ocrx_word' id='word_1_693' title='bbox 3288 3478 3549 3549; x_wconf 88' lang='lat' dir='ltr'>potuisse</span> 
     </span>
    </p>
   </div>
   <div class='ocr_carea' id='block_1_95' title="bbox 1905 3568 3548 3650">
    <p class='ocr_par' dir='ltr' id='par_1_95' title="bbox 1905 3568 3548 3650">
     <span class='ocr_line' id='line_1_99' title="bbox 1905 3568 3548 3650; baseline -0.009 -15"><span class='ocrx_word' id='word_1_694' title='bbox 1905 3581 1964 3635; x_wconf 91' lang='lat' dir='ltr'>in</span> <span class='ocrx_word' id='word_1_695' title='bbox 1998 3594 2239 3650; x_wconf 89' lang='lat' dir='ltr'>regnum</span> <span class='ocrx_word' id='word_1_696' title='bbox 2273 3574 2373 3630; x_wconf 93' lang='lat' dir='ltr'>Dei</span> <span class='ocrx_word' id='word_1_697' title='bbox 2404 3574 2641 3637; x_wconf 90' lang='lat' dir='ltr'>intrare,</span> <span class='ocrx_word' id='word_1_698' title='bbox 2676 3572 2789 3626; x_wconf 90' lang='lat' dir='ltr'>nisi</span> <span class='ocrx_word' id='word_1_699' title='bbox 2818 3570 3012 3624; x_wconf 87' lang='lat' dir='ltr'>divino</span> <span class='ocrx_word' id='word_1_700' title='bbox 3045 3568 3151 3623; x_wconf 88' lang='lat' dir='ltr'>hoc</span> <span class='ocrx_word' id='word_1_701' title='bbox 3184 3571 3548 3623; x_wconf 89' lang='lat' dir='ltr'>sacramento</span> 
     </span>
    </p>
   </div>
   <div class='ocr_carea' id='block_1_96' title="bbox 1908 3655 3551 3740">
    <p class='ocr_par' dir='ltr' id='par_1_96' title="bbox 1908 3655 3551 3740">
     <span class='ocr_line' id='line_1_100' title="bbox 1908 3655 3551 3740; baseline -0.009 -16"><span class='ocrx_word' id='word_1_702' title='bbox 1908 3667 2121 3740; x_wconf 87' lang='lat' dir='ltr'>signati</span> <span class='ocrx_word' id='word_1_703' title='bbox 2152 3668 2368 3720; x_wconf 90' lang='lat' dir='ltr'>essent.</span> <span class='ocrx_word' id='word_1_704' title='bbox 2400 3667 2621 3719; x_wconf 84' lang='lat' dir='ltr'>Necesse</span> <span class='ocrx_word' id='word_1_705' title='bbox 2675 3665 2770 3724; x_wconf 89' lang='lat' dir='ltr'>est,</span> <span class='ocrx_word' id='word_1_706' title='bbox 2800 3658 2880 3714; x_wconf 89' lang='lat' dir='ltr'>ait</span> <span class='ocrx_word' id='word_1_707' title='bbox 2908 3658 3025 3724; x_wconf 91' lang='lat' dir='ltr'>ille,</span> <span class='ocrx_word' id='word_1_708' title='bbox 3068 3657 3315 3728; x_wconf 92' lang='lat' dir='ltr'>loquens</span> <span class='ocrx_word' id='word_1_709' title='bbox 3348 3655 3415 3710; x_wconf 92' lang='lat' dir='ltr'>de</span> <span class='ocrx_word' id='word_1_710' title='bbox 3448 3672 3551 3726; x_wconf 90' lang='lat' dir='ltr'>pa-</span> 
     </span>
    </p>
   </div>
   <div class='ocr_carea' id='block_1_97' title="bbox 1908 3745 3555 3826">
    <p class='ocr_par' dir='ltr' id='par_1_97' title="bbox 1908 3745 3555 3826">
     <span class='ocr_line' id='line_1_101' title="bbox 1908 3745 3555 3826; baseline -0.01 -13"><span class='ocrx_word' id='word_1_711' title='bbox 1908 3756 2198 3825; x_wconf 89' lang='lat' dir='ltr'>triarchis,</span> <span class='ocrx_word' id='word_1_712' title='bbox 2223 3752 2522 3826; x_wconf 89' lang='lat' dir='ltr'>prophetis</span> <span class='ocrx_word' id='word_1_713' title='bbox 2547 3766 2611 3805; x_wconf 91' lang='lat' dir='ltr'>ac</span> <span class='ocrx_word' id='word_1_714' title='bbox 2634 3750 2817 3819; x_wconf 84' lang='lat' dir='ltr'>justis</span> <span class='ocrx_word' id='word_1_715' title='bbox 2838 3752 2972 3803; x_wconf 90' lang='lat' dir='ltr'>ante</span> <span class='ocrx_word' id='word_1_716' title='bbox 3005 3745 3315 3801; x_wconf 91' lang='lat' dir='ltr'>Salvatoris</span> <span class='ocrx_word' id='word_1_717' title='bbox 3346 3745 3555 3799; x_wconf 89' lang='lat' dir='ltr'>adven-</span> 
     </span>
    </p>
   </div>
   <div class='ocr_carea' id='block_1_98' title="bbox 1909 3834 3554 3911">
    <p class='ocr_par' dir='ltr' id='par_1_98' title="bbox 1909 3834 3554 3911">
     <span class='ocr_line' id='line_1_102' title="bbox 1909 3834 3554 3911; baseline -0.009 -10"><span class='ocrx_word' id='word_1_718' title='bbox 1909 3852 2035 3901; x_wconf 91' lang='lat' dir='ltr'>tum</span> <span class='ocrx_word' id='word_1_719' title='bbox 2066 3843 2413 3905; x_wconf 90' lang='lat' dir='ltr'>viventibus,</span> <span class='ocrx_word' id='word_1_720' title='bbox 2443 3849 2504 3895; x_wconf 91' lang='lat' dir='ltr'>ut</span> <span class='ocrx_word' id='word_1_721' title='bbox 2530 3856 2629 3911; x_wconf 89' lang='lat' dir='ltr'>per</span> <span class='ocrx_word' id='word_1_722' title='bbox 2656 3855 2858 3909; x_wconf 90' lang='lat' dir='ltr'>aquam</span> <span class='ocrx_word' id='word_1_723' title='bbox 2887 3838 3121 3892; x_wconf 86' lang='lat' dir='ltr'>habeant</span> <span class='ocrx_word' id='word_1_724' title='bbox 3158 3834 3461 3901; x_wconf 85' lang='lat' dir='ltr'>ascendere,</span> <span class='ocrx_word' id='word_1_725' title='bbox 3492 3840 3554 3887; x_wconf 91' lang='lat' dir='ltr'>ut</span> 
     </span>
    </p>
   </div>
   <div class='ocr_carea' id='block_1_99' title="bbox 1909 3926 3553 4006">
    <p class='ocr_par' dir='ltr' id='par_1_99' title="bbox 1909 3926 3553 4006">
     <span class='ocr_line' id='line_1_103' title="bbox 1909 3926 3553 4006; baseline -0.01 -15"><span class='ocrx_word' id='word_1_726' title='bbox 1909 3926 2303 4006; x_wconf 71' lang='lat' dir='ltr'>requiescant:</span> <span class='ocrx_word' id='word_1_727' title='bbox 2343 3947 2453 3987; x_wconf 90' lang='lat' dir='ltr'>non</span> <span class='ocrx_word' id='word_1_728' title='bbox 2501 3932 2754 3999; x_wconf 85' lang='lat' dir='ltr'>poterant</span> <span class='ocrx_word' id='word_1_729' title='bbox 2799 3928 2952 3983; x_wconf 89' lang='lat' dir='ltr'>enim</span> <span class='ocrx_word' id='word_1_730' title='bbox 2999 3926 3163 3980; x_wconf 89' lang='lat' dir='ltr'>aliter</span> <span class='ocrx_word' id='word_1_731' title='bbox 3208 3926 3271 3978; x_wconf 89' lang='lat' dir='ltr'>in</span> <span class='ocrx_word' id='word_1_732' title='bbox 3318 3938 3553 3992; x_wconf 84' lang='lat' dir='ltr'>regnum</span> 
     </span>
    </p>
   </div>
   <div class='ocr_carea' id='block_1_100' title="bbox 1912 4011 3553 4091">
    <p class='ocr_par' dir='ltr' id='par_1_100' title="bbox 1912 4011 3553 4091">
     <span class='ocr_line' id='line_1_104' title="bbox 1912 4011 3553 4091; baseline -0.01 -11"><span class='ocrx_word' id='word_1_733' title='bbox 1912 4026 2011 4080; x_wconf 91' lang='lat' dir='ltr'>Dei</span> <span class='ocrx_word' id='word_1_734' title='bbox 2042 4026 2272 4090; x_wconf 88' lang='lat' dir='ltr'>intrare,</span> <span class='ocrx_word' id='word_1_735' title='bbox 2292 4036 2457 4091; x_wconf 88' lang='lat' dir='ltr'>quam</span> <span class='ocrx_word' id='word_1_736' title='bbox 2485 4023 2544 4073; x_wconf 90' lang='lat' dir='ltr'>ut</span> <span class='ocrx_word' id='word_1_737' title='bbox 2574 4018 2902 4088; x_wconf 87' lang='lat' dir='ltr'>deponerent</span> <span class='ocrx_word' id='word_1_738' title='bbox 2929 4014 3325 4069; x_wconf 84' lang='lat' dir='ltr'>mortalitatem</span> <span class='ocrx_word' id='word_1_739' title='bbox 3348 4011 3553 4081; x_wconf 88' lang='lat' dir='ltr'>prioris</span> 
     </span>
    </p>
   </div>
   <div class='ocr_carea' id='block_1_101' title="bbox 1910 4098 3555 4179">
    <p class='ocr_par' dir='ltr' id='par_1_101' title="bbox 1910 4098 3555 4179">
     <span class='ocr_line' id='line_1_105' title="bbox 1910 4098 3555 4179; baseline -0.011 -9"><span class='ocrx_word' id='word_1_740' title='bbox 1910 4116 2063 4170; x_wconf 72' lang='lat' dir='ltr'>vitae.</span> <span class='ocrx_word' id='word_1_741' title='bbox 2097 4111 2273 4166; x_wconf 89' lang='lat' dir='ltr'>Addit</span> <span class='ocrx_word' id='word_1_742' title='bbox 2302 4111 2561 4179; x_wconf 91' lang='lat' dir='ltr'>insuper,</span> <span class='ocrx_word' id='word_1_743' title='bbox 2605 4114 2827 4161; x_wconf 89' lang='lat' dir='ltr'>veteres</span> <span class='ocrx_word' id='word_1_744' title='bbox 2876 4104 3019 4159; x_wconf 91' lang='lat' dir='ltr'>istos</span> <span class='ocrx_word' id='word_1_745' title='bbox 3070 4100 3262 4173; x_wconf 89' lang='lat' dir='ltr'>sigillo</span> <span class='ocrx_word' id='word_1_746' title='bbox 3294 4099 3421 4154; x_wconf 87' lang='lat' dir='ltr'>Filii</span> <span class='ocrx_word' id='word_1_747' title='bbox 3452 4098 3555 4153; x_wconf 91' lang='lat' dir='ltr'>Dei</span> 
     </span>
    </p>
   </div>
   <div class='ocr_carea' id='block_1_102' title="bbox 1916 4188 3556 4274">
    <p class='ocr_par' dir='ltr' id='par_1_102' title="bbox 1916 4188 3556 4274">
     <span class='ocr_line' id='line_1_106' title="bbox 1916 4188 3556 4274; baseline -0.01 -16"><span class='ocrx_word' id='word_1_748' title='bbox 1916 4205 2177 4274; x_wconf 89' lang='lat' dir='ltr'>signatos</span> <span class='ocrx_word' id='word_1_749' title='bbox 2209 4200 2414 4264; x_wconf 87' lang='lat' dir='ltr'>fuisse,</span> <span class='ocrx_word' id='word_1_750' title='bbox 2444 4201 2502 4252; x_wconf 91' lang='lat' dir='ltr'>et</span> <span class='ocrx_word' id='word_1_751' title='bbox 2522 4196 2604 4251; x_wconf 93' lang='lat' dir='ltr'>ita</span> <span class='ocrx_word' id='word_1_752' title='bbox 2626 4196 2871 4249; x_wconf 89' lang='lat' dir='ltr'>intrasse</span> <span class='ocrx_word' id='word_1_753' title='bbox 2896 4208 3141 4264; x_wconf 86' lang='lat' dir='ltr'>regnum</span> <span class='ocrx_word' id='word_1_754' title='bbox 3167 4190 3263 4244; x_wconf 92' lang='lat' dir='ltr'>Dei</span> <span class='ocrx_word' id='word_1_755' title='bbox 3294 4189 3422 4244; x_wconf 87' lang='lat' dir='ltr'>:illi</span> <span class='ocrx_word' id='word_1_756' title='bbox 3452 4188 3556 4258; x_wconf 89' lang='lat' dir='ltr'>igi-</span> 
     </span>
    </p>
   </div>
   <div class='ocr_carea' id='block_1_103' title="bbox 1914 4280 3556 4360">
    <p class='ocr_par' dir='ltr' id='par_1_103' title="bbox 1914 4280 3556 4360">
     <span class='ocr_line' id='line_1_107' title="bbox 1914 4280 3556 4360; baseline -0.01 -13"><span class='ocrx_word' id='word_1_757' title='bbox 1914 4307 2008 4347; x_wconf 89' lang='lat' dir='ltr'>tur</span> <span class='ocrx_word' id='word_1_758' title='bbox 2036 4290 2287 4360; x_wconf 74' lang='lat' dir='ltr'>defuncti</span> <span class='ocrx_word' id='word_1_759' title='bbox 2313 4286 2497 4357; x_wconf 88' lang='lat' dir='ltr'>sigillo</span> <span class='ocrx_word' id='word_1_760' title='bbox 2518 4285 2650 4339; x_wconf 84' lang='lat' dir='ltr'>Filii</span> <span class='ocrx_word' id='word_1_761' title='bbox 2681 4285 2775 4338; x_wconf 88' lang='lat' dir='ltr'>Dei</span> <span class='ocrx_word' id='word_1_762' title='bbox 2802 4284 3004 4351; x_wconf 83' lang='lat' dir='ltr'>signati</span> <span class='ocrx_word' id='word_1_763' title='bbox 3041 4288 3187 4344; x_wconf 87' lang='lat' dir='ltr'>sunt,</span> <span class='ocrx_word' id='word_1_764' title='bbox 3234 4287 3283 4333; x_wconf 91' lang='lat' dir='ltr'>et</span> <span class='ocrx_word' id='word_1_765' title='bbox 3312 4280 3556 4333; x_wconf 85' lang='lat' dir='ltr'>intrave-</span> 
     </span>
    </p>
   </div>
   <div class='ocr_carea' id='block_1_104' title="bbox 1915 4368 3560 4446">
    <p class='ocr_par' dir='ltr' id='par_1_104' title="bbox 1915 4368 3560 4446">
     <span class='ocr_line' id='line_1_108' title="bbox 1915 4368 3560 4446; baseline -0.009 -11"><span class='ocrx_word' id='word_1_766' title='bbox 1915 4384 2043 4435; x_wconf 89' lang='lat' dir='ltr'>runt</span> <span class='ocrx_word' id='word_1_767' title='bbox 2077 4381 2136 4433; x_wconf 88' lang='lat' dir='ltr'>in</span> <span class='ocrx_word' id='word_1_768' title='bbox 2162 4392 2401 4446; x_wconf 88' lang='lat' dir='ltr'>regnum</span> <span class='ocrx_word' id='word_1_769' title='bbox 2430 4375 2532 4429; x_wconf 89' lang='lat' dir='ltr'>Dei</span> <span class='ocrx_word' id='word_1_770' title='bbox 2551 4390 2571 4435; x_wconf 85' lang='lat'><strong><em>;</em></strong></span> <span class='ocrx_word' id='word_1_771' title='bbox 2621 4372 2849 4437; x_wconf 91' lang='lat' dir='ltr'>deinde,</span> <span class='ocrx_word' id='word_1_772' title='bbox 2882 4368 3177 4441; x_wconf 89' lang='lat' dir='ltr'>apostolos</span> <span class='ocrx_word' id='word_1_773' title='bbox 3210 4372 3267 4423; x_wconf 91' lang='lat' dir='ltr'>et</span> <span class='ocrx_word' id='word_1_774' title='bbox 3296 4368 3560 4423; x_wconf 88' lang='lat' dir='ltr'>doctores</span> 
     </span>
    </p>
   </div>
   <div class='ocr_carea' id='block_1_105' title="bbox 1916 4459 3561 4538">
    <p class='ocr_par' dir='ltr' id='par_1_105' title="bbox 1916 4459 3561 4538">
     <span class='ocr_line' id='line_1_109' title="bbox 1916 4459 3561 4538; baseline -0.01 -13"><span class='ocrx_word' id='word_1_775' title='bbox 1916 4467 2341 4538; x_wconf 66' lang='lat' dir='ltr'>Ecclesiaz,post</span> <span class='ocrx_word' id='word_1_776' title='bbox 2371 4480 2571 4519; x_wconf 90' lang='lat' dir='ltr'>eorum</span> <span class='ocrx_word' id='word_1_777' title='bbox 2606 4465 2853 4516; x_wconf 88' lang='lat' dir='ltr'>mortem</span> <span class='ocrx_word' id='word_1_778' title='bbox 2885 4459 2977 4514; x_wconf 90' lang='lat' dir='ltr'>his</span> <span class='ocrx_word' id='word_1_779' title='bbox 3000 4459 3347 4529; x_wconf 70' lang='lat' dir='ltr'>praedicasse</span> <span class='ocrx_word' id='word_1_780' title='bbox 3378 4460 3561 4510; x_wconf 86' lang='lat' dir='ltr'>Evan-</span> 
     </span>
    </p>
   </div>
   <div class='ocr_carea' id='block_1_106' title="bbox 1917 4543 3559 4631">
    <p class='ocr_par' dir='ltr' id='par_1_106' title="bbox 1917 4543 3559 4631">
     <span class='ocr_line' id='line_1_110' title="bbox 1917 4543 3559 4631; baseline -0.01 -17"><span class='ocrx_word' id='word_1_781' title='bbox 1917 4558 2133 4631; x_wconf 91' lang='lat' dir='ltr'>gelium</span> <span class='ocrx_word' id='word_1_782' title='bbox 2174 4557 2311 4611; x_wconf 87' lang='lat' dir='ltr'>Jesu</span> <span class='ocrx_word' id='word_1_783' title='bbox 2344 4551 2577 4617; x_wconf 87' lang='lat' dir='ltr'>Christi,</span> <span class='ocrx_word' id='word_1_784' title='bbox 2606 4556 2663 4605; x_wconf 91' lang='lat' dir='ltr'>et</span> <span class='ocrx_word' id='word_1_785' title='bbox 2692 4549 2921 4604; x_wconf 89' lang='lat' dir='ltr'>dedisse</span> <span class='ocrx_word' id='word_1_786' title='bbox 2951 4549 3037 4603; x_wconf 92' lang='lat' dir='ltr'>eis</span> <span class='ocrx_word' id='word_1_787' title='bbox 3067 4543 3559 4619; x_wconf 89' lang='lat' dir='ltr'>baptismum,qui</span> 
     </span>
    </p>
   </div>
   <div class='ocr_carea' id='block_1_107' title="bbox 1918 4632 3569 4709">
    <p class='ocr_par' dir='ltr' id='par_1_107' title="bbox 1918 4632 3569 4709">
     <span class='ocr_line' id='line_1_111' title="bbox 1918 4632 3569 4709; baseline -0.01 -6"><span class='ocrx_word' id='word_1_788' title='bbox 1918 4647 2079 4704; x_wconf 90' lang='lat' dir='ltr'>solus</span> <span class='ocrx_word' id='word_1_789' title='bbox 2134 4647 2350 4709; x_wconf 89' lang='lat' dir='ltr'>deerat,</span> <span class='ocrx_word' id='word_1_790' title='bbox 2382 4646 2447 4696; x_wconf 90' lang='lat' dir='ltr'>ut</span> <span class='ocrx_word' id='word_1_791' title='bbox 2476 4643 2669 4695; x_wconf 89' lang='lat' dir='ltr'>essent</span> <span class='ocrx_word' id='word_1_792' title='bbox 2708 4638 2859 4693; x_wconf 90' lang='lat' dir='ltr'>beati</span> <span class='ocrx_word' id='word_1_793' title='bbox 2895 4654 2907 4692; x_wconf 91' lang='lat'>:</span> <span class='ocrx_word' id='word_1_794' title='bbox 2944 4638 3208 4704; x_wconf 78' lang='lat' dir='ltr'>Quoniam</span> <span class='ocrx_word' id='word_1_795' title='bbox 3246 4635 3306 4689; x_wconf 87' lang='lat' dir='ltr'>hi</span> <span class='ocrx_word' id='word_1_796' title='bbox 3332 4632 3569 4705; x_wconf 88' lang='lat' dir='ltr'>apostoli</span> 
     </span>
    </p>
   </div>
   <div class='ocr_carea' id='block_1_108' title="bbox 2039 4722 3565 4801">
    <p class='ocr_par' dir='ltr' id='par_1_108' title="bbox 2039 4722 3565 4801">
     <span class='ocr_line' id='line_1_112' title="bbox 2039 4722 3565 4801; baseline -0.01 -11"><span class='ocrx_word' id='word_1_797' title='bbox 2039 4778 2051 4790; x_wconf 94' lang='lat'>.</span> <span class='ocrx_word' id='word_1_798' title='bbox 2099 4750 2267 4789; x_wconf 88' lang='lat' dir='ltr'>.cum</span> <span class='ocrx_word' id='word_1_799' title='bbox 2312 4732 2556 4801; x_wconf 76' lang='lat' dir='ltr'>defuncti</span> <span class='ocrx_word' id='word_1_800' title='bbox 2612 4736 2806 4793; x_wconf 87' lang='lat' dir='ltr'>essent,</span> <span class='ocrx_word' id='word_1_801' title='bbox 2858 4726 3289 4797; x_wconf 76' lang='lat' dir='ltr'>praedicaverunt</span> <span class='ocrx_word' id='word_1_802' title='bbox 3341 4723 3424 4776; x_wconf 86' lang='lat' dir='ltr'>his</span> <span class='ocrx_word' id='word_1_803' title='bbox 3461 4722 3565 4791; x_wconf 88' lang='lat' dir='ltr'>qui</span> 
     </span>
    </p>
   </div>
   <div class='ocr_carea' id='block_1_109' title="bbox 1927 4811 3565 4889">
    <p class='ocr_par' dir='ltr' id='par_1_109' title="bbox 1927 4811 3565 4889">
     <span class='ocr_line' id='line_1_113' title="bbox 1927 4811 3565 4889; baseline -0.01 -10"><span class='ocrx_word' id='word_1_804' title='bbox 1927 4828 2052 4879; x_wconf 88' lang='lat' dir='ltr'>ante</span> <span class='ocrx_word' id='word_1_805' title='bbox 2082 4823 2347 4885; x_wconf 88' lang='lat' dir='ltr'>obierant,</span> <span class='ocrx_word' id='word_1_806' title='bbox 2370 4828 2418 4874; x_wconf 89' lang='lat' dir='ltr'>et</span> <span class='ocrx_word' id='word_1_807' title='bbox 2447 4819 2553 4889; x_wconf 88' lang='lat' dir='ltr'>ipsi</span> <span class='ocrx_word' id='word_1_808' title='bbox 2580 4816 2845 4871; x_wconf 87' lang='lat' dir='ltr'>dederunt</span> <span class='ocrx_word' id='word_1_809' title='bbox 2866 4817 2945 4870; x_wconf 83' lang='lat' dir='ltr'>eis</span> <span class='ocrx_word' id='word_1_810' title='bbox 2974 4816 3193 4884; x_wconf 87' lang='lat' dir='ltr'>signum</span> <span class='ocrx_word' id='word_1_811' title='bbox 3221 4811 3388 4867; x_wconf 86' lang='lat' dir='ltr'>illud.</span> <span class='ocrx_word' id='word_1_812' title='bbox 3436 4851 3447 4863; x_wconf 93' lang='lat'>.</span> <span class='ocrx_word' id='word_1_813' title='bbox 3494 4851 3505 4863; x_wconf 95' lang='lat'>.</span> <span class='ocrx_word' id='word_1_814' title='bbox 3552 4850 3565 4862; x_wconf 93' lang='lat'>.</span> 
     </span>
    </p>
   </div>
   <div class='ocr_carea' id='block_1_110' title="bbox 1926 4896 3569 4976">
    <p class='ocr_par' dir='ltr' id='par_1_110' title="bbox 1926 4896 3569 4976">
     <span class='ocr_line' id='line_1_114' title="bbox 1926 4896 3569 4976; baseline -0.012 -7"><span class='ocrx_word' id='word_1_815' title='bbox 1926 4910 2294 4969; x_wconf 88' lang='lat' dir='ltr'>tantummodo</span> <span class='ocrx_word' id='word_1_816' title='bbox 2346 4908 2444 4962; x_wconf 83' lang='lat' dir='ltr'>hoc</span> <span class='ocrx_word' id='word_1_817' title='bbox 2490 4906 2736 4976; x_wconf 86' lang='lat' dir='ltr'>sigillum</span> <span class='ocrx_word' id='word_1_818' title='bbox 2783 4904 3036 4973; x_wconf 78' lang='lat' dir='ltr'>defuerat</span> <span class='ocrx_word' id='word_1_819' title='bbox 3083 4904 3181 4956; x_wconf 89' lang='lat' dir='ltr'>eis.</span> <span class='ocrx_word' id='word_1_820' title='bbox 3241 4896 3569 4969; x_wconf 87' lang='lat' dir='ltr'>Singularis</span> 
     </span>
    </p>
   </div>
   <div class='ocr_carea' id='block_1_111' title="bbox 1927 4984 3571 5066">
    <p class='ocr_par' dir='ltr' id='par_1_111' title="bbox 1927 4984 3571 5066">
     <span class='ocr_line' id='line_1_115' title="bbox 1927 4984 3571 5066; baseline -0.011 -10"><span class='ocrx_word' id='word_1_821' title='bbox 1927 5018 2067 5057; x_wconf 88' lang='lat' dir='ltr'>sane</span> <span class='ocrx_word' id='word_1_822' title='bbox 2097 5000 2213 5053; x_wconf 60' lang='lat' dir='ltr'>hac</span> <span class='ocrx_word' id='word_1_823' title='bbox 2248 5000 2401 5052; x_wconf 89' lang='lat' dir='ltr'>esset</span> <span class='ocrx_word' id='word_1_824' title='bbox 2427 4994 2643 5066; x_wconf 91' lang='lat' dir='ltr'>opinio,</span> <span class='ocrx_word' id='word_1_825' title='bbox 2676 4993 2723 5048; x_wconf 91' lang='lat' dir='ltr'>si</span> <span class='ocrx_word' id='word_1_826' title='bbox 2754 4993 2958 5047; x_wconf 88' lang='lat' dir='ltr'>Pastor</span> <span class='ocrx_word' id='word_1_827' title='bbox 2995 4990 3165 5045; x_wconf 91' lang='lat' dir='ltr'>vellet</span> <span class='ocrx_word' id='word_1_828' title='bbox 3194 4988 3287 5042; x_wconf 91' lang='lat' dir='ltr'>hic</span> <span class='ocrx_word' id='word_1_829' title='bbox 3320 4984 3571 5055; x_wconf 85' lang='lat' dir='ltr'>intelligi</span> 
     </span>
    </p>
   </div>
   <div class='ocr_carea' id='block_1_112' title="bbox 1928 5073 3568 5159">
    <p class='ocr_par' dir='ltr' id='par_1_112' title="bbox 1928 5073 3568 5159">
     <span class='ocr_line' id='line_1_116' title="bbox 1928 5073 3568 5159; baseline -0.011 -15"><span class='ocrx_word' id='word_1_830' title='bbox 1928 5093 1996 5145; x_wconf 90' lang='lat' dir='ltr'>de</span> <span class='ocrx_word' id='word_1_831' title='bbox 2028 5088 2318 5159; x_wconf 88' lang='lat' dir='ltr'>baptismo</span> <span class='ocrx_word' id='word_1_832' title='bbox 2350 5100 2506 5153; x_wconf 63' lang='lat' dir='ltr'>aquai</span> <span class='ocrx_word' id='word_1_833' title='bbox 2550 5087 2685 5153; x_wconf 88' lang='lat' dir='ltr'>puto</span> <span class='ocrx_word' id='word_1_834' title='bbox 2732 5086 2923 5135; x_wconf 87' lang='lat' dir='ltr'>autem</span> <span class='ocrx_word' id='word_1_835' title='bbox 2957 5096 3060 5152; x_wconf 89' lang='lat' dir='ltr'>ego</span> <span class='ocrx_word' id='word_1_836' title='bbox 3092 5096 3224 5133; x_wconf 88' lang='lat' dir='ltr'>cum</span> <span class='ocrx_word' id='word_1_837' title='bbox 3270 5076 3350 5129; x_wconf 91' lang='lat' dir='ltr'>Cl.</span> <span class='ocrx_word' id='word_1_838' title='bbox 3406 5073 3568 5128; x_wconf 85' lang='lat' dir='ltr'>Flen-</span> 
     </span>
    </p>
   </div>
   <div class='ocr_carea' id='block_1_113' title="bbox 1927 5161 3569 5247">
    <p class='ocr_par' dir='ltr' id='par_1_113' title="bbox 1927 5161 3569 5247">
     <span class='ocr_line' id='line_1_117' title="bbox 1927 5161 3569 5247; baseline -0.012 -14"><span class='ocrx_word' id='word_1_839' title='bbox 1927 5180 2011 5233; x_wconf 90' lang='lat' dir='ltr'>rio</span> <span class='ocrx_word' id='word_1_840' title='bbox 2044 5178 2176 5247; x_wconf 72' lang='lat'>(29),</span> <span class='ocrx_word' id='word_1_841' title='bbox 2226 5188 2553 5229; x_wconf 87' lang='lat' dir='ltr'>sermonem</span> <span class='ocrx_word' id='word_1_842' title='bbox 2600 5170 2691 5223; x_wconf 88' lang='lat' dir='ltr'>hic</span> <span class='ocrx_word' id='word_1_843' title='bbox 2744 5170 2865 5223; x_wconf 78' lang='lat' dir='ltr'>fieri</span> <span class='ocrx_word' id='word_1_844' title='bbox 2916 5171 2985 5223; x_wconf 90' lang='lat' dir='ltr'>de</span> <span class='ocrx_word' id='word_1_845' title='bbox 3034 5168 3219 5237; x_wconf 88' lang='lat' dir='ltr'>gratia</span> <span class='ocrx_word' id='word_1_846' title='bbox 3268 5161 3569 5234; x_wconf 88' lang='lat' dir='ltr'>baptismi,</span> 
     </span>
    </p>
   </div>
   <div class='ocr_carea' id='block_1_114' title="bbox 1928 5249 3572 5335">
    <p class='ocr_par' dir='ltr' id='par_1_114' title="bbox 1928 5249 3572 5335">
     <span class='ocr_line' id='line_1_118' title="bbox 1928 5249 3572 5335; baseline -0.012 -15"><span class='ocrx_word' id='word_1_847' title='bbox 1928 5266 2044 5320; x_wconf 92' lang='lat' dir='ltr'>imo</span> <span class='ocrx_word' id='word_1_848' title='bbox 2068 5262 2260 5335; x_wconf 89' lang='lat' dir='ltr'>potius</span> <span class='ocrx_word' id='word_1_849' title='bbox 2284 5259 2455 5315; x_wconf 83' lang='lat' dir='ltr'>sicuti</span> <span class='ocrx_word' id='word_1_850' title='bbox 2478 5258 2692 5329; x_wconf 89' lang='lat' dir='ltr'>optime</span> <span class='ocrx_word' id='word_1_851' title='bbox 2716 5258 2978 5311; x_wconf 85' lang='lat' dir='ltr'>advertit.</span> <span class='ocrx_word' id='word_1_852' title='bbox 3005 5256 3085 5311; x_wconf 92' lang='lat' dir='ltr'>Cl.</span> <span class='ocrx_word' id='word_1_853' title='bbox 3106 5252 3425 5307; x_wconf 86' lang='lat' dir='ltr'>Cotolerius</span> <span class='ocrx_word' id='word_1_854' title='bbox 3458 5249 3572 5320; x_wconf 89' lang='lat'>(30)</span> 
     </span>
    </p>
   </div>
   <div class='ocr_carea' id='block_1_115' title="bbox 1930 5339 3580 5423">
    <p class='ocr_par' dir='ltr' id='par_1_115' title="bbox 1930 5339 3580 5423">
     <span class='ocr_line' id='line_1_119' title="bbox 1930 5339 3580 5423; baseline -0.012 -14"><span class='ocrx_word' id='word_1_855' title='bbox 1930 5355 2001 5409; x_wconf 92' lang='lat' dir='ltr'>de</span> <span class='ocrx_word' id='word_1_856' title='bbox 2034 5351 2325 5423; x_wconf 89' lang='lat' dir='ltr'>baptismo</span> <span class='ocrx_word' id='word_1_857' title='bbox 2358 5345 2775 5419; x_wconf 82' lang='lat' dir='ltr'>metaphorico,</span> <span class='ocrx_word' id='word_1_858' title='bbox 2800 5352 2857 5400; x_wconf 88' lang='lat' dir='ltr'>et</span> <span class='ocrx_word' id='word_1_859' title='bbox 2886 5345 3121 5399; x_wconf 92' lang='lat' dir='ltr'>omnino</span> <span class='ocrx_word' id='word_1_860' title='bbox 3149 5339 3418 5413; x_wconf 89' lang='lat' dir='ltr'>spiritali,</span> <span class='ocrx_word' id='word_1_861' title='bbox 3452 5353 3580 5410; x_wconf 87' lang='lat' dir='ltr'>pro-</span> 
     </span>
    </p>
   </div>
   <div class='ocr_carea' id='block_1_116' title="bbox 1934 5536 3579 5615">
    <p class='ocr_par' dir='ltr' id='par_1_116' title="bbox 1934 5536 3579 5615">
     <span class='ocr_line' id='line_1_120' title="bbox 1934 5536 3579 5615; baseline -0.009 -12"><span class='ocrx_word' id='word_1_862' title='bbox 1934 5554 2059 5603; x_wconf 89' lang='lat' dir='ltr'>tum</span> <span class='ocrx_word' id='word_1_863' title='bbox 2084 5546 2220 5601; x_wconf 90' lang='lat' dir='ltr'>alibi</span> <span class='ocrx_word' id='word_1_864' title='bbox 2245 5542 2682 5615; x_wconf 67' lang='lat' dir='ltr'>inspergit,quaa</span> <span class='ocrx_word' id='word_1_865' title='bbox 2705 5539 3015 5615; x_wconf 83' lang='lat' dir='ltr'>benignam</span> <span class='ocrx_word' id='word_1_866' title='bbox 3042 5536 3579 5609; x_wconf 88' lang='lat' dir='ltr'>interpretationem</span> 
     </span>
    </p>
   </div>
   <div class='ocr_carea' id='block_1_117' title="bbox 1936 5612 3088 5691">
    <p class='ocr_par' dir='ltr' id='par_1_117' title="bbox 1936 5612 3088 5691">
     <span class='ocr_line' id='line_1_121' title="bbox 1936 5612 3088 5691; baseline -0.009 -17"><span class='ocrx_word' id='word_1_867' title='bbox 1936 5618 2254 5691; x_wconf 82' lang='lat' dir='ltr'>postulant,</span> <span class='ocrx_word' id='word_1_868' title='bbox 2288 5612 2359 5669; x_wconf 78' lang='lat' dir='ltr'>ut</span> <span class='ocrx_word' id='word_1_869' title='bbox 2388 5612 2674 5691; x_wconf 73' lang='lat' dir='ltr'>aberrore</span> <span class='ocrx_word' id='word_1_870' title='bbox 2702 5612 3088 5691; x_wconf 72' lang='lat' dir='ltr'>vindicentur.</span> 
     </span>
    </p>
   </div>
   <div class='ocr_carea' id='block_1_118' title="bbox 2005 5682 3185 5758">
    <p class='ocr_par' dir='ltr' id='par_1_118' title="bbox 2005 5682 3185 5758">
     <span class='ocr_line' id='line_1_122' title="bbox 2005 5682 3185 5758; baseline -0.008 -15"><span class='ocrx_word' id='word_1_871' title='bbox 2005 5691 2117 5758; x_wconf 74' lang='lat'>(29)</span> <span class='ocrx_word' id='word_1_872' title='bbox 2148 5690 2280 5743; x_wconf 85' lang='lat' dir='ltr'>Hist.</span> <span class='ocrx_word' id='word_1_873' title='bbox 2312 5687 2526 5758; x_wconf 83' lang='lat' dir='ltr'>eccles.,</span> <span class='ocrx_word' id='word_1_874' title='bbox 2559 5684 2779 5758; x_wconf 28' lang='grc' dir='ltr'>ιοηιλι,</span> <span class='ocrx_word' id='word_1_875' title='bbox 2803 5682 2904 5758; x_wconf 53' lang='grc' dir='ltr'>ιιι)ἐ</span> <span class='ocrx_word' id='word_1_876' title='bbox 2940 5683 3006 5747; x_wconf 82' lang='grc' dir='ltr'>ιι,</span> <span class='ocrx_word' id='word_1_877' title='bbox 3039 5686 3066 5749; x_wconf 77' lang='lat'>§</span> <span class='ocrx_word' id='word_1_878' title='bbox 3097 5682 3185 5758; x_wconf 73' lang='grc'>46,</span> 
     </span>
    </p>
   </div>
   <div class='ocr_carea' id='block_1_119' title="bbox 2004 5750 3491 5835">
    <p class='ocr_par' dir='ltr' id='par_1_119' title="bbox 2004 5750 3491 5835">
     <span class='ocr_line' id='line_1_123' title="bbox 2004 5750 3491 5835; baseline -0.007 -18"><span class='ocrx_word' id='word_1_879' title='bbox 2004 5750 2114 5835; x_wconf 77' lang='lat'>(30)</span> <span class='ocrx_word' id='word_1_880' title='bbox 2144 5761 2307 5818; x_wconf 89' lang='lat' dir='ltr'>Tom.</span> <span class='ocrx_word' id='word_1_881' title='bbox 2342 5760 2381 5815; x_wconf 93' lang='grc' dir='ltr'><strong>Ι.</strong></span> <span class='ocrx_word' id='word_1_882' title='bbox 2416 5756 2669 5830; x_wconf 88' lang='lat' dir='ltr'>Operum</span> <span class='ocrx_word' id='word_1_883' title='bbox 2700 5754 2793 5813; x_wconf 91' lang='lat' dir='ltr'>SS.</span> <span class='ocrx_word' id='word_1_884' title='bbox 2828 5755 2933 5813; x_wconf 90' lang='lat' dir='ltr'>PP.</span> <span class='ocrx_word' id='word_1_885' title='bbox 2968 5753 3238 5829; x_wconf 86' lang='lat' dir='ltr'>apostol.,</span> <span class='ocrx_word' id='word_1_886' title='bbox 3271 5768 3324 5824; x_wconf 91' lang='lat' dir='ltr'>p.</span> <span class='ocrx_word' id='word_1_887' title='bbox 3368 5750 3491 5807; x_wconf 86' lang='grc'>117.</span> 
     </span>
    </p>
   </div>
  </div>
