4036 6344
138 424 262 493 881

1416 416 1740 496 PASTOR.
1771 461 1849 476 —
1876 427 2297 494 PROCEMIA.

3432 422 3549 487 882

142 563 251 620 illo
273 562 478 636 juvene
503 563 722 636 pastore
766 578 831 620 ea
871 576 1087 637 pecora,
1136 578 1261 637 quae
1308 563 1530 621 delicias
1578 565 1792 637 quidem
1821 564 1875 631 Α
1904 580 2008 636 que
2032 574 2124 621 tuo
2157 566 2269 623 loco
2309 564 2615 622 restitueris
2645 581 2664 618 :
2687 558 3065 621 tantummodo
3121 559 3182 617 in
3224 556 3548 619 humilitate

143 654 414 725 agebant,
448 652 549 709 sed
574 669 683 709 non
713 654 1065 711 exsultabant
1092 675 1111 722 ;
1140 663 1193 710 et
1238 657 1588 727 compellebat
1643 672 1707 710 ea
1736 658 1798 711 in

137 744 496 815 praecipitem
526 743 703 798 locum
724 744 1016 813 quemdam
1045 759 1109 799 ac
1136 746 1441 814 spinosum,
1474 745 1802 816 tribulisque

139 834 483 904 confertum,
516 847 687 903 usque
715 832 867 902 adeo,
910 838 973 887 ut
1020 833 1084 888 de
1129 834 1326 905 spinis,
1376 838 1428 889 et
1478 834 1697 889 tribulis
1742 849 1797 887 se

140 937 259 975 non
285 922 504 992 possent
533 921 820 991 explicare
853 938 865 989 ;
898 921 988 977 sed
1018 924 1285 993 implicita
1315 923 1398 977 ibi
1435 924 1798 994 pascebantur

138 1010 346 1081 spinis,
378 1016 428 1064 et
458 1010 687 1065 tribulis
715 1028 736 1063 .·
766 1017 817 1065 et
844 1027 1044 1081 graves
1072 1014 1344 1067 cruciatus
1370 1013 1797 1083 experiebantur

136 1115 213 1153 ex
241 1098 426 1154 verbis
456 1100 573 1169 ejus
608 1119 628 1165 ;
658 1101 855 1168 agebat
882 1101 1033 1154 enim
1060 1116 1144 1169 ea,
1176 1103 1225 1155 et
1242 1117 1341 1156 nec
1360 1101 1690 1156 consistendi
1717 1102 1795 1156 eis

140 1190 331 1243 locum
360 1204 491 1243 an.e
521 1192 730 1259 tempus
758 1189 1169 1259 permittebat...
1215 1189 1555 1261 Hic,inquit,
1586 1194 1791 1262 pastor,

136 1293 249 1348 pro
270 1278 440 1349 justis
468 1277 688 1349 quidem
716 1277 943 1333 nuntius
972 1283 1073 1344 est,
1107 1278 1198 1335 sed
1224 1282 1553 1351 prmpositus
1577 1296 1752 1350 paenae
1773 1297 1790 1332 :

141 1367 287 1421 Huic
326 1381 452 1436 ergo
499 1365 810 1436 traduntur,
864 1368 962 1437 qui
1006 1384 1037 1421 a
1084 1369 1194 1422 Deo
1242 1368 1660 1434 aberraverunt,
1704 1368 1794 1423 sed

135 1454 453 1511 servierant
499 1454 791 1510 desideriis
843 1472 908 1511 ac
952 1457 1324 1527 voluptatibus
1370 1457 1567 1513 saeculi
1602 1456 1786 1527 hujus.

143 1544 321 1600 Punit
350 1559 479 1613 ergo
507 1558 616 1609 eos,
646 1546 787 1599 sicut
811 1546 1018 1601 meruit
1044 1547 1421 1618 unusquisque
1448 1562 1658 1613 eorum,
1691 1561 1792 1603 ste-

138 1635 224 1687 vis
254 1633 533 1704 variisque
560 1634 804 1704 poenis...
854 1635 1029 1691 variae
1084 1652 1255 1707 poenae
1308 1645 1470 1706 atque
1523 1638 1791 1691 tormenta

144 1721 269 1778 haec
296 1727 446 1790 sunt,
478 1736 604 1792 quae
633 1722 878 1777 homines
907 1724 1146 1794 quotidie
1174 1726 1237 1779 in
1262 1741 1367 1780 sua
1411 1727 1525 1779 vita
1571 1726 1787 1795 patien-

133 1816 233 1865 tur
258 1827 282 1872 ,ο
311 1810 417 1865 alii
442 1811 595 1865 enim
623 1811 959 1867 detrimenta
998 1815 1312 1883 patiuntur,
1369 1814 1475 1868 alii
1516 1814 1784 1884 inopiam,

1907 656 2087 709 animi
2110 671 2395 726 persevera
2426 656 2557 729 (41).

1978 744 2210 799 Utinam
2243 745 2362 799 hmo
2379 744 2739 816 perpendam
2764 761 2879 799 non
2903 746 3290 816 protestantes
3321 741 3536 808 solum,

1907 833 2006 904 qui
2039 850 2212 904 opera
2242 833 2627 889 satisfactiora
2658 832 3102 904 explodunt,sed
3133 836 3190 886 et
3218 831 3551 890 clementis-.

1907 922 2040 976 simi
2067 922 2148 976 illi
2175 922 2537 989 confessarii,
2570 923 2669 992 qui
2723 940 2825 994 pro
2876 922 3127 993 peccatis
3178 920 3541 992 gravissimis

1904 1014 2074 1081 atque
2110 1011 2425 1078 diuturnis,
2459 1011 2783 1067 levissimas
2816 1010 3090 1082 nullaque
3140 1011 3364 1065 ratione
3407 1026 3539 1081 pro-

1905 1100 2263 1171 portionatas
2294 1101 2611 1172 injungunt
2640 1100 3095 1172 pmnitentias,et
3121 1099 3228 1154 hac
3260 1115 3367 1154 sua
3397 1098 3540 1154 leni-

1902 1191 2018 1243 tate
2049 1188 2442 1244 crudelissimi
2477 1193 2615 1244 sunt
2648 1207 2661 1256 ;
2698 1206 2831 1243 cum
2862 1192 3024 1243 tanto
3047 1188 3346 1244 acerbiora
3374 1188 3433 1242 in
3464 1186 3543 1243 a1-

1901 1281 2025 1332 tera
2053 1277 2169 1332 \ita
2198 1278 2328 1333 istis
2350 1277 2602 1333 molliter
2627 1278 3042 1349 pcenitentibus
3064 1277 3406 1350 perferenda
3425 1276 3543 1332 sint

1901 1366 2210 1438 supplicia,
2244 1384 2371 1438 quae
2404 1368 2574 1439 longe
2607 1366 2863 1423 faciliore
2905 1366 3335 1438 (comparative)
3366 1366 3538 1422 satis-

1902 1456 2153 1510 factione
2173 1456 2265 1510 bic
2290 1455 2572 1511 redimere
2602 1457 2931 1527 potuissent
2964 1475 2976 1524 ;
3011 1454 3225 1511 sienim
3252 1472 3359 1511 nos
3380 1455 3540 1527 ipsos

1900 1542 2437 1615 hicjudicaremus,
2472 1562 2588 1600 non
2619 1546 2823 1617 utique
2843 1544 3246 1616 judicaremur
3272 1544 3374 1599 ibi.

1973 1634 2417 1690 Proeeminentize
2449 1634 2854 1707 episcoporum
2876 1651 2991 1691 non
3023 1634 3337 1690 obscurum
3367 1633 3539 1689 testi—

1899 1723 2163 1777 monium
2216 1724 2471 1778 occurrit
2513 1723 2572 1778 in
2625 1723 2848 1778 Hermae
2896 1723 3145 1778 Pastore.
3201 1724 3278 1779 De
3332 1722 3536 1779 decimo

1898 1827 2020 1867 vero
2041 1815 2245 1878 monte,
2276 1811 2468 1883 inquit
2496 1812 2534 1867 l.
2570 1830 2654 1883 111,
2683 1812 2857 1868 simil.
2893 1830 2967 1880 1x,
3001 1812 3221 1884 cap.27,
3254 1813 3427 1884 inquo
3447 1828 3538 1867 ar-

135 1899 246 1954 alii
270 1898 516 1955 diversas
545 1902 878 1956 acrimonias
912 1925 927 1969 ;
954 1902 1060 1957 alii
1083 1903 1322 1973 injurias
1341 1904 1410 1957 ab
1430 1902 1679 1971 indignis
1688 1918 1785 1973 pa-
1816 1926 1862 2002 Β
1898 1902 2053 1956 bores
2078 1904 2240 1956 erant
2270 1903 2500 1971 legentes
2523 1918 2736 1973 pecora,
2760 1902 2901 1957 tales
2929 1910 3057 1957 sunt
3075 1903 3171 1973 qui
3189 1900 3537 1957 crediderunt

127 1990 352 2058 tientes,
379 1989 664 2060 multaque
692 1989 805 2045 alia
834 1991 1116 2045 exercitia
1142 1994 1195 2045 et
1243 1991 1605 2047 incommoda.
1641 1992 1777 2046 Plu-

133 2079 280 2132 rimi
306 2079 455 2134 enim
485 2080 821 2134 inconstanti
867 2079 1102 2135 consilio
1146 2080 1325 2134 multa
1369 2087 1654 2150 conantur,
1684 2096 1783 2135 nec

122 2165 431 2238 quidquam
463 2167 718 2222 conducit
737 2169 835 2235 eis,
869 2172 919 2223 et
945 2169 1160 2235 dicunt,
1192 2170 1254 2223 in
1284 2169 1494 2224 actibus
1521 2170 1637 2224 suis
1657 2186 1780 2224 suc-

124 2271 341 2311 cessum
361 2272 420 2311 se
446 2272 557 2311 non
585 2256 785 2311 habere
819 2275 832 2323 ;
863 2265 1158 2313 succurunt
1184 2260 1261 2312 eis
1283 2274 1369 2323 ea,
1411 2274 1536 2331 quae
1581 2260 1778 2329 nequi-

125 2348 218 2399 ter
246 2347 522 2414 fecerunt.
554 2348 607 2400 et
634 2346 924 2400 dominum
952 2354 1271 2402 causentur.
1306 2347 1440 2401 Cum
1470 2349 1645 2415 igitur
1660 2364 1780 2419 per-

122 2435 279 2505 pessi
305 2436 520 2504 fuerint
550 2450 766 2489 omnem
796 2436 1138 2491 vexationem
1181 2440 1233 2491 et
1275 2452 1430 2492 omne
1483 2438 1777 2492 incommo-

126 2523 265 2577 dum
294 2539 315 2584 ;
345 2526 477 2578 tunc
506 2523 802 2579 traduntur
828 2525 974 2580 mihi
999 2526 1074 2580 ad
1105 2526 1300 2580 bonam
1328 2526 1773 2590 admonitionem,

131 2620 185 2666 et
218 2612 518 2680 ﬁrmantur
548 2613 607 2666 in
638 2612 742 2682 ﬁde
770 2614 1010 2683 Domini,
1042 2617 1091 2668 et
1118 2630 1217 2684 per
1242 2615 1476 2685 reliquos
1522 2614 1635 2669 dies
1663 2631 1777 2669 ser-

124 2701 290 2754 viunt
318 2700 549 2755 Domino
576 2705 756 2757 mente
778 2717 945 2772 pura,
980 2710 1031 2758 et
1078 2719 1202 2757 cum
1248 2705 1507 2775 cxperint
1556 2703 1777 2759 delicto-

122 2804 255 2842 rum
283 2804 449 2860 agere
470 2790 859 2860 pcenitentiam
888 2793 1018 2845 tunc
1044 2792 1342 2847 ascendunt
1371 2794 1430 2847 in
1473 2792 1777 2863 praecordia

121 2891 317 2932 eorum
348 2892 514 2947 opera
544 2892 666 2944 sua,
701 2879 761 2932 in
792 2878 985 2948 quibus
1012 2895 1071 2934 se
1098 2880 1350 2950 nequiter
1394 2890 1775 2948 exercuerunt,

134 2969 190 3020 et
218 2973 350 3020 tunc
377 2968 512 3020 dant
540 2965 652 3021 Deo
681 2965 974 3035 honorem,
1006 2967 1240 3024 dicentes
1278 2970 1491 3040 justum
1527 2969 1779 3041 judicem

130 3068 253 3108 esse
278 3069 426 3122 eum,
455 3056 758 3127 meritoque
784 3071 842 3111 se
866 3071 1160 3128 perpessos,
1191 3058 1490 3113 secundum
1518 3062 1665 3130 facta
1680 3076 1781 3114 sua

119 3146 235 3197 etc.
266 3142 405 3214 (39).

202 3236 280 3287 De
320 3230 741 3288 afﬂictionibus
780 3238 976 3289 autem
1027 3251 1161 3289 cum
1214 3238 1422 3307 sponte
1465 3236 1774 3306 susceptis,

121 3326 254 3376 tum
284 3337 319 3375 a
347 3321 659 3393 praeposito
690 3322 1041 3392 paenitentiae
1075 3323 1393 3394 impositis,
1436 3323 1519 3379 ita
1567 3324 1771 3379 scribit
1807 3307 1849 3373 C

126 3408 289 3463 idem
341 3408 586 3465 Hermas
633 3410 744 3480 (40)
778 3411 961 3481 :Scio,
1006 3410 1218 3483 inquit,
1269 3415 1408 3468 tutis
1448 3414 1770 3484 pra’cordiis

120 3513 217 3554 eos
252 3514 416 3566 agere
440 3500 843 3569 paenitentiam.
875 3501 1133 3571 Nunquid
1182 3517 1331 3573 ergo,
1366 3502 1468 3567 ait,
1512 3503 1771 3573 protinus

116 3594 286 3655 putas
311 3587 521 3642 aboleri
549 3587 747 3644 delicta
777 3604 986 3657 eorum,
1018 3594 1114 3660 qui
1143 3600 1323 3661 agunt
1351 3591 1770 3659 pamitentiam?

116 3679 249 3732 Non
274 3676 515 3747 proinde
534 3677 797 3733 continuo
823 3695 843 3731 :
873 3678 965 3732 sed
994 3687 1195 3750 oportet
1222 3695 1347 3734 eum
1374 3682 1474 3750 qui
1502 3682 1617 3749 agit
1650 3697 1769 3750 poe-

116 3766 435 3833 nitentiam,
467 3766 724 3836 afﬂigere
750 3766 993 3821 animam
1022 3778 1260 3834 suam,et
1290 3768 1558 3824 humilem
1585 3771 1771 3825 animo

114 3871 177 3910 se
205 3857 475 3925 praestare
501 3855 562 3909 in
592 3856 745 3911 omni
772 3859 1003 3926 negotio,
1032 3861 1084 3911 et
1117 3860 1426 3913 vexationes
1444 3858 1647 3912 multas
1675 3875 1770 3912 va-

117 3944 345 4014 riasque
407 3945 673 4015 perferre.
726 3943 962 4015 Cumque
1022 3962 1303 4017 perpessus
1340 3948 1512 4017 fuerit
1559 3948 1767 4009 omnia.

122 4049 249 4104 quas
282 4032 379 4088 illi
410 4034 671 4089 instituta
715 4034 967 4102 fuerunt,
1017 4042 1140 4089 tunc
1185 4036 1438 4106 forsitan,
1498 4037 1595 4106 qui
1644 4051 1772 4090 eum

119 4123 352 4189 creavit,
386 4126 439 4176 et
466 4123 565 4192 qui
590 4124 852 4192 formavit
880 4125 1155 4194 universa,
1193 4126 1615 4180 commovebitur
1644 4140 1772 4195 erga

120 4227 248 4267 eam
277 4210 565 4265 clementia
592 4226 711 4265 sua.
744 4215 796 4265 et
838 4212 1058 4282 aliquod
1102 4213 1409 4267 remedium
1455 4214 1657 4277 dabit;
1686 4213 1771 4267 id-

122 4315 232 4370 que
260 4299 358 4368 ita,
390 4300 441 4353 si
467 4298 669 4354 viderit
696 4301 817 4369 ejus
848 4303 946 4370 qui
980 4303 1361 4372 paenitentiam
1408 4304 1521 4373 agit
1549 4319 1640 4357 cor
1665 4318 1770 4373 pu-

122 4404 251 4443 rum
281 4403 392 4443 esse
420 4388 489 4442 ab
518 4390 671 4443 omni
699 4405 859 4460 opere
887 4392 1282 4461 nequissimo...
1314 4396 1364 4447 et
1394 4393 1591 4463 rogabo
1620 4409 1771 4446 nun-

122 4479 267 4533 tium
295 4476 478 4543 illum,
510 4478 606 4548 qui
629 4478 961 4549 praepositus
989 4485 1071 4534 est
1096 4495 1297 4551 poenae,
1330 4483 1388 4536 ut
1409 4482 1581 4536 levius
1611 4485 1662 4535 te
1691 4480 1771 4551 af-

120 4567 286 4637 ﬂigat
309 4582 331 4629 ;
357 4564 449 4622 sed
478 4565 681 4636 exiguo
711 4575 950 4639 tempore
986 4570 1219 4639 patieris
1266 4569 1522 4638 adversa,
1566 4572 1772 4625 iterum

1796 4677 1843 4741 D

198 4901 311 4976 (39)
338 4906 493 4958 Past.
528 4902 748 4976 Herm_.,
780 4903 819 4958 l.
852 4919 937 4966 ιιι,
972 4906 1107 4960 sim.
1139 4922 1217 4974 v1,
1249 4921 1375 4976 cap.
1399 4906 1435 4958 2
1465 4909 1521 4961 et
1548 4908 1599 4960 3.

196 4973 311 5043 (40)
343 4977 469 5045 Leo.
504 4974 624 5045 cit.,
657 4974 791 5030 sim.
822 4993 924 5031 vn.

197 5045 312 5118 (41)
338 5044 480 5118 Yide
512 5044 821 5102 similitud.
855 5064 931 5117 Ιχ,
966 5063 1091 5118 cap.
1123 5048 1178 5103 6.

197 5115 313 5258 242)
343 5116 524 5197 Idem,
553 5118 811 5174 mandat.
849 5115 924 5185 1v,
956 5115 1168 5199 cap._l.

223 5186 291 5241 43
343 5187 424 5242 En
476 5193 770 5258 integrum
818 5193 1041 5245 textum
1092 5208 1168 5258 1p:

223 5186 311 5258 43)
343 5187 424 5261 En
476 5188 770 5261 integrum
818 5186 1043 5245 textum
1092 5190 1278 5261 ipsius
1328 5190 1581 5245 Pastoris
1617 5207 1628 5245 :
1660 5191 1768 5245 Do-

120 5260 297 5326 mine,
327 5260 376 5314 si
401 5260 525 5331 quis
553 5260 809 5317 habuerit
841 5278 1075 5317 uxorem
1104 5260 1319 5331 ﬁdelem
1349 5264 1405 5316 in
1437 5263 1689 5329 Domino,
1712 5268 1769 5315 et

128 5333 279 5403 hanc
300 5331 572 5387 invenerit
601 5334 660 5386 in
704 5332 1003 5402 adulterio,
1046 5332 1294 5403 nunquid
1339 5339 1525 5401 peccat
1556 5335 1660 5401 vir,
1691 5334 1767 5386 si-

120 5402 372 5459 convivat
401 5419 526 5457 cum
576 5404 681 5458 illa
709 5404 737 5458 ?
763 5404 830 5458 Et
873 5403 1018 5459 dixit
1059 5404 1203 5457 mihi
1235 5426 1252 5467 ,-
1297 5404 1554 5470 Quandiu
1598 5405 1769 5459 nescit

117 5481 400 5545 peccatum
423 5478 571 5546 ejus,
594 5476 717 5530 sine
745 5476 982 5530 crimine
1009 5481 1085 5529 est
1123 5491 1210 5529 vir
1254 5476 1441 5530 vivens
1486 5492 1613 5529 cum
1644 5476 1766 5539 illa,

124 5546 191 5601 Si
253 5551 431 5599 autem
494 5546 680 5601 scierit
746 5548 831 5600 vir
894 5562 1123 5601 uxorem
1204 5562 1359 5601 suum
1443 5546 1765 5617 deliquisse,

125 5621 179 5671 et
233 5631 339 5688 non
402 5619 581 5687 egerit
643 5619 1021 5687 pwnitentiam
1086 5617 1307 5682 mulier,
1374 5624 1423 5671 et
1484 5622 1768 5688 permanet

128 5690 193 5742 in
225 5687 594 5755 fornicatione
630 5705 749 5755 sua,
795 5696 848 5744 et
894 5690 1127 5743 convivit
1170 5704 1295 5743 cum
1338 5689 1442 5743 illa
1486 5687 1593 5759 vir,
1646 5705 1768 5743 reus

126 5759 236 5814 erit
284 5761 494 5828 peccati
548 5761 684 5831 ejus,
741 5769 793 5815 et
850 5761 1124 5832 particeps
1198 5760 1572 5817 mtechationis
1649 5762 1766 5829 ejus

1892 1990 2125 2061 quidam
2164 1990 2421 2062 episcOpi,
2473 1990 2529 2045 id
2581 1999 2662 2046 est
2700 1990 2965 2061 praesides
3012 1990 3416 2046 Ecclesiarum.
3466 1991 3537 2046 Et

1888 2078 2025 2134 alibi
2051 2080 2177 2149 jam
2209 2080 2525 2151 scripserat
2554 2079 2611 2149 (1.
2647 2096 2734 2144 ιιι,
2767 2078 2945 2133 simil.
3000 2096 3076 2147 rx,
3111 2096 3160 2134 ο.
3195 2079 3250 2145 9,
3295 2079 3445 2150 vide,
3478 2084 3536 2135 et

1886 2168 2173 2223 visionem
2228 2186 2289 2222 III
2338 2168 2603 2240 Hermae).
2650 2169 2812 2223 Nunc
2863 2171 3048 2239 itaque
3095 2169 3241 2223 vobis
3269 2167 3407 2237 dico,
3438 2171 3539 2241 qui

1884 2258 2134 2328 praeestis
2185 2257 2443 2313 Ecclesiae
2486 2267 2538 2312 et
2594 2258 2797 2311 amatis
2842 2257 3052 2326 primos
3098 2272 3394 2311 consessus.
3450 2258 3532 2312 Ex

1886 2346 2099 2416 quibus
2128 2345 2373 2416 eruitur,
2412 2347 2594 2401 fuisse
2624 2350 2764 2400 tunc
2795 2344 3013 2416 primas
3046 2344 3375 2413 cathedras,
3401 2346 3528 2416 qui-

1888 2434 1998 2489 bus
2028 2433 2343 2506 singularis
2374 2434 2580 2505 honor,
2606 2438 2980 2506 potestasque
3009 2434 3321 2503 conjuncta
3351 2438 3526 2503 esset,

1888 2540 2150 2595 quasque
2182 2524 2419 2595 superbi
2449 2527 2505 2578 et
2533 2522 2828 2579 ambitiosi
2856 2522 3124 2577 homines
3155 2522 3524 2594 concupisce-

1886 2616 2033 2668 rent.

1957 2701 2123 2757 Circa
2151 2702 2594 2757 matrimonium
2626 2701 2793 2755 docet
2826 2699 3013 2771 primo
3045 2699 3522 2767 Hermas,matri-

1889 2791 2069 2846 monii
2115 2790 2412 2846 vinculum
2466 2795 2702 2863 propter
2769 2788 3125 2844 adulterium
3182 2788 3525 2845 alterutrius

1887 2882 2205 2953 conjugum
2236 2880 2392 2935 haud
2420 2878 2679 2935 dissolvi.
2705 2879 2853 2947 Quod
2880 2878 2932 2934 si
2949 2877 3220 2933 dimiserit
3249 2877 3374 2949 (vir)
3404 2895 3525 2934 mu-

1890 2970 2084 3025 lierem
2113 2986 2271 3024 suam
2300 2974 2351 3025 et
2378 2970 2551 3024 aliam
2596 2969 2837 3037 duxerit,
2868 2975 2918 3024 et
2965 2970 3104 3039 ipsa
3147 2967 3522 3024 mxehatur...

1888 3075 2020 3128 ergo
2046 3076 2159 3114 non
2188 3059 2337 3114 debet
2362 3058 2590 3112 dimissa
2619 3058 2846 3128 conjuge
2872 3073 2974 3111 sua
3000 3058 3088 3111 vir
3113 3056 3288 3111 aliam
3314 3056 3529 3113 ducere.

1887 3149 1986 3202 Hic
2015 3157 2169 3202 actus
2200 3148 2401 3202 similis
2430 3151 2508 3202 est
2538 3155 2588 3202 et
2620 3148 2680 3201 in
2708 3149 2825 3201 viro
2856 3149 2905 3201 et
2934 3148 2995 3200 in
3021 3145 3278 3213 muliere,
3313 3144 3395 3200 ait
3422 3145 3529 3200 Pa-

1888 3241 2010 3291 stor
2038 3236 2169 3308 (42).

1957 3325 2099 3380 Dein
2130 3324 2387 3396 exponit,
2420 3325 2714 3395 quomodo
2746 3340 2807 3379 se
2826 3339 3021 3395 gerere
3043 3323 3250 3378 debeat
3278 3322 3528 3380 maritus

1881 3430 2019 3486 erga
2050 3430 2289 3469 uxorem
2334 3412 2668 3467 adulteram
2719 3412 2981 3482 Praecipit
3029 3411 3235 3467 marito
3292 3427 3524 3483 separa-

1881 3501 2101 3557 tionem
2157 3503 2227 3557 ab
2281 3517 2456 3557 uxore
2488 3518 2596 3557 sua
2618 3502 2882 3557 adultera
2922 3501 3137 3572 (quoad
3186 3504 3381 3556 torum
3414 3516 3519 3556 seu

1881 3591 2417 3661 cohabitationem),
2437 3606 2605 3645 secus
2626 3607 2757 3645 reus
2789 3588 2887 3644 ille
2917 3590 3137 3661 peccati
3158 3590 3370 3661 ejus,et
3390 3607 3521 3662 par-

1880 3668 2062 3752 ticeps
2094 3680 2496 3736 mmchationis
2527 3680 2672 3749 ejus.
2725 3679 2784 3734 Si
2832 3696 2963 3734 vero
3013 3678 3225 3735 mulier
3269 3678 3516 3736 dimissa

1882 3768 2283 3840 pmnitentiam
2315 3767 2517 3841 egerit,
2550 3772 2605 3822 et
2632 3766 2878 3822 voluerit
2908 3769 2979 3822 ad
3011 3768 3201 3823 virum
3230 3784 3403 3823 suum
3431 3784 3520 3823 re-

1880 3857 2046 3923 verti,
2079 3856 2283 3911 Pastor
2313 3857 2555 3912 mandat
2584 3856 2817 3918 marito,
2851 3861 2917 3911 ut
2962 3872 3090 3911 eam
3122 3855 3398 3928 recipiat:
3431 3872 3520 3912 se-

1882 3963 1985 4002 ous
2019 3950 2320 4017 peccatum
2367 3962 2648 4018 magnum
2699 3945 2975 4000 admittit.
3027 3946 3188 4010 Quod
3238 3944 3287 4000 si
3312 3944 3523 4000 mulier

1882 4038 2012 4106 post
2042 4034 2443 4106 paenitentiam
2475 4035 2534 4088 in
2568 4035 2770 4089 eadem
2802 4038 3037 4105 peccata
3073 4032 3430 4105 prolabatur,
3460 4033 3520 4088 in

1880 4123 2070 4195 iisque
2098 4129 2449 4195 perseveret,
2481 4129 2533 4178 et
2568 4122 2967 4195 paenitentiam
2999 4138 3113 4177 non
3148 4125 3325 4194 agat,
3353 4121 3523 4177 debet

1880 4212 2147 4268 absolute
2180 4213 2446 4267 recedere
2478 4212 2725 4266 maritus
2757 4212 2830 4266 ab
2862 4210 2980 4278 illa,
3028 4228 3098 4266 ne
3127 4211 3415 4283 particeps
3447 4210 3523 4266 sit

1881 4301 2009 4371 ejus
2039 4301 2277 4372 peccati.
2311 4300 2413 4356 Hic
2442 4317 2635 4367 casus,
2676 4301 2846 4367 juxta
2888 4299 3141 4354 Pastoris
3171 4299 3520 4370 doctrinam,

1882 4390 2117 4461 respicit
2163 4390 2354 4443 virum
2404 4388 2757 4444 adulterium
2820 4394 2876 4443 et
2924 4387 3228 4443 mulierem
3290 4387 3521 4445 adulte-

1880 4494 2004 4533 ram
2041 4478 2172 4550 (43).
2213 4478 2397 4533 Hasce
2427 4477 2628 4549 regula
2655 4492 2887 4548 semper
2923 4477 3315 4533 observandas
3345 4476 3524 4532 edixit

1880 4566 2154 4635 Ecclesia,
2207 4570 2409 4638 utpote
2458 4566 2558 4622 SS.
2593 4564 3028 4637 Scripturarum
3070 4583 3135 4621 ac
3189 4564 3519 4622 traditionis

1875 4906 1937 4959 Et
1970 4903 2095 4958 dixi
2128 4904 2217 4958 illi
2248 4921 2265 4956 :
2299 4902 2438 4971 Quid
2484 4919 2610 4975 ergo
2637 4904 2689 4958 si
2719 4903 3084 4974 permanserit
3132 4903 3191 4957 in
3236 4902 3375 4957 vitio
3422 4916 3519 4956 suo

1874 4976 2076 5030 mulier
2104 4975 2131 5029 ‘l
2162 4976 2225 5029 Et
2255 4975 2400 5029 dixit
2430 4992 2446 5027 :
2482 4976 2739 5030 Dimittat
2761 4975 2921 5028 illam
2951 4976 3037 5028 vir
3064 4992 3085 5039 ;
3110 4981 3161 5027 et
3203 4974 3292 5028 vir
3332 4988 3435 5044 per
3462 4987 3519 5027 se

1874 5051 2121 5101 maneat.
2158 5046 2306 5114 Quod
2333 5049 2383 5100 si
2411 5045 2685 5101 dimiserit
2728 5046 3017 5100 mulierem
3059 5060 3220 5098 suam
3250 5051 3301 5099 et
3345 5044 3520 5097 aliam

1876 5117 2116 5181 duxerit,
2147 5125 2199 5172 et
2229 5120 2342 5189 ipse
2372 5118 2693 5172 mtechatur.
2728 5119 2792 5171 Et
2823 5117 2944 5171 dixi
2974 5117 3066 5189 illi
3095 5131 3107 5167 :
3146 5117 3518 5189 Quidsimu-

1878 5191 1982 5244 tier
2009 5190 2234 5244 dimissa
2248 5185 2644 5256 paenitentiam
2673 5191 2863 5259 egerit,
2896 5196 2946 5242 et
2981 5185 3217 5242 voluerit
3244 5185 3314 5241 ad
3337 5187 3518 5259 virum

1876 5277 2039 5314 suum
2067 5261 2265 5314 reverti
2293 5278 2314 5322 ;
2344 5275 2522 5313 nonne
2549 5256 2849 5329 recipietur
2872 5277 2906 5312 a
2932 5260 3049 5313 viro
3076 5274 3173 5312 suo
3203 5261 3228 5310 .9
3253 5260 3319 5312 Et
3372 5256 3519 5311 dixit

1874 5331 2019 5385 mihi
2048 5348 2059 5385 :
2093 5333 2227 5398 lmo,
2262 5333 2311 5385 si
2338 5346 2449 5385 non
2480 5333 2738 5401 receperit
2772 5347 2892 5385 eam
2924 5331 3009 5384 vir
3035 5344 3187 5401 suus,
3217 5333 3418 5401 peccat,
3467 5334 3521 5382 et

1876 5420 2136 5472 magnum
2169 5410 2457 5471 peccatum
2502 5400 2609 5455 sibi
2632 5402 2874 5456 admittit
2904 5418 2924 5460 .·
2953 5401 3043 5456 sed
3072 5400 3231 5472 debet
3276 5400 3519 5470 recipere

1875 5471 2234 5544 peccatricem
2266 5489 2385 5543 quae
2426 5474 2799 5542 pamitentiam
2830 5474 2957 5542 egit,
2992 5471 3086 5527 sed
3141 5486 3250 5525 non
3306 5485 3515 5544 saepe.,.

1870 5542 2095 5616 propter
2123 5542 2502 5615 plenitcntiam
2530 5561 2656 5614 ergo
2686 5561 2791 5598 non
2823 5545 2993 5607 debet,
3026 5544 3259 5597 dimissa
3295 5542 3519 5616 conjuge

1875 5614 1996 5678 sua,
2031 5614 2321 5670 viraliam
2349 5616 2560 5670 ducere.
2598 5618 2700 5670 Hic
2720 5626 2866 5670 actus
2896 5617 3099 5670 similis
3123 5622 3199 5669 est
3227 5616 3354 5669 etin
3372 5614 3515 5679 viro,

1874 5692 1924 5743 et
1956 5690 2011 5741 in
2048 5688 2292 5743 muliere.
2328 5686 2550 5741 Hermae
2584 5688 2792 5753 Pastor,
2828 5688 3086 5743 mandat.
3121 5703 3197 5757 1v,
3232 5701 3282 5741 c.
3320 5686 3369 5740 1.
