4086 6342
486 361 603 426 883

1980 358 2043 418 S.
2092 354 2391 418 HERME

3774 363 3897 425 884

491 496 837 554 auctoritate
864 493 1118 552 innixae.
1162 494 1527 551 Adulterium
1577 509 1809 565 semper
1854 490 2121 548 habitum
2154 492 2208 556 Α
2238 490 2458 546 nemini
2485 492 2543 547 in
2576 498 2831 550 mentem
2852 494 3083 552 venisse
3108 495 3567 570 disputationem
3585 496 3903 554 instituam

490 592 581 643 est
612 591 674 641 ut
704 586 963 658 legitima
992 585 1221 641 divortii
1248 600 1772 655 causa;nunquam
1796 588 1988 637 autem
2016 580 2131 635 dis-

499 675 670 732 solvit
697 674 996 730 vinculum
1028 674 1387 729 matrimonii
1415 674 1675 746 legitime
1707 670 2002 727 contracti.

563 764 821 820 Declarat
852 764 1086 818 tandem
1115 762 1503 834 polygamiam
1528 761 1913 817 successivam
1939 774 2134 814 revera

495 854 715 909 licitam
751 868 898 919 esse,
932 851 1193 907 ccelibem
1226 856 1421 906 tamen
1472 851 1573 922 qui
1604 852 1777 905 vitam
1811 850 2133 913 ducit,rem

498 944 615 999 Deo
645 942 1045 1015 gratissimam
1079 942 1264 995 facere
1294 942 1425 1011 (44).

570 1036 599 1105 §
627 1033 721 1087 IV.
754 1034 827 1086 De
854 1031 1244 1085 mandatorum
1276 1032 1375 1085 Dei
1404 1030 1750 1085 observantia
1779 1038 1831 1084 et
1861 1030 2062 1097 gratia.

573 1128 651 1177 De
683 1120 895 1176 divinis
949 1120 1249 1191 praeceptis
1300 1136 1628 1174 sermonem
1690 1119 2023 1185 instituens,
2073 1134 2140 1172 ea

504 1217 681 1267 Deum
702 1208 922 1265 amanti
938 1212 1166 1263 servatu
1182 1208 1672 1279 facillima,neque
1687 1208 2007 1278 quidquam
2022 1206 2141 1262 illis

503 1300 764 1356 sanctius
795 1302 896 1353 aut
926 1298 1154 1351 dulcius
1185 1314 1311 1353 esse
1343 1298 1424 1351 ait
1461 1299 1593 1369 (45).
1643 1302 1783 1351 Cum
1814 1314 1943 1352 vero
2007 1298 2139 1351 Iler-

505 1407 633 1445 mas
662 1390 887 1444 Pastori
918 1390 1195 1461 objiceret
1227 1406 1238 1443 :
1274 1393 1446 1443 Homo
1467 1389 1617 1458 cupit
1639 1387 1851 1459 quidem
1884 1388 2143 1442 mandata

505 1481 605 1535 Dei
628 1480 915 1545 custodire,
947 1484 999 1534 et
1028 1494 1185 1533 nemo
1216 1482 1313 1543 est,
1345 1479 1441 1547 qui
1482 1495 1591 1532 non.
1635 1482 1783 1548 petat
1834 1496 1867 1531 a
1896 1478 2141 1543 Domino,

505 1574 569 1624 ut
591 1571 757 1640 possit
785 1569 1050 1624 mandata
1099 1570 1216 1637 ejus
1263 1583 1477 1621 servare
1510 1584 1521 1633 ;
1554 1567 1645 1621 sed
1690 1566 1939 1621 diabolus
1976 1566 2146 1621 durus

508 1667 605 1724 est,
635 1662 685 1712 et
733 1660 979 1728 potentia
1027 1674 1125 1711 sua
1175 1657 1495 1711 dominatur
1545 1658 1605 1710 in
1649 1656 1743 1710 Dei
1785 1672 1964 1710 servos
2008 1654 2144 1725 (46).

508 1748 713 1803 Pastor
744 1745 896 1801 illico
928 1746 978 1800 ei
1013 1746 1345 1817 respondet,
1380 1761 1493 1798 non
1526 1760 1696 1815 posse
1728 1743 2025 1799 diabolum
2045 1746 2145 1798 do-

2240 598 2419 652 supra
2450 586 2794 654 mysterium
2829 585 3050 655 gratiae,
3085 585 3252 657 eique
3301 586 3548 660 gloriam
3582 588 3900 660 przeripere

2241 671 2656 741 conversionis,
2713 690 2777 727 ac
2818 674 3263 743 justificationis
3310 677 3679 746 peccatoris;
3715 681 3894 747 atque

2242 758 2349 814 hac
2380 761 2449 814 de
2482 777 2659 816 causa
2688 762 2927 817 Hermas
2959 780 3133 818 suum
3165 764 3464 819 Pastorem
3508 765 3779 837 perhibet
3812 765 3903 820 lo-

2244 853 2517 919 quentem
2550 850 2620 904 de
2660 852 2847 922 gratia
2895 852 3039 907 satis
3088 853 3469 908 confidenter.
3518 854 3817 919 Secundo,
3853 855 3903 908 si

2246 948 2397 993 recte
2428 940 2498 993 ad
2533 956 2778 994 examen
2809 946 3111 996 revocetur
3150 941 3246 996 hic
3288 947 3502 1010 textus,
3536 943 3684 997 nihil
3734 944 3799 998 in
3835 961 3904 998 eo

2246 1028 2637 1099 adinvenitur,
2672 1031 2826 1101 quod
2875 1030 3126 1085 multum
3174 1030 3431 1087 detinere
3478 1049 3585 1087 nos
3636 1033 3903 1100 debeat;

2248 1132 2419 1171 omne
2451 1117 2507 1171 id
2542 1117 2718 1184 enim,
2751 1120 2905 1190 quod
2936 1120 3016 1174 ibi
3068 1122 3329 1188 docetur,
3382 1121 3455 1177 ad
3503 1121 3623 1176 haec
3655 1122 3907 1177 reduci-

2248 1210 2345 1260 tur
2377 1222 2389 1259 :
2426 1206 2608 1261 Deum
2638 1207 2907 1264 videlicet
2937 1208 3249 1264 concedere
3264 1211 3512 1282 gratiam
3540 1210 3910 1283 poenitentiae

2251 1294 2509 1349 hominis
2540 1295 2891 1364 sinceritati,
2920 1298 3167 1368 ejusque
3195 1298 3366 1353 bonis
3386 1299 3910 1372 dispositionibus.

2256 1384 2379 1438 Haec
2406 1383 2638 1455 phrasis
2671 1390 2865 1441 autem
2898 1404 3002 1442 nec
3033 1392 3123 1442 est
3154 1386 3482 1459 Pelagiana,
3516 1404 3619 1445 nec
3649 1388 3920 1461 Semipe-

2254 1472 2506 1543 lagiana,
2542 1473 2654 1529 nisi
2684 1474 2743 1529 in
2777 1491 2951 1530 sensu
2984 1492 3207 1541 eorum,
3243 1476 3341 1547 qui
3368 1482 3586 1547 tenent,
3611 1477 3764 1532 hanc
3791 1478 3917 1533 sin-

2256 1561 2575 1630 ceritatem,
2610 1562 2833 1634 basque
2863 1564 3047 1620 bonas
3078 1564 3493 1636 dispositiones
3529 1566 3699 1621 unice
3730 1582 3809 1621 ex
3844 1565 3918 1621 li-

2255 1651 2392 1705 bero
2426 1650 2664 1707 arbitrio
2695 1654 3027 1723 procedere,
3049 1657 3185 1709 etex
3201 1654 3424 1709 viribus
3446 1660 3664 1710 naturae
3696 1672 3709 1721 ;
3741 1656 3915 1726 quod

2257 1740 2494 1811 quidem
2526 1757 2631 1796 nec
2662 1741 2757 1796 hic
2788 1742 2954 1797 docet
2979 1743 3199 1812 Pastor,
3226 1760 3332 1799 nec
3348 1743 3509 1810 alibi,
3534 1744 3687 1816 quod
3717 1745 3914 1800 sciam

510 1836 722 1892 minari
755 1836 814 1889 in
847 1834 948 1890 Dei
981 1852 1196 1901 servos,
1217 1834 1317 1904 qui
1348 1851 1415 1888 ex
1438 1834 1575 1888 totis
1606 1833 1938 1904 praecordiis
1961 1834 2019 1887 in
2044 1833 2149 1887 Do-
2180 1859 2229 1924 B
2257 1829 2316 1884 in
2350 1834 2470 1884 toto
2501 1846 2673 1901 opere
2705 1848 2832 1886 suo.
2867 1831 3139 1897 Quinimo
3182 1832 3296 1887 dici
3343 1833 3519 1888 etiam
3566 1836 3759 1905 potest
3791 1850 3917 1888 non

511 1926 743 1980 minum
774 1925 1038 1979 credunt.
1075 1926 1257 1979 Potest
1286 1931 1486 1990 autem,
1529 1922 1689 1977 addit
1740 1922 1999 1992 insuper,
2030 1921 2150 1976 dia-

514 2015 667 2070 bolus
703 2013 928 2080 luctari,
962 2013 1051 2069 sed
1076 2015 1293 2067 vincere
1322 2028 1432 2067 non
1458 2016 1627 2083 potest
1654 2029 1673 2073 ;
1704 2012 1753 2066 si
1780 2012 1929 2065 enim
1950 2012 2155 2065 resisti-

513 2105 584 2159 tis
615 2104 723 2168 illi,
755 2103 935 2172 fugiet
967 2120 1000 2155 a
1028 2102 1176 2157 vobis
1210 2103 1482 2171 confusus.
1540 2099 1639 2154 His
1696 2099 1885 2154 verbis
1944 2100 2152 2154 conﬁr-

516 2192 664 2247 mari
695 2197 942 2263 possunt
973 2192 1181 2246 animae
1216 2191 1479 2260 quaadam
1514 2189 1888 2257 meticulosaa,
1940 2190 2156 2260 quibus

516 2286 798 2337 terrorem
830 2280 1122 2335 incutiunt
1149 2278 1489 2333 Christianae
1507 2279 1769 2345 virtutes,
1802 2295 2014 2350 easque
2044 2295 2155 2350 pu-

517 2375 645 2426 tant
675 2371 734 2424 in
765 2369 926 2441 praxi
956 2385 1083 2424 esse
1115 2368 1290 2422 nimis
1322 2366 1616 2434 molestas,
1651 2367 1912 2438 quinimo
1960 2372 2017 2422 et
2048 2368 2156 2422 im-

520 2458 829 2531 possibiles
861 2474 1059 2513 eorum
1093 2461 1332 2511 natura}.
1375 2456 1568 2510 Velint
1611 2456 1772 2527 ipsae,
1806 2456 2071 2529 diligant,
2104 2460 2160 2510 et

524 2549 669 2603 nihil
702 2549 811 2603 erit
839 2546 1075 2601 difﬁcile
1105 2572 1117 2611 ;
1149 2545 1247 2616 qui
1280 2545 1693 2616 diligit,omnia
1722 2550 1928 2615 potest.
1951 2545 2159 2600 Haedi-

524 2637 770 2693 lectione
801 2637 871 2690 de
901 2636 1116 2690 Satana
1145 2634 1447 2689 victoriam
1481 2635 1880 2705 reportabunt,
1913 2638 1970 2689 et
1998 2651 2159 2688 com-

525 2725 923 2793 muneshujus
942 2723 1114 2779 sortis
1130 2724 1319 2778 minas
1344 2727 1717 2777 contemnant
1744 2740 1903 2794 ;quae
1920 2722 2159 2793 quidem

524 2815 715 2880 minae,
748 2813 937 2884 inquit
966 2817 1191 2880 Pastor,
1225 2812 1350 2866 sine
1380 2810 1591 2865 virtute
1622 2814 1778 2877 sunt,
1803 2812 1955 2866 sicut
1978 2811 2162 2866 homi-

524 2903 619 2959 nis
649 2903 863 2957 mortui
896 2901 1076 2955 nervi.
1109 2902 1281 2954 Minas
1312 2904 1491 2954 autem
1523 2900 1677 2953 illius
1708 2902 1767 2955 in
1798 2904 1967 2954 totum
1995 2902 2163 2956 nolite

526 2996 722 3047 timere
750 3008 769 3051 ;
798 2992 919 3046 sine
948 2993 1151 3045 virtute
1177 3006 1325 3043 enim
1354 2999 1503 3058 sunt,
1526 2990 1664 3044 sicut
1694 2988 1929 3043 hominis
1958 2991 2164 3044 mortui

522 3082 699 3137 nervi.
733 3079 969 3134 Phrasis
1002 3078 1121 3133 haec
1150 3077 1450 3150 originalis
1472 3082 1578 3147 est,
1605 3078 2035 3150 perfectamque
2063 3079 2163 3134 ha-

523 3172 621 3226 bet
671 3167 1163 3241 pulchritudidem
1200 3186 1212 3235 ;
1254 3184 1319 3221 ac
1365 3166 1652 3239 pathetice
1701 3167 1955 3239 exponit,
2006 3169 2155 3239 quod

522 3276 754 3315 summo
786 3262 1120 3329 contemptu
1159 3257 1473 3311 debeamus
1528 3255 1738 3310 habere
1786 3256 2110 3312 daamouem
2145 3274 2158 3311 :

524 3348 678 3405 absit
709 3364 840 3403 vero
873 3347 1026 3418 quod
1060 3346 1167 3401 hoc
1198 3346 1394 3400 minus
1426 3361 1531 3399 nos
1559 3344 1840 3399 sollicitos
1872 3346 2165 3413 reddat,ac

522 3437 832 3509 vigilantes
864 3436 1142 3489 adversus
1172 3435 1299 3504 ejus
1332 3434 1563 3488 fraudes
1594 3450 1658 3487 ac
1683 3432 1949 3488 insidias.

597 3526 845 3591 Quidam
891 3525 1055 3579 locus
1101 3524 1352 3578 occurrit
1400 3523 1456 3576 in
1528 3527 1770 3589 Pastore,
1821 3523 1919 3594 qui
1973 3526 2168 3594 posset

526 3615 739 3669 morari
774 3613 1067 3677 lectorem,
1100 3630 1304 3683 parum
1339 3612 1409 3665 de
1430 3612 1617 3682 gratia
1645 3610 2168 3678 instructum.Quo-

528 3720 670 3768 rum,
703 3701 782 3755 ait
804 3702 1025 3771 Pastor,
1061 3702 1267 3755 viderat
1317 3701 1575 3754 Dominus
1621 3716 1788 3769 puras
1833 3704 2040 3755 mentes
2075 3704 2164 3771 fu-

526 3796 698 3861 turas,
732 3795 786 3845 et
813 3792 1120 3844 servituros
1150 3791 1201 3841 ei
1228 3805 1296 3843 ea:
1320 3791 1445 3842 totis
1469 3790 1936 3858 praecordiisdllis
1969 3792 2167 3845 tribuit

520 3898 646 3953 pcen
658 3881 935 3935 itentiam:
968 3881 1017 3933 et
1046 3895 1276 3949 quorum
1308 3880 1548 3948 respexit
1576 3880 1757 3933 dolum
1785 3888 1839 3933 et
1870 3881 2164 3950 nequitias,

524 3975 575 4026 et
606 3970 1004 4025 animadvertit
1036 3968 1103 4021 ad
1138 3984 1193 4021 se
1240 3967 1514 4037 fallaciter
1562 3984 1898 4038 reversuros,
1948 3973 2168 4037 negavit

525 4061 597 4112 iis
626 4059 695 4113 ad
718 4059 1102 4130 pte-nitentium
1135 4072 1459 4125 regressum,
1493 4072 1561 4111 ne
1605 4074 1803 4111 rursus
1850 4058 2022 4125 legem
2050 4059 2165 4129 ejus

523 4148 785 4218 nefandis
815 4146 1196 4201 maledicercnt
1244 4146 1420 4199 verbis
1451 4146 1583 4215 (47).
1634 4146 1847 4213 Videri,
1898 4148 2162 4218 inquam,

528 4235 832 4306 possethic
849 4240 1054 4289 Pastor
1092 4234 1387 4305 aliquibus
1428 4234 1921 4304 Pelagianismum
1942 4253 2162 4307 sapere,

525 4324 612 4379 vel
672 4325 740 4377 ad
794 4322 990 4378 minus
1051 4323 1756 4395 semi—l’elagianismum,
1808 4325 1867 4379 in
1921 4326 2167 4380 materia

526 4412 745 4483 gratias,
772 4430 947 4483 quam
983 4412 1170 4483 primo
1202 4417 1437 4483 aspectu
1460 4413 1687 4467 videtur
1708 4415 2018 4469 concedere
2052 4432 2167 4469 me-

527 4502 675 4567 ritis,
709 4506 765 4555 et
795 4502 963 4557 bonis
1006 4501 1493 4572 dispositionibus
1544 4502 1871 4567 hominum,
1924 4505 2163 4559 minime

2264 1918 2484 1989 absque
2516 1921 2737 1975 ratione
2770 1924 3067 1977 Pastorem
3102 1919 3218 1977 illis
3245 1922 3486 1977 vocibus
3517 1938 3692 1978 usum
3723 1938 3868 1978 esse
3902 1948 3917 1990 ;

2263 2007 2479 2079 quippe
2510 2009 2850 2079 poenitentia
2879 2015 2967 2065 est
2989 2027 3105 2066 una
3126 2027 3195 2066 ex
3222 2010 3295 2067 iis
3321 2011 3547 2083 gratiis,
3577 2028 3723 2083 quas
3748 2011 3917 2067 Deus

2263 2113 2379 2152 non
2411 2098 2677 2153 concedit
2706 2098 2997 2154 ordinaris
3026 2099 3341 2171 loquendo,
3374 2100 3487 2155 nisi
3518 2106 3650 2173 post
3689 2101 3921 2157 multas

2264 2185 2430 2252 alias,
2463 2186 2549 2241 uti
2582 2187 2735 2255 fidei,
2764 2188 2907 2260 spei,
2943 2206 3070 2261 quae
3100 2194 3241 2245 sunt
3279 2189 3459 2246 veluti
3490 2190 3922 2263 dispositiones

2267 2275 2339 2330 ad
2369 2275 2543 2331 istam
2573 2277 2707 2344 (48).

2832 2368 2861 2438 §
2890 2368 2957 2421 V.
3000 2369 3075 2423 De
3110 2369 3338 2439 angelis.

2340 2454 2536 2525 Neque
2558 2457 3121 2526 praetermittendum
3147 2474 3180 2511 a
3199 2457 3368 2513 nobis
3399 2457 3923 2529 arbitramur,quze

2273 2542 2343 2597 de
2374 2542 2599 2614 angelis
2623 2544 2747 2599 suis
2778 2545 2833 2598 in
2868 2545 3035 2600 libris
3065 2549 3314 2600 Hermas
3334 2545 3534 2600 tradit.
3562 2545 3754 2600 Primo
3793 2546 3927 2618 qui-

2269 2631 2401 2685 dem
2433 2633 2600 2687 docet
2629 2649 2757 2689 esse
2789 2635 3105 2705 quamdam
3138 2634 3299 2706 ipsos
3330 2634 3484 2689 inter
3502 2633 3738 2706 angelos
3774 2636 3924 2690 sub-

2270 2720 2720 2793 ordinationem,
2754 2723 2835 2777 ita
2865 2724 3137 2795 nimium,
3171 2729 3237 2778 ut
3268 2722 3367 2778 alii
3417 2724 3537 2778 sint
3565 2723 3697 2778 aliis
3726 2725 3925 2781 excel-

2271 2808 2548 2864 lentiores
2579 2812 2712 2881 (49).
2736 2813 3002 2867 Secundo
3024 2813 3257 2883 exponit
3277 2812 3513 2884 qualem
3534 2813 3688 2869 circa
3707 2830 3924 2870 omnes

2274 2897 2449 2968 hujus
2481 2901 2684 2955 mundi
2736 2917 2827 2955 res
2876 2900 3335 2956 sollicitudinem
3389 2901 3661 2958 habeant.
3693 2902 3925 2957 Statuit

2272 2990 2466 3041 autem
2493 2987 2785 3059 imprimis
2806 2990 2864 3044 S.
2892 2989 3235 3045 Michaelem
3260 2989 3674 3062 archangelum
3696 2990 3923 3046 habere

2271 3079 2615 3147 potestatem
2648 3094 2824 3149 super
2852 3080 3133 3150 populum
3163 3078 3587 3147 Christianum,
3619 3085 3681 3135 et
3704 3081 3925 3152 guber-

2273 3181 2409 3219 nare
2439 3164 2629 3221 illum.
2666 3168 2906 3223 Nuntius
2954 3172 3137 3223 autem
3182 3169 3345 3224 ille...
3398 3169 3594 3239 (verba
3635 3173 3778 3224 sunt
3810 3170 3924 3225 Pa-

2274 3255 2470 3323 storis)
2503 3255 2731 3310 Michael
2760 3266 2857 3323 est,
2891 3259 2987 3328 qui
3012 3258 3205 3328 populi
3255 3258 3421 3328 hujus
3466 3259 3627 3313 habet
3672 3262 3922 3325 potesta-

2273 3348 2402 3411 tem,
2435 3348 2485 3398 et
2513 3346 2777 3415 gubernat
2823 3346 2957 3417 (50).
3008 3345 3153 3400 Hinc
3197 3345 3510 3417 peculiaris
3559 3348 3788 3403 devotio
3821 3349 3926 3404 Ec-

2274 3432 2459 3488 clesiae
2491 3433 2790 3489 catholicae
2841 3451 2980 3507 erga
3026 3438 3083 3490 S.
3136 3434 3477 3490 Michaelem
3530 3436 3819 3491 fundatur
3870 3439 3927 3493 in

2276 3521 2542 3577 doctrina
2572 3523 2857 3594 primaevae
2889 3522 3280 3595 antiquitatis.

2349 3611 2505 3666 Idem
2537 3615 2743 3666 Pastor
2771 3615 2970 3683 aperte
3003 3627 3241 3683 quoque
3275 3611 3536 3668 declarat
3566 3613 3779 3670 Filium
3832 3616 3926 3670 Dei

2278 3699 2661 3770 praeposuisse
2693 3698 2931 3772 angelos
2963 3700 3020 3754 in
3053 3700 3384 3756 custodiam
3409 3716 3612 3756 eorum
3642 3719 3798 3773 quos
3833 3704 3928 3759 Pa-

2276 3791 2399 3841 stor
2431 3788 2680 3843 caelestis
2712 3788 2824 3860 ipsi
2858 3788 3099 3843 tradidit
3131 3806 3143 3843 ε
3177 3791 3271 3844 Eis
3301 3806 3428 3860 quos
3475 3791 3614 3846 Filio
3672 3792 3923 3863 tradidit,

2276 3877 2447 3931 Filius
2476 3879 2553 3933 eis
2583 3880 2812 3933 nuntios
2840 3880 3149 3949 oraEposuit
3180 3878 3257 3933 ad
3300 3880 3703 3936 conservandos
3731 3884 3923 3951 εἴησα-

2276 3967 2354 4021 los
2402 3967 2536 4037 (51).
2589 3967 2713 4021 Etsi
2762 3972 2971 4038 agatur
3019 3966 3112 4021 hic
3160 3968 3230 4022 de
3279 3968 3421 4024 solis
3470 3970 3922 4041 praedestinatis,

2276 4059 2500 4109 certum
2532 4060 2620 4110 est
2652 4054 3039 4110 nihilominus
3070 4056 3226 4127 quod
3269 4060 3478 4112 Pastor
3501 4058 3656 4113 idem
3691 4059 3925 4131 privile-

2274 4143 2435 4215 gium
2469 4146 2749 4199 concedat
2776 4144 2998 4199 caeteris
3032 4143 3391 4201 hominibus.

2349 4232 2538 4287 Primo
2568 4233 2724 4287 enim
2757 4232 2900 4287 illud
2933 4232 3196 4288 concedit
3244 4235 3549 4307 neophytis
3578 4236 3750 4307 ipsis,
3783 4238 3923 4293 dum

2276 4321 2415 4376 dicit
2445 4322 2599 4393 quod
2631 4322 2716 4376 illi
2748 4322 2819 4377 ab
2848 4321 3074 4394 angelis
3104 4330 3551 4380 commonentur
3581 4326 3653 4381 ad
3684 4326 3924 4383 benefa-

2276 4411 2548 4465 ciendum
2581 4412 2713 4481 (52).
2749 4411 2963 4466 Deinde
2993 4410 3250 4466 declarat
3278 4413 3337 4467 in
3359 4430 3590 4484 genere,
3622 4417 3777 4485 quod
3811 4418 3923 4473 duo

2276 4501 2426 4571 genii
2459 4501 2581 4555 sive
2612 4502 2725 4554 duo
2748 4500 2937 4572 angeli
2974 4505 3272 4555 suntcum
3294 4502 3549 4575 homine,
3575 4522 3731 4561 unus
3753 4508 3923 4578 aequi-

527 4591 993 4662 recognoscendo
1037 4591 1196 4644 illam
1253 4607 1318 4644 ex
1361 4596 1521 4661 parte
1566 4591 1660 4645 Dei
1712 4594 2047 4664 gratuitam.
2098 4597 2167 4647 At
2200 4579 2241 4640 ll
2278 4589 2433 4649 talis.
2467 4596 2521 4643 et
2557 4606 2709 4644 unus
2743 4590 3069 4660 iniquitatis
3103 4590 3235 4661 (53).
3290 4592 3454 4647 Prior
3502 4594 3573 4649 ad
3622 4595 3920 4659 virtutem,

526 4679 1110 4735 animadvertendum
1142 4685 1228 4735 est
1255 4679 1464 4750 primo,
1490 4681 1777 4751 primaevis
1804 4682 2167 4753 temporibus

596 4868 707 4938 (44)
742 4868 803 4921 Et
836 4868 1033 4921 iterum
1064 4866 1185 4921 dixi
1214 4868 1304 4921 illi
1333 4886 1351 4921 .·
1380 4869 1446 4922 Si
1491 4868 1677 4921 virvel
1701 4868 1906 4921 mulier
1934 4868 2167 4938 alicujus

522 4938 828 5001 decesserit,
860 4942 911 4991 et
940 4940 1189 5009 nupserit
1218 4938 1427 5009 aliquis
1458 4939 1683 4993 illorum
1710 4956 1728 4999 ;
1760 4940 2009 5010 nunquid
2037 4957 2164 5010 pec-

521 5015 658 5065 cat!
716 5012 818 5077 Qui
870 5010 1047 5075 nubit,
1082 5028 1189 5065 non
1236 5020 1439 5081 peccat,
1500 5010 1712 5080 inquit,
1772 5011 1866 5064 sed
1895 5012 1944 5066 si
1988 5028 2083 5079 per
2111 5028 2168 5067 se

520 5084 809 5140 manserit.
852 5098 1117 5147 magnum
1149 5083 1253 5137 sibi
1282 5084 1431 5152 apud
1460 5083 1751 5137 Dominum
1780 5085 2058 5153 conquirit
2077 5083 2165 5138 ho-

520 5171 725 5209 norem.
762 5153 982 5207 Hermae
1016 5160 1251 5220 Postera,
1288 5155 1485 5209 mand.
1519 5171 1592 5217 ιν,
1627 5170 1675 5207 c.
1710 5155 1760 5207 4.

595 5227 710 5351 (45)
740 5226 937 5281 Ponite
968 5228 1115 5280 vobis
1161 5226 1349 5294 Deum,
1401 5228 1569 5281 Deum
1614 5230 1852 5279 vestrum
1902 5228 1959 5279 in
2007 5226 2165 5280 corde

630 5313 736 5351 ere.
770 5306 818 5351 et
851 5298 1168 5351 intellioetis
1202 5298 1337 5351 quod
1367 5299 1510 5351 nihil
1541 5298 1760 5351 facilius
1789 5299 1859 5351 sit
1887 5298 1969 5351 his
2000 5315 2164 5351 man-

522 5298 736 5361 habere,
770 5306 818 5351 et
851 5298 1168 5365 intelligetis
1202 5298 1337 5367 quod
1367 5299 1510 5351 nihil
1539 5298 1760 5365 facilius
1789 5299 1859 5351 sit
1887 5298 1969 5351 his
2000 5315 2164 5351 man-

522 5370 688 5433 datis,
720 5385 897 5439 neque
925 5369 1160 5437 dulcius,
1191 5386 1363 5439 neque
1404 5372 1769 5436 mansuetius,
1819 5386 1991 5439 neque
2033 5386 2161 5423 san-

520 5444 676 5493 ctius.
713 5441 773 5492 l..
810 5457 872 5504 Il,
907 5441 1102 5493 mund.
1137 5458 1235 5500 x11.
1272 5459 1320 5495 c.
1355 5444 1387 5494 3
1417 5448 1472 5494 et
1504 5443 1553 5494 4.

594 5513 703 5573 ("uti
746 5511 919 5572 ’rlem,
948 5512 1104 5575 ibid.,
1138 5528 1185 5565 c.
1218 5514 1268 5565 5.

595 5584 701 5647 (Ηη
746 5582 914 5649 Idem,
947 5584 1093 5637 l’ust.
1128 5583 1434 5637 similitud.
1467 5600 1586 5647 VIII,
1621 5600 1746 5651 cup.
1770 5584 1822 5637 6.

594 5652 703 5722 (18)
752 5652 1009 5716 )uinimo
1041 5654 1222 5709 Deum
1255 5654 1525 5710 anteriori
1560 5657 1814 5727 quadam
1845 5653 2035 5725 gratia
2064 5671 2162 5711 eos

2278 4677 2421 4733 alter
2450 4678 2518 4731 ad
2552 4676 2691 4731 vitia
2722 4677 2950 4731 excitat.
3001 4676 3188 4732 Malus
3231 4679 3355 4751 ipse
3398 4681 3605 4754 genius
3653 4684 3922 4742 diabolus

2276 4866 2345 4920 ad
2379 4862 2777 4947 pmnitenliam
2802 4865 3323 4947 praeparassejnde
3345 4873 3505 4947 patet
3537 4889 3549 4937 ;
3586 4872 3727 4947 quia
3752 4873 3919 4947 paulo

2277 4934 2549 5017 superius
2600 4935 2840 5017 angelus
2870 4936 2955 5017 .ad
2985 4934 3300 5017 dllermam
3345 4934 3498 5017 dixit
3530 4934 3544 4996 έ
3583 4934 3921 5017 Ῠίάείᾳυοά

2275 5008 2449 5062 multi
2475 5016 2705 5077 (gerunt
2730 5008 3118 5076 parnitentiam
3147 5013 3201 5062 et
3230 5014 3466 5067 assecuti
3506 5024 3635 5069 sunt
3661 5008 3915 5072 salutem.

2283 5081 2460 5161 l’ideo,
2495 5078 2682 5161 inquit
2712 5078 2974 5161 Hermas,
3006 5077 3247 5161 domine.
3288 5082 3361 5161 με
3410 5086 3570 5161 scias,
3631 5088 3713 5141 ait
3744 5106 3915 5161 ange-

2280 5153 2389 5231 lus,
2426 5152 2718 5231 boni-tatem
2772 5156 2825 5203 et
2882 5150 3230 5231 clementiam
3279 5153 3500 5231 Domini
3553 5150 3850 5231 magnam:
3864 5166 3917 5215 et

2276 5223 2655 5302 honorandum
2680 5236 2808 5302 esse,
2859 5222 2957 5289 qui
2991 5220 3139 5276 dedit
3182 5226 3441 5293 spiritum
3493 5231 3573 5284 eis
3620 5220 3720 5302 qui
3762 5220 3917 5301 digni

2272 5299 2429 5349 erant
2455 5294 2835 5363 panitentiam
2862 5307 3043 5363 agere.

2348 5362 2712 5440 (/195Herma
2742 5364 2912 5440 _Pa._s_t_.,
2948 5362 3167 5417 visione
3199 5380 3281 5440 in.
3319 5384 3445 5440 cap.
3473 5372 3523 5426 4.

2344 5438 2675 5513 (§Q)_Idem,
2710 5434 2934 5513 similit.
2967 5448 3089 5495 VIII,
3123 5451 3181 5513 (ιἒ
3207 5438 3259 5490 3.

2480 5508 2659 5591 Idem,
2691 5506 2916 5591 similit.
2950 5522 3034 5571 ιιι,
3069 5520 3117 5558 c.
3151 5507 3205 5591 6;

2345 5577 2456 5649 (52)
2484 5578 2660 5647 Idem,
2695 5577 2732 5649 l.
2770 5595 2807 5645 1,
2840 5577 2947 5631 vis.
2984 5593 3064 5649 ut,
3099 5592 3149 5630 c.
3177 5578 3230 5631 5.

2344 5647 2455 5724 (53)
2490 5650 2669 5719 Idem,
2703 5648 2743 5704 l.
2778 5666 2839 5719 ιι,
2872 5647 3069 5703 mand.
3102 5664 3181 5715 vx,
3214 5666 3264 5704 c.
3296 5655 3350 5706 2.
