4086 6342
488 350 606 411 88⁸7
1981 357 2046 419 S.
2093 354 2171 417 HI

2284 356 2395 420 ME
3772 358 3894 423 888

491 484 895 558 peccatoribus
928 502 1122 542 revera
1150 486 1567 558 pcsnitentibus
1597 490 1717 546 sint
1745 490 1973 547 fructus
2018 509 2133 563 poe-
2161 492 2215 559 Α
2248 492 2389 547 dum
2424 493 2781 566 pauperibus
2812 496 2985 567 atque
3014 493 3075 550 in
3104 492 3405 551 charitatis
3454 509 3630 566 opera
3656 492 3892 567 impen-

496 575 755 631 nitentiae
813 575 1079 631 faciendi.
1138 581 1361 647 Oportet
1414 595 1539 634 eum
1595 580 1789 652 inquit
1844 582 1980 653 (65),
2037 583 2135 653 qui
2242 582 2497 636 dendum
2524 584 2594 638 ab
2631 583 2775 655 ipsis
2806 589 2949 649 erat,
2985 601 3152 640 secus
3179 584 3297 640 veri
3314 584 3527 655 jejunii
3560 599 3893 639 remunera-

495 666 609 736 agit
638 668 1031 736 paenitentiam,
1080 668 1328 737 afﬂigere
1358 669 1612 723 animam
1639 687 1815 738 suam,
1874 672 2135 725 humilem
2243 674 2462 726 tionem
2498 689 2611 727 non
2658 674 3014 745 recepturis;
3050 677 3281 729 constat
3309 673 3500 740 tertio,
3533 673 3761 729 Hermae
3793 689 3894 728 sae-

495 771 552 810 se
575 760 876 826 praestare,
902 756 1166 812 animose
1206 760 1521 814 vexationes
1567 760 1793 826 multas,
1831 761 2136 832 variasque
2246 758 2375 813 culo
2409 760 2533 815 dies
2576 761 2804 831 jejunio
2852 762 3177 818 destinatos
3223 764 3480 818 stationes
3526 762 3893 835 appellatos;

496 845 769 916 perferre,
818 850 876 901 et
920 846 1209 917 praecipue
1257 863 1346 902 cor
1394 864 1598 919 purum
1625 865 1819 919 gerere
1856 850 1927 904 ab
1976 850 2135 904 omni
2247 853 2455 919 quarto
2495 850 2596 920 qui
2630 852 2962 921 jejunabat,
3012 868 3243 907 summo
3294 868 3467 907 mane
3496 851 3567 906 ad
3599 851 3891 906 orandum

499 948 673 1004 opere
704 933 875 989 malo.
913 936 1040 990 Haec
1069 940 1208 991 sunt
1238 953 1361 1007 qua:
1384 937 1561 992 tradit
1589 941 1854 993 vetustus
1874 938 1969 992 hic
2000 938 2137 992 scri-
2247 937 2572 1003 accedebat,
2630 945 2805 1010 atque
2862 955 2965 1011 per
3016 940 3169 995 diem
3218 940 3364 995 nihil
3406 940 3521 995 nisi
3569 957 3811 1012 panem,
3844 946 3897 996 et

500 1026 633 1094 ptor
660 1022 815 1078 circa
844 1039 1038 1079 veram
1070 1026 1495 1095 paenitentiam,
1518 1042 1762 1097 quaeque
1791 1030 1910 1082 toto
1943 1025 2083 1081 coelo
2107 1043 2140 1081 a
2248 1042 2461 1097 aquam
2484 1028 2757 1099 gustabat
2785 1028 2919 1099 (68).
2950 1029 3163 1094 Quinto
3194 1029 3264 1084 ad
3289 1029 3585 1100 jejunium
3620 1029 3730 1083 rite
3766 1046 3902 1101 per-

500 1110 765 1166 doctrina
794 1110 1201 1167 hisreticorum
1223 1119 1279 1169 et
1298 1114 1700 1186 theologorum
1732 1115 2014 1170 laxiorum
2035 1132 2137 1170 no-
2250 1116 2542 1186 agendum
2567 1114 2813 1172 aliorum
2847 1118 3075 1172 dierum
3097 1122 3401 1189 sumptum
3432 1118 3901 1188 computandum

501 1204 637 1255 straa
668 1200 855 1255 aetatis
885 1201 1180 1257 differunt.
2251 1219 2379 1258 esse
2409 1204 2843 1272 existimabant,
2896 1210 3072 1277 atque
3103 1205 3160 1259 in
3192 1221 3517 1277 pauperum
3549 1222 3695 1261 usus
3726 1222 3905 1276 sepo—

572 1288 688 1345 Nec
718 1289 929 1345 minori
960 1291 1460 1348 animadversione
1482 1294 1748 1365 dignum,
1773 1294 1927 1365 quod
1958 1295 2030 1349 de
2052 1295 2142 1365 je-
2252 1293 2530 1347 nendum.
2566 1293 2734 1350 Sexto
2784 1294 2936 1350 bona
2965 1310 3140 1367 opera
3178 1299 3451 1366 praeterea
3493 1295 3904 1366 superadden-

498 1378 667 1449 junio
700 1380 898 1435 Pastor
948 1380 1169 1436 Hermae
1219 1382 1469 1452 exponit.
1518 1382 1820 1452 Siquidem
1869 1397 2001 1437 eum
2054 1382 2142 1436 in-
2253 1381 2347 1446 da,
2380 1398 2414 1436 a
2444 1383 2694 1453 peccatis
2748 1383 3185 1453 abstinendum,
3238 1387 3413 1454 atque
3460 1383 3561 1438 Dei
3610 1389 3907 1455 praecepta

507 1467 703 1532 struit,
736 1469 874 1538 quid
908 1469 983 1524 sit
1003 1470 1298 1541 jejunium
1329 1471 1444 1526 Deo
1476 1477 2004 1543 acceptum,quaeve
2035 1475 2144 1525 sta-
2254 1472 2541 1526 servanda
2569 1472 2902 1528 censebant.

507 1556 718 1627 tiones,
746 1558 989 1628 ejusque
1019 1560 1170 1630 apud
1198 1564 1377 1615 Deum
1409 1561 1733 1615 mercedem
1764 1561 2144 1616 ostendit.Ni-
2327 1559 2407 1614 De
2438 1560 2806 1633 eleemosyna
2851 1562 3027 1617 verba
3072 1561 3292 1617 faciens
3342 1565 3569 1626 Pastor,
3618 1576 3789 1633 eque
3822 1562 3908 1615 in-

512 1644 593 1700 hit
622 1648 683 1699 in
711 1647 827 1701 vita
858 1654 951 1701 tua
997 1650 1250 1719 nequiter
1292 1649 1483 1718 facias,
1533 1648 1723 1720 inquit
1771 1650 1976 1704 Pastor
2013 1649 2145 1721 (66),
2259 1648 2429 1704 struit
2458 1648 2592 1705 illos
2625 1651 2725 1722 qui
2757 1667 2884 1706 eam
2916 1656 3175 1723 erogant,
3212 1667 3277 1706 ac
3306 1649 3439 1706 illos
3470 1651 3570 1721 qui
3601 1666 3735 1705 eam
3770 1649 3913 1704 reci-

512 1734 602 1789 sed
630 1738 808 1790 mente
834 1752 976 1807 pura
1003 1738 1147 1792 servi
1174 1739 1298 1805 Deo,
1331 1742 1381 1793 et
1410 1740 1467 1793 in
1507 1740 1795 1809 praeceptis
1822 1741 1937 1811 ejus
1967 1740 2149 1809 ingre-
2259 1737 2430 1809 piunt
2456 1738 2590 1809 (69).
2625 1739 2817 1795 Monet
2868 1738 3089 1811 primos
3140 1743 3205 1794 ut
3258 1737 3607 1810 simpliciter
3657 1738 3825 1803 dent,
3858 1741 3913 1792 et

512 1823 665 1879 diem
688 1841 708 1886 ,ο
737 1840 909 1897 neque
945 1825 1233 1882 admiseris
1278 1827 1608 1882 desiderium
1644 1844 1839 1884 nocens
1876 1830 1937 1883 in
1966 1830 2152 1883 animo
2182 1866 2230 1930 B
2260 1826 2386 1881 sine
2407 1827 2778 1884 distinctione
2803 1828 3077 1883 omnibus
3094 1828 3194 1899 qui
3217 1828 3589 1894 mendicant;
3615 1826 3913 1883 secundos

515 1921 674 1968 tuo...
706 1914 813 1968 Hoc
838 1916 889 1969 si
924 1916 1140 1983 feceris,
1179 1916 1461 1985 jejunium
1498 1934 1765 1987 magnum
1810 1933 2152 1972 consumma--

518 2000 599 2055 bis
642 2006 1026 2073 acceptumque
1073 2006 1318 2060 Domino.
1371 2006 1588 2060 Domini
1647 2013 1829 2061 autem
1874 2008 2157 2078 promissis

516 2091 695 2161 crede,
727 2093 779 2146 si
807 2090 924 2148 haec
952 2095 1159 2162 feceris,
1193 2095 1300 2149 Deo
1332 2098 1383 2149 te
1412 2096 1704 2150 victurum.
1750 2098 1874 2166 Qua
1902 2096 1991 2150 die
2019 2096 2156 2161 ieiu-

516 2181 697 2245 nabis,
736 2180 881 2235 nihil
911 2183 1177 2249 gustabis,
1227 2184 1341 2237 nisi
1369 2200 1570 2253 panem
1598 2192 1648 2238 et
1677 2201 1896 2255 aquam,
1929 2193 1980 2239 et
2006 2200 2157 2238 com-

516 2278 713 2338 putata
742 2272 1052 2341 quantitate
1100 2272 1228 2337 cibi,
1280 2289 1438 2341 quem
1485 2276 1693 2327 ueteris
1741 2273 1933 2327 diebus
1974 2290 2155 2329 come-

516 2366 700 2413 sturus
730 2376 871 2425 eras,
903 2364 1182 2431 sumptum
1211 2360 1325 2415 diei
1354 2362 1529 2428 illius,
1561 2378 1717 2431 quem
1740 2365 1987 2431 facturus
2016 2379 2156 2429 eras,

514 2464 753 2518 sepones,
786 2453 837 2503 et
884 2448 1038 2504 dabis
1088 2450 1285 2514 viduae,
1341 2450 1573 2520 pupillo,
1623 2454 1720 2505 aut
1767 2452 1988 2522 inopi..,
2034 2452 2161 2507 Haec

515 2538 675 2592 statio
707 2538 819 2607 (67)
847 2538 925 2592 sic
953 2547 1075 2593 acta
1102 2543 1183 2594 est
1216 2539 1354 2593 bona
1382 2543 1432 2593 et
1478 2548 1697 2610 accepta
1726 2541 1971 2595 Domino.
2004 2541 2159 2596 Con-

519 2628 637 2680 stat
662 2625 842 2698 igitur
862 2626 1048 2697 primo
1074 2627 1353 2682 adversus
1383 2633 1689 2684 novatores
1712 2630 2010 2700 jejunii,et
2026 2630 2158 2684 abs-

518 2714 776 2768 tinentia:
806 2714 1027 2782 hostes,
1093 2716 1564 2771 mortiﬁcationes
1622 2717 1882 2787 corporis
1938 2717 1999 2772 in
2048 2733 2159 2772 usu

518 2801 702 2858 fuisse
730 2802 1021 2874 primaevis
1062 2802 1188 2873 jam
1235 2803 1596 2875 temporibus
1627 2805 1687 2860 in
1719 2804 1973 2862 Ecclesia
2022 2824 2035 2862 :
2070 2823 2158 2861 se-

519 2892 711 2947 cundo
739 2891 797 2947 id
830 2892 983 2963 quod
1035 2891 1403 2947 sensualitati
1448 2893 1882 2964 detrahebatur,
1910 2910 2160 2967 erogan-

596 3036 707 3105 (65)
738 3034 932 3090 Herm.
960 3036 1135 3105 Past.,
1168 3035 1345 3090 simil.
1377 3053 1475 3091 v11.

616 3106 707 3176 66)
741 3107 920 3173 Idem,
952 3106 1131 3161 simil.
1164 3124 1216 3161 v.
1250 3123 1299 3161 c.
1332 3109 1380 3176 1,
1412 3111 1447 3162 2
1477 3112 1533 3162 et
1563 3109 1614 3162 3.

616 3179 706 3250 67)
736 3178 914 3259 Yocat
944 3178 1035 3232 hic
1059 3178 1351 3259 jejunium
1403 3196 1563 3234 more
1614 3178 1967 3259 Latinorum,
2000 3181 2163 3259 inter

527 3266 675 3321 quos
750 3250 943 3305 Romae
1019 3250 1246 3304 vivebat
1311 3251 1548 3305 llcrmas
1605 3251 1936 3306 stationem.
1991 3252 2164 3307 Statio

526 3328 723 3393 autem
749 3322 820 3375 dc
844 3321 1081 3376 militari
1108 3322 1371 3392 exemplo
1395 3338 1603 3377 nomen
1629 3324 2021 3393 accepit,teste
2042 3325 2174 3378 Ter-

529 3392 801 3465 tulliano,
834 3394 907 3465 De
936 3396 1277 3465 orantum
1312 3393 1467 3448 enim
1518 3392 1833 3448 Christiani
1881 3395 2175 3465 prioribus

531 3463 935 3534 istisrsaacuiis,
968 3464 1142 3519 certis
1168 3464 1543 3533 quibusdam,
1589 3470 1644 3519 et
1675 3463 1993 3534 presertim
2026 3467 2173 3521 Mer-

533 3533 680 3589 curii
711 3551 774 3589 ac
805 3535 1047 3589 Veneris
1078 3535 1283 3590 diebus
1314 3552 1547 3590 summo
1579 3533 1749 3591 mane
1780 3537 1836 3590 in
1869 3538 2176 3593 ecclesiam

526 3605 716 3676 jejuni
750 3606 1353 3677 convenirent,ibique
1385 3608 1454 3661 ad
1478 3608 1681 3662 horam
1707 3624 1921 3663 nonam
1956 3610 2013 3663 in
2045 3626 2178 3663 ora-

532 3677 710 3743 tione,
763 3676 1010 3749 aliisque
1054 3676 1283 3747 pietatis
1333 3679 1541 3733 officiis
1590 3685 1916 3749 perstarent
1957 3698 1969 3747 ;
2042 3680 2178 3735 hinc

536 3749 775 3813 factum,
812 3753 877 3802 ut
904 3747 1035 3802 illos
1066 3754 1468 3813 eonventus,et
1486 3747 1721 3804 illorum
1751 3750 1924 3805 etiam
1947 3751 2176 3807 dierum

530 3820 823 3890 jejunium
867 3836 901 3874 δ.
936 3818 1294 3874 militaribus
1327 3820 1469 3875 forte
1515 3821 1869 3877 stationibus
1892 3823 2178 3879 translato

533 3893 788 3964 stationis
843 3890 1078 3964 nomine
1122 3892 1421 3945 donarent.
1482 3892 1627 3946 Nam
1680 3895 2175 3964 quemadmodum

535 3963 789 4036 excubiae
845 3962 1120 4036 militum,
1182 3967 1259 4036 etg
1294 3979 1496 4036 eorum
1553 3981 1654 4033 pro
1700 3962 1933 4019 foribus
1978 3965 2180 4036 palatii

535 4034 731 4088 standi
761 4034 1204 4106 excubandique
1236 4034 1478 4099 functio,
1511 4036 1684 4089 statio
1715 4034 2182 4106 vocabantur,ita

533 4105 861 4178 verosimile
890 4110 979 4159 est
1010 4104 1373 4178 (Christianos
1405 4122 1625 4161 moram
1654 4106 1838 4173 illam,
1863 4114 2039 4178 atque
2057 4104 2183 4163 offi-

534 4178 689 4249 cium
722 4176 888 4242 illud,
922 4177 1074 4249 quod
1104 4178 1286 4247 jejuni
1320 4195 1377 4230 in
1414 4178 1668 4232 Ecclesia
1694 4176 2181 4249 usurpabant,ex-

534 4248 737 4302 cubias
768 4253 826 4301 et
857 4248 1169 4302 stationem
1201 4265 1457 4315 vocasse,
1494 4250 1574 4303 uti
1634 4248 1912 4304 insinuat.
1948 4252 2178 4305 Tertul-

534 4318 729 4393 lianus
761 4318 1017 4393 primum
1049 4320 1717 4393 commemoratus.Vide
1744 4322 2176 4393 Albaspinazum

533 4390 759 4463 observ,
793 4391 823 4443 4
851 4407 863 4456 ;
898 4390 1271 4463 Thomassin.
1304 4407 1353 4463 c.
1385 4393 1474 4455 2t,
1508 4408 1565 4461 p.
1600 4410 1635 4447 1.
1676 4394 1902 4447 Tractat.
1927 4390 2002 4447 'de
2032 4395 2179 4463 jeju-

531 4463 668 4521 nio;
699 4461 1110 4529 Muratorium,
1160 4462 1458 4532 disquisit.
1515 4465 1583 4530 4,
1630 4468 1769 4519 tom.
1824 4465 1869 4518 ll
1920 4461 2176 4520 Anecdot.

529 4536 712 4589 Latin.

2266 1912 2610 1969 adhortatur
2641 1920 2706 1969 ut
2735 1931 2804 1969 ex
2831 1931 2964 1970 vera
3004 1915 3347 1970 necessitate
3389 1915 3650 1969 duntaxa
3679 1914 3911 1970 mendi-

2264 2006 2458 2057 catum
2510 2006 2664 2070 eant,
2698 2019 2866 2058 secus
2900 2002 3184 2058 rationem
3238 2002 3520 2058 reddituri
3561 2003 3911 2075 rigorosam.

2266 2090 2385 2145 Sub
2417 2089 2801 2147 similitudine
2831 2091 2984 2158 vitis,
3014 2096 3071 2147 et
3090 2090 3391 2162 ulmi,qua3
3424 2090 3502 2147 sit
3528 2090 3915 2163 eleemosynaa

2268 2180 2515 2246 utilitas,
2549 2181 2785 2252 exponit
2814 2180 3017 2236 Pastor
3047 2182 3179 2251 (70).
3216 2184 3361 2235 Nam
3406 2181 3573 2237 sicuti
3596 2182 3730 2235 vitis
3772 2181 3919 2235 ulmo

2266 2273 2630 2339 sustentatur,
2662 2280 2722 2325 ut
2750 2275 2993 2341 [ructum
3024 2272 3245 2342 afferat,
3277 2271 3357 2325 sic
3394 2270 3546 2325 dives
3592 2286 3627 2323 a
3681 2286 3924 2340 paupere

2266 2360 2689 2429 adjuvatur,cui
2719 2361 3115 2431 eleemosynam
3147 2362 3380 2430 erogat;
3411 2360 3543 2429 quia
3558 2375 3780 2431 pauper
3800 2368 3920 2415 orat

2268 2448 2337 2503 ad
2368 2450 2661 2504 Dominum
2688 2465 2785 2520 pro
2815 2449 3004 2504 divite.

2340 2538 2420 2593 De
2450 2538 2708 2593 oratione
2740 2539 2878 2593 dum
2912 2538 3031 2609 agit
3064 2539 3286 2605 Pastor,
3315 2536 3497 2609 exigit
3528 2536 3921 2609 praecipuemt

2268 2626 2504 2682 assidue
2535 2626 2669 2682 huic
2702 2632 2903 2683 sancto
2934 2626 3205 2683 exercitio
3226 2643 3502 2693 vacenus,
3534 2630 3593 2681 et
3620 2626 3692 2681 ad
3733 2626 3917 2681 Deum

2269 2716 2617 2771 accedamus
2649 2732 2785 2771 cum
2815 2716 2973 2771 omni
3006 2714 3272 2787 possibili
3304 2715 3518 2771 ﬁducia
3556 2715 3617 2769 in
3643 2715 3781 2785 ejus
3815 2714 3920 2769 mi-

2268 2803 2668 2869 sericordiam,
2692 2804 2800 2859 etsi
2833 2804 3143 2859 innumera
3173 2820 3239 2859 ac
3267 2804 3533 2860 enormia
3560 2803 3683 2859 sint
3718 2818 3923 2875 peccao

2267 2896 2346 2962 ta,
2377 2893 2591 2964 quibus
2620 2892 2969 2948 detinemur.
3002 2893 3122 2949 Non
3167 2901 3251 2949 est
3279 2895 3428 2948 enim
3479 2894 3639 2959 Deus,
3686 2892 3779 2948 ait
3822 2892 3925 2947 Pa-

2270 3036 2428 3092 arido
2444 3036 2867 3105 victu,transire
2890 3034 3142 3108 populus
3173 3034 3367 3108 omnis
3390 3034 3795 3108 assuevit,hoc
3819 3038 3923 3098 est,

2311 3123 2478 3163 anem
2498 3108 2787 3163 duntaxat
2807 3124 2940 3162 cum
2958 3106 3111 3179 aqua
3132 3107 3241 3161 sub
3263 3124 3562 3179 vesperam
3582 3106 3921 3179 adhibere.»

2272 3178 2379 3250 Epi
2427 3179 2563 3233 han.
2597 3179 2657 3232 in
2690 3181 2934 3249 Exposit.
2967 3178 3114 3250 ﬁdei.
3138 3180 3233 3233 Ps.
3265 3178 3402 3234 xxxi.
3427 3178 3558 3234 Sile
3602 3194 3632 3233 e
3661 3178 3809 3232 data
3836 3193 3923 3231 xe-

2194 3226 2237 3293 C
2280 3197 2571 3304 ronhaeia:
2604 3252 2937 3304 constituta:
2983 3251 3249 3304 fuissent.
3283 3251 3352 3304 de
3383 3251 3456 3304 iis
3492 3195 3694 3304 cogem
3732 3249 3923 3304 modo.

2280 3268 2341 3306 ΓΟ

2281 3249 2571 3321 rophagim
2604 3252 2937 3305 constituta:
2983 3251 3249 3332 fuissent,
3283 3251 3352 3305 de
3383 3251 3456 3331 iis
3492 3249 3694 3331 eodem
3732 3249 3923 3331 modo,

2281 3339 2347 3377 ac
2379 3322 2450 3376 de
2480 3326 2697 3392 quartae
2747 3326 2803 3376 et
2848 3326 3019 3377 sexta;
3055 3322 3209 3377 feriae
3258 3322 3489 3391 jejunio
3541 3325 3921 3391 scripsisset:

2282 3417 2309 3443 «
2348 3390 2727 3463 Item-quarta
2755 3398 2810 3448 et
2832 3399 2995 3448 sexta
3023 3392 3167 3447 feria
3187 3390 3482 3463 jejunium
3504 3393 3574 3447 ad
3596 3390 3815 3447 horam
3836 3407 3927 3445 us-

2282 3481 2396 3535 que
2428 3480 2641 3519 nonam
2672 3463 3136 3535 indictum..ideo
3156 3464 3548 3535 jejunandum
3568 3478 3701 3535 esse
3734 3463 3925 3518 decre-

2283 3533 2490 3590 verunt
2519 3535 2820 3607 apostoli.»
2850 3542 2923 3589 At
2954 3533 3397 3607 inquies,legem
3430 3535 3582 3607 hanc
3610 3533 3927 3607 alibieom-

2285 3604 2574 3661 memorat
2600 3607 2887 3679 Epipyhan.
2921 3604 3124 3661 haeres.
3145 3604 3329 3679 7755s.
3369 3609 3405 3661 6
3441 3623 3453 3661 :
3487 3630 3516 3654 «
3548 3605 3695 3668 Quid
3736 3604 3926 3679 si,aie-

2284 3680 2405 3744 bat,
2436 3694 2503 3732 ex
2535 3676 2931 3748 apostolorum
2972 3677 3385 3734 constitutione
3414 3679 3737 3749 repetenda
3766 3676 3928 3749 nobis

2287 3750 2603 3805 auctoritas
2632 3755 2738 3816 est,
2772 3766 2875 3804 cur
2903 3749 3021 3805 illis
3053 3754 3273 3820 quartae
3326 3748 3618 3820 sextaéque
3663 3748 3829 3804 terius
3848 3748 3928 3820 δεῖ

2280 3823 2517 3892 junium
2550 3828 2829 3902 perpetua
2856 3818 3538 3902 legesancitugexcepta—
3563 3818 3928 3902 Pentecoste?

2287 3865 2393 3947 cur
2422 3910 2523 3948 sex
2553 3865 2854 3949 Paslchatis
2885 3865 3093 3947 driebus
3141 3865 3291 3947 nihil
3346 3865 3586 3947 omlnino
3626 3892 3699 3945 ad
3739 3892 3928 3946 cibum

2288 3970 2495 4035 praeter
2524 3981 2754 4035 panem,
2789 3964 2991 4033 salem,
3024 3969 3080 4018 et
3109 3980 3319 4035 aquam
3352 3963 3762 4018 adhibendum
3798 3961 3929 4017 defi-

2287 4036 2507 4090 niunt?
2541 4058 2568 4084 »
2603 4035 2684 4089 Ibi
2718 4043 2871 4091 certe
2904 4041 3151 4106 utraque
3175 4036 3423 4106 jejunia,
3463 4041 3519 4089 et
3548 4039 3930 4106 quat-tisse:-

2290 4114 2477 4176 tzeque
2510 4107 2682 4170 feria},
2714 4112 2772 4161 et
2803 4124 2903 4162 sex
2949 4104 3187 4161 dierum
3210 4105 3507 4162 Paschalis
3536 4104 3747 4161 eadem
3792 4104 3928 4175 lege,

2289 4185 2462 4243 atque
2493 4178 2813 4249 apostolica
2835 4178 3247 4232 constitutione
3268 4176 3493 4233 sancite
3514 4193 3642 4232 esse
3674 4192 3930 4249 pronun-

2288 4251 2476 4304 tiavit.
2511 4248 2783 4304 Attamen
2808 4250 2907 4303 ubi
2937 4249 3089 4304 idem
3120 4249 3482 4320 Epiphanius
3512 4254 3719 4303 contra
3755 4248 3932 4320 Aetia-

2290 4338 2417 4383 nos,
2445 4322 2672 4390 jejunia
2716 4326 2870 4376 stata
2916 4318 3287 4383 damnante's,
3322 4320 3606 4391 disputat,
3640 4336 3787 4375 cum
3828 4318 3935 4391 hoc

2290 4398 2640 4463 praeceptum
2674 4393 2927 4447 maxime
2960 4407 3165 4463 urgere
3195 4390 3449 4463 deberet,
3483 4390 3628 4446 illud
3658 4390 3723 4463 in
3756 4390 3935 4463 solam

2289 4460 2773 4519 consuetudinem
2820 4463 2900 4518 ita
2952 4460 3210 4517 refundit
3242 4478 3254 4517 :
3291 4484 3320 4512 ››
3352 4462 3527 4518 Porro
3558 4462 3775 4517 diebus
3804 4460 3939 4533 ipsis

2290 4534 2659 4590 Paschatis...
2693 4535 2988 4589 aridorum
3023 4534 3287 4605 ciborum
3311 4550 3445 4600 usu,
3465 4533 3769 4605 precibus,
3800 4554 3830 4581 η
3863 4533 3933 4605 ιιζὶ-

604 4604 715 4676 (68)
844 4602 1307 4686 Hieronymusin
1342 4604 1655 4686 Epistola2“
1678 4606 2091 4686 hocjejunium
2117 4607 2175 4662 in
2208 4593 2256 4658 D
2288 4605 2708 4686 giliis,jejuniis
2740 4605 3031 4686 celebrare
3051 4604 3321 4686 solemus
3349 4620 3361 4658 :
3631 4593 3935 4669 ibid:,s.3:

538 4693 683 4746 pane
728 4680 787 4729 et
834 4692 1007 4743 aqua,
1060 4676 1280 4729 caeteris
1320 4677 1595 4730 omnibus
1627 4678 2008 4732 fortissimam
2058 4694 2187 4734 esse

534 4750 859 4818 profitetur.
888 4746 1118 4818 Solebat
1138 4750 1332 4801 tamen
1359 4749 1494 4801 olim
1521 4768 1553 4803 a
1582 4749 1927 4803 Christianis
1979 4750 2186 4805 ultima

535 4817 1006 4888 Quadragesimae
1038 4817 1403 4873 hebdomada
1458 4820 1770 4877 observari.
1804 4820 1917 4875 Nec
1950 4823 2182 4885 desunt,

533 4891 631 4961 qui
688 4889 837 4944 hanc
904 4889 1319 4963 xerophagiam
1362 4890 1487 4963 lege
1540 4890 1734 4961 aliqua
1781 4892 2179 4963 praescriptam

531 4960 847 5025 censeant;
884 4966 941 5015 et
974 4960 1027 5015 id
1065 4961 1299 5031 quidem
1353 4962 1596 5031 probare
1642 4960 1914 5017 nituntur
1942 4960 2183 5018 ex'Ter-

530 5032 778 5088 tulliano
811 5034 849 5085 l.
885 5050 921 5097 1,
958 5049 1006 5085 c.
1053 5042 1094 5093 1,
1132 5032 1231 5101 qui
1262 5034 1741 5088 Montanistarum
1776 5034 2021 5089 haeresin
2056 5053 2180 5089 am-

530 5104 819 5176 plexatus,
877 5106 946 5158 de
976 5103 1289 5177 Catholicis
1321 5104 1550 5158 dicebat
1603 5122 1613 5157 :
1666 5128 1691 5154 ‹‹
1742 5108 2010 5177 Arguunt
2050 5123 2177 5172 nos,

528 5178 682 5247 quod
716 5176 885 5230 etiam
912 5176 1303 5247 ﬁxerophagias
1350 5177 1751 5231 observemus.
1805 5200 1831 5225 ››
1865 5178 1973 5231 Sed
2026 5178 2177 5232 idem

528 5246 654 5319 ipse
704 5246 1101 5319 Tertullianu’s
1151 5247 1377 5301 addidit
1412 5264 1423 5300 :
1460 5270 1491 5319 ‹‹ν
1522 5246 1783 5317 Denique
1813 5249 2180 5318 respondetis

526 5318 757 5390 (nempe
790 5318 1246 5390 Catholici)ghaac
1277 5334 1343 5371 ex
1374 5318 1614 5373 arbitrio
1648 5320 2029 5381 observanda,
2062 5337 2175 5375 non

522 5388 590 5461 ex
622 5388 868 5460 imperio
912 5413 947 5461 7»
999 5388 1162 5461 nulla
1212 5390 1391 5459 igitur
1424 5390 1547 5459 lege
1599 5392 1886 5461 ejusmodi
1924 5392 2173 5460 jejunia,

522 5460 673 5515 feste
705 5460 1087 5523 Tertulliano,
1140 5460 1357 5515 indicta
1389 5467 1556 5516 erant
1591 5460 1754 5527 {sed
1788 5480 1855 5517 ex
1886 5465 2175 5533 cujusque

522 5533 765 5604 arbitrio
798 5533 1647 5604 observabunturttuupropter
1679 5534 2041 5604 Epiphanius
2074 5535 2175 5589 ist-

524 5552 765 5585 RI‘DHI‘J)
798 5552 1513 5603 ODSEI‘VRDRDIUI'JJUUPI‘O
1538 5552 1647 5587 ΠοΓ
1680 5552 2041 5604 Epiphanius
2074 5552 2173 5589 ιδι-

524 5602 644 5676 htec
678 5606 741 5656 al
779 5604 1289 5676 consuetudinem,
1324 5622 1437 5657 non
1475 5552 1543 5657 sil
1582 5612 1931 5676 prereeptum
1964 5608 2047 5661 sic
2079 5624 2173 5661 re-

523 5674 633 5732 fert
665 5693 727 5744 ;‹ι
768 5678 1047 5730 Praeterea
1087 5691 1187 5730 sex
1214 5674 1345 5733 illos
1373 5678 1494 5733 dies
1519 5674 1909 5749 xerophagiis,
1943 5678 2052 5735 hoc
2084 5684 2173 5733 est

2295 4676 2361 4731 ex
2378 4696 2491 4749 quo
2515 4695 2628 4732 non
2652 4678 2904 4732 absurde
2928 4676 3170 4731 forsitan
3194 4676 3703 4749 colliges,verbum
3728 4694 3937 4749 παραγτ

2294 4748 3024 4821 γὲΛλουσιιιθβηὶυηΙ,ᾳυφό
3051 4749 3323 4819 superius
3340 4746 3761 4821 adhibuitmon
3788 4746 3932 4803 aliud

2294 4818 2645 4891 signiﬁcare,
2689 4818 3249 4891 quam’admon’ent,
3299 4818 3385 4872 vel
3436 4820 3775 4878 hortantur.
3831 4834 3933 4873 non

2294 4899 2487 4973 autem
2533 4890 3148 4973 pracipiunttjubent,
3183 4890 3492 4973 imperant.
3526 4890 3931 4973 Innhujusau-

2292 4969 2406 5017 tem
2460 4960 2859 5033 explicationis
2901 4964 3345 5033 firmamentum
3400 4978 3515 5016 non
3562 4960 3713 5016 illud
3743 4960 3929 5033 solum

2293 5036 2499 5089 adduci
2532 5031 2907 5104 potest,quod
2940 5033 3200 5087 historici
3232 5032 3423 5104 varias
3454 5032 3848 5088 Ecclesiarum
3866 5031 3931 5085 de

2292 5105 2450 5161 hisce
2473 5106 2721 5176 jejuniis
2745 5102 2924 5159 fuisse
2950 5102 3706 5176 consuetudinesnarrent:
3735 5118 3927 5160 verum

2290 5174 2489 5241 etiam,
2522 5174 2674 5248 quod
2710 5176 3215 5248 iisdemgtestibus,
3250 5174 3573 5248 aliquidde
3633 5175 3930 5248 severitate

2291 5249 2470 5317 hujus
2503 5244 2712 5317 jejunii
2748 5248 2806 5301 in
2836 5246 3160 5319 aliquibus
3208 5244 3416 5319 saltem
3450 5247 3724 5303 Ecclesiis
3764 5244 3929 5319 paulo

2289 5327 2421 5390 post
2451 5320 2763 5375 remissum
2799 5317 3115 5373 sit.Auctor
3145 5317 3298 5390 enim
3326 5317 3849 5390 Constitutionuma

2289 5332 2421 5390 post
2451 5335 2763 5375 remissum
2799 5332 3115 5373 s1t.Auctor
3145 5333 3298 5372 enim
3326 5332 3789 5375 constitutionem:
3814 5332 3928 5443 apo-

2284 5394 2607 5445 sto/iceram
2647 5390 2779 5464 pani
2814 5396 2870 5445 et
2900 5406 3063 5461 aquae
3106 5387 3190 5443 sal
3222 5394 3279 5443 et
3309 5388 3465 5444 olera
3502 5389 3820 5464 superaddi
3870 5404 3929 5442 u-

2288 5464 2428 5517 iuens
2463 5463 2741 5518 concedit.

2353 5535 2466 5600 (69)
2501 5536 2690 5587 Herm.
2728 5538 2900 5598 Past.,
2936 5533 2975 5586 l.
3014 5550 3071 5595 ll,
3116 5531 3377 5586 mundat.
3412 5549 3472 5587 ιι.

2353 5538 2445 5600 (69
2501 5538 2690 5587 Herm.
2728 5538 2900 5598 Past.,
2936 5538 2975 5586 l.
3014 5550 3071 5595 ll,
3116 5548 3206 5585 mu

2352 5538 2466 5677 (70;
2498 5606 2676 5672 Idem,
2739 5604 2778 5658 1.
2816 5622 2899 5671 ιιι,
2934 5601 3111 5659 simil.
3146 5619 3206 5657 ιι.
