4086 6342
1526 365 1860 434 PASTOR.
1894 405 1974 419 —
2002 374 2417 442 ΡΒΟἝΜΙΑ.

3552 370 3673 442 890

276 488 399 542 stor
445 486 584 559 (71),
624 490 769 548 sicut
812 492 1056 552 homines
1099 513 1361 556 memores
1404 502 1739 574 injuriarum
1771 523 1785 573 ;
1817 505 1909 561 sed
1936 509 1990 575 Α
2018 512 2295 566 constricti
2346 514 2473 567 sunt
2510 528 2658 570 circa
2710 514 2928 585 negotia
2970 527 3092 585 sua,
3137 513 3189 569 et
3250 527 3362 568 non
3423 512 3671 567 serviunt

269 580 352 633 est
380 579 671 637 immemor
697 585 1059 657 injuriarum,
1092 594 1143 645 et
1187 593 1481 649 miseretur
1520 598 1769 666 ﬁgmenti
1806 598 1911 652 sui.

271 670 614 726 Peccatores
644 688 800 741 vero,
833 680 1147 749 antequam
1178 682 1251 735 ad
1283 682 1465 738 Deum
1499 686 1777 741 accedant
1813 704 1916 759 per

269 757 617 826 orationem,
651 778 750 817 cor
769 764 1094 822 subducere
1124 769 1335 825 debent
1362 772 1435 827 ab
1457 775 1732 831 omnibus
1757 776 1912 833 vitiis

273 861 404 918 quae
436 847 495 902 in
526 849 738 921 seipsis
767 853 1166 923 adinveniunt,
1214 864 1271 914 et
1318 860 1545 918 sincero
1599 864 1791 920 animo
1840 867 1911 921 ad

278 934 461 991 Deum
511 940 718 995 reverti
758 960 781 1006 ;
826 959 995 1000 secus
1042 951 1196 1002 esset
1224 952 1599 1022 praesumptio
1652 954 1913 1023 qualibet

269 1024 441 1080 venia
468 1025 730 1100 indigna,
762 1038 1095 1104 exspectare
1126 1053 1159 1091 a
1196 1037 1313 1094 Deo
1358 1039 1629 1097 effectum
1678 1041 1911 1099 illarum

268 1128 689 1188 precum,quas
718 1118 811 1176 his
842 1138 955 1177 nou
982 1125 1302 1195 praemissis
1322 1128 1805 1200 dispositionibus
1822 1133 1910 1188 fu-

270 1201 521 1258 dissent.
553 1206 692 1277 Ergo
716 1211 958 1281 puri/ica
984 1228 1077 1268 cor
1103 1221 1326 1271 tuum...
1360 1224 1412 1273 et
1455 1221 1687 1290 accipies
1724 1224 1912 1277 omnia

272 1290 434 1363 bona,
462 1310 587 1364 quae
612 1299 816 1367 petis...
850 1303 948 1370 qui
983 1317 1110 1371 ergo
1157 1305 1293 1360 tates
1331 1322 1442 1361 non
1494 1316 1640 1375 sunt,
1690 1312 1910 1368 omnino

266 1382 418 1437 nihil
448 1386 745 1455 impetrant
774 1404 983 1456 eorum,
1014 1407 1140 1463 qua
1165 1398 1373 1464 petunt.
1407 1396 1461 1451 Si
1492 1398 1793 1471 contingat
1820 1402 1911 1456 ni-

267 1469 594 1529 hilominus
609 1476 1018 1549 quod,praaviis
1033 1481 1205 1538 etiam
1221 1469 1908 1558 bonisdispositionibus,

270 1575 391 1615 non
425 1561 786 1634 accipiamus
812 1567 1153 1637 petitionem
1184 1578 1465 1646 nostram,
1497 1576 1766 1634 dubitare
1795 1596 1910 1635 non

268 1648 576 1721 debemus,
612 1654 713 1709 sed
746 1656 936 1728 magis
968 1660 1275 1732 magisque
1305 1679 1488 1733 orare,
1531 1669 1588 1721 et
1618 1666 1811 1723 nullas
1840 1668 1912 1725 de

266 1736 386 1793 Deo
416 1738 778 1811 ingeminare
798 1745 1193 1815 querelas,sed
1221 1750 1411 1807 solum
1443 1753 1514 1808 de
1543 1755 1712 1811 nobis
1740 1755 1909 1827 ipsis;

266 1829 425 1883 Deus
453 1828 612 1885 enim
660 1847 891 1904 semper
940 1841 1177 1907 paratus
1223 1844 1315 1895 est
1357 1841 1429 1896 ad
1479 1842 1907 1915 impertendam

268 1915 734 1975 misericordiam
770 1939 783 1977 :
816 1923 890 1979 De
917 1930 973 1979 te
1019 1930 1287 1998 queraris,
1337 1947 1451 1985 non
1497 1932 1564 1988 de
1613 1934 1736 2001 Deo,
1769 1936 1910 2005 quod

266 2020 393 2060 non
410 2005 619 2063 dederit
648 2009 771 2065 tibi.
805 2012 884 2066 Ex
912 2012 1074 2069 hisce
1102 2016 1419 2074 ediscimus
1441 2021 1556 2076 duo
1576 2021 1728 2079 inter
1750 2030 1910 2080 caete-

268 2110 496 2165 ra,quaa
526 2113 690 2168 aeque
720 2102 1049 2157 necessaria
1078 2109 1217 2160 sunt
1252 2124 1265 2161 :
1299 2108 1556 2177 primum
1588 2117 1810 2182 est,nos
1835 2114 1907 2169 ob

268 2183 736 2254 multitudinem,
786 2193 843 2243 et
889 2192 1295 2249 enormitatem
1345 2196 1523 2253 etiam
1572 2206 1906 2258 nostrorum

264 2274 641 2340 peccatorum
701 2275 1005 2333 deﬂectere
1064 2297 1177 2335 non
1237 2282 1444 2340 debere
1502 2286 1572 2341 ab
1628 2290 1907 2346 orationis

262 2358 480 2415 semita
510 2385 524 2428 ;
550 2364 1191 2438 secundum,oportere,
1215 2372 1560 2444 priusquam
1585 2377 1905 2450 quidquam

262 2464 298 2502 a
330 2449 446 2504 Deo
478 2454 769 2523 petamus,
801 2453 1091 2512 dimittere
1122 2457 1326 2515 saltem
1368 2463 1637 2520 affectum
1669 2449 1907 2540 adipec-

261 2541 486 2606 catum,
520 2542 578 2594 et
612 2541 683 2595 ad
711 2558 904 2598 veram
936 2545 1335 2615 paenitentiam
1387 2553 1777 2626 nosmetipsos
1807 2558 1905 2613 de-

262 2626 584 2682 terminare
619 2644 631 2683 :
668 2630 716 2683 si
749 2631 871 2687 haec
903 2633 1505 2707 negligantur,omnes
1526 2646 1756 2700 nostras
1777 2662 1904 2716 pre-

258 2730 359 2770 ces
388 2731 589 2785 vanas,
624 2734 689 2774 ac
720 2718 846 2775 sine
874 2723 1065 2778 fructu
1098 2726 1558 2798 experiemur,ne
1587 2732 1725 2803 quid
1758 2733 1904 2791 ulte-

258 2802 387 2861 rius
416 2804 629 2861 dicam.

260 2963 394 3037 §II.
435 2966 513 3057 Pe
554 2968 762 3057 timore
804 2970 1045 3057 Domini,
1088 2979 1756 3057 negotiissfzcularibus,
1803 3002 1902 3057 pa-

434 3039 649 3107 tientia,
681 3041 991 3112 iracundia,
1026 3039 1276 3114 tristitia,
1308 3054 1359 3105 et
1390 3054 1729 3123 impurz’tate.

336 3159 397 3214 In
432 3161 639 3233 primis
682 3167 972 3223 sententia
1001 3173 1089 3225 est
1131 3172 1384 3229 Pastoris
1418 3192 1431 3229 :
1466 3179 1673 3233 Timens
1719 3182 1899 3236 Domi-

2021 598 2127 653 Deo
2158 600 2291 671 (73).

2093 691 2138 741 Ο
2170 688 2303 745 felix
2332 691 2641 748 hominum
2674 710 2706 748 a
2738 694 2956 750 mundo
2990 696 3426 765 segregatorum
3457 689 3664 746 vitato

2023 776 2203 832 beatae
2253 779 2597 838 solitudines
2654 782 2715 837 in
2765 782 2981 855 quibus
3038 782 3210 838 homo
3262 782 3518 854 perfecta
3563 778 3665 835 illa

2021 866 2337 936 perfruitur
2368 871 2583 942 quiete,
2617 889 2732 943 qua
2762 872 2821 927 in
2852 872 2951 928 Dei
2984 871 3267 927 famulatu
3302 886 3361 925 se
3410 874 3656 940 exercet,

2020 957 2078 1008 et
2107 957 2360 1014 maximo
2393 966 2621 1017 aeternae
2650 961 2861 1017 salutis
2892 962 3123 1033 negotio
3155 961 3306 1018 serio
3329 959 3655 1015 incumbit!

2021 1050 2291 1101 sanctum
2324 1049 2433 1104 hoc
2464 1050 2670 1121 otium,
2705 1051 2985 1123 quidquid
3036 1050 3324 1105 blaterent
3370 1053 3658 1104 amatores

2021 1134 2241 1203 saeculi,
2274 1137 2332 1191 in
2364 1138 2725 1195 immensum
2757 1144 2995 1213 superat
3019 1140 3303 1195 vanitates
3326 1143 3380 1193 et
3410 1138 3660 1209 ineptias

2021 1222 2237 1292 quibus
2267 1226 2622 1284 detinentur.
3059 1319 3093 1325 ﬁ
3422 1320 3431 1325 _
3616 1315 3625 1325 ,

2092 1312 2353 1370 Alterum
2387 1318 2849 1389 motivum,quod
2875 1318 3039 1372 affert
3059 1319 3390 1381 Pastor,cur
3417 1315 3663 1371 terrenis

2022 1402 2198 1457 rebus
2242 1406 2485 1461 minime
2533 1406 2701 1462 nobis
2768 1410 2923 1462 esset
2971 1405 3390 1473 inherendum,
3448 1404 3662 1459 rationi

2022 1496 2210 1549 status
2242 1495 2426 1550 nostri
2458 1495 2747 1551 innititur.
2782 1494 3054 1566 Principii
3094 1492 3219 1549 loco
3268 1493 3424 1549 enim
3475 1492 3659 1564 ponit,

2022 1598 2127 1637 nos
2157 1582 2449 1639 civitatem
2490 1589 2927 1654 permanentem
2983 1583 3079 1638 hic
3128 1599 3242 1637 non
3292 1582 3528 1648 habere,
3559 1582 3659 1637 sed
3712 1614 3733 1631 κ

2020 1669 2194 1726 aliam
2228 1672 2509 1742 (futuram
2540 1674 2782 1745 scilicet)
2832 1672 3002 1728 nobis
3046 1687 3173 1727 esse
3203 1670 3612 1743 inquirendam
3644 1686 3656 1725 :

2018 1759 2181 1815 Scitis
2213 1778 2302 1817 vos
2339 1764 2562 1818 Domini
2606 1778 2804 1833 servos,
2856 1760 3068 1833 inquit,
3111 1762 3172 1815 in
3213 1761 3664 1833 peregrinatione

2018 1851 2230 1905 morari
2259 1850 2287 1904 ‘l
2317 1850 2521 1907 Civitas
2548 1854 2699 1908 enim
2730 1859 2911 1906 vestra
2934 1852 3095 1922 longe
3115 1852 3189 1905 est
3217 1852 3286 1905 ab
3302 1850 3403 1905 hac
3417 1850 3660 1904 civitate.

2017 1937 2081 1991 Si
2122 1954 2249 2007 ergo
2293 1942 2446 1995 scitis
2488 1943 2765 1996 civitatem
2810 1944 3045 1996 vestram
3090 1940 3149 1993 in
3196 1955 3307 2011 qua
3352 1938 3663 1993 habitaturi

2018 2029 2167 2093 estis,
2199 2031 2333 2099 quid
2359 2031 2448 2085 hic
2475 2031 2677 2086 amatis
2707 2046 2869 2099 agros
2898 2035 2952 2084 et
3002 2030 3283 2100 apparatis
3330 2028 3583 2083 lautitias
3608 2035 3661 2082 et

2015 2116 2258 2188 mdiﬁcia
2307 2127 2357 2174 et
2415 2120 2778 2175 habitationes
2836 2134 3200 2190 supervacuas
3229 2122 3255 2169 .9
3300 2119 3427 2173 Haec
3488 2118 3657 2172 enim.

2018 2206 2183 2261 addit
2212 2208 2471 2279 insuper,
2503 2210 2597 2281 qui
2624 2212 2903 2279 comparat
2931 2210 2993 2261 in
3023 2207 3122 2262 hac
3150 2208 3390 2271 civitate,
3428 2222 3541 2260 non
3569 2222 3659 2261 co-

2016 2297 2154 2365 gitat
2184 2298 2243 2350 in
2271 2314 2429 2351 suam
2478 2300 2760 2353 civitatem
2808 2298 2991 2353 redire
3039 2297 3171 2367 (74).
3223 2294 3493 2350 Doctrina
3536 2295 3658 2350 haec

2019 2382 2112 2454 pia
2143 2401 2208 2438 ac
2256 2385 2526 2457 religiosa
2575 2391 2710 2454 est;
2743 2403 2949 2458 parum
3002 2390 3198 2441 autem
3252 2384 3468 2439 nostris
3500 2383 3660 2439 hisce

2018 2472 2226 2529 diebus
2258 2474 2559 2546 probatur.
2589 2475 2858 2531 Pluribus
2889 2478 3087 2547 posset
3116 2473 3357 2545 insuper
3400 2472 3525 2528 haec
3555 2474 3656 2528 do-

2017 2562 2208 2617 ctrina
2238 2562 2457 2619 larvam
2489 2565 2817 2631 detrahere,
2849 2564 2948 2635 qui
2980 2562 3234 2619 maximo
3262 2566 3572 2619 versantur
3598 2562 3658 2617 in

2016 2653 2376 2718 errore,dum
2410 2653 2799 2726 sibimetipsis
2831 2654 3182 2726 persuadere
3210 2656 3659 2719 conantur,con-

2016 2737 2295 2795 ditionem
2327 2742 2587 2799 hominis
2618 2743 2877 2811 viatoris,
2911 2742 3162 2813 hospitis
3192 2746 3250 2796 et
3301 2740 3540 2809 exsulis,
3595 2740 3654 2795 in

2015 2843 2131 2898 qua
2162 2830 2391 2901 proprie
2420 2832 2537 2887 veri
2568 2831 2881 2887 Christiani
2912 2831 3044 2887 idea
3072 2849 3139 2887 ac
3188 2831 3487 2887 character
3514 2846 3655 2885 con-

2014 2916 2191 2984 sistit,
2225 2935 2359 2973 cum
2390 2920 2722 2975 conditione
2745 2920 3132 2991 hominis,qui
3156 2919 3402 2992 negotiis
3432 2919 3655 2975 incum-

2012 3004 2119 3075 bit,
2154 3005 2547 3079 voluptatibus
2579 3008 2863 3081 indulget,
2896 3026 2961 3064 ac
3012 3008 3176 3064 ducit
3221 3009 3281 3063 in
3329 3008 3498 3064 bonis
3528 3008 3653 3064 dies

2014 3111 2172 3165 suos,
2206 3096 2382 3151 simul
2416 3114 2585 3167 posse
2615 3098 2913 3170 conjungi.

2082 3181 2340 3238 Pastoris
2372 3184 2737 3240 ratiocinatio
2783 3190 2986 3241 contra
3036 3184 3211 3241 talem
3260 3184 3485 3239 vivendi
3526 3201 3652 3240 mo-

253 3264 393 3302 num
424 3254 616 3306 omnia
648 3254 787 3309 bona
812 3259 1121 3327 operaberis
1151 3262 1283 3331 (72).
1318 3264 1466 3336 Ergo
1499 3282 1600 3337 per
1628 3267 1899 3326 timorem
1931 3254 1974 3321 C
2012 3271 2154 3326 dum
2186 3272 2389 3344 utique
2419 3272 2611 3328 differt
2640 3278 2758 3329 toto
2784 3273 2926 3329 coelo
2957 3292 2990 3329 a
3020 3272 3407 3345 plurimorum
3438 3277 3651 3330 nostra

248 3336 486 3393 Domini
518 3342 716 3398 omnia
744 3361 1061 3415 possumus
1110 3364 1285 3421 opera
1324 3336 1573 3422 justitiae
1602 3373 1891 3428 peragere.

246 3425 451 3483 Tradit
481 3428 741 3501 insuper,
766 3433 1032 3490 timorem
1064 3436 1221 3493 hunc
1243 3425 1636 3499 necessarium
1669 3462 1798 3503 esse
1819 3465 1893 3504 an

243 3513 520 3579 salutem,
553 3535 656 3589 per
684 3518 852 3576 illum
885 3539 992 3579 nos
1022 3532 1315 3598 reportare
1332 3531 1633 3588 victoriam
1666 3536 1737 3591 de
1768 3536 1891 3593 dia-

240 3602 381 3659 bolo
411 3609 467 3660 et
496 3606 823 3665 dominium
843 3627 1020 3683 super
1048 3614 1215 3671 illum
1239 3632 1521 3689 exercere,
1540 3623 1679 3693 quia
1696 3624 1890 3697 reipsa

240 3708 424 3763 super
472 3710 669 3753 servos
712 3697 813 3753 Dei
864 3700 1027 3756 nulla
1077 3703 1262 3760 virtus
1311 3706 1395 3761 illi
1441 3708 1642 3766 inest:
1678 3714 1891 3770 Timens

238 3783 399 3837 enim
427 3784 719 3841 Dominum
751 3787 1121 3847 dominaberis
1150 3792 1333 3862 illius,
1386 3797 1608 3854 scilicet
1646 3801 1883 3875 diaboli,

237 3873 375 3942 quia
395 3875 569 3929 virtus
601 3876 660 3929 in
691 3877 786 3933 illo
815 3879 975 3934 nulla
1001 3890 1100 3937 est.
1142 3882 1248 3938 Per
1292 3883 1449 3941 hunc
1496 3888 1766 3946 timorem
1798 3873 1888 3961 (ut

240 3976 363 4014 uno
392 3962 565 4018 verbo
593 3964 791 4020 omnia
817 3966 1191 4041 complectar)
1214 3987 1248 4026 a
1276 3979 1509 4043 peccato
1535 3978 1883 4049 recedimus,

225 4048 531 4118 justitiam
561 4068 952 4123 excercemus,
985 4061 1040 4112 et
1081 4058 1172 4129 pie
1218 4060 1487 4118 vivimus.
1537 4066 1681 4121 Time
1709 4070 1885 4137 igitur

230 4139 431 4205 Deum,
465 4140 760 4199 concludit
789 4144 1009 4217 Pastor,
1034 4152 1087 4202 et
1116 4150 1459 4207 vives.Extra
1489 4170 1719 4211 omnem
1751 4175 1884 4214 con—

231 4228 581 4285 troversiam
636 4236 744 4303 est,
776 4250 1107 4292 sermonem
1165 4238 1259 4294 hic
1312 4239 1514 4297 haberi
1544 4244 1615 4299 de
1676 4245 1882 4305 timore

230 4319 692 4390 supernaturali,
724 4322 795 4378 de
828 4322 926 4379 illo
954 4324 1178 4381 scilicet
1206 4328 1617 4402 timore,quem
1650 4351 1883 4407 semper

230 4405 447 4478 aliquis
480 4426 642 4466 amor
671 4412 984 4469 comitatur
1017 4432 1029 4469 :
1064 4417 1280 4490 quippe
1310 4420 1505 4492 agitur
1535 4422 1606 4478 de
1645 4405 1878 4495 timore,

227 4511 342 4567 ope
369 4498 539 4568 cujus
570 4502 849 4559 mandata
899 4503 1001 4560 Dei
1060 4506 1461 4576 observamus,
1522 4516 1579 4567 et
1624 4513 1875 4583 justitite

225 4585 506 4657 operibus
536 4587 913 4648 inhaeremus.

306 4674 533 4747 Duplici
564 4694 631 4732 ex
660 4679 849 4751 capite
880 4687 1076 4739 monet
1128 4688 1357 4753 Pastor,
1416 4705 1451 4743 a
1507 4691 1873 4762 negotiorum

223 4764 644 4836 temporalium
676 4768 1053 4827 multitudine
1082 4789 1210 4828 esse
1249 4776 1683 4846 abstinendum,
1717 4780 1874 4837 inor-

228 4852 617 4927 dinatamque
650 4859 970 4915 eorundem
1002 4860 1456 4921 sollicitudinem
1501 4884 1630 4924 esse
1680 4870 1874 4927 mode-

223 4942 645 5015 randam,quia
667 4945 854 5002 multa
874 4950 1108 5021 negotia
1131 4956 1586 5023 agentes,multa
1608 4965 1869 5029 peccant,

220 5033 403 5102 atque
434 5048 583 5104 egre
613 5033 730 5090 Deo
761 5037 974 5092 servire
1008 5047 1277 5111 possunt.
1330 5044 1558 5100 Abstine
1584 5049 1655 5113 te,
1688 5048 1769 5101 ait
1798 5048 1871 5103 ad

215 5116 416 5188 illum,
448 5137 483 5174 a
510 5123 700 5178 multis
730 5125 1034 5196 negotiis,et
1054 5129 1200 5184 nihil
1218 5130 1532 5203 delinquas,-
1562 5152 1873 5208 quicunque

212 5209 372 5263 enim
399 5210 578 5265 multa
600 5215 815 5283 negotia
846 5225 1045 5283 agunt,
1098 5220 1273 5274 multa
1325 5220 1702 5294 delinquunt;
1734 5227 1870 5296 quia

285 5405 405 5477 (71)
435 5405 630 5462 Herm.
658 5413 836 5477 Past.,
870 5408 908 5465 l.
940 5427 998 5465 ιι.
1032 5415 1291 5471 mandat.
1329 5434 1404 5473 Ix.

290 5474 408 5543 (72)
439 5477 621 5546 Idem,
652 5479 689 5535 Ι.
724 5497 786 5546 n,
814 5474 1011 5538 mand.
1046 5499 1145 5540 vn.

296 5546 309 5569 Ι

314 5548 407 5622 73)
442 5549 620 5622 idem,
653 5550 690 5622 l.
727 5568 811 5622 ιιι,
844 5552 1021 5608 simil.
1047 5572 1119 5611 ιν.

294 5580 409 5763 fit;
442 5580 622 5690 i333:
654 5580 695 5675 i'.
729 5580 815 5689 iii:
844 5580 1152 5682 ἒίἓὲἰίιῖἀ.
1188 5646 1225 5683 ι.

316 5692 387 5747 75
437 5692 543 5750 Pro
573 5696 724 5763 agris
775 5710 923 5763 ergo,
954 5713 1084 5763 quos
1132 5716 1225 5756 em

316 5692 407 5763 75)
437 5692 543 5750 Pro
573 5696 724 5764 agris
775 5710 923 5767 ergo,
954 5713 1084 5768 quos
1132 5716 1315 5759 emere
1358 5704 1668 5776 volueritis,
1718 5707 1864 5763 redi-

2008 3360 2196 3415 aatatis
2225 3361 2688 3417 Christianorum
2722 3379 2921 3427 sensu,
2954 3379 3222 3417 sermone
3253 3367 3311 3417 et
3341 3361 3522 3434 praxi,
3547 3364 3648 3418 sed

2006 3466 2121 3504 non
2154 3450 2283 3505 ideo
2314 3449 2508 3505 minus
2541 3456 2717 3516 recta,
2746 3451 2941 3506 minus
2970 3450 3386 3518 valida,minus
3416 3450 3647 3507 conclu-

2004 3537 2168 3593 dens.

2072 3625 2213 3681 Vult
2246 3627 2427 3700 igitur
2447 3627 2688 3700 angelus
2718 3628 2828 3683 iste
2840 3628 2995 3700 quod
3010 3626 3322 3683 Christiani
3338 3646 3440 3701 pro
3462 3630 3642 3703 agris,

1998 3731 2146 3787 quos
2178 3733 2372 3772 emere
2400 3717 2629 3784 volunt,
2663 3735 2766 3789 pro
2798 3717 3033 3790 palatiis
3064 3717 3642 3791 domibusque,quas

1996 3805 2199 3861 volunt
2227 3806 2533 3877 aediﬁcare,
2570 3823 2709 3861 suas
2739 3823 2877 3878 opes
2906 3806 3208 3861 insumant
3238 3806 3297 3860 in
3328 3809 3639 3879 erogandis

1996 3892 2402 3966 eleemosynis,
2434 3900 2491 3950 et
2517 3895 2577 3949 in
2612 3896 2799 3951 viduis
2828 3912 2894 3951 ac
2943 3894 3223 3966 orphanis
3271 3894 3648 3954 sublevandis

1995 3981 2053 4035 in
2086 3982 2192 4037 hos
2218 3985 2552 4054 usus,juxta
2572 3988 2874 4040 Pastorem
2892 3984 3004 4056 (75)
3028 3998 3094 4038 ac
3114 3982 3429 4039 Veritatem
3450 3983 3642 4056 ipsam

1994 4071 2339 4143 temporalia
2369 4075 2521 4128 bona
2551 4074 2810 4146 impendi
2844 4074 3076 4129 debent.

2066 4160 2268 4216 Pastor
2298 4178 2476 4233 super
2526 4162 2895 4233 patientiam,
2947 4166 3004 4216 et
3050 4159 3252 4215 vitium
3303 4162 3639 4234 oppositum

1993 4264 2090 4304 eas
2123 4250 2292 4305 nobis
2325 4253 2720 4307 communicat
2767 4250 3192 4317 institutiones,
3242 4266 3366 4319 quae
3419 4252 3632 4324 negligi

1990 4336 2445 4409 haudquaquam
2478 4344 2746 4410 possunt.
2794 4340 2875 4395 De
2926 4337 3207 4411 patientia
3250 4339 3449 4406 tradit,
3482 4341 3638 4413 quod

1990 4424 2164 4481 homo
2195 4443 2299 4498 per
2326 4428 2667 4499 patientiam
2691 4429 2953 4484 omnium
2977 4444 3219 4499 operum
3240 4428 3635 4499 nequissimo-

1987 4531 2119 4571 rum
2152 4516 2327 4571 etiam
2361 4517 2717 4585 dominatur,
2751 4517 3035 4587 videlicet,
3068 4516 3223 4587 quod
3254 4517 3324 4572 ab
3355 4517 3513 4572 hisce
3534 4534 3634 4589 pa-

1907 4624 1952 4688 D
1984 4604 2191 4659 tientia
2220 4604 2519 4661 hominem
2553 4607 2779 4673 avertit,
2813 4607 2966 4678 quod
2999 4604 3287 4677 patientes
3317 4611 3632 4678 operantur

1984 4693 2804 4765 omnemjustitiam,Spiritus
2819 4699 3061 4751 sanctus
3083 4694 3141 4749 in
3158 4698 3304 4770 ipsis
3332 4694 3627 4752 habitatin

1982 4798 2124 4852 pace
2156 4798 2403 4853 magna;
2436 4784 2589 4853 quod
2622 4784 2806 4839 virtus
2821 4785 2941 4842 haec
2974 4792 3063 4842 est
3080 4788 3356 4855 valida,et
3386 4784 3550 4840 fortis
3571 4789 3633 4839 et

1984 4868 2160 4925 habet
2189 4871 2464 4925 virtutem
2498 4888 2794 4944 magnam,
2829 4880 2886 4929 et
2914 4875 3261 4931 honorificat
3310 4873 3624 4929 Dominum

1981 4958 2039 5011 in
2072 4958 2230 5013 omni
2264 4964 2527 5031 tempore
2559 4985 2573 5028 ;
2607 4978 2723 5017 uno
2766 4964 2959 5031 verbo,
3013 4966 3168 5036 quod
3216 4964 3315 5036 qui
3362 4978 3493 5018 vere
3522 4977 3622 5033 pa-

1982 5046 2191 5103 tientes
2223 5052 2381 5115 sunt,
2410 5049 2580 5105 facile
2610 5051 2919 5107 observant
2947 5054 3146 5109 omnia
3176 5052 3468 5108 mandata.

2050 5138 2164 5209 (76)
2193 5138 2389 5202 Quoad
2416 5138 2781 5195 iracundiam
2812 5159 2944 5197 vero
2976 5142 3322 5214 dooet,quod
3354 5140 3482 5213 ipsa
3503 5139 3624 5211 Spi-

1981 5226 2159 5280 ritum
2192 5232 2463 5282 sanctum
2495 5229 2918 5297 constristat,et
2933 5232 3103 5287 corde
3132 5228 3617 5303 expellit,malum

1977 5423 2372 5499 miteanimas
2389 5421 2465 5499 de
2481 5424 2916 5499 necessitatibus,
2943 5430 3108 5497 prout
3137 5428 3364 5499 quisque
3389 5428 3564 5495 potest
3592 5439 3614 5486 ;

1977 5500 2029 5579 et
2078 5493 2269 5577 piduas
2316 5493 2604 5577 absolvite,
2638 5493 3330 5579 iorphanisl‘judicate;et
3375 5493 3616 5579 opes,"ac

1975 5566 2206 5640 divitias
2257 5574 2467 5640 vestras
2505 5568 2567 5618 in
2632 5566 3240 5640 hujusmozli'Operibus
3285 5568 3607 5625 consumite.

1980 5638 2159 5702 Idem,
2191 5636 2315 5692 loco
2346 5636 2443 5690 cit.

2048 5710 2163 5780 (76)
2194 5709 2372 5775 Idem,
2405 5707 2506 5763 lib.
2542 5724 2602 5780 ιι,
2632 5710 2827 5767 mand.
2860 5728 2913 5780 v,
2941 5713 3114 5785 capit.
3143 5714 3168 5768 1
3203 5716 3260 5769 et
3284 5713 3337 5767 2.
