  <div class='ocr_page' id='page_1' title='image "/cluster/home/n/w/nwhite01/storage/ocr_20150623/2/hvd.32044073501421/458.png"; bbox 0 0 4036 6344; ppageno 0'>
   <div class='ocr_carea' id='block_1_1' title="bbox 218 422 1812 499">
    <p class='ocr_par' dir='ltr' id='par_1_1' title="bbox 218 422 1812 499">
     <span class='ocr_line' id='line_1_1' title="bbox 218 422 1812 499; baseline -0.004 -5"><span class='ocrx_word' id='word_1_1' title='bbox 218 429 343 499; x_wconf 84' lang='grc'>893</span> <span class='ocrx_word' id='word_1_2' title='bbox 1389 422 1722 489; x_wconf 77' lang='lat' dir='ltr'>PASTOR.</span> <span class='ocrx_word' id='word_1_3' title='bbox 1754 458 1812 471; x_wconf 93' lang='lat'>—</span> 
     </span>
    </p>
   </div>
   <div class='ocr_carea' id='block_1_2' title="bbox 2022 422 3616 499">
    <p class='ocr_par' dir='ltr' id='par_1_2' title="bbox 2052 422 3616 490">
     <span class='ocr_line' id='line_1_2' title="bbox 2052 422 3616 490; baseline -0.003 -1"><span class='ocrx_word' id='word_1_4' title='bbox 2052 426 2102 489; x_wconf 92' lang='grc'>1.</span> <span class='ocrx_word' id='word_1_5' title='bbox 2146 424 2355 490; x_wconf 82' lang='lat' dir='ltr'><strong>VISIO</strong></span> <span class='ocrx_word' id='word_1_6' title='bbox 2398 424 2448 489; x_wconf 93' lang='grc' dir='ltr'>Ῑ.</span> <span class='ocrx_word' id='word_1_7' title='bbox 3497 422 3616 489; x_wconf 82' lang='grc'>894</span> 
     </span>
    </p>
   </div>
   <div class='ocr_carea' id='block_1_3' title="bbox 222 557 3624 634">
    <p class='ocr_par' dir='ltr' id='par_1_3' title="bbox 222 557 3624 634">
     <span class='ocr_line' id='line_1_3' title="bbox 222 557 3624 634; baseline -0.001 -16"><span class='ocrx_word' id='word_1_8' title='bbox 222 563 326 619; x_wconf 92' lang='lat' dir='ltr'>Dei</span> <span class='ocrx_word' id='word_1_9' title='bbox 357 560 492 634; x_wconf 90' lang='grc'>(86),</span> <span class='ocrx_word' id='word_1_10' title='bbox 519 558 779 634; x_wconf 90' lang='lat' dir='ltr'>cogitans</span> <span class='ocrx_word' id='word_1_11' title='bbox 811 575 986 631; x_wconf 89' lang='lat' dir='ltr'>quam</span> <span class='ocrx_word' id='word_1_12' title='bbox 1020 558 1331 630; x_wconf 81' lang='lat' dir='ltr'>magnifica</span> <span class='ocrx_word' id='word_1_13' title='bbox 1359 563 1415 614; x_wconf 92' lang='lat' dir='ltr'>et</span> <span class='ocrx_word' id='word_1_14' title='bbox 1444 558 1687 630; x_wconf 87' lang='lat' dir='ltr'>pulchra</span> <span class='ocrx_word' id='word_1_15' title='bbox 1716 559 1811 615; x_wconf 90' lang='lat' dir='ltr'>sit.</span> <span class='ocrx_word' id='word_1_16' title='bbox 1848 560 1918 614; x_wconf 89' lang='lat' dir='ltr'>Et</span> <span class='ocrx_word' id='word_1_17' title='bbox 1947 560 2088 615; x_wconf 89' lang='lat' dir='ltr'>dum</span> <span class='ocrx_word' id='word_1_18' title='bbox 2122 559 2536 628; x_wconf 80' lang='lat' dir='ltr'>ambulassem,</span> <span class='ocrx_word' id='word_1_19' title='bbox 2570 558 2911 616; x_wconf 84' lang='lat' dir='ltr'>obdormivi.</span> <span class='ocrx_word' id='word_1_20' title='bbox 2940 558 3005 615; x_wconf 82' lang='lat' dir='ltr'>Et</span> <span class='ocrx_word' id='word_1_21' title='bbox 3030 557 3271 631; x_wconf 80' lang='lat' dir='ltr'>spiritus</span> <span class='ocrx_word' id='word_1_22' title='bbox 3302 574 3393 615; x_wconf 88' lang='lat' dir='ltr'>me</span> <span class='ocrx_word' id='word_1_23' title='bbox 3424 558 3624 631; x_wconf 81' lang='lat' dir='ltr'>rapuit</span> 
     </span>
    </p>
   </div>
   <div class='ocr_carea' id='block_1_4' title="bbox 224 647 3624 721">
    <p class='ocr_par' dir='ltr' id='par_1_4' title="bbox 224 647 3624 721">
     <span class='ocr_line' id='line_1_4' title="bbox 224 647 3624 721; baseline -0.002 -11"><span class='ocrx_word' id='word_1_24' title='bbox 224 656 286 710; x_wconf 90' lang='lat' dir='ltr'>et</span> <span class='ocrx_word' id='word_1_25' title='bbox 313 650 455 707; x_wconf 87' lang='lat' dir='ltr'>tulit</span> <span class='ocrx_word' id='word_1_26' title='bbox 478 666 570 705; x_wconf 90' lang='lat' dir='ltr'>me</span> <span class='ocrx_word' id='word_1_27' title='bbox 599 667 701 721; x_wconf 88' lang='lat' dir='ltr'>per</span> <span class='ocrx_word' id='word_1_28' title='bbox 726 649 1037 721; x_wconf 85' lang='lat' dir='ltr'>quemdam</span> <span class='ocrx_word' id='word_1_29' title='bbox 1072 648 1264 721; x_wconf 80' lang='lat' dir='ltr'>locum</span> <span class='ocrx_word' id='word_1_30' title='bbox 1296 649 1365 703; x_wconf 87' lang='lat' dir='ltr'>ad</span> <span class='ocrx_word' id='word_1_31' title='bbox 1399 649 1718 714; x_wconf 81' lang='lat' dir='ltr'>dexteram,</span> <span class='ocrx_word' id='word_1_32' title='bbox 1752 665 1855 721; x_wconf 91' lang='lat' dir='ltr'>per</span> <span class='ocrx_word' id='word_1_33' title='bbox 1882 666 2051 720; x_wconf 87' lang='lat' dir='ltr'>quem</span> <span class='ocrx_word' id='word_1_34' title='bbox 2086 665 2200 705; x_wconf 90' lang='lat' dir='ltr'>non</span> <span class='ocrx_word' id='word_1_35' title='bbox 2231 654 2455 721; x_wconf 85' lang='lat' dir='ltr'>poterat</span> <span class='ocrx_word' id='word_1_36' title='bbox 2487 651 2658 706; x_wconf 92' lang='lat' dir='ltr'>homo</span> <span class='ocrx_word' id='word_1_37' title='bbox 2689 650 2798 706; x_wconf 90' lang='lat' dir='ltr'>iter</span> <span class='ocrx_word' id='word_1_38' title='bbox 2827 650 3032 705; x_wconf 86' lang='lat' dir='ltr'>facere.</span> <span class='ocrx_word' id='word_1_39' title='bbox 3067 650 3204 704; x_wconf 89' lang='lat' dir='ltr'>Erat</span> <span class='ocrx_word' id='word_1_40' title='bbox 3234 653 3427 704; x_wconf 88' lang='lat' dir='ltr'>autem</span> <span class='ocrx_word' id='word_1_41' title='bbox 3458 647 3624 704; x_wconf 89' lang='lat' dir='ltr'>locus</span> 
     </span>
    </p>
   </div>
   <div class='ocr_carea' id='block_1_5' title="bbox 224 716 3621 811">
    <p class='ocr_par' dir='ltr' id='par_1_5' title="bbox 224 716 3621 811">
     <span class='ocr_line' id='line_1_5' title="bbox 224 716 3621 811; baseline -0 -16"><span class='ocrx_word' id='word_1_42' title='bbox 224 741 326 797; x_wconf 90' lang='lat' dir='ltr'>ille</span> <span class='ocrx_word' id='word_1_43' title='bbox 359 741 416 795; x_wconf 93' lang='lat' dir='ltr'>in</span> <span class='ocrx_word' id='word_1_44' title='bbox 444 716 714 811; x_wconf 82' lang='lat' dir='ltr'>rupibus,</span> <span class='ocrx_word' id='word_1_45' title='bbox 743 716 802 793; x_wconf 77' lang='lat' dir='ltr'>et</span> <span class='ocrx_word' id='word_1_46' title='bbox 835 716 1124 811; x_wconf 53' lang='lat' dir='ltr'>abruptus</span> <span class='ocrx_word' id='word_1_47' title='bbox 1151 738 1283 811; x_wconf 89' lang='lat'>(87),</span> <span class='ocrx_word' id='word_1_48' title='bbox 1317 742 1372 793; x_wconf 89' lang='lat' dir='ltr'>et</span> <span class='ocrx_word' id='word_1_49' title='bbox 1400 737 1591 793; x_wconf 88' lang='lat' dir='ltr'>invius</span> <span class='ocrx_word' id='word_1_50' title='bbox 1620 738 1691 793; x_wconf 91' lang='lat' dir='ltr'>ab</span> <span class='ocrx_word' id='word_1_51' title='bbox 1718 716 1915 808; x_wconf 51' lang='lat' dir='ltr'>aquis:</span> <span class='ocrx_word' id='word_1_52' title='bbox 1936 739 2201 810; x_wconf 87' lang='lat' dir='ltr'>Cumque</span> <span class='ocrx_word' id='word_1_53' title='bbox 2223 716 2567 795; x_wconf 76' lang='lat' dir='ltr'>transissem</span> <span class='ocrx_word' id='word_1_54' title='bbox 2598 739 2789 795; x_wconf 93' lang='lat' dir='ltr'>locum</span> <span class='ocrx_word' id='word_1_55' title='bbox 2822 738 3010 805; x_wconf 92' lang='lat' dir='ltr'>illum,</span> <span class='ocrx_word' id='word_1_56' title='bbox 3033 738 3162 794; x_wconf 85' lang='lat' dir='ltr'>veni</span> <span class='ocrx_word' id='word_1_57' title='bbox 3195 738 3265 793; x_wconf 93' lang='lat' dir='ltr'>ad</span> <span class='ocrx_word' id='word_1_58' title='bbox 3298 738 3621 809; x_wconf 83' lang='lat' dir='ltr'>planitiem,</span> 
     </span>
    </p>
   </div>
   <div class='ocr_carea' id='block_1_6' title="bbox 225 826 3632 902">
    <p class='ocr_par' dir='ltr' id='par_1_6' title="bbox 225 826 3632 902">
     <span class='ocr_line' id='line_1_6' title="bbox 225 826 3632 902; baseline -0.001 -15"><span class='ocrx_word' id='word_1_59' title='bbox 225 835 286 887; x_wconf 88' lang='lat' dir='ltr'>et</span> <span class='ocrx_word' id='word_1_60' title='bbox 314 830 563 902; x_wconf 85' lang='lat' dir='ltr'>genibus</span> <span class='ocrx_word' id='word_1_61' title='bbox 592 828 802 900; x_wconf 84' lang='lat' dir='ltr'>positis</span> <span class='ocrx_word' id='word_1_62' title='bbox 832 827 975 900; x_wconf 69' lang='lat' dir='ltr'>coepi</span> <span class='ocrx_word' id='word_1_63' title='bbox 1005 844 1169 882; x_wconf 89' lang='lat' dir='ltr'>orare</span> <span class='ocrx_word' id='word_1_64' title='bbox 1202 826 1537 894; x_wconf 90' lang='lat' dir='ltr'>Dominum,</span> <span class='ocrx_word' id='word_1_65' title='bbox 1572 831 1627 882; x_wconf 92' lang='lat' dir='ltr'>et</span> <span class='ocrx_word' id='word_1_66' title='bbox 1657 828 1917 883; x_wconf 83' lang='lat' dir='ltr'>conﬁteri</span> <span class='ocrx_word' id='word_1_67' title='bbox 1948 832 2184 900; x_wconf 88' lang='lat' dir='ltr'>peccata</span> <span class='ocrx_word' id='word_1_68' title='bbox 2210 844 2359 883; x_wconf 88' lang='lat' dir='ltr'>mea.</span> <span class='ocrx_word' id='word_1_69' title='bbox 2392 829 2461 884; x_wconf 89' lang='lat' dir='ltr'>Et</span> <span class='ocrx_word' id='word_1_70' title='bbox 2484 834 2683 885; x_wconf 90' lang='lat' dir='ltr'>orante</span> <span class='ocrx_word' id='word_1_71' title='bbox 2713 845 2828 896; x_wconf 90' lang='lat' dir='ltr'>me,</span> <span class='ocrx_word' id='word_1_72' title='bbox 2872 833 3135 900; x_wconf 89' lang='lat' dir='ltr'>apertum</span> <span class='ocrx_word' id='word_1_73' title='bbox 3168 831 3257 882; x_wconf 89' lang='lat' dir='ltr'>est</span> <span class='ocrx_word' id='word_1_74' title='bbox 3282 826 3489 883; x_wconf 84' lang='lat' dir='ltr'>ccelum</span> <span class='ocrx_word' id='word_1_75' title='bbox 3528 846 3541 895; x_wconf 89' lang='lat'><strong>;</strong></span> <span class='ocrx_word' id='word_1_76' title='bbox 3574 832 3632 883; x_wconf 91' lang='lat' dir='ltr'>et</span> 
     </span>
    </p>
   </div>
   <div class='ocr_carea' id='block_1_7' title="bbox 222 915 3625 988">
    <p class='ocr_par' dir='ltr' id='par_1_7' title="bbox 222 915 3625 988">
     <span class='ocr_line' id='line_1_7' title="bbox 222 915 3625 988; baseline -0.001 -14"><span class='ocrx_word' id='word_1_77' title='bbox 222 920 393 974; x_wconf 88' lang='lat' dir='ltr'>video</span> <span class='ocrx_word' id='word_1_78' title='bbox 427 917 732 973; x_wconf 89' lang='lat' dir='ltr'>mulierem</span> <span class='ocrx_word' id='word_1_79' title='bbox 766 933 940 987; x_wconf 92' lang='lat' dir='ltr'>quam</span> <span class='ocrx_word' id='word_1_80' title='bbox 972 917 1438 988; x_wconf 91' lang='lat' dir='ltr'>concupiveram,</span> <span class='ocrx_word' id='word_1_81' title='bbox 1472 915 1818 971; x_wconf 85' lang='lat' dir='ltr'>salutantem</span> <span class='ocrx_word' id='word_1_82' title='bbox 1857 933 1949 972; x_wconf 92' lang='lat' dir='ltr'>me</span> <span class='ocrx_word' id='word_1_83' title='bbox 1995 917 2064 972; x_wconf 91' lang='lat' dir='ltr'>de</span> <span class='ocrx_word' id='word_1_84' title='bbox 2095 916 2256 984; x_wconf 73' lang='lat' dir='ltr'>coelo,</span> <span class='ocrx_word' id='word_1_85' title='bbox 2282 921 2338 971; x_wconf 91' lang='lat' dir='ltr'>et</span> <span class='ocrx_word' id='word_1_86' title='bbox 2366 918 2650 973; x_wconf 83' lang='lat' dir='ltr'>dicentem</span> <span class='ocrx_word' id='word_1_87' title='bbox 2684 935 2697 972; x_wconf 91' lang='lat'><strong>:</strong></span> <span class='ocrx_word' id='word_1_88' title='bbox 2729 919 2956 987; x_wconf 86' lang='lat' dir='ltr'>Herma,</span> <span class='ocrx_word' id='word_1_89' title='bbox 2990 933 3111 972; x_wconf 89' lang='lat' dir='ltr'>ave.</span> <span class='ocrx_word' id='word_1_90' title='bbox 3137 918 3205 972; x_wconf 88' lang='lat' dir='ltr'>Et</span> <span class='ocrx_word' id='word_1_91' title='bbox 3234 933 3338 988; x_wconf 90' lang='lat' dir='ltr'>ego</span> <span class='ocrx_word' id='word_1_92' title='bbox 3395 916 3625 988; x_wconf 92' lang='lat' dir='ltr'>prospi-</span> 
     </span>
    </p>
   </div>
   <div class='ocr_carea' id='block_1_8' title="bbox 227 1004 3627 1078">
    <p class='ocr_par' dir='ltr' id='par_1_8' title="bbox 227 1004 3627 1078">
     <span class='ocr_line' id='line_1_8' title="bbox 227 1004 3627 1078; baseline -0.001 -15"><span class='ocrx_word' id='word_1_93' title='bbox 227 1008 391 1063; x_wconf 91' lang='lat' dir='ltr'>ciens</span> <span class='ocrx_word' id='word_1_94' title='bbox 420 1006 600 1077; x_wconf 86' lang='lat' dir='ltr'>illam,</span> <span class='ocrx_word' id='word_1_95' title='bbox 634 1006 763 1061; x_wconf 91' lang='lat' dir='ltr'>dico</span> <span class='ocrx_word' id='word_1_96' title='bbox 796 1005 844 1060; x_wconf 92' lang='lat' dir='ltr'>ei</span> <span class='ocrx_word' id='word_1_97' title='bbox 880 1004 993 1076; x_wconf 91' lang='lat'>(88)</span> <span class='ocrx_word' id='word_1_98' title='bbox 1028 1021 1040 1058; x_wconf 89' lang='lat'>:</span> <span class='ocrx_word' id='word_1_99' title='bbox 1081 1005 1340 1069; x_wconf 91' lang='lat' dir='ltr'>Domina,</span> <span class='ocrx_word' id='word_1_100' title='bbox 1374 1004 1514 1075; x_wconf 93' lang='lat' dir='ltr'>quid</span> <span class='ocrx_word' id='word_1_101' title='bbox 1547 1008 1609 1059; x_wconf 92' lang='lat' dir='ltr'>tu</span> <span class='ocrx_word' id='word_1_102' title='bbox 1638 1004 1732 1059; x_wconf 92' lang='lat' dir='ltr'>hic</span> <span class='ocrx_word' id='word_1_103' title='bbox 1764 1005 1905 1060; x_wconf 85' lang='lat' dir='ltr'>facis</span> <span class='ocrx_word' id='word_1_104' title='bbox 1930 1004 1957 1058; x_wconf 58' lang='grc' dir='ltr'><em>δῖ</em></span> <span class='ocrx_word' id='word_1_105' title='bbox 1986 1006 2057 1060; x_wconf 85' lang='lat' dir='ltr'>At</span> <span class='ocrx_word' id='word_1_106' title='bbox 2087 1005 2182 1061; x_wconf 89' lang='lat' dir='ltr'>illa</span> <span class='ocrx_word' id='word_1_107' title='bbox 2212 1006 2512 1078; x_wconf 81' lang='lat' dir='ltr'>respondit</span> <span class='ocrx_word' id='word_1_108' title='bbox 2542 1005 2685 1060; x_wconf 90' lang='lat' dir='ltr'>mihi</span> <span class='ocrx_word' id='word_1_109' title='bbox 2720 1023 2731 1059; x_wconf 92' lang='lat'>:</span> <span class='ocrx_word' id='word_1_110' title='bbox 2765 1006 3014 1077; x_wconf 86' lang='lat' dir='ltr'>Recepta</span> <span class='ocrx_word' id='word_1_111' title='bbox 3070 1023 3202 1060; x_wconf 92' lang='lat' dir='ltr'>sum</span> <span class='ocrx_word' id='word_1_112' title='bbox 3232 1006 3344 1075; x_wconf 88' lang='lat'>(89)</span> <span class='ocrx_word' id='word_1_113' title='bbox 3374 1006 3485 1060; x_wconf 88' lang='lat' dir='ltr'>huc</span> <span class='ocrx_word' id='word_1_114' title='bbox 3514 1006 3627 1076; x_wconf 91' lang='lat'>(90)</span> 
     </span>
    </p>
   </div>
   <div class='ocr_carea' id='block_1_9' title="bbox 226 1094 3627 1169">
    <p class='ocr_par' dir='ltr' id='par_1_9' title="bbox 226 1094 3627 1169">
     <span class='ocr_line' id='line_1_9' title="bbox 226 1094 3627 1169; baseline -0.001 -17"><span class='ocrx_word' id='word_1_115' title='bbox 226 1101 295 1152; x_wconf 91' lang='lat' dir='ltr'>ut</span> <span class='ocrx_word' id='word_1_116' title='bbox 325 1100 559 1169; x_wconf 90' lang='lat' dir='ltr'>peccata</span> <span class='ocrx_word' id='word_1_117' title='bbox 588 1100 688 1149; x_wconf 91' lang='lat' dir='ltr'>tua</span> <span class='ocrx_word' id='word_1_118' title='bbox 718 1110 959 1167; x_wconf 88' lang='lat' dir='ltr'>arguam</span> <span class='ocrx_word' id='word_1_119' title='bbox 991 1095 1143 1166; x_wconf 90' lang='lat' dir='ltr'>apud</span> <span class='ocrx_word' id='word_1_120' title='bbox 1182 1094 1516 1149; x_wconf 88' lang='lat' dir='ltr'>Dominum.</span> <span class='ocrx_word' id='word_1_121' title='bbox 1552 1094 1817 1161; x_wconf 90' lang='lat' dir='ltr'>Domina,</span> <span class='ocrx_word' id='word_1_122' title='bbox 1852 1096 2116 1166; x_wconf 89' lang='lat' dir='ltr'>inquam,</span> <span class='ocrx_word' id='word_1_123' title='bbox 2151 1112 2291 1149; x_wconf 88' lang='lat' dir='ltr'>num</span> <span class='ocrx_word' id='word_1_124' title='bbox 2328 1099 2389 1150; x_wconf 91' lang='lat' dir='ltr'>tu</span> <span class='ocrx_word' id='word_1_125' title='bbox 2424 1112 2516 1149; x_wconf 91' lang='lat' dir='ltr'>me</span> <span class='ocrx_word' id='word_1_126' title='bbox 2559 1111 2767 1166; x_wconf 87' lang='lat' dir='ltr'>argues</span> <span class='ocrx_word' id='word_1_127' title='bbox 2792 1095 2819 1148; x_wconf 88' lang='lat'><strong>?</strong></span> <span class='ocrx_word' id='word_1_128' title='bbox 2849 1095 2998 1160; x_wconf 92' lang='lat' dir='ltr'>Non,</span> <span class='ocrx_word' id='word_1_129' title='bbox 3049 1095 3260 1166; x_wconf 86' lang='lat' dir='ltr'>inquit.</span> <span class='ocrx_word' id='word_1_130' title='bbox 3319 1096 3428 1149; x_wconf 88' lang='lat' dir='ltr'>Sed</span> <span class='ocrx_word' id='word_1_131' title='bbox 3488 1095 3627 1150; x_wconf 88' lang='lat' dir='ltr'>audi</span> 
     </span>
    </p>
   </div>
   <div class='ocr_carea' id='block_1_10' title="bbox 226 1182 3633 1255">
    <p class='ocr_par' dir='ltr' id='par_1_10' title="bbox 226 1182 3633 1255">
     <span class='ocr_line' id='line_1_10' title="bbox 226 1182 3633 1255; baseline -0.001 -14"><span class='ocrx_word' id='word_1_132' title='bbox 226 1186 425 1252; x_wconf 88' lang='lat' dir='ltr'>verba,</span> <span class='ocrx_word' id='word_1_133' title='bbox 457 1201 584 1255; x_wconf 68' lang='lat' dir='ltr'>quae</span> <span class='ocrx_word' id='word_1_134' title='bbox 621 1182 731 1239; x_wconf 89' lang='lat' dir='ltr'>tibi</span> <span class='ocrx_word' id='word_1_135' title='bbox 765 1184 994 1238; x_wconf 89' lang='lat' dir='ltr'>dictura</span> <span class='ocrx_word' id='word_1_136' title='bbox 1025 1200 1158 1238; x_wconf 90' lang='lat' dir='ltr'>sum</span> <span class='ocrx_word' id='word_1_137' title='bbox 1191 1185 1321 1253; x_wconf 90' lang='grc'>(91).</span> <span class='ocrx_word' id='word_1_138' title='bbox 1357 1183 1511 1237; x_wconf 91' lang='lat' dir='ltr'>Deus</span> <span class='ocrx_word' id='word_1_139' title='bbox 1542 1183 1641 1254; x_wconf 87' lang='lat' dir='ltr'>qui</span> <span class='ocrx_word' id='word_1_140' title='bbox 1675 1183 1730 1237; x_wconf 90' lang='lat' dir='ltr'>in</span> <span class='ocrx_word' id='word_1_141' title='bbox 1764 1183 1921 1238; x_wconf 76' lang='lat' dir='ltr'>coelis</span> <span class='ocrx_word' id='word_1_142' title='bbox 1952 1184 2196 1251; x_wconf 87' lang='lat' dir='ltr'>habitat,</span> <span class='ocrx_word' id='word_1_143' title='bbox 2227 1189 2283 1239; x_wconf 91' lang='lat' dir='ltr'>et</span> <span class='ocrx_word' id='word_1_144' title='bbox 2313 1184 2572 1240; x_wconf 87' lang='lat' dir='ltr'>condidit</span> <span class='ocrx_word' id='word_1_145' title='bbox 2606 1202 2674 1239; x_wconf 85' lang='lat' dir='ltr'>ex</span> <span class='ocrx_word' id='word_1_146' title='bbox 2722 1183 2901 1239; x_wconf 87' lang='lat' dir='ltr'>nihilo</span> <span class='ocrx_word' id='word_1_147' title='bbox 2933 1200 3000 1238; x_wconf 88' lang='lat' dir='ltr'>ea</span> <span class='ocrx_word' id='word_1_148' title='bbox 3030 1200 3156 1255; x_wconf 74' lang='lat' dir='ltr'>quas</span> <span class='ocrx_word' id='word_1_149' title='bbox 3217 1188 3354 1238; x_wconf 90' lang='lat' dir='ltr'>sunt</span> <span class='ocrx_word' id='word_1_150' title='bbox 3410 1184 3541 1255; x_wconf 76' lang='grc'>(92),</span> <span class='ocrx_word' id='word_1_151' title='bbox 3575 1186 3633 1238; x_wconf 90' lang='lat' dir='ltr'>et</span> 
     </span>
    </p>
   </div>
   <div class='ocr_carea' id='block_1_11' title="bbox 229 1271 3628 1345">
    <p class='ocr_par' dir='ltr' id='par_1_11' title="bbox 229 1271 3628 1345">
     <span class='ocr_line' id='line_1_11' title="bbox 229 1271 3628 1345; baseline -0.001 -15"><span class='ocrx_word' id='word_1_152' title='bbox 229 1273 644 1345; x_wconf 88' lang='lat' dir='ltr'>multiplicavit</span> <span class='ocrx_word' id='word_1_153' title='bbox 673 1276 908 1344; x_wconf 86' lang='lat' dir='ltr'>propter</span> <span class='ocrx_word' id='word_1_154' title='bbox 934 1277 1198 1328; x_wconf 87' lang='lat' dir='ltr'>sanctam</span> <span class='ocrx_word' id='word_1_155' title='bbox 1230 1271 1543 1327; x_wconf 89' lang='lat' dir='ltr'>Ecolesiam</span> <span class='ocrx_word' id='word_1_156' title='bbox 1577 1289 1767 1340; x_wconf 90' lang='lat' dir='ltr'>suam,</span> <span class='ocrx_word' id='word_1_157' title='bbox 1799 1273 2070 1327; x_wconf 85' lang='lat' dir='ltr'>irascitur</span> <span class='ocrx_word' id='word_1_158' title='bbox 2101 1273 2205 1327; x_wconf 88' lang='lat' dir='ltr'>tibi</span> <span class='ocrx_word' id='word_1_159' title='bbox 2239 1274 2515 1344; x_wconf 90' lang='lat' dir='ltr'>quoniam</span> <span class='ocrx_word' id='word_1_160' title='bbox 2550 1272 2801 1344; x_wconf 86' lang='lat' dir='ltr'>peccasti</span> <span class='ocrx_word' id='word_1_161' title='bbox 2830 1272 2889 1327; x_wconf 91' lang='lat' dir='ltr'>in</span> <span class='ocrx_word' id='word_1_162' title='bbox 2946 1288 3058 1327; x_wconf 90' lang='lat' dir='ltr'>me.</span> <span class='ocrx_word' id='word_1_163' title='bbox 3092 1272 3470 1343; x_wconf 82' lang='lat' dir='ltr'>Respondeas</span> <span class='ocrx_word' id='word_1_164' title='bbox 3500 1272 3628 1327; x_wconf 92' lang='lat' dir='ltr'>dico</span> 
     </span>
    </p>
   </div>
   <div class='ocr_carea' id='block_1_12' title="bbox 227 1360 3630 1433">
    <p class='ocr_par' dir='ltr' id='par_1_12' title="bbox 227 1360 3630 1433">
     <span class='ocr_line' id='line_1_12' title="bbox 227 1360 3630 1433; baseline -0.001 -14"><span class='ocrx_word' id='word_1_165' title='bbox 227 1364 281 1419; x_wconf 90' lang='lat' dir='ltr'>ei</span> <span class='ocrx_word' id='word_1_166' title='bbox 315 1379 329 1419; x_wconf 91' lang='lat'><strong>:</strong></span> <span class='ocrx_word' id='word_1_167' title='bbox 360 1363 627 1429; x_wconf 90' lang='lat' dir='ltr'>Domina,</span> <span class='ocrx_word' id='word_1_168' title='bbox 661 1362 710 1417; x_wconf 92' lang='lat' dir='ltr'>si</span> <span class='ocrx_word' id='word_1_169' title='bbox 742 1362 801 1415; x_wconf 88' lang='lat' dir='ltr'>in</span> <span class='ocrx_word' id='word_1_170' title='bbox 836 1365 889 1417; x_wconf 87' lang='lat' dir='ltr'>te</span> <span class='ocrx_word' id='word_1_171' title='bbox 918 1377 1023 1433; x_wconf 87' lang='lat' dir='ltr'>ego</span> <span class='ocrx_word' id='word_1_172' title='bbox 1048 1360 1303 1433; x_wconf 87' lang='lat' dir='ltr'>peccavi,</span> <span class='ocrx_word' id='word_1_173' title='bbox 1334 1360 1455 1427; x_wconf 91' lang='lat' dir='ltr'>ubi,</span> <span class='ocrx_word' id='word_1_174' title='bbox 1489 1364 1592 1416; x_wconf 89' lang='lat' dir='ltr'>aut</span> <span class='ocrx_word' id='word_1_175' title='bbox 1624 1378 1737 1432; x_wconf 90' lang='lat' dir='ltr'>quo</span> <span class='ocrx_word' id='word_1_176' title='bbox 1769 1360 1827 1415; x_wconf 91' lang='lat' dir='ltr'>in</span> <span class='ocrx_word' id='word_1_177' title='bbox 1862 1361 2006 1428; x_wconf 92' lang='lat' dir='ltr'>loco,</span> <span class='ocrx_word' id='word_1_178' title='bbox 2042 1366 2145 1417; x_wconf 87' lang='lat' dir='ltr'>aut</span> <span class='ocrx_word' id='word_1_179' title='bbox 2174 1363 2409 1433; x_wconf 88' lang='lat' dir='ltr'>quando</span> <span class='ocrx_word' id='word_1_180' title='bbox 2439 1361 2542 1417; x_wconf 89' lang='lat' dir='ltr'>tibi</span> <span class='ocrx_word' id='word_1_181' title='bbox 2584 1366 2752 1433; x_wconf 90' lang='lat' dir='ltr'>turpe</span> <span class='ocrx_word' id='word_1_182' title='bbox 2808 1362 3049 1416; x_wconf 84' lang='lat' dir='ltr'>verbum</span> <span class='ocrx_word' id='word_1_183' title='bbox 3110 1361 3343 1432; x_wconf 89' lang='lat' dir='ltr'>aliquod</span> <span class='ocrx_word' id='word_1_184' title='bbox 3400 1361 3630 1415; x_wconf 89' lang='lat' dir='ltr'>locutus</span> 
     </span>
    </p>
   </div>
   <div class='ocr_carea' id='block_1_13' title="bbox 231 1450 3635 1522">
    <p class='ocr_par' dir='ltr' id='par_1_13' title="bbox 231 1450 3635 1522">
     <span class='ocr_line' id='line_1_13' title="bbox 231 1450 3635 1522; baseline -0.001 -14"><span class='ocrx_word' id='word_1_185' title='bbox 231 1469 368 1508; x_wconf 89' lang='lat' dir='ltr'>sum</span> <span class='ocrx_word' id='word_1_186' title='bbox 400 1452 429 1505; x_wconf 85' lang='lat'><strong>?</strong></span> <span class='ocrx_word' id='word_1_187' title='bbox 457 1451 663 1506; x_wconf 90' lang='lat' dir='ltr'>Nonne</span> <span class='ocrx_word' id='word_1_188' title='bbox 690 1466 921 1522; x_wconf 85' lang='lat' dir='ltr'>semper</span> <span class='ocrx_word' id='word_1_189' title='bbox 950 1454 1005 1505; x_wconf 92' lang='lat' dir='ltr'>te</span> <span class='ocrx_word' id='word_1_190' title='bbox 1037 1450 1204 1521; x_wconf 90' lang='lat' dir='ltr'>quasi</span> <span class='ocrx_word' id='word_1_191' title='bbox 1238 1450 1535 1505; x_wconf 89' lang='lat' dir='ltr'>dominam</span> <span class='ocrx_word' id='word_1_192' title='bbox 1568 1451 1888 1505; x_wconf 89' lang='lat' dir='ltr'>arbitratus</span> <span class='ocrx_word' id='word_1_193' title='bbox 1926 1467 2057 1505; x_wconf 91' lang='lat' dir='ltr'>sum</span> <span class='ocrx_word' id='word_1_194' title='bbox 2093 1451 2204 1522; x_wconf 80' lang='lat'>(93)</span> <span class='ocrx_word' id='word_1_195' title='bbox 2234 1451 2260 1505; x_wconf 86' lang='lat'><strong>?</strong></span> <span class='ocrx_word' id='word_1_196' title='bbox 2290 1451 2489 1505; x_wconf 89' lang='lat' dir='ltr'>Nonne</span> <span class='ocrx_word' id='word_1_197' title='bbox 2522 1467 2751 1522; x_wconf 86' lang='lat' dir='ltr'>semper</span> <span class='ocrx_word' id='word_1_198' title='bbox 2786 1454 2843 1506; x_wconf 87' lang='lat' dir='ltr'>te</span> <span class='ocrx_word' id='word_1_199' title='bbox 2865 1451 3145 1505; x_wconf 85' lang='lat' dir='ltr'>reveritus</span> <span class='ocrx_word' id='word_1_200' title='bbox 3201 1466 3332 1505; x_wconf 92' lang='lat' dir='ltr'>sum</span> <span class='ocrx_word' id='word_1_201' title='bbox 3363 1450 3518 1505; x_wconf 87' lang='lat' dir='ltr'>velut</span> <span class='ocrx_word' id='word_1_202' title='bbox 3546 1467 3635 1505; x_wconf 88' lang='lat' dir='ltr'>so-</span> 
     </span>
    </p>
   </div>
   <div class='ocr_carea' id='block_1_14' title="bbox 234 1538 3631 1611">
    <p class='ocr_par' dir='ltr' id='par_1_14' title="bbox 234 1538 3631 1611">
     <span class='ocr_line' id='line_1_14' title="bbox 234 1538 3631 1611; baseline -0.001 -14"><span class='ocrx_word' id='word_1_203' title='bbox 234 1556 427 1597; x_wconf 86' lang='lat' dir='ltr'>rorem</span> <span class='ocrx_word' id='word_1_204' title='bbox 458 1540 486 1594; x_wconf 85' lang='lat'><strong>?</strong></span> <span class='ocrx_word' id='word_1_205' title='bbox 512 1539 658 1603; x_wconf 89' lang='lat' dir='ltr'>Quid</span> <span class='ocrx_word' id='word_1_206' title='bbox 708 1539 768 1593; x_wconf 90' lang='lat' dir='ltr'>in</span> <span class='ocrx_word' id='word_1_207' title='bbox 815 1556 907 1594; x_wconf 89' lang='lat' dir='ltr'>me</span> <span class='ocrx_word' id='word_1_208' title='bbox 949 1538 1414 1594; x_wconf 89' lang='lat' dir='ltr'>comminisceris</span> <span class='ocrx_word' id='word_1_209' title='bbox 1444 1540 1554 1611; x_wconf 86' lang='grc'>(94)</span> <span class='ocrx_word' id='word_1_210' title='bbox 1601 1539 1721 1593; x_wconf 71' lang='grc' dir='ltr'>Ι]ωο</span> <span class='ocrx_word' id='word_1_211' title='bbox 1751 1542 1872 1593; x_wconf 88' lang='lat' dir='ltr'>tam</span> <span class='ocrx_word' id='word_1_212' title='bbox 1931 1540 2179 1595; x_wconf 85' lang='lat' dir='ltr'>nefanda</span> <span class='ocrx_word' id='word_1_213' title='bbox 2206 1540 2233 1593; x_wconf 73' lang='lat' dir='ltr'>‘l</span> <span class='ocrx_word' id='word_1_214' title='bbox 2263 1541 2426 1596; x_wconf 90' lang='lat' dir='ltr'>Tunc</span> <span class='ocrx_word' id='word_1_215' title='bbox 2456 1539 2556 1594; x_wconf 92' lang='lat' dir='ltr'>illa</span> <span class='ocrx_word' id='word_1_216' title='bbox 2585 1539 2847 1595; x_wconf 91' lang='lat' dir='ltr'>arridens</span> <span class='ocrx_word' id='word_1_217' title='bbox 2878 1539 3044 1607; x_wconf 88' lang='lat' dir='ltr'>mihi,</span> <span class='ocrx_word' id='word_1_218' title='bbox 3078 1539 3159 1594; x_wconf 89' lang='lat' dir='ltr'>ait</span> <span class='ocrx_word' id='word_1_219' title='bbox 3189 1556 3201 1592; x_wconf 87' lang='lat'>:</span> <span class='ocrx_word' id='word_1_220' title='bbox 3238 1541 3299 1593; x_wconf 91' lang='lat' dir='ltr'>In</span> <span class='ocrx_word' id='word_1_221' title='bbox 3331 1539 3500 1594; x_wconf 89' lang='lat' dir='ltr'>corde</span> <span class='ocrx_word' id='word_1_222' title='bbox 3529 1544 3631 1594; x_wconf 92' lang='lat' dir='ltr'>tuo</span> 
     </span>
    </p>
   </div>
   <div class='ocr_carea' id='block_1_15' title="bbox 230 1627 3624 1699">
    <p class='ocr_par' dir='ltr' id='par_1_15' title="bbox 230 1627 3624 1699">
     <span class='ocr_line' id='line_1_15' title="bbox 230 1627 3624 1699; baseline -0.001 -13"><span class='ocrx_word' id='word_1_223' title='bbox 230 1628 495 1686; x_wconf 86' lang='lat' dir='ltr'>ascendit</span> <span class='ocrx_word' id='word_1_224' title='bbox 524 1627 996 1698; x_wconf 89' lang='lat' dir='ltr'>concupiscentia</span> <span class='ocrx_word' id='word_1_225' title='bbox 1029 1627 1322 1697; x_wconf 76' lang='lat' dir='ltr'>nequitiae.</span> <span class='ocrx_word' id='word_1_226' title='bbox 1358 1635 1567 1682; x_wconf 81' lang='lat' dir='ltr'>Annon</span> <span class='ocrx_word' id='word_1_227' title='bbox 1599 1628 1711 1698; x_wconf 84' lang='lat'>(95)</span> <span class='ocrx_word' id='word_1_228' title='bbox 1744 1627 1975 1682; x_wconf 90' lang='lat' dir='ltr'>videtur</span> <span class='ocrx_word' id='word_1_229' title='bbox 2005 1628 2132 1693; x_wconf 89' lang='lat' dir='ltr'>tibi,</span> <span class='ocrx_word' id='word_1_230' title='bbox 2165 1628 2288 1684; x_wconf 87' lang='lat' dir='ltr'>viro</span> <span class='ocrx_word' id='word_1_231' title='bbox 2310 1631 2476 1699; x_wconf 84' lang='lat' dir='ltr'>justo</span> <span class='ocrx_word' id='word_1_232' title='bbox 2507 1645 2627 1683; x_wconf 93' lang='lat' dir='ltr'>rem</span> <span class='ocrx_word' id='word_1_233' title='bbox 2659 1628 2923 1699; x_wconf 89' lang='lat' dir='ltr'>iniquam</span> <span class='ocrx_word' id='word_1_234' title='bbox 2964 1628 3074 1699; x_wconf 90' lang='lat'>(96)</span> <span class='ocrx_word' id='word_1_235' title='bbox 3106 1644 3252 1697; x_wconf 89' lang='lat' dir='ltr'>esse,</span> <span class='ocrx_word' id='word_1_236' title='bbox 3314 1628 3362 1683; x_wconf 90' lang='lat' dir='ltr'>si</span> <span class='ocrx_word' id='word_1_237' title='bbox 3422 1643 3624 1683; x_wconf 90' lang='lat' dir='ltr'>ascen-</span> 
     </span>
    </p>
   </div>
   <div class='ocr_carea' id='block_1_16' title="bbox 230 1715 3635 1789">
    <p class='ocr_par' dir='ltr' id='par_1_16' title="bbox 230 1715 3635 1789">
     <span class='ocr_line' id='line_1_16' title="bbox 230 1715 3635 1789; baseline -0 -16"><span class='ocrx_word' id='word_1_238' title='bbox 230 1717 383 1773; x_wconf 89' lang='lat' dir='ltr'>derit</span> <span class='ocrx_word' id='word_1_239' title='bbox 433 1718 491 1772; x_wconf 89' lang='lat' dir='ltr'>iu</span> <span class='ocrx_word' id='word_1_240' title='bbox 543 1717 715 1772; x_wconf 90' lang='lat' dir='ltr'>corde</span> <span class='ocrx_word' id='word_1_241' title='bbox 755 1716 867 1787; x_wconf 86' lang='lat'>(97)</span> <span class='ocrx_word' id='word_1_242' title='bbox 922 1716 1077 1771; x_wconf 89' lang='lat' dir='ltr'>mala</span> <span class='ocrx_word' id='word_1_243' title='bbox 1116 1715 1591 1787; x_wconf 83' lang='lat' dir='ltr'>concupiscentia</span> <span class='ocrx_word' id='word_1_244' title='bbox 1620 1716 1647 1769; x_wconf 85' lang='lat'><strong>?</strong></span> <span class='ocrx_word' id='word_1_245' title='bbox 1678 1716 1983 1772; x_wconf 89' lang='lat' dir='ltr'>Peccatum</span> <span class='ocrx_word' id='word_1_246' title='bbox 2034 1722 2122 1773; x_wconf 91' lang='lat' dir='ltr'>est</span> <span class='ocrx_word' id='word_1_247' title='bbox 2171 1718 2242 1785; x_wconf 90' lang='lat' dir='ltr'>ei,</span> <span class='ocrx_word' id='word_1_248' title='bbox 2290 1723 2348 1772; x_wconf 89' lang='lat' dir='ltr'>et</span> <span class='ocrx_word' id='word_1_249' title='bbox 2393 1717 2631 1789; x_wconf 89' lang='lat' dir='ltr'>quidem</span> <span class='ocrx_word' id='word_1_250' title='bbox 2662 1718 2902 1789; x_wconf 84' lang='lat' dir='ltr'>grande.</span> <span class='ocrx_word' id='word_1_251' title='bbox 2935 1717 3143 1772; x_wconf 88' lang='lat' dir='ltr'>Justus</span> <span class='ocrx_word' id='word_1_252' title='bbox 3174 1715 3326 1771; x_wconf 92' lang='lat' dir='ltr'>enim</span> <span class='ocrx_word' id='word_1_253' title='bbox 3358 1716 3446 1770; x_wconf 90' lang='lat' dir='ltr'>vir</span> <span class='ocrx_word' id='word_1_254' title='bbox 3468 1717 3635 1787; x_wconf 90' lang='lat' dir='ltr'>justa</span> 
     </span>
    </p>
   </div>
   <div class='ocr_carea' id='block_1_17' title="bbox 231 1804 3626 1879">
    <p class='ocr_par' dir='ltr' id='par_1_17' title="bbox 231 1804 3626 1879">
     <span class='ocr_line' id='line_1_17' title="bbox 231 1804 3626 1879; baseline -0 -18"><span class='ocrx_word' id='word_1_255' title='bbox 231 1806 472 1879; x_wconf 85' lang='lat' dir='ltr'>cogitat.</span> <span class='ocrx_word' id='word_1_256' title='bbox 505 1806 805 1878; x_wconf 87' lang='lat' dir='ltr'>Cogitante</span> <span class='ocrx_word' id='word_1_257' title='bbox 834 1821 970 1877; x_wconf 88' lang='lat' dir='ltr'>ergo</span> <span class='ocrx_word' id='word_1_258' title='bbox 1000 1804 1098 1861; x_wconf 89' lang='lat' dir='ltr'>illo</span> <span class='ocrx_word' id='word_1_259' title='bbox 1129 1822 1256 1876; x_wconf 66' lang='lat' dir='ltr'>quae</span> <span class='ocrx_word' id='word_1_260' title='bbox 1270 1806 1430 1875; x_wconf 86' lang='lat' dir='ltr'>justa</span> <span class='ocrx_word' id='word_1_261' title='bbox 1460 1809 1620 1875; x_wconf 87' lang='lat' dir='ltr'>sunt,</span> <span class='ocrx_word' id='word_1_262' title='bbox 1654 1810 1709 1860; x_wconf 91' lang='lat' dir='ltr'>et</span> <span class='ocrx_word' id='word_1_263' title='bbox 1749 1810 1902 1861; x_wconf 88' lang='lat' dir='ltr'>recte</span> <span class='ocrx_word' id='word_1_264' title='bbox 1933 1822 1997 1861; x_wconf 92' lang='lat' dir='ltr'>eo</span> <span class='ocrx_word' id='word_1_265' title='bbox 2027 1806 2350 1873; x_wconf 85' lang='lat' dir='ltr'>incedente,</span> <span class='ocrx_word' id='word_1_266' title='bbox 2382 1806 2439 1860; x_wconf 92' lang='lat' dir='ltr'>in</span> <span class='ocrx_word' id='word_1_267' title='bbox 2472 1806 2631 1862; x_wconf 77' lang='lat' dir='ltr'>cmlis</span> <span class='ocrx_word' id='word_1_268' title='bbox 2664 1805 2975 1877; x_wconf 90' lang='lat' dir='ltr'>pr0pitium</span> <span class='ocrx_word' id='word_1_269' title='bbox 3038 1805 3272 1861; x_wconf 86' lang='lat' dir='ltr'>habebit</span> <span class='ocrx_word' id='word_1_270' title='bbox 3310 1805 3626 1860; x_wconf 88' lang='lat' dir='ltr'>Dominum</span> 
     </span>
    </p>
   </div>
   <div class='ocr_carea' id='block_1_18' title="bbox 231 1893 3631 1966">
    <p class='ocr_par' dir='ltr' id='par_1_18' title="bbox 231 1893 3631 1966">
     <span class='ocr_line' id='line_1_18' title="bbox 231 1893 3631 1966; baseline -0.001 -16"><span class='ocrx_word' id='word_1_271' title='bbox 231 1896 293 1950; x_wconf 92' lang='lat' dir='ltr'>in</span> <span class='ocrx_word' id='word_1_272' title='bbox 325 1894 486 1951; x_wconf 91' lang='lat' dir='ltr'>omni</span> <span class='ocrx_word' id='word_1_273' title='bbox 509 1894 741 1966; x_wconf 90' lang='lat' dir='ltr'>negotio</span> <span class='ocrx_word' id='word_1_274' title='bbox 774 1910 902 1950; x_wconf 89' lang='lat' dir='ltr'>suo.</span> <span class='ocrx_word' id='word_1_275' title='bbox 929 1893 1037 1957; x_wconf 86' lang='lat' dir='ltr'>Qui</span> <span class='ocrx_word' id='word_1_276' title='bbox 1067 1898 1263 1948; x_wconf 89' lang='lat' dir='ltr'>autem</span> <span class='ocrx_word' id='word_1_277' title='bbox 1293 1893 1543 1949; x_wconf 85' lang='lat' dir='ltr'>nefanda</span> <span class='ocrx_word' id='word_1_278' title='bbox 1560 1893 1818 1964; x_wconf 83' lang='lat' dir='ltr'>cogitant</span> <span class='ocrx_word' id='word_1_279' title='bbox 1838 1894 1897 1948; x_wconf 92' lang='lat' dir='ltr'>in</span> <span class='ocrx_word' id='word_1_280' title='bbox 1928 1895 2205 1950; x_wconf 89' lang='lat' dir='ltr'>cordibus</span> <span class='ocrx_word' id='word_1_281' title='bbox 2235 1895 2630 1960; x_wconf 90' lang='lat' dir='ltr'>suis,mortem</span> <span class='ocrx_word' id='word_1_282' title='bbox 2654 1900 2710 1950; x_wconf 88' lang='lat' dir='ltr'>et</span> <span class='ocrx_word' id='word_1_283' title='bbox 2730 1894 3121 1965; x_wconf 84' lang='lat' dir='ltr'>captivitatem</span> <span class='ocrx_word' id='word_1_284' title='bbox 3144 1898 3459 1949; x_wconf 90' lang='lat' dir='ltr'>assumunt</span> <span class='ocrx_word' id='word_1_285' title='bbox 3489 1893 3631 1965; x_wconf 87' lang='lat'>(98);</span> 
     </span>
    </p>
   </div>
   <div class='ocr_carea' id='block_1_19' title="bbox 231 1981 3632 2055">
    <p class='ocr_par' dir='ltr' id='par_1_19' title="bbox 231 1981 3632 2055">
     <span class='ocr_line' id='line_1_19' title="bbox 231 1981 3632 2055; baseline -0.001 -16"><span class='ocrx_word' id='word_1_286' title='bbox 231 1984 484 2040; x_wconf 86' lang='lat' dir='ltr'>maxime</span> <span class='ocrx_word' id='word_1_287' title='bbox 504 1983 545 2038; x_wconf 92' lang='lat' dir='ltr'>ii</span> <span class='ocrx_word' id='word_1_288' title='bbox 577 1983 676 2055; x_wconf 90' lang='lat' dir='ltr'>qui</span> <span class='ocrx_word' id='word_1_289' title='bbox 706 1982 989 2039; x_wconf 60' lang='lat' dir='ltr'>saeculum</span> <span class='ocrx_word' id='word_1_290' title='bbox 1024 1982 1132 2038; x_wconf 90' lang='lat' dir='ltr'>hoc</span> <span class='ocrx_word' id='word_1_291' title='bbox 1165 1981 1435 2054; x_wconf 89' lang='lat' dir='ltr'>diligunt,</span> <span class='ocrx_word' id='word_1_292' title='bbox 1471 1986 1527 2037; x_wconf 92' lang='lat' dir='ltr'>et</span> <span class='ocrx_word' id='word_1_293' title='bbox 1556 1981 1887 2054; x_wconf 85' lang='lat' dir='ltr'>gloriantur</span> <span class='ocrx_word' id='word_1_294' title='bbox 1916 1985 1970 2037; x_wconf 90' lang='lat' dir='ltr'>in</span> <span class='ocrx_word' id='word_1_295' title='bbox 2007 1983 2224 2038; x_wconf 88' lang='lat' dir='ltr'>divitiis</span> <span class='ocrx_word' id='word_1_296' title='bbox 2265 1985 2388 2039; x_wconf 88' lang='lat' dir='ltr'>suis</span> <span class='ocrx_word' id='word_1_297' title='bbox 2423 2003 2435 2053; x_wconf 92' lang='lat'><strong>;</strong></span> <span class='ocrx_word' id='word_1_298' title='bbox 2470 1988 2527 2039; x_wconf 90' lang='lat' dir='ltr'>et</span> <span class='ocrx_word' id='word_1_299' title='bbox 2556 1983 2657 2055; x_wconf 88' lang='lat' dir='ltr'>qui</span> <span class='ocrx_word' id='word_1_300' title='bbox 2711 2001 2825 2039; x_wconf 90' lang='lat' dir='ltr'>non</span> <span class='ocrx_word' id='word_1_301' title='bbox 2859 1987 3193 2055; x_wconf 86' lang='lat' dir='ltr'>exspectant</span> <span class='ocrx_word' id='word_1_302' title='bbox 3224 1983 3419 2038; x_wconf 88' lang='lat' dir='ltr'>futura</span> <span class='ocrx_word' id='word_1_303' title='bbox 3452 1982 3632 2051; x_wconf 90' lang='lat' dir='ltr'>bona,</span> 
     </span>
    </p>
   </div>
   <div class='ocr_carea' id='block_1_20' title="bbox 234 2072 3633 2145">
    <p class='ocr_par' dir='ltr' id='par_1_20' title="bbox 234 2072 3633 2145">
     <span class='ocr_line' id='line_1_20' title="bbox 234 2072 3633 2145; baseline -0.001 -17"><span class='ocrx_word' id='word_1_304' title='bbox 234 2077 559 2129; x_wconf 89' lang='lat' dir='ltr'>vacuantur</span> <span class='ocrx_word' id='word_1_305' title='bbox 587 2072 700 2142; x_wconf 86' lang='lat'>(99)</span> <span class='ocrx_word' id='word_1_306' title='bbox 732 2072 938 2128; x_wconf 66' lang='lat' dir='ltr'>animae</span> <span class='ocrx_word' id='word_1_307' title='bbox 973 2087 1195 2127; x_wconf 90' lang='lat' dir='ltr'>eorum.</span> <span class='ocrx_word' id='word_1_308' title='bbox 1230 2072 1361 2127; x_wconf 68' lang='lat' dir='ltr'>Haec</span> <span class='ocrx_word' id='word_1_309' title='bbox 1392 2076 1586 2127; x_wconf 89' lang='lat' dir='ltr'>autem</span> <span class='ocrx_word' id='word_1_310' title='bbox 1621 2072 1841 2127; x_wconf 84' lang='lat' dir='ltr'>faciunt</span> <span class='ocrx_word' id='word_1_311' title='bbox 1870 2072 2033 2127; x_wconf 92' lang='lat' dir='ltr'>dubii</span> <span class='ocrx_word' id='word_1_312' title='bbox 2073 2073 2240 2143; x_wconf 89' lang='grc'>(100),</span> <span class='ocrx_word' id='word_1_313' title='bbox 2294 2072 2394 2145; x_wconf 91' lang='lat' dir='ltr'>qui</span> <span class='ocrx_word' id='word_1_314' title='bbox 2443 2089 2557 2128; x_wconf 90' lang='lat' dir='ltr'>non</span> <span class='ocrx_word' id='word_1_315' title='bbox 2607 2072 2821 2128; x_wconf 91' lang='lat' dir='ltr'>habent</span> <span class='ocrx_word' id='word_1_316' title='bbox 2868 2089 3029 2144; x_wconf 92' lang='lat' dir='ltr'>spem</span> <span class='ocrx_word' id='word_1_317' title='bbox 3063 2072 3125 2127; x_wconf 91' lang='lat' dir='ltr'>in</span> <span class='ocrx_word' id='word_1_318' title='bbox 3168 2072 3413 2128; x_wconf 90' lang='lat' dir='ltr'>Domino</span> <span class='ocrx_word' id='word_1_319' title='bbox 3444 2072 3541 2143; x_wconf 91' lang='grc'>(1),</span> <span class='ocrx_word' id='word_1_320' title='bbox 3575 2075 3633 2126; x_wconf 89' lang='lat' dir='ltr'>et</span> 
     </span>
    </p>
   </div>
   <div class='ocr_carea' id='block_1_21' title="bbox 232 2160 3631 2233">
    <p class='ocr_par' dir='ltr' id='par_1_21' title="bbox 232 2160 3631 2233">
     <span class='ocr_line' id='line_1_21' title="bbox 232 2160 3631 2233; baseline -0.001 -15"><span class='ocrx_word' id='word_1_321' title='bbox 232 2166 620 2218; x_wconf 88' lang='lat' dir='ltr'>contemnunt</span> <span class='ocrx_word' id='word_1_322' title='bbox 649 2165 705 2217; x_wconf 93' lang='lat' dir='ltr'>et</span> <span class='ocrx_word' id='word_1_323' title='bbox 734 2160 1041 2233; x_wconf 85' lang='lat' dir='ltr'>negligunt</span> <span class='ocrx_word' id='word_1_324' title='bbox 1064 2161 1243 2215; x_wconf 89' lang='lat' dir='ltr'>vitam</span> <span class='ocrx_word' id='word_1_325' title='bbox 1277 2178 1465 2216; x_wconf 89' lang='lat' dir='ltr'>suam.</span> <span class='ocrx_word' id='word_1_326' title='bbox 1489 2161 1602 2217; x_wconf 87' lang='lat' dir='ltr'>Sed</span> <span class='ocrx_word' id='word_1_327' title='bbox 1622 2166 1706 2230; x_wconf 89' lang='lat' dir='ltr'>tu,</span> <span class='ocrx_word' id='word_1_328' title='bbox 1730 2178 1831 2217; x_wconf 91' lang='lat' dir='ltr'>ora</span> <span class='ocrx_word' id='word_1_329' title='bbox 1860 2161 1932 2217; x_wconf 91' lang='lat' dir='ltr'>ad</span> <span class='ocrx_word' id='word_1_330' title='bbox 1954 2161 2268 2217; x_wconf 91' lang='lat' dir='ltr'>Dominum</span> <span class='ocrx_word' id='word_1_331' title='bbox 2301 2187 2315 2230; x_wconf 84' lang='lat'><strong>;</strong></span> <span class='ocrx_word' id='word_1_332' title='bbox 2347 2166 2401 2216; x_wconf 91' lang='lat' dir='ltr'>et</span> <span class='ocrx_word' id='word_1_333' title='bbox 2424 2161 2656 2217; x_wconf 86' lang='lat' dir='ltr'>sanabit</span> <span class='ocrx_word' id='word_1_334' title='bbox 2680 2166 2920 2233; x_wconf 89' lang='lat' dir='ltr'>peccata</span> <span class='ocrx_word' id='word_1_335' title='bbox 2949 2166 3070 2233; x_wconf 88' lang='lat' dir='ltr'>tua,</span> <span class='ocrx_word' id='word_1_336' title='bbox 3094 2161 3390 2233; x_wconf 87' lang='lat' dir='ltr'>totiusque</span> <span class='ocrx_word' id='word_1_337' title='bbox 3419 2162 3631 2216; x_wconf 91' lang='lat' dir='ltr'>domus</span> 
     </span>
    </p>
   </div>
   <div class='ocr_carea' id='block_1_22' title="bbox 229 2250 1119 2307">
    <p class='ocr_par' dir='ltr' id='par_1_22' title="bbox 229 2250 1119 2307">
     <span class='ocr_line' id='line_1_22' title="bbox 229 2250 1119 2307; baseline -0.002 -1"><span class='ocrx_word' id='word_1_338' title='bbox 229 2255 343 2306; x_wconf 77' lang='lat' dir='ltr'>tuae</span> <span class='ocrx_word' id='word_1_339' title='bbox 376 2256 433 2307; x_wconf 90' lang='lat' dir='ltr'>st</span> <span class='ocrx_word' id='word_1_340' title='bbox 464 2250 729 2306; x_wconf 91' lang='lat' dir='ltr'>omnium</span> <span class='ocrx_word' id='word_1_341' title='bbox 762 2254 1119 2306; x_wconf 90' lang='lat' dir='ltr'>sanctorum.</span> 
     </span>
    </p>
   </div>
   <div class='ocr_carea' id='block_1_23' title="bbox 1757 2384 2087 2441">
    <p class='ocr_par' dir='ltr' id='par_1_23' title="bbox 1757 2384 2087 2441">
     <span class='ocr_line' id='line_1_23' title="bbox 1757 2384 2087 2441; baseline -0.006 0"><span class='ocrx_word' id='word_1_342' title='bbox 1757 2385 1985 2441; x_wconf 90' lang='lat' dir='ltr'>CAPUT</span> <span class='ocrx_word' id='word_1_343' title='bbox 2019 2384 2087 2440; x_wconf 89' lang='lat' dir='ltr'>II.</span> 
     </span>
    </p>
   </div>
   <div class='ocr_carea' id='block_1_24' title="bbox 306 2498 3634 2574">
    <p class='ocr_par' dir='ltr' id='par_1_24' title="bbox 306 2498 3634 2574">
     <span class='ocr_line' id='line_1_24' title="bbox 306 2498 3634 2574; baseline 0 -19"><span class='ocrx_word' id='word_1_344' title='bbox 306 2500 625 2572; x_wconf 86' lang='lat' dir='ltr'>Postquam</span> <span class='ocrx_word' id='word_1_345' title='bbox 658 2503 853 2555; x_wconf 89' lang='lat' dir='ltr'>autem</span> <span class='ocrx_word' id='word_1_346' title='bbox 880 2498 1074 2554; x_wconf 91' lang='lat' dir='ltr'>locuta</span> <span class='ocrx_word' id='word_1_347' title='bbox 1103 2502 1194 2554; x_wconf 89' lang='lat' dir='ltr'>est</span> <span class='ocrx_word' id='word_1_348' title='bbox 1218 2500 1393 2555; x_wconf 88' lang='lat' dir='ltr'>verba</span> <span class='ocrx_word' id='word_1_349' title='bbox 1440 2500 1582 2568; x_wconf 58' lang='lat' dir='ltr'>hac,</span> <span class='ocrx_word' id='word_1_350' title='bbox 1638 2500 1821 2557; x_wconf 86' lang='lat' dir='ltr'>clausi</span> <span class='ocrx_word' id='word_1_351' title='bbox 1866 2506 2005 2558; x_wconf 91' lang='lat' dir='ltr'>sunt</span> <span class='ocrx_word' id='word_1_352' title='bbox 2033 2502 2181 2558; x_wconf 77' lang='lat' dir='ltr'>ccsli.</span> <span class='ocrx_word' id='word_1_353' title='bbox 2232 2503 2302 2557; x_wconf 89' lang='lat' dir='ltr'>Et</span> <span class='ocrx_word' id='word_1_354' title='bbox 2349 2518 2453 2574; x_wconf 91' lang='lat' dir='ltr'>ego</span> <span class='ocrx_word' id='word_1_355' title='bbox 2506 2505 2665 2557; x_wconf 91' lang='lat' dir='ltr'>totus</span> <span class='ocrx_word' id='word_1_356' title='bbox 2696 2516 2852 2557; x_wconf 91' lang='lat' dir='ltr'>eram</span> <span class='ocrx_word' id='word_1_357' title='bbox 2884 2501 2943 2554; x_wconf 89' lang='lat' dir='ltr'>in</span> <span class='ocrx_word' id='word_1_358' title='bbox 2970 2515 3216 2555; x_wconf 84' lang='lat' dir='ltr'>mcsrore</span> <span class='ocrx_word' id='word_1_359' title='bbox 3246 2502 3305 2555; x_wconf 89' lang='lat' dir='ltr'>et</span> <span class='ocrx_word' id='word_1_360' title='bbox 3358 2502 3543 2567; x_wconf 92' lang='lat' dir='ltr'>metu,</span> <span class='ocrx_word' id='word_1_361' title='bbox 3577 2504 3634 2555; x_wconf 90' lang='lat' dir='ltr'>et</span> 
     </span>
    </p>
   </div>
   <div class='ocr_carea' id='block_1_25' title="bbox 232 2587 3630 2663">
    <p class='ocr_par' dir='ltr' id='par_1_25' title="bbox 232 2587 3630 2663">
     <span class='ocr_line' id='line_1_25' title="bbox 232 2587 3630 2663; baseline -0.001 -19"><span class='ocrx_word' id='word_1_362' title='bbox 232 2589 497 2645; x_wconf 85' lang='lat' dir='ltr'>dicebam</span> <span class='ocrx_word' id='word_1_363' title='bbox 528 2590 683 2645; x_wconf 87' lang='lat' dir='ltr'>intra</span> <span class='ocrx_word' id='word_1_364' title='bbox 714 2604 809 2643; x_wconf 90' lang='lat' dir='ltr'>me</span> <span class='ocrx_word' id='word_1_365' title='bbox 860 2604 873 2641; x_wconf 87' lang='lat'><strong>:</strong></span> <span class='ocrx_word' id='word_1_366' title='bbox 924 2587 983 2643; x_wconf 91' lang='lat' dir='ltr'>Si</span> <span class='ocrx_word' id='word_1_367' title='bbox 1032 2588 1141 2643; x_wconf 91' lang='lat' dir='ltr'>hoc</span> <span class='ocrx_word' id='word_1_368' title='bbox 1195 2588 1338 2643; x_wconf 89' lang='lat' dir='ltr'>mihi</span> <span class='ocrx_word' id='word_1_369' title='bbox 1390 2594 1695 2660; x_wconf 89' lang='lat' dir='ltr'>peccatum</span> <span class='ocrx_word' id='word_1_370' title='bbox 1748 2591 2082 2659; x_wconf 89' lang='lat' dir='ltr'>ascribitur,</span> <span class='ocrx_word' id='word_1_371' title='bbox 2133 2592 2426 2663; x_wconf 89' lang='lat' dir='ltr'>quomodo</span> <span class='ocrx_word' id='word_1_372' title='bbox 2477 2594 2674 2662; x_wconf 91' lang='lat' dir='ltr'>potero</span> <span class='ocrx_word' id='word_1_373' title='bbox 2725 2588 2923 2645; x_wconf 90' lang='lat' dir='ltr'>salvus</span> <span class='ocrx_word' id='word_1_374' title='bbox 2970 2588 3295 2644; x_wconf 85' lang='lat' dir='ltr'>esse?Aut</span> <span class='ocrx_word' id='word_1_375' title='bbox 3337 2588 3630 2659; x_wconf 88' lang='lat' dir='ltr'>quomodo</span> 
     </span>
    </p>
   </div>
   <div class='ocr_carea' id='block_1_26' title="bbox 230 2675 3631 2750">
    <p class='ocr_par' dir='ltr' id='par_1_26' title="bbox 230 2675 3631 2750">
     <span class='ocr_line' id='line_1_26' title="bbox 230 2675 3631 2750; baseline -0.001 -16"><span class='ocrx_word' id='word_1_376' title='bbox 230 2678 480 2735; x_wconf 80' lang='lat' dir='ltr'>exorabo</span> <span class='ocrx_word' id='word_1_377' title='bbox 510 2677 827 2733; x_wconf 90' lang='lat' dir='ltr'>Dominum</span> <span class='ocrx_word' id='word_1_378' title='bbox 858 2693 963 2749; x_wconf 89' lang='lat' dir='ltr'>pro</span> <span class='ocrx_word' id='word_1_379' title='bbox 995 2677 1248 2748; x_wconf 86' lang='lat' dir='ltr'>peccatis</span> <span class='ocrx_word' id='word_1_380' title='bbox 1287 2678 1431 2733; x_wconf 90' lang='lat' dir='ltr'>meis</span> <span class='ocrx_word' id='word_1_381' title='bbox 1481 2679 2009 2736; x_wconf 89' lang='lat' dir='ltr'>abundantissimis</span> <span class='ocrx_word' id='word_1_382' title='bbox 2040 2680 2067 2734; x_wconf 77' lang='lat' dir='ltr'>‘I</span> <span class='ocrx_word' id='word_1_383' title='bbox 2099 2680 2323 2745; x_wconf 87' lang='lat' dir='ltr'>Quibus</span> <span class='ocrx_word' id='word_1_384' title='bbox 2376 2680 2451 2750; x_wconf 81' lang='lat'>(2)</span> <span class='ocrx_word' id='word_1_385' title='bbox 2498 2679 2691 2734; x_wconf 90' lang='lat' dir='ltr'>verbis</span> <span class='ocrx_word' id='word_1_386' title='bbox 2730 2678 2946 2749; x_wconf 89' lang='lat' dir='ltr'>rogabo</span> <span class='ocrx_word' id='word_1_387' title='bbox 2996 2676 3324 2746; x_wconf 85' lang='lat' dir='ltr'>Dominum,</span> <span class='ocrx_word' id='word_1_388' title='bbox 3374 2680 3439 2731; x_wconf 92' lang='lat' dir='ltr'>ut</span> <span class='ocrx_word' id='word_1_389' title='bbox 3484 2675 3631 2732; x_wconf 89' lang='lat' dir='ltr'>mihi</span> 
     </span>
    </p>
   </div>
   <div class='ocr_carea' id='block_1_27' title="bbox 228 2763 3631 2840">
    <p class='ocr_par' dir='ltr' id='par_1_27' title="bbox 228 2763 3631 2840">
     <span class='ocr_line' id='line_1_27' title="bbox 228 2763 3631 2840; baseline -0 -17"><span class='ocrx_word' id='word_1_390' title='bbox 228 2768 519 2840; x_wconf 87' lang='lat' dir='ltr'>prepitius</span> <span class='ocrx_word' id='word_1_391' title='bbox 550 2766 626 2822; x_wconf 88' lang='lat' dir='ltr'>sit</span> <span class='ocrx_word' id='word_1_392' title='bbox 653 2766 681 2821; x_wconf 85' lang='lat'>?</span> <span class='ocrx_word' id='word_1_393' title='bbox 707 2767 838 2821; x_wconf 87' lang='lat' dir='ltr'>Haec</span> <span class='ocrx_word' id='word_1_394' title='bbox 872 2781 963 2820; x_wconf 90' lang='lat' dir='ltr'>me</span> <span class='ocrx_word' id='word_1_395' title='bbox 993 2766 1348 2838; x_wconf 89' lang='lat' dir='ltr'>recogitante</span> <span class='ocrx_word' id='word_1_396' title='bbox 1378 2772 1433 2822; x_wconf 91' lang='lat' dir='ltr'>et</span> <span class='ocrx_word' id='word_1_397' title='bbox 1480 2768 1848 2824; x_wconf 88' lang='lat' dir='ltr'>discernente</span> <span class='ocrx_word' id='word_1_398' title='bbox 1895 2768 1954 2824; x_wconf 93' lang='lat' dir='ltr'>in</span> <span class='ocrx_word' id='word_1_399' title='bbox 2006 2770 2176 2824; x_wconf 90' lang='lat' dir='ltr'>corde</span> <span class='ocrx_word' id='word_1_400' title='bbox 2224 2784 2353 2824; x_wconf 90' lang='lat' dir='ltr'>meo</span> <span class='ocrx_word' id='word_1_401' title='bbox 2390 2787 2403 2835; x_wconf 91' lang='lat'><strong>;</strong></span> <span class='ocrx_word' id='word_1_402' title='bbox 2432 2768 2599 2823; x_wconf 87' lang='lat' dir='ltr'>video</span> <span class='ocrx_word' id='word_1_403' title='bbox 2631 2770 2832 2823; x_wconf 85' lang='lat' dir='ltr'>contra</span> <span class='ocrx_word' id='word_1_404' title='bbox 2863 2783 2955 2821; x_wconf 90' lang='lat' dir='ltr'>me</span> <span class='ocrx_word' id='word_1_405' title='bbox 2987 2765 3325 2821; x_wconf 88' lang='lat' dir='ltr'>cathedram</span> <span class='ocrx_word' id='word_1_406' title='bbox 3377 2764 3448 2819; x_wconf 92' lang='lat' dir='ltr'>de</span> <span class='ocrx_word' id='word_1_407' title='bbox 3480 2763 3631 2822; x_wconf 89' lang='lat' dir='ltr'>lanis</span> 
     </span>
    </p>
   </div>
   <div class='ocr_carea' id='block_1_28' title="bbox 227 2852 3629 2929">
    <p class='ocr_par' dir='ltr' id='par_1_28' title="bbox 227 2852 3629 2929">
     <span class='ocr_line' id='line_1_28' title="bbox 227 2852 3629 2929; baseline -0.001 -17"><span class='ocrx_word' id='word_1_408' title='bbox 227 2856 519 2925; x_wconf 87' lang='lat' dir='ltr'>candidis,</span> <span class='ocrx_word' id='word_1_409' title='bbox 553 2855 705 2911; x_wconf 89' lang='lat' dir='ltr'>sicut</span> <span class='ocrx_word' id='word_1_410' title='bbox 734 2855 853 2921; x_wconf 85' lang='lat' dir='ltr'>nix,</span> <span class='ocrx_word' id='word_1_411' title='bbox 891 2855 1099 2911; x_wconf 75' lang='lat' dir='ltr'>tactam</span> <span class='ocrx_word' id='word_1_412' title='bbox 1133 2871 1429 2927; x_wconf 87' lang='lat' dir='ltr'>magnam.</span> <span class='ocrx_word' id='word_1_413' title='bbox 1467 2858 1534 2911; x_wconf 86' lang='lat' dir='ltr'>Et</span> <span class='ocrx_word' id='word_1_414' title='bbox 1570 2858 1728 2912; x_wconf 88' lang='lat' dir='ltr'>venit</span> <span class='ocrx_word' id='word_1_415' title='bbox 1759 2858 1973 2913; x_wconf 91' lang='lat' dir='ltr'>mulier</span> <span class='ocrx_word' id='word_1_416' title='bbox 2002 2875 2150 2913; x_wconf 91' lang='lat' dir='ltr'>anus</span> <span class='ocrx_word' id='word_1_417' title='bbox 2182 2858 2258 2929; x_wconf 93' lang='lat'>(3)</span> <span class='ocrx_word' id='word_1_418' title='bbox 2289 2858 2348 2911; x_wconf 91' lang='lat' dir='ltr'>in</span> <span class='ocrx_word' id='word_1_419' title='bbox 2387 2861 2546 2913; x_wconf 88' lang='lat' dir='ltr'>veste</span> <span class='ocrx_word' id='word_1_420' title='bbox 2577 2855 2886 2929; x_wconf 88' lang='lat' dir='ltr'>splendida</span> <span class='ocrx_word' id='word_1_421' title='bbox 2911 2856 3009 2925; x_wconf 77' lang='grc'>(4),</span> <span class='ocrx_word' id='word_1_422' title='bbox 3056 2854 3278 2909; x_wconf 86' lang='lat' dir='ltr'>habens</span> <span class='ocrx_word' id='word_1_423' title='bbox 3324 2852 3538 2910; x_wconf 91' lang='lat' dir='ltr'>librum</span> <span class='ocrx_word' id='word_1_424' title='bbox 3568 2854 3629 2909; x_wconf 90' lang='lat' dir='ltr'>in</span> 
     </span>
    </p>
   </div>
   <div class='ocr_carea' id='block_1_29' title="bbox 230 2943 3631 3019">
    <p class='ocr_par' dir='ltr' id='par_1_29' title="bbox 230 2943 3631 3019">
     <span class='ocr_line' id='line_1_29' title="bbox 230 2943 3631 3019; baseline 0 -20"><span class='ocrx_word' id='word_1_425' title='bbox 230 2960 406 3000; x_wconf 88' lang='lat' dir='ltr'>manu</span> <span class='ocrx_word' id='word_1_426' title='bbox 445 2962 458 3011; x_wconf 92' lang='lat'><strong>;</strong></span> <span class='ocrx_word' id='word_1_427' title='bbox 492 2948 547 2998; x_wconf 90' lang='lat' dir='ltr'>et</span> <span class='ocrx_word' id='word_1_428' title='bbox 577 2944 724 3000; x_wconf 91' lang='lat' dir='ltr'>sedit</span> <span class='ocrx_word' id='word_1_429' title='bbox 753 2943 896 3014; x_wconf 88' lang='lat' dir='ltr'>sola,</span> <span class='ocrx_word' id='word_1_430' title='bbox 929 2949 984 2998; x_wconf 90' lang='lat' dir='ltr'>et</span> <span class='ocrx_word' id='word_1_431' title='bbox 1013 2944 1307 2999; x_wconf 89' lang='lat' dir='ltr'>salutavit</span> <span class='ocrx_word' id='word_1_432' title='bbox 1337 2961 1431 3000; x_wconf 91' lang='lat' dir='ltr'>me</span> <span class='ocrx_word' id='word_1_433' title='bbox 1465 2964 1477 3013; x_wconf 92' lang='lat'>;</span> <span class='ocrx_word' id='word_1_434' title='bbox 1513 2948 1741 3013; x_wconf 85' lang='lat' dir='ltr'>Herma,</span> <span class='ocrx_word' id='word_1_435' title='bbox 1768 2963 1890 3003; x_wconf 90' lang='lat' dir='ltr'>ave.</span> <span class='ocrx_word' id='word_1_436' title='bbox 1922 2948 1992 3001; x_wconf 90' lang='lat' dir='ltr'>Et</span> <span class='ocrx_word' id='word_1_437' title='bbox 2028 2963 2132 3019; x_wconf 91' lang='lat' dir='ltr'>ego</span> <span class='ocrx_word' id='word_1_438' title='bbox 2184 2952 2429 3002; x_wconf 70' lang='lat' dir='ltr'>mmstus</span> <span class='ocrx_word' id='word_1_439' title='bbox 2476 2950 2532 3001; x_wconf 90' lang='lat' dir='ltr'>et</span> <span class='ocrx_word' id='word_1_440' title='bbox 2582 2945 2835 3018; x_wconf 90' lang='lat' dir='ltr'>plorans.</span> <span class='ocrx_word' id='word_1_441' title='bbox 2891 2944 3008 2999; x_wconf 79' lang='lat' dir='ltr'>dixi</span> <span class='ocrx_word' id='word_1_442' title='bbox 3043 2962 3055 2998; x_wconf 87' lang='lat'>:</span> <span class='ocrx_word' id='word_1_443' title='bbox 3088 2943 3354 3011; x_wconf 90' lang='lat' dir='ltr'>Domina,</span> <span class='ocrx_word' id='word_1_444' title='bbox 3404 2959 3526 2999; x_wconf 90' lang='lat' dir='ltr'>ave.</span> <span class='ocrx_word' id='word_1_445' title='bbox 3560 2943 3631 2999; x_wconf 90' lang='lat' dir='ltr'>Et</span> 
     </span>
    </p>
   </div>
   <div class='ocr_carea' id='block_1_30' title="bbox 234 3032 3625 3107">
    <p class='ocr_par' dir='ltr' id='par_1_30' title="bbox 234 3032 3625 3107">
     <span class='ocr_line' id='line_1_30' title="bbox 234 3032 3625 3107; baseline 0 -20"><span class='ocrx_word' id='word_1_446' title='bbox 234 3032 334 3088; x_wconf 91' lang='lat' dir='ltr'>illa</span> <span class='ocrx_word' id='word_1_447' title='bbox 366 3033 511 3087; x_wconf 85' lang='lat' dir='ltr'>dixit</span> <span class='ocrx_word' id='word_1_448' title='bbox 541 3032 685 3087; x_wconf 89' lang='lat' dir='ltr'>mihi</span> <span class='ocrx_word' id='word_1_449' title='bbox 719 3049 732 3088; x_wconf 89' lang='lat'>:</span> <span class='ocrx_word' id='word_1_450' title='bbox 765 3032 908 3096; x_wconf 88' lang='lat' dir='ltr'>Quid</span> <span class='ocrx_word' id='word_1_451' title='bbox 944 3036 1189 3089; x_wconf 73' lang='lat' dir='ltr'>mmstus</span> <span class='ocrx_word' id='word_1_452' title='bbox 1220 3048 1303 3087; x_wconf 90' lang='lat' dir='ltr'>es.</span> <span class='ocrx_word' id='word_1_453' title='bbox 1337 3034 1568 3101; x_wconf 87' lang='lat' dir='ltr'>Herma,</span> <span class='ocrx_word' id='word_1_454' title='bbox 1602 3036 1701 3106; x_wconf 90' lang='lat' dir='ltr'>qui</span> <span class='ocrx_word' id='word_1_455' title='bbox 1751 3052 1880 3091; x_wconf 91' lang='lat' dir='ltr'>eras</span> <span class='ocrx_word' id='word_1_456' title='bbox 1933 3036 2188 3107; x_wconf 89' lang='lat' dir='ltr'>patiens,</span> <span class='ocrx_word' id='word_1_457' title='bbox 2218 3040 2275 3090; x_wconf 91' lang='lat' dir='ltr'>et</span> <span class='ocrx_word' id='word_1_458' title='bbox 2316 3036 2644 3101; x_wconf 90' lang='lat' dir='ltr'>modestus,</span> <span class='ocrx_word' id='word_1_459' title='bbox 2689 3040 2745 3090; x_wconf 90' lang='lat' dir='ltr'>et</span> <span class='ocrx_word' id='word_1_460' title='bbox 2793 3050 3023 3106; x_wconf 89' lang='lat' dir='ltr'>semper</span> <span class='ocrx_word' id='word_1_461' title='bbox 3074 3032 3279 3088; x_wconf 90' lang='lat' dir='ltr'>hilaris</span> <span class='ocrx_word' id='word_1_462' title='bbox 3308 3032 3336 3087; x_wconf 86' lang='lat'><strong>?</strong></span> <span class='ocrx_word' id='word_1_463' title='bbox 3367 3033 3625 3105; x_wconf 88' lang='lat' dir='ltr'>Respon-</span> 
     </span>
    </p>
   </div>
   <div class='ocr_carea' id='block_1_31' title="bbox 234 3120 3615 3195">
    <p class='ocr_par' dir='ltr' id='par_1_31' title="bbox 234 3120 3615 3195">
     <span class='ocr_line' id='line_1_31' title="bbox 234 3120 3615 3195; baseline 0 -18"><span class='ocrx_word' id='word_1_464' title='bbox 234 3122 384 3177; x_wconf 91' lang='lat' dir='ltr'>dens</span> <span class='ocrx_word' id='word_1_465' title='bbox 414 3122 544 3177; x_wconf 91' lang='lat' dir='ltr'>dico</span> <span class='ocrx_word' id='word_1_466' title='bbox 573 3121 626 3176; x_wconf 91' lang='lat' dir='ltr'>ei</span> <span class='ocrx_word' id='word_1_467' title='bbox 660 3138 672 3175; x_wconf 89' lang='lat'><strong>:</strong></span> <span class='ocrx_word' id='word_1_468' title='bbox 706 3120 970 3188; x_wconf 89' lang='lat' dir='ltr'>Domina,</span> <span class='ocrx_word' id='word_1_469' title='bbox 1005 3121 1358 3177; x_wconf 88' lang='lat' dir='ltr'>contumelia</span> <span class='ocrx_word' id='word_1_470' title='bbox 1389 3123 1466 3194; x_wconf 90' lang='grc'>(5)</span> <span class='ocrx_word' id='word_1_471' title='bbox 1498 3123 1642 3178; x_wconf 91' lang='lat' dir='ltr'>mihi</span> <span class='ocrx_word' id='word_1_472' title='bbox 1672 3124 1899 3195; x_wconf 89' lang='lat' dir='ltr'>objecta</span> <span class='ocrx_word' id='word_1_473' title='bbox 1926 3129 2015 3179; x_wconf 91' lang='lat' dir='ltr'>est</span> <span class='ocrx_word' id='word_1_474' title='bbox 2043 3142 2077 3179; x_wconf 93' lang='lat' dir='ltr'>a</span> <span class='ocrx_word' id='word_1_475' title='bbox 2107 3124 2351 3179; x_wconf 89' lang='lat' dir='ltr'>muliere</span> <span class='ocrx_word' id='word_1_476' title='bbox 2380 3124 2601 3195; x_wconf 90' lang='lat' dir='ltr'>optima</span> <span class='ocrx_word' id='word_1_477' title='bbox 2631 3123 2879 3187; x_wconf 90' lang='lat' dir='ltr'>dicente,</span> <span class='ocrx_word' id='word_1_478' title='bbox 2929 3121 3083 3195; x_wconf 91' lang='lat' dir='ltr'>quod</span> <span class='ocrx_word' id='word_1_479' title='bbox 3116 3120 3345 3193; x_wconf 89' lang='lat' dir='ltr'>peccavi</span> <span class='ocrx_word' id='word_1_480' title='bbox 3377 3120 3435 3176; x_wconf 89' lang='lat' dir='ltr'>in</span> <span class='ocrx_word' id='word_1_481' title='bbox 3466 3138 3615 3177; x_wconf 91' lang='lat' dir='ltr'>eam.</span> 
     </span>
    </p>
   </div>
   <div class='ocr_carea' id='block_1_32' title="bbox 232 3210 3629 3282">
    <p class='ocr_par' dir='ltr' id='par_1_32' title="bbox 232 3210 3629 3282">
     <span class='ocr_line' id='line_1_32' title="bbox 232 3210 3629 3282; baseline -0 -17"><span class='ocrx_word' id='word_1_482' title='bbox 232 3212 307 3266; x_wconf 79' lang='lat' dir='ltr'>At</span> <span class='ocrx_word' id='word_1_483' title='bbox 335 3210 439 3266; x_wconf 89' lang='lat' dir='ltr'>illa</span> <span class='ocrx_word' id='word_1_484' title='bbox 472 3211 619 3266; x_wconf 83' lang='lat' dir='ltr'>dixit</span> <span class='ocrx_word' id='word_1_485' title='bbox 649 3210 793 3265; x_wconf 91' lang='lat' dir='ltr'>mihi</span> <span class='ocrx_word' id='word_1_486' title='bbox 826 3228 839 3265; x_wconf 92' lang='lat'>:</span> <span class='ocrx_word' id='word_1_487' title='bbox 876 3210 1047 3265; x_wconf 82' lang='lat' dir='ltr'>Absit</span> <span class='ocrx_word' id='word_1_488' title='bbox 1076 3228 1109 3266; x_wconf 90' lang='lat' dir='ltr'>a</span> <span class='ocrx_word' id='word_1_489' title='bbox 1135 3226 1299 3265; x_wconf 90' lang='lat' dir='ltr'>servo</span> <span class='ocrx_word' id='word_1_490' title='bbox 1329 3210 1429 3267; x_wconf 88' lang='lat' dir='ltr'>Dei</span> <span class='ocrx_word' id='word_1_491' title='bbox 1456 3229 1546 3269; x_wconf 88' lang='lat' dir='ltr'>res</span> <span class='ocrx_word' id='word_1_492' title='bbox 1576 3214 1708 3268; x_wconf 90' lang='lat' dir='ltr'>ista.</span> <span class='ocrx_word' id='word_1_493' title='bbox 1743 3213 1855 3268; x_wconf 91' lang='lat' dir='ltr'>Sed</span> <span class='ocrx_word' id='word_1_494' title='bbox 1885 3213 2032 3269; x_wconf 85' lang='lat' dir='ltr'>forte</span> <span class='ocrx_word' id='word_1_495' title='bbox 2070 3214 2128 3268; x_wconf 89' lang='lat' dir='ltr'>in</span> <span class='ocrx_word' id='word_1_496' title='bbox 2172 3212 2343 3268; x_wconf 89' lang='lat' dir='ltr'>corde</span> <span class='ocrx_word' id='word_1_497' title='bbox 2371 3217 2473 3268; x_wconf 91' lang='lat' dir='ltr'>tuo</span> <span class='ocrx_word' id='word_1_498' title='bbox 2517 3212 2781 3267; x_wconf 89' lang='lat' dir='ltr'>ascendit</span> <span class='ocrx_word' id='word_1_499' title='bbox 2823 3210 2983 3266; x_wconf 89' lang='lat' dir='ltr'>illius</span> <span class='ocrx_word' id='word_1_500' title='bbox 3029 3210 3499 3282; x_wconf 80' lang='lat' dir='ltr'>concupiscentia</span> <span class='ocrx_word' id='word_1_501' title='bbox 3530 3212 3629 3279; x_wconf 90' lang='lat'>(6).</span> 
     </span>
    </p>
   </div>
   <div class='ocr_carea' id='block_1_33' title="bbox 229 3298 3629 3373">
    <p class='ocr_par' dir='ltr' id='par_1_33' title="bbox 229 3298 3629 3373">
     <span class='ocr_line' id='line_1_33' title="bbox 229 3298 3629 3373; baseline -0 -18"><span class='ocrx_word' id='word_1_502' title='bbox 229 3299 327 3356; x_wconf 81' lang='lat' dir='ltr'>Est</span> <span class='ocrx_word' id='word_1_503' title='bbox 354 3300 591 3370; x_wconf 90' lang='lat' dir='ltr'>quidem</span> <span class='ocrx_word' id='word_1_504' title='bbox 622 3299 683 3354; x_wconf 90' lang='lat' dir='ltr'>in</span> <span class='ocrx_word' id='word_1_505' title='bbox 715 3300 897 3355; x_wconf 89' lang='lat' dir='ltr'>servis</span> <span class='ocrx_word' id='word_1_506' title='bbox 926 3298 1026 3354; x_wconf 94' lang='lat' dir='ltr'>Dei</span> <span class='ocrx_word' id='word_1_507' title='bbox 1060 3299 1192 3355; x_wconf 89' lang='lat' dir='ltr'>talis</span> <span class='ocrx_word' id='word_1_508' title='bbox 1214 3300 1510 3371; x_wconf 89' lang='lat' dir='ltr'>cogitatio,</span> <span class='ocrx_word' id='word_1_509' title='bbox 1540 3307 1845 3373; x_wconf 90' lang='lat' dir='ltr'>peccatum</span> <span class='ocrx_word' id='word_1_510' title='bbox 1879 3302 2155 3358; x_wconf 84' lang='lat' dir='ltr'>inferens.</span> <span class='ocrx_word' id='word_1_511' title='bbox 2202 3303 2328 3357; x_wconf 92' lang='lat' dir='ltr'>Non</span> <span class='ocrx_word' id='word_1_512' title='bbox 2376 3302 2533 3357; x_wconf 91' lang='lat' dir='ltr'>enim</span> <span class='ocrx_word' id='word_1_513' title='bbox 2575 3302 2745 3357; x_wconf 88' lang='lat' dir='ltr'>debet</span> <span class='ocrx_word' id='word_1_514' title='bbox 2786 3300 2909 3355; x_wconf 55' lang='lat' dir='ltr'>haec</span> <span class='ocrx_word' id='word_1_515' title='bbox 2938 3299 3213 3372; x_wconf 87' lang='lat' dir='ltr'>cogitatio</span> <span class='ocrx_word' id='word_1_516' title='bbox 3243 3298 3629 3365; x_wconf 88' lang='lat' dir='ltr'>abhorrenda,</span> 
     </span>
    </p>
   </div>
   <div class='ocr_carea' id='block_1_34' title="bbox 225 3387 3629 3463">
    <p class='ocr_par' dir='ltr' id='par_1_34' title="bbox 225 3387 3629 3463">
     <span class='ocr_line' id='line_1_34' title="bbox 225 3387 3629 3463; baseline 0 -19"><span class='ocrx_word' id='word_1_517' title='bbox 225 3405 353 3444; x_wconf 89' lang='lat' dir='ltr'>esse</span> <span class='ocrx_word' id='word_1_518' title='bbox 386 3389 446 3444; x_wconf 91' lang='lat' dir='ltr'>in</span> <span class='ocrx_word' id='word_1_519' title='bbox 477 3405 642 3445; x_wconf 88' lang='lat' dir='ltr'>servo</span> <span class='ocrx_word' id='word_1_520' title='bbox 674 3389 773 3445; x_wconf 90' lang='lat' dir='ltr'>Dei</span> <span class='ocrx_word' id='word_1_521' title='bbox 805 3407 818 3456; x_wconf 91' lang='lat'><strong>;</strong></span> <span class='ocrx_word' id='word_1_522' title='bbox 853 3405 1041 3461; x_wconf 90' lang='lat' dir='ltr'>neque</span> <span class='ocrx_word' id='word_1_523' title='bbox 1073 3389 1317 3460; x_wconf 92' lang='lat' dir='ltr'>spiritus</span> <span class='ocrx_word' id='word_1_524' title='bbox 1348 3390 1423 3461; x_wconf 92' lang='lat'>(7)</span> <span class='ocrx_word' id='word_1_525' title='bbox 1455 3391 1755 3461; x_wconf 85' lang='lat' dir='ltr'>probatus,</span> <span class='ocrx_word' id='word_1_526' title='bbox 1788 3391 2202 3463; x_wconf 89' lang='lat' dir='ltr'>concupiscere</span> <span class='ocrx_word' id='word_1_527' title='bbox 2232 3390 2457 3446; x_wconf 87' lang='lat' dir='ltr'>malum</span> <span class='ocrx_word' id='word_1_528' title='bbox 2489 3406 2636 3461; x_wconf 92' lang='lat' dir='ltr'>opus</span> <span class='ocrx_word' id='word_1_529' title='bbox 2671 3408 2684 3456; x_wconf 93' lang='lat'><strong>;</strong></span> <span class='ocrx_word' id='word_1_530' title='bbox 2717 3393 2775 3443; x_wconf 91' lang='lat' dir='ltr'>et</span> <span class='ocrx_word' id='word_1_531' title='bbox 2815 3388 3105 3460; x_wconf 68' lang='lat' dir='ltr'>praecipue</span> <span class='ocrx_word' id='word_1_532' title='bbox 3136 3387 3377 3443; x_wconf 88' lang='lat' dir='ltr'>Hermas</span> <span class='ocrx_word' id='word_1_533' title='bbox 3409 3388 3508 3459; x_wconf 92' lang='lat' dir='ltr'>qui</span> <span class='ocrx_word' id='word_1_534' title='bbox 3539 3392 3629 3444; x_wconf 89' lang='lat' dir='ltr'>est</span> 
     </span>
    </p>
   </div>
   <div class='ocr_carea' id='block_1_35' title="bbox 226 3476 3512 3552">
    <p class='ocr_par' dir='ltr' id='par_1_35' title="bbox 226 3476 3512 3552">
     <span class='ocr_line' id='line_1_35' title="bbox 226 3476 3512 3552; baseline -0.001 -18"><span class='ocrx_word' id='word_1_535' title='bbox 226 3477 535 3534; x_wconf 88' lang='lat' dir='ltr'>continens</span> <span class='ocrx_word' id='word_1_536' title='bbox 565 3478 636 3533; x_wconf 89' lang='lat' dir='ltr'>ab</span> <span class='ocrx_word' id='word_1_537' title='bbox 668 3478 827 3534; x_wconf 90' lang='lat' dir='ltr'>omni</span> <span class='ocrx_word' id='word_1_538' title='bbox 859 3477 1331 3550; x_wconf 91' lang='lat' dir='ltr'>concupiscentia</span> <span class='ocrx_word' id='word_1_539' title='bbox 1361 3480 1438 3551; x_wconf 93' lang='lat'>(8)</span> <span class='ocrx_word' id='word_1_540' title='bbox 1469 3478 1733 3551; x_wconf 86' lang='lat' dir='ltr'>scelesta,</span> <span class='ocrx_word' id='word_1_541' title='bbox 1765 3485 1823 3537; x_wconf 92' lang='lat' dir='ltr'>et</span> <span class='ocrx_word' id='word_1_542' title='bbox 1844 3485 1933 3536; x_wconf 89' lang='lat' dir='ltr'>est</span> <span class='ocrx_word' id='word_1_543' title='bbox 1962 3481 2121 3536; x_wconf 89' lang='lat' dir='ltr'>omni</span> <span class='ocrx_word' id='word_1_544' title='bbox 2155 3479 2532 3552; x_wconf 87' lang='lat' dir='ltr'>simplicitate</span> <span class='ocrx_word' id='word_1_545' title='bbox 2564 3478 2793 3550; x_wconf 86' lang='lat' dir='ltr'>plenus,</span> <span class='ocrx_word' id='word_1_546' title='bbox 2828 3482 2887 3534; x_wconf 89' lang='lat' dir='ltr'>et</span> <span class='ocrx_word' id='word_1_547' title='bbox 2916 3476 3248 3533; x_wconf 87' lang='lat' dir='ltr'>innocentia</span> <span class='ocrx_word' id='word_1_548' title='bbox 3276 3492 3512 3549; x_wconf 90' lang='lat' dir='ltr'>magna.</span> 
     </span>
    </p>
   </div>
   <div class='ocr_carea' id='block_1_36' title="bbox 1737 3642 2102 3698">
    <p class='ocr_par' dir='ltr' id='par_1_36' title="bbox 1737 3642 2102 3698">
     <span class='ocr_line' id='line_1_36' title="bbox 1737 3642 2102 3698; baseline -0.005 0"><span class='ocrx_word' id='word_1_549' title='bbox 1737 3642 1972 3698; x_wconf 86' lang='lat' dir='ltr'>CAPUT</span> <span class='ocrx_word' id='word_1_550' title='bbox 2002 3643 2102 3698; x_wconf 93' lang='lat' dir='ltr'>III.</span> 
     </span>
    </p>
   </div>
   <div class='ocr_carea' id='block_1_37' title="bbox 284 3752 3617 3831">
    <p class='ocr_par' dir='ltr' id='par_1_37' title="bbox 284 3752 3617 3831">
     <span class='ocr_line' id='line_1_37' title="bbox 284 3752 3617 3831; baseline 0.001 -24"><span class='ocrx_word' id='word_1_551' title='bbox 284 3752 706 3811; x_wconf 88' lang='lat' dir='ltr'>Verumtamen</span> <span class='ocrx_word' id='word_1_552' title='bbox 740 3774 853 3813; x_wconf 92' lang='lat' dir='ltr'>non</span> <span class='ocrx_word' id='word_1_553' title='bbox 890 3774 1067 3813; x_wconf 87' lang='lat' dir='ltr'>causa</span> <span class='ocrx_word' id='word_1_554' title='bbox 1100 3758 1185 3813; x_wconf 89' lang='lat' dir='ltr'>tui</span> <span class='ocrx_word' id='word_1_555' title='bbox 1218 3758 1492 3814; x_wconf 87' lang='lat' dir='ltr'>irascitur</span> <span class='ocrx_word' id='word_1_556' title='bbox 1521 3757 1806 3814; x_wconf 89' lang='lat' dir='ltr'>Dominus</span> <span class='ocrx_word' id='word_1_557' title='bbox 1840 3776 1853 3827; x_wconf 87' lang='lat'>;</span> <span class='ocrx_word' id='word_1_558' title='bbox 1887 3759 1986 3814; x_wconf 91' lang='lat' dir='ltr'>sed</span> <span class='ocrx_word' id='word_1_559' title='bbox 2023 3764 2256 3831; x_wconf 90' lang='lat' dir='ltr'>propter</span> <span class='ocrx_word' id='word_1_560' title='bbox 2285 3759 2527 3814; x_wconf 88' lang='lat' dir='ltr'>domum</span> <span class='ocrx_word' id='word_1_561' title='bbox 2558 3760 2744 3823; x_wconf 83' lang='lat' dir='ltr'>tuam,</span> <span class='ocrx_word' id='word_1_562' title='bbox 2777 3773 2903 3830; x_wconf 71' lang='lat' dir='ltr'>quae</span> <span class='ocrx_word' id='word_1_563' title='bbox 2936 3756 3099 3811; x_wconf 86' lang='lat' dir='ltr'>nefas</span> <span class='ocrx_word' id='word_1_564' title='bbox 3149 3754 3387 3810; x_wconf 90' lang='lat' dir='ltr'>admisit</span> <span class='ocrx_word' id='word_1_565' title='bbox 3414 3754 3474 3810; x_wconf 88' lang='lat' dir='ltr'>in</span> <span class='ocrx_word' id='word_1_566' title='bbox 3504 3755 3617 3811; x_wconf 92' lang='lat' dir='ltr'>Do-</span> 
     </span>
    </p>
   </div>
   <div class='ocr_carea' id='block_1_38' title="bbox 230 3843 3626 3916">
    <p class='ocr_par' dir='ltr' id='par_1_38' title="bbox 230 3843 3626 3916">
     <span class='ocr_line' id='line_1_38' title="bbox 230 3843 3626 3916; baseline 0 -20"><span class='ocrx_word' id='word_1_567' title='bbox 230 3843 463 3898; x_wconf 88' lang='lat' dir='ltr'>minum</span> <span class='ocrx_word' id='word_1_568' title='bbox 495 3849 551 3899; x_wconf 91' lang='lat' dir='ltr'>et</span> <span class='ocrx_word' id='word_1_569' title='bbox 580 3843 639 3899; x_wconf 89' lang='lat' dir='ltr'>in</span> <span class='ocrx_word' id='word_1_570' title='bbox 670 3850 941 3916; x_wconf 89' lang='lat' dir='ltr'>parentes</span> <span class='ocrx_word' id='word_1_571' title='bbox 971 3864 1129 3902; x_wconf 83' lang='lat' dir='ltr'>suos.</span> <span class='ocrx_word' id='word_1_572' title='bbox 1164 3848 1233 3901; x_wconf 92' lang='lat' dir='ltr'>Et</span> <span class='ocrx_word' id='word_1_573' title='bbox 1263 3852 1324 3902; x_wconf 91' lang='lat' dir='ltr'>tu</span> <span class='ocrx_word' id='word_1_574' title='bbox 1358 3864 1492 3903; x_wconf 90' lang='lat' dir='ltr'>cum</span> <span class='ocrx_word' id='word_1_575' title='bbox 1524 3848 1606 3903; x_wconf 91' lang='lat' dir='ltr'>sis</span> <span class='ocrx_word' id='word_1_576' title='bbox 1637 3851 1865 3903; x_wconf 90' lang='lat' dir='ltr'>amator</span> <span class='ocrx_word' id='word_1_577' title='bbox 1892 3847 2167 3915; x_wconf 88' lang='lat' dir='ltr'>ﬁliorum,</span> <span class='ocrx_word' id='word_1_578' title='bbox 2195 3864 2311 3903; x_wconf 92' lang='lat' dir='ltr'>non</span> <span class='ocrx_word' id='word_1_579' title='bbox 2362 3846 2774 3903; x_wconf 87' lang='lat' dir='ltr'>commonuisti</span> <span class='ocrx_word' id='word_1_580' title='bbox 2821 3846 3059 3901; x_wconf 89' lang='lat' dir='ltr'>domum</span> <span class='ocrx_word' id='word_1_581' title='bbox 3101 3847 3288 3911; x_wconf 88' lang='lat' dir='ltr'>tuam,</span> <span class='ocrx_word' id='word_1_582' title='bbox 3318 3843 3419 3899; x_wconf 89' lang='lat' dir='ltr'>sed</span> <span class='ocrx_word' id='word_1_583' title='bbox 3451 3843 3626 3899; x_wconf 90' lang='lat' dir='ltr'>dimi-</span> 
     </span>
    </p>
   </div>
   <div class='ocr_carea' id='block_1_39' title="bbox 220 3930 3628 4008">
    <p class='ocr_par' dir='ltr' id='par_1_39' title="bbox 220 3930 3628 4008">
     <span class='ocr_line' id='line_1_39' title="bbox 220 3930 3628 4008; baseline -0 -22"><span class='ocrx_word' id='word_1_584' title='bbox 220 3930 357 3986; x_wconf 86' lang='lat' dir='ltr'>sisti</span> <span class='ocrx_word' id='word_1_585' title='bbox 391 3931 522 3987; x_wconf 83' lang='lat' dir='ltr'>illos</span> <span class='ocrx_word' id='word_1_586' title='bbox 552 3936 887 3991; x_wconf 88' lang='lat' dir='ltr'>conversari</span> <span class='ocrx_word' id='word_1_587' title='bbox 914 3934 1194 3991; x_wconf 84' lang='lat' dir='ltr'>violenter</span> <span class='ocrx_word' id='word_1_588' title='bbox 1242 3935 1322 4007; x_wconf 89' lang='lat'>(9)</span> <span class='ocrx_word' id='word_1_589' title='bbox 1354 3953 1368 4003; x_wconf 91' lang='lat'><strong>;</strong></span> <span class='ocrx_word' id='word_1_590' title='bbox 1405 3940 1641 4008; x_wconf 89' lang='lat' dir='ltr'>propter</span> <span class='ocrx_word' id='word_1_591' title='bbox 1686 3935 1795 3992; x_wconf 92' lang='lat' dir='ltr'>hoc</span> <span class='ocrx_word' id='word_1_592' title='bbox 1846 3937 2001 3992; x_wconf 90' lang='lat' dir='ltr'>enim</span> <span class='ocrx_word' id='word_1_593' title='bbox 2053 3936 2325 3993; x_wconf 88' lang='lat' dir='ltr'>irascitur</span> <span class='ocrx_word' id='word_1_594' title='bbox 2352 3936 2460 3991; x_wconf 90' lang='lat' dir='ltr'>tibi</span> <span class='ocrx_word' id='word_1_595' title='bbox 2506 3935 2828 3991; x_wconf 87' lang='lat' dir='ltr'>Dominus:</span> <span class='ocrx_word' id='word_1_596' title='bbox 2862 3933 2963 3989; x_wconf 90' lang='lat' dir='ltr'>sed</span> <span class='ocrx_word' id='word_1_597' title='bbox 3018 3932 3248 3989; x_wconf 89' lang='lat' dir='ltr'>sanabit</span> <span class='ocrx_word' id='word_1_598' title='bbox 3289 3932 3486 3988; x_wconf 90' lang='lat' dir='ltr'>omnia</span> <span class='ocrx_word' id='word_1_599' title='bbox 3515 3932 3628 4003; x_wconf 89' lang='grc'>(10)</span> 
     </span>
    </p>
   </div>
   <div class='ocr_carea' id='block_1_40' title="bbox 1388 4104 2453 4165">
    <p class='ocr_par' dir='ltr' id='par_1_40' title="bbox 1388 4104 2453 4165">
     <span class='ocr_line' id='line_1_40' title="bbox 1388 4104 2453 4165; baseline 0.003 -7"><span class='ocrx_word' id='word_1_600' title='bbox 1388 4104 1629 4160; x_wconf 77' lang='lat' dir='ltr'>VARle</span> <span class='ocrx_word' id='word_1_601' title='bbox 1669 4104 2067 4165; x_wconf 87' lang='lat' dir='ltr'>LECTIONES</span> <span class='ocrx_word' id='word_1_602' title='bbox 2097 4107 2187 4162; x_wconf 90' lang='lat' dir='ltr'><strong>ET</strong></span> <span class='ocrx_word' id='word_1_603' title='bbox 2224 4105 2453 4162; x_wconf 67' lang='lat' dir='ltr'>NOTAE.</span> 
     </span>
    </p>
   </div>
   <div class='ocr_carea' id='block_1_41' title="bbox 307 4242 2860 4320">
    <p class='ocr_par' dir='ltr' id='par_1_41' title="bbox 307 4242 2860 4320">
     <span class='ocr_line' id='line_1_41' title="bbox 307 4242 2860 4320; baseline 0 -22"><span class='ocrx_word' id='word_1_604' title='bbox 307 4242 418 4320; x_wconf 72' lang='lat'>(86)</span> <span class='ocrx_word' id='word_1_605' title='bbox 449 4242 674 4320; x_wconf 72' lang='lat' dir='ltr'>Desunt</span> <span class='ocrx_word' id='word_1_606' title='bbox 701 4242 820 4320; x_wconf 80' lang='lat' dir='ltr'>ista</span> <span class='ocrx_word' id='word_1_607' title='bbox 843 4245 903 4300; x_wconf 90' lang='lat' dir='ltr'>in</span> <span class='ocrx_word' id='word_1_608' title='bbox 935 4260 1078 4320; x_wconf 86' lang='lat' dir='ltr'>mss.</span> <span class='ocrx_word' id='word_1_609' title='bbox 1112 4246 1169 4301; x_wconf 93' lang='lat' dir='ltr'>S.</span> <span class='ocrx_word' id='word_1_610' title='bbox 1204 4245 1397 4301; x_wconf 90' lang='lat' dir='ltr'>Germ.</span> <span class='ocrx_word' id='word_1_611' title='bbox 1428 4246 1572 4320; x_wconf 89' lang='lat' dir='ltr'>et_S.</span> <span class='ocrx_word' id='word_1_612' title='bbox 1612 4246 1765 4303; x_wconf 91' lang='lat' dir='ltr'>Vict.</span> <span class='ocrx_word' id='word_1_613' title='bbox 2054 4249 2164 4320; x_wconf 90' lang='lat'>(99)</span> <span class='ocrx_word' id='word_1_614' title='bbox 2196 4249 2336 4320; x_wconf 86' lang='lat' dir='ltr'>Mss.</span> <span class='ocrx_word' id='word_1_615' title='bbox 2368 4246 2860 4320; x_wconf 20' lang='lat' dir='ltr'>Angliivagantur.</span> 
     </span>
    </p>
   </div>
   <div class='ocr_carea' id='block_1_42' title="bbox 326 4313 3619 4392">
    <p class='ocr_par' dir='ltr' id='par_1_42' title="bbox 326 4313 3619 4392">
     <span class='ocr_line' id='line_1_42' title="bbox 326 4313 3619 4392; baseline 0 -21"><span class='ocrx_word' id='word_1_616' title='bbox 326 4314 420 4392; x_wconf 54' lang='lat'>8:7)</span> <span class='ocrx_word' id='word_1_617' title='bbox 449 4314 578 4392; x_wconf 48' lang='lat' dir='ltr'>{iam</span> <span class='ocrx_word' id='word_1_618' title='bbox 616 4317 757 4392; x_wconf 88' lang='lat' dir='ltr'>item</span> <span class='ocrx_word' id='word_1_619' title='bbox 790 4318 1007 4392; x_wconf 68' lang='lat' dir='ltr'>desunt</span> <span class='ocrx_word' id='word_1_620' title='bbox 1032 4317 1091 4371; x_wconf 89' lang='lat' dir='ltr'>in</span> <span class='ocrx_word' id='word_1_621' title='bbox 1123 4320 1371 4392; x_wconf 88' lang='lat' dir='ltr'>utroque</span> <span class='ocrx_word' id='word_1_622' title='bbox 1398 4317 1558 4392; x_wconf 88' lang='lat' dir='ltr'>cod_._</span> <span class='ocrx_word' id='word_1_623' title='bbox 1623 4391 1629 4392; x_wconf 13' lang='grc' dir='ltr'>ί</span> <span class='ocrx_word' id='word_1_624' title='bbox 2054 4313 2203 4392; x_wconf 84' lang='grc'>(100)</span> <span class='ocrx_word' id='word_1_625' title='bbox 2234 4313 2678 4392; x_wconf 14' lang='grc' dir='ltr'>ΔίψρχοιῖᾲΗαρο</span> <span class='ocrx_word' id='word_1_626' title='bbox 2724 4332 2923 4392; x_wconf 75' lang='lat' dir='ltr'>vocem</span> <span class='ocrx_word' id='word_1_627' title='bbox 2971 4313 3619 4392; x_wconf 39' lang='lat' dir='ltr'>auc_toremAsc1_-ipsisse</span> 
     </span>
    </p>
   </div>
   <div class='ocr_carea' id='block_1_43' title="bbox 326 4386 3613 4460">
    <p class='ocr_par' dir='ltr' id='par_1_43' title="bbox 326 4386 3613 4460">
     <span class='ocr_line' id='line_1_43' title="bbox 326 4386 3613 4460; baseline 0 -20"><span class='ocrx_word' id='word_1_628' title='bbox 326 4386 416 4457; x_wconf 92' lang='lat'>88)</span> <span class='ocrx_word' id='word_1_629' title='bbox 450 4386 544 4443; x_wconf 91' lang='lat' dir='ltr'>Sic</span> <span class='ocrx_word' id='word_1_630' title='bbox 576 4404 688 4443; x_wconf 88' lang='lat' dir='ltr'>ms.</span> <span class='ocrx_word' id='word_1_631' title='bbox 722 4388 941 4443; x_wconf 87' lang='lat' dir='ltr'>Lamb.:</span> <span class='ocrx_word' id='word_1_632' title='bbox 980 4389 1209 4443; x_wconf 86' lang='lat' dir='ltr'>Domina</span> <span class='ocrx_word' id='word_1_633' title='bbox 1237 4386 1514 4460; x_wconf 83' lang='lat' dir='ltr'>mea,quid</span> <span class='ocrx_word' id='word_1_634' title='bbox 1540 4388 1658 4445; x_wconf 84' lang='lat' dir='ltr'>heic</span> <span class='ocrx_word' id='word_1_635' title='bbox 1681 4392 1874 4445; x_wconf 75' lang='lat' dir='ltr'>?Prae-</span> <span class='ocrx_word' id='word_1_636' title='bbox 1983 4386 2257 4447; x_wconf 25' lang='lat' dir='ltr'>ex‘Clem.</span> <span class='ocrx_word' id='word_1_637' title='bbox 2288 4386 2445 4446; x_wconf 69' lang='lat' dir='ltr'>Alei.</span> <span class='ocrx_word' id='word_1_638' title='bbox 2480 4389 2783 4444; x_wconf 89' lang='lat' dir='ltr'>discimus.</span> <span class='ocrx_word' id='word_1_639' title='bbox 2803 4387 2936 4443; x_wconf 93' lang='lat' dir='ltr'>Vid.</span> <span class='ocrx_word' id='word_1_640' title='bbox 2962 4387 3029 4460; x_wconf 76' lang='lat' dir='ltr'>_S_.</span> <span class='ocrx_word' id='word_1_641' title='bbox 3061 4386 3179 4441; x_wconf 87' lang='lat' dir='ltr'>Jac.</span> <span class='ocrx_word' id='word_1_642' title='bbox 3220 4403 3257 4455; x_wconf 88' lang='lat'>1,</span> <span class='ocrx_word' id='word_1_643' title='bbox 3285 4386 3613 4460; x_wconf 68' lang='lat' dir='ltr'>8._FELcus.</span> 
     </span>
    </p>
   </div>
   <div class='ocr_carea' id='block_1_44' title="bbox 232 4458 3613 4532">
    <p class='ocr_par' dir='ltr' id='par_1_44' title="bbox 232 4458 3613 4532">
     <span class='ocr_line' id='line_1_44' title="bbox 232 4458 3613 4532; baseline 0 -21"><span class='ocrx_word' id='word_1_644' title='bbox 232 4464 391 4525; x_wconf 79' lang='lat' dir='ltr'>cepta</span> <span class='ocrx_word' id='word_1_645' title='bbox 415 4474 539 4512; x_wconf 87' lang='lat' dir='ltr'>sum</span> <span class='ocrx_word' id='word_1_646' title='bbox 566 4476 601 4514; x_wconf 89' lang='lat' dir='ltr'>a</span> <span class='ocrx_word' id='word_1_647' title='bbox 629 4460 877 4529; x_wconf 86' lang='lat' dir='ltr'>Domino,</span> <span class='ocrx_word' id='word_1_648' title='bbox 909 4467 968 4514; x_wconf 74' lang='lat' dir='ltr'>ut</span> <span class='ocrx_word' id='word_1_649' title='bbox 986 4464 1207 4529; x_wconf 82' lang='lat' dir='ltr'>peccata</span> <span class='ocrx_word' id='word_1_650' title='bbox 1230 4464 1331 4516; x_wconf 84' lang='lat' dir='ltr'>tua</span> <span class='ocrx_word' id='word_1_651' title='bbox 1358 4458 1608 4532; x_wconf 62' lang='lat' dir='ltr'>arguam.</span> <span class='ocrx_word' id='word_1_652' title='bbox 1640 4465 1878 4517; x_wconf 86' lang='lat' dir='ltr'>Domina</span> <span class='ocrx_word' id='word_1_653' title='bbox 1982 4493 2053 4504; x_wconf 95' lang='lat'>—</span> <span class='ocrx_word' id='word_1_654' title='bbox 2082 4463 2270 4518; x_wconf 91' lang='lat' dir='ltr'>Locus</span> <span class='ocrx_word' id='word_1_655' title='bbox 2297 4461 2457 4517; x_wconf 82' lang='lat' dir='ltr'>Alex.</span> <span class='ocrx_word' id='word_1_656' title='bbox 2491 4465 2677 4516; x_wconf 82' lang='lat' dir='ltr'>exstat</span> <span class='ocrx_word' id='word_1_657' title='bbox 2708 4464 2927 4532; x_wconf 85' lang='grc' dir='ltr'>Στρωμ..</span> <span class='ocrx_word' id='word_1_658' title='bbox 2962 4458 3062 4532; x_wconf 79' lang='lat' dir='ltr'>lib.</span> <span class='ocrx_word' id='word_1_659' title='bbox 3088 4475 3130 4532; x_wconf 83' lang='lat'>1,_</span> <span class='ocrx_word' id='word_1_660' title='bbox 3161 4458 3391 4532; x_wconf 47' lang='lat'>08.13329,</span> <span class='ocrx_word' id='word_1_661' title='bbox 3418 4458 3613 4532; x_wconf 67' lang='lat' dir='ltr'>p.426,</span> 
     </span>
    </p>
   </div>
   <div class='ocr_carea' id='block_1_45' title="bbox 224 4529 3617 4606">
    <p class='ocr_par' dir='ltr' id='par_1_45' title="bbox 224 4529 3617 4606">
     <span class='ocr_line' id='line_1_45' title="bbox 224 4529 3617 4606; baseline -0.007 2"><span class='ocrx_word' id='word_1_662' title='bbox 224 4536 467 4606; x_wconf 52' lang='lat'>&quot;&quot;719‘“.</span> <span class='ocrx_word' id='word_1_663' title='bbox 483 4546 580 4606; x_wconf 74' lang='grc' dir='ltr'>Ῑηε</span> <span class='ocrx_word' id='word_1_664' title='bbox 602 4532 796 4606; x_wconf 59' lang='grc' dir='ltr'>βνθυίδ</span> <span class='ocrx_word' id='word_1_665' title='bbox 823 4534 848 4584; x_wconf 63' lang='grc' dir='ltr'><em>Ῡ</em></span> <span class='ocrx_word' id='word_1_666' title='bbox 1185 4603 1194 4606; x_wconf 88' lang='lat'><strong><em>_</em></strong></span> <span class='ocrx_word' id='word_1_667' title='bbox 1426 4529 1461 4606; x_wconf 43' lang='grc'>⁷,</span> <span class='ocrx_word' id='word_1_668' title='bbox 1537 4604 1558 4606; x_wconf 97' lang='lat'>_</span> <span class='ocrx_word' id='word_1_669' title='bbox 1690 4605 1696 4606; x_wconf 16' lang='grc' dir='ltr'>ί</span> <span class='ocrx_word' id='word_1_670' title='bbox 1981 4534 2081 4590; x_wconf 84' lang='lat' dir='ltr'>sed</span> <span class='ocrx_word' id='word_1_671' title='bbox 2114 4534 2349 4606; x_wconf 90' lang='lat' dir='ltr'>respicit</span> <span class='ocrx_word' id='word_1_672' title='bbox 2377 4534 2483 4589; x_wconf 89' lang='lat' dir='ltr'>vis.</span> <span class='ocrx_word' id='word_1_673' title='bbox 2528 4549 2611 4597; x_wconf 84' lang='lat'>111,</span> <span class='ocrx_word' id='word_1_674' title='bbox 2653 4529 2794 4603; x_wconf 52' lang='lat' dir='ltr'>cap.</span> <span class='ocrx_word' id='word_1_675' title='bbox 2832 4529 2882 4585; x_wconf 70' lang='lat'>4.</span> <span class='ocrx_word' id='word_1_676' title='bbox 2934 4529 3166 4585; x_wconf 88' lang='lat' dir='ltr'>Videsis</span> <span class='ocrx_word' id='word_1_677' title='bbox 3209 4529 3385 4606; x_wconf 84' lang='lat' dir='ltr'>etiam</span> <span class='ocrx_word' id='word_1_678' title='bbox 3417 4529 3617 4606; x_wconf 50' lang='lat' dir='ltr'>lib;_11,</span> 
     </span>
    </p>
   </div>
   <div class='ocr_carea' id='block_1_46' title="bbox 322 4599 3615 4675">
    <p class='ocr_par' dir='ltr' id='par_1_46' title="bbox 322 4599 3615 4675">
     <span class='ocr_line' id='line_1_46' title="bbox 322 4599 3615 4675; baseline -0 -20"><span class='ocrx_word' id='word_1_679' title='bbox 322 4599 416 4675; x_wconf 70' lang='lat'>8?)</span> <span class='ocrx_word' id='word_1_680' title='bbox 448 4601 553 4656; x_wconf 85' lang='lat' dir='ltr'>Ms.</span> <span class='ocrx_word' id='word_1_681' title='bbox 588 4599 777 4675; x_wconf 70' lang='lat' dir='ltr'>carm.</span> <span class='ocrx_word' id='word_1_682' title='bbox 813 4607 1116 4675; x_wconf 66' lang='lat' dir='ltr'>Praecepta,</span> <span class='ocrx_word' id='word_1_683' title='bbox 1148 4603 1300 4658; x_wconf 88' lang='lat' dir='ltr'>sicut</span> <span class='ocrx_word' id='word_1_684' title='bbox 1333 4603 1503 4658; x_wconf 90' lang='lat' dir='ltr'>modo</span> <span class='ocrx_word' id='word_1_685' title='bbox 1536 4604 1741 4659; x_wconf 89' lang='lat' dir='ltr'>Lamb.</span> <span class='ocrx_word' id='word_1_686' title='bbox 1981 4607 2178 4661; x_wconf 90' lang='lat' dir='ltr'>mand.</span> <span class='ocrx_word' id='word_1_687' title='bbox 2212 4599 2290 4660; x_wconf 74' lang='lat' dir='ltr'>ix.</span> <span class='ocrx_word' id='word_1_688' title='bbox 2337 4606 2570 4661; x_wconf 87' lang='lat' dir='ltr'>Eadem.</span> <span class='ocrx_word' id='word_1_689' title='bbox 2610 4599 2851 4675; x_wconf 80' lang='lat' dir='ltr'>quoque</span> <span class='ocrx_word' id='word_1_690' title='bbox 2888 4618 3008 4675; x_wconf 25' lang='lat' dir='ltr'>Avox</span> <span class='ocrx_word' id='word_1_691' title='bbox 3049 4604 3369 4675; x_wconf 72' lang='lat' dir='ltr'>usurpatur</span> <span class='ocrx_word' id='word_1_692' title='bbox 3411 4618 3444 4655; x_wconf 90' lang='lat' dir='ltr'>a</span> <span class='ocrx_word' id='word_1_693' title='bbox 3472 4599 3615 4675; x_wconf 82' lang='lat' dir='ltr'>_Cle-</span> 
     </span>
    </p>
   </div>
   <div class='ocr_carea' id='block_1_47' title="bbox 319 4671 3618 4745">
    <p class='ocr_par' dir='ltr' id='par_1_47' title="bbox 319 4671 3618 4745">
     <span class='ocr_line' id='line_1_47' title="bbox 319 4671 3618 4745; baseline 0 -18"><span class='ocrx_word' id='word_1_694' title='bbox 319 4671 411 4745; x_wconf 79' lang='lat'>90)</span> <span class='ocrx_word' id='word_1_695' title='bbox 446 4677 611 4745; x_wconf 78' lang='lat' dir='ltr'>Deest</span> <span class='ocrx_word' id='word_1_696' title='bbox 632 4673 737 4729; x_wconf 88' lang='lat' dir='ltr'>huc</span> <span class='ocrx_word' id='word_1_697' title='bbox 766 4673 824 4727; x_wconf 88' lang='lat' dir='ltr'>in</span> <span class='ocrx_word' id='word_1_698' title='bbox 854 4674 1025 4728; x_wconf 90' lang='lat' dir='ltr'>codd.</span> <span class='ocrx_word' id='word_1_699' title='bbox 1060 4674 1119 4729; x_wconf 90' lang='lat' dir='ltr'>S.</span> <span class='ocrx_word' id='word_1_700' title='bbox 1150 4676 1341 4729; x_wconf 88' lang='lat' dir='ltr'>Germ.</span> <span class='ocrx_word' id='word_1_701' title='bbox 1375 4679 1433 4730; x_wconf 90' lang='lat' dir='ltr'>et</span> <span class='ocrx_word' id='word_1_702' title='bbox 1460 4675 1517 4729; x_wconf 88' lang='lat' dir='ltr'>S.</span> <span class='ocrx_word' id='word_1_703' title='bbox 1547 4675 1695 4730; x_wconf 87' lang='lat' dir='ltr'>Vict.</span> <span class='ocrx_word' id='word_1_704' title='bbox 1978 4682 2171 4733; x_wconf 90' lang='lat' dir='ltr'>mente</span> <span class='ocrx_word' id='word_1_705' title='bbox 2200 4678 2482 4741; x_wconf 81' lang='lat' dir='ltr'>Romano,</span> <span class='ocrx_word' id='word_1_706' title='bbox 2514 4671 2681 4745; x_wconf 72' lang='lat' dir='ltr'>Epist.</span> <span class='ocrx_word' id='word_1_707' title='bbox 2715 4671 2836 4729; x_wconf 52' lang='lat' dir='ltr'>I&#39;ad</span> <span class='ocrx_word' id='word_1_708' title='bbox 2869 4672 3012 4727; x_wconf 64' lang='lat' dir='ltr'>Con.</span> <span class='ocrx_word' id='word_1_709' title='bbox 3055 4671 3303 4745; x_wconf 50' lang='lat' dir='ltr'>capﬁ23,</span> <span class='ocrx_word' id='word_1_710' title='bbox 3354 4675 3422 4745; x_wconf 71' lang='lat' dir='ltr'>et</span> <span class='ocrx_word' id='word_1_711' title='bbox 3464 4672 3618 4742; x_wconf 79' lang='lat' dir='ltr'>Epist</span> 
     </span>
    </p>
   </div>
   <div class='ocr_carea' id='block_1_48' title="bbox 295 4740 3621 4820">
    <p class='ocr_par' dir='ltr' id='par_1_48' title="bbox 295 4740 3621 4820">
     <span class='ocr_line' id='line_1_48' title="bbox 295 4740 3621 4820; baseline -0.001 -21"><span class='ocrx_word' id='word_1_712' title='bbox 295 4740 646 4820; x_wconf 58' lang='lat' dir='ltr'>(9})_L_a_mb.</span> <span class='ocrx_word' id='word_1_713' title='bbox 679 4750 737 4820; x_wconf 83' lang='lat' dir='ltr'>et</span> <span class='ocrx_word' id='word_1_714' title='bbox 763 4748 953 4820; x_wconf 78' lang='lat' dir='ltr'>Carm.</span> <span class='ocrx_word' id='word_1_715' title='bbox 986 4745 1414 4820; x_wconf 56' lang='lat' dir='ltr'>incipiodicefe.</span> <span class='ocrx_word' id='word_1_716' title='bbox 1483 4817 1497 4820; x_wconf 82' lang='lat'><strong><em>_</em></strong></span> <span class='ocrx_word' id='word_1_717' title='bbox 1601 4817 1612 4820; x_wconf 92' lang='lat'>_</span> <span class='ocrx_word' id='word_1_718' title='bbox 1786 4818 1798 4820; x_wconf 21' lang='lat'><em>4</em></span> <span class='ocrx_word' id='word_1_719' title='bbox 1976 4750 2044 4815; x_wconf 88' lang='lat' dir='ltr'>II,</span> <span class='ocrx_word' id='word_1_720' title='bbox 2073 4766 2208 4820; x_wconf 64' lang='lat' dir='ltr'>cap.</span> <span class='ocrx_word' id='word_1_721' title='bbox 2232 4750 2318 4803; x_wconf 91' lang='grc'>11.</span> <span class='ocrx_word' id='word_1_722' title='bbox 2352 4740 2636 4820; x_wconf 84' lang='lat' dir='ltr'>Caeterum</span> <span class='ocrx_word' id='word_1_723' title='bbox 2669 4745 2827 4820; x_wconf 61' lang='lat' dir='ltr'>nunc</span> <span class='ocrx_word' id='word_1_724' title='bbox 2866 4749 3104 4820; x_wconf 67' lang='lat' dir='ltr'>Hermae</span> <span class='ocrx_word' id='word_1_725' title='bbox 3125 4740 3332 4820; x_wconf 55' lang='lat' dir='ltr'>locum</span> <span class='ocrx_word' id='word_1_726' title='bbox 3363 4740 3621 4797; x_wconf 79' lang='lat' dir='ltr'>illustrat</span> 
     </span>
    </p>
   </div>
   <div class='ocr_carea' id='block_1_49' title="bbox 294 4813 3615 4888">
    <p class='ocr_par' dir='ltr' id='par_1_49' title="bbox 294 4813 3615 4888">
     <span class='ocr_line' id='line_1_49' title="bbox 294 4813 3615 4888; baseline 0 -21"><span class='ocrx_word' id='word_1_727' title='bbox 294 4813 576 4888; x_wconf 29' lang='lat' dir='ltr'>(92)‘V_ide</span> <span class='ocrx_word' id='word_1_728' title='bbox 606 4816 758 4871; x_wconf 89' lang='lat' dir='ltr'>infra</span> <span class='ocrx_word' id='word_1_729' title='bbox 782 4816 883 4871; x_wconf 91' lang='lat' dir='ltr'>lib.</span> <span class='ocrx_word' id='word_1_730' title='bbox 936 4833 1001 4883; x_wconf 89' lang='lat'>11,</span> <span class='ocrx_word' id='word_1_731' title='bbox 1030 4813 1228 4871; x_wconf 81' lang='lat' dir='ltr'>mand.</span> <span class='ocrx_word' id='word_1_732' title='bbox 1275 4834 1314 4870; x_wconf 87' lang='lat'>1.</span> <span class='ocrx_word' id='word_1_733' title='bbox 1342 4817 1567 4872; x_wconf 88' lang='lat' dir='ltr'>Laudat</span> <span class='ocrx_word' id='word_1_734' title='bbox 1601 4817 1755 4874; x_wconf 87' lang='lat' dir='ltr'>hunc</span> <span class='ocrx_word' id='word_1_735' title='bbox 1785 4818 1867 4875; x_wconf 91' lang='lat' dir='ltr'>lo-</span> <span class='ocrx_word' id='word_1_736' title='bbox 1976 4813 2312 4876; x_wconf 64' lang='lat' dir='ltr'>Dodvvellus</span> <span class='ocrx_word' id='word_1_737' title='bbox 2341 4820 2398 4873; x_wconf 94' lang='lat' dir='ltr'>in</span> <span class='ocrx_word' id='word_1_738' title='bbox 2430 4819 2662 4874; x_wconf 90' lang='lat' dir='ltr'>dissert.</span> <span class='ocrx_word' id='word_1_739' title='bbox 2694 4817 2767 4871; x_wconf 91' lang='lat' dir='ltr'>De</span> <span class='ocrx_word' id='word_1_740' title='bbox 2795 4818 2944 4872; x_wconf 84' lang='lat' dir='ltr'>Rom.</span> <span class='ocrx_word' id='word_1_741' title='bbox 2975 4814 3180 4888; x_wconf 70' lang='lat' dir='ltr'>ponti/1</span> <span class='ocrx_word' id='word_1_742' title='bbox 3231 4828 3454 4881; x_wconf 87' lang='lat' dir='ltr'>succes.,</span> <span class='ocrx_word' id='word_1_743' title='bbox 3488 4829 3615 4886; x_wconf 89' lang='lat' dir='ltr'>cap.</span> 
     </span>
    </p>
   </div>
   <div class='ocr_carea' id='block_1_50' title="bbox 222 4884 2533 4963">
    <p class='ocr_par' dir='ltr' id='par_1_50' title="bbox 222 4884 2533 4963">
     <span class='ocr_line' id='line_1_50' title="bbox 222 4884 2533 4963; baseline 0.002 -24"><span class='ocrx_word' id='word_1_744' title='bbox 222 4900 362 4963; x_wconf 63' lang='lat' dir='ltr'>cum</span> <span class='ocrx_word' id='word_1_745' title='bbox 394 4884 670 4963; x_wconf 82' lang='lat' dir='ltr'>Drigenes</span> <span class='ocrx_word' id='word_1_746' title='bbox 704 4892 845 4963; x_wconf 81' lang='lat' dir='ltr'>tom.</span> <span class='ocrx_word' id='word_1_747' title='bbox 876 4888 898 4942; x_wconf 95' lang='grc' dir='ltr'>Ι</span> <span class='ocrx_word' id='word_1_748' title='bbox 929 4888 1227 4963; x_wconf 57' lang='lat' dir='ltr'>Comment,</span> <span class='ocrx_word' id='word_1_749' title='bbox 1259 4890 1317 4942; x_wconf 83' lang='lat' dir='ltr'>in</span> <span class='ocrx_word' id='word_1_750' title='bbox 1348 4890 1554 4963; x_wconf 59' lang='lat'>10971.1,</span> <span class='ocrx_word' id='word_1_751' title='bbox 1589 4890 1637 4943; x_wconf 93' lang='grc'>1.</span> <span class='ocrx_word' id='word_1_752' title='bbox 1673 4890 1869 4946; x_wconf 81' lang='lat' dir='ltr'>Graeca</span> <span class='ocrx_word' id='word_1_753' title='bbox 1978 4894 2063 4959; x_wconf 89' lang='grc'>11,</span> <span class='ocrx_word' id='word_1_754' title='bbox 2100 4891 2210 4963; x_wconf 85' lang='lat'>§6,</span> <span class='ocrx_word' id='word_1_755' title='bbox 2244 4908 2377 4963; x_wconf 89' lang='lat' dir='ltr'>pag.</span> <span class='ocrx_word' id='word_1_756' title='bbox 2412 4891 2533 4945; x_wconf 88' lang='grc'>160.</span> 
     </span>
    </p>
   </div>
   <div class='ocr_carea' id='block_1_51' title="bbox 222 4955 2503 5033">
    <p class='ocr_par' dir='ltr' id='par_1_51' title="bbox 222 4955 2503 5033">
     <span class='ocr_line' id='line_1_51' title="bbox 222 4955 2503 5033; baseline 0.004 -23"><span class='ocrx_word' id='word_1_757' title='bbox 222 4955 578 5033; x_wconf 62' lang='grc' dir='ltr'>Οτὶεφηὶθέῄα</span> <span class='ocrx_word' id='word_1_758' title='bbox 606 4959 960 5033; x_wconf 77' lang='lat' dir='ltr'>protulimus</span> <span class='ocrx_word' id='word_1_759' title='bbox 991 4977 1169 5033; x_wconf 85' lang='lat' dir='ltr'>supra</span> <span class='ocrx_word' id='word_1_760' title='bbox 1207 4959 1363 5033; x_wconf 83' lang='lat' dir='ltr'>inter</span> <span class='ocrx_word' id='word_1_761' title='bbox 1406 4961 1675 5033; x_wconf 86' lang='lat' dir='ltr'>Veterum</span> <span class='ocrx_word' id='word_1_762' title='bbox 1708 4963 1869 5017; x_wconf 88' lang='lat' dir='ltr'>testi-</span> <span class='ocrx_word' id='word_1_763' title='bbox 2044 4955 2128 5033; x_wconf 70' lang='grc'>(1)</span> <span class='ocrx_word' id='word_1_764' title='bbox 2153 4955 2353 5019; x_wconf 43' lang='lat' dir='ltr'>Lamb:</span> <span class='ocrx_word' id='word_1_765' title='bbox 2381 4964 2503 5019; x_wconf 92' lang='lat' dir='ltr'>Deo.</span> 
     </span>
    </p>
   </div>
   <div class='ocr_carea' id='block_1_52' title="bbox 220 5028 2955 5106">
    <p class='ocr_par' dir='ltr' id='par_1_52' title="bbox 220 5028 2955 5106">
     <span class='ocr_line' id='line_1_52' title="bbox 220 5028 2955 5106; baseline 0.001 -25"><span class='ocrx_word' id='word_1_766' title='bbox 220 5028 446 5106; x_wconf 77' lang='lat' dir='ltr'>_moni_a,</span> <span class='ocrx_word' id='word_1_767' title='bbox 478 5045 545 5083; x_wconf 82' lang='lat' dir='ltr'>ex</span> <span class='ocrx_word' id='word_1_768' title='bbox 570 5028 713 5106; x_wconf 77' lang='lat' dir='ltr'>edit.</span> <span class='ocrx_word' id='word_1_769' title='bbox 738 5030 828 5106; x_wconf 86' lang='lat' dir='ltr'>_Cl.</span> <span class='ocrx_word' id='word_1_770' title='bbox 862 5028 1117 5085; x_wconf 50' lang='lat' dir='ltr'>Huetii&#39;a</span> <span class='ocrx_word' id='word_1_771' title='bbox 1146 5031 1609 5103; x_wconf 69' lang='lat' dir='ltr'>praecedentibus</span> <span class='ocrx_word' id='word_1_772' title='bbox 1640 5033 1867 5088; x_wconf 90' lang='lat' dir='ltr'>editori-</span> <span class='ocrx_word' id='word_1_773' title='bbox 2045 5028 2119 5106; x_wconf 56' lang='grc'>(2⁷)</span> <span class='ocrx_word' id='word_1_774' title='bbox 2150 5035 2348 5106; x_wconf 86' lang='lat' dir='ltr'>Lamb.</span> <span class='ocrx_word' id='word_1_775' title='bbox 2379 5035 2629 5106; x_wconf 77' lang='lat' dir='ltr'>pessimis</span> <span class='ocrx_word' id='word_1_776' title='bbox 2659 5036 2684 5086; x_wconf 77' lang='lat'><em>?</em></span> <span class='ocrx_word' id='word_1_777' title='bbox 2711 5032 2955 5106; x_wconf 69' lang='lat' dir='ltr'>quantis.</span> 
     </span>
    </p>
   </div>
   <div class='ocr_carea' id='block_1_53' title="bbox 216 5036 3614 5175">
    <p class='ocr_par' dir='ltr' id='par_1_53' title="bbox 216 5036 3614 5175">
     <span class='ocr_line' id='line_1_53' title="bbox 220 5036 2955 5106; baseline 0.002 -26"><span class='ocrx_word' id='word_1_778' title='bbox 220 5036 446 5097; x_wconf 83' lang='lat' dir='ltr'>monia,</span> <span class='ocrx_word' id='word_1_779' title='bbox 478 5045 545 5083; x_wconf 82' lang='lat' dir='ltr'>ex</span> <span class='ocrx_word' id='word_1_780' title='bbox 575 5036 713 5084; x_wconf 90' lang='lat' dir='ltr'>edit.</span> <span class='ocrx_word' id='word_1_781' title='bbox 747 5036 828 5085; x_wconf 86' lang='lat' dir='ltr'>Cl.</span> <span class='ocrx_word' id='word_1_782' title='bbox 862 5036 1053 5085; x_wconf 82' lang='lat' dir='ltr'>Huetii</span> <span class='ocrx_word' id='word_1_783' title='bbox 1084 5048 1117 5085; x_wconf 92' lang='lat' dir='ltr'>a</span> <span class='ocrx_word' id='word_1_784' title='bbox 1146 5036 1609 5103; x_wconf 69' lang='lat' dir='ltr'>praecedentibus</span> <span class='ocrx_word' id='word_1_785' title='bbox 1640 5036 1867 5088; x_wconf 90' lang='lat' dir='ltr'>editori-</span> <span class='ocrx_word' id='word_1_786' title='bbox 2045 5036 2099 5103; x_wconf 83' lang='lat'>(2</span> <span class='ocrx_word' id='word_1_787' title='bbox 2150 5036 2348 5089; x_wconf 89' lang='lat' dir='ltr'>Lamb.</span> <span class='ocrx_word' id='word_1_788' title='bbox 2379 5036 2629 5106; x_wconf 77' lang='lat' dir='ltr'>pessimis</span> <span class='ocrx_word' id='word_1_789' title='bbox 2659 5036 2684 5086; x_wconf 77' lang='lat'><em>?</em></span> <span class='ocrx_word' id='word_1_790' title='bbox 2711 5036 2955 5104; x_wconf 79' lang='lat' dir='ltr'>quantis.</span> 
     </span>
     <span class='ocr_line' id='line_1_54' title="bbox 216 5036 3614 5175; baseline -0.007 1"><span class='ocrx_word' id='word_1_791' title='bbox 216 5098 602 5175; x_wconf 57' lang='grc' dir='ltr'>δυὲἶῗαὲίωίξ</span> <span class='ocrx_word' id='word_1_792' title='bbox 636 5101 872 5175; x_wconf 67' lang='grc' dir='ltr'>οΨίεεθο</span> <span class='ocrx_word' id='word_1_793' title='bbox 1348 5173 1357 5175; x_wconf 78' lang='lat'><strong><em>_</em></strong></span> <span class='ocrx_word' id='word_1_794' title='bbox 1510 5173 1524 5175; x_wconf 87' lang='lat'>_</span> <span class='ocrx_word' id='word_1_795' title='bbox 1545 5174 1559 5175; x_wconf 22' lang='grc' dir='ltr'>ί</span> <span class='ocrx_word' id='word_1_796' title='bbox 2045 5036 2121 5175; x_wconf 58' lang='grc'>(3)</span> <span class='ocrx_word' id='word_1_797' title='bbox 2147 5105 2379 5161; x_wconf 87' lang='lat' dir='ltr'>Hieron.</span> <span class='ocrx_word' id='word_1_798' title='bbox 2411 5106 2472 5160; x_wconf 90' lang='lat' dir='ltr'>in</span> <span class='ocrx_word' id='word_1_799' title='bbox 2503 5106 2632 5161; x_wconf 88' lang='lat' dir='ltr'>Osee</span> <span class='ocrx_word' id='word_1_800' title='bbox 2685 5122 2786 5173; x_wconf 90' lang='lat' dir='ltr'>v11,</span> <span class='ocrx_word' id='word_1_801' title='bbox 2809 5104 3086 5157; x_wconf 74' lang='lat' dir='ltr'>9.Hermae</span> <span class='ocrx_word' id='word_1_802' title='bbox 3115 5099 3361 5168; x_wconf 87' lang='lat' dir='ltr'>primum</span> <span class='ocrx_word' id='word_1_803' title='bbox 3394 5098 3614 5154; x_wconf 82' lang='lat' dir='ltr'>videtur</span> 
     </span>
    </p>
   </div>
   <div class='ocr_carea' id='block_1_54' title="bbox 291 5170 2603 5248">
    <p class='ocr_par' dir='ltr' id='par_1_54' title="bbox 291 5170 2603 5248">
     <span class='ocr_line' id='line_1_55' title="bbox 291 5170 2603 5248; baseline 0.003 -25"><span class='ocrx_word' id='word_1_804' title='bbox 291 5170 405 5242; x_wconf 91' lang='lat'>(93)</span> <span class='ocrx_word' id='word_1_805' title='bbox 439 5172 642 5248; x_wconf 82' lang='lat' dir='ltr'>Lamb.</span> <span class='ocrx_word' id='word_1_806' title='bbox 676 5173 818 5248; x_wconf 76' lang='lat' dir='ltr'>Num</span> <span class='ocrx_word' id='word_1_807' title='bbox 845 5181 1125 5248; x_wconf 65' lang='lat' dir='ltr'>semperie</span> <span class='ocrx_word' id='word_1_808' title='bbox 1155 5189 1217 5229; x_wconf 87' lang='lat' dir='ltr'>ac</span> <span class='ocrx_word' id='word_1_809' title='bbox 1244 5175 1296 5228; x_wconf 90' lang='lat' dir='ltr'>si</span> <span class='ocrx_word' id='word_1_810' title='bbox 1318 5173 1637 5248; x_wconf 17' lang='lat' dir='ltr'>AdeamMox</span> <span class='ocrx_word' id='word_1_811' title='bbox 1669 5181 1863 5231; x_wconf 91' lang='lat' dir='ltr'>autem</span> <span class='ocrx_word' id='word_1_812' title='bbox 1973 5170 2213 5232; x_wconf 82' lang='lat' dir='ltr'>Ecclesia</span> <span class='ocrx_word' id='word_1_813' title='bbox 2242 5193 2375 5232; x_wconf 90' lang='lat' dir='ltr'>cano</span> <span class='ocrx_word' id='word_1_814' title='bbox 2404 5179 2603 5248; x_wconf 77' lang='lat' dir='ltr'>capite.</span> 
     </span>
    </p>
   </div>
   <div class='ocr_carea' id='block_1_55' title="bbox 260 5241 3575 5319">
    <p class='ocr_par' dir='ltr' id='par_1_55' title="bbox 260 5241 3575 5319">
     <span class='ocr_line' id='line_1_56' title="bbox 260 5241 3575 5319; baseline 0 -24"><span class='ocrx_word' id='word_1_815' title='bbox 260 5257 324 5296; x_wconf 90' lang='lat' dir='ltr'>ro</span> <span class='ocrx_word' id='word_1_816' title='bbox 370 5246 658 5311; x_wconf 80' lang='lat' dir='ltr'>reveritus,</span> <span class='ocrx_word' id='word_1_817' title='bbox 691 5244 882 5299; x_wconf 87' lang='lat' dir='ltr'>Fellus</span> <span class='ocrx_word' id='word_1_818' title='bbox 935 5241 1167 5301; x_wconf 81' lang='lat' dir='ltr'>exhibet</span> <span class='ocrx_word' id='word_1_819' title='bbox 1206 5246 1412 5301; x_wconf 78' lang='lat' dir='ltr'>veritus</span> <span class='ocrx_word' id='word_1_820' title='bbox 1462 5247 1519 5300; x_wconf 90' lang='lat' dir='ltr'>in</span> <span class='ocrx_word' id='word_1_821' title='bbox 1569 5263 1678 5301; x_wconf 88' lang='lat' dir='ltr'>sua</span> <span class='ocrx_word' id='word_1_822' title='bbox 1724 5248 1860 5302; x_wconf 88' lang='lat' dir='ltr'>edit.</span> <span class='ocrx_word' id='word_1_823' title='bbox 2045 5250 2120 5319; x_wconf 82' lang='grc'>(4)</span> <span class='ocrx_word' id='word_1_824' title='bbox 2154 5248 2354 5303; x_wconf 90' lang='lat' dir='ltr'>Lamb.</span> <span class='ocrx_word' id='word_1_825' title='bbox 2387 5241 2646 5319; x_wconf 72' lang='lat' dir='ltr'>candida.</span> <span class='ocrx_word' id='word_1_826' title='bbox 2679 5247 2750 5301; x_wconf 91' lang='lat' dir='ltr'>Et</span> <span class='ocrx_word' id='word_1_827' title='bbox 2776 5261 2929 5311; x_wconf 85' lang='lat' dir='ltr'>mox,</span> <span class='ocrx_word' id='word_1_828' title='bbox 2960 5242 3265 5313; x_wconf 83' lang='lat' dir='ltr'>singularis</span> <span class='ocrx_word' id='word_1_829' title='bbox 3305 5256 3409 5312; x_wconf 91' lang='lat' dir='ltr'>pro</span> <span class='ocrx_word' id='word_1_830' title='bbox 3440 5241 3575 5296; x_wconf 88' lang='lat' dir='ltr'>sola.</span> 
     </span>
    </p>
   </div>
   <div class='ocr_carea' id='block_1_56' title="bbox 262 5318 2771 5386">
    <p class='ocr_par' dir='ltr' id='par_1_56' title="bbox 262 5318 2771 5386">
     <span class='ocr_line' id='line_1_57' title="bbox 262 5318 2771 5386; baseline -0.006 0"><span class='ocrx_word' id='word_1_831' title='bbox 262 5328 400 5386; x_wconf 52' lang='grc' dir='ltr'>Χρηέ</span> <span class='ocrx_word' id='word_1_832' title='bbox 439 5384 457 5386; x_wconf 28' lang='grc' dir='ltr'><em>Α</em></span> <span class='ocrx_word' id='word_1_833' title='bbox 2044 5320 2121 5386; x_wconf 89' lang='lat'>(5)</span> <span class='ocrx_word' id='word_1_834' title='bbox 2152 5319 2292 5375; x_wconf 90' lang='lat' dir='ltr'>Mss.</span> <span class='ocrx_word' id='word_1_835' title='bbox 2328 5318 2495 5385; x_wconf 79' lang='lat' dir='ltr'>Angl.</span> <span class='ocrx_word' id='word_1_836' title='bbox 2527 5319 2771 5374; x_wconf 83' lang='lat' dir='ltr'>lascivia.</span> 
     </span>
    </p>
   </div>
   <div class='ocr_carea' id='block_1_57' title="bbox 311 5382 3613 5457">
    <p class='ocr_par' dir='ltr' id='par_1_57' title="bbox 311 5382 3613 5457">
     <span class='ocr_line' id='line_1_58' title="bbox 311 5382 3613 5457; baseline -0.005 0"><span class='ocrx_word' id='word_1_837' title='bbox 311 5384 404 5457; x_wconf 72' lang='grc'>94)</span> <span class='ocrx_word' id='word_1_838' title='bbox 434 5384 637 5457; x_wconf 69' lang='lat' dir='ltr'>Lamb-</span> <span class='ocrx_word' id='word_1_839' title='bbox 673 5386 815 5454; x_wconf 62' lang='lat' dir='ltr'>Quid</span> <span class='ocrx_word' id='word_1_840' title='bbox 842 5389 952 5442; x_wconf 74' lang='lat' dir='ltr'>mei</span> <span class='ocrx_word' id='word_1_841' title='bbox 979 5390 1442 5444; x_wconf 69' lang='lat' dir='ltr'>commoraris.</span> <span class='ocrx_word' id='word_1_842' title='bbox 2042 5382 2119 5457; x_wconf 88' lang='lat'>(6)</span> <span class='ocrx_word' id='word_1_843' title='bbox 2150 5394 2253 5446; x_wconf 88' lang='lat' dir='ltr'>Ms.</span> <span class='ocrx_word' id='word_1_844' title='bbox 2287 5396 2342 5445; x_wconf 70' lang='grc' dir='ltr'>ὃ.</span> <span class='ocrx_word' id='word_1_845' title='bbox 2372 5382 2562 5445; x_wconf 86' lang='lat' dir='ltr'>Germ.</span> <span class='ocrx_word' id='word_1_846' title='bbox 2606 5385 2963 5457; x_wconf 86' lang='lat' dir='ltr'>illa,omissa</span> <span class='ocrx_word' id='word_1_847' title='bbox 2991 5399 3129 5439; x_wconf 90' lang='lat' dir='ltr'>voce</span> <span class='ocrx_word' id='word_1_848' title='bbox 3155 5382 3613 5454; x_wconf 81' lang='lat' dir='ltr'>concupiscentia.</span> 
     </span>
    </p>
   </div>
   <div class='ocr_carea' id='block_1_58' title="bbox 310 5456 2697 5533">
    <p class='ocr_par' dir='ltr' id='par_1_58' title="bbox 310 5456 2697 5533">
     <span class='ocr_line' id='line_1_59' title="bbox 310 5456 2697 5533; baseline 0.002 -22"><span class='ocrx_word' id='word_1_849' title='bbox 310 5456 404 5533; x_wconf 54' lang='lat'>96)</span> <span class='ocrx_word' id='word_1_850' title='bbox 430 5456 641 5533; x_wconf 44' lang='lat' dir='ltr'>Lamb:</span> <span class='ocrx_word' id='word_1_851' title='bbox 664 5459 769 5513; x_wconf 77' lang='lat' dir='ltr'>Aut</span> <span class='ocrx_word' id='word_1_852' title='bbox 794 5473 930 5533; x_wconf 50' lang='lat' dir='ltr'>non:</span> <span class='ocrx_word' id='word_1_853' title='bbox 1054 5529 1066 5533; x_wconf 93' lang='lat'><em>_</em></span> <span class='ocrx_word' id='word_1_854' title='bbox 2042 5456 2118 5533; x_wconf 87' lang='lat'>(7)</span> <span class='ocrx_word' id='word_1_855' title='bbox 2148 5465 2198 5515; x_wconf 81' lang='grc' dir='ltr'><strong>Μ</strong></span> <span class='ocrx_word' id='word_1_856' title='bbox 2251 5464 2441 5518; x_wconf 89' lang='lat' dir='ltr'>Carm.</span> <span class='ocrx_word' id='word_1_857' title='bbox 2477 5462 2697 5533; x_wconf 80' lang='lat' dir='ltr'>spiritu.</span> 
     </span>
    </p>
   </div>
   <div class='ocr_carea' id='block_1_59' title="bbox 308 5528 2708 5605">
    <p class='ocr_par' dir='ltr' id='par_1_59' title="bbox 308 5528 2708 5605">
     <span class='ocr_line' id='line_1_60' title="bbox 308 5528 2708 5605; baseline 0.002 -23"><span class='ocrx_word' id='word_1_858' title='bbox 430 5528 881 5605; x_wconf 58' lang='lat' dir='ltr'>Mss._Carm,_et</span> <span class='ocrx_word' id='word_1_859' title='bbox 908 5529 1108 5605; x_wconf 79' lang='lat' dir='ltr'>Lamb.</span> <span class='ocrx_word' id='word_1_860' title='bbox 1130 5546 1409 5605; x_wconf 52' lang='grc' dir='ltr'>ἐςεςιευιιηι.-</span> <span class='ocrx_word' id='word_1_861' title='bbox 1444 5600 1480 5605; x_wconf 87' lang='lat'>__</span> <span class='ocrx_word' id='word_1_862' title='bbox 1632 5601 1669 5605; x_wconf 97' lang='lat'>_</span> <span class='ocrx_word' id='word_1_863' title='bbox 2043 5528 2119 5602; x_wconf 76' lang='lat'>(8)</span> <span class='ocrx_word' id='word_1_864' title='bbox 2150 5534 2353 5605; x_wconf 89' lang='lat' dir='ltr'>Lamb.</span> <span class='ocrx_word' id='word_1_865' title='bbox 2384 5528 2708 5605; x_wconf 72' lang='lat' dir='ltr'>pollutione.</span> 
     </span>
    </p>
   </div>
   <div class='ocr_carea' id='block_1_60' title="bbox 217 5599 3178 5678">
    <p class='ocr_par' dir='ltr' id='par_1_60' title="bbox 217 5599 3178 5678">
     <span class='ocr_line' id='line_1_61' title="bbox 217 5599 3178 5678; baseline 0 -27"><span class='ocrx_word' id='word_1_866' title='bbox 217 5599 401 5678; x_wconf 47' lang='lat'>“(97)</span> <span class='ocrx_word' id='word_1_867' title='bbox 437 5599 639 5678; x_wconf 85' lang='lat' dir='ltr'>Lamb.</span> <span class='ocrx_word' id='word_1_868' title='bbox 689 5600 850 5678; x_wconf 81' lang='lat' dir='ltr'>addit</span> <span class='ocrx_word' id='word_1_869' title='bbox 898 5602 1072 5655; x_wconf 86' lang='lat' dir='ltr'>illius.</span> <span class='ocrx_word' id='word_1_870' title='bbox 1124 5601 1217 5657; x_wconf 91' lang='lat' dir='ltr'>Sic</span> <span class='ocrx_word' id='word_1_871' title='bbox 1266 5606 1324 5655; x_wconf 90' lang='lat' dir='ltr'>et</span> <span class='ocrx_word' id='word_1_872' title='bbox 1370 5600 1582 5655; x_wconf 86' lang='lat' dir='ltr'>Fellus.</span> <span class='ocrx_word' id='word_1_873' title='bbox 1632 5601 1698 5654; x_wconf 91' lang='lat' dir='ltr'>Et</span> <span class='ocrx_word' id='word_1_874' title='bbox 1730 5618 1861 5655; x_wconf 86' lang='lat' dir='ltr'>mox</span> <span class='ocrx_word' id='word_1_875' title='bbox 2040 5599 2345 5678; x_wconf 81' lang='lat' dir='ltr'>Lamb.</span> <span class='ocrx_word' id='word_1_876' title='bbox 2380 5599 2436 5659; x_wconf 80' lang='lat' dir='ltr'>et</span> <span class='ocrx_word' id='word_1_877' title='bbox 2467 5604 2657 5678; x_wconf 89' lang='lat' dir='ltr'>Carm.</span> <span class='ocrx_word' id='word_1_878' title='bbox 2692 5600 3178 5678; x_wconf 28' lang='lat' dir='ltr'>conuiolarisaev‘e.</span> 
     </span>
    </p>
   </div>
   <div class='ocr_carea' id='block_1_61' title="bbox 212 5669 3614 5746">
    <p class='ocr_par' dir='ltr' id='par_1_61' title="bbox 212 5669 3614 5746">
     <span class='ocr_line' id='line_1_62' title="bbox 212 5669 3614 5746; baseline -0 -20"><span class='ocrx_word' id='word_1_879' title='bbox 212 5669 516 5746; x_wconf 20' lang='lat' dir='ltr'>idemlms.</span> <span class='ocrx_word' id='word_1_880' title='bbox 551 5674 603 5746; x_wconf 81' lang='lat' dir='ltr'>ei</span> <span class='ocrx_word' id='word_1_881' title='bbox 632 5673 879 5746; x_wconf 78' lang='lat' dir='ltr'>equidem</span> <span class='ocrx_word' id='word_1_882' title='bbox 905 5689 1189 5742; x_wconf 86' lang='lat' dir='ltr'>magnum.</span> <span class='ocrx_word' id='word_1_883' title='bbox 1991 5744 1998 5746; x_wconf 18' lang='grc' dir='ltr'><strong>Α</strong></span> <span class='ocrx_word' id='word_1_884' title='bbox 2042 5669 2152 5746; x_wconf 80' lang='grc'>(10)</span> <span class='ocrx_word' id='word_1_885' title='bbox 2185 5676 2386 5731; x_wconf 90' lang='lat' dir='ltr'>Lamb.</span> <span class='ocrx_word' id='word_1_886' title='bbox 2418 5676 2640 5733; x_wconf 76' lang='lat' dir='ltr'>sanavit</span> <span class='ocrx_word' id='word_1_887' title='bbox 2668 5676 2854 5732; x_wconf 86' lang='lat' dir='ltr'>omnia</span> <span class='ocrx_word' id='word_1_888' title='bbox 2882 5686 3008 5745; x_wconf 69' lang='lat' dir='ltr'>quée</span> <span class='ocrx_word' id='word_1_889' title='bbox 3037 5675 3169 5726; x_wconf 81' lang='lat' dir='ltr'>ante</span> <span class='ocrx_word' id='word_1_890' title='bbox 3198 5676 3347 5739; x_wconf 82' lang='lat' dir='ltr'>gesta</span> <span class='ocrx_word' id='word_1_891' title='bbox 3397 5672 3524 5725; x_wconf 85' lang='lat' dir='ltr'>sunt</span> <span class='ocrx_word' id='word_1_892' title='bbox 3554 5671 3614 5725; x_wconf 87' lang='lat' dir='ltr'>in</span> 
     </span>
    </p>
   </div>
   <div class='ocr_carea' id='block_1_62' title="bbox 287 5384 307 5666">
    <p class='ocr_par' dir='ltr' id='par_1_62' title="bbox 287 5384 307 5666">
     <span class='ocr_line' id='line_1_63' title="bbox 287 5384 307 5666; baseline 0 0"><span class='ocrx_word' id='word_1_893' title='bbox 287 5384 307 5666; x_wconf 69' lang='grc' dir='ltr'><em>ξ</em></span> 
     </span>
    </p>
   </div>
   <div class='ocr_carea' id='block_1_63' title="bbox 285 5742 2452 5814">
    <p class='ocr_par' dir='ltr' id='par_1_63' title="bbox 285 5742 2452 5814">
     <span class='ocr_line' id='line_1_64' title="bbox 285 5742 2452 5814; baseline 0.004 -19"><span class='ocrx_word' id='word_1_894' title='bbox 285 5742 400 5814; x_wconf 91' lang='grc'>(98)</span> <span class='ocrx_word' id='word_1_895' title='bbox 432 5744 637 5801; x_wconf 87' lang='lat' dir='ltr'>Lamb.</span> <span class='ocrx_word' id='word_1_896' title='bbox 668 5742 778 5801; x_wconf 78' lang='lat' dir='ltr'>sibi</span> <span class='ocrx_word' id='word_1_897' title='bbox 805 5750 1115 5801; x_wconf 81' lang='lat' dir='ltr'>assumunt.</span> <span class='ocrx_word' id='word_1_898' title='bbox 1968 5742 2249 5804; x_wconf 55' lang='lat' dir='ltr'>domo&#39;tua</span> <span class='ocrx_word' id='word_1_899' title='bbox 2276 5748 2452 5806; x_wconf 85' lang='lat' dir='ltr'>mala.</span> 
     </span>
    </p>
   </div>
  </div>
