4086 6342
480 390 597 451 899
1978 387 2043 447 S.
2090 388 2093 445 ἶ

2302 385 2390 447 UE
3763 388 3871 452 900

476 522 758 579 domine?
786 523 856 577 Et
885 521 1029 577 dixit
1058 520 1202 575 mihi
1236 539 1248 589 ;
1282 519 1538 576 Ecclesia
1568 519 1666 575 Dei
1698 523 1804 575 est.
1839 520 1909 575 Et
1937 520 2057 574 dixi
2088 519 2159 575 ad
2191 518 2358 576 illum
2390 537 2405 576 :
2441 522 2626 587 Quare
2656 536 2793 594 ergo
2826 538 2975 577 anus
3008 520 3133 578 est?
3164 521 3471 592 Quoniam,
3506 521 3722 594 inquit,
3754 538 3867 579 om-

479 613 644 667 nium
678 612 867 683 prima
896 615 1085 665 creata
1113 614 1222 676 est,
1250 609 1379 665 ideo
1413 626 1561 664 anus
1590 627 1604 676 ;
1638 613 1696 663 et
1725 614 1955 681 propter
1984 608 2144 663 illam
2180 611 2439 665 mundus
2472 612 2658 665 factus
2688 616 2795 667 est.
2832 612 2965 666 Post
2988 610 3109 665 haec
3132 616 3325 666 autem
3359 611 3644 667 visionem
3669 612 3787 667 vidi
3817 614 3870 668 in

479 702 651 756 domo
681 717 840 767 mea;
874 704 931 754 et
958 699 1115 753 venit
1144 698 1243 753 illa
1272 703 1505 765 anus,et
1532 697 1929 771 interrogavit,
1953 715 2063 768 me,
2082 698 2130 752 si
2155 699 2280 768 jam
2312 698 2573 754 libellum
2604 700 2715 771 (56)
2744 700 3036 755 dedissem
3066 700 3439 756 senioribus?
3466 700 3536 754 Et
3564 700 3869 772 respondi:

478 790 680 845 Adhuc
720 805 855 844 non.
890 791 956 843 At
985 787 1089 842 illa
1116 787 1262 842 dixit
1293 805 1306 843 :
1341 787 1490 842 Bene
1517 787 1700 842 fecisti
1730 805 1743 853 ;
1779 787 1960 842 habeo
1993 787 2145 843 enim
2182 788 2444 859 quaedam
2476 789 2651 844 verba
2680 789 2903 845 edicere
2933 788 3058 843 tibi.
3091 789 3236 844 Cum
3269 793 3467 844 autem
3500 806 3872 845 consumma-

475 896 610 934 vero
641 878 838 934 omnia
864 878 1059 945 verba,
1097 880 1293 947 aperte
1323 876 1581 931 scientur
1612 877 1683 931 ab
1715 877 1913 931 electis
1943 876 2076 948 (57).
2110 877 2335 933 Scribes
2366 894 2501 949 ergo
2534 877 2681 934 duos
2712 878 2958 946 libellos,
3008 883 3066 933 et
3110 878 3304 933 mittes
3336 894 3522 933 unum
3569 878 3870 945 Clementi,

478 973 535 1023 et
565 982 751 1021 unum
784 967 1007 1037 Graptae
1039 965 1172 1037 (58).
1201 965 1386 1019 Mittet
1413 970 1606 1019 autem
1638 963 1901 1019 Clemens
1925 966 1983 1019 in
2007 968 2231 1021 exteras
2261 965 2521 1021 civitates
2547 984 2559 1034 ;
2592 965 2676 1020 illi
2708 966 2863 1021 enim
2887 966 3238 1038 permissum
3262 974 3347 1022 est
3380 984 3393 1021 :
3427 967 3652 1038 Graptae
3679 972 3872 1023 autem

479 1056 871 1113 commonebit
898 1054 1105 1110 viduas
1137 1059 1191 1110 et
1219 1054 1530 1126 orphanos.
1558 1058 1638 1109 'l‘u
1670 1060 1865 1109 autem
1895 1053 2049 1126 leges
2080 1054 2139 1109 in
2170 1054 2279 1110 hac
2306 1055 2535 1110 civitate
2566 1072 2699 1109 cum
2732 1055 3060 1110 senioribus
3091 1055 3191 1126 qui
3222 1061 3481 1127 praesunt
3510 1056 3800 1112 Ecclesiae.

510 1194 627 1248 Ista
655 1192 738 1246 sic
766 1191 1029 1259 leguntur,
1051 1190 1203 1261 apud
1229 1188 1558 1260 Origenem,
1593 1188 1920 1244 Pbilocalizs
1951 1205 2069 1260 cap.
2104 1189 2155 1255 1,
2188 1204 2257 1244 ex
2286 1189 2382 1243 lib.
2418 1206 2492 1255 1v,
2522 1205 2641 1261 cap.
2674 1190 2729 1256 2,
2753 1193 2831 1244 De
2864 1188 3189 1260 principiis,
3219 1191 3539 1261 interprette
3568 1190 3807 1246 Rufino.

557 1310 617 1363 Et
672 1307 877 1363 scribes
938 1306 1069 1361 duos
1105 1304 1335 1371 libellos,
1369 1308 1419 1359 et
1449 1304 1601 1358 dabis
1631 1321 1806 1359 unum
1836 1305 2093 1359 Clementi

2305 1301 2530 1376 Γράψεις
2588 1301 2683 1357 δύο
2746 1297 2953 1378 βιϐλία,
2986 1303 3075 1357 καὶ
3127 1300 3319 1364 δώσεις
3366 1303 3420 1358 ἓν
3454 1302 3759 1376 Κλήμεντι,
3788 1304 3872 1359 καὶ

472 1405 525 1452 et
552 1414 727 1451 unum
785 1395 1015 1466 Graptse.
1068 1396 1133 1449 Et
1180 1393 1373 1465 Grapte
1401 1392 1621 1464 quidem
1662 1397 1995 1448 commoneat
2039 1393 2093 1448 vi

2342 1396 2580 1468 Γραπτῇ.
2635 1391 2731 1445 Καὶ
2784 1393 2997 1466 Γραπτὴ
3052 1392 3144 1464 μὲν
3185 1394 3486 1461 νουθετήσει
3544 1394 3640 1454 τὰς
3699 1396 3873 1467 χήρας

480 1487 615 1541 duas
643 1492 698 1541 et
727 1486 1015 1555 orphanos.
1050 1483 1292 1538 Clemens
1325 1498 1452 1537 vero
1489 1484 1674 1536 mittat
1704 1498 1800 1552 per
1827 1499 2008 1537 omnes
2039 1484 2089 1536 ci

2306 1480 2321 1533 ἱ
2374 1480 2501 1542 τοὺς
2563 1480 2851 1559 ὀρφανούς.
2886 1479 3123 1553 Κλήμης
3183 1478 3241 1536 δὲ
3296 1482 3497 1555 πέμψει
3544 1482 3746 1545 εἰςτὰς
3778 1481 3873 1551 ἔξω

477 1578 675 1630 vitales
704 1591 820 1645 qua
842 1576 979 1645 [oris
1006 1577 1153 1643 sunt,
1187 1574 1260 1627 Tu
1306 1587 1428 1627 vero
1459 1571 1818 1627 annuntiabis
1844 1572 2093 1643 presber

2302 1568 2443 1631 κλεις.
2501 1569 2576 1623 Σὺ
2632 1568 2689 1625 δὲ
2737 1568 3052 1646 ἀναγγελεῐς
3119 1576 3237 1632 τοῖς
3320 1566 3703 1647 πρεσϐυτέροις
3780 1578 3872 1640 τῆς

482 1666 563 1721 ris
592 1665 866 1721 Ecclesiae.

2302 1657 2434 1730 κκλη
2446 1659 2581 1721 σίας.

870 1904 961 1965 De
993 1901 1409 1984 triumphantis
1436 1900 1499 1962 Ε
1502 1900 1717 1961 σείεείᾶιο
1746 1804 2372 1973 stmctulfseltovalrliliis
2402 1900 2700 1961 hominum
2730 1901 3113 1982 reproborum
3142 1901 3466 1964 ordinibus.

2014 2025 2247 2080 CAPUT
2286 2027 2329 2081 Ι.

540 2136 696 2192 Visio
728 2151 906 2206 quam
937 2133 1073 2203 vidi,
1105 2134 1335 2199 fratres,
1368 2132 1513 2188 visio
1540 2131 1672 2188 talis
1698 2136 1839 2185 erat.
1873 2131 2018 2185 Cum
2045 2132 2411 2202 jejunassem
2445 2131 2794 2204 frequenter,
2824 2137 2880 2188 st
2909 2137 3179 2204 precatus
3210 2150 3400 2190 essem
3430 2133 3771 2203 Dominum,
3805 2142 3865 2191 ut

471 2225 616 2281 mibi
647 2224 980 2281 ostenderet
1008 2221 1439 2289 revelationem,
1473 2237 1650 2292 quam
1677 2220 1969 2293 pollicitus
2001 2225 2089 2274 est
2118 2222 2420 2275 ostendere
2443 2237 2545 2292 per
2571 2237 2751 2276 anum
2772 2220 2934 2276 illam
2959 2238 2973 2288 ;
3008 2222 3210 2277 eadem
3236 2226 3401 2277 nocte
3423 2224 3695 2295 apparuit
3730 2225 3871 2280 mibi

465 2332 615 2371 anus
644 2313 766 2382 illa,
797 2317 856 2367 et
886 2312 1031 2366 dixit
1061 2310 1206 2366 mihi
1240 2328 1252 2365 :
1287 2310 1570 2374 Quoniam
1601 2311 1683 2364 sic
1714 2310 1956 2381 langues
1987 2310 2119 2378 (59).
2152 2314 2209 2364 et
2238 2309 2526 2364 sollicitus
2555 2326 2616 2365 es
2648 2310 2718 2364 ad
2752 2310 3059 2365 sciendum
3108 2311 3343 2377 omnia;
3386 2312 3515 2367 veni
3549 2312 3608 2366 in
3639 2329 3868 2385 agrum,

466 2404 567 2459 ubi
600 2403 684 2458 vis
710 2420 723 2470 ;
755 2406 812 2457 et
841 2401 995 2457 circa
1024 2400 1227 2455 horam
1262 2409 1485 2455 sextam
1510 2399 1894 2453 manifestabo
1916 2414 2009 2454 me
2030 2398 2219 2464 tibi,et
2238 2399 2541 2453 ostendam
2565 2399 2670 2453 tibi
2701 2415 2828 2469 quae
2850 2403 3110 2471 oporteat
3130 2405 3187 2455 te
3208 2400 3419 2457 videre.
3446 2401 3662 2472 Rogavi
3686 2401 3867 2471 illam,

471 2494 670 2548 dicens
704 2510 715 2547 :
750 2491 1020 2557 Domina,
1052 2490 1109 2545 in
1143 2506 1315 2560 quem
1346 2488 1539 2544 locum
1573 2489 1744 2560 agri?
1778 2488 1900 2557 Ubi,
1926 2488 2135 2558 inquit,
2168 2487 2277 2558 vis,
2297 2487 2442 2559 elige
2475 2487 2665 2543 locum
2700 2488 2940 2555 bonum,
2972 2493 3282 2545 secretum.
3317 2492 3641 2561 Antequam
3674 2496 3869 2547 autem

466 2582 628 2652 loqui
661 2582 773 2653 (60)
806 2580 1133 2652 cmpissem,
1165 2585 1221 2633 et
1251 2580 1439 2634 dicere
1469 2580 1520 2633 ei
1562 2577 1780 2642 locum,
1812 2577 1893 2632 ait
1922 2577 2065 2631 mihi
2098 2593 2111 2632 :
2145 2577 2386 2632 Veniam
2420 2577 2519 2633 ubi
2544 2578 2650 2633 vis.
2684 2577 2786 2632 Fui
2818 2594 2977 2650 ergo,
3010 2578 3239 2645 fratres,
3290 2579 3349 2633 in
3394 2595 3553 2651 agro,
3585 2586 3645 2635 et
3671 2582 3869 2637 obser-

463 2671 591 2725 vavi
622 2670 735 2741 (61)
769 2669 977 2735 horas;
1012 2673 1068 2724 et
1100 2669 1226 2723 veni
1257 2668 1313 2722 in
1347 2666 1540 2722 locum
1569 2667 1667 2721 ubi
1697 2666 2115 2722 constitueram
2148 2666 2199 2721 ei
2243 2667 2459 2720 venire.
2481 2668 2548 2721 Et
2578 2666 2739 2722 video
2771 2666 3119 2722 subsellium
3153 2668 3424 2739 positum.
3464 2668 3597 2723 Erat
3623 2670 3868 2726 cervical

468 2758 690 2814 lineum
721 2757 832 2829 (62)
860 2775 875 2825 ;
907 2762 964 2812 et
983 2774 1159 2828 super
1188 2756 1431 2812 linteum
1463 2772 1783 2827 expansum
1818 2755 2211 2810 carbasinum.
2242 2755 2458 2810 Videns
2489 2754 2610 2810 haec
2642 2756 2851 2827 posita,
2882 2760 2938 2811 et
2968 2756 3263 2811 neminem
3291 2772 3420 2813 esse
3448 2756 3508 2811 in
3544 2756 3669 2814 loco
3698 2783 3713 2825 ;
3748 2764 3867 2814 stu-

470 2864 605 2919 pere
637 2847 805 2918 cmpi,
838 2851 893 2901 et
921 2846 1113 2918 capilli
1148 2846 1259 2901 mei
1291 2850 1737 2900 exsurrexerunt
1767 2845 1901 2915 (63),
1932 2849 1989 2899 et
2018 2848 2183 2915 quasi
2214 2844 2419 2899 horror
2445 2844 2555 2915 (64)
2586 2861 2678 2899 me
2704 2846 3160 2916 comprehendit,
3195 2862 3329 2900 cum
3359 2862 3547 2901 essem
3579 2846 3766 2903 solus.
3786 2848 3865 2903 Ad

467 2952 561 2991 me
591 2936 702 3007 (65)
737 2940 930 2991 autem
955 2951 1242 3000 reversus,
1266 2940 1322 2989 et
1352 2939 1708 2989 memoratus
1740 2934 1987 3005 gloriam
2009 2934 2121 3005 (66)
2146 2933 2328 3002 Dei,et
2348 2938 2584 3005 accepta
2605 2933 3083 3005 audacia,positis
3103 2934 3372 3006 genibus,
3400 2935 3723 2991 conﬁtebar
3746 2940 3865 2991 Deo

466 3030 679 3079 iterum
712 3028 949 3096 peccata
980 3040 1103 3094 quae
1137 3022 1319 3094 prius.
1358 3023 1496 3077 Ecce
1525 3022 1681 3077 venit
1711 3022 1849 3076 illuc
1879 3038 2011 3076 cum
2034 3022 2354 3091 juvenibus
2384 3038 2503 3088 sex,
2536 3038 2683 3092 quos
2713 3028 2771 3077 et
2817 3026 2951 3077 ante
3001 3022 3297 3090 videram;
3328 3026 3385 3078 et
3415 3024 3574 3078 stetit
3606 3028 3743 3096 post
3776 3040 3863 3079 me

462 3117 749 3184 orantem,
782 3116 839 3168 et
869 3111 1144 3167 audiebat
1172 3128 1265 3166 me
1294 3116 1557 3166 orantem
1589 3115 1645 3166 et
1665 3110 2029 3166 confitentem
2059 3110 2305 3165 Domino
2338 3114 2573 3180 peccata
2602 3127 2749 3165 mea.
2774 3110 2844 3165 Et
2873 3115 3118 3183 tangens
3151 3110 3416 3177 me,dixit
3449 3127 3462 3166 :
3498 3110 3710 3167 Desine
3740 3114 3863 3183 jam

458 3218 561 3273 pro
592 3201 843 3273 peccatis
871 3201 991 3256 tuis
1009 3204 1239 3256 tantum
1268 3216 1471 3255 orares.
1499 3200 1611 3255 Ora
1640 3204 1696 3255 et
1726 3216 1827 3270 pro
1850 3199 2103 3269 justitia,
2130 3202 2194 3253 ut
2214 3199 2504 3270 accipiens
2528 3204 2746 3269 partem
2779 3216 2844 3254 ex
2875 3216 2941 3254 ea
2964 3199 3021 3253 in
3044 3200 3215 3254 domo
3237 3203 3355 3255 tua.
3379 3200 3449 3256 Et
3476 3201 3657 3255 erexit
3682 3217 3779 3256 me
3798 3201 3863 3255 de

457 3290 606 3361 loco,
638 3294 694 3346 et
728 3290 1112 3362 apprehendit
1143 3306 1383 3345 manum
1418 3292 1695 3355 meam,et
1726 3287 1970 3343 adduxit
1991 3289 2103 3359 (67)
2135 3304 2228 3342 me
2260 3288 2329 3342 ad
2362 3287 2729 3355 subsellium,
2761 3292 2817 3343 et
2846 3288 2925 3342 ait
2955 3287 3409 3359 illisjuvenibus
3441 3306 3455 3344 :
3494 3289 3659 3359 Ite,et
3681 3290 3863 3344 aediﬁ-

462 3385 606 3435 cate.
641 3380 954 3451 Postquam
990 3384 1185 3434 autem
1217 3378 1582 3433 dicesserunt
1605 3379 1937 3447 juvenes,et
1967 3394 2071 3433 nos
2093 3377 2201 3431 soli
2233 3377 2451 3431 fuimus
2478 3378 2612 3448 (68),
2646 3376 2725 3431 ait
2757 3376 2899 3431 mihi
2935 3394 2947 3432 :
2982 3378 3127 3433 Sede
3150 3376 3261 3432 hic.
3300 3378 3430 3433 Dico
3460 3378 3510 3433 ei
3546 3396 3559 3433 :
3593 3378 3861 3445 Domina,

460 3468 587 3524 sine
617 3469 876 3523 seniores
912 3472 1044 3523 ante
1078 3468 1297 3523 sedere.
1331 3467 1493 3530 Quod
1528 3468 1632 3521 tibi
1664 3468 1810 3533 (lico,
1846 3466 2056 3537 inquit,
2087 3466 2243 3521 sede.
2275 3465 2535 3537 Cumque
2564 3465 2770 3521 vellem
2801 3467 3001 3521 sedere
3031 3467 3101 3520 ad
3135 3467 3428 3522 dexteram
3460 3472 3713 3539 partem,
3752 3486 3862 3526 non

455 3562 545 3611 est
574 3574 781 3627 passa;
818 3558 916 3612 sed
950 3558 1244 3611 annuebat
1275 3556 1419 3611 mihi
1445 3560 1716 3620 manu,ut
1747 3556 1817 3610 ad
1850 3555 2150 3611 sinistram
2183 3559 2405 3625 partem
2438 3556 2719 3610 sederem.
2754 3554 3055 3627 Cogitante
3084 3556 3195 3627 (69)
3228 3560 3424 3611 autem
3458 3562 3636 3624 me,et
3658 3564 3860 3614 maesto

452 3645 789 3712 exsistente,
822 3646 974 3716 quod
1008 3662 1119 3700 non
1144 3646 1279 3699 sivit
1309 3662 1401 3700 me
1431 3646 1502 3700 ad
1533 3646 1829 3699 dexteram
1862 3649 2088 3715 partem
2119 3644 2338 3711 sedere,
2372 3642 2453 3698 ait
2482 3642 2662 3697 mihi:
2697 3644 2845 3708 Quid
2870 3647 3112 3698 maestus
3145 3660 3228 3711 es,
3248 3644 3459 3699 Herma
3481 3644 3508 3699 ?
3542 3646 3733 3702 Locus
3766 3646 3860 3718 qui

451 3739 542 3789 est
573 3736 645 3789 ad
676 3734 993 3800 dexteram,
1028 3734 1261 3788 illorum
1292 3738 1381 3789 est
1412 3734 1511 3804 qui
1536 3734 1663 3804 jam
1697 3737 2037 3788 meruerunt
2061 3738 2322 3799 Deum,et
2354 3732 2510 3803 passi
2542 3735 2683 3787 sunt
2704 3748 2883 3786 causa
2905 3731 3159 3787 nominis
3186 3733 3314 3803 ejus
3344 3733 3476 3803 (70).
3508 3734 3637 3788 Tibi
3663 3740 3857 3790 autem

455 3828 724 3895 superest
754 3822 1031 3893 multum,
1065 3828 1130 3877 ut
1155 3839 1288 3878 cum
1322 3822 1439 3879 illis
1462 3825 1686 3878 sedeas.
1719 3823 1881 3877 Sicut
1911 3839 2113 3878 manes
2142 3823 2200 3876 in
2250 3820 2627 3891 simplicitate
2656 3824 2759 3875 tua
2791 3836 3087 3892 permane,
3120 3826 3178 3876 et
3208 3822 3440 3877 sedebis
3469 3838 3605 3877 cum
3636 3822 3778 3890 illis,
3810 3826 3864 3877 et

450 3912 788 3984 quicunque
820 3912 1039 3968 fuerint
1068 3913 1286 3985 operati
1316 3912 1551 3967 illorum
1584 3928 1777 3983 Opera,
1811 3916 1868 3966 et
1897 3910 2286 3967 sustinuerint
2317 3927 2442 3982 quae
2473 3908 2559 3964 illi
2591 3910 3021 3966 sustinuerunt.

1994 4028 2225 4084 CAPUT
2265 4028 2334 4083 II.

530 4134 663 4190 Dico
695 4135 745 4191 ei
780 4153 793 4190 :
828 4136 1093 4203 Domina,
1134 4134 1338 4191 vellem
1389 4134 1536 4191 scire
1584 4152 1712 4207 qua
1755 4135 2182 4191 sustinuerunt.
2230 4134 2404 4203 Audi,
2448 4132 2641 4205 inquit
2688 4150 2703 4190 :
2756 4132 2929 4188 Feras
2982 4131 3219 4200 bestias,
3272 4132 3518 4205 ﬂagella,
3578 4150 3857 4201 carceres,

456 4238 677 4293 cruces,
711 4241 887 4280 causa
920 4225 1173 4281 nominis
1205 4226 1334 4295 ejus
1362 4226 1496 4297 (71).
1523 4229 1764 4296 Propter
1789 4224 1918 4291 hoc,
1953 4224 2188 4280 illorum
2219 4228 2357 4278 sunt
2394 4224 2608 4279 dextris
2638 4226 2832 4293 partes
2881 4221 3232 4293 sanctitatis,
3272 4227 3326 4277 et
3358 4222 3633 4294 quisquis
3675 4223 3858 4295 patia-

452 4317 550 4367 tur
579 4313 687 4385 (72)
719 4318 953 4385 propter
982 4332 1193 4369 nomen
1217 4314 1314 4370 Dei
1350 4315 1462 4385 (73)
1492 4331 1505 4381 ;
1541 4314 1897 4385 reliquorum
1929 4318 2124 4369 autem
2145 4313 2401 4368 sinistrae
2430 4316 2622 4383 partes
2652 4317 2809 4365 sunt.
2834 4310 2945 4366 Sed
2978 4310 3244 4382 utrisque
3265 4310 3349 4367 eis
3398 4311 3532 4382 (74),
3554 4315 3612 4367 et
3642 4310 3743 4382 qui
3791 4311 3859 4367 ad

451 4401 834 4469 dexteram,et
864 4402 964 4473 qui
996 4404 1063 4457 ad
1092 4403 1389 4459 sinistram
1425 4404 1793 4469 sedent,sunt
1823 4403 1976 4458 dona
2006 4408 2063 4458 et
2092 4401 2507 4473 promissiones
2532 4419 2545 4460 :
2577 4405 2804 4455 tantum
2828 4399 2983 4471 quod
3013 4400 3085 4455 ad
3116 4400 3411 4455 dexteram
3443 4400 3716 4456 sedentes
3756 4400 3857 4455 ba-

446 4490 586 4545 bent
614 4489 859 4562 gloriam
892 4492 1323 4563 quamdam.Tu
1356 4496 1551 4547 autem
1567 4493 1817 4563 cupidus
1840 4509 1902 4548 es
1924 4493 2126 4547 sedere
2157 4492 2227 4547 ad
2259 4492 2519 4546 dextram
2544 4506 2677 4545 cum
2700 4488 2783 4544 eis
2809 4507 2821 4557 ;
2854 4488 2954 4544 sed
2974 4487 3317 4560 exiguitates
3342 4492 3453 4544 tum
3481 4488 3678 4544 multa:
3697 4492 3855 4544 sunt.

446 4579 874 4637 Emundaberis
906 4586 1103 4636 autem
1136 4582 1206 4636 ab
1238 4580 1654 4653 exiguitatibus
1675 4581 1932 4637 tuis.Sed
1955 4584 2012 4636 et
2040 4598 2242 4636 omnes
2274 4580 2373 4652 qui
2395 4578 2556 4634 dubii
2586 4596 2700 4633 non
2728 4578 3457 4645 fuerint,emundabuntur
3479 4578 3552 4634 ab
3583 4577 3856 4633 omnibus

1624 4725 1870 4780 VARIE
1908 4724 2298 4782 LECTIONES
2336 4725 2427 4779 ET
2466 4722 2675 4778 ΝΟΤᾸΞ

450 4853 927 4935 προφιῆςῑιῖιηυέξῐ]
964 4851 1204 4905 Latinus
1224 4851 1521 4935 interpres
1542 4850 2093 4935 verterit‘Sibyllam.

2423 4848 2583 4935 Bodl:
2611 4850 2667 4903 et
2696 4847 2894 4935 Lamb.
2928 4852 3083 4922 Apud
3111 4869 3219 4908 me.

449 4919 611 4975 Sicut
638 4920 792 4975 infra
824 4921 923 4975 lib.
959 4940 1020 4988 II,
1068 4923 1263 4977 mand.
1297 4919 1694 4994 νι,“ἀγγὲλους
1744 4926 1800 4976 et
1840 4919 2093 4993 εἶ’(γελον,

2302 4921 2393 4992 66)
2426 4920 2627 4994 Lamb.
2659 4919 2873 4994 gloriae.

448 4994 638 5063 genios
661 5009 727 5046 ac
760 4995 990 5060 genium
1021 4994 1291 5048 reddidit.
1474 4991 1481 4994 ⁷
1512 4991 1520 4994 ⁷
1889 4991 1896 4993 ’
1927 4991 1934 4993 “
2281 4991 2392 5063 (67)
2425 4991 2628 5063 Lamb.
2662 4991 2867 5046 eduxit.

524 5064 637 5136 (56)
673 5065 875 5136 Lamb.
913 5065 1161 5119 libellum
1190 5082 1371 5120 suum.
1553 5135 1559 5136 ί
2281 5062 2393 5136 (68)
2422 5062 2622 5136 Lamb.
2658 5078 2793 5136 cum
2824 5062 2974 5119 Fello
3004 5066 3142 5136 facti
3168 5082 3376 5121 sumus.

544 5134 635 5204 57)
671 5135 808 5191 Mss.
843 5136 901 5190 S.
938 5136 1132 5191 Germ.
1167 5142 1222 5192 et
1255 5136 1449 5192 Lamb.
1482 5135 1654 5189 scient
1683 5136 1863 5190 electi.
2281 5134 2393 5205 (69)
2425 5134 2623 5206 Lamb.
2658 5134 3014 5205 Recogitanle.
3053 5136 3261 5202 Fellus,
3298 5138 3584 5205 Cogitante
3612 5150 3757 5206 ergo.

2300 5208 2391 5277 70)
2424 5204 2585 5259 Bodl.
2615 5204 2861 5260 Domini.
2895 5212 2970 5261 At
2996 5207 3211 5263 Victor.
3250 5204 3411 5264 deest
3436 5208 3579 5275 eius.

2304 5276 2393 5346 71)
2424 5276 2672 5341 Rursus,
2701 5282 2766 5331 ut
2798 5278 2990 5348 modo,
3015 5278 3177 5334 Bodl.
3212 5281 3448 5335 Domini.
3481 5277 3630 5333 Vict.
3665 5277 3846 5332 deest.

2300 5350 2391 5421 72)
2424 5348 2624 5403 Lamb.
2660 5350 2970 5420 quicunque
3014 5367 3202 5422 passus
3248 5353 3437 5423 fuerit.
3492 5348 3651 5405 Bodl.
3701 5349 3843 5421 quis-

544 5206 636 5280 58)
670 5208 871 5280 Lamb.
907 5206 1197 5280 Grappatae
1221 5209 1314 5264 Sic
1347 5224 1498 5275 mox,
1526 5207 1815 5280 Grappate.

526 5278 637 5353 (_5_9)
668 5278 779 5333 Ms.
812 5280 872 5334 S.
930 5278 1122 5353 Germ.
1178 5298 1281 5353 pro
1343 5280 1591 5348 langues,
1648 5278 1821 5334 babet
1849 5279 2093 5350 jejunus.

454 5347 614 5403 Bodl.
648 5365 808 5418 egens
838 5367 913 5405 es.
948 5351 1151 5407 Lamb.
1178 5347 1342 5418 egens
1382 5347 1455 5406 es.

2280 5210 2297 5420 ἒ

526 5418 637 5558 (60)
670 5421 869 5475 Lamb.
903 5423 955 5475 ei
985 5424 1151 5495 loqui.
1186 5418 1401 5489 Fellus,
1436 5421 1584 5493 loqui
1612 5423 1753 5476 ei....
1786 5421 2040 5477 dicerem.
2207 5418 2330 5495 quis
2360 5418 2414 5491 p.
2453 5423 2496 5489 f.

526 5490 609 5558 (61
670 5491 870 5546 Lamb.
904 5497 1201 5550 aestimavi.
2278 5494 2390 5558 (73)
2426 5493 2496 5546 De

546 5490 637 5563 61)
670 5491 870 5546 Lamb.
904 5490 1201 5550 aestimavi.
1496 5490 1509 5493 ἡ
2210 5490 2231 5495 “
2278 5490 2390 5563 (73)
2426 5493 2593 5546 Deest
2622 5491 2722 5563 Dei
2748 5492 2805 5545 in
2841 5490 3042 5547 Lamb.

544 5562 634 5699 62;
669 5563 870 5617 Lamb.
908 5565 1129 5621 (intum.
1162 5567 1253 5621 Sic
1283 5570 1339 5621 et
1370 5562 1583 5620 Fellus.
2277 5562 2391 5635 (74)
2424 5564 2563 5617 Mss.
2614 5562 2806 5617 Carm.
2857 5566 2915 5615 et
2958 5563 3014 5617 S.
3066 5564 3257 5619 Germ.
3309 5566 3598 5635 utriusque
3644 5567 3693 5617 et
3742 5563 3840 5616 eis.

544 5632 609 5686 64
666 5632 829 5689 Bodl.
858 5643 1301 5692 exui-uexerunt.
1338 5636 1552 5699 Fellus,
1578 5637 1749 5691 erecti
1776 5639 1919 5691 sunt.
2208 5637 2408 5691 Lamb.
2440 5634 2684 5699 utrisque
2712 5650 2783 5691 ex
2812 5635 2991 5699 eisqui
3022 5634 3092 5691 ad
3124 5635 3418 5696 dexteram
3444 5635 3661 5699 sedent,
3685 5634 3751 5691 ad
3770 5634 3840 5689 si-

541 5632 633 5709 61)
666 5632 829 5709 Bodl.
858 5643 1301 5709 eam-uexerunt.
1338 5636 1552 5709 Fellus,
1578 5637 1753 5709 erecti
1776 5639 1919 5691 sunt.
2208 5632 2408 5691 Lamb.
2440 5634 2684 5709 utrisque
2712 5650 2783 5691 ex
2812 5635 2991 5707 eisqui
3022 5634 3092 5691 ad
3124 5635 3418 5696 dexteram
3444 5632 3661 5709 sedent,
3685 5634 3751 5691 ad
3770 5634 3843 5689 si-

524 5704 633 5786 (64)
664 5704 823 5764 Bodl.
835 5747 851 5780 ,
886 5705 1085 5769 Lamb.
1119 5713 1176 5767 et
1204 5708 1394 5769 Carm.
1436 5704 1805 5782 horripilatio.
2205 5710 2440 5768 nistram
2466 5705 2673 5768 sedent.
