4086 6342
414 380 620 445 ”903
1402 400 1409 407 ·
2000 376 2027 439 Ε

2267 372 2415 440 .MJE
3782 386 3880 449 901

493 519 635 572 sunt
664 514 756 571 his
782 512 1214 571 excellentiores
1242 514 1375 587 (96).
1411 512 1557 570 Cum
1588 528 1723 587 ergo
1753 516 2162 569 consummata
2191 512 2366 568 fuerit
2381 515 2680 568 structura
2694 511 2874 568 turris
2906 528 3111 569 omnes
3127 512 3305 570 simul
3325 515 3723 588 epulabantur
3734 520 3881 591 juxta

493 604 729 675 turrim,
759 609 814 660 et
843 603 1315 660 honorificabunt
1345 602 1683 670 Dominum,
1711 602 1992 674 quoniam
2024 604 2432 657 consummata
2460 601 2570 656 erit
2591 604 2886 656 structura
2910 602 3111 658 turris.
3146 603 3497 677 Interrogavi
3520 623 3649 663 eam
3677 608 3879 666 dicens:

420 704 421 713 ‘
490 694 707 752 Vellem
737 693 885 750 scire
915 693 1134 749 exitum
1164 692 1452 764 lapidum,
1483 695 1541 747 et
1570 691 1690 747 vim
1722 708 1921 747 eorum
1958 689 2149 762 qualis
2179 690 2275 745 sit.
2310 690 2689 762 Respondens
2721 694 2939 760 autem,
2972 690 3119 746 dixit
3148 691 3293 747 mihi
3324 712 3337 749 :
3371 694 3651 767 Nunquid
3683 700 3747 752 tu
3781 715 3879 771 pre

490 784 766 840 omnibus
796 782 1001 838 melior
1030 798 1113 848 es,
1148 787 1213 836 ut
1233 781 1339 837 tibi
1371 780 1426 835 id
1461 780 1791 836 reveletur?
1816 779 1925 834 Alii
1957 778 2113 835 enim
2145 779 2367 851 priores
2397 783 2453 833 te
2484 783 2623 834 sunt
2651 782 2708 835 et
2736 777 3006 835 meliores
3036 785 3111 851 te,
3147 781 3361 853 quibus
3409 785 3712 856 oportebat
3744 804 3880 843 reve-

488 872 598 928 lari
627 872 880 928 visiones
905 870 1012 927 has
1037 889 1050 939 ;
1087 871 1187 927 sed
1220 875 1287 925 ut
1313 870 1728 925 honoriﬁcetur
1758 885 1971 924 nomen
2004 868 2125 934 Dei,
2154 867 2262 923 tibi
2294 867 2611 923 revelatum
2643 872 2732 923 est
2756 868 2867 940 (97)
2893 886 2907 933 ;
2938 873 2994 924 et
3024 869 3377 926 revelabitur
3402 877 3641 945 propter
3667 876 3883 945 dubios,

488 961 590 1034 qui
619 960 876 1033 cogitant
906 960 965 1015 in
997 959 1271 1016 cordibus
1302 959 1446 1026 suis,
1481 962 1755 1013 utrumne
1777 957 1894 1013 sint
1925 957 2148 1023 haec,an
2179 973 2294 1012 non
2328 956 2440 1028 (98)
2471 956 2610 1013 sint.
2642 956 2744 1012 Dic
2778 955 2916 1025 illis,
2951 959 3107 1030 quod
3135 958 3257 1016 hac
3285 962 3485 1017 omnia
3514 968 3654 1019 sunt
3679 971 3885 1035 vera,et

484 1049 630 1105 nihil
662 1054 821 1105 extra
847 1048 1148 1104 veritatem
1177 1052 1267 1103 est
1296 1072 1310 1115 ;
1343 1048 1445 1103 sed
1476 1047 1674 1103 omnia
1706 1047 1895 1113 ﬁrma,
1928 1050 2199 1116 certeque
2228 1044 2342 1117 (99)
2365 1045 2610 1102 fundata
2641 1050 2798 1102 sunt.

2033 1162 2263 1218 CAPUT
2302 1165 2369 1216 V.

556 1255 706 1311 Audi
737 1271 892 1310 nunc
926 1258 983 1310 et
1014 1254 1084 1309 de
1113 1253 1410 1326 lapidibus
1441 1252 1541 1325 qui
1573 1258 1712 1308 sunt
1732 1253 1791 1307 in
1823 1257 2146 1308 structura.
2182 1250 2426 1323 Lapides
2458 1250 2693 1323 quidem
2724 1251 2807 1305 illi
2838 1252 3108 1323 quadrati
3138 1258 3195 1309 et
3233 1254 3373 1322 albi,
3403 1257 3811 1314 convenientes
3833 1259 3882 1314 in

486 1343 892 1400 commissuris
924 1343 1071 1409 suis,
1105 1342 1143 1397 ii
1175 1348 1314 1398 sunt
1343 1343 1494 1413 (100)
1525 1341 1792 1412 apostoli,
1827 1345 1884 1396 et
1913 1340 2191 1413 episcopi,
2224 1344 2281 1395 et
2308 1341 2592 1409 doctores,
2616 1344 2673 1395 et
2700 1339 2979 1408 ministri,
3001 1341 3099 1412 qui
3127 1342 3377 1414 ingressi
3408 1349 3546 1400 sunt
3575 1345 3653 1418 (1)
3686 1346 3750 1401 in
3780 1346 3883 1402 cle-

488 1434 710 1489 mentia
737 1433 858 1499 Dei,
893 1436 949 1488 et
981 1432 1385 1503 episcopatum
1419 1436 1749 1503 gesserunt,
1778 1434 1834 1485 et
1863 1430 2206 1498 docuerunt,
2239 1434 2295 1485 et
2327 1428 2808 1484 ministraverunt
2828 1434 3028 1485 sancte
3057 1432 3401 1513 et'modeste
3434 1433 3633 1490 electis
3661 1434 3885 1509 Dei,qui

488 1522 871 1593 dormierunt,
905 1521 1122 1592 quique
1152 1520 1343 1575 adhuc
1375 1524 1513 1576 sunt
1539 1540 1552 1587 ;
1587 1524 1643 1575 et
1674 1536 1904 1591 semper
1930 1535 2062 1574 cum
2095 1517 2211 1574 illis
2240 1522 2654 1585 convenerunt,
2682 1522 2739 1573 et
2766 1518 2827 1574 in
2859 1535 2920 1574 se
2950 1535 3151 1590 pacem
3181 1520 3535 1589 habuerunt,
3565 1528 3623 1580 et
3651 1541 3716 1580 se
3747 1525 3887 1580 invi-

486 1628 615 1668 cem
646 1612 722 1684 (2)
750 1611 1080 1666 audierunt.
1110 1610 1351 1681 Propter
1379 1610 1497 1665 Hoc
1527 1613 1583 1664 et
1614 1608 1673 1663 in
1705 1613 2064 1665 structuram
2096 1607 2275 1663 turris
2304 1608 2656 1663 conveniunt
2684 1608 3084 1663 commissurae
3115 1626 3337 1666 eorum.
3362 1611 3468 1674 Qui
3498 1628 3634 1669 vero
3655 1613 3730 1669 de
3761 1631 3886 1686 pro-

484 1700 666 1756 fundo
694 1699 1028 1766 trahuntur,
1058 1704 1117 1753 et
1146 1698 1530 1770 imponuntur
1559 1698 1617 1752 in
1642 1702 1937 1753 structura
1958 1698 2055 1768 (3),
2080 1702 2136 1753 et
2165 1696 2517 1752 conveniunt
2538 1696 2936 1752 commissura
2968 1712 3169 1753 eorum
3191 1715 3322 1755 cum
3347 1702 3570 1757 caeteris
3599 1701 3887 1774 lapidibus

483 1790 581 1861 qui
601 1790 729 1860 jam
758 1787 1024 1843 aadifioati
1061 1792 1198 1843 sunt
1223 1813 1236 1854 ;
1270 1787 1309 1841 ii
1343 1791 1483 1842 sunt
1512 1787 1612 1859 qui
1637 1787 1764 1857 jam
1796 1786 2246 1853 dormierunt,et
2264 1784 2422 1857 passi
2444 1790 2583 1840 sunt
2612 1801 2790 1841 causa
2808 1785 3063 1841 nominis
3081 1787 3333 1844 Domini.
3358 1788 3560 1845 Caeteri
3592 1796 3789 1847 autem
3809 1791 3885 1847 la-

493 1879 661 1950 pides
689 1878 787 1949 qui
821 1877 1279 1949 apportabantur
1307 1878 1382 1945 (4)
1414 1894 1448 1931 a
1477 1881 1650 1940 terra,
1680 1876 1807 1931 volo
1841 1875 1985 1930 scire
2017 1875 2092 1947 (5)
2126 1874 2227 1946 qui
2258 1874 2396 1939 sint,
2446 1874 2703 1929 domina.
2736 1876 2866 1929 Ait:
2904 1876 3014 1931 Eos
3045 1876 3283 1947 quidem
3317 1878 3418 1950 qui
3449 1878 3511 1934 in
3544 1883 3762 1935 terram
3794 1896 3884 1937 va-

480 1967 646 2032 dunt,
669 1971 726 2021 et
774 1982 887 2020 non
948 1968 1086 2019 sunt
1145 1964 1328 2035 politi,
1358 1963 1488 2019 illos
1524 1968 1676 2017 Deus
1701 1963 1983 2033 probavit,
2010 1962 2286 2033 quoniam
2309 1962 2385 2034 (6)
2411 1962 2659 2034 ingressi
2690 1966 2830 2018 sunt
2858 1963 2916 2018 in
2948 1964 3281 2035 aequitatem
3303 1966 3555 2036 Domini,
3588 1974 3647 2025 et
3674 1970 3887 2026 direxe-

482 2060 620 2110 runt
647 2055 768 2110 vias
800 2054 859 2109 in
890 2053 1179 2108 mandatis
1206 2057 1350 2124 ejus.
1386 2053 1492 2116 Qui
1523 2056 1717 2107 autem
1742 2052 2065 2105 afferuntur
2088 2055 2144 2106 et
2174 2056 2476 2122 ponuntur
2495 2050 2554 2105 in
2578 2056 2874 2107 structura
2904 2052 3153 2125 turris,ii
3183 2058 3322 2110 sunt
3350 2057 3427 2127 (7)
3456 2056 3666 2113 novelli
3699 2058 3759 2113 in
3784 2059 3887 2114 ﬁde

480 2148 536 2198 et
565 2143 785 2199 fideles.
820 2147 1277 2198 Commonentur
1306 2146 1503 2197 autem
1535 2142 1606 2195 ab
1639 2140 1862 2212 angelis
1893 2141 1962 2194 ad
1998 2140 2823 2213 benefaciendum,propterea
2846 2142 3000 2213 quod
3021 2159 3133 2198 non
3165 2148 3254 2199 est
3280 2144 3514 2200 inventa
3545 2147 3812 2219 nequitia
3832 2148 3884 2203 in

480 2231 620 2287 illis.
646 2234 800 2298 Quos
831 2236 1028 2288 autem
1062 2231 1402 2302 rejiciebant
1427 2236 1483 2286 et
1512 2229 1900 2303 ponebant(8)
1928 2231 2100 2299 juxta
2128 2228 2469 2300 turrim,qui
2501 2234 2642 2285 sunt
2672 2229 2756 2284 illi
2782 2231 2853 2302 (9)
2874 2231 2902 2285 ?
2930 2231 3023 2286 Ait
3054 2232 3198 2287 mihi
3231 2250 3244 2288 :
3278 2234 3347 2287 Hi
3386 2240 3527 2291 sunt
3554 2235 3655 2307 qui
3687 2253 3883 2309 pecca-

476 2325 705 2387 verunt,
738 2326 794 2376 et
822 2321 1133 2376 voluerunt
1162 2320 1562 2392 pmnitentiam
1595 2335 1791 2392 agere;
1826 2322 2061 2391 propter
2082 2318 2189 2375 hoc
2220 2334 2335 2373 non
2359 2322 2498 2373 sunt
2527 2318 2698 2391 longe
2728 2320 3022 2390 projectia
3043 2321 3496 2394 turri,quoniam
3519 2324 3697 2381 utiles
3720 2330 3886 2381 erunt

475 2407 534 2463 in
567 2413 864 2465 structura
892 2409 1030 2481 (10),
1063 2408 1113 2464 si
1145 2409 1543 2481 paenitentiam
1569 2408 1811 2480 egerint.
1845 2407 1952 2471 Qui
1984 2423 2119 2479 ergo
2153 2406 2554 2479 paenitentiam
2578 2407 2763 2463 acturi
2795 2413 2954 2474 sunt,
2981 2409 3031 2465 si
3061 2411 3287 2482 egerint
3314 2412 3743 2484 paenitentiam,
3778 2415 3885 2470 {or-

476 2502 563 2554 tes
592 2498 849 2554 eruntin
884 2497 1036 2566 ﬁde;
1072 2498 1122 2552 si
1153 2514 1310 2552 nunc
1340 2497 1743 2569 paenitentiam
1777 2495 2021 2567 egerint,
2053 2496 2194 2551 dum
2227 2495 2547 2551 aedificatur
2575 2497 2772 2552 turris.
2808 2497 2953 2553 Nam
2985 2498 3034 2553 si
3065 2505 3476 2556 consummata
3506 2502 3682 2559 fuerit
3704 2508 3886 2559 struc-

478 2590 630 2654 tura,
656 2588 782 2657 jam
814 2588 915 2658 qui
948 2604 1061 2643 non
1098 2587 1274 2642 habet
1302 2585 1497 2642 locum
1528 2586 1629 2641 ubi
1660 2590 1928 2658 ponatur,
1962 2585 2065 2641 sed
2097 2585 2206 2641 erit
2235 2585 2547 2657 reprobus;
2572 2584 2943 2642 solummodo
2975 2592 3167 2644 autem
3200 2589 3309 2645 hoc
3338 2590 3598 2659 habebit,
3633 2593 3741 2665 qui
3765 2594 3884 2665 jam

477 2676 588 2748 (11)
621 2676 692 2731 ad
721 2675 934 2731 turrim
960 2676 1189 2748 positus
1219 2680 1327 2732 est.

1994 2762 2227 2820 CAPUT
2266 2763 2361 2819 VI.

552 2853 659 2917 Qui
686 2858 881 2908 autem
914 2853 1340 2919 recidebantur,
1371 2858 1427 2908 et
1456 2852 1625 2925 longe
1650 2852 2107 2923 projiciebantur
2128 2855 2358 2923 aturre,
2387 2852 2475 2908 vis
2504 2852 2653 2908 scire
2675 2852 2773 2925 qui
2806 2854 2993 2909 sunt?
3021 2853 3466 2928 Volo,inquam,
3494 2857 3738 2913 domina
3759 2860 3883 2931 (12).

479 2942 517 2996 ii
553 2947 694 2998 sunt
717 2942 820 2997 filii
852 2942 1203 3013 iniquitatis,
1233 2947 1289 2997 et
1318 2942 1418 3014 qui
1453 2942 1826 2997 crediderunt
1855 2941 1914 2995 in
1945 2940 2343 3008 simulatione,
2374 2946 2429 2996 et
2459 2942 2651 2996 omnis
2704 2942 2963 3014 nequitia
3004 2960 3118 2999 non
3168 2944 3440 3001 discessit
3486 2946 3597 3018 (13)
3653 2948 3730 3002 ab
3761 2948 3843 3003 eis
3870 2967 3881 3002 :

475 3037 716 3103 propter
744 3031 852 3086 hoc
882 3048 997 3086 non
1028 3030 1246 3087 habent
1278 3031 1528 3086 salutem
1556 3049 1569 3099 ;
1602 3030 1879 3103 quoniam
1912 3046 2027 3084 non
2057 3033 2197 3085 sunt
2226 3029 2401 3085 utiles
2431 3030 2489 3085 in
2522 3034 2818 3086 structura
2847 3032 3223 3104 (14),propter
3248 3032 3535 3104 nequitias
3568 3051 3735 3091 snas.
3769 3035 3883 3099 Qua

475 3124 709 3193 propter
739 3119 914 3175 excisi
937 3124 1075 3174 sunt
1095 3123 1153 3175 et
1173 3118 1343 3192 longe
1364 3119 1600 3191 projecti
1632 3123 1865 3191 propter
1885 3118 2028 3174 iram
2053 3117 2319 3186 Domini;
2354 3118 2490 3190 quia
2509 3120 2999 3175 exacerbaverunt
3050 3137 3206 3176 eum.
3256 3120 3505 3179 Caeteros
3542 3128 3745 3179 autem
3802 3126 3880 3179 la-

474 3209 638 3281 pides
671 3226 818 3281 quos
850 3208 1041 3265 vidisti
1072 3208 1402 3281 complures
1456 3208 1696 3279 positos,
1724 3224 1840 3263 non
1873 3212 2078 3263 euntes
2122 3208 2179 3262 in
2226 3211 2583 3263 structuram
2614 3225 2629 3276 ;
2677 3209 2717 3263 ii
2766 3209 3004 3280 quidem
3037 3210 3137 3281 qui
3168 3211 3427 3267 scabrosi
3456 3218 3625 3268 erant
3650 3214 3795 3283 (15),
3825 3212 3877 3267 hi

473 3301 614 3353 sunt
668 3298 769 3368 qui
801 3301 1194 3369 cognoverunt
1220 3297 1542 3363 veritatem,
1575 3300 1629 3350 et
1659 3311 1763 3349 nec
1793 3300 2242 3366 permanserunt
2272 3296 2331 3350 in
2362 3312 2450 3361 ea,
2485 3312 2588 3351 nec
2619 3297 2913 3367 conjuncti
2936 3301 3074 3351 sunt
3105 3297 3320 3354 sanctis
3346 3324 3359 3365 ;
3392 3304 3631 3371 propter
3658 3300 3776 3357 hoc
3804 3302 3882 3357 in-

472 3386 645 3443 utiles
676 3391 833 3442 sunt.
866 3387 974 3449 Qui
1005 3390 1201 3441 autem
1232 3387 1520 3441 scissuras
1550 3384 1862 3455 habebant,
1895 3384 1955 3439 hi
1988 3388 2126 3439 sunt
2154 3384 2254 3456 qui
2283 3384 2396 3456 (16)
2418 3383 2570 3440 alius
2601 3386 2878 3441 adversus
2911 3385 3093 3441 alium
3124 3386 3183 3440 in
3215 3388 3489 3444 cordibus
3519 3389 3877 3446 discordiam

473 3476 712 3541 habent,
744 3480 801 3531 et
831 3492 945 3530 non
977 3475 1327 3546 habent(l7)
1354 3491 1554 3546 pacem
1588 3474 1743 3529 inter
1772 3490 1874 3529 seu
1904 3489 1918 3528 :
1953 3473 2013 3527 in
2040 3473 2350 3546 praesentia
2380 3474 2492 3545 (18)
2518 3475 2753 3546 quidem
2786 3491 2988 3548 pacem
3021 3475 3463 3544 habentes,cum
3494 3482 3694 3534 autem
3730 3496 3878 3536 unus

471 3565 544 3620 ab
571 3564 683 3620 alio
713 3563 1066 3635 discesserit,
1098 3562 1357 3635 nequitia
1385 3580 1587 3619 eorum
1620 3564 1680 3617 in
1712 3563 1985 3619 cordibus
2015 3568 2335 3635 permanet.
2363 3562 2458 3618 Ha:
2509 3567 2647 3619 sunt
2693 3580 2829 3637 ergo
2874 3565 3166 3633 scissuras,
3199 3582 3346 3636 quas
3376 3566 3596 3623 habent
3624 3567 3872 3642 lapides.

468 3652 575 3717 Qui
606 3669 736 3709 vero
769 3652 916 3708 curti
950 3658 1106 3723 sunt,
1138 3653 1178 3707 ii
1202 3658 1341 3708 sunt
1371 3652 1471 3724 qui
1500 3652 1872 3707 crediderunt
1899 3652 2161 3723 quidem,
2185 3652 2498 3724 plurimam
2533 3656 2757 3725 partem
2788 3652 3070 3710 habentes
3100 3653 3430 3727 iniquitatis
3460 3656 3610 3729 (19);
3642 3663 3879 3732 propter

466 3741 576 3797 hoc
606 3742 776 3809 curti,
809 3746 865 3797 et
896 3758 1006 3796 non
1040 3740 1249 3813 integri
1281 3746 1438 3796 sunt.
1467 3740 1710 3796 Candidi
1740 3745 1933 3796 autem
1966 3745 2023 3796 et
2051 3740 2312 3807 rotundi,
2344 3745 2401 3795 et
2428 3757 2544 3796 non
2576 3741 2983 3796 convenientes
3020 3741 3081 3797 in
3135 3746 3493 3799 structuram
3537 3746 3749 3818 turris,
3782 3758 3878 3819 qui

461 3836 619 3898 sunt,
652 3830 934 3887 domina?
965 3830 1338 3902 Respondens
1369 3829 1534 3896 mihi,
1575 3830 1720 3884 dixit
1754 3846 1768 3886 :
1799 3830 2111 3901 Usquequo
2142 3829 2359 3886 stultus
2388 3846 2451 3885 es
2481 3834 2538 3886 et
2566 3829 2904 3885 insensatus
2932 3848 2946 3897 ;
2979 3835 3036 3886 et
3065 3832 3264 3886 omnia
3292 3832 3638 3907 interrogas,
3675 3841 3737 3892 et
3784 3836 3877 3892 ni-

458 3920 553 3977 hic
586 3920 863 3993 intelligis
884 3920 911 3975 ?
940 3920 1010 3974 Hi
1043 3924 1181 3975 sunt
1210 3919 1492 3976 habentes
1523 3920 1762 3990 quidem
1795 3920 1991 3990 fidem,
2016 3919 2294 3976 habentes
2320 3923 2518 3975 autem
2541 3923 2597 3975 et
2626 3919 2855 3976 divitias
2878 3918 3055 3992 hujus
3076 3920 3293 3976 saeculi.
3317 3925 3460 3978 Cum
3484 3939 3621 3996 ergo
3646 3928 3877 3982 venerit

1629 4034 1867 4090 VARI/13
1906 4035 2298 4091 LECTIONES
2336 4036 2425 4090 ET
2462 4034 2695 4090 NOT/E.

542 4125 655 4197 (96)
685 4125 791 4181 Ms.
828 4126 1075 4182 S.Germ
1115 4129 1171 4180 et
1200 4128 1389 4197 Carm.
1424 4124 1484 4180 hi
1530 4128 1712 4179 autem
1748 4124 2116 4196 praecellentes
2298 4126 2375 4197 (5)
2404 4123 2568 4197 Bodl.
2601 4125 2739 4197 scire
2768 4124 3014 4194 inquam.

467 4194 613 4253 illas.
639 4194 853 4268 Lamb.
886 4198 1266 4268 praevalente:
1295 4196 1437 4251 illis.
1468 4266 1480 4268 _
1750 4194 1758 4196 ⁷
1871 4267 1877 4268 ί
1904 4266 1918 4268 _
2296 4194 2371 4268 (6)
2402 4194 2563 4268 Bodl.
2594 4196 2708 4267 qui,
2741 4210 2845 4265 pro
2876 4196 3153 4265 quoniam.

541 4268 653 4341 (97)
688 4266 952 4341 Clemens
980 4269 1137 4341 Alex.
1172 4272 1420 4341 Στρωμ.,
1466 4266 1569 4341 lib.
1601 4285 1647 4341 ι1
1683 4283 1818 4341 cap.
1859 4266 1947 4341 29.
1980 4282 2112 4341 pag.
2295 4266 2373 4341 (7)
2403 4267 2606 4341 _L_amb.
2640 4268 2700 4341 iri
2727 4271 3063 4341 structuram
3089 4270 3286 4335 turris,
3316 4270 3414 4339 qui
3439 4270 3616 4326 sunt?
3638 4273 3688 4325 ii
3717 4282 3867 4328 sunt.

470 4339 784 4413 426,Ah_u_nc
813 4338 1003 4413 locum
1036 4340 1195 4413 hisce
1222 4336 1411 4413 verbis
1446 4336 1779 4413 describit!
1802 4336 2113 4413 Θςίῳςίτοῖο
2230 4410 2249 4413 _
2270 4336 2371 4413 _(8)
2402 4339 2628 4413 M§s_._S.
2663 4339 2878 4405 Germ.,
2912 4338 3103 4394 Carm.
3136 4345 3194 4395 et
3225 4336 3426 4397 Lamb.
3474 4343 3865 4413 proﬁciebant.

466 4430 560 4497 νην
657 4406 882 4498 ξύναμις
914 4412 948 4478 ἡ
979 4414 1057 4496 τῷ
1085 4411 1259 4499 Ἑρμᾷ
1286 4409 1421 4499 uorsa
1467 4407 1805 4499 ἀπρξάλυψιν
1847 4405 2079 4498 λῃαξιοῦσρ

1043 4431 1057 4462 ›
1085 4411 1259 4499 Ἑρμᾷ
1286 4409 1421 4499 uorsa
1467 4407 1805 4499 ἀπρξάλυψιν
1847 4405 2109 4498 λῃαξιοῦσρι·
2224 4405 2656 4499 Siénétnthallus.

469 4482 548 4559 Ta
582 4476 854 4559 upupam,
876 4552 885 4559 _
910 4476 1092 4559 clo-niti,-
1110 4476 1215 4559 xat
1240 4476 1329 4559 uda
1354 4476 1815 4559 ἀποκοελύμραλεα,
1851 4476 1953 4559 ⁵8.ιὰ
1988 4480 2082 4559 τος)

2293 4479 2567 4559 (9)_del.
2595 4480 2691 4559 qui
2718 4482 2884 4559 sunt?
2911 4480 2982 4535 Ii.
3011 4481 3211 4537 Lamb.
3235 4485 3465 4539 tantum
3494 4485 3593 4555 qui
3612 4491 3750 4541 sunt
3776 4490 3802 4540 .9

470 4548 761 4627 διψύχᾳύς,
807 4548 934 4627 robii
954 4548 1480 4627 A'3ta7tovtﬁo‘pévouc“
1513 4550 1565 4605 ἐν
1594 4548 1713 4627 at;
1743 4548 2079 4627 καρδίαιςᾳᾳό

1360 4572 1480 4627 [ους
1513 4550 1565 4605 ἐν
1594 4548 1713 4627 at;
1743 4548 2109 4627 καρδίαιςᾳᾳό-
2432 4548 2973 4627 ῌρᾱιξδίνξιείανατρ.

467 4618 675 4691 rem}:
709 4618 811 4697 ἄρα
858 4618 1197 4697 ἐστὶᾼταῦτᾴ,
1318 4622 1416 4678 οὐκ
1455 4618 1632 4697 ἕᾳτιη
1664 4618 1945 4697 sequitur
1985 4623 2080 4680 Cle

2291 4618 2408 4697 (11)
2436 4622 2576 4697 Mss.
2607 4622 3099 4697 S.Germ.,Carm.
3134 4628 3192 4680 et
3224 4625 3419 4681 Lamb.
3448 4628 3863 4697 quoniam.Fel-

470 4713 638 4753 mens
670 4714 683 4752 :
715 4692 949 4771 ’ὁμοίῳς
980 4692 1103 4751 δὲ...
1138 4692 1213 4771 ὡίς
1242 4696 1371 4771 νέῳν
1401 4694 1588 4771 φρέν-ες
1609 4692 1938 4771 ἡ-ερέθίονταιε
1974 4697 2083 4761 Qua

1091 4738 1103 4751 .
1138 4692 1213 4771 ὡίς
1242 4696 1371 4771 νέῳν
1401 4694 1588 4771 φρέν-ες
1609 4692 1938 4771 ἡ-ερέθίονταιε
1974 4697 2108 4761 Quae
2216 4692 2367 4771 lus;
2385 4692 2693 4771 :hgbgaqui.

467 4764 961 4839 postrema'verba
990 4785 1122 4824 cum
1147 4768 1264 4824 sint
1285 4764 1885 4839 Alexandrini,'miror
1912 4765 2107 4823 hacte-
2288 4766 2416 4839 (12)
2430 4764 2599 4839 Editi
2633 4764 2912 4839 omittun_t
2958 4765 3074 4839 ista
3103 4765 3544 4839 :‘Volo‘inquam
3584 4768 3818 4828 domina
3843 4788 3861 4826 :

469 4835 581 4919 pus
601 4840 673 4919 ab
704 4841 1026 4919 editoribus
1046 4841 1472 4919 Hermafuisse
1492 4838 1594 4919 hic
1610 4840 1669 4893 in
1692 4837 1951 4919 medium
1964 4854 2106 4919 pro-
2215 4835 2666 4919 qu'mnliellus‘ex
2690 4851 2833 4919 mss.
2866 4835 3028 4919 Dodl.
3051 4841 3110 4893 et
3138 4836 3339 4894 Lamb.
3371 4835 3646 4896 restituit.

467 4910 609 4981 lata,
630 4916 911 4995 tanquam
940 4913 1012 4967 ab
1043 4911 1432 4993 Alexandrino
1453 4927 1521 4966 ex
1549 4911 1760 4965 Herma
1790 4906 2101 5035 descripta.
2231 4906 2251 4909 “
2283 4908 2397 5035 (13)
2430 4907 2630 4963 Lamb.
2662 4906 2932 4962 abscessit.

467 4982 716 5035 Jamque
744 4984 801 5035 1d
834 4984 1011 5035 nrohe
1041 4999 1271 5035 nov1sse
1298 4982 1571 5035 Videntur
1600 4981 1862 5035 Potterus
1892 4981 1963 5035 ad
2042 4981 2100 5035 .l.
2310 4981 2372 5033 14
2424 4978 2584 5035 Bodl.
2611 4982 2932 5034 structuran

464 4978 716 5056 Jamque
744 4978 801 5039 id
834 4984 1011 5056 probe
1041 4983 1271 5056 novisse
1297 4982 1571 5056 videntur
1600 4981 1862 5036 Potterus
1892 4981 1963 5056 ad
1985 4978 2100 5056 11.].
2283 4978 2395 5056 (1g)
2424 4978 2584 5056 Bodl.
2611 4982 2965 5056 structuram.

466 5060 517 5109 et
544 5050 861 5111 Wbttonus
891 5056 951 5111 in
983 5057 1137 5111 notis
1169 5055 1240 5110 ad
1285 5053 1597 5109 Clementis
1625 5057 1791 5108 Rom.
1848 5052 2029 5123 Epist.
2060 5052 2099 5121 1,
2282 5050 2394 5123 (15)
2425 5051 2510 5123 Ita
2539 5050 2759 5123 mss.S.
2788 5050 3183 5118 Germ.,Carm
3213 5054 3272 5106 et
3301 5051 3504 5109 Lamb.
3529 5052 3692 5110 Itaet
3714 5056 3860 5113 Falli

463 5142 589 5196 cap.
623 5128 715 5181 23.
1381 5195 1384 5196 ν
1811 5193 1821 5196 _
1893 5120 1912 5123 “
1991 5195 2030 5196 _
2086 5120 2091 5121 7
2212 5120 2407 5196 editio.
2433 5120 2529 5196 ΑΙ.
2562 5122 2843 5196 omittunt
2871 5123 2986 5196 qui.

2282 4910 2301 5132 ἕ

534 5191 646 5269 (98)
680 5199 785 5255 Ms.
821 5198 881 5253 S.
913 5197 1104 5255 Germ.
1141 5202 1197 5253 et
1229 5195 1430 5252 Lamb.
1464 5198 1561 5250 aut
1588 5211 1726 5251 non.
1772 5193 1861 5249 Sic
1890 5197 1946 5249 et
1975 5195 2097 5251 Cle-
2210 5265 2235 5269 _
2280 5194 2393 5269 (16)
2426 5193 2517 5249 Sic
2566 5191 2759 5269 Fellus
2782 5191 2895 5269 ⁸ρξ’
2921 5191 3083 5269 Bodl.
3131 5192 3219 5248 Al.
3249 5194 3548 5263 omittunt,
3599 5196 3660 5253 hi
3702 5202 3856 5254 sunt.

462 5262 636 5327 mens
661 5270 817 5325 Alex.
850 5269 888 5324 l.
922 5287 971 5325 ο.
2210 5262 2417 5322 Lamb.
2458 5280 2561 5336 pro
2591 5264 2687 5334 qui
2712 5262 2942 5319 exhibet
2971 5266 3121 5334 quia.

536 5342 656 5413 (99)
687 5342 917 5405 Lamb.,
946 5347 1134 5397 Carm.
1167 5345 1224 5395 et
1251 5343 1441 5413 Germ.
1475 5343 1525 5394 et
1563 5340 1711 5393 certa
1741 5354 1882 5410 quae.
2279 5336 2392 5413 (17)
2423 5334 2891 5413 l3:odl.hhallentes.

531 5406 680 5483 (100)
708 5413 867 5468 Bodl.
900 5416 957 5467 in
990 5414 1365 5478 commissura,
1396 5412 1455 5465 hi
1482 5414 1626 5464 sunt.
1749 5406 1762 5410 ’
2212 5478 2249 5483 _
2279 5406 2391 5483 (18)
2423 5407 2563 5463 Mss.
2595 5406 2654 5463 S.
2687 5407 2901 5474 Germ.,
2925 5406 3054 5462 Vict
3081 5411 3138 5463 et
3167 5408 3369 5464 Lamb.
3388 5426 3643 5480 persona.
3667 5411 3773 5467 Sic
3800 5416 3857 5468 et

559 5490 608 5555 1)
640 5478 838 5538 Lamb.
874 5486 1282 5555 ingrediuntur.
2208 5478 2421 5555 Fellus.

559 5491 579 5543 1
642 5490 838 5538 Lamb.
874 5490 1282 5555 ingrediuntur.
2208 5490 2421 5535 r'ellus.

552 5490 608 5627 2)
629 5556 824 5627 Lamb-
858 5556 1209 5611 alterutrum.
2279 5551 2392 5622 (l9)
2425 5549 2586 5627 Bodl.
2621 5549 2690 5627 lci
2730 5548 3081 5627 crediderunt
3116 5551 3357 5622 quidem,
3405 5553 3498 5609 sed
3539 5554 3853 5626 plurimam

552 5621 609 5699 3)
639 5624 797 5699 Bodl:
829 5631 1184 5682 structuram.
1288 5696 1325 5699 _
1362 5695 1397 5699 η
1695 5694 1707 5699 _
1807 5698 1812 5699 ί
2204 5621 2412 5696 partem
2440 5621 2639 5679 habent
2670 5622 3004 5696 iniquitatis.

554 5694 609 5785 4)
638 5697 843 5763 Lamb.
874 5701 1250 5775 apportantur.
1286 5695 1499 5766 Fellus,
1526 5694 1905 5769 portabantur.
