4036 6344
120 366 237 426 905
1278 368 1612 429 PASTOB.
1646 402 1714 413 —

2036 368 2218 429 VISIO
2266 368 2370 428 ΙΙΙ.
3401 367 3520 430 906

116 497 439 565 tribulatio,
473 502 709 570 propter
734 498 965 556 divitias
997 517 1136 557 suas
1166 503 1223 556 et
1253 500 1681 571 negotiationes
1712 500 2003 572 abnegant
2033 500 2346 555 Dominum
2379 499 2513 570 (20).
2542 499 2941 571 Respondens,
2976 499 3103 555 dico
3125 517 3173 557 ei
3205 518 3217 556 :
3247 500 3517 557 Domina-

116 588 351 657 quando
381 604 516 660 ergo
548 588 719 642 utiles
752 593 925 644 erunt
955 589 1201 644 Domino
1223 590 1249 643 ‘?
1283 594 1424 644 Cum
1456 590 1835 659 circumcisae,
1871 589 2062 659 inquit
2099 588 2316 642 fuerint
2341 588 2550 643 divitiae
2584 605 2807 659 eorum,
2842 605 2967 659 quae
3025 605 3124 644 eos
3171 590 3514 675 delectant;

113 682 256 732 tunc
284 682 455 733 erunt
483 677 655 732 utiles
687 678 953 734 Domino.
988 679 1059 733 ad
1090 678 1422 733 aedificium.
1450 678 1610 733 Sicut
1637 678 1793 733 enim
1823 677 1973 750 lapis
2005 678 2311 746 rotundus,
2345 677 2437 733 nis
2467 677 2698 733 decisus
2731 677 2925 745 fuerit,
2959 681 3016 733 et
3043 678 3320 749 abjecerit
3342 680 3413 734 ab
3444 688 3509 736 se

112 763 363 837 aliquid,
392 780 508 820 non
538 769 731 836 potest
758 765 1083 835 quadratus
1112 765 1271 821 ﬁeri:
1307 767 1390 821 sic
1420 769 1477 821 et
1505 765 1602 837 qui
1635 765 1843 821 divites
1873 770 2013 820 sunt
2042 765 2101 819 in
2132 765 2242 819 hoc
2272 764 2501 835 saeculo,
2534 764 2649 820 nisi
2679 764 3034 819 circumcisa
3056 764 3272 820 fuerint
3293 764 3505 821 divitias

112 870 339 925 eorum,
369 870 486 910 non
517 857 765 924 possunt
791 853 1037 909 Domino
1067 854 1239 911 utiles
1270 870 1418 910 esse.
1445 860 1496 908 Α
1524 858 1580 909 te
1606 854 1715 926 (21)
1745 855 2001 925 primum
2034 855 2178 910 scito
2207 869 2221 909 :
2250 854 2491 918 Quando
2522 854 2682 911 dives
2708 853 2890 924 fuisti,
2920 853 3145 910 inutilis
3167 870 3326 924 eras;
3351 872 3512 912 nunc

109 960 248 1000 vero
278 941 443 1000 utilis
472 959 555 1014 es,
587 946 644 999 et
672 947 843 1015 aptus
874 943 1002 999 vita:
1030 948 1173 1012 tuae;
1209 960 1345 1001 nam
1378 948 1437 999 et
1460 947 1525 999 tu
1552 943 1679 1016 ipse
1704 960 1772 1001 ex
1801 944 1884 999 eis
1914 943 2211 1016 lapidibus
2240 942 2423 999 fuisti.

1614 1058 1846 1115 CAPUT
1884 1059 2006 1114 VII.

191 1147 440 1203 Caeteros
469 1150 665 1203 autem
694 1146 917 1218 lapides
948 1163 1096 1219 quos
1124 1147 1321 1204 vidisti
1350 1146 1523 1219 longe
1554 1149 1843 1219 projectos
1875 1165 1909 1203 a
1939 1148 2109 1217 turri,
2142 1152 2199 1203 et
2229 1151 2528 1203 currentes
2572 1146 2631 1201 in
2663 1145 2775 1214 via,
2799 1151 2857 1203 et
2882 1146 3034 1203 volvi
3065 1147 3135 1203 de
3162 1147 3256 1204 via
3304 1148 3363 1204 in
3391 1148 3521 1206 loca

116 1239 378 1293 deserta:
414 1236 453 1291 ii
485 1239 625 1292 sunt
655 1235 754 1308 qui
784 1236 1156 1292 crediderunt
1185 1236 1444 1307 quidem,
1479 1236 1837 1292 dubitatione
1868 1242 2063 1292 autem
2098 1253 2205 1291 sua
2233 1234 2595 1307 reliquerunt
2622 1236 2734 1305 (2.2)
2783 1234 2934 1291 viam
2976 1252 3145 1293 suam
3166 1252 3380 1307 veram,
3410 1254 3520 1310 pu-

113 1330 310 1382 tantes
339 1341 401 1381 se
430 1323 729 1380 meliorem
758 1324 911 1380 viam
937 1341 1109 1397 posse
1138 1323 1420 1381 invenire.
1453 1325 1661 1380 Errant
1691 1329 1889 1381 autem
1918 1329 1975 1381 et
2008 1325 2205 1380 miseri
2237 1330 2397 1392 sunt,
2432 1323 2825 1397 ingredientes
2856 1325 2915 1380 in
2938 1325 3197 1381 desertas
3234 1326 3376 1383 vias.
3412 1326 3521 1390 Qui

116 1419 319 1471 autem
350 1415 635 1470 cadebant
662 1415 718 1468 in
750 1414 970 1488 ignem,
1002 1417 1060 1470 et
1089 1414 1391 1485 sedebant,
1416 1412 1457 1468 ii
1488 1418 1628 1470 sunt
1657 1414 1755 1486 qui
1788 1414 1846 1469 in
1878 1417 2225 1486 perpetuum
2257 1414 2670 1469 abscesserunt
2698 1413 2809 1485 (23)
2841 1429 2875 1469 a
2906 1418 3016 1469 Deo
3056 1414 3207 1483 vivo,
3237 1431 3341 1471 nec
3392 1432 3520 1471 am-

115 1505 276 1577 plius
306 1503 424 1560 illis
454 1503 718 1560 ascendit
746 1504 804 1559 in
837 1504 1013 1559 corda
1040 1503 1445 1575 paenitentiam
1477 1520 1664 1574 agere,
1694 1508 1929 1576 propter
1967 1503 2254 1559 desideria
2284 1501 2596 1557 libidinum
2645 1519 2885 1558 suarum
2936 1507 2995 1559 et
3045 1503 3334 1559 scelorum
3389 1521 3517 1577 quas

115 1598 455 1667 operantur.
489 1594 684 1648 Ceteri
715 1608 846 1649 vere
876 1593 977 1664 qui
1009 1593 1291 1648 cadebant
1311 1593 1480 1664 juxta
1509 1610 1714 1664 aquas,
1747 1597 1803 1648 et
1832 1609 1946 1648 non
1980 1595 2248 1664 poterant
2273 1590 2421 1647 volvi
2452 1591 2511 1646 in
2543 1608 2750 1663 aquas,
2781 1592 2879 1663 qui
2913 1592 3098 1647 sunt?
3129 1592 3173 1647 Ii
3223 1594 3363 1647 sunt
3410 1593 3512 1665 qui

112 1683 359 1738 verbum
391 1681 725 1749 audierunt,
756 1681 1017 1737 volentes
1044 1682 1330 1753 baptizari
1359 1681 1421 1736 in
1450 1681 1687 1738 nomine
1715 1681 1950 1737 Domini
1977 1698 1991 1749 ;
2025 1681 2243 1753 quibus
2263 1697 2395 1735 cum
2426 1680 2586 1736 venit
2614 1681 2672 1735 in
2698 1680 3040 1737 memoriam
3074 1681 3357 1737 sanctitas
3376 1681 3521 1737 veri-

114 1770 277 1837 tatis,
310 1770 619 1826 retrahunt
649 1786 731 1840 se,
767 1770 1185 1842 ambulantque
1216 1787 1422 1826 rursus
1453 1774 1586 1841 post
1614 1770 1905 1826 desideria
1952 1787 2060 1826 sua
2089 1769 2355 1825 scelesta.
2397 1769 2839 1825 Consummavit
2866 1769 3045 1841 igitur
3093 1770 3519 1827 enarrationem

111 1859 321 1915 turris.
352 1859 471 1931 Ego
500 1875 653 1925 vero,
686 1874 819 1913 cum
852 1858 1045 1915 adhuc
1080 1875 1270 1915 essem
1296 1859 1599 1931 improbus
1630 1859 1764 1931 (24),
1796 1859 2148 1930 interrogavi
2182 1858 2341 1913 illam
2368 1874 2380 1911 :
2413 1859 2497 1911 An
2530 1857 2603 1913 iis
2632 1858 2907 1913 omnibus
2936 1856 3232 1930 lapidibus
3260 1857 3373 1930 (25)
3417 1858 3520 1930 qui

114 1947 365 2019 projecti
390 1951 549 2015 sunt,
582 1963 687 2003 nec
717 1947 1135 2003 conveniebant
1162 1946 1222 2001 in
1255 1949 1613 2002 structuram
1645 1946 1849 2016 turris,
1877 1964 1949 2002 an
1980 1951 2067 2003 est
2097 1945 2470 2018 poenitentia;
2502 1949 2559 2001 et
2586 1945 2887 2001 habebunt
2917 1947 3026 2017 (26;
3049 1946 3245 2002 locum
3276 1945 3335 2001 in
3358 1950 3519 2003 turre

112 2034 277 2091 hac?
300 2034 545 2102 Habent,
576 2034 787 2106 inquit,
822 2035 1250 2107 paenitentiam,
1282 2035 1383 2091 sed
1415 2035 1475 2090 in
1502 2035 1610 2090 hac
1640 2040 1831 2092 turrre
1863 2053 1978 2091 non
2010 2040 2260 2108 possunt
2290 2033 2595 2091 convenire
2621 2053 2633 2103 ;
2668 2033 2780 2090 alio
2814 2039 3010 2090 autem
3058 2034 3183 2091 loco
3226 2038 3521 2105 ponentur

115 2122 307 2180 multo
337 2123 606 2179 inferiore
632 2140 645 2190 ;
679 2127 735 2179 et
764 2123 873 2179 hoc
904 2123 1038 2197 (27),
1071 2140 1204 2180 cum
1236 2123 1476 2180 cruciati
1501 2123 1735 2193 fuerint,
1760 2128 1816 2179 et
1845 2124 2216 2196 impleverint
2239 2124 2361 2180 dies
2384 2126 2753 2193 peccatorum
2776 2138 3039 2179 suorum.
3065 2124 3134 2178 Et
3154 2127 3389 2194 propter
3407 2124 3516 2180 hoc

114 2211 565 2280 transferentur,
614 2212 889 2283 quoniam
923 2218 1303 2284 perceperunt
1331 2213 1574 2268 verbum
1624 2213 1858 2283 justum
1893 2214 2025 2285 (28).
2058 2213 2127 2267 Et
2156 2218 2297 2268 tunc
2327 2211 2445 2268 illis
2476 2212 2769 2284 continget
2799 2211 3101 2268 transferri
3142 2213 3213 2268 de
3233 2212 3437 2285 poenis,
3469 2212 3521 2270 si

114 2299 489 2357 ascenderint
514 2299 574 2354 in
607 2301 781 2355 corda
808 2300 1093 2372 ipsorum,
1126 2316 1305 2372 opera
1334 2315 1461 2371 qua
1494 2300 1714 2371 operati
1746 2304 1888 2356 sunt
1916 2300 2180 2358 scelesta.
2204 2301 2364 2366 Quod
2398 2301 2445 2357 si
2478 2317 2593 2356 non
2626 2300 2995 2357 ascenderint
3023 2299 3083 2355 in
3132 2301 3306 2357 corda
3358 2300 3521 2373 ipso-

112 2405 277 2457 rum,
310 2404 426 2445 non
446 2391 619 2443 erunt
644 2387 786 2444 salvi
818 2391 1052 2459 propter
1078 2388 1359 2445 duritiam
1391 2387 1583 2445 cordis
1614 2388 1726 2444 sui.

1598 2503 1831 2560 CAPUT
1884 2504 2031 2560 VIII.

111 2593 263 2648 Cum
292 2607 429 2665 ergo
449 2590 645 2646 destiti
676 2591 1033 2664 interrogare
1062 2592 1174 2663 (29)
1205 2591 1367 2647 illam
1390 2592 1461 2648 de
1492 2592 1766 2648 omnibus
1798 2592 1947 2660 istis,
1982 2593 2063 2648 ait
2096 2593 2236 2647 mihi
2264 2609 2279 2649 :
2314 2593 2413 2648 Vis
2453 2592 2610 2648 aliud
2669 2593 2909 2649 videre?
2958 2592 3220 2665 Cumque
3268 2594 3519 2665 cupidus

109 2697 309 2737 essem
344 2681 415 2736 ad
446 2680 787 2748 videndum,
821 2680 1024 2736 hilaris
1056 2681 1243 2737 factus
1272 2697 1405 2736 sum
1434 2681 1622 2736 vultu.
1656 2680 1994 2752 Respiciens
2026 2697 2118 2736 me
2149 2682 2412 2752 subrisit,
2438 2686 2496 2737 et
2527 2683 2609 2738 ait
2639 2682 2821 2738 mihi:
2854 2682 3029 2738 Vides
3061 2688 3283 2755 septem
3326 2683 3507 2739 mulis

108 2788 211 2827 rcs
241 2770 397 2827 circa
424 2770 637 2825 turrim
657 2770 686 2824 ‘I
718 2770 916 2840 Video,
949 2770 1213 2841 inquam,
1246 2770 1505 2825 domina.
1538 2769 1740 2826 Turris
1771 2770 1912 2839 haec,
1945 2770 2159 2841 inquit,
2193 2774 2263 2825 ab
2295 2770 2366 2825 iis
2398 2771 2509 2841 (30)
2540 2775 2922 2842 supportatur
2952 2773 3277 2827 secundum
3301 2787 3515 2844 praece-

106 2866 284 2933 ptum
314 2858 568 2915 Domini.
600 2858 752 2913 Audi
782 2875 938 2915 nunc
966 2859 1206 2915 effectus
1236 2875 1437 2914 earum
1467 2876 1480 2914 :
1513 2860 1708 2914 Prima
1729 2860 1967 2931 quidem
1999 2875 2200 2915 earum
2233 2876 2359 2931 quae
2389 2860 2643 2915 continet
2670 2876 2847 2916 manu
2877 2860 3011 2933 (31),
3043 2860 3208 2917 Fides
3238 2865 3514 2930 vocatur;

109 2966 222 3022 per
246 2948 411 3003 hanc
444 2947 588 3004 salvi
618 2948 759 3003 ﬁent
788 2947 954 3004 electi
976 2947 1248 3004 Dei.Alia
1266 2964 1399 3003 vero
1421 2964 1548 3019 quae
1576 2948 1874 3004 succincta
1894 2951 2064 3020 est,et
2085 2947 2331 3004 viriliter
2349 2947 2859 3021 agit,Abstinentia
2876 2950 2985 3014 (32)
3008 2953 3278 3017 vocatur;
3302 2948 3424 3006 haec
3454 2948 3522 3004 ti-

110 3038 195 3093 lia
227 3039 318 3093 est
347 3036 528 3094 Fidei.
561 3036 840 3108 Quisquis
875 3053 1010 3109 ergo
1043 3041 1279 3093 secutus
1311 3036 1484 3092 fuerit
1514 3035 1695 3103 illam,
1728 3036 1863 3092 felix
1892 3037 1993 3093 ﬁet
2020 3036 2080 3092 in
2122 3038 2239 3092 vita
2266 3053 2393 3103 sua,
2416 3038 2691 3109 quoniam
2715 3039 2788 3094 ab
2810 3037 3083 3094 omnibus
3104 3037 3378 3109 operibus
3402 3053 3523 3093 ma-

113 3126 192 3182 lis
224 3124 544 3182 abstinebit
572 3124 684 3197 (33)
713 3143 727 3191 ;
761 3126 1003 3181 credens
1026 3126 1199 3197 quod,
1233 3126 1280 3182 si
1306 3141 1367 3181 se
1389 3126 1742 3181 continuerit
1762 3126 1834 3181 ab
1855 3126 2014 3182 omni
2041 3126 2533 3198 concupiscentia,
2558 3125 2740 3182 haeres
2762 3127 2870 3183 erit
2890 3127 3018 3181 vitae
3037 3130 3280 3181 aeternae.
3297 3125 3521 3182 Caetera

116 3218 345 3286 autem,
378 3214 644 3286 inquam,
678 3213 933 3280 domina,
972 3214 1230 3287 quinque
1255 3231 1378 3284 quae
1411 3216 1599 3270 sunt?
1630 3214 1805 3285 Filiae,
1838 3215 2051 3287 inquit,
2085 3215 2331 3271 invicem
2364 3219 2522 3271 sunt.
2552 3219 2807 3290 Vocatur
2837 3219 3031 3271 autem
3057 3216 3322 3287 quaedam
3370 3213 3524 3270 Sim-

114 3304 377 3377 plicitas;
412 3303 527 3359 alia
556 3304 914 3370 Innocentia,
949 3304 1061 3359 alia
1086 3304 1380 3370 Modestia,
1414 3303 1530 3359 alia
1561 3304 1902 3375 Disciplina,
1933 3304 2047 3358 alia
2076 3303 2563 3359 autemCharitas.
2596 3307 2739 3360 Cum
2773 3321 2909 3377 ergo
2944 3303 3263 3359 servaveris
3345 3319 3525 3376 opera

112 3392 330 3449 matris
361 3406 584 3459 earum,
616 3392 815 3447 omnia
836 3392 1051 3462 poteris
1067 3391 1381 3447 custodire.
1401 3391 1678 3447 Volebam
1705 3392 1872 3458 scire,
1901 3392 2160 3458 domina,
2187 3408 2365 3463 quam
2389 3408 2634 3463 quaeque
2655 3408 2856 3447 earum
2881 3391 3093 3447 habeat
3113 3391 3226 3463 (34)
3248 3391 3525 3447 virtutem

117 3480 307 3549 Audi,
339 3480 533 3552 inquit
562 3497 574 3535 :
607 3481 866 3536 Virtutes
896 3480 1147 3552 aequales
1177 3481 1393 3536 habent
1419 3499 1432 3549 ;
1467 3497 1739 3537 connexae
1768 3486 1963 3536 autem
1994 3482 2065 3536 ad
2098 3481 2344 3536 invicem
2392 3487 2529 3537 sunt
2556 3481 2797 3537 virtutes
2828 3497 3050 3548 earum,
3100 3484 3157 3535 et
3201 3485 3529 3551 sequuntur

107 3586 172 3626 se
208 3568 461 3625 invicem
497 3569 653 3624 sicut
683 3575 830 3625 natae
860 3576 1017 3625 sunt.
1052 3571 1129 3625 Ex
1150 3570 1284 3625 Fide
1303 3569 1562 3624 nascitur
1584 3569 1972 3637 Abstinentia,
1996 3570 2065 3624 de
2081 3569 2445 3624 Abstinentia
2458 3569 2839 3641 Simplicitas,
2864 3571 2934 3625 de
2956 3567 3339 3640 Simplicitate
3362 3567 3527 3622 Inno-

104 3658 331 3725 centia,
367 3658 440 3713 de
471 3658 808 3713 Innocentia
838 3658 1221 3727 Modestia,de
1246 3658 1527 3713 Modestis.
1544 3657 1858 3729 Disciplina
1871 3663 1926 3713 et
1945 3657 2353 3729 Charitas(35).
2384 3658 2601 3713 Harum
2616 3675 2751 3730 ergo
2775 3675 2949 3730 opera
2974 3662 3196 3725 sancta,
3213 3661 3269 3711 et
3289 3656 3522 3729 pudica,

103 3753 159 3802 et
185 3751 349 3802 recta
371 3763 439 3801 su
456 3746 894 3818 nt.Quicunque
908 3764 1048 3820 ergo
1064 3746 1327 3803 servierit
1348 3747 1520 3818 his,et
1544 3747 1976 3819 invaluerit(36)
2000 3752 2194 3802 tenere
2207 3764 2381 3819 opera
2401 3748 2688 3817 earum,in
2711 3748 2859 3803 turri
2875 3744 3523 3803 habebithabitaculum

104 3856 248 3895 cum
280 3839 506 3894 sanctis
525 3838 644 3894 Dei.
675 3838 1028 3909 Interrogavi
1052 3836 1210 3893 illam
1232 3837 1301 3891 de
1323 3836 1703 3908 temporibus,
1730 3837 1917 3907 sijam
1941 3838 2370 3892 consummatio
2393 3841 2480 3892 est
2500 3838 2613 3909 (3i)
2633 3837 2659 3891 ‘?
2686 3837 2791 3892 Illa
2811 3843 3003 3894 autem
3028 3839 3367 3896 exclamavit
3388 3854 3525 3893 voce

106 3945 360 4001 magna,
402 3928 625 3982 dicens:
650 3928 947 3981 Insensate
970 3926 1172 3981 homo!
1202 3925 1566 3980 nonnevides
1580 3926 1787 3979 turrim
1805 3942 2036 3997 semper
2055 3926 2325 3980 aediﬁcari
2350 3926 2461 3996 (38)
2482 3925 2761 3990 ‘lQuando
2779 3944 2914 3999 ergo
2937 3932 3307 3984 consummat
3345 3925 3523 3981 fuerit

106 4017 305 4072 turris
326 4020 384 4072 et
398 4016 699 4085 aediﬁcata,
715 4015 1075 4069 habetﬁnem
1103 4032 1115 4069 :
1133 4015 1232 4069 sed
1246 4014 1423 4069 etcito
1438 4014 1965 4069 consummabitur.
1990 4014 2117 4070 Noli
2134 4030 2225 4069 me
2246 4015 2499 4086 amplius
2521 4015 2874 4087 interrogare
2894 4017 3237 4088 quidquam.
3261 4014 3523 4071 Sufﬁciat

108 4106 226 4161 tibi
263 4108 325 4161 et
352 4105 627 4160 omnibus
659 4105 877 4160 sanctis
909 4103 1384 4159 commemoratio
1416 4103 1550 4170 ista,
1581 4108 1637 4158 et
1666 4102 1959 4159 renovatio
1990 4104 2305 4175 spirituum
2326 4108 2672 4160 vestrorum.
2697 4105 2806 4161 Sed
2831 4121 2945 4159 non
2966 4105 3072 4161 tibi
3091 4104 3211 4161 haec
3231 4104 3341 4162 soli
3363 4120 3522 4163 reve-

1247 4217 1492 4273 VARIIE
1550 4218 1928 4275 LECTIONES
2013 4221 2105 4275 ET
2161 4218 2393 4275 NOTZE.

214 4317 311 4391 20)
340 4316 505 4391 Bold.
538 4318 673 4391 add.
703 4332 885 4373 suum.

1931 4333 2048 4372 iens
2079 4316 2240 4391 Alex:
2272 4317 2372 4388 qui
2407 4322 2631 4391 Στρωμ.
2664 4317 2763 4376 lib.
2814 4333 2881 4386 ιι,
2910 4334 3084 4391 cap.‘
3122 4320 3209 4386 12,
3281 4317 3366 4391 sic
3412 4316 3525 4374 Her

339 4388 654 4464 Lamb.£ld
684 4393 753 4443 te.
835 4462 841 4464 _
891 4463 902 4464 ί
1023 4458 1037 4464 _
1186 4458 1220 4464 ,,
1411 4460 1422 4464 -

1932 4387 2305 4464 iamsupplet
2333 4393 2389 4444 et
2417 4387 2863 4463 interpretatur:
2906 4390 2968 4447 'H
2999 4387 3175 4445 ’ἰοίνυν
3227 4389 3526 4464 συνέχουσα

211 4462 308 4525 22)
337 4464 441 4515 Ms.
471 4465 524 4515 S.
559 4459 750 4515 Germ.
793 4462 851 4515 et
882 4458 1080 4514 Lamb.
1115 4458 1443 4530 relinquent.

793 4462 851 4515 et
882 4458 1080 4514 Lamb.
1115 4458 1443 4530 relinquent.
1878 4459 1975 4526 τὴν
2010 4458 2353 4526 Ἐκκλησίαν.

186 4530 308 4603 (23)
338 4530 499 4586 Bodl.
533 4535 588 4586 et
620 4530 822 4585 Lamb.
849 4532 910 4585 in
938 4531 1047 4599 ﬁne
1077 4530 1467 4603 abscesserunt.
1530 4601 1567 4603 μ
1605 4599 1641 4603 __
1952 4532 2065 4603 (3:2)
2098 4531 2297 4585 Lamb.
2333 4530 2706 4588 Continentia.
2740 4532 2833 4589 Sic
2874 4537 2932 4589 et
2978 4532 3243 4590 Clemens
3293 4532 3451 4588 Alex.
3483 4530 3524 4586 Ι.

187 4599 309 4675 (24)
340 4602 541 4658 Lamb.
574 4618 669 4671 ego
701 4604 813 4673 qui,
854 4618 980 4658 cum
1002 4602 1276 4673 improbus
1304 4617 1493 4657 essem.
1528 4599 1761 4657 Fellus:

701 4604 813 4673 qui,
854 4618 980 4658 cum
1002 4602 1276 4673 improbus
1304 4617 1493 4657 essem.
1528 4599 1761 4657 Fellus:
1882 4619 1932 4657 c.
1962 4599 2266 4675 ima-cm,

108 4672 410 4748 1599930»
434 4676 531 4748 Qui
554 4672 719 4748 οαέηέ
764 4744 776 4748 _
881 4743 888 4748 _
974 4744 1008 4748 __
1080 4672 1085 4673 ί
1265 4743 1279 4748 _
1369 4742 1413 4748 __
1637 4744 1646 4748 _
1766 4746 1772 4748 Α
1952 4672 2590 4748 (33)“Ιλᾷωὶ)ηειάά.δϐ;
2645 4679 2703 4731 et
2748 4674 2923 4747 paulo
2981 4679 3134 4748 post,
3198 4673 3526 4731 abstinuerit

185 4742 819 4819 (%)Bodl._et__Lamb.
855 4743 1009 4819 Anii
1036 4758 1220 4819 omnes
1262 4742 1539 4815 lapides...
1595 4744 1646 4819 si
1693 4746 1774 4799 est
1882 4742 2371 4819 proceri/iuuerit.

109 4814 261 4875 illis.
292 4814 471 4889 ’Editt.
499 4815 645 4889 AFAell.
679 4820 736 4871 et
753 4814 993 4889 Basse],
1023 4814 1403 4889 omittunton
1425 4815 1770 4889 secundum,
1884 4814 1902 4815 ί
1954 4817 2066 4887 (34)
2099 4816 2298 4871 Lamb.
2337 4816 2780 4889 Volq.._.iqquue
2808 4834 2971 4888 quam
2998 4819 3113 4873 vim
3151 4817 3350 4889 habeat
3396 4814 3529 4871 illa-

112 4890 283 4962 quod
319 4887 719 4962 al,‘exhibent.
748 4886 822 4962 _Et
860 4886 1096 4956 quidem
1144 4887 1471 4942 redundare
1520 4886 1772 4957 videtur,
1883 4886 2393 4962 rumpetpirzutem:
2427 4886 2619 4962 Fellus
2650 4886 2848 4962 addit}
2881 4890 2949 4962 Et
2974 4889 3132 4962 dixi:
3165 4887 3311 4943 Volo.

111 4957 242 5019 nisi
274 4959 450 5015 malis
474 4976 584 5032 {an
612 4966 722 5032 est,
739 4957 984 5032 inquam.
1061 5028 1083 5032 _
1321 5027 1333 5032 _
1405 5026 1417 5032 _
1502 5027 1531 5032 Α
1921 4959 2066 5032 Δ(35)
2096 4960 2342 5032 Sensum
2376 4958 2554 5032 hujus
2576 4958 2684 5032 loci
2710 4964 2876 5032 putat
2896 4960 2977 5016 Cl.
3011 4961 3276 5032 Potterus
3298 4971 3528 5032 expres-

191 5032 315 5103 (26)
342 5030 544 5103 Lamb.
568 5026 912 5103 habebuntur
939 5030 1017 5083 in.
1051 5028 1186 5092 Quae
1214 5027 1375 5084 varia
1404 5026 1572 5084 lectio
1612 5045 1775 5085 men-
1888 5026 2611 5103 sisse'ClemcntemAlex.
2641 5031 2679 5086 l.
2710 5026 2758 5087 ὃ.
2791 5031 2953 5103 hisce
2988 5031 3229 5103 verbis;
3286 5027 3385 5082 Καὶ
3430 5026 3532 5082 πά-

117 5096 455 5179 ίίοξθςβρῃό
494 5102 716 5179 Fabric.
750 5100 1015 5179 trahetur.

1936 5104 2361 5179 wzﬂemeitw-
2398 5100 2749 5179 luerim;
2768 5101 2933 5179 φόοος
2985 5098 3041 5179 δὲ
3086 5096 3385 5179 οἲκρδξξμεῖ·
3436 5117 3530 5179 1?-

221 5174 320 5244 27)
342 5168 456 5229 Ms.
488 5176 544 5228 S.
576 5173 770 5245 Germ.
798 5172 895 5228 hoc
926 5172 1058 5227 loco.

1934 5175 2032 5224 ειοῖ
2063 5168 2119 5245 δὲ
2148 5173 2182 5238 ἡ
2205 5168 2415 5245 eam;
2451 5173 2513 5245 Id
2544 5178 2664 5229 est:
2698 5168 2978 5230 Et'rursus
3000 5173 3211 5245 (inquit
3230 5168 3528 5245 Hermas);

220 5242 321 5315 28)
352 5245 554 5300 Lamb.
589 5243 753 5299 istud.
1146 5312 1159 5315 _
1337 5312 1371 5315 __
1730 5314 1735 5315 ί
1889 5243 2152 5315 Praecedit
2184 5242 2406 5312 quidem
2435 5244 2593 5313 ﬁdes,
2629 5248 2796 5301 timor
2848 5261 2974 5301 vero
3007 5242 3269 5315 aediﬁcat,
3324 5242 3537 5315 perﬁcit

222 5312 320 5385 29)
349 5316 554 5373 Lamb.
589 5316 764 5373 desivi
794 5312 1211 5385 interrogando.
1238 5312 1400 5369 Bodl.
1429 5329 1683 5385 quoque,
1703 5314 1769 5370 de
1893 5318 2076 5370 autem
2104 5314 2368 5370 charitas.

117 5383 259 5447 sivi.
300 5383 307 5385 ”
1013 5383 1026 5385 “
1447 5383 1463 5385 “
1566 5383 1584 5385 “
1963 5386 2074 5458 (36)
2106 5385 2199 5440 Sic
2230 5402 2374 5441 mss.
2401 5389 2456 5440 S.
2487 5386 2656 5458 Vict.,
2684 5391 2898 5457 Carm.,
2922 5386 3083 5444 Bold.
3103 5383 3540 5443 etLamb.Editi

202 5460 324 5534 (30)
354 5463 459 5515 Ms.
492 5459 639 5515 Vict.
675 5458 759 5513 his
789 5458 948 5534 albis:
1087 5528 1119 5534 __
1183 5527 1197 5534 _
1230 5526 1240 5534 _
1337 5526 1376 5534 ﬁ
1412 5526 1450 5534 __
1714 5528 1725 5534 .
1893 5457 2147 5534 volverit.

202 5526 557 5605 (‘31)7Manus
586 5535 901 5601 contracta,
932 5528 1139 5605 inquit
1183 5526 1279 5605 hic
1336 5526 1549 5605 Fellus,
1588 5528 1786 5583 rectis-
1968 5530 2079 5605 (37)
2114 5528 2318 5605 Lamb.
2351 5533 2505 5605 esset.

121 5599 498 5661 sime'ﬁdem
533 5599 1056 5675 repraesent,taqua
1087 5599 1283 5675 divina
1334 5600 1628 5675 promissa
1676 5616 1784 5675 ap-
1942 5599 2082 5675 (38)
2114 5600 2319 5675 Lamb:
2336 5603 2631 5675 [mensula
2661 5605 2847 5663 autem
2877 5601 3033 5664 homo
3060 5606 3079 5665 Ι
3097 5619 3229 5661 num
3251 5600 3402 5661 vides
3422 5605 3546 5659 tur-

124 5616 290 5661 sime
324 5616 498 5659 ﬁdem
533 5616 1056 5675 repraesent,taqua
1087 5616 1283 5654 mvma
1334 5616 1628 5669 promissa
1676 5616 1784 5727 εξ)-
1966 5616 2082 5671 (δδ)
2115 5616 2316 5654 Lamo.
2347 5616 2521 5655 msen.

124 5676 583 5751 prehendimus.
613 5673 797 5747 Magis
823 5676 1022 5728 tamen
1054 5672 1125 5728 ad
1140 5687 1285 5743 rem,
1309 5674 1377 5728 ut
1393 5670 1642 5741 videtur,
1664 5672 1705 5728 C
1731 5687 1785 5728 e-
1897 5672 2007 5728 rim
2037 5687 2201 5743 super
2238 5670 2521 5744 aedificari.

463 5803 728 5865 PATROL.
778 5802 890 5863 Ga.
934 5799 1013 5862 II.
3148 5802 3224 5870 29
