4036 6344
3360 78 4020 330 Ἴ

529 422 646 481 907
2024 421 2088 478 S.

2350 416 2439 477 [ΛΞ
3845 424 3944 484 W

530 554 650 610 lata
680 555 818 609 sunt
844 570 857 619 ;
890 552 991 607 sed
1024 555 1086 606 ut
1116 550 1389 607 omnibus
1420 551 1785 606 demonstres
1816 567 1901 605 ea.
1938 553 2078 605 Post
2105 551 2367 605 triduum
2400 550 2555 604 enim
2583 549 2909 624 intelligere
2938 556 2993 607 te
3024 556 3266 623 oportet,
3320 552 3559 621 Herma,
3596 556 3795 612 verba
3840 558 3941 613 hac

534 660 661 715 quas
690 642 795 698 tibi
826 640 1038 713 incipio
1068 640 1277 707 dicere,
1310 646 1375 695 ut
1397 639 1654 712 loquaris
1683 656 1752 695 ea
1778 639 1837 693 in
1868 640 2111 695 auribus
2142 639 2253 710 (39)
2284 644 2641 707 sanctorum,
2667 645 2730 694 ut
2745 641 3048 696 audientes
3073 657 3140 696 ea
3160 658 3291 697 cum
3314 642 3582 711 fecerint,
3614 647 3941 703 emundari-

534 735 634 787 tur
656 748 691 787 ο.
716 729 995 802 nequitiis
1026 728 1187 796 suis;
1220 729 1321 784 sed
1353 732 1411 783 et
1437 732 1500 783 tu
1534 744 1667 783 cum
1698 726 1840 783 illis.

1304 874 1319 903 ι
2053 844 2283 900 CAPUT
2314 844 2402 899 IX.

603 947 813 1001 Audite
845 961 936 999 me
966 959 1125 1015 ergo,
1160 943 1262 997 ﬁlii
1294 961 1308 998 :
1342 943 1459 1015 Ego
1490 960 1591 997 vos
1622 942 1871 997 enutrivi
1898 941 1955 996 in
1990 940 2177 996 multa
2206 942 2602 1013 simplicitate,
2635 946 2691 998 et
2718 943 3067 1010 innocentia,
3091 947 3465 1013 etmodestia,
3491 955 3753 1022 prepter
3769 954 3940 1009 mise-

529 1035 839 1092 ricordiam
869 1034 965 1088 Dei
998 1050 1124 1105 qua:
1147 1049 1323 1103 super
1352 1050 1450 1087 vos
1482 1031 1724 1086 stillavit
1752 1032 1811 1085 in
1836 1030 2107 1101 justitia;
2142 1036 2204 1085 ut
2233 1031 2675 1087 sanctiﬁcemini
2709 1033 3193 1103 etjustificemini
3225 1036 3337 1107 (40)
3369 1038 3442 1091 ab
3473 1042 3641 1094 omni
3677 1044 3942 1114 nequitia

528 1130 584 1180 et
604 1125 763 1179 omni
790 1122 1105 1194 pravitate;
1127 1138 1225 1175 vos
1252 1126 1447 1177 autem
1472 1137 1584 1175 non
1611 1120 1791 1174 vultis
1815 1120 2177 1190 requiescere
2202 1136 2236 1173 a
2261 1120 2537 1189 nequitiis
2559 1120 2785 1175 vestris.
2812 1121 2976 1176 Nunc
3005 1138 3140 1194 ergo
3168 1124 3363 1180 audite
3386 1142 3499 1197 me,
3523 1134 3582 1183 et
3610 1146 3829 1200 pacem
3854 1131 3946 1185 ha-

525 1215 657 1269 beta
687 1212 838 1268 alius
868 1227 999 1265 cum
1034 1210 1145 1265 alio
1176 1209 1311 1279 (4|),
1341 1214 1397 1263 et
1424 1207 1651 1264 visitate
1684 1224 1784 1262 vos
1816 1207 2181 1275 alterutrum,
2216 1212 2273 1262 et
2302 1208 2579 1279 suscipite
2610 1225 2711 1264 vos
2742 1209 3011 1274 invicem,
3044 1216 3099 1265 et
3133 1211 3309 1267 nolite
3338 1213 3446 1268 soli
3494 1220 3820 1273 creaturas
3850 1219 3943 1274 Dei

528 1303 824 1375 percipere
852 1301 895 1334 ⁸⁸
916 1298 1334 1366 ;abundantius
1366 1299 1543 1352 etiam
1560 1296 1855 1367 impertita
1881 1297 2208 1368 egentibus.
2231 1297 2477 1360 Quidam
2500 1296 2656 1353 enim
2673 1297 3073 1369 compluribus
3089 1299 3237 1356 cibis
3262 1301 3720 1361 inﬁrmitantem
3752 1310 3944 1362 carnis

529 1408 646 1447 suae
679 1387 1051 1454 contrahunt,
1083 1391 1139 1440 et
1166 1384 1383 1439 violant
1412 1401 1642 1439 carnem
1676 1402 1845 1439 suam
1880 1386 2015 1456 (42).
2056 1384 2315 1439 Aliorum
2351 1390 2548 1439 autem
2599 1386 2699 1456 qui
2760 1403 2873 1441 non
2925 1386 3142 1442 habent
3198 1404 3382 1456 escas,
3443 1395 3768 1449 marcescit
3820 1413 3943 1452 eam

531 1480 814 1551 ipsorum,
848 1480 1084 1549 propter
1115 1474 1171 1529 id
1204 1474 1357 1544 quod
1394 1491 1507 1528 non
1531 1473 1746 1529 habent
1768 1473 2155 1528 sufﬁcientem
2181 1472 2374 1526 cibum
2404 1490 2418 1539 ;
2442 1478 2497 1528 et
2513 1474 2879 1529 consumitur
2900 1492 3110 1547 corpus
3133 1493 3353 1531 eorum.
3376 1482 3507 1535 Haec
3525 1481 3714 1553 igitur
3735 1484 3947 1541 intem-

534 1567 796 1639 perantia
846 1564 1049 1620 nociva
1084 1568 1173 1618 est
1208 1562 1391 1631 vobis,
1433 1563 1784 1618 habentibus
1814 1567 1872 1618 et
1902 1580 2013 1617 non
2030 1562 2598 1617 communicantibus
2620 1563 2692 1619 iis
2714 1564 3015 1635 quiegent.
3038 1566 3643 1638 Attenditejudicium
3660 1589 3946 1645 superve—

534 1656 722 1711 niens.
752 1654 857 1721 Qui
888 1653 1299 1707 eminentiores
1329 1652 1491 1717 estis,
1528 1652 1805 1722 inquirite
1835 1651 2179 1717 esurientes,
2212 1650 2352 1704 dum
2385 1650 2576 1705 adhuc
2606 1652 2786 1706 turris
2826 1670 2940 1707 non
2996 1659 3086 1708 est
3129 1663 3555 1714 consummata.
3612 1660 3943 1735 Postquam

535 1744 691 1800 enim
723 1747 1130 1797 consummata
1172 1741 1347 1795 fuerit
1378 1739 1574 1807 turris,
1608 1739 1814 1794 voletis
1844 1740 2201 1807 benefacere,
2242 1744 2299 1793 et
2323 1756 2435 1793 non
2461 1739 2751 1795 habebitis
2781 1740 2996 1796 locum.
3024 1742 3227 1799 Videte
3255 1762 3392 1818 ergo
3421 1764 3543 1817 vos,
3566 1751 3671 1821 qui
3724 1752 3945 1824 gloria-

536 1833 678 1888 mini
712 1833 769 1886 in
802 1830 1015 1885 divitiis
1044 1829 1250 1885 vestris
1280 1845 1351 1884 ne
1387 1830 1530 1883 forte
1560 1828 1946 1899 ingemiscant
1976 1828 2015 1881 ii
2047 1828 2145 1899 qui
2175 1833 2364 1899 egent,
2396 1833 2454 1882 et
2484 1829 2736 1899 gemitus
2758 1846 2957 1886 eorum
2990 1833 3267 1889 ascendat
3294 1835 3365 1890 ad
3398 1838 3718 1895 Dominum
3770 1843 3844 1909 σθ,
3895 1850 3948 1900 et

533 1920 925 1979 excludamini
946 1936 1078 1974 cum
1108 1918 1277 1973 bonis
1304 1918 1509 1973 vestris
1540 1923 1701 1972 extra
1724 1918 1969 1986 januam
2005 1918 2204 1972 turris.
2238 1922 2402 1971 Nunc
2441 1918 2637 1988 itaque
2666 1919 2830 1974 vobis
2856 1920 3005 1987 dico,
3052 1922 3151 1992 qui
3204 1925 3461 1994 praestis
3525 1926 3836 1999 Ecclesiae,
3893 1942 3947 1989 et

538 2011 748 2067 amatis
780 2010 1000 2081 primos
1026 2008 1396 2062 consessus70
1448 2006 1579 2077 (43):
1606 2005 1780 2061 nolite
1807 2004 2030 2062 similes
2061 2006 2179 2060 ﬁeri
2207 2005 2505 2061 maleticis.
2544 2007 2611 2060 Et
2642 2006 2885 2063 malefici
2910 2008 3145 2079 quidem
3167 2026 3383 2067 venena
3404 2030 3510 2068 sua
3530 2015 3590 2070 in
3620 2019 3946 2089 pyxidibus

532 2099 799 2171 bajulant
829 2098 940 2169 (44)
966 2115 979 2164 ;
1011 2113 1111 2152 vos
1142 2100 1336 2151 autem
1366 2111 1653 2150 venenum
1684 2098 1943 2149 vestrum
1999 2099 2055 2149 et
2087 2094 2467 2165 pharmacum
2501 2096 2609 2165 (45)
2640 2095 2699 2149 in
2731 2097 2901 2151 corde
2930 2100 3262 2170 continetis,
3294 2105 3349 2156 et
3381 2119 3493 2158 non
3559 2106 3750 2163 vultis
3811 2127 3947 2181 pur—

531 2206 669 2261 gare
695 2188 870 2244 corda
898 2192 1109 2252 vestra,
1143 2189 1197 2240 et
1220 2186 1563 2256 permiscere
1595 2201 1833 2239 sensum
1865 2190 2120 2238 vestrum
2154 2200 2297 2253 puro
2330 2184 2511 2249 cordi,
2545 2188 2608 2237 ut
2639 2184 2901 2241 habeatis
2931 2187 3392 2245 misericordiam
3422 2208 3456 2246 a
3494 2192 3651 2265 Rege
3699 2212 3943 2271 magno.

532 2278 734 2333 Videte
765 2292 921 2347 ergo,
955 2274 1077 2341 ﬁlii,
1110 2291 1181 2329 ne
1216 2274 1358 2329 forte
1388 2274 1473 2327 hae
1506 2272 1901 2327 dissensiones
1932 2278 2135 2327 vestrm
2167 2272 2435 2327 fraudent
2467 2272 2642 2327 vitam
2674 2280 2945 2329 vestram.
2976 2275 3274 2339 Quomodo
3312 2295 3415 2334 vos
3465 2283 3704 2340 erudire
3762 2288 3945 2343 vultis

535 2366 747 2423 electos
776 2364 897 2431 Dei,
930 2380 1063 2418 cum
1095 2362 1205 2435 ipsi
1238 2378 1350 2417 non
1384 2361 1647 2416 habeatis
1680 2360 2047 2431 disciplinam
2070 2360 2097 2414 ‘?
2127 2360 2499 2416 Commonete
2529 2378 2666 2433 ergo
2697 2378 2796 2417 vos
2819 2363 3061 2418 invicem
3093 2366 3159 2434 τί,
3192 2367 3499 2440 pacatique
3530 2378 3725 2429 estote
3786 2374 3940 2432 inter

532 2472 636 2513 vos
667 2455 802 2527 (46),
834 2457 899 2508 ut
928 2456 986 2509 et
1013 2467 1119 2525 ego
1150 2466 1347 2507 coram
1377 2454 1546 2506 Patre
1573 2454 1765 2506 vestro
1797 2455 2017 2516 astans,
2050 2449 2335 2505 rationem
2368 2450 2606 2505 reddam
2639 2467 2741 2522 pro
2770 2451 2937 2508 vobis
2966 2452 3234 2511 Domino.

2056 2574 2283 2630 CAPUT
2340 2573 2406 2629 Χ.

607 2682 866 2749 Cumque
896 2676 1167 2731 desiisset
1196 2690 1425 2729 mecum
1469 2672 1649 2744 loqui,
1708 2677 1990 2729 venerunt
2026 2672 2111 2727 illi
2159 2688 2259 2729 sex
2304 2674 2573 2744 juvenes,
2630 2673 2730 2746 qui
2789 2674 3175 2747 mdiﬁcabant,
3223 2682 3282 2735 et
3328 2680 3595 2738 tulerunt
3642 2684 3819 2743 illam
3872 2689 3945 2743 ad

540 2766 748 2824 turrim
780 2766 891 2837 (47)
917 2784 930 2833 ;
965 2769 1021 2820 et
1050 2763 1148 2819 alii
1179 2768 1431 2834 quatuor
1460 2762 1827 2817 sustulerunt
1854 2761 2220 2832 subsellium,
2253 2765 2308 2817 et
2338 2761 2609 2817 abierunt
2639 2762 2751 2835 ipsi
2771 2763 2981 2819 iterum
3005 2765 3065 2820 in
3087 2768 3319 2823 turrim.
3343 2772 3562 2827 Horum
3586 2773 3806 2831 faciem
3831 2793 3942 2832 non

534 2856 673 2926 vidi,
706 2854 985 2927 quoniam
1016 2852 1199 2907 aversi
1230 2856 1413 2907 erant.
1441 2852 1685 2906 Euntem
1716 2850 1878 2905 illam
1910 2851 2211 2921 rogabam,
2243 2856 2307 2905 ut
2336 2851 2477 2906 mihi
2511 2851 2789 2907 revelaret
2819 2854 2891 2909 de
2921 2855 3109 2910 tribus
3140 2856 3365 2929 ﬁguris,
3396 2859 3456 2913 in
3515 2863 3743 2933 quibus
3796 2865 3941 2921 mihi

536 2944 827 3016 apparuit.
860 2940 1239 3013 Respondens
1278 2944 1472 2995 autem
1505 2939 1672 3004 mihi,
1704 2939 1883 2994 dixit:
1919 2940 1999 2995 De
2015 2938 2109 2994 his
2128 2939 2310 2994 alium
2342 2944 2397 2994 te
2426 2945 2652 3011 oportet
2676 2941 3049 3014 interrogare,
3083 2950 3148 2999 ut
3165 2945 3271 3001 tibi
3296 2951 3605 3007 reveletur.
3645 2956 3937 3026 Apparuit

534 3038 729 3090 autem
763 3031 925 3097 mihi,
962 3031 1165 3085 fratres
1195 3029 1328 3099 (48),
1361 3029 1550 3099 prima
1578 3028 1796 3083 visione
1824 3044 1974 3083 anno
2006 3028 2301 3099 superiore
2328 3028 2493 3083 valde
2525 3046 2695 3094 anus,
2727 3034 2785 3085 et
2840 3030 2899 3084 in
2950 3032 3225 3089 cathedra
3280 3037 3512 3093 sedens.
3562 3038 3699 3096 Alia
3741 3048 3938 3100 autem

530 3122 772 3191 visione,
808 3121 1011 3175 faciem
1043 3119 1278 3191 quidem
1302 3117 1621 3188 juvenilem
1652 3118 1925 3183 habebat,
1955 3134 2188 3172 carnem
2223 3122 2415 3173 autem
2448 3122 2504 3172 et
2533 3118 2774 3190 capillos
2805 3119 2989 3176 aniles
3018 3139 3031 3189 ;
3065 3127 3121 3177 et
3149 3129 3310 3180 stans
3360 3126 3505 3181 mihi
3554 3128 3937 3201 loquebatur.

530 3211 773 3268 hilarior
802 3213 998 3265 autem
1029 3212 1152 3263 erat
1181 3223 1355 3278 quam
1387 3206 1499 3277 (49)
1531 3206 1807 3276 primum.
1843 3205 2034 3260 Tertia
2064 3212 2257 3261 autem
2282 3206 2517 3276 visione,
2550 3211 2671 3262 tota
2706 3208 2907 3277 junior
2936 3214 3080 3278 erat,
3113 3216 3171 3267 et
3227 3218 3463 3285 aspectu
3508 3216 3763 3287 decora;
3814 3226 3937 3277 tan-

529 3305 657 3357 tum
690 3300 841 3369 quod
876 3299 991 3369 (50)
1023 3295 1264 3369 capillos
1294 3294 1477 3350 aniles
1508 3294 1794 3349 habebat:
1829 3294 2031 3349 hilaris
2060 3300 2253 3350 autem
2286 3296 2428 3351 facie
2460 3300 2602 3359 erat,
2634 3301 2690 3351 et
2715 3314 2891 3369 super
2920 3299 3264 3356 subsellium
3291 3304 3520 3361 sedens.
3560 3311 3638 3362 De
3669 3308 3767 3363 his
3788 3310 3931 3382 ipsis

527 3394 775 3445 moestus
803 3404 961 3444 eram
995 3386 1183 3450 valde,
1215 3385 1397 3439 donec
1428 3400 1845 3455 cognoscerem
1873 3384 2154 3439 visionem
2180 3385 2293 3455 (51)
2327 3384 2494 3440 hanc.
2530 3384 2707 3440 Video
2738 3403 2917 3442 anum
2950 3388 3109 3445 illam
3143 3390 3202 3445 in
3225 3391 3352 3447 visu
3404 3395 3590 3449 noctis
3623 3396 3927 3454 dicentem

530 3478 713 3533 mihi:
746 3477 948 3532 Omnis
977 3474 1198 3547 rogatio
1231 3472 1565 3528 humilitate
1614 3477 1742 3545 eget
1771 3473 1883 3542 (52)
1911 3472 2123 3542 Jejuna
2153 3489 2307 3545 ergo,
2359 3478 2417 3528 et
2463 3473 2744 3545 percipies
2775 3492 2809 3530 a
2838 3476 3084 3533 Domino
3132 3482 3285 3550 quod
3330 3483 3615 3553 postulas.
3662 3486 3933 3556 Jejunavi

527 3583 664 3637 ergo
696 3566 849 3620 diem
885 3579 1084 3619 unam.
1118 3563 1329 3617 Eadem
1362 3565 1526 3616 nocte
1552 3560 1823 3632 apparuit
1853 3560 1998 3615 mihi
2022 3561 2277 3631 juvenis,
2304 3568 2360 3616 et
2391 3562 2503 3617 ait:
2546 3563 2693 3626 Quid
2737 3568 2800 3618 tu
2851 3565 3182 3637 frequenter
3231 3570 3380 3641 petis
3434 3573 3828 3633 revelationes
3878 3580 3933 3631 in

528 3654 834 3710 oratione?
862 3653 1028 3721 Vide,
1060 3668 1133 3706 ne
1166 3650 1356 3705 multa
1391 3649 1696 3721 postulans
1729 3665 1939 3704 noceas
1965 3651 2123 3704 carni
2150 3655 2282 3704 tuae.
2313 3650 2623 3706 Sufﬁciant
2650 3651 2755 3707 tibi
2786 3652 3163 3712 revelationes
3220 3658 3329 3713 has.
3377 3662 3661 3733 Nunquid
3714 3666 3933 3736 poteris

527 3743 793 3799 fortiores
824 3740 1204 3796 revelationes
1234 3740 1427 3794 videre
1474 3755 1650 3809 quam
1685 3754 1832 3810 quas
1866 3738 2106 3793 vidisti?
2157 3739 2535 3810 Respondens
2551 3740 2602 3795 ei
2633 3740 2761 3795 dico
2797 3760 2810 3798 :
2864 3744 3127 3812 Domina,
3162 3746 3269 3802 hoc
3291 3748 3482 3805 solum
3515 3756 3652 3822 peto
3674 3770 3785 3825 pro
3835 3755 3932 3809 tri-

527 3832 637 3887 bus
670 3831 871 3903 figuris
904 3830 1061 3884 illius
1094 3845 1262 3893 anus,
1297 3832 1361 3883 ut
1390 3828 1615 3899 integra
1632 3830 1731 3882 fiat
1753 3826 2043 3883 revelatio.
2068 3827 2389 3898 Respondit
2412 3828 2553 3882 mihi
2580 3846 2591 3883 :
2618 3830 2727 3885 Vos
2749 3847 2861 3886 non
2886 3831 3167 3889 insensati
3186 3837 3332 3892 estis
3362 3856 3376 3905 ;
3401 3839 3497 3894 sed
3526 3840 3928 3900 dubitationes

525 3925 727 3977 vestrae
750 3936 850 3975 vos
882 3919 1210 3975 insensatos
1241 3916 1479 3983 faciunt,
1512 3933 1577 3972 eo
1608 3917 1763 3988 quod
1809 3917 1921 3988 (53)
1952 3933 2064 3971 non
2098 3917 2358 3973 habeatis
2387 3934 2486 3973 cor
2540 3923 2796 3974 vestrum
2844 3920 2916 3975 ad
2973 3922 3311 3982 Dominum.
3364 3927 3664 4000 Respondi
3712 3930 3827 4001 illi,
3878 3938 3932 3988 et

528 4010 683 4066 dixi:
708 4010 819 4066 Sed
851 4026 884 4064 a
910 4012 964 4064 te
996 4024 1063 4064 ea
1088 4006 1427 4079 diligentius
1448 4022 1869 4077 cognoscemus
1900 4006 2013 4077 (54)
2046 4049 2058 4061 .

2047 4130 2277 4187 CAPUT
2314 4131 2406 4187 Χῐ.

601 4232 775 4299 Audi,
806 4230 1018 4302 inquit,
1043 4230 1113 4285 de
1144 4227 1348 4319 ﬁguris
1376 4246 1523 4300 quas
1554 4228 1803 4319 inquiris
1834 4228 1966 4299 (55).
2004 4228 2287 4319 lnprima
2314 4230 2551 4301 quidem
2592 4230 2833 4302 visione,
2867 4250 3047 4305 quare
3077 4252 3225 4291 anus
3272 4237 3379 4294 tibi
3430 4242 3705 4312 apparuit
3756 4261 3933 4319 super

529 4321 865 4376 cathedram
894 4320 1102 4375 sedens
1128 4337 1141 4386 ;
1175 4318 1452 4390 quoniam
1484 4318 1726 4389 spiritus
1756 4322 1944 4372 vester
1976 4318 2291 4389 antiquior,
2326 4319 2500 4373 etiam
2532 4321 2827 4377 marcidus
2853 4328 2962 4394 est,
2992 4328 3050 4379 et
3081 4341 3195 4380 non
3227 4325 3452 4383 habens
3484 4330 3601 4385 vim
3633 4348 3669 4387 a
3715 4318 3928 4391 vestris

528 4410 991 4473 inﬁrmitatibus,
1020 4414 1077 4463 et
1104 4407 1466 4463 dubitatione
1499 4406 1706 4462 cordis.
1742 4407 1907 4461 Sicut
1928 4408 2083 4461 enim
2117 4406 2375 4462 seniores
2406 4406 2504 4477 qui
2538 4424 2651 4463 non
2682 4408 2899 4466 habent
2929 4428 3093 4483 spem
3124 4416 3464 4481 renovandi,
3495 4422 3554 4474 et
3583 4418 3734 4475 nihil
3770 4423 3925 4479 aliud

526 4502 863 4571 exspectant
892 4498 1003 4570 (56)
1035 4497 1148 4553 nisi
1181 4496 1588 4552 dormitionem
1621 4511 1826 4551 suam:
1861 4496 1945 4551 sic
1976 4500 2031 4550 et
2070 4512 2171 4551 vos
2229 4495 2507 4551 inﬁrmati
2540 4514 2574 4552 a
2602 4498 2977 4557 secularibus
3032 4502 3278 4574 negotiis
3332 4505 3661 4564 tradidistis
3719 4527 3826 4569 vos
3870 4514 3929 4568 in

592 4616 636 4650 ⁵⁸
663 4614 790 4671 Job.
824 4631 976 4682 xxxr,
1012 4616 1096 4668 17.
1171 4613 1217 4648 ⁸9
1244 4615 1366 4668 Jac.
1399 4629 1452 4677 v,
1487 4611 1537 4666 4.
1614 4612 1659 4646 ⁷ο
1691 4610 1897 4667 Matth.
1931 4628 2090 4679 xxiii,
2120 4612 2186 4679 6;

2329 4627 2401 4666 rc.
2434 4628 2532 4681 xu,
2558 4613 2627 4666 39
2659 4630 2672 4681 ;
2698 4618 2831 4669 Luc.
2859 4632 2937 4685 x1,
2963 4615 3031 4670 43
3050 4619 3107 4672 et
3127 4634 3218 4689 xx,
3242 4619 3330 4674 46.
3407 4619 3448 4654 ⁷¹
3472 4621 3699 4680 Coloss.
3725 4643 3817 4697 III,
3847 4630 3923 4683 16.

1659 4762 1903 4817 VARLE
1964 4762 2350 4818 LECTIONES
2407 4764 2496 4818 ET
2552 4764 2783 4820 NOTIE.

619 4880 707 4947 39)
739 4879 941 4935 Lamb.
974 4878 1108 4933 add.
1141 4877 1414 4951 omnibus.
1510 4949 1517 4951 ξ
1573 4949 1580 4951 Α
2269 4876 2464 4951 habet,
2495 4894 2643 4933 anno
2672 4882 2879 4951 priore.

619 4954 707 5019 40)
739 4951 900 5006 Bodf.
935 4952 1096 5005 deest
1124 4954 1174 5003 et
1194 4948 1598 5021 justz'ﬁcemini.
2346 4949 2458 5089 (49)
2492 4948 2691 5005 Lamb.
2725 4954 2957 5007 desunt.
2986 4962 3111 5010 erat
3140 4972 3323 5027 quam.

619 5026 705 5089 41)
741 5022 939 5077 Lamb.
975 5038 1074 5089 pro
1102 5037 1226 5075 cum
1254 5021 1364 5075 alio
1396 5020 1571 5075 habet
1603 5022 1661 5073 in
1692 5021 1889 5074 alium.
2367 5021 2456 5087 50)
2490 5022 2690 5076 Lamb.
2724 5024 2960 5089 quidem.
2992 5029 3139 5089 Mox,
3174 5030 3233 5082 in
3261 5031 3323 5089 fa.

617 5026 705 5100 41)
741 5022 939 5100 Lamb.
975 5038 1074 5093 pro
1102 5020 1226 5075 cum
1254 5021 1364 5075 alio
1396 5020 1571 5100 habet
1603 5022 1661 5073 in
1689 5021 1893 5100 alium.
2098 5092 2107 5100 _
2487 5022 2690 5100 Lamb.
2714 5024 2960 5100 quidem.
2992 5020 3233 5092 Moxfin
3260 5030 3421 5100 facie.

617 5028 705 5094 41)
741 5028 939 5077 Lamb.
975 5038 1074 5093 pro
1102 5037 1226 5075 cum
1254 5028 1364 5075 alio
1398 5028 1571 5075 habet
1603 5028 1661 5073 in
1692 5028 1889 5074 alium.
2346 5028 2456 5089 (50)
2490 5028 2690 5076 Lamb.
2724 5028 2960 5094 quidem.
2992 5029 3139 5092 Mox,
3174 5030 3233 5082 in
3260 5030 3383 5100 facit

594 5028 709 5166 (42)
751 5094 951 5149 Lamb.
986 5101 1289 5159 assumunt,
1321 5091 1413 5146 sed
1439 5096 1489 5147 et
1519 5092 1797 5146 cumulant
1844 5099 1895 5146 et
1950 5092 2164 5145 convio-
2345 5092 2454 5166 (5i)
2486 5092 2646 5147 Bodl.
2672 5099 2729 5166 et
2754 5096 2949 5150 Lamb.
2974 5099 3383 5156 reuelationem.

524 5163 761 5246 lant..-
882 5237 894 5246 .
1292 5233 1395 5246 ...
1484 5237 1492 5246 .
1567 5232 1578 5246 .
1657 5234 1691 5246 ..
1935 5233 1944 5242 .
2076 5234 2085 5243 .

2327 5163 2456 5244 _(52)
2486 5165 2805 5246 Antiq'chus
2836 5166 3170 5246 hpmi_l.‘406
3195 5188 3207 5225 :
3230 5171 3409 5246 Χωρὶς
3438 5168 3518 5246 *δὲ
3568 5194 3921 5246 ταπεινοφρο-

593 5238 706 5325 (43)
730 5237 948 5325 Lamb;
970 5236 1258 5325 maxime.
1292 5233 1537 5325 Vulgata
1567 5232 1731 5289 lectio
1765 5233 2023 5305 pressius
2072 5234 2167 5287 in-

2320 5229 2447 5312 547,:
2496 5232 2593 5286 οὐκ
2640 5232 2789 5325 ἔφεξινΙ
2838 5235 3224 5325 εὐπρόσδεκτον
3278 5229 3516 5316 γὲνὲξτθαι
3583 5229 3914 5325 προσεῦὶᾎ.

522 5304 703 5389 hzeret
730 5308 873 5389 locis
893 5308 1041 5389 _Nov.
1075 5307 1243 5389 Test.‘
1263 5304 1547 5389 excitatis.
1768 5304 1777 5305 7
2274 5304 2455 5389 (ἵδρυε
2476 5322 2604 5361 vero
2632 5309 2751 5364 δίηε
2771 5304 3081 5368 humilitate
3108 5304 3331 5385 accept-ﬂ
3350 5331 3461 5373 es“
3495 5304 3679 5389 pote-8t
3724 5304 3917 5380 orng

596 5382 709 5452 (44)
757 5380 947 5452 Lamb.
983 5382 1043 5452 in
1070 5378 1299 5452 pyxides
1324 5380 1562 5452 portant.
2274 5376 2506 5452 Faenio.

601 5448 711 5524 (45)
743 5450 905 5524 Bodl.
940 5456 995 5505 et
1025 5448 1226 5524 Lamb.
1258 5448 1734 5524 medicamentum.
1844 5519 1882 5524 _
1919 5517 1955 5524 Π
2093 5516 2137 5524 A_
2346 5449 2457 5524 (53)
2489 5452 2591 5501 Ms.
2622 5453 2680 5524 _S.
2712 5448 2859 5506 Vict.
2892 5456 2945 5507 et
2974 5454 3135 5524 quod.

601 5454 692 5520 (45
745 5453 905 5505 Bodl.
940 5456 995 5505 et
1025 5453 1226 5505 Lamb.
1258 5453 1734 5504 medicamentum.
2366 5453 2436 5501 53
2489 5453 2591 5501 Ms.
2624 5453 2680 5503 S.
2712 5453 2859 5506 Vict.
2892 5456 2945 5507 et
2974 5454 3103 5524 quod

600 5453 711 5592 (46)
742 5523 826 5576 Ita
856 5538 997 5575 mss.
1024 5522 1081 5577 S.
1108 5521 1279 5587 Vict.,
1303 5520 1515 5587 Carm.,
1544 5520 1740 5574 Lamb.
1767 5523 1823 5574 et
1842 5517 2052 5574 Fellus.
2075 5516 2162 5572 Al.
2346 5453 2457 5589 (54)
2486 5520 2677 5592 Lamb.
2702 5538 3103 5590 cognoscamus.

527 5591 809 5673 “@1898.
886 5662 895 5673 .
1009 5665 1018 5673 ι
1059 5661 1094 5673 Α
1343 5665 1352 5673 Ι
1468 5663 1479 5673 θ
2346 5592 2456 5673 (ξρ)
2489 5591 2649 5673 l}odl._
2677 5592 2741 5648 de
2768 5595 2979 5664 quibus.
3012 5596 3205 5655 Fellus
3230 5616 3243 5657 :
3266 5602 3528 5673 requiris.

624 5664 712 5735 47)
739 5662 939 5735 Lamb.
972 5665 1028 5735 et
1055 5661 1245 5717 Carm.
1276 5679 1313 5717 α
1335 5663 1496 5718 turri.
1998 5731 2031 5735 _
2097 5730 2135 5735 __
2346 5661 2460 5734 (56)
2492 5661 2991 5735 Lamb.expetunt.

624 5664 689 5716 47
739 5664 939 5717 Lamb.
972 5665 1028 5718 et
1055 5664 1245 5717 Carm.
1276 5679 1313 5717 α
1335 5664 1496 5718 turri.

599 5664 712 5825 (48)
741 5733 937 5792 Lamb.
979 5733 1143 5791 deest
1194 5735 1439 5809 fratres:
1497 5734 1556 5788 et
1613 5746 1746 5788 mox
1802 5746 1936 5788 cum
1998 5730 2161 5789 Bodl.
