4036 6356
159 435 272 497 909
1303 436 1627 499 PASTOB.
1659 471 1734 483 —

1955 440 2000 512 I,
2049 441 2255 502 VISIO
2299 444 2400 504 ιν.
3428 444 3549 507 910

159 566 483 624 socordiam
513 566 648 639 (57),
679 569 736 624 et
762 583 876 622 non
909 565 1238 638 projecistis
1270 583 1304 622 a
1330 567 1493 623 vobis
1533 567 1991 626 sollicitudinem
2024 572 2083 626 in
2119 574 2361 629 Domino
2388 601 2401 642 ;
2436 580 2493 631 et
2521 579 2804 632 contusus
2835 576 2948 649 (58)
2979 580 3068 633 est
3095 593 3306 634 sensus
3336 581 3548 633 vester.

157 662 212 726 et
238 656 608 714 inveterastis
639 658 697 711 in
721 655 973 712 tristitiis
1005 655 1226 712 vestris.
1265 657 1451 719 Quare
1481 674 1616 730 ergo
1649 676 1825 729 super
1883 661 2215 717 cathedram
2251 665 2511 733 sedebat,
2570 664 2830 721 volebam
2863 683 3231 738 cognoscere,
3266 667 3502 722 domina
3524 665 3552 722 ?

154 744 510 818 Respondit:
545 745 829 809 Quoniam
862 743 1054 799 omnis
1086 743 1358 799 inﬁrmus
1390 761 1568 816 super
1591 745 1930 802 cathedram
1962 750 2123 805 sedet
2151 756 2386 823 propter
2416 752 2819 810 infirmitatem
2868 771 3059 828 suam,
3090 758 3157 812 ut
3185 754 3552 812 contineatur

152 832 464 891 inﬁrmitas
493 835 636 906 ejus.
671 835 815 889 Ecce
845 832 1028 889 habes
1059 833 1309 905 ﬁguram
1342 833 1544 905 prima
1574 835 1693 906 (59)
1724 836 1988 893 visionis.

1661 969 1890 1025 CAPUT
1926 970 2044 1026 XII.

222 1066 487 1122 Secunda
511 1069 703 1121 autem
730 1063 971 1126 visione,
1002 1062 1202 1118 vidisti
1233 1061 1392 1118 illam
1426 1067 1698 1135 stantem,
1732 1069 1791 1119 et
1814 1067 2134 1137 juvenilem
2168 1069 2372 1124 faciem
2411 1069 2743 1140 habentem,
2778 1077 2834 1128 et
2861 1073 3196 1130 hilariorem
3230 1091 3406 1147 quam
3438 1073 3553 1147 pri-

152 1156 369 1212 stinam
397 1174 409 1223 ;
444 1171 678 1211 carnem
713 1158 904 1207 autem
929 1156 984 1206 et
1009 1151 1252 1224 capillos
1275 1152 1481 1208 aniles.
1509 1154 1679 1222 Audi,
1707 1154 1912 1226 inquit,
1937 1161 1992 1212 et
2023 1157 2170 1212 hanc
2192 1160 2549 1230 parabolam.
2579 1163 2722 1216 Cum
2755 1162 3091 1234 seniorjam
3116 1163 3291 1219 fuerit
3313 1163 3551 1235 aliquis,

152 1248 425 1317 desperat
453 1247 519 1300 de
550 1261 612 1299 se
642 1244 768 1314 ipso
799 1242 910 1312 (60)
943 1247 1178 1313 propter
1206 1241 1605 1298 inﬁrmitatem
1642 1262 1810 1299 suam
1867 1249 1923 1299 et
1979 1253 2403 1318 paupertatem,
2456 1254 2511 1304 et
2545 1251 2686 1304 nihil
2723 1250 2879 1306 aliud
2913 1257 3224 1324 exspectat,
3258 1253 3369 1309 nisi
3400 1253 3553 1309 diem

151 1340 480 1391 extremum
513 1333 640 1387 vita:
671 1348 810 1387 suae.
872 1331 1089 1385 Deinde
1145 1331 1338 1385 subito
1392 1331 1475 1386 illi
1536 1332 1735 1387 relicta
1766 1338 1854 1388 est
1911 1334 2259 1404 hazreditas;
2314 1343 2371 1391 et
2431 1339 2675 1394 audiens
2704 1341 2981 1411 exsurgit,
3032 1341 3346 1412 hilarisque
3369 1343 3554 1397 factus

150 1423 347 1478 induit
373 1424 644 1477 virtutem
670 1438 684 1487 ;
718 1426 773 1475 et
795 1421 921 1490 jam
953 1435 1063 1474 non
1097 1419 1436 1488 discumbit,
1467 1423 1564 1476 sed
1600 1426 1736 1486 stat,
1771 1429 1827 1477 et
1847 1423 2127 1480 liberatus
2158 1430 2247 1481 est
2269 1426 2381 1498 (61)
2414 1444 2446 1481 a
2472 1427 2766 1498 prioribus
2797 1429 3181 1496 maeroribus;
3215 1431 3414 1500 etjam
3437 1446 3554 1486 non

152 1514 338 1579 sedet,
367 1513 466 1567 sed
509 1510 752 1568 viriliter
782 1509 919 1580 agit.
954 1511 1038 1563 Ita
1069 1513 1126 1563 et
1155 1525 1255 1563 vos
1285 1510 1418 1580 (62),
1453 1510 1655 1565 audita
1685 1511 2050 1580 revelatione,
2084 1532 2256 1585 quam
2288 1516 2442 1570 Deus
2474 1516 2638 1572 vobis
2663 1517 2933 1573 revelavit
2960 1537 2973 1586 ;
3005 1519 3140 1590 quia
3172 1518 3446 1574 misertus
3468 1523 3559 1575 est

152 1603 438 1657 Dominus
467 1599 643 1655 vestri
667 1604 722 1654 et
743 1597 1042 1653 renovavit
1061 1597 1334 1669 spiritum
1357 1603 1640 1666 vestrum,
1661 1605 1718 1655 et
1733 1601 2094 1672 deposuistis
2119 1604 2492 1660 infirmitates
2516 1611 2738 1662 vestras
2765 1625 2778 1674 ;
2807 1608 3052 1662 accessit
3072 1607 3232 1663 vobis
3255 1607 3554 1678 fortitudo,

150 1689 550 1746 etinvaluistis
565 1689 620 1742 in
641 1688 755 1742 ﬁde
779 1704 793 1754 ;
812 1691 868 1742 et
882 1686 1165 1742 visal)eus
1180 1686 1520 1742 fortitudine
1556 1693 1767 1755 vestra,
1793 1690 2029 1760 gavisus
2051 1695 2158 1745 est.
2178 1695 2419 1763 Propter
2440 1694 2546 1748 hoc
2567 1694 2991 1751 demonstravit
3013 1695 3176 1752 vobis
3197 1700 3552 1752 structuram

148 1780 333 1836 turris
359 1797 373 1834 :
406 1783 461 1834 et
487 1777 602 1833 alia
633 1777 918 1842 ostendet,
951 1775 1001 1831 si
1031 1791 1100 1830 ex
1130 1779 1249 1831 toto
1272 1776 1444 1831 corde
1476 1793 1677 1848 pacem
1712 1777 2037 1834 habueritis
2070 1781 2221 1835 inter
2250 1797 2372 1836 vos.

1643 1909 1872 1966 CAPUT
1910 1911 2058 1967 XIII.

217 2013 418 2071 Tertia
448 2015 642 2067 autem
673 2009 897 2065 visione
929 2006 1126 2062 vidisti
1160 2005 1322 2061 illam
1343 2005 1878 2076 adolescentiorem,
1904 2008 2208 2065 honestam
2240 2015 2296 2066 et
2324 2011 2591 2082 hilarem,
2616 2018 2671 2070 et
2702 2029 2980 2070 serenum
3011 2015 3124 2087 (63)
3153 2015 3377 2072 vultum
3400 2017 3550 2087 ejus.

145 2104 313 2160 Sicut
340 2101 518 2167 enim,
551 2099 598 2154 si
631 2097 805 2153 alicui
840 2100 1042 2152 maesto
1073 2095 1731 2166 superveneritnuntius
1759 2095 1944 2152 bonus
1969 2096 2205 2170 aliquis,
2232 2101 2427 2156 statim
2452 2102 2669 2157 oblitus
2691 2107 2778 2157 est
2808 2104 3090 2169 mmroris,
3116 2103 3376 2176 nihilque
3397 2103 3554 2162 aliud

144 2197 471 2263 exspectat,
503 2187 616 2243 nisi
650 2186 1154 2242 annuntiationem
1188 2200 1365 2255 quam
1399 2184 1654 2239 audivit:
1692 2189 1748 2240 et
1784 2187 2144 2242 confortatur
2173 2188 2243 2244 de
2275 2193 2502 2256 caetero,
2535 2195 2592 2246 et
2623 2195 2930 2247 renovatur
2958 2192 3200 2264 spiritus
3245 2194 3373 2264 ejus
3423 2210 3555 2266 pro-

145 2287 281 2355 pter
310 2280 586 2353 gaudium
617 2278 772 2350 quod
805 2274 1062 2346 accepit:
1096 2274 1180 2328 sic
1212 2278 1268 2328 et
1296 2290 1395 2328 vos
1424 2273 1852 2330 reuovationem
1887 2275 2192 2347 accepistis
2224 2277 2536 2348 spirituum
2571 2284 2915 2350 vestrorum,
2937 2280 3196 2337 videntes
3231 2281 3350 2336 haec
3382 2283 3553 2339 bona.

146 2370 221 2425 Et
253 2369 394 2441 quia
424 2385 600 2440 super
630 2364 976 2422 subsellium
1031 2361 1225 2417 vidisti
1258 2362 1372 2433 (64)
1403 2363 1702 2417 sedentem
1731 2388 1744 2428 ;
1779 2362 1944 2418 fortis
1974 2365 2184 2435 positio
2216 2370 2338 2434 est;
2399 2367 2672 2437 quoniam
2706 2372 2957 2440 quatuor
3004 2370 3176 2441 pedes
3207 2370 3382 2426 habet
3410 2371 3556 2427 sub-

145 2458 409 2528 sellium,
442 2459 494 2513 el
528 2456 754 2513 fortiter
779 2457 912 2509 stat.
947 2452 1094 2508 Nam
1127 2455 1182 2507 et
1214 2451 1470 2505 mundus
1497 2467 1598 2522 per
1627 2455 1877 2522 quatuor
1905 2452 2194 2509 elementa
2223 2455 2571 2511 continetur.
2611 2458 2717 2521 Qui
2747 2473 2882 2530 ergo
2909 2458 3310 2530 pmnitentiam
3339 2458 3560 2530 egerint

143 2547 378 2619 integre
408 2546 547 2618 (65),
574 2544 840 2615 juniores
870 2545 1078 2608 erunt;
1113 2544 1168 2594 et
1190 2539 1287 2611 qui
1322 2556 1390 2594 ex
1415 2543 1535 2594 toto
1562 2541 1732 2595 corde
1756 2541 2159 2612 paenitentiam
2191 2543 2436 2615 egerint,
2463 2550 2636 2600 erunt
2667 2546 2914 2603 fundati.
2944 2548 3127 2604 Habes
3158 2548 3218 2602 in
3249 2546 3422 2619 pleno
3442 2549 3558 2621 (66)

142 2636 564 2694 revelationem
590 2651 602 2690 :
637 2632 783 2690 nihil
811 2629 1065 2703 amplius
1096 2627 1357 2702 postules
1388 2629 1459 2684 de
1487 2627 1810 2685 revelandis
1844 2632 1978 2700 (67).
2012 2631 2071 2687 Si
2104 2632 2243 2703 quid
2275 2639 2471 2689 autem
2503 2636 2839 2706 oportuerit,
2875 2636 3222 2694 revelabitur
3247 2636 3378 2693 tibi.

1696 2788 1882 2844 VISIO
1922 2790 2017 2845 IV.

931 2891 1020 2954 De
1064 2891 1380 2953 tentatione
1421 2898 1476 2950 et
1523 2888 1913 2951 tribulatione
1955 2891 2289 2954 hominibus
2329 2904 2774 2974 superuentura.

1560 3038 1791 3096 CAPUT
1830 3036 2142 3094 PRIMUM.

214 3137 515 3194 Visionem
547 3136 686 3201 vidi,
718 3136 948 3202 fratres,
980 3140 1112 3208 post
1140 3136 1264 3193 dies
1309 3138 1515 3209 viginti
1565 3137 1824 3208 pristinas
1853 3135 2119 3200 visionis,
2151 3135 2400 3207 figuram
2461 3136 2858 3192 tribulationis
2890 3141 3343 3209 superventuraa.
3376 3137 3554 3195 Profi-

137 3227 412 3283 ciscebar
439 3227 553 3299 (68)
583 3226 642 3280 in
673 3225 774 3281 illa
803 3226 896 3280 via
925 3225 1258 3297 Campana:
1293 3243 1326 3281 a
1354 3229 1447 3282 via
1468 3231 1661 3282 autem
1690 3226 1925 3297 publica
1953 3225 2014 3279 in
2039 3224 2237 3279 villam
2270 3229 2409 3280 sunt
2431 3226 2553 3281 fere
2583 3227 2773 3281 stadia
2794 3227 3014 3282 decem.
3048 3231 3197 3282 Raro
3229 3231 3424 3282 autem
3447 3227 3560 3283 iter

135 3317 208 3371 fit
241 3332 350 3388 per
377 3315 568 3370 locum
600 3314 788 3370 illum.
822 3318 888 3369 Et
918 3314 1078 3370 solus
1108 3315 1421 3370 ambulans
1453 3318 1728 3386 rogabam
1763 3314 2098 3380 Dominum,
2135 3317 2199 3367 ut
2225 3313 2604 3369 revelationes
2637 3315 2764 3384 ejus
2795 3331 2942 3385 quas
2989 3314 3134 3370 mihi
3169 3316 3427 3370 ostendit
3455 3332 3559 3387 per

135 3413 417 3461 sanctam
450 3403 764 3459 Ecclesiam
797 3420 986 3470 suam,
1019 3404 1410 3473 confirmaret,
1445 3409 1501 3459 et
1532 3405 1694 3459 daret
1725 3403 2124 3475 pmnitentiam
2159 3403 2435 3458 omnibus
2467 3403 2652 3458 servis
2686 3403 2809 3458 suis
2841 3403 2942 3474 qui
2969 3403 3344 3458 scandalizati
3375 3409 3553 3474 sunt;

133 3499 208 3549 ut
240 3492 660 3547 honorilicetur
691 3509 899 3547 nomen
929 3493 1056 3562 ejus
1090 3509 1368 3564 magnum
1401 3497 1457 3548 et
1488 3493 1894 3556 honorificum,
1928 3495 1983 3545 et
2014 3490 2152 3561 quia
2200 3508 2289 3545 me
2321 3491 2566 3565 dignum
2601 3492 2929 3547 oxstimavit
2960 3497 3023 3547 ut
3051 3494 3381 3549 ostenderet
3411 3493 3556 3550 mihi

135 3580 448 3637 mirabilia
477 3598 604 3647 sua,
640 3585 696 3635 et
725 3597 857 3635 eum
890 3581 1334 3636 honoriﬁcarem
1369 3587 1425 3635 et
1454 3582 1671 3653 gratias
1725 3597 1976 3652 agerem.
2010 3584 2309 3649 Tanquam
2342 3580 2453 3650 (69)
2485 3597 2592 3633 vox
2635 3580 2776 3634 mihi
2810 3581 3147 3652 respondit:
3184 3581 3264 3636 Ne
3296 3582 3551 3647 dubites,

124 3671 382 3726 Her-ma.
415 3671 573 3724 Intra
605 3686 697 3724 me
728 3686 862 3740 ergo
896 3670 1040 3741 coepi
1075 3669 1325 3740 cogitare
1357 3674 1414 3724 et
1445 3670 1634 3724 dicere
1661 3686 1672 3722 :
1698 3670 1815 3740 Ego
1847 3667 1986 3739 quid
2020 3667 2206 3721 habeo
2237 3668 2527 3737 dubitare,
2561 3667 2644 3722 sic
2690 3669 2971 3724 fundatus
2997 3687 3029 3723 a
3058 3670 3320 3738 Domino,
3353 3674 3409 3725 et
3451 3669 3554 3740 qui

122 3759 258 3814 vidi
299 3757 648 3813 honorificas
679 3775 770 3812 res
794 3758 822 3812 ?
856 3759 1200 3830 Progressus
1233 3775 1362 3813 sum
1395 3758 1722 3829 paululum,
1774 3760 1979 3812 fratres
2006 3773 2017 3809 :
2054 3761 2110 3810 et
2139 3771 2268 3810 ecce
2297 3755 2461 3811 video
2495 3756 2790 3827 pulverem
2814 3774 3002 3829 usque
3031 3759 3102 3813 ad
3135 3758 3366 3815 coelum.
3399 3757 3555 3829 Cmpi

118 3849 337 3903 dicere
363 3845 518 3900 intra
547 3862 676 3900 me:
709 3846 984 3918 Nunquid
1013 3847 1284 3916 jumenta
1310 3847 1570 3908 veniunt,
1623 3850 1680 3900 et
1708 3845 2003 3917 pulverem
2063 3843 2370 3899 excitant?
2399 3845 2663 3899 Distabat
2713 3846 2824 3916 (70)
2858 3851 3050 3901 autem
3085 3863 3118 3900 a
3147 3863 3239 3901 me
3267 3852 3546 3916 tanquam

115 3937 421 3992 stadium.
454 3937 521 3990 Et
550 3952 680 3991 ecce
705 3936 871 3990 video
903 3936 1091 4005 magis
1123 3935 1428 4006 magisque
1460 3935 1755 4005 pulverem
1786 3941 2213 4004 exsurgentem,
2246 3935 2387 3988 adeo
2411 3939 2476 3988 ut
2502 3933 2832 4004 suspicarer
2852 3949 2979 3990 esse
3011 3934 3233 4004 aliquid
3263 3936 3376 4006 (71)
3410 3933 3554 3989 divi-

115 4027 323 4080 nitus.
348 4024 637 4080 Pusillum
670 4030 867 4079 autem
899 4023 1260 4095 resplenduit
1289 4024 1373 4079 sol
1400 4042 1411 4079 :
1437 4031 1492 4079 et
1522 4040 1652 4079 ecce
1681 4024 1845 4078 video
1869 4023 2113 4078 bestiam
2145 4039 2416 4093 magnam
2441 4022 2615 4077 veluti
2639 4027 2915 4091 cetum,et
2944 4040 3012 4078 ex
3032 4040 3128 4078 ore
3157 4024 3284 4093 ejus
3312 4023 3549 4079 locusta!

110 4114 322 4186 igneas
355 4114 746 4186 procedebant
775 4113 840 4167 η.
877 4115 1010 4167 Erat
1030 4118 1221 4166 autem
1247 4118 1473 4167 statura
1502 4114 1698 4168 bestiae
1722 4112 1881 4166 illius
1913 4112 2087 4182 pedes
2110 4112 2225 4166 fere
2256 4115 2489 4166 centum
2519 4127 2531 4166 :
2566 4116 2740 4182 caput
2763 4117 2953 4166 autem
2988 4112 3240 4167 habebat
3270 4116 3551 4182 tanquam

106 4219 230 4258 vas
267 4202 477 4257 urnale
508 4203 644 4273 (72).
677 4202 830 4272 Cmpi
862 4202 997 4256 ﬂere
1028 4205 1086 4256 et
1106 4201 1374 4256 invocare
1406 4202 1747 4268 Dominum,
1781 4216 1846 4255 ut
1903 4217 1996 4255 me
2029 4199 2306 4254 liberaret
2357 4201 2427 4254 ab
2460 4198 2579 4255 illa.
2617 4200 2830 4254 Deinde
2860 4200 3198 4256 recordatus
3230 4217 3363 4256 sum
3394 4199 3554 4256 verbi

106 4292 296 4364 quod
329 4291 629 4346 audieram
658 4307 671 4346 :
699 4291 781 4346 Ne
811 4291 1064 4358 dubites,
1098 4289 1329 4345 Herma.
1368 4290 1612 4345 Indutus
1646 4306 1802 4362 ergo,
1835 4289 2042 4344 fratres
2075 4288 2247 4343 fidem
2279 4288 2378 4343 Dei
2407 4305 2420 4356 ;
2456 4292 2512 4343 et
2540 4293 2892 4344 memoratos
2924 4289 3058 4360 quis
3088 4289 3289 4346 docuit
3319 4290 3430 4362 (72)
3462 4305 3556 4346 me

108 4377 475 4452 magnalia;
508 4379 790 4434 audenter
819 4379 877 4434 in
910 4377 1162 4433 bestiam
1197 4393 1288 4432 me
1320 4377 1551 4433 tradidi.
1585 4378 1675 4432 Sic
1707 4381 1898 4433 autem
1931 4376 2199 4432 veniebat
2227 4376 2415 4431 bestia
2442 4375 2562 4446 illa,
2598 4376 2678 4431 ita
2709 4380 2774 4432 ut
2797 4381 2995 4449 posset
3022 4377 3081 4432 in
3107 4377 3227 4433 ictu
3259 4377 3554 4434 civitatem

197 4495 258 4530 ’⁷³
293 4498 474 4567 Apoc.
506 4512 563 4550 χι
594 4499 652 4551 et
682 4512 780 4550 xu.

1324 4591 1566 4647 VARl/E
1605 4590 1973 4647 LECTIONIS
2021 4592 2107 4646 ET
2147 4590 2381 4646 NOT/E.

215 4690 348 4758 (57)
383 4689 469 4762 Ita
498 4690 658 4746 editi.
693 4690 887 4746 Fellus
918 4705 1050 4746 vero
1082 4707 1148 4745 ex
1172 4707 1313 4745 mss.
1365 4690 1533 4762 Angl.
1569 4689 1810 4762 acedias.
1920 4687 2302 4762 nalem._Vide
2330 4704 2464 4762 mox
2493 4686 2645 4762 infra
2672 4687 2778 4743 vis.
2811 4705 2887 4762 n1,
2922 4703 3047 4759 cap.
3078 4689 3129 4743 1.

216 4757 352 4830 (58)
383 4761 473 4816 Sic
495 4779 637 4818 mss.
664 4762 912 4831 S.Vict.,
945 4762 1327 4831 Carm.,Bodl.
1354 4768 1410 4817 et
1431 4757 1810 4832 HambEditi,
1992 4761 2103 4831 (65)
2134 4760 2326 4814 Lamb.
2387 4760 2547 4832 deest
2577 4761 2807 4832 integre.
2835 4760 2909 4832 Et
2963 4757 3136 4829 recte,
3195 4763 3261 4814 ut
3290 4757 3554 4815 videtur:

128 4833 446 4901 confusus.
1145 4830 1148 4831 ⁷
1795 4830 1802 4832 ⁷
1923 4830 2058 4887 nam
2092 4832 2263 4901 paulo
2296 4836 2444 4901 post,
2481 4831 2550 4884 ad
2585 4830 3059 4886 distinctionem:
3093 4847 3164 4886 ea:
3193 4834 3296 4886 toto
3325 4832 3502 4887 corde.

217 4904 352 4987 (59)
385 4903 586 4959 Lamb.
617 4906 840 4968 prioris.
873 4905 957 4962 Id.
991 4906 1099 4962 sub
1133 4904 1367 4960 initium
1397 4903 1576 4975 hujus
1594 4920 1722 4975 cap.
1754 4905 1813 4960 in
1973 4901 2223 4987 ‘(66)nlta
2253 4918 2392 4987 mss.
2424 4901 2587 4987 Dedi.
2623 4907 2680 4956 et
2709 4903 2907 4985 Lamb.
2931 4904 3028 4987 'Ita
3055 4905 3111 4957 et
3139 4902 3332 4959 Fellus
3362 4902 3422 4958 in
3451 4917 3561 4959 sua

123 4972 412 5048 priore._
533 5047 543 5048 ί
1477 4972 1493 4975 ⁷
1665 4972 1685 4975 “
1924 4972 2394 5048 θᾱὶιτ-ΟξίοηηΑΙ.
2429 4973 2606 5048 ΗαρεδΔ
2626 4974 2773 5028 enim
2799 4975 2858 5028 in
2881 4974 3062 5045 pleno.

217 5046 356 5120 (60)
389 5045 590 5120 Lamb.
621 5063 678 5103 se
705 5049 907 5120 ipsum.
989 5119 1020 5120 η
1133 5118 1159 5120 _
1248 5118 1255 5120 _
1487 5118 1494 5120 _
1561 5118 1606 5120 Η
1678 5117 1722 5120 μ
1994 5046 2106 5120 (67)
2139 5043 2344 5120 Lamb.
2377 5045 2727 5120 revelatione,

213 5111 354 5188 (61)
390 5117 588 5173 Lamb.
620 5111 888 5188 surripias.
923 5119 1100 5174 Editt.
1132 5118 1314 5175 Paris.
1347 5134 1440 5174 an.
1476 5118 1634 5188 1644,
1667 5117 1812 5173 Cler.
1929 5187 1933 5188 ί
1996 5111 2105 5188 (68)
2137 5116 2295 5188 Bodl.
2348 5120 2406 5170 et
2463 5116 2661 5172 Lamb.
2714 5115 2810 5170 hic
2867 5115 3146 5172 omittunt
3199 5117 3347 5172 enim
3403 5111 3560 5186 quod

123 5196 197 5250 et
241 5187 482 5262 Fabric.
519 5195 650 5260 post
679 5187 944 5248 liberatus
973 5191 1164 5247 omitt.
1208 5195 1304 5256 est,
1355 5191 1509 5262 quod
1541 5189 1815 5245 exhibent
1924 5187 2320 5262 habentediti.

129 5261 301 5321 Fell.
343 5265 400 5314 et
428 5256 654 5316 Russel.
1370 5256 1390 5262 ⁷
1996 5259 2105 5330 (69)
2145 5258 2331 5313 Fellus
2356 5273 2368 5310 :
2401 5259 2465 5311 Et
2492 5273 2618 5311 cum
2647 5256 3060 5328 honoriﬁcarem
3115 5261 3166 5313 et
3193 5258 3400 5328 gratias
3426 5270 3564 5328 age-

215 5331 478 5407 (62)‘Sic
508 5333 835 5407 emendavit
892 5333 1186 5390 Fabricius
1238 5348 1304 5387 ex
1328 5349 1464 5407 nis.
1508 5331 1566 5386 S.
1600 5331 1813 5407 Victor.
1925 5329 2541 5407 remttanquamteth
2567 5330 2722 5407 quod
2753 5329 2941 5401 magis
2969 5330 3174 5402 placet.

124 5401 330 5465 Hanc
364 5405 559 5476 tamen
586 5403 1029 5476 lectionemjam
1063 5409 1234 5461 antea
1257 5403 1596 5459 exhibuerat
1630 5403 1815 5459 Fellus
1999 5402 2108 5476 (70)
2141 5401 2460 5476 I_.am_b.-Sic
2488 5405 2624 5476 erat.

125 5482 200 5535 in
240 5489 373 5532 sua
401 5475 538 5528 edit.
575 5476 756 5532 Oxon.
789 5477 873 5532 Al.
905 5470 1093 5532 audite
1123 5478 1532 5531 reuelationem.
1999 5470 2112 5544 (71⁷)
2144 5470 2435 5544 Bodliahoc
2464 5470 2694 5542 aliquid.

213 5545 356 5621 (63)
382 5545 544 5600 Bodl.
575 5548 787 5604 bonam.
821 5549 1016 5605 Lamb.
1071 5550 1131 5603 in
1162 5549 1362 5602 bonam
1403 5551 1458 5602 et
1487 5546 1738 5616 hilarem,
1771 5553 1822 5601 et
1998 5542 2109 5621 (ἶὲ)
2139 5544 2244 5621 Ms.
2277 5543 2422 5621 Vict.
2456 5544 2927 5621 deestAtanquam.
2950 5544 3144 5600 Lamb.
3175 5542 3457 5621 fumalern:

129 5613 603 5697 haesere-nam.
938 5691 967 5697 _
1051 5689 1084 5697 _
1310 5693 1317 5697 _
1373 5689 1390 5697 _
1511 5688 1523 5697 -
1726 5613 1734 5616 ⁷
1780 5688 1789 5697 .
2003 5613 2054 5687 (7
2061 5618 2114 5683 3)
2150 5615 2349 5697 Lamb.
2383 5629 2506 5684 quae
2534 5615 2656 5697 qni.»-
2687 5614 2962 5697 docuit...)
3011 5613 3362 5686 memoratus,
3392 5613 3448 5669 id
3480 5613 3573 5680 est

213 5689 361 5761 (64)
392 5689 486 5745 Sic
515 5689 626 5819 leg.
659 5708 728 5746 ex
758 5707 900 5746 mss.
934 5691 992 5746 S.
1041 5689 1238 5746 Germ.
1271 5693 1327 5744 et
1373 5688 1566 5744 Lamb.
1602 5705 1703 5760 pro
1733 5688 1822 5743 vi-
1933 5703 2176 5743 memor.
2205 5687 2296 5742 Sio
2327 5702 2506 5757 supra
2530 5687 2619 5742 vis
2649 5701 2735 5754 IIl,
2768 5703 2898 5760 cap.
2928 5688 2980 5746 1.

213 5765 358 5819 stis.
390 5761 544 5819 quod
619 5763 794 5819 absnt
822 5763 983 5819 editi.
1014 5761 1190 5819 Addit
1216 5761 1408 5818 Carm.
1430 5763 1691 5819 tanquam
1722 5776 1821 5814 ur-

123 5765 358 5828 distis,
390 5761 544 5832 quod
575 5761 794 5820 habent
822 5763 983 5820 editi.
1014 5761 1190 5819 Addit
1216 5761 1408 5818 Carm.
1430 5763 1691 5831 tanquam
1722 5776 1821 5814 ur-
