4036 6344
3478 112 4016 270 Ἰ

546 372 672 432 911
2051 372 2115 429 S.

2384 370 2466 429 TIE
3872 376 3978 435 912

557 505 787 561 dedere.
817 504 959 559 Veni
991 518 1167 577 prope
1198 503 1383 569 illam,
1415 506 1471 559 et
1490 506 1607 557 tam
1640 504 1878 575 grandis
1898 502 2084 558 bestia
2107 502 2362 558 extendit
2391 518 2453 558 se
2484 502 2544 557 in
2573 505 2813 569 terram,
2841 505 2899 557 et
2921 501 3069 558 nihil
3091 501 3202 557 nisi
3228 502 3495 575 linguam
3528 504 3905 576 proferebat,
3926 514 3975 561 et

553 593 615 649 in
646 600 833 650 totum
865 596 975 665 (74)
1008 611 1123 649 non
1158 594 1337 648 movit
1358 610 1440 657 se,
1474 594 1655 648 donec
1687 593 2137 665 pertransissem
2168 594 2281 662 (75)
2304 591 2462 647 illam
2497 597 2697 647 totam.
2732 592 2989 646 Habebat
3010 597 3207 647 autem
3241 592 3427 647 bestia
3457 591 3563 647 illa
3584 611 3771 666 super
3804 604 3970 667 caput

555 682 773 739 colores
806 687 1091 755 quatuor:
1126 682 1383 755 nigrum,
1417 682 1627 738 deinde
1658 682 1904 737 rubeum
1938 686 1994 737 et
2020 680 2561 753 sanguinolentum,
2596 681 2732 737 inde
2762 697 3029 750 aureum,
3062 680 3269 737 deinde
3294 680 3519 737 album.

2084 795 2310 851 CAPUT
2350 796 2417 851 II.

623 896 936 968 Postquam
969 899 1163 951 autem
1196 895 1539 967 pertransivi
1562 894 1744 961 illam,
1777 910 2121 966 progressus
2145 910 2276 949 sum
2310 894 2425 949 fere
2458 896 2633 966 pedes
2664 893 2941 967 triginta;
2971 897 3028 950 et
3046 910 3176 950 ecce
3206 894 3453 951 occurrit
3487 895 3635 950 mihi
3660 896 3837 969 virgo
3863 898 3967 967 (τε.)

550 986 816 1057 quaedam
850 990 1126 1040 exornata
1154 990 1429 1055 tanquam
1463 985 1534 1040 de
1560 985 1814 1040 thalamo
1838 984 2111 1056 prodiens
2144 984 2255 1055 (77)
2285 985 2349 1049 ⁷³,
2371 988 2491 1039 tota
2522 985 2578 1039 in
2603 984 2771 1051 albis,
2800 989 2858 1039 et
2879 983 3284 1039 calceamentis
3312 983 3461 1039 albis
3493 986 3899 1051 circumdata,
3918 993 3965 1041 et

548 1091 737 1145 usque
769 1074 840 1128 ad
873 1073 1076 1129 faciem
1110 1072 1344 1128 mitram
1377 1072 1636 1140 habens;
1669 1090 1770 1145 pro
1794 1076 2128 1143 tegumento
2152 1075 2347 1127 autem
2382 1072 2633 1128 habebat
2659 1072 2899 1144 capillos
2924 1072 3158 1128 nitidos.
3185 1072 3432 1145 Cognovi
3464 1088 3601 1145 ergo
3635 1091 3673 1129 a
3694 1075 3965 1146 pristinis

546 1162 895 1230 visionibus,
930 1162 1208 1234 quoniam
1240 1163 1496 1217 Ecclesia
1525 1167 1650 1228 est;
1685 1166 1740 1217 et
1772 1161 2013 1217 hilarior
2066 1160 2254 1215 factus
2310 1178 2467 1216 sum.
2499 1160 2783 1216 Salutavit
2814 1166 3007 1216 autem
3056 1178 3170 1226 me,
3220 1162 3456 1218 dicens:
3487 1167 3601 1218 Ave
3634 1168 3725 1233 tu,
3760 1163 3963 1219 homo.

547 1252 617 1307 Et
648 1252 804 1307 illam
839 1250 1147 1306 resalutavi
1180 1252 1313 1322 (78),
1346 1251 1580 1306 dicens:
1620 1250 1879 1319 Domina,
1910 1267 2027 1304 ave.
2062 1250 2437 1321 Respondeas
2469 1253 2659 1306 autem
2694 1250 2838 1304 dixit
2870 1250 3048 1305 mihi:
3102 1250 3254 1305 Nihil
3288 1250 3393 1305 tibi
3424 1252 3704 1323 occurrit,
3736 1252 3967 1308 homo?

547 1340 682 1396 Dico
714 1340 802 1395 ei:
838 1342 1101 1405 Domina,
1154 1339 1405 1394 occurrit
1462 1339 1607 1393 mihi
1638 1341 1727 1409 (79
1760 1338 1892 1393 talis
1948 1338 2155 1404 bestia,
2191 1355 2316 1409 qua:
2373 1339 2559 1411 possit
2617 1338 2899 1411 populum
2957 1356 3340 1407 consumere;
3374 1341 3473 1396 sed
3518 1340 3741 1396 virtute
3774 1342 3884 1397 Dei
3917 1354 3967 1396 et

543 1428 824 1501 singulari
848 1431 957 1496 (80)
981 1429 1109 1499 ejus
1131 1427 1551 1489 misericordia,
1574 1428 1724 1482 evasi
1742 1427 1921 1482 illam.
1948 1428 2097 1482 Bene
2118 1427 2393 1499 efl‘ugisti,
2420 1427 2635 1497 inquit;
2689 1428 2965 1500 quoniam
2988 1428 3363 1483 solitudinem
3413 1434 3471 1484 et
3492 1428 3963 1486 sollicitudinem

542 1522 706 1573 tuam
738 1518 809 1572 ad
845 1518 1154 1571 Dominum
1188 1516 1482 1588 projecisti
1512 1518 1575 1583 7‘,
1609 1522 1663 1571 et
1695 1534 1792 1570 cor
1822 1520 1987 1570 tuum
2021 1516 2299 1586 aperuisti
2335 1517 2403 1569 ad
2439 1532 2594 1581 eum,
2638 1517 2879 1572 credens
2910 1517 3063 1587 quod
3099 1534 3199 1588 per
3228 1516 3458 1572 nullum
3501 1517 3688 1573 alium
3740 1520 3963 1589 poteris

540 1605 738 1660 salvus
767 1622 915 1669 esse,
950 1605 1059 1660 nisi
1094 1622 1195 1675 per
1225 1621 1501 1677 magnum
1529 1611 1585 1660 et
1617 1604 1998 1659 honoriﬁcum
2025 1622 2233 1658 nomen
2259 1605 2385 1673 ejus
2407 1606 2539 1675 (81).
2574 1609 2814 1675 Propter
2844 1604 2951 1659 hoc
2976 1604 3137 1659 misit
3163 1605 3446 1660 Dominus
3479 1606 3758 1678 angelum
3783 1624 3961 1663 suum

541 1693 637 1763 qui
668 1697 756 1748 est
787 1710 962 1764 super
995 1693 1232 1760 bestias,
1266 1694 1357 1748 cui
1391 1710 1601 1747 nomen
1634 1699 1721 1747 est
1754 1693 1962 1763 Hegrin
1994 1694 2125 1763 (8‘3),
2158 1697 2213 1746 et
2245 1692 2536 1747 obturavit
2564 1709 2629 1747 os
2662 1694 2807 1762 ejus,
2843 1708 2914 1747 ne
2946 1696 3000 1747 te
3032 1692 3362 1749 dilaniaret.
3395 1693 3673 1766 Magnam
3706 1696 3960 1750 tribula-

538 1782 753 1836 tionem
781 1782 1034 1852 effugisti
1068 1787 1301 1853 propter
1324 1782 1495 1836 ﬁdem
1521 1788 1704 1847 tuam,
1737 1788 1795 1836 et
1834 1780 1931 1852 qui
1967 1780 2139 1835 talem
2170 1781 2413 1836 bestiam
2449 1798 2561 1836 non
2594 1781 2901 1838 dubitasti.
2925 1780 3082 1837 Vade
3111 1799 3267 1854 ergo,
3301 1786 3358 1837 et
3387 1799 3595 1839 enarra
3626 1783 3843 1841 electis
3864 1785 3961 1841 Dei

542 1869 836 1942 magnalia
866 1870 1071 1941 ipsius.
1107 1871 1174 1925 Et
1204 1871 1361 1925 dices
1419 1870 1556 1939 illis,
1592 1872 1745 1941 quod
1794 1871 1979 1925 bestia
2034 1870 2156 1925 lucc
2185 1870 2298 1939 (83)
2342 1871 2527 1941 ﬁgura
2566 1876 2659 1924 est
2714 1885 2997 1940 pressurae
3055 1875 3510 1942 superventuree.
3546 1872 3605 1927 Si
3668 1888 3815 1945 ergo
3850 1876 3959 1945 (84;

540 1959 1005 2031 praeparaveritis
1034 1976 1157 2024 vos,
1189 1960 1454 2030 poteritis
1502 1960 1755 2031 effugere
1785 1958 1945 2013 illam
1974 1976 1985 2025 ;
2020 1959 2067 2013 si
2126 1975 2223 2013 cor
2270 1962 2526 2013 vestrum
2588 1959 2761 2013 fuerit
2791 1976 3002 2030 purum
3043 1976 3110 2014 ac
3141 1959 3268 2015 sine
3317 1960 3566 2026 macula,
3600 1965 3663 2016 et
3694 1963 3955 2035 reliquos

541 2048 666 2103 dies
699 2048 824 2103 vita:
854 2053 1058 2104 vestrm
1089 2048 1202 2120 (85)
1260 2049 1573 2104 servieritis
1606 2049 1719 2104 Deo
1780 2048 1905 2103 sine
1939 2047 2192 2119 querela.
2246 2047 2485 2102 [mittite
2544 2047 2968 2103 sollicitudines
3012 2053 3234 2104 vestras
3290 2066 3467 2120 super
3524 2052 3875 2121 Dominum,
3905 2060 3954 2111 et

544 2136 671 2208 ipse
702 2136 911 2209 diriget
938 2153 1036 2193 eas
1066 2137 1178 2210 (86)
1206 2138 1269 2191 ⁷⁸.
1303 2138 1528 2192 Credite
1561 2142 1693 2206 Deo,
1722 2136 1821 2208 qui
1849 2137 1991 2192 estis
2023 2136 2182 2190 dubii
2209 2153 2221 2200 ;
2248 2136 2525 2205 quoniam
2579 2136 2778 2191 omnia
2806 2141 3019 2208 potest,
3072 2141 3128 2192 et
3158 2142 3416 2194 avertere
3445 2139 3559 2211 (87)
3590 2139 3748 2197 iram
3784 2159 3950 2198 suam

548 2242 581 2281 a
610 2226 795 2293 vobis,
827 2229 884 2280 et
913 2226 1141 2281 mittere
1170 2227 1334 2282 vobis
1365 2227 1635 2298 praesidia
1664 2228 1795 2296 (88).
1816 2230 1908 2279 Va:
1939 2224 2133 2279 dubiis
2164 2224 2254 2291 iis,
2279 2224 2379 2294 qui
2407 2224 2718 2279 audierunt
2746 2226 2921 2281 verba
2950 2225 3092 2294 hinc,
3121 2230 3177 2282 et
3200 2228 3705 2299 contempserint:
3739 2231 3949 2287 melius

543 2319 666 2370 erat
695 2313 812 2370 illis
843 2332 956 2370 non
984 2315 1145 2370 nasci
1178 2318 1239 2370 ⁷⁸.

2059 2419 2287 2475 CAPUT
2328 2420 2421 2475 IlI.

610 2524 965 2597 Interrogavi
994 2539 1121 2580 eam
1153 2523 1224 2577 de
1254 2520 1372 2575 illis
1403 2524 1654 2590 quatuor
1682 2519 1996 2589 coloribus,
2045 2539 2189 2592 quos
2220 2520 2468 2577 habebat
2499 2518 2684 2574 bestia
2714 2519 2772 2574 in
2822 2518 3029 2590 capite.
3063 2522 3138 2573 At
3187 2518 3288 2574 illa
3316 2523 3621 2593 respondit
3650 2523 3828 2590 mihi,
3860 2525 3943 2579 di-

539 2627 715 2667 cens:
752 2612 965 2666 Iterum
997 2615 1058 2665 tu
1091 2608 1356 2664 curiosus
1387 2624 1470 2672 es,
1503 2610 1573 2662 de
1624 2608 1795 2663 rebus
1826 2609 2166 2680 hujusmodi
2225 2608 2593 2678 interrogans
2638 2607 2772 2678 (89).
2807 2607 2874 2661 Et
2903 2607 3056 2663 dixi:
3117 2608 3388 2675 Domina,
3417 2610 3767 2667 demonstra
3800 2614 3939 2668 mihi

536 2700 673 2769 quid
706 2700 823 2755 sint
853 2699 999 2754 illa?
1029 2699 1200 2767 Audi,
1233 2697 1460 2768 inquit:
1498 2696 1641 2750 Illud
1678 2700 1909 2768 nigrum
1940 2700 2199 2753 mundus
2229 2702 2339 2763 est,
2374 2696 2431 2750 in
2456 2713 2566 2765 quo
2596 2695 3039 2750 commoramini
3072 2714 3085 2751 :
3122 2697 3357 2768 igneum
3380 2702 3578 2753 autem
3608 2705 3669 2755 et
3703 2704 3938 2775 sangui-

539 2788 840 2844 nolentum
871 2790 1007 2861 (90),
1040 2785 1315 2858 quoniam
1348 2789 1573 2857 oportet
1604 2787 1878 2841 saeculum
1912 2787 2020 2842 hoc
2051 2804 2153 2858 per
2180 2784 2525 2857 sanguinem
2553 2789 2609 2839 et
2639 2784 2831 2856 ignem
2864 2784 3161 2855 deperire;
3214 2802 3389 2841 aurea
3420 2791 3618 2843 autem
3652 2807 3817 2861 pars,
3848 2809 3935 2847 vos

538 2877 679 2933 estis
712 2878 811 2948 qui
844 2876 1131 2949 effugistis
1164 2873 1443 2930 saeculum
1474 2873 1601 2928 hoc.
1632 2874 1792 2929 Sicut
1821 2875 1974 2930 enim
2008 2892 2108 2947 per
2137 2876 2331 2947 ignem
2364 2891 2571 2929 aurum
2608 2874 2909 2945 probatur,
2940 2878 2997 2928 et
3022 2873 3163 2928 utile
3195 2875 3262 2930 fit
3292 2876 3335 2909 ⁷⁷
3365 2892 3377 2930 :
3404 2875 3485 2931 sic
3518 2881 3575 2932 et
3602 2894 3709 2934 vos
3739 2881 3937 2952 proba-

537 2965 707 3033 mini,
740 2967 839 3037 qui
870 2964 1147 3020 habitatis
1178 2964 1235 3017 in
1269 2962 1409 3017 illis.
1451 2962 1558 3025 Qui
1620 2962 1797 3033 igitur
1828 2965 2271 3035 permanserint,
2332 2968 2389 3017 et
2421 2962 2879 3034 peseveraverint
2930 2962 3065 3033 (91),
3096 2966 3153 3017 et
3210 2964 3434 3035 probati
3477 2966 3701 3023 fuerint
3730 2970 3806 3023 ab
3837 2970 3930 3034 eis,

536 3056 962 3127 purgabuntur.
997 3056 1067 3109 Et
1097 3053 1251 3108 sicut
1304 3068 1513 3106 aurum
1545 3054 1894 3107 emundatur
1948 3053 2083 3124 (92),
2115 3057 2173 3106 et
2203 3052 2447 3106 remittit
2504 3052 2735 3107 sordem
2766 3067 2931 3106 suam
2960 3067 2973 3104 :
3008 3052 3093 3106 sic
3145 3056 3202 3106 et
3248 3068 3348 3108 vos
3377 3053 3670 3124 abjicietis
3703 3072 3927 3113 omnem

532 3144 834 3199 tristitiam
868 3148 924 3199 et
952 3142 1287 3215 angustiam
1319 3145 1375 3195 et
1402 3140 1867 3195 emundabimini
1900 3142 1958 3196 in
1991 3146 2349 3197 structuram
2378 3140 2491 3211 (93)
2513 3140 2864 3195 turris.Alha
2890 3144 3083 3195 autem
3109 3141 3219 3213 (94)
3242 3158 3396 3212 pars,
3416 3146 3832 3214 superventuri
3854 3162 3929 3201 est

534 3232 751 3299 saeculi,
787 3233 843 3287 in
876 3250 990 3305 quo
1014 3231 1359 3287 habitabunt
1385 3228 1549 3285 electi
1586 3229 1675 3283 Dei
1704 3247 1715 3296 ;
1750 3232 2025 3301 quoniam
2056 3230 2415 3284 immaculati
2446 3235 2501 3284 et
2531 3229 2661 3300 puri
2692 3233 2863 3284 erunt
2892 3229 3057 3284 electi
3086 3231 3185 3285 Dei
3212 3229 3272 3285 in
3305 3230 3483 3286 vitam
3516 3237 3822 3289 aeternam.
3856 3236 3927 3290 Tu

534 3337 671 3394 ergo
704 3337 776 3376 ne
805 3321 1040 3375 desinas
1072 3318 1231 3390 loqui
1256 3318 1366 3390 (95)
1398 3317 1519 3372 haec
1545 3317 1786 3373 auribus
1808 3322 2162 3373 sanctorum.
2195 3318 2428 3373 Habetis
2460 3322 2515 3373 et
2536 3319 2785 3390 ﬁguram
2816 3317 3208 3373 tribulationis
3230 3324 3664 3391 superventura:
3692 3340 3927 3396 magna,

531 3410 677 3465 Nam
709 3409 759 3465 si
786 3426 887 3465 vos
916 3408 1214 3464 volueritis
1245 3406 1376 3478 (96),
1412 3405 1556 3461 nihil
1587 3405 1713 3461 erit.
1750 3406 1810 3461 In
1843 3412 2035 3462 mente
2084 3406 2292 3461 habete
2324 3406 2433 3476 (97)
2466 3405 2576 3461 ista
2606 3422 2730 3477 qua:
2762 3405 3100 3477 praescripta
3129 3410 3287 3461 sunt.
3318 3411 3452 3463 Haec
3483 3424 3621 3465 cum
3673 3411 3930 3473 dixisset,

532 3498 821 3553 discessit.
844 3497 967 3553 Non
986 3498 1101 3552 vidi
1123 3501 1317 3552 autem
1341 3512 1512 3567 quem
1536 3494 1593 3548 in
1617 3494 1807 3550 locum
1831 3496 2184 3567 abierit(98).
2209 3494 2498 3566 Strepitus
2520 3499 2710 3550 autem
2728 3495 2915 3550 factus
2937 3499 3045 3565 est,
3068 3495 3415 3552 etadversus
3438 3514 3573 3553 sum
3590 3502 3925 3561 retrorsum.

536 3589 801 3641 metuens
829 3611 843 3653 ;
873 3592 930 3641 et
962 3586 1239 3658 putabam
1269 3584 1513 3639 bestiam
1552 3583 1711 3638 illam
1749 3585 2018 3639 advenire
2049 3585 2182 3655 (99).

606 3693 650 3726 ⁷³
678 3696 1001 3765 Αροοηκχι,
1032 3696 1092 3749 2.
1175 3693 1219 3726 ⁷⁸
1250 3691 1531 3765 ΙΡθζςεν,
1563 3691 1617 3746 7.
1695 3692 1739 3725 ⁷⁸
1770 3690 1921 3747 Psal.
1952 3708 2060 3757 LIV,
2088 3692 2158 3745 23
2184 3709 2196 3758 ;
2232 3690 2439 3747 Matth.
2472 3707 2547 3757 v1,
2575 3692 2681 3759 25;
2709 3690 2843 3745 Luc.
2876 3708 2976 3760 x11,
3007 3692 3114 3760 22;
3149 3691 3397 3765 Philipp.
3428 3710 3503 3750 IV.
3536 3696 3591 3750 6.
3672 3696 3717 3731 ⁷⁸
3738 3694 3923 3753 Matth.

534 3780 683 3837 XXVI,
714 3764 782 3818 24
810 3782 823 3832 ;
858 3764 1034 3820 Marc.
1068 3780 1182 3831 x1v,
1205 3766 1295 3818 22.
1376 3763 1419 3795 ⁷⁷
1456 3764 1473 3815 Ι
1502 3766 1653 3817 Petr.
1691 3779 1729 3827 ι,
1756 3765 1810 3817 7.

1700 3876 1940 3931 VARle
1980 3878 2364 3933 LECTIONES
2405 3876 2493 3931 ET
2533 3876 2765 3932 NOT/E.

3938 4364 3977 4873 J

605 3978 720 4048 (74)
754 3977 951 4032 Lamb.
984 3978 1045 4031 in
1077 3980 1310 4032 tantum.
1345 3973 1437 4030 Sic
1461 3978 1517 4029 et
1552 3973 1761 4029 Fellus.
2362 3976 2474 4043 (83)
2507 3975 2707 4048 Lamb.
2740 3976 2869 4048 talis
2899 3975 3039 4033 hmo.
3986 4022 3987 4043 η

604 4046 718 4157 (75)
750 4048 911 4104 Bodl.
947 4054 1004 4103 et
1035 4049 1232 4103 Lamb.
1266 4047 1582 4101 transirem.

604 4122 695 4157 17R
776 4120 1157 4157 "iarnnvmnu
1192 4121 1246 4157 ὅτι
1309 4118 1407 4157 Περ
1478 4135 1554 4157 vn
1638 4118 1672 4157 Ο
1732 4119 1941 4157 "pruina
1972 4118 2180 4157 νιῖίῖρίθιτ-

2384 4048 2474 4117 84)
2506 4046 2729 4101 Recitat
2757 4046 2912 4125 hunc
2956 4051 3148 4103 locum
3196 4048 3464 4105 Clemens
3511 4048 3679 4104 Alex.
3712 4055 3912 4126 Στρωμ.
3966 4116 3972 4119 1

2427 4135 2479 4157 nr
2531 4134 2636 4157 man
2692 4119 2727 4157 Ο
2779 4134 2892 4157 nnrr
2944 4120 3049 4157 ΒΘΑ
3958 4140 3959 4143 η

604 4116 739 4193 (76)
776 4120 1246 4193 Hieronymusiu
1309 4118 1424 4174 Ose.
1478 4135 1579 4185 v11,
1638 4118 2180 4193 9.]1ςνηιιῑθ-υἱίιείῖιν
2290 4116 2665 4193 lib.__14v,‘cap;
2692 4119 2745 4193 9,
2779 4116 3068 4193 pa'g._59_6.
3404 4192 3429 4193 ί
3790 4116 3798 4126 ’
3868 4116 3875 4118 ⁷
3958 4140 3959 4143 η

533 4188 775 4246 Ecclesia
808 4188 1233 4257 adolescentulo,
1265 4195 1317 4244 et
1372 4204 1568 4260 sponsa
1620 4190 1867 4245 crinibus
1896 4190 2173 4246 adornata.
2362 4189 2470 4258 (85)
2504 4188 2613 4242 Sic
2633 4188 2838 4244 Fellus.
2862 4188 2959 4245 'Al.
2987 4190 3101 4245 dies
3130 4195 3349 4247 vestros.
3396 4191 3535 4247 Felli
3567 4196 3709 4249 nota
3737 4194 3908 4248 minus

624 4263 715 4335 77)
744 4263 953 4335 Lamb.
978 4262 1353 4335 progrediens.
1473 4331 1484 4335 _
1731 4331 1770 4335 _
1807 4331 1840 4335 __
2042 4334 2047 4335 γ
2288 4260 2736 4335 recteredditur
2756 4262 2824 4335 _in
2854 4262 3271 4335 posterioribus
3301 4262 3680 4320 editionibus.

622 4331 713 4403 78)
743 4333 944 4388 Lamb.
978 4331 1193 4402 'Et'ego
1246 4331 1485 4387 salutavi
1538 4348 1683 4386 eam.
1730 4331 1956 4389 Fellus:
2029 4334 2091 4388 Et
2123 4352 2172 4389 e.
2357 4332 2469 4405 (86)
2496 4332 2576 4405 Ita
2611 4348 2723 4405 ms.
2756 4332 2956 4405 Lamb.
2992 4334 3137 4388 Editi
3168 4334 3395 4405 dirigat.

533 4402 1047 4479 νιεξᾳζῑιιίῑυῇςεαηπ.⁸
1167 4475 1180 4479 _
1362 4474 1393 4479 ,ί
1680 4474 1709 4479 μ
2292 4474 2318 4479 _
2353 4402 2467 4469 (87)
2502 4402 2690 4479 _Bodl.
2750 4408 2807 4458 et
2864 4404 3059 4459 Lamb.
3128 4402 3390 4479 quoniam
3441 4410 3608 4479 potest
3663 4411 3903 4462 avertere.

622 4476 712 4542 79)
746 4475 905 4530 Bodl.
937 4479 994 4530 et
1023 4475 1224 4530 Lamb.
1258 4474 1447 4529 omitt.
1481 4474 1712 4529 occurrit
1744 4474 1902 4529 mihi.
2284 4474 2468 4536 Quam
2501 4472 2807 4529 lectionem
2841 4481 3076 4532 secutus
3104 4472 3195 4532 est
3224 4477 3439 4533 Fellus.

620 4547 711 4613 80)
746 4546 941 4601 Lamb.
974 4548 1173 4601 nimia.
1208 4546 1300 4601 Sic
1333 4550 1393 4617 et
1425 4545 1636 4600 Fellus.
2354 4547 2464 4615 (88)
2494 4544 2582 4617 Al.
2614 4547 2903 4617 suffragia.

600 4618 714 4687 (8f)
748 4618 919 4690 Deest
948 4620 1062 4690 ejus
1093 4635 1204 4672 ms.
1239 4618 1297 4671 S.
1330 4616 1482 4690 Vict:
1772 4687 1781 4690 _
1892 4688 1896 4690 ἒ
2352 4618 2463 4690 (89)
2496 4616 2705 4690 Lamb.
2731 4620 3084 4690 interrogas?

598 4690 711 4761 (83)
746 4690 849 4744 Ms.
884 4687 1073 4744 Carm.
1108 4690 1293 4761 Egrin.
1328 4688 1407 4743 Cl.
1439 4688 1735 4761 Nourryus
1768 4687 1826 4741 in
1865 4688 2060 4761 Appar.
2095 4691 2169 4745 ad
2352 4687 2460 4761 (90)
2497 4688 2696 4761 Lamb.
2732 4689 2832 4743 Ille
2860 4687 3087 4759 niger”,
3139 4692 3398 4759 igneus...
3446 4693 3897 4761 sanguinolentus.
3944 4736 3953 4761 ε

528 4758 668 4815 Bibl.
708 4763 839 4827 PP.,
873 4765 1014 4815 tom.
1054 4763 1089 4824 Ι,
1125 4758 1233 4814 col.
1265 4761 1354 4823 65,
1388 4764 1655 4812 vexatum
1678 4758 1834 4812 hunc
1864 4760 2053 4813 locum
2080 4778 2167 4816 re-
2350 4760 2462 4883 (9i)
2496 4759 2629 4823 Ista,
2662 4768 2712 4814 et
2740 4758 3232 4831 perseveraverint,
3286 4758 3570 4818 omittunt
3597 4764 3759 4832 editi,
3792 4778 3894 4835 qus
3940 4774 3941 4803 1

528 4832 893 4883 stituendum
928 4837 1092 4883 nutat
1123 4848 1189 4883 ex
1221 4831 1345 4883 cod.
1391 4829 1547 4883 Colb.
1601 4830 1699 4883 aui
1742 4830 1823 4883 sic
1858 4848 1917 4883 se
1951 4831 2162 4883 habet:
2281 4829 2349 4883 Fe
2379 4830 2469 4883 lus
2503 4831 2755 4883 restituit
2784 4848 2851 4883 ex
2882 4833 3045 4883 Bodl.
3079 4838 3136 4883 et
3167 4834 3367 4883 Lamb-
3938 4820 3941 4867 ¹

527 4818 893 4887 εὶὶιιιθηᾶιίω
928 4818 1092 4901 putat
1123 4848 1189 4885 ex
1221 4818 1352 4885 cod.
1391 4829 1547 4884 Colb.
1601 4830 1699 4899 qui
1742 4830 1823 4883 sic
1858 4848 1917 4884 se
1951 4831 2162 4887 habet:
2281 4818 2469 4885 Fellus
2503 4818 2755 4885 restituit
2784 4848 2851 4885 ex
2882 4833 3045 4887 Bodl.
3079 4838 3136 4887 et
3166 4818 3367 4889 Lamb.
3746 4818 3759 4832 ’
3809 4818 3823 4835 ⁸

524 4901 668 4957 Misit
697 4904 961 4959 Dominus
990 4904 1247 4974 angelum
1295 4919 1463 4974 suum
1513 4917 1697 4974 super,
1725 4901 1978 4966 bestiam,
2008 4904 2162 4973 cujus
2275 4969 2286 4974 _
2346 4902 2457 4971 (92)
2494 4902 2575 4955 Ita
2603 4919 2743 4957 mss.
2778 4902 2836 4957 S.
2862 4904 3051 4957 Germ.
3084 4904 3273 4959 Carm.
3298 4912 3355 4960 et
3380 4906 3577 4960 Lamb.
3602 4906 3690 4961 Ita
3718 4914 3773 4960 et
3796 4902 3893 4959 Fel-

523 4990 721 5049 nomerz.
748 4984 830 5049 est
854 4969 1083 5049 Hegrin:
1137 4973 1475 5049 Suspicatus
1500 4972 1625 5049 jam
1677 4973 1862 5049 fuerat
1894 4969 2161 5049 doctissi-
2274 4969 2387 5049 lus.
2424 4974 2579 5049 Hanc
2610 4990 2765 5038 vero,
2800 4991 2913 5028 non
2939 4981 3133 5049 autem
3162 4977 3322 5031 illam
3356 4994 3533 5049 quam
3564 4977 3781 5032 habent
3798 4975 3890 5049 edi-

524 5062 657 5121 mus
680 5043 1019 5121 Cotelerius,
1044 5052 1311 5121 Hermum
1335 5045 1529 5121 Grirce
1556 5043 1662 5096 hoc
1686 5044 1994 5121 fere_inodo
2022 5047 2159 5121 scri-
2273 5044 2335 5111 ti,
2386 5044 2723 5121 emiuiilalur,
2749 5062 2943 5100 veram
2966 5043 3431 5121 esselectionem,
3456 5050 3512 5104 id
3531 5049 3731 5105 suadet
3752 5048 3881 5121 quod

563 5117 763 5205 sissez’
806 5118 1053 5188 Ἔπεμψε
1112 5114 1305 5189 Κύριος
1379 5110 1606 5205 ants/Em;
1670 5112 1852 5178 αὐτοῦ,
1912 5113 1968 5175 ὅς
2021 5114 2157 5169 ἐστίν

639 5190 663 5205 Λ
893 5189 916 5205 ν
975 5188 999 5205 .,
1322 5204 1329 5205 ί
1558 5201 1682 5205 ΜΨ
1720 5187 1767 5205 ,γέ
1920 5193 1959 5205 ,γ
2023 5189 2056 5205 ,.

1964 5136 1968 5173 :
2021 5114 2158 5197 ἐςτιν
2272 5110 2599 5205 morsaaddit
2622 5132 2647 5205 τι
2670 5116 2747 5170 sic
2779 5121 2831 5171 el
2856 5134 2965 5173 vos.
3003 5161 3017 5175 .
3054 5160 3066 5173 .
3099 5110 3558 5176 emundabimini.

548 5187 605 5240 πὶ
628 5188 844 5261 (θηρίον,
878 5189 922 5259 ᾧ
950 5187 1143 5261 ὄνομα
1192 5187 1447 5261 ’“¹Αγριον.
1472 5256 1482 5261 _
1507 5188 1689 5261 Quam
1719 5187 1780 5261 in.
1810 5189 2142 5261 sententiam

1435 5188 1689 5261 ._Quam
1719 5187 1780 5261 in_
1810 5189 2158 5261 sententiam
2343 5188 2452 5261 (923)
2490 5187 2689 5261 Lamb.
2711 5196 3022 5261 structura.

518 5253 725 5337 egcitat
780 5253 923 5337 illud
979 5253 1385 5337 psal.‘Lxx'1'x,‘
1426 5256 1534 5337 14.ν
1572 5253 1917 5327 Ἐλυμῄνατο
1990 5259 2112 5337 arb-ci

1722 5254 1917 5327 λῄνατο
1990 5259 2155 5337 aut?”
2478 5259 2676 5337 ψει-8.
2710 5258 2857 5337 Vict.
2890 5262 3085 5337 4lbum
3114 5270 3316 5337 autem.

518 5332 609 5403 σξς
668 5328 727 5384 ἐκ
775 5324 1002 5403 δρυμοῖί⁸
1079 5326 1166 5383 καί
1242 5327 1427 5399 (Lamo:
1480 5324 1717 5403 Δᾶγρξοζ
1760 5324 2112 5398 ὀιατενεμγξσατ

1712 5324 1717 5325 ⁷
1760 5324 2155 5403 κατεγεμγςσασὲο
2486 5328 2643 5403 Bodl.
2678 5334 2735 5385 et
2766 5330 2969 5398 Lamb,
3001 5334 3288 5403 loquendo.

516 5397 726 5468 αὐτήν..
763 5397 1076 5458 Devastavit
1105 5397 1251 5457 eam‘
1277 5416 1407 5471 aper
1452 5399 1519 5452 de
1555 5397 1719 5467 silva,
1776 5403 1825 5453 et
1850 5402 2108 5471 singular

1560 5397 1719 5467 silva,
1776 5403 1825 5453 et
1850 5402 2155 5471 singularis
2338 5397 2450 5471 (96)
2483 5402 2679 5455 Lamb.
2714 5403 2822 5457 etsi
2850 5397 3154 5459 volueritis.

512 5473 662 5545 ferus
693 5473 945 5544 depastus
991 5483 1069 5530 est
1096 5470 1461 5545 eaanuod
1513 5474 1710 5523 tamen
1770 5470 1921 5545 Fello
1957 5473 2153 5529 minus
2272 5544 2277 5545 γ
2334 5470 2444 5544 (97)
2478 5473 2595 5545 Ms.
2646 5472 2846 5529 Lamb.
2904 5475 3056 5543 apud
3115 5476 3420 5545 Clericum,
3451 5478 3513 5532 In
3544 5483 3772 5532 mentem
3796 5476 3871 5530 ha-

508 5541 1219 5601 rvidetur'admittendum.
1246 5543 1368 5598 Huc
1390 5549 1582 5596 autem
1614 5542 1933 5612 respexisse
1956 5545 2151 5600 Hiero-
2262 5544 2394 5598 belo.
2428 5541 2637 5598 'Editio
2668 5548 2863 5599 tamen
2920 5541 3099 5601 Oxon.
3144 5549 3263 5604 sic:
3296 5549 3359 5604 In
3388 5541 3571 5605 incute
3609 5548 3842 5605 habetote.

516 5628 756 5687 nymum
788 5614 887 5687 lib.
922 5634 961 5682 1,
993 5619 1053 5670 in
1100 5616 1349 5670 Habacue
1396 5630 1435 5680 1,
1473 5613 1557 5687 14,
1607 5613 1904 5671 nonnullis
1934 5615 2148 5684 visum,
2333 5616 2441 5687 (98)
2474 5616 2679 5687 Lamb.
2711 5632 2815 5687 quo
2846 5617 2961 5673 loco
2992 5618 3153 5674 abiit.

508 5687 597 5769 cet
623 5683 720 5744 alii
746 5686 854 5746 viri
884 5687 1040 5744 docti
1073 5687 1244 5744 aliter
1275 5682 1540 5743 senserim
1556 5687 1599 5739 t.
2133 5682 2139 5684 ⁷
2330 5682 2440 5757 (99)
2472 5685 2633 5742 Bodl,
2665 5682 2733 5743 ef
2750 5687 2950 5746 Lamb.
2982 5692 3193 5750 vam-,0.
