4036 6344
3426 441 3545 504 914

148 442 268 505 913
1199 447 1529 509 PASTOR.
1563 479 1641 493 —
1670 446 1819 508 LIB.
1866 446 1945 522 II,
1991 448 2442 511 MANDATUM
2487 447 2536 508 Ῑ.

948 815 1561 939 LIBER
1687 815 2743 941 SECUNDUS

1602 1072 1698 1119 QUI
1752 1070 2115 1111 INSCRIBITUB

1487 1236 2208 1326 MANDATA.

1634 1601 2072 1659 PROOEMIUM.

208 1770 354 1826 Cum
384 1785 642 1826 orassem
671 1769 852 1837 domi,
883 1772 940 1825 et
968 1769 1363 1825 consedissem
1395 1770 1543 1842 (100)
1591 1787 1771 1842 supra
1801 1771 2039 1839 lectum,
2074 1771 2309 1826 intravit
2356 1772 2445 1826 vir
2475 1774 2711 1845 quidam
2771 1775 3085 1831 reverenda
3113 1772 3279 1841 facie,
3336 1770 3541 1827 habitu

132 1858 447 1933 pastorali,
480 1858 655 1932 pallio
686 1859 819 1915 albo
854 1860 1103 1915 amictus
1137 1860 1232 1931 (1),
1266 1876 1460 1931 peram
1485 1860 1543 1913 in
1576 1859 1838 1915 humeris
1870 1861 1946 1929 (2)
1969 1865 2027 1915 et
2054 1860 2277 1929 virgam
2313 1861 2370 1914 in
2394 1878 2571 1917 manu
2620 1866 2881 1934 gestans,
2905 1867 2961 1919 et
3010 1861 3283 1918 salutavit
3339 1877 3449 1915 me.
3477 1861 3548 1915 Et

133 1964 246 2022 ego
276 1947 587 2004 resalutavi
618 1965 776 2005 eum.
822 1949 1213 2020 Protinusque
1257 1949 1521 2003 consedit
1544 1950 1711 2019 juxta
1742 1966 1855 2019 me,
1904 1953 1959 2003 et
1979 1949 2062 2004 ait
2085 1950 2227 2003 mihi
2254 1966 2266 2003 :
2302 1950 2519 2006 Missus
2548 1968 2680 2007 sum
2714 1952 2784 2007 ab
2815 1968 2881 2007 eo
2898 1950 3208 2007 venerabili
3232 1950 3457 2014 nuntio,
3483 1952 3548 2004 ut

131 2038 399 2094 habitem
431 2040 625 2094 tecum
653 2037 910 2109 reliquos
942 2038 1066 2093 dies
1096 2037 1223 2093 vitae
1254 2041 1386 2092 tuae.
1421 2037 1486 2092 Et
1516 2054 1621 2109 ego
1653 2038 1953 2108 putabam,
1990 2039 2180 2109 ipsum
2214 2040 2283 2093 ad
2307 2041 2652 2095 tentandum
2686 2058 2779 2097 me
2810 2041 3054 2097 venisse.
3078 2041 3149 2095 Et
3178 2040 3304 2095 dico
3335 2038 3425 2094 ei:
3456 2038 3544 2093 Tu

132 2126 293 2182 enim
327 2124 462 2197 quis
492 2125 600 2181 es?
629 2126 747 2198 Ego
771 2125 927 2181 enim
959 2124 1091 2181 novi
1120 2125 1213 2179 cui
1245 2125 1499 2180 traditus
1530 2141 1682 2180 sum.
1715 2125 1811 2179 Ait
1834 2125 1978 2179 mihi
2007 2142 2019 2179 :
2045 2131 2165 2180 Non
2198 2128 2501 2198 cognoscis
2532 2143 2624 2182 me
2644 2127 2671 2182 ‘?
2700 2128 2847 2196 Non,
2874 2127 3115 2198 inquam
3148 2128 3247 2199 (3).
3280 2127 3420 2197 Ego,
3452 2125 3543 2179 in-

135 2214 289 2287 quit,
322 2231 456 2270 sum
487 2218 689 2286 pastor
720 2213 816 2269 ille
845 2213 936 2268 cui
967 2213 1218 2268 traditus
1247 2230 1330 2269 es.
1363 2213 1568 2268 Adhuc
1600 2212 1872 2284 loquente
1905 2229 1992 2281 eo,
2024 2214 2212 2285 ﬁgura
2241 2215 2368 2284 ejus
2396 2220 2623 2270 mutata
2652 2221 2759 2271 est.
2810 2219 3071 2287 Cumque
3119 2215 3541 2287 cognovissem,

136 2319 272 2359 esse
300 2319 436 2359 eum
468 2302 559 2358 cui
593 2302 845 2358 traditus
875 2302 1125 2371 fueram,
1151 2302 1430 2357 confusus
1454 2319 1606 2372 sum,
1632 2301 2011 2373 protinusque
2041 2307 2232 2357 metus
2262 2319 2351 2358 me
2383 2304 2561 2358 subiit
2591 2306 2692 2376 (4),
2725 2309 2779 2361 et
2799 2310 2962 2360 totua
2984 2320 3225 2359 maerore
3246 2303 3544 2359 confectus

130 2408 299 2457 sum,
331 2392 469 2463 quia
498 2391 580 2447 sic
613 2391 662 2446 ei
693 2393 1109 2462 responderam
1141 2390 1485 2462 insipienter
1512 2391 1610 2463 (5).
1645 2391 1733 2445 Ait
1766 2390 1940 2445 mihi:
1975 2391 2103 2446 Noli
2153 2392 2452 2461 confundi,
2506 2393 2603 2447 sed
2637 2393 2905 2448 virtutem
2938 2393 3174 2464 concipe
3231 2391 3426 2447 animo
3483 2391 3542 2446 in

128 2480 432 2536 mandatis
467 2480 635 2549 meis,
669 2497 794 2552 quae
825 2481 1072 2535 daturus
1095 2495 1227 2533 sum
1257 2479 1388 2534 tibi.
1422 2479 1639 2534 Missus
1669 2495 1802 2534 sum
1838 2479 2015 2545 enim,
2048 2480 2261 2549 inquit,
2295 2485 2361 2535 ut
2418 2497 2543 2552 quae
2594 2481 2795 2537 vidisti
2854 2482 3144 2553 superius,
3193 2480 3390 2536 omnia
3436 2479 3543 2535 tibi

127 2586 341 2624 rursus
374 2570 722 2631 ostendam;
754 2568 1047 2641 praecipue
1077 2584 1205 2638 quae
1237 2584 1306 2623 ex
1336 2568 1421 2623 eis
1452 2567 1620 2622 utilia
1672 2572 1809 2623 sunt
1836 2568 2019 2624 vobis.
2053 2569 2317 2623 Primum
2377 2570 2666 2641 omnium,
2721 2571 2997 2625 mandata
3029 2571 3104 2641 (6)
3156 2586 3285 2624 mea
3330 2573 3388 2623 et
3417 2584 3545 2639 spe-

125 2658 251 2727 cies
286 2657 743 2713 similitudinum
777 2658 986 2713 scribe.
1020 2656 1263 2727 Reliqua
1285 2660 1499 2725 autem,
1526 2657 1679 2712 sicut
1708 2658 2016 2712 ostendero
2049 2658 2177 2719 tibi,
2213 2658 2293 2713 sic
2316 2676 2383 2714 ea
2411 2660 2651 2714 scribes.
2699 2661 2832 2714 Ideo
2863 2664 3061 2713 autem
3094 2658 3361 2730 praecipio
3412 2656 3539 2723 tibi,

123 2747 389 2819 primum
419 2748 698 2802 mandata
728 2764 857 2802 mea
884 2753 942 2802 et
971 2747 1390 2802 similitudines
1421 2746 1693 2814 scribere,
1729 2752 1794 2801 ut
1823 2748 2070 2802 subinde
2102 2747 2345 2817 legendo
2374 2749 2609 2804 facilius
2642 2764 2710 2803 ea
2740 2748 3031 2803 custodire
3062 2747 3273 2818 possis.
3324 2744 3539 2816 Scripsi

123 2836 314 2909 igitur
344 2835 619 2891 mandata
648 2841 705 2890 et
751 2835 1194 2901 similitudines,
1226 2840 1284 2890 ta
1314 2839 1377 2890 ut
1413 2836 1688 2907 praecepit
1720 2835 1883 2891 mihi.
1918 2840 2052 2903 Quae
2084 2838 2288 2892 audita
2319 2840 2368 2893 si
2398 2838 2819 2907 custodieritis,
2854 2842 3028 2907 atque
3056 2836 3115 2891 in
3148 2834 3241 2890 his
3273 2834 3539 2890 ambula-

123 2924 354 2989 veritis,
388 2928 445 2980 et
473 2925 847 2981 exercueritis
886 2941 953 2979 ea
979 2929 1172 2980 mente
1202 2941 1371 2996 pura,
1402 2925 1696 2996 recipietis
1716 2941 1749 2979 a
1780 2926 2028 2980 Domino
2080 2943 2204 2998 quae
2234 2928 2310 2997 (7)
2371 2926 2664 2999 pollicitus
2704 2931 2795 2982 est
2821 2925 3005 2982 vobis.
3058 2925 3160 2980 Sin
3192 2928 3409 2991 autem,
3468 2922 3541 2978 iis

127 3013 372 3083 auditis,
404 3030 521 3068 non
552 3013 783 3086 egeritis
812 3014 1234 3085 paenitentiam,
1268 3014 1367 3069 sed
1401 3013 1591 3069 adhuc
1624 3013 1953 3083 adjeceritis
1985 3015 2056 3069 ad
2090 3014 2303 3070 delicta
2331 3020 2523 3072 vestra
2554 3032 2587 3070 a
2632 3014 2877 3071 Domino
2936 3015 3178 3071 adversa
3226 3011 3538 3084 recipietis.

126 3102 263 3158 Hec
294 3102 493 3158 omnia
530 3102 802 3175 precepit
835 3102 978 3159 mihi
1010 3103 1261 3159 scribere
1290 3106 1489 3175 pastor
1516 3102 1635 3171 ille,
1671 3103 1913 3158 nuntius
1940 3103 2311 3174 poenitentiae.

1583 3274 1990 3330 MANDATUM
2038 3276 2078 3329 Ι.

1462 3365 1539 3419 De
1568 3364 1681 3433 fide
1710 3366 1770 3418 in
1799 3380 1974 3419 unum
2004 3364 2193 3420 Deum.

1550 3504 1785 3561 CAPUT
1817 3504 2113 3561 UNICUM.

1956 3621 2219 3677 Primum
2242 3620 2528 3689 omnium,
2553 3622 2720 3677 crede
2751 3621 2904 3693 quod
2938 3636 3091 3677 unus
3121 3622 3210 3675 est
3234 3623 3386 3676 Deus
3432 3616 3531 3690 qui

1890 3710 2090 3766 omnia
2111 3712 2329 3767 creavit
2362 3714 2419 3766 et
2446 3710 2895 3780 consummavit,
2927 3714 2984 3766 et
3002 3724 3092 3780 ex,
3126 3707 3305 3765 nihilo
3335 3707 3533 3764 omnia

1890 3799 2042 3854 fecit.

200 3616 281 3689 (8)
312 3617 532 3691 Πρῶτον
618 3614 832 3672 πάντων
896 3617 1196 3690 πίστευσον,
1262 3616 1345 3673 ὅτι
1411 3620 1485 3682 εἷς
1540 3618 1679 3674 ἐστιν
1746 3621 1774 3674 ὁ

124 3706 283 3772 Θεὸς,
328 3706 356 3759 ὁ
398 3705 466 3760 τὰ
511 3706 686 3760 πάντα
727 3705 911 3770 κτίσας
953 3709 1043 3762 καὶ
1093 3706 1435 3784 καταρτίσας,
1478 3710 1567 3763 καὶ
1615 3711 1777 3779 ποιή-

125 3814 225 3857 σας
260 3792 318 3849 ἐκ
344 3799 441 3850 τοῦ
477 3797 552 3869 μὴ
588 3791 741 3857 ὄντος
772 3796 850 3859 εἷς
877 3797 940 3852 τὸ
971 3796 1104 3853 εἶναι
1134 3799 1203 3853 τὰ
1230 3797 1421 3853 πάντα.

201 3930 283 4001 (9)
313 3931 444 4003 Ipse
474 3947 656 4003 capax
698 3932 1128 4001 universorum,
1188 3932 1349 3990 solus
1408 3933 1735 3990 immensus
1764 3937 1872 3989 est.
1916 3934 2022 3998 Qui
2055 3951 2160 3990 nec
2206 3934 2378 3989 verbo
2412 3933 2662 4001 deﬁniri,
2686 3950 2789 3989 nec
2820 3936 3012 3989 mente
3069 3931 3291 4004 concipi
3323 3933 3532 4003 potest.

126 4020 314 4076 Crede
344 4019 527 4092 igitur
559 4019 617 4074 in
652 4036 810 4088 eum,
844 4025 901 4077 et
929 4020 1071 4076 time
1100 4038 1257 4090 eum,
1292 4026 1347 4077 et
1376 4020 1590 4078 timens
1612 4022 1761 4078 habe
1794 4023 2231 4079 abstinentiam.
2265 4023 2389 4078 llaec
2438 4021 2688 4091 custodi,
2738 4025 2792 4078 et
2824 4021 3009 4093 abjice
3038 4020 3142 4076 abs
3200 4025 3252 4075 te
3300 4034 3534 4075 omnem

1307 4190 1545 4245 νΑΒΙίΕ
1573 4190 1963 4249 LECTIONES
2012 4191 2104 4246 ET
2132 4190 2363 4246 NOT/E.

1884 4334 2057 4389 brant
2085 4333 2428 4389 vetustiores
2463 4333 2683 4389 Patres:
2744 4333 2995 4387 Irenaeus
3024 4329 3126 4386 lib.
3160 4347 3233 4393 ιν,
3268 4345 3393 4401 cap.
3436 4330 3529 4398 20,

1884 4421 2049 4459 num.
2080 4408 2148 4467 2;
2185 4405 2451 4474 Origines
2487 4409 2631 4459 tom.
2667 4422 2684 4457 1
2733 4405 3032 4459 Comment.
3084 4404 3143 4456 in
3174 4402 3526 4474 Joann._1,1,

1885 4476 2023 4530 item
2055 4477 2129 4530 De
2156 4472 2450 4547 prineipiis
2481 4475 2582 4531 lib.
2618 4493 2659 4540 1,
2685 4491 2812 4546 cap.
2846 4476 2899 4543 3,
2931 4490 3095 4529 num.
3127 4475 3187 4547 3,
3217 4476 3284 4547 _e_t
3330 4472 3430 4547 lib.
3466 4489 3528 4537 II,

1885 4564 2009 4618 cap.
2047 4549 2096 4612 1,
2132 4544 2297 4602 num.
2328 4550 2379 4602 5.
2414 4547 2636 4612 Quibus
2660 4544 2807 4602 adde
2836 4547 3098 4618 Nicetam
3120 4545 3193 4618 ad
3217 4544 3526 4618 Nanzianz.

1885 4613 2031 4673 orat.
2066 4620 2116 4671 4.
2155 4620 2350 4690 Neque
2382 4619 2472 4672 hic
2501 4619 2828 4674 omitterem
2864 4616 3261 4690 Philastrium,
3286 4614 3384 4685 qui
3418 4613 3526 4690 bae-

1886 4690 1996 4744 resi
2303 4691 2480 4766 habet
2505 4706 2516 4743 :
2556 4691 2686 4766 Cum
2710 4691 2909 4766 anima.
2929 4689 3178 4766 fac_ta_sit_
3203 4686 3526 4766 ahDominq,

1884 4778 1953 4832 ea;
1978 4762 2153 4815 nihilo
2183 4763 2413 4827 scilicet,
2447 4766 2507 4815 ut
2536 4764 2803 4832 scriptum
2834 4757 2945 4819 est:
2998 4758 3105 4824 Qui
3152 4757 3287 4832 fecit
3344 4774 3411 4812 ex
3431 4757 3527 4832 ni-

1885 4831 2002 4887 hilo
2039 4833 2254 4901 ornnia,
2289 4840 2353 4886 ut
2407 4839 2603 4887 essent.
2633 4829 2758 4903 quae
2791 4848 2904 4886 non
2937 4834 3135 4903 erant,
3176 4831 3391 4903 ani-mra
3416 4829 3529 4903 ita-

200 4330 351 4400 (100)
376 4330 516 4387 Mss.
557 4332 747 4387 Carm.
779 4347 901 4387 cum
949 4330 1227 4388 sedissem.
1261 4331 1434 4387 Notat
1489 4331 1644 4388 hunc
1688 4332 1771 4389 lo-

128 4419 269 4460 cum
299 4402 697 4459 Tertullianus
726 4402 828 4457 lib.
861 4404 935 4459 De
964 4408 1127 4469 orat.,
1168 4420 1293 4475 cap.
1330 4405 1416 4458 12.

229 4474 283 4547 1)
311 4475 511 4530 Lamb.
544 4475 880 4547 dignitosam
907 4476 1201 4545 faciem...
1229 4474 1469 4547 pallium
1492 4474 1701 4529 album.

222 4549 282 4614 2)
312 4547 509 4602 Lamb.
541 4546 851 4602 humerum.

225 4618 279 4689 3)
338 4618 541 4673 Lamb.
623 4618 973 4690 Nequaquam
1041 4617 1271 4673 Fellus:
1312 4616 1450 4683 Non,
1518 4618 1771 4690 inquam.

124 4690 220 4744 Ait
248 4706 267 4743 :
290 4690 417 4759 Ego,
450 4694 560 4745 etc.

201 4761 282 4831 (4)
317 4760 473 4816 Bodl.
513 4763 773 4831 con/usus
801 4776 926 4815 sum
970 4762 1260 4832 protimus,
1291 4768 1571 4831 metusque
1602 4762 1659 4815 in
1692 4775 1777 4814 me

127 4833 394 4888 intravit.

225 4905 283 4973 5)
313 4902 472 4959 Bodl.
508 4907 564 4958 et
595 4904 795 4958 Lamb.
822 4904 1072 4973 nequiter
1102 4911 1152 4957 et
1182 4903 1522 4974 insipienter.

225 4906 283 4973 5)
313 4906 472 4959 Bodl.
508 4907 564 4958 et
595 4906 795 4958 Lamb.
822 4906 1042 4973 nequite

201 4906 284 5117 E6)
318 4976 517 5031 Lamb.
551 4978 738 5029 omnia
763 4974 1044 5031 Mandata.

223 5046 281 5117 7)
313 5046 474 5101 Bodl.
508 5049 564 5102 et
595 5047 791 5101 Lamb.
826 5060 1044 5117 quaecum

223 5046 281 5117 7)
313 5046 474 5101 Bodl.
508 5049 564 5102 et
595 5047 791 5101 Lamb.
826 5060 1179 5117 quaecunque.

201 5115 282 5188 (8)
312 5117 507 5173 Graeca
556 5117 668 5172 ista
708 5115 1019 5188 desumpta
1050 5115 1187 5171 sunt
1232 5133 1299 5172 ex
1355 5117 1411 5171 S.
1472 5115 1773 5169 Athanasii

129 5189 234 5245 lib.
291 5193 370 5245 De
399 5189 600 5245 deerat.
622 5190 739 5244 Nic.
771 5205 917 5259 syn.,
952 5206 1114 5243 num.
1151 5190 1202 5255 4,
1236 5194 1377 5243 tom.
1415 5193 1453 5252 l,
1487 5204 1617 5258 pag.
1649 5188 1775 5251 211,

124 5260 384 5328 edit,BB,
410 5261 591 5331 quiet
620 5260 721 5314 illa
758 5260 987 5315 exhibet
1015 5260 1113 5315 lib.
1150 5262 1223 5315 De
1264 5263 1479 5316 incarn.
1534 5276 1695 5312 num.
1721 5260 1775 5328 3,

126 5336 275 5388 tom.
310 5332 354 5400 I,
388 5348 521 5458 pag.
556 5332 644 5396 49,
677 5336 733 5386 et
761 5332 816 5385 in
847 5332 1015 5401 Epist.
1049 5332 1126 5386 ad
1155 5334 1316 5401 episr.
1354 5330 1577 5403 Africae)
1612 5346 1773 5383 num.

126 5405 327 5458 5tom.
360 5403 381 5457 Ι
419 5445 433 5458 .
466 5419 596 5458 pag.
644 5404 766 5457 895.
810 5403 1022 5457 Eadem
1072 5403 1274 5457 recitat
1326 5402 1607 5456 Eusebius
1638 5402 1773 5455 Hist.

126 5405 327 5458 5tom.
360 5403 433 5471 ΙΙ,
465 5403 596 5476 pag.
644 5404 766 5457 895.
810 5403 1022 5457 Eadem
1072 5403 1274 5457 recitat
1326 5403 1607 5456 Eusebius
1638 5403 1776 5455 Hist.

130 5475 282 5532 Eccl.
337 5472 440 5530 lib.
492 5492 548 5540 v,
603 5489 729 5545 cap.
760 5476 814 5537 8,
867 5474 1122 5545 demptis
1152 5474 1374 5529 ultimis
1422 5472 1631 5545 verbis,
1689 5469 1778 5523 καὶ

129 5546 387 5614 ποιήσας.
438 5544 689 5601 Nonulla
755 5545 846 5600 his
898 5544 1115 5600 similia
1168 5545 1478 5617 scripserat
1538 5544 1779 5597 Hermas

130 5618 239 5673 lib.
265 5618 305 5673 Ι.
337 5617 445 5672 vis.
491 5635 531 5673 1.
592 5633 716 5673 cap.
754 5618 816 5671 1:
874 5618 1010 5671 Deus
1057 5618 1152 5673 (mi
1192 5620 1250 5670 in
1280 5618 1423 5670 ('(rlis
1456 5616 1682 5672 habitat.
1732 5618 1782 5667 et.

132 5634 239 5673 nn.
265 5634 305 5681 1,
337 5634 445 5672 V18.
491 5635 531 5681 1,
592 5634 716 5687 cap.
754 5634 816 5671 1:
874 5634 1010 5671 ueus
1057 5634 1149 5687 qui
1192 5634 1423 5670 171(‘(1’128
1456 5634 1682 5672 nanum.
1732 5634 1782 5667 ει

132 5688 379 5745 condidit
410 5704 479 5743 ex
506 5689 683 5745 nihilo
722 5704 786 5744 ea
816 5705 936 5759 qua:
964 5695 1111 5744 sunt.
1145 5689 1261 5744 Hoc
1312 5694 1505 5743 autem
1556 5686 1783 5759 illustre

136 5760 500 5833 Mandatum,
530 5765 736 5833 praeter
764 5756 1145 5818 Athanasium
1170 5766 1225 5817 et
1263 5759 1600 5830 Eusebium,
1633 5756 1780 5815 cele-

465 5402 596 5476 pag.
644 5404 766 5457 895.
810 5403 1022 5476 Eadem
1072 5403 1274 5476 recitat
1326 5402 1607 5476 Eusebius
1638 5402 1776 5476 Hist:
1823 5444 1826 5448 .

1886 4920 2008 4974 que,
2043 4909 2149 4957 etc.
2188 4899 2247 4957 Idi
2276 4921 2414 4957 sane
2444 4899 2947 4967 visum-Fabricio,
2992 4902 3090 4972 qui
3122 4900 3279 4974 hunc
3333 4899 3528 4974 Phila-

1885 4972 2012 5030 strii
2042 4974 2235 5029 locum
2268 4976 2418 5029 inter
2442 4975 2713 5029 Veterum
2747 4974 3081 5029 testimonia
3103 4972 3173 5026 de
3209 4974 3415 5027 llerma
3437 4972 3528 5025 de-

1886 5046 2135 5117 scripsit.
2172 5049 2243 5101 At
2273 5048 2588 5117 quominus
2636 5046 2894 5101 Fabricio
2914 5045 3239 5117 adhaeream
3268 5042 3532 5117 prohibet

1886 5114 2509 5189 ipse'metPhilastrius,
2535 5118 2631 5188 qui
2658 5118 2859 5171 eadem
2873 5117 3044 5189 verba
3065 5115 3414 5189 recitathaar.
3438 5114 3529 5189 8t),

1886 5185 2041 5243 velut
2073 5206 2103 5242 e
2159 5189 2467 5243 Salomone
2498 5185 2830 5259 desumpta,
2866 5187 3142 5259 nimirum
3192 5187 3325 5256 Sap.
3363 5203 3409 5259 ι,
3440 5185 3527 5248 14,

1888 5260 1983 5314 ubi
2015 5260 2135 5333 sic:
2170 5259 2506 5333 'Ex'riceyip
2542 5259 2616 5320 εἷς
2643 5255 2868 5313 τὸέἷναι
2897 5257 2964 5311 τὰ
2992 5257 3198 5311 nivea:
3232 5255 3344 5327 Quo
3384 5255 3530 5310 forte

1888 5280 1983 5314 UDl
2015 5280 2135 5314 SlC:
2193 5280 2381 5312 LXTLO'S
2409 5280 2506 5385 *Ῑαρ
2542 5280 2616 5320 εις
2643 5280 2653 5292 ¹

1888 5331 2143 5400 respexit
2173 5336 2367 5385 noster
2392 5332 2409 5385 l
2442 5349 2653 5386 ermas.

1958 5394 2033 5473 (9)
2066 5405 2278 5455 Auctor
2326 5404 2592 5457 Dnrlrina.
2639 5402 2709 5456 ad
2759 5401 3078 5455 Antiochum
3119 5398 3331 5473 ducem,
3359 5414 3391 5451 a
3418 5394 3527 5473 ⁸(ΣΙ.

1891 5468 2203 5528 Montfauc.
2230 5473 2893 5544 r'dil;1¥lurn.lllUpp.S.
2918 5471 3254 5544 Athanasii;
3280 5468 3535 5544 plurima

1891 5544 2122 5598 exhibet
2163 5544 2354 5599 Giau-a
2392 5551 2610 5598 “omnis
2646 5540 2988 5615 fragmenta,
3032 5540 3349 5615 identidem
3370 5540 3535 5615 intra

1893 5617 2165 5670 notanda.
2187 5617 2264 5669 Arl
2300 5616 2450 5669 hunc
2470 5618 2666 5685 itaque
2690 5610 2877 5669 locum
2905 5614 3055 5684 queri
3086 5614 3308 5675 attinet.
3336 5612 3418 5665 sic
3438 5610 3534 5665 ille

1897 5704 2023 5759 pag.
2056 5689 2378 5759 '2§Z,rnum.
2416 5690 2463 5743 l.
2501 5688 2589 5759 Εζς
2647 5686 2773 5747 Θεὸς
2830 5685 2995 5758 μόνος
3028 5686 3055 5739 ὁ
3085 5685 3258 5759 πάντα
3287 5686 3532 5759 (χωρῶν,

1897 5754 2058 5831 μάςος
2094 5754 2149 5813 δὲ
2180 5758 2473 5834 ἀχώρητος
2534 5756 2629 5814 ὢν.
2667 5754 3003 5817 ΠηιιδἮειιε
3028 5758 3171 5815 solus
3200 5754 3537 5831 qui’bmnia
