4036 6344
501 379 618 444 915

1997 387 2062 448 S.
2108 384 2414 447 HERM/E
3800 388 3894 451 916

503 512 1036 587 concupiscentiam
1068 514 1180 589 (10)
1210 518 1269 573 et
1294 515 1637 590 nequitiam,
1669 520 1728 575 et
1754 516 1930 573 indue
1958 517 2004 586 (l
2020 518 2071 587 1)
2094 516 2366 574 virtutem
2424 518 2663 589 iustitiae
2688 536 2702 576 :
2733 521 2791 576 et
2807 516 2966 577 vives
2992 517 3131 585 Deo,
3180 516 3231 575 si
3275 518 3639 577 custodieris
3670 521 3898 579 manda-

503 604 631 660 tum
662 602 791 661 hoc.

1944 714 2357 771 MANDATUM
2389 716 2456 771 II.

1159 802 1238 858 De
1262 803 1524 875 fugienda
1555 803 1969 873 obtrectatione,
2007 810 2062 859 et
2111 805 2448 876 eleemosyna
2476 804 2737 876 facienda
2765 806 2828 861 in
2855 805 3230 878 simplicitate.

1921 919 2155 975 CAPUT
2187 919 2481 975 UNICUM.

574 1014 730 1071 Dixit
776 1014 957 1070 mihi:
1016 1014 1463 1086 Simplicitatem
1520 1015 1691 1083 habe,
1748 1021 1804 1071 et
1866 1017 2144 1072 innocens

506 1110 629 1160 esto
655 1122 668 1171 ;
701 1109 758 1158 et
784 1104 898 1158 eris
928 1104 1082 1159 sicut
1110 1104 1304 1159 infans
1327 1103 1424 1175 qui
1457 1105 1644 1159 nescit
1691 1106 1802 1176 (13)
1837 1104 2144 1175 malitiam,

507 1208 634 1264 quae
666 1192 921 1265 perdidit
975 1193 1088 1263 (14)
1117 1191 1295 1248 vitam
1353 1192 1683 1247 hominum.
1744 1193 2028 1259 Primum,
2077 1196 2147 1249 de

502 1281 615 1353 (15)
673 1280 833 1336 nullo
882 1280 1032 1336 male
1071 1280 1353 1352 loquaris,
1387 1296 1609 1352 necque
1640 1281 1889 1337 libenter
1945 1282 2149 1337 audias

502 1369 652 1424 male
682 1368 1040 1441 loquentem.
1072 1369 1173 1425 Sin
1203 1386 1335 1425 vero
1366 1374 1422 1425 et
1450 1374 1513 1425 tu
1550 1371 1824 1439 audieris,
1860 1372 2147 1443 particeps

500 1458 615 1514 eris
642 1458 859 1530 peccati
888 1457 1037 1512 male
1070 1458 1361 1529 loquentis
1387 1476 1401 1526 ;
1433 1463 1491 1514 et
1519 1460 1782 1526 credens,
1824 1464 1885 1514 tu
1916 1476 2148 1531 quoque

501 1551 803 1619 peccatum
835 1546 1096 1617 habebis,
1129 1546 1268 1617 quia
1297 1546 1593 1602 credidisti
1616 1547 1767 1603 male
1789 1547 2048 1619 loquenti
2077 1550 2149 1603 de

499 1634 677 1691 fratre
705 1639 826 1692 tuo.
859 1636 1190 1691 Perniciosa
1209 1642 1297 1691 est
1318 1636 1596 1692 detractio
1622 1654 1636 1703 ;
1673 1637 2014 1693 inconstans
2034 1638 2146 1691 da:-

499 1722 766 1779 monium
796 1728 903 1792 est,
944 1740 1249 1796 nunquam
1273 1724 1335 1779 in
1366 1740 1505 1796 pace
1535 1724 1824 1791 consistit,
1850 1725 1951 1782 sed
1992 1742 2145 1782 sem-

499 1827 603 1885 per
630 1812 691 1867 in
714 1811 1007 1868 discordia
1039 1816 1261 1871 manet.

2328 1019 2437 1088 (12)
2467 1013 2778 1086 Ἀπλότητα
2817 1012 2930 1091 ἔχε,
2963 1017 3051 1071 καὶ
3094 1014 3292 1079 ἄκακος
3336 1021 3515 1092 γενοῦ,
3548 1019 3646 1072 καὶ
3700 1015 3794 1072 ἔσο
3842 1018 3907 1079 ὡς

2254 1105 2319 1158 τὰ
2348 1106 2516 1175 νήπια
2543 1106 2610 1159 τὰ
2644 1106 2718 1177 μὴ
2752 1107 3091 1179 γινώσκοντα
3119 1105 3407 1181 πονηρίαν,
3436 1113 3535 1175 τήν
3600 1105 3907 1161 ἀπολοῦσιν

2256 1195 2353 1262 τήν
2406 1192 2675 1267 σωτηρίαν
2728 1197 2833 1248 τῶν
2884 1194 3202 1269 ἀνθρώπων.
3246 1199 3467 1268 Πρῶτον
3523 1195 3622 1266 μὲν
3676 1193 3907 1267 μηδενὸς

2255 1280 2571 1350 καταλάλει,
2609 1279 2748 1355 μηδὲ
2775 1279 2953 1351 ἡδέως
2996 1283 3156 1337 ἄκουε
3205 1287 3302 1337 τοῦ
3354 1280 3837 1346 καταλαλοῦντος·
3871 1284 3911 1338 εἰ

2258 1368 2316 1425 δὲ
2349 1372 2448 1443 μὴ,
2480 1369 2661 1425 καὶσὺ
2708 1370 2940 1442 ἀκούων,
2973 1369 3165 1447 ἔνοχος
3213 1367 3304 1445 ἔσῃ
3346 1378 3445 1441 τῆς
3493 1372 3781 1448 ἁμαρτίας
3824 1378 3911 1428 τοῦ

2255 1457 2721 1521 καταλαλοῦντος.
2763 1460 3009 1533 Πονηρὸν
3041 1462 3145 1536 γὰρ
3175 1461 3388 1534 πνεῦμά
3434 1459 3579 1515 ἐστιν
3614 1462 3650 1532 ἡ
3683 1461 3915 1517 καταλα-

2258 1547 2373 1616 λιὰ,
2404 1547 2492 1603 καὶ
2540 1546 2897 1602 ἀκατάστατον
2950 1545 3255 1623 δαιμόνιον,
3288 1546 3565 1622 μηδέποτε
3614 1551 3914 1627 εἷρηνεῦον,

2256 1636 2402 1693 ἀλλὰ
2430 1636 2659 1692 πάντοτε
2688 1635 2741 1692 ἐν
2784 1634 3153 1713 διχοστασίαις
3179 1643 3487 1697 κατοικοῦν.

1458 1919 1599 1975 Hinc
1641 1921 1812 1976 etiam
1853 1922 2195 1995 ANTIOCHUS,
2229 1922 2457 1979 homilia
2503 1924 2593 1995 29,
2626 1925 2735 1980 ista
2763 1924 2944 1983 habet.

570 2026 782 2081 Bonum
828 2025 1020 2097 itaque
1072 2027 1173 2092 est,
1231 2024 1295 2081 de
1352 2026 1506 2083 nullo
1556 2027 1702 2083 male
1758 2028 1929 2100 loqui,
1978 2046 2150 2100 neque

499 2113 734 2170 libenter
759 2114 950 2171 audire
990 2114 1135 2170 male
1169 2113 1497 2186 loquentem.
1534 2115 1633 2171 Sin
1669 2132 1812 2180 vero.
1842 2122 1893 2173 et
1922 2119 2020 2190 qui
2047 2135 2149 2173 au-

497 2202 683 2271 dierit,
729 2218 853 2259 reus
908 2204 1014 2260 erit
1049 2205 1263 2275 peccati
1290 2204 1528 2260 hominis
1572 2205 1716 2260 male
1778 2205 2066 2277 loquentis,
2099 2208 2150 2262 si

496 2290 785 2347 crediderit
832 2292 1178 2349 oblocutioni.
1225 2293 1331 2361 Qui
1356 2294 1505 2349 enim
1532 2293 1729 2359 credet,
1781 2293 2005 2351 habebit
2046 2295 2148 2350 ad-

496 2395 682 2436 versus
702 2382 934 2453 fratrem
980 2397 1164 2437 suum.
1220 2382 1324 2437 Hic
1351 2398 1475 2453 ergo
1522 2398 1648 2438 reus
1688 2386 1767 2438 est
1789 2385 2005 2455 peccati
2055 2385 2148 2440 ho-

497 2470 668 2526 minis
696 2470 1047 2542 obloquentis.
1080 2470 1261 2543 Neque
1289 2473 1437 2526 enim
1462 2474 1675 2542 oportet
1721 2472 1935 2543 aliquid
1971 2472 2151 2529 dicere

507 2562 699 2615 contra
777 2561 1007 2630 fratrem
1067 2559 1339 2616 absentem
1388 2560 1773 2615 calumniandi
1828 2563 2146 2633 intentione,

506 2649 656 2719 quod
682 2655 761 2703 est
785 2648 1069 2704 obtocutio:
1110 2649 1238 2705 licet
1269 2664 1398 2704 vera
1425 2650 1537 2705 sint
1566 2666 1685 2721 qum
1720 2649 1981 2705 dicuntur
2010 2667 2033 2714 ;
2055 2651 2148 2707 sed

500 2738 688 2808 potius
733 2736 1097 2793 oblocutorem
1144 2739 1412 2793 aversari.
1448 2736 1487 2793 0
1532 2746 1800 2809 quantum
1845 2740 2151 2810 perniciosa

506 2829 587 2882 est
632 2824 914 2893 detractio,
977 2827 1290 2881 inconstans
1345 2827 1706 2894 (immanium,
1750 2843 2036 2899 nunquam
2092 2829 2151 2881 in

501 2928 643 2985 pace
695 2915 1017 2984 consistens,
1059 2914 1150 2970 sed
1202 2931 1412 2987 semper
1452 2916 1513 2970 in
1559 2914 1837 2973 discordia
1881 2922 2149 2973 manens!

576 3136 817 3193 Contine
848 3140 906 3194 te
934 3136 1006 3193 ab
1039 3136 1139 3193 illa
1186 3137 1297 3209 (16)
1354 3140 1411 3194 et
1463 3153 1693 3210 semper
1747 3156 1948 3212 pacem
2000 3139 2150 3196 habe

506 3242 641 3282 cum
664 3227 839 3283 fratre
869 3231 991 3283 tuo.
1025 3227 1206 3283 Indue
1235 3227 1627 3283 constantiam
1642 3232 1925 3296 sanctam,
1957 3229 2015 3284 in
2037 3246 2150 3301 qua

506 3313 669 3371 nulla
697 3318 838 3371 sunt
866 3319 1118 3387 peccata,
1142 3315 1244 3371 sed
1273 3316 1470 3372 omnia
1499 3315 1629 3372 leta
1660 3321 1818 3373 sunt.

2331 2028 2505 2085 Καλὸν
2553 2027 2644 2084 οὖν
2700 2030 2864 2103 ἐστιν,
2915 2029 3003 2086 ἐπὶ
3072 2029 3298 2104 μηδενὸς
3360 2027 3723 2101 καταλαλεῖν,
3777 2030 3913 2106 μηδὲ

2257 2114 2435 2188 ἠδὲως
2466 2118 2678 2173 ἀκούειν
2711 2117 3169 2182 καταλαλοῦντος.
3207 2118 3265 2175 Εἰ
3316 2116 3373 2174 δὲ
3415 2120 3515 2193 μή,
3546 2120 3641 2174 καὶ
3673 2120 3702 2174 ὁ
3752 2121 3912 2176 ἀκού-

2259 2229 2331 2263 ων
2392 2203 2582 2285 ἔνοχος
2631 2206 2774 2263 ἔσται
2824 2216 2923 2279 τῆς
2972 2208 3235 2286 ἁμαρτίας
3280 2213 3379 2263 τοῦ
3440 2207 3910 2278 καταλαλοῦντος,

2258 2298 2344 2354 ἐὰν
2393 2297 2649 2373 πιστεύσῃ
2695 2302 2763 2373 τῇ
2812 2298 3132 2371 καταλαλιᾷ.
3186 2301 3243 2354 Ὀ
3290 2298 3394 2374 γὰρ
3439 2300 3762 2373 πιστεύσας,
3811 2298 3911 2371 ἕξει

2261 2390 2395 2462 μετὰ
2426 2386 2519 2463 [ῗσ.
2548 2390 2705 2463 κατὰ]
2735 2393 2832 2444 τοῦ
2861 2387 3101 2468 ἀδελφοῦ
3131 2388 3318 2446 αὐτοῦ.
3351 2389 3520 2451 Οὗτος
3568 2387 3665 2443 οὗν
3713 2385 3910 2464 ἔνοχός

2259 2478 2367 2534 ἐστι
2414 2486 2515 2547 τῆς
2565 2478 2829 2553 ἁμαρτίας
2881 2483 2976 2533 τοῦ
3024 2477 3474 2539 καταλαλοῦντος.
3528 2476 3602 2531 Οὐ
3663 2475 3755 2532 δεῖ
3812 2479 3909 2555 γὰρ

2262 2570 2395 2641 μετᾶ
2426 2567 2655 2629 ἀπόντος
2678 2564 2915 2646 ἀδελφοῦ
2947 2565 3125 2643 λέγειν
3155 2571 3432 2640 τι,σκοπῷ
3457 2570 3555 2621 τοῦ
3586 2561 3909 2623 διαϐάλλειν

2259 2656 2439 2728 αὐτὸν,
2472 2656 2604 2731 ὅπερ
2649 2656 2787 2711 ἐστὶν
2818 2659 2853 2726 ἡ
2904 2654 3228 2727 καταλαλιὰ,
3261 2655 3357 2711 κᾶν
3411 2653 3591 2725 ἀληθῆ
3644 2655 3712 2709 τὰ
3754 2654 3914 2730 λεγό-

2262 2763 2410 2817 μενον
2449 2742 2594 2799 ἀλλὰ
2627 2743 2842 2817 μᾶλλον
2878 2743 3302 2823 ἀποστρέφεσθαι
3325 2745 3417 2799 τὸν
3466 2741 3909 2801 καταλαλοῧντα.

2257 2837 2320 2886 Ὦ
2348 2832 2513 2887 πόσον
2547 2834 2761 2908 πονηρά
2790 2830 2929 2887 ἐστιν
2963 2835 2997 2902 ἡ
3030 2831 3357 2905 καταλαλιᾶ,
3390 2832 3769 2886 ἀκατάστατον
3796 2830 3914 2886 δαι-

2263 2921 2470 2995 μόνιον,
2508 2918 2781 2995 μηδέποτε
2810 2920 3108 2997 εἷρηνεῦον,
3134 2919 3279 2976 ἀλλὰ
3307 2920 3537 2977 πάντοτε
3567 2919 3620 2976 ἐν
3656 2917 3914 2996 διχοστα-

2258 3011 2395 3073 σίαις
2425 3014 2710 3065 κατοικοῦν
2730 3012 2741 3066 l

2330 3137 2539 3211 ’Δπεχε
2596 3132 2685 3189 οὖν
2746 3135 2837 3189 ἀπ’
2892 3134 3081 3205 αὐτοῦ,
3139 3133 3229 3190 καὶ
3290 3134 3512 3212 εῖρήνην
3566 3130 3709 3205 ἔξεις
3776 3135 3909 3207 (sui

2258 3226 2495 3280 πάντων.
2546 3221 2797 3279 Ἔνδυσαι
2847 3221 2903 3278 δὲ
2943 3224 3041 3293 τὴν
3085 3222 3391 3293 ἁπλότητα,
3423 3222 3512 3278 καὶ
3562 3224 3666 3292 τὴν
3720 3220 3913 3297 σεμνό-

2256 3335 2413 3385 τητα,
2465 3313 2516 3367 ἐν
2580 3314 2659 3375 οἷς
2712 3309 2863 3367 οὐδὲν
2917 3312 3025 3368 ἐστι
3078 3312 3409 3389 πρόσκομμα
3453 3311 3725 3387 πονηρὸν,
3771 3310 3913 3367 ἀλλὰ

2258 3404 2427 3457 πάντα
2461 3399 2645 3475 ὁμαλὰ
2673 3400 2762 3455 καὶ
2792 3398 2977 3477 ἱλαρά.

577 3510 647 3566 Et
667 3510 905 3566 benefac
928 3511 996 3567 de
1019 3510 1322 3567 laboribus
1348 3511 1460 3582 (17)
1482 3511 1620 3567 tuis.
1644 3511 2214 3584 Omnibusinopibus
2236 3512 2311 3567 da
2341 3510 2705 3582 simpliciter,
2728 3508 2875 3564 nihil
2895 3509 3196 3581 dubitans,
3221 3508 3315 3564 cui
3345 3509 3470 3563 des.
3494 3508 3608 3564 Sed
3630 3507 3912 3563 omnibus

508 3598 582 3654 da
598 3614 611 3654 :
628 3599 901 3654 omnibus
913 3599 1068 3654 enim
1086 3600 1239 3655 Deus
1260 3600 1382 3655 dari
1405 3600 1527 3655 vult
1546 3601 1616 3656 de
1634 3600 1759 3656 suis
1776 3601 1965 3656 bonis.
1986 3601 2092 3667 Qui
2110 3617 2247 3673 ergo
2261 3600 2573 3671 accipiunt,
2590 3598 3127 3653 reddentrationem
3151 3604 3285 3668 Deo,
3331 3612 3512 3669 quare
3530 3600 3908 3667 acceperunt,

505 3690 563 3742 et
591 3688 662 3742 ad
693 3687 855 3760 quid.
881 3688 985 3752 Qui
1020 3692 1213 3744 autem
1253 3689 1549 3760 accipiunt
1596 3690 1731 3744 ﬁcta
1755 3690 2119 3756 necessitate,
2154 3690 2400 3745 reddent
2428 3687 2746 3754 rationem;
2779 3687 2877 3759 qui
2909 3690 3105 3743 autem
3127 3687 3244 3753 dat,
3278 3687 3560 3741 innocens
3591 3685 3726 3740 erit.
3748 3686 3912 3741 Sicut

503 3775 660 3834 enim
691 3774 911 3848 accepit
941 3794 975 3833 a
1003 3777 1268 3843 Domino,
1296 3778 1686 3833 ministerium
1719 3778 2166 3846 consummavit,
2200 3778 2346 3834 nihil
2392 3777 2714 3833 dubitando
2762 3777 2853 3831 cui
2893 3776 3079 3844 daret,
3102 3780 3160 3833 et
3186 3776 3279 3831 cui
3322 3791 3436 3830 non
3467 3775 3636 3829 daret
3664 3774 3783 3845 (18)
3810 3791 3824 3840 ;
3859 3776 3913 3827 et

502 3864 638 3921 fecit
661 3864 770 3921 hoc
809 3864 1199 3921 ministerium
1230 3865 1574 3937 simpliciter
1602 3871 1660 3922 et
1700 3866 1951 3938 gloriose
2001 3867 2071 3922 ad
2096 3867 2297 3923 Deum.
2323 3865 2559 3922 Custodi
2594 3882 2730 3937 ergo
2771 3865 3114 3920 mandatum
3146 3865 3275 3933 hoc,
3301 3864 3453 3920 sicut
3506 3862 3615 3917 tibi
3672 3860 3906 3918 locutus

503 3972 669 4025 sum;
707 3959 768 4011 ut
792 3954 1131 4029 pmnitentia
1158 3959 1259 4011 tua
1288 3954 1537 4028 simplex
1565 3955 1915 4027 inveniatur,
1948 3960 2002 4011 et
2026 3955 2211 4028 possit
2241 3955 2440 4012 domui
2462 3961 2575 4010 tua;
2608 3955 2753 4010 bene
2784 3954 2910 4009 fieri
2935 3970 2949 4023 ;
2982 3959 3039 4008 et
3067 3970 3166 4009 cor
3196 3952 3481 4008 mundum
3512 3951 3692 4008 habe.

1821 4095 2170 4156 ANTIOCHUS,
2211 4090 2445 4145 homilia
2481 4089 2571 4143 98.

572 4196 784 4249 Bonum
812 4196 986 4266 igitur
1011 4204 1110 4262 est,
1167 4195 1235 4251 de
1282 4197 1525 4267 propriis
1554 4196 1832 4252 laboribus
1859 4212 1985 4268 quae
2022 4214 2147 4267 sup-

495 4282 766 4354 peditavit
793 4284 953 4348 Deus,
1003 4284 1253 4338 omnibus
1293 4285 1549 4355 inapibus
1598 4284 1733 4339 dare
1779 4285 2145 4355 simpliciter,-

500 4372 647 4427 nihil
675 4371 990 4442 dubitando,
1032 4374 1123 4427 cui
1149 4371 1263 4440 des,
1295 4375 1387 4427 cui
1411 4390 1519 4429 non
1547 4373 1657 4430 des.
1690 4373 1955 4429 Omnibus
1998 4375 2147 4430 enim

499 4461 643 4517 Deus
661 4459 786 4516 dari
814 4461 927 4516 vult
955 4460 1023 4516 de
1068 4462 1182 4516 suis
1210 4461 1400 4517 donis:
1429 4478 1538 4518 non
1586 4466 1775 4519 autem
1822 4479 2146 4535 quemquam

501 4548 775 4617 dubitare,
805 4551 899 4604 cui
924 4548 1031 4618 det,
1063 4548 1157 4605 vel
1183 4552 1276 4605 cui
1303 4566 1417 4607 non
1445 4551 1560 4607 det.
1598 4553 1706 4607 Hoc
1734 4568 1935 4624 quippe
1978 4553 2147 4608 mini-

500 4639 733 4694 sterium
750 4638 1082 4709 simpliciter
1102 4640 1333 4709 factum,
1364 4640 1665 4709 gloriosum
1680 4645 1755 4696 est
1782 4642 1928 4713 apud
1949 4642 2148 4698 Deum:

502 4732 557 4784 et
577 4728 675 4801 qui
704 4728 784 4783 ita
809 4724 1142 4799 simpliciter
1160 4729 1463 4799 ministrat,
1495 4731 1639 4785 vivet
1664 4730 1790 4785 Deo.

2332 4192 2507 4250 Καλὸν
2555 4191 2646 4248 οὖν
2688 4192 2848 4265 ἐστιν,
2882 4191 2941 4247 ὲιι
2980 4196 3090 4247 τῶν
3144 4189 3296 4247 ἰδίων
3346 4191 3552 4263 κόπων,
3588 4191 3662 4246 ὧν
3709 4193 3737 4248 ὁ
3790 4192 3913 4255 Sed:

2256 4286 2601 4359 ἐπιχορηγεῖ,
2644 4287 2802 4336 πᾶσιν
2876 4279 3291 4354 ὑστερουμένοις
3355 4279 3612 4356 παρέχειν
3694 4280 3901 4349 ἁπλῶς,

2259 4370 2428 4445 μηδὲν
2478 4369 2815 4442 διστάζοντα,
2846 4369 2950 4425 τίνι
3000 4367 3129 4443 δῷς,
3159 4368 3265 4425 τίνι
3321 4372 3396 4442 μή
3448 4367 3577 4441 δῷς.
3612 4374 3751 4425 Haec
3807 4371 3906 4447 γὰρ

2256 4462 2285 4516 ὁ
2315 4460 2444 4523 Θεὸς
2493 4458 2740 4525 δίδοσθαι
2788 4458 2933 4515 θέλει
2985 4459 3044 4514 ἐκ
3088 4463 3193 4514 τῶν
3228 4456 3379 4513 ἰδίων
3416 4455 3789 4535 δωρημάτων,
3818 4460 3903 4515 καὶ

2259 4551 2335 4623 μὴ
2371 4547 2661 4625 διακρῖναι,
2690 4547 2797 4603 τίνι
2831 4544 2929 4620 δῷ,
2962 4547 2997 4618 ἢ
3030 4546 3135 4603 τίνι
3171 4548 3247 4621 μὴ
3280 4546 3377 4620 δῷ.
3408 4548 3473 4605 Ἡ
3517 4547 3622 4624 γὰρ
3656 4545 3901 4604 διακονία

2258 4638 2390 4709 αὕτη
2443 4638 2631 4700 ἁπλῶς
2682 4636 3010 4707 τελεσθεῖσα,
3059 4634 3271 4708 ἔνδοξος
3333 4636 3565 4714 ὑπάρχει
3630 4638 3783 4710 παρὰ
3826 4642 3900 4711 τῷ

2257 4727 2514 4802 Θεῷοκαί
2570 4728 2744 4791 οὕτως
2804 4727 2992 4791 ἁπλῶς
3051 4726 3336 4803 διακονῶν,
3366 4733 3446 4802 τῷ
3497 4732 3614 4802 Θεῷ
3658 4731 3897 4800 ζήσεται.

1667 4853 1908 4909 νΑΒΙιἘ
1946 4854 2327 4911 LECTIONES
2359 4856 2449 4912 ET
2490 4854 2721 4912 NOTIE.

497 4966 761 5041 continet,
813 4980 957 5041 cuni
986 4966 1131 5041 solus
1174 4968 1291 5041 ipse
1339 4970 1613 5026 contineri
1660 4978 1916 5041 nequeat.
1964 4968 2145 5025 Paulo

496 5037 664 5094 aliter
693 5040 896 5092 auctor
923 5037 1347 5095 Prwdicationis
1388 5042 1541 5097 Petri
1576 5037 1754 5097 anud‘
1786 5040 2144 5097 Clementem

496 5057 664 5094 auter
693 5057 896 5092 auctor
923 5057 1347 5095 rraeaicauonis
1388 5057 1539 5097 rem
1576 5059 1608 5097 a
1653 5057 1728 5095 ua
1786 5057 2141 5097 Clementem

492 5108 650 5198 βιοῖς.
686 5112 908 5198 Στρωμ.
942 5109 1058 5195 111)ζ
1078 5127 1155 5177 v1,
1192 5128 1318 5184 cap.
1353 5113 1408 5180 5,
1443 5128 1575 5185 pag.
1608 5057 1753 5167 959:
1788 5110 2141 5186 Ἀχώρητος,

494 5196 553 5241 ος
660 5197 1032 5254 πανταᾉχωρε
1042 5200 1075 5235 ι.
1087 5222 1100 5235 .

564 5251 675 5321 (10)
704 5251 789 5307 Ita
845 5251 1035 5308 Folius
1090 5268 1159 5308 ex
1206 5252 1367 5309 Bodl.
1412 5257 1469 5310 et
1507 5254 1710 5311 Lamb.
1744 5254 1895 5310 Editi
1926 5270 2144 5309 omnem

495 5324 825 5393 nequitiam.

566 5393 679 5468 (11)
711 5394 805 5468 Sic
835 5396 987 5468 recte
1020 5394 1225 5468 Lamb.
1257 5400 1314 5451 et
1340 5395 1490 5452 Vict.
1545 5396 1637 5453 Sic
1685 5413 1920 5468 quoque
1949 5395 2141 5453 Fellus

499 5467 556 5520 et
588 5465 809 5519 Fabric.
840 5463 907 5518 ΑΙ
940 5465 1086 5520 inde.

571 5535 683 5611 αξ)
715 5540 799 5611 _E_.c
828 5535 1395 5611 Doctr._adAntioch.,
1424 5555 1585 5593 num.
1618 5539 1671 5609 2,
1704 5555 1839 5611 pag.
1872 5539 1999 5593 253.

500 5604 856 5731 GrggzMss.
887 5604 1056 5680 Angl.
1106 5609 1346 5678 infantes
1380 5604 1497 5681 ’qui
1523 5604 1819 5674 nesciunt";
1878 5611 2030 5667 sicut
2088 5616 2145 5668 et

552 5691 716 5732 mea.

2354 4971 2440 5056 εξ)
2464 4971 2905 5056 Ρβωέι.ρενςίίι·

2298 5040 2344 5166 t(
2352 5040 2439 5112 15)
2464 5040 2823 5168 Istafdelibat
2841 5048 2899 5100 et
2913 5046 3223 5118 exaggerat
3241 5042 3565 5100 Antiochus
3585 5040 3794 5099 homil.
3809 5041 3895 5110 29,

2351 5129 2481 5168 mox
2507 5130 2564 5167 1n
2597 5131 2679 5168 ra.

2255 5128 2319 5166 ιιι
2351 5129 2481 5168 mox
2507 5128 2679 5169 Intra.

2325 5185 2375 5254 (1
2419 5188 2439 5253 )
2462 5184 2603 5257 Mss.
2628 5184 2795 5257 Angl.
2819 5186 3044 5242 Abstine
3060 5186 3191 5241 teab
3210 5187 3305 5242 illo
3329 5184 3686 5257 (daemonia)
3704 5185 3894 5242 Greca

2254 5256 2433 5310 Doctr.
2466 5256 2561 5332 ad_
2590 5256 2837 5332 antioch.
2887 5258 3000 5313 sic:
3046 5258 3274 5332 Abstine
3302 5262 3354 5332 te
3381 5263 3570 5332 igitur
3596 5256 3675 5313 ab
3720 5273 3803 5332 ea,
3834 5262 3898 5332 _e_t

2251 5343 2441 5397 pacem
2470 5326 2687 5382 habebis
2723 5344 2845 5382 cum
2896 5330 3172 5384 omnibus.
3231 5326 3425 5385 Indue'
3445 5334 3633 5384 autem
3683 5328 3890 5398 simpli-

2252 5403 2468 5472 citatem
2496 5406 2546 5453 et
2584 5398 2942 5472 honestatem,
2974 5401 3035 5454 in
3064 5400 3259 5471 quibus
3288 5402 3508 5456 nullum
3531 5403 3617 5472 est
3674 5398 3893 5472 oﬂendi-

2251 5471 2437 5544 culum
2475 5469 2711 5544 malum,
2746 5470 3041 5544 sediomnia
3069 5469 3241 5544 plana
3260 5476 3309 5527 et
3328 5471 3597 5544 jucunda.

2253 5542 2437 5667 110(11):)
2488 5541 2677 5665 9lgodl.
2753 5541 3111 5598 dalatoribus.
3196 5541 3341 5599 Haac'
3381 5545 3519 5599 item
3572 5546 3889 5608 Antiochus

2296 5628 2457 5667 omn.
2488 5628 2579 5667 νδ.

2321 5682 2435 5755 (18)
2467 5682 2670 5741 Lamb.
2702 5684 2794 5741 cui
2812 5684 2965 5755 dare,
2994 5686 3090 5743 cui
3114 5685 3395 5747 uendere.
