4036 6344
138 395 278 458 917

1173 390 1503 461 PASTOR.
1536 429 1615 445 -—
1647 397 1796 461 LIB.
1844 398 1920 472 II,
1972 400 2421 467 MANDATUM
2465 400 2566 466 IV.

3445 396 3565 460 918

1577 567 1987 624 MANDATUM
2048 570 2143 625 III.

877 678 956 730 De
984 673 1243 747 fugiendo
1271 673 1575 747 mendacio,
1633 679 1685 731 et
1732 680 1957 734 Hennae
1980 679 2312 749 paenitentia
2335 679 2399 735 ob
2431 678 2854 736 simulationem.

1573 799 1809 856 CAPUT
1856 799 2154 857 UNICUM.

231 901 347 973 (19)
378 898 666 971 Ἀλήθειαν
716 901 912 978 ἀγάπα,
961 902 1050 958 καὶ
1099 910 1243 958 πᾶσα
1296 903 1525 974 ἀλήθεια
1587 904 1647 959 ἐκ
1707 909 1804 959 τοῦ

149 986 432 1062 στόματός
486 1010 581 1044 σου
630 989 1020 1067 ἐκπορευέσθω,
1056 990 1148 1047 ’ἱνα
1192 994 1254 1047 τὸ
1305 997 1517 1066 πνεῦμα
1545 992 1640 1048 τοῦ
1672 998 1804 1049 Θεοῦ

145 1082 390 1152 κατοικῇ
423 1100 529 1135 σοι.
561 1112 628 1121 —
657 1081 719 1134 Οἱ
751 1081 853 1156 γὰρ
891 1078 1208 1155 ψευδόμενοι
1242 1083 1489 1145 ἀθετοῦσι
1533 1083 1624 1137 τὸν
1657 1083 1803 1139 Θεόν.

146 1198 230 1209 --
259 1163 494 1223 Ἔλαϐον
523 1169 624 1246 γὰρ
673 1175 885 1243 πνεῦμα
925 1170 1201 1239 ἀληθείας,
1234 1170 1322 1225 καὶ
1363 1170 1608 1247 ἐγένοντο
1650 1171 1804 1242 οἰκη-

146 1258 326 1331 τήρια
352 1262 449 1312 τοῦ
480 1257 741 1329 ἀληθινοῦ
771 1259 1098 1333 πνεύματος.

1987 906 2199 963 Iterum
2235 908 2379 963 mihi
2420 909 2595 965 dixit:
2658 908 2969 964 Veritatem
3026 908 3221 981 dilige,
3254 912 3313 964 et
3368 903 3560 962 omnis

1915 1010 2106 1050 sermo
2147 1013 2317 1052 verus
2349 998 2461 1067 (20)
2493 1014 2561 1051 ex
2590 1013 2688 1052 ore
2716 1002 2816 1054 tuo
2848 997 3152 1069 procedat;
3216 1001 3280 1051 ut
3318 995 3558 1066 spiritus

1916 1101 2091 1155 quem
2130 1085 2414 1140 Dominus
2434 1085 2737 1141 constituit
2763 1086 2823 1141 in
2844 1102 3017 1141 carne
3046 1089 3168 1153 tua,
3202 1102 3375 1140 verax
3405 1084 3559 1138 inve-

1917 1174 2113 1229 niatur
2142 1175 2294 1245 apud
2327 1180 2569 1230 cunctos
2601 1174 2867 1231 homines
2899 1196 2918 1241 ;
2949 1179 3006 1231 et
3023 1174 3303 1229 Dominus
3331 1172 3557 1244 magni-

1918 1261 2139 1329 ﬁcetur,
2173 1262 2273 1334 qui
2304 1263 2462 1319 dedit
2518 1263 2789 1335 spiritum
2841 1263 2900 1318 in
2940 1267 2998 1319 te
3028 1264 3138 1336 (21)
3167 1281 3180 1332 ;
3214 1263 3353 1336 quia
3410 1267 3559 1318 Deus

148 1363 335 1403 verax
360 1349 527 1405 estin
560 1350 939 1419 omniverbo,
971 1355 1028 1407 et
1055 1368 1168 1406 non
1203 1355 1292 1406 est
1321 1350 1691 1406 mendacium
1727 1350 1786 1405 in
1822 1351 1967 1422 ipso.
2003 1351 2109 1414 Qui
2142 1368 2275 1423 ergo
2311 1352 2698 1421 mentiuntur,
2741 1352 3030 1425 abnegant
3075 1353 3408 1421 Dominum,
3442 1369 3557 1408 non

153 1435 475 1493 reddentes
496 1442 611 1494 Deo
641 1439 966 1511 depositum
1002 1440 1156 1512 quod
1187 1444 1535 1511 acceperunt
1560 1440 1694 1511 (22).
1725 1442 2087 1511 Acceperunt
2119 1442 2274 1497 enim
2298 1442 2569 1512 spiritum
2603 1442 2729 1498 sine
2759 1441 3080 1499 mendacio.
3114 1441 3278 1497 Hunc
3309 1441 3359 1497 si
3398 1457 3557 1497 men-

156 1523 369 1581 daeem
396 1528 668 1597 reddunt,
695 1528 1078 1601 coinquinant
1107 1530 1451 1584 mandatum
1476 1529 1727 1600 Domini,
1751 1534 1807 1583 et
1829 1530 2189 1587 fraudatores
2219 1531 2385 1587 fiunt.

1489 1664 1830 1731 ANTIOCHUS,
1876 1661 2104 1718 homilia
2129 1664 2218 1719 66.

234 1766 352 1839 Χρὴ
403 1762 494 1820 οὗν
540 1770 710 1820 πᾶσαν
759 1763 1014 1837 ἀλήθειαν
1063 1764 1122 1821 ἐκ
1164 1770 1261 1822 τοῦ
1292 1766 1558 1840 στόματος
1584 1771 1681 1821 τοῦ
1713 1767 1805 1821 ἀν-

157 1854 384 1930 θρώπου
414 1852 813 1930 ἐκπορεύεσθαι,
838 1852 930 1909 ’ἶνα
970 1856 1033 1910 τὸ
1078 1859 1308 1929 πνεῦμα,
1342 1856 1369 1910 ὀ
1401 1856 1428 1910 6
1458 1857 1586 1918 Θεὸς
1629 1856 1805 1928 κατῴ-

156 1964 325 2014 κησεν
373 1942 423 1998 ἐν
472 1947 542 2017 τῇ
566 1944 724 2019 σαρκὶ
748 1942 934 2017 ταύτῃ,
967 1942 1169 2014 ἀληθὲς
1218 1945 1409 2020 εὑρεθῇ
1457 1945 1603 2019 παρὰ
1647 1950 1805 1998 πᾶσιν

157 2034 490 2107 ἀνθρώποις,
520 2032 611 2088 καὶ
641 2032 812 2095 οὕτως
859 2030 1088 2107 δοξασθῇ
1122 2033 1150 2087 6
1181 2032 1399 2109 Κύριος,
1433 2033 1461 2087 6
1492 2033 1541 2086 ἐν
1586 2034 1665 2106 τῷ
1712 2033 1802 2088 ἀν-

162 2124 373 2198 θρώπῳ
404 2127 695 2178 κατοικῶν·
737 2121 819 2176 ὅτι
852 2122 879 2176 6
912 2121 1108 2197 Κύριος
1136 2120 1397 2191 ἀληθινὸς
1429 2121 1479 2176 ἐν
1518 2122 1674 2177 παντὶ
1712 2122 1806 2198 ῥή-

166 2232 320 2286 ματι,
350 2210 439 2266 καὶ
471 2208 622 2266 οὐδὲν
654 2213 779 2287 παρ’
810 2210 955 2283 αὐτῷ
984 2208 1197 2285 ψεῦδος.
1230 2212 1291 2265 Οἱ
1341 2208 1430 2265 οὖν
1482 2207 1802 2284 ψευδόμενοι

164 2302 413 2356 ἀθετοῦσι
458 2301 549 2355 τὸν
600 2299 821 2376 Κύριον,
861 2298 950 2355 καί
995 2299 1228 2376 γίνονται
1289 2299 1652 2375 ἀποστερηταὶ
1707 2305 1804 2355 τοῦ

162 2391 393 2465 Κυρίου,
446 2390 522 2463 μή
579 2387 925 2452 ἀποδιδόντες
992 2389 1138 2462 αὐτῷ
1187 2390 1286 2458 τὴν
1352 2391 1673 2465 παραθήκην
1741 2392 1805 2461 ἢν

162 2474 385 2536 ἔλαϐον.
436 2476 669 2534 Ἕλαϐον
718 2478 819 2556 γὰρ
879 2482 1092 2551 πνεῦμα
1160 2475 1443 2553 ἄψευστον⁸
1488 2483 1648 2533 τοῦτο
1716 2478 1802 2533 ἐὰν

162 2567 357 2645 ψευδὲς
406 2566 779 2642 ἀποδώσωσιν,
829 2567 1050 2642 ἐμίαναν
1093 2568 1192 2637 τὴν
1236 2571 1334 2622 τοῦ
1382 2571 1515 2623 Θεοῦ
1564 2570 1805 2645 παραθή-

161 2680 293 2730 κην,
322 2659 411 2713 καὶ
444 2656 681 2734 ἐγένοντο
719 2656 1101 2734 ἀποστερηταί.

1990 1770 2207 1842 Oportet
2238 1787 2385 1840 ergo,
2419 1774 2477 1826 ut
2505 1772 2686 1828 omnis
2707 1772 2910 1827 veritas
2934 1786 3003 1827 ea:
3030 1786 3123 1826 ore
3152 1771 3387 1827 hominis
3427 1788 3558 1843 pro-

1913 1857 2101 1914 cedat:
2128 1868 2187 1913 ut
2212 1862 2443 1930 spiritus
2471 1876 2628 1931 quem
2688 1865 2829 1915 Deus
2851 1860 3125 1915 constituit
3146 1862 3208 1915 in
3236 1876 3401 1916 carne
3431 1861 3555 1929 hac,

1914 1963 2087 2003 verax
2111 1948 2431 2003 inveniatur
2479 1949 2625 2019 apud
2652 1956 2868 2003 cunctos
2904 1949 3180 2016 homines;
3233 1952 3283 2004 et
3336 1952 3416 2004 sic
3452 1950 3554 2005 Do-

1914 2038 2101 2091 minus
2157 2039 2560 2107 magniﬁcetur,
2613 2039 2708 2108 qui
2764 2040 2823 2092 in
2853 2038 3074 2093 homine
3130 2037 3373 2093 habitat:
3423 2040 3556 2109 quia

1914 2127 2177 2180 Dominus
2204 2142 2373 2199 verax
2400 2136 2479 2181 est
2509 2128 2568 2180 in
2606 2129 2759 2182 omni
2814 2126 2989 2192 verbo,
3046 2130 3097 2181 et
3124 2142 3233 2181 non
3264 2137 3345 2182 est
3396 2143 3551 2183 men-

1914 2214 2131 2269 dacium
2154 2217 2216 2270 in
2248 2218 2383 2286 ipso.
2409 2216 2511 2283 Qui
2538 2231 2666 2284 ergo
2694 2218 3055 2285 mentiuntur,
3122 2217 3396 2286 abnegant
3444 2218 3551 2271 Do-

1914 2306 2148 2370 minam,
2179 2312 2228 2358 et
2258 2307 2396 2367 [iuni
2423 2305 2772 2374 fraudatores
2816 2306 3054 2372 Domini,
3112 2321 3220 2359 non
3264 2305 3552 2361 recidentes

1914 2394 1966 2448 ei
1994 2392 2299 2464 depositum
2337 2394 2475 2464 quod
2503 2403 2841 2465 acceperunt.
2892 2394 3221 2465 Acceperunt
3267 2395 3414 2449 enim
3443 2395 3557 2465 spi-

1914 2483 2085 2536 ritum
2116 2483 2233 2536 sine
2278 2481 2602 2537 mendacio:
2634 2482 2781 2539 hunc
2836 2483 2887 2538 si
2938 2482 3252 2538 mendacem
3302 2483 3559 2550 reddunt,

1912 2572 2275 2641 coinquinant
2302 2571 2625 2626 mandatum
2653 2588 2747 2627 seu
2768 2573 3078 2644 depositum
3110 2573 3227 2643 Dei,
3259 2582 3310 2629 et
3330 2573 3563 2645 frauda-

1915 2668 2054 2715 tores
2075 2661 2235 2729 ﬁunt.

241 2750 345 2805 His
374 2748 612 2820 auditis,
635 2765 739 2821 ego
759 2749 1129 2804 vehementer
1159 2748 1271 2819 (23)
1296 2748 1444 2803 ﬂevi.
1473 2747 1581 2814 Qui
1608 2764 1740 2803 cum
1772 2749 2007 2804 ﬂentem
2034 2764 2126 2803 me
2157 2748 2394 2813 videret,
2430 2748 2573 2804 dixit
2616 2749 2761 2804 mihi
2796 2766 2809 2804 :
2835 2749 2982 2815 Quid
3014 2749 3253 2822 ploras?
3281 2751 3353 2806 Et
3408 2751 3525 2807 dixi
3550 2769 3564 2809 :

167 2837 479 2906 Quoniam,
512 2838 765 2904 domine,
798 2838 989 2893 nescio
1022 2854 1095 2892 an
1121 2836 1344 2908 possim
1365 2835 1561 2892 salvus
1591 2852 1739 2892 esse.
1772 2839 1979 2906 Quare,
2012 2837 2207 2908 inquit
2230 2837 2257 2891 ‘?
2282 2838 2348 2892 Et
2374 2837 2491 2891 dixi
2517 2855 2529 2893 :
2557 2838 2703 2904 Quia
2733 2855 3058 2909 nunquam,
3091 2839 3345 2907 domine,
3368 2857 3569 2897 verum

169 2928 408 2984 loeutus
437 2944 571 2982 sum
603 2928 844 2982 verbum
877 2926 937 2981 in
961 2927 1075 2981 vita
1095 2942 1247 2994 mea,
1270 2925 1371 2981 sed
1393 2941 1625 2996 semper
1654 2925 1714 2981 in
1755 2926 1867 2997 (24)
1898 2926 2272 2982 simulatione
2307 2925 2442 2992 vixi,
2475 2931 2534 2981 et
2588 2927 2956 2983 mendacium
2987 2944 3090 2999 pro
3122 2928 3362 2985 veritate
3414 2930 3570 2986 afﬁr-

170 3015 326 3070 mavi
355 3016 469 3087 (25)
493 3015 808 3084 omnibus;
840 3020 897 3071 et
919 3032 1033 3071 non
1058 3014 1202 3070 mihi
1224 3014 1540 3086 quisquam
1574 3015 1943 3083 contradixit,
1984 3015 2085 3069 sed
2110 3015 2255 3070 ﬁdes
2302 3014 2504 3070 habita
2534 3020 2622 3070 est
2653 3015 2823 3071 verbo
2854 3031 3008 3072 meo.
3049 3018 3171 3082 Quo
3205 3018 3375 3073 modo
3434 3034 3571 3091 ergo

168 3108 370 3176 potero
398 3105 608 3176 vivere,
660 3121 791 3160 cum
833 3104 917 3160 sic
965 3103 1232 3177 egerim?
1279 3104 1349 3158 Et
1393 3103 1537 3159 dixit
1580 3102 1769 3158 mihi:
1824 3105 1909 3159 Tu
1944 3104 2182 3175 quidem
2215 3104 2359 3159 bene
2405 3108 2461 3160 et
2510 3119 2639 3159 vere
2667 3103 2870 3159 sentis.
2926 3104 3239 3176 Oportebat
3285 3106 3441 3161 enim
3489 3112 3566 3175 te,

171 3193 324 3249 sicut
351 3192 454 3249 Dei
484 3210 740 3261 servum,
765 3193 825 3248 in
848 3193 1086 3248 veritate
1110 3192 1431 3260 ambulare,
1456 3196 1512 3247 et
1541 3192 1756 3248 malam
1790 3192 2204 3248 conscientiam
2262 3208 2392 3247 cum
2452 3191 2664 3265 spiritu
2720 3192 2979 3248 veritatis
3038 3209 3153 3249 non
3193 3195 3565 3267 conjungere,

170 3298 278 3338 nec
310 3282 610 3339 tristitiam
669 3282 911 3356 Spiritui
970 3282 1071 3337 Dei
1113 3285 1314 3337 sancto
1345 3286 1402 3336 et
1430 3297 1565 3335 vero
1614 3281 1799 3335 facere
1829 3280 1892 3335 73.
1929 3281 1993 3335 Et
2019 3280 2134 3335 dixi
2181 3279 2303 3336 illi:
2339 3284 2696 3352 Numquam,
2756 3280 3011 3350 domine,
3050 3280 3173 3337 haec
3218 3283 3393 3337 verba
3448 3286 3565 3339 tam

168 3369 487 3444 diligenter
513 3371 725 3428 audivi.
755 3372 823 3427 Et
851 3370 993 3425 dixit
1024 3369 1167 3425 mihi
1196 3388 1209 3426 :
1266 3369 1428 3424 Nunc
1459 3370 1647 3424 audis.
1706 3369 1857 3424 Cura
1904 3370 2176 3441 deinceps
2216 3371 2347 3441 (26),
2377 3372 2441 3423 ut
2469 3374 2525 3424 et
2568 3368 2669 3423 illa
2698 3385 2824 3439 qua:
2853 3368 3015 3440 prius
3044 3368 3275 3426 locutus
3304 3387 3366 3427 es
3422 3371 3567 3428 falsa

167 3476 275 3532 pro
292 3460 538 3532 negotiis
567 3460 707 3531 tuis,
734 3459 826 3515 his
845 3460 1037 3515 verbis
1065 3464 1122 3514 et
1149 3458 1250 3513 illa
1280 3458 1451 3513 fidem
1486 3457 1918 3529 recipiant(27).
1944 3462 2196 3512 Possunt
2225 3458 2378 3511 enim
2413 3462 2472 3512 et
2500 3456 2786 3512 illaﬁdem
2804 3457 3079 3530 recipere,
3107 3457 3154 3511 si
3176 3475 3309 3513 vera
3338 3458 3569 3516 locutus

240 3548 363 3602 Ἐὰν
423 3545 514 3601 οὖν
562 3547 660 3615 τὴν
724 3545 983 3617 ἀλήθειαν
1052 3542 1313 3623 φυλάξῃς,
1362 3542 1560 3618 δυνήσῃ
1610 3549 1813 3615 σεαυτῷ

171 3637 317 3706 ζωὴν
349 3637 821 3709 περιποιήσασθαι.

166 3729 395 3797 datum,
422 3730 479 3783 et
503 3726 721 3795 fecerit,
752 3729 808 3781 et
835 3724 1139 3783 recesserit
1160 3742 1193 3781 a
1217 3724 1535 3792 mendacio,
1570 3723 1719 3780 vivet
1742 3723 1876 3780 Deo.

1924 3547 2104 3601 fueris
2134 3547 2409 3617 deinceps
2442 3564 2456 3602 :
2487 3552 2542 3600 et
2573 3548 2623 3600 si
2653 3546 2954 3601 veritatem
2985 3548 3325 3615 servaveris,
3352 3550 3569 3619 poteris

1921 3634 2096 3691 vitam
2157 3637 2458 3707 consequi.
2490 3636 2559 3691 Et
2599 3636 2934 3707 quicunque
2966 3636 3217 3692 audierit
3246 3636 3353 3693 hoc
3403 3654 3570 3693 man-

1587 3866 1986 3922 MANDATUM
2042 3870 2140 3920 IV.

1514 3974 1591 4028 De
1618 3971 1943 4028 dimittenda
1972 3972 2241 4028 adultera.

1706 4096 1940 4187 CAPUT
2002 4099 2045 4153 Ι.

245 4210 361 4283 (28)
394 4204 645 4262 Φύλασσε
685 4205 783 4275 τὴν
829 4202 1057 4280 ἁγνείαν,
1105 4203 1195 4258 καὶ
1248 4204 1324 4276 μὴ
1374 4202 1682 4276 ἀναμενὲτω
1729 4201 1816 4257 ἐπὶ

170 4300 273 4368 τήν
306 4294 529 4371 καρδίαν
563 4317 658 4350 σου
685 4294 808 4367 περὶ
840 4293 1092 4369 γυναικὸς
1121 4289 1442 4367 ἀλλοτρίας,
1465 4292 1500 4360 ἢ
1531 4292 1656 4368 περὶ
1685 4311 1819 4365 πορ-

173 4388 319 4450 νείας
375 4387 544 4453 τινὸς,
576 4385 611 4454 ἢ
647 4383 770 4460 περὶ
805 4381 1068 4437 τοιούτων
1127 4380 1429 4453 ὀνομάτων
1496 4384 1661 4434 τοῦτο
1716 4382 1817 4456 γὰρ

174 4481 349 4534 ποιῶν
380 4474 644 4551 ἁμαρτίαν
680 4470 921 4549 μεγάλην
948 4470 1165 4546 ἐργάζῃ.
1229 4468 1401 4524 Βλὲπε
1443 4468 1554 4524 οὖν·
1610 4468 1818 4544 ἀπέχου

178 4566 285 4623 ἀπὸ
312 4572 412 4635 τῆς
445 4564 791 4635 ἐνθυμήσεως
817 4559 1037 4626 ταύτης.

2003 4204 2237 4271 Mando,
2275 4202 2373 4269 ait,
2404 4202 2532 4270 tibi,
2568 4205 2633 4258 ut
2663 4200 2991 4258 castitatem
3018 4200 3336 4267 custodias,
3367 4203 3424 4258 et
3453 4218 3567 4257 non

1931 4294 2208 4349 ascendat
2237 4292 2342 4347 tibi
2367 4291 2640 4363 cogitatio
2654 4290 2843 4346 cordis
2867 4291 2936 4345 de
2967 4289 3152 4345 alieno
3176 4290 3567 4359 matrimonio,

1931 4388 2034 4438 aut
2064 4384 2133 4436 de
2159 4383 2538 4437 fornicatione
2564 4398 2577 4449 ;
2611 4380 2730 4434 hmo
2762 4379 2919 4435 enim
2951 4379 3101 4452 parit
3130 4380 3244 4450 (29)
3265 4386 3570 4452 peccatum

1932 4489 2231 4543 magnum.
2263 4471 2348 4525 Tu
2380 4476 2573 4524 autem
2624 4484 2854 4540 semper
2883 4485 3108 4524 memor
3136 4473 3260 4523 esto
3318 4468 3570 4531 Domini,

1930 4560 2205 4615 omnibus
2254 4559 2413 4613 horis
2440 4562 2530 4624 ;et
2554 4574 2853 4629 nunquam
2878 4557 3164 4627 peccabis.
3195 4556 3253 4610 Si
3274 4556 3428 4611 enim
3454 4558 3573 4612 haec

178 4656 455 4729 cogitatio
483 4654 542 4708 in
576 4670 675 4709 cor
704 4656 875 4708 tuum
906 4650 1232 4706 ascenderit
1277 4654 1397 4705 tam
1426 4648 1603 4717 mala,
1648 4665 1927 4720 magnum
1960 4654 2260 4721 peccatum
2286 4647 2464 4702 facis:
2498 4652 2553 4700 et
2583 4646 2681 4717 qui
2730 4645 2849 4700 haec
2880 4644 3121 4715 faciunt,
3161 4644 3316 4699 viam
3367 4643 3573 4699 mortis

178 4748 525 4819 sequuntur.
551 4742 696 4797 Vide
725 4756 862 4813 ergo
892 4743 954 4795 tu
982 4757 996 4809 ;
1030 4739 1329 4795 abstinete
1360 4739 1431 4793 ab
1454 4738 1562 4793 hac
1593 4738 1957 4810 cogitatione.
1982 4737 2091 4792 Ubi
2120 4736 2273 4791 enim
2306 4735 2564 4799 castitas,
2601 4739 2798 4789 manet
2825 4733 2885 4787 in
2916 4734 3086 4788 corde
3130 4732 3386 4788 hominis
3398 4733 3572 4803 justi,

180 4849 491 4907 nunquam
513 4831 624 4905 (30)
652 4829 734 4885 ibi
757 4829 1066 4886 ascendere
1095 4827 1265 4885 debet
1292 4827 1562 4899 cogitatio
1586 4827 1758 4883 mala.
1793 4827 1863 4882 Et
1890 4824 2008 4882 dixi
2038 4824 2157 4880 illi:
2192 4824 2457 4889 Domine,
2490 4822 2757 4894 permitte
2788 4836 2880 4876 me
2922 4836 3109 4892 pauca
3162 4821 3337 4877 verba
3382 4826 3573 4877 tecum

247 4954 291 4989 ⁷⁸
320 4950 533 5025 Ephes.
567 4964 641 5018 IV,
662 4947 751 5003 30.

1365 5048 1607 5105 νΑΡιιιΕ
1635 5047 2022 5104 LECTIONES
2050 5047 2139 5102 ET
2170 5044 2400 5101 NOTfE.

247 5167 363 5240 (19)
393 5160 687 5240 Doctr._a_d_
736 5156 986 5240 Antioch.
1038 5173 1211 5240 Anum.
1243 5157 1298 5222 3,
1330 5172 1398 5213 ex
1445 5156 1554 5211 hoc
1599 5154 1822 5210 Hermae
2001 5153 2109 5240 (26)
2142 5152 2341 5240 Lamb.
2396 5149 2614 5206 Custodi
2656 5147 2863 5205 amodo.
2925 5147 3019 5203 Sic
3075 5150 3133 5203 et
3190 5162 3345 5214 mox,
3380 5146 3573 5203 amodo

178 5226 476 5305 mandato,
502 5234 603 5290 sed
632 5233 766 5288 hinc
795 5230 929 5305 inde
961 5230 1159 5305 petita.
1244 5298 1259 5305 _
1363 5299 1378 5305 _
1429 5302 1437 5305 Α
1496 5303 1501 5305 Α
1576 5297 1608 5305 Α
1687 5297 1699 5305 _
1933 5226 2436 5305 ρτοᾹείρὶῖισίξηδοη
2557 5292 2570 5305 ,
2788 5291 2858 5303 H
2943 5297 2955 5305 _
3061 5293 3071 5305 ,
3323 5303 3334 5305 _
3388 5290 3423 5305 ί,

246 5292 555 5437 ξξο)Βόάι.
582 5308 639 5361 et
662 5303 857 5360 Lamb.
887 5292 1077 5357 verax.
1098 5298 1446 5356 Haeclaudat
1476 5297 1822 5363 Anliochus,
1934 5292 1951 5296 ⁷
2002 5296 2115 5366 (27)
2148 5294 2309 5349 Bodl.
2333 5298 2391 5348 et
2412 5292 2614 5347 Lamb.
2644 5292 2995 5373 percipiant;
3023 5293 3080 5343 et
3111 5305 3243 5344 mox
3267 5292 3572 5377 percipere.

246 5382 337 5437 imi
371 5423 383 5436 .
414 5380 504 5434 66.
1943 5435 1954 5437 _
2005 5368 2119 5437 (28)
2147 5368 2350 5437 ADoetr.
2425 5363 2498 5437 ad
2531 5361 2802 5437 Antioch.
2886 5377 3050 5437 num.
3113 5361 3164 5426 4,
3252 5356 3567 5437 Φυλασσε...

176 5356 555 5441 induitiae?"
587 5356 636 5361 "
816 5356 851 5357 “
930 5356 933 5357 ί

1943 5435 1956 5441 _
2005 5356 2350 5441 (28')_I)oetr.
2425 5356 2813 5441 adnuntiocjt.‘
2873 5377 3050 5441 num.
3113 5361 3164 5426 4,
3252 5356 3567 5441 Φύλασσε...

1934 5432 2261 5508 aviaeum.
2294 5438 2385 5508 Sic
2434 5434 2573 5508 legit
2619 5434 2701 5488 Cl.
2733 5433 3198 5508 MontEauconus,
3253 5432 3575 5508 vertitque:

1934 5500 2173 5563 maneat.
2213 5508 2295 5560 Al.
2331 5500 2658 5558 ἀναϐαίνὲτω
2693 5521 2705 5558 :
2769 5507 2833 5557 ut
2888 5503 3084 5558 Graeca
3140 5502 3389 5558 versiuni
3423 5500 3575 5557 anti-

1938 5598 2063 5653 quae
2095 5580 2439 5653 cohaereant.

2008 5654 2119 5721 (2D)
2154 5650 2353 5705 Lamb.
2388 5648 2513 5720 quia
2542 5648 2639 5701 hoc
2665 5646 2818 5716 facit.

2008 5723 2120 5794 (30)
2156 5721 2352 5775 Lamb.
2386 5735 2493 5776 non
2524 5734 2626 5790 pro
2658 5733 2959 5789 nunquam.

248 5454 361 5525 (21)
393 5449 596 5525 Lamb.
628 5446 891 5525 spiritum
912 5444 1052 5525 vita,

250 5512 365 5595 (22)
394 5522 539 5595 Vide
571 5512 723 5595 intra
753 5516 971 5595 lib._iu,
1008 5512 1163 5595 simil
1196 5530 1275 5577 Ix,
1300 5529 1426 5595 cap.
1460 5512 1547 5567 32.

273 5587 365 5659 23)
397 5593 562 5650 Bodl.
595 5593 737 5659 Ergo
766 5588 999 5654 auditis,
1032 5587 1386 5642 vehementer.

273 5665 366 5741 24)
387 5665 589 5741 I_.amb.
633 5678 777 5741 cum.
846 5731 855 5741 ι

255 5734 367 5814 (25)
397 5736 601 5794 Lamb.
634 5734 873 5805 limavi.
