  <div class='ocr_page' id='page_1' title='image "/cluster/home/n/w/nwhite01/storage/ocr_20150623/2/hvd.32044073501421/471.png"; bbox 0 0 4036 6356; ppageno 0'>
   <div class='ocr_carea' id='block_1_1' title="bbox 482 384 2278 456">
    <p class='ocr_par' dir='ltr' id='par_1_1' title="bbox 482 384 2278 456">
     <span class='ocr_line' id='line_1_1' title="bbox 482 384 2278 456; baseline -0.004 -2"><span class='ocrx_word' id='word_1_1' title='bbox 482 387 603 456; x_wconf 81' lang='grc'>919</span> <span class='ocrx_word' id='word_1_2' title='bbox 1992 384 2054 447; x_wconf 89' lang='lat' dir='ltr'>S.</span> <span class='ocrx_word' id='word_1_3' title='bbox 2103 386 2278 447; x_wconf 75' lang='grc' dir='ltr'>ΗΕΒ]</span> 
     </span>
    </p>
   </div>
   <div class='ocr_carea' id='block_1_2' title="bbox 2390 384 3877 456">
    <p class='ocr_par' dir='ltr' id='par_1_2' title="bbox 2390 386 3877 453">
     <span class='ocr_line' id='line_1_2' title="bbox 2390 386 3877 453; baseline 0.003 -5"><span class='ocrx_word' id='word_1_4' title='bbox 2390 386 2403 448; x_wconf 74' lang='lat'><strong>1</strong></span> <span class='ocrx_word' id='word_1_5' title='bbox 3778 387 3877 453; x_wconf 70' lang='lat'>920</span> 
     </span>
    </p>
   </div>
   <div class='ocr_carea' id='block_1_3' title="bbox 482 517 3875 597">
    <p class='ocr_par' dir='ltr' id='par_1_3' title="bbox 482 517 3875 597">
     <span class='ocr_line' id='line_1_3' title="bbox 482 517 3875 597; baseline -0.001 -17"><span class='ocrx_word' id='word_1_6' title='bbox 482 522 644 597; x_wconf 87' lang='lat' dir='ltr'>loqui</span> <span class='ocrx_word' id='word_1_7' title='bbox 676 522 811 596; x_wconf 77' lang='grc'>(31).</span> <span class='ocrx_word' id='word_1_8' title='bbox 843 522 967 592; x_wconf 90' lang='lat' dir='ltr'>Die,</span> <span class='ocrx_word' id='word_1_9' title='bbox 1001 522 1211 596; x_wconf 85' lang='lat' dir='ltr'>inquit.</span> <span class='ocrx_word' id='word_1_10' title='bbox 1244 524 1313 579; x_wconf 90' lang='lat' dir='ltr'>Et</span> <span class='ocrx_word' id='word_1_11' title='bbox 1345 523 1462 579; x_wconf 87' lang='lat' dir='ltr'>dixi</span> <span class='ocrx_word' id='word_1_12' title='bbox 1496 522 1580 578; x_wconf 91' lang='lat' dir='ltr'>illi</span> <span class='ocrx_word' id='word_1_13' title='bbox 1616 541 1628 580; x_wconf 90' lang='lat'><strong>:</strong></span> <span class='ocrx_word' id='word_1_14' title='bbox 1663 522 1924 589; x_wconf 89' lang='lat' dir='ltr'>Domine,</span> <span class='ocrx_word' id='word_1_15' title='bbox 1964 521 2012 575; x_wconf 92' lang='lat' dir='ltr'>si</span> <span class='ocrx_word' id='word_1_16' title='bbox 2046 520 2174 591; x_wconf 83' lang='lat' dir='ltr'>quis</span> <span class='ocrx_word' id='word_1_17' title='bbox 2220 521 2492 576; x_wconf 79' lang='lat' dir='ltr'>habuerit</span> <span class='ocrx_word' id='word_1_18' title='bbox 2523 538 2759 577; x_wconf 89' lang='lat' dir='ltr'>uxorem</span> <span class='ocrx_word' id='word_1_19' title='bbox 2790 518 3023 578; x_wconf 82' lang='lat' dir='ltr'>fidelem</span> <span class='ocrx_word' id='word_1_20' title='bbox 3054 520 3113 576; x_wconf 93' lang='lat' dir='ltr'>in</span> <span class='ocrx_word' id='word_1_21' title='bbox 3146 520 3416 589; x_wconf 92' lang='lat' dir='ltr'>Domino,</span> <span class='ocrx_word' id='word_1_22' title='bbox 3457 521 3513 575; x_wconf 87' lang='lat' dir='ltr'>et</span> <span class='ocrx_word' id='word_1_23' title='bbox 3542 517 3697 576; x_wconf 91' lang='lat' dir='ltr'>hanc</span> <span class='ocrx_word' id='word_1_24' title='bbox 3740 520 3875 576; x_wconf 84' lang='lat' dir='ltr'>inve-</span> 
     </span>
    </p>
   </div>
   <div class='ocr_carea' id='block_1_4' title="bbox 487 610 3879 685">
    <p class='ocr_par' dir='ltr' id='par_1_4' title="bbox 487 610 3879 685">
     <span class='ocr_line' id='line_1_4' title="bbox 487 610 3879 685; baseline -0.001 -16"><span class='ocrx_word' id='word_1_25' title='bbox 487 614 642 669; x_wconf 90' lang='lat' dir='ltr'>nerit</span> <span class='ocrx_word' id='word_1_26' title='bbox 679 614 736 668; x_wconf 91' lang='lat' dir='ltr'>in</span> <span class='ocrx_word' id='word_1_27' title='bbox 767 613 1072 684; x_wconf 90' lang='lat' dir='ltr'>adulterio,</span> <span class='ocrx_word' id='word_1_28' title='bbox 1106 614 1370 685; x_wconf 88' lang='lat' dir='ltr'>nunquid</span> <span class='ocrx_word' id='word_1_29' title='bbox 1404 618 1602 685; x_wconf 82' lang='lat' dir='ltr'><strong>peccat</strong></span> <span class='ocrx_word' id='word_1_30' title='bbox 1638 614 1747 680; x_wconf 93' lang='lat' dir='ltr'>vir,</span> <span class='ocrx_word' id='word_1_31' title='bbox 1807 612 1856 667; x_wconf 90' lang='lat' dir='ltr'>si</span> <span class='ocrx_word' id='word_1_32' title='bbox 1905 612 2168 666; x_wconf 77' lang='lat' dir='ltr'>convivat</span> <span class='ocrx_word' id='word_1_33' title='bbox 2199 628 2331 665; x_wconf 86' lang='lat' dir='ltr'>cum</span> <span class='ocrx_word' id='word_1_34' title='bbox 2366 610 2465 667; x_wconf 88' lang='lat' dir='ltr'>illa</span> <span class='ocrx_word' id='word_1_35' title='bbox 2492 611 2518 665; x_wconf 74' lang='lat' dir='ltr'>‘P</span> <span class='ocrx_word' id='word_1_36' title='bbox 2547 612 2616 666; x_wconf 88' lang='lat' dir='ltr'>Et</span> <span class='ocrx_word' id='word_1_37' title='bbox 2645 612 2789 667; x_wconf 83' lang='lat' dir='ltr'>dixit</span> <span class='ocrx_word' id='word_1_38' title='bbox 2819 612 3002 667; x_wconf 90' lang='lat' dir='ltr'>mihi:</span> <span class='ocrx_word' id='word_1_39' title='bbox 3064 612 3329 677; x_wconf 90' lang='lat' dir='ltr'>Quandiu</span> <span class='ocrx_word' id='word_1_40' title='bbox 3364 612 3550 666; x_wconf 81' lang='lat' dir='ltr'>nescit</span> <span class='ocrx_word' id='word_1_41' title='bbox 3595 615 3879 682; x_wconf 85' lang='lat' dir='ltr'>peccatum</span> 
     </span>
    </p>
   </div>
   <div class='ocr_carea' id='block_1_5' title="bbox 491 699 3881 773">
    <p class='ocr_par' dir='ltr' id='par_1_5' title="bbox 491 699 3881 773">
     <span class='ocr_line' id='line_1_5' title="bbox 491 699 3881 773; baseline -0.001 -16"><span class='ocrx_word' id='word_1_42' title='bbox 491 703 640 773; x_wconf 84' lang='lat' dir='ltr'>ejus,</span> <span class='ocrx_word' id='word_1_43' title='bbox 670 703 795 758; x_wconf 88' lang='lat' dir='ltr'>sine</span> <span class='ocrx_word' id='word_1_44' title='bbox 826 703 1069 758; x_wconf 86' lang='lat' dir='ltr'>crimine</span> <span class='ocrx_word' id='word_1_45' title='bbox 1100 708 1187 759; x_wconf 90' lang='lat' dir='ltr'>est</span> <span class='ocrx_word' id='word_1_46' title='bbox 1216 703 1303 757; x_wconf 90' lang='lat' dir='ltr'>vir</span> <span class='ocrx_word' id='word_1_47' title='bbox 1322 703 1522 758; x_wconf 86' lang='lat' dir='ltr'>vivens</span> <span class='ocrx_word' id='word_1_48' title='bbox 1553 720 1685 758; x_wconf 91' lang='lat' dir='ltr'>cum</span> <span class='ocrx_word' id='word_1_49' title='bbox 1718 702 1839 757; x_wconf 91' lang='lat' dir='ltr'>illa.</span> <span class='ocrx_word' id='word_1_50' title='bbox 1874 701 1932 755; x_wconf 88' lang='lat' dir='ltr'>Si</span> <span class='ocrx_word' id='word_1_51' title='bbox 1960 703 2153 755; x_wconf 89' lang='lat' dir='ltr'>autem</span> <span class='ocrx_word' id='word_1_52' title='bbox 2187 701 2385 755; x_wconf 90' lang='lat' dir='ltr'>scierit</span> <span class='ocrx_word' id='word_1_53' title='bbox 2415 701 2501 755; x_wconf 91' lang='lat' dir='ltr'>vir</span> <span class='ocrx_word' id='word_1_54' title='bbox 2530 718 2767 756; x_wconf 87' lang='lat' dir='ltr'>uxorem</span> <span class='ocrx_word' id='word_1_55' title='bbox 2800 701 2912 771; x_wconf 82' lang='lat'>(32)</span> <span class='ocrx_word' id='word_1_56' title='bbox 2935 717 3105 755; x_wconf 90' lang='lat' dir='ltr'>suam</span> <span class='ocrx_word' id='word_1_57' title='bbox 3137 699 3471 770; x_wconf 77' lang='lat' dir='ltr'>deliquisse,</span> <span class='ocrx_word' id='word_1_58' title='bbox 3505 704 3562 755; x_wconf 91' lang='lat' dir='ltr'>et</span> <span class='ocrx_word' id='word_1_59' title='bbox 3582 717 3701 755; x_wconf 92' lang='lat' dir='ltr'>non</span> <span class='ocrx_word' id='word_1_60' title='bbox 3724 700 3881 771; x_wconf 85' lang='lat' dir='ltr'>egerit</span> 
     </span>
    </p>
   </div>
   <div class='ocr_carea' id='block_1_6' title="bbox 492 786 3883 863">
    <p class='ocr_par' dir='ltr' id='par_1_6' title="bbox 492 786 3883 863">
     <span class='ocr_line' id='line_1_6' title="bbox 492 786 3883 863; baseline -0.001 -18"><span class='ocrx_word' id='word_1_61' title='bbox 492 791 894 863; x_wconf 90' lang='lat' dir='ltr'>penitentiam</span> <span class='ocrx_word' id='word_1_62' title='bbox 949 792 1178 859; x_wconf 81' lang='lat' dir='ltr'>mulier,</span> <span class='ocrx_word' id='word_1_63' title='bbox 1230 796 1285 846; x_wconf 89' lang='lat' dir='ltr'>et</span> <span class='ocrx_word' id='word_1_64' title='bbox 1342 795 1644 862; x_wconf 82' lang='lat' dir='ltr'>permanet</span> <span class='ocrx_word' id='word_1_65' title='bbox 1676 791 1732 844; x_wconf 92' lang='lat' dir='ltr'>in</span> <span class='ocrx_word' id='word_1_66' title='bbox 1769 790 2082 844; x_wconf 85' lang='lat' dir='ltr'>forcatione</span> <span class='ocrx_word' id='word_1_67' title='bbox 2129 806 2255 857; x_wconf 89' lang='lat' dir='ltr'>sua,</span> <span class='ocrx_word' id='word_1_68' title='bbox 2316 793 2372 842; x_wconf 93' lang='lat' dir='ltr'>et</span> <span class='ocrx_word' id='word_1_69' title='bbox 2402 786 2649 843; x_wconf 84' lang='lat' dir='ltr'>convivit</span> <span class='ocrx_word' id='word_1_70' title='bbox 2679 806 2814 844; x_wconf 90' lang='lat' dir='ltr'>cum</span> <span class='ocrx_word' id='word_1_71' title='bbox 2848 789 2948 844; x_wconf 91' lang='lat' dir='ltr'>illa</span> <span class='ocrx_word' id='word_1_72' title='bbox 2996 789 3118 858; x_wconf 88' lang='lat' dir='ltr'>vir;</span> <span class='ocrx_word' id='word_1_73' title='bbox 3154 806 3288 844; x_wconf 88' lang='lat' dir='ltr'>reus</span> <span class='ocrx_word' id='word_1_74' title='bbox 3336 789 3446 843; x_wconf 92' lang='lat' dir='ltr'>erit</span> <span class='ocrx_word' id='word_1_75' title='bbox 3478 789 3701 860; x_wconf 76' lang='lat' dir='ltr'>peccati</span> <span class='ocrx_word' id='word_1_76' title='bbox 3755 790 3883 859; x_wconf 83' lang='lat' dir='ltr'>ejus,</span> 
     </span>
    </p>
   </div>
   <div class='ocr_carea' id='block_1_7' title="bbox 493 877 3886 953">
    <p class='ocr_par' dir='ltr' id='par_1_7' title="bbox 493 877 3886 953">
     <span class='ocr_line' id='line_1_7' title="bbox 493 877 3886 953; baseline -0.001 -16"><span class='ocrx_word' id='word_1_77' title='bbox 493 883 553 937; x_wconf 88' lang='lat' dir='ltr'>et</span> <span class='ocrx_word' id='word_1_78' title='bbox 581 880 870 953; x_wconf 80' lang='lat' dir='ltr'>particeps</span> <span class='ocrx_word' id='word_1_79' title='bbox 903 881 1308 936; x_wconf 87' lang='lat' dir='ltr'>mechationis</span> <span class='ocrx_word' id='word_1_80' title='bbox 1347 882 1494 951; x_wconf 86' lang='lat' dir='ltr'>ejus.</span> <span class='ocrx_word' id='word_1_81' title='bbox 1538 882 1607 935; x_wconf 85' lang='lat' dir='ltr'>Et</span> <span class='ocrx_word' id='word_1_82' title='bbox 1654 880 1767 934; x_wconf 80' lang='lat' dir='ltr'>dixi</span> <span class='ocrx_word' id='word_1_83' title='bbox 1800 879 1881 932; x_wconf 87' lang='lat' dir='ltr'>illi</span> <span class='ocrx_word' id='word_1_84' title='bbox 1909 897 1925 932; x_wconf 92' lang='lat'><strong><em>:</em></strong></span> <span class='ocrx_word' id='word_1_85' title='bbox 1958 878 2103 942; x_wconf 90' lang='lat' dir='ltr'>Quid</span> <span class='ocrx_word' id='word_1_86' title='bbox 2136 894 2289 948; x_wconf 81' lang='lat' dir='ltr'>ergo,</span> <span class='ocrx_word' id='word_1_87' title='bbox 2323 878 2369 932; x_wconf 92' lang='lat' dir='ltr'>si</span> <span class='ocrx_word' id='word_1_88' title='bbox 2431 878 2818 950; x_wconf 80' lang='lat' dir='ltr'>permanserit</span> <span class='ocrx_word' id='word_1_89' title='bbox 2849 878 2911 932; x_wconf 92' lang='lat' dir='ltr'>in</span> <span class='ocrx_word' id='word_1_90' title='bbox 2969 878 3108 933; x_wconf 91' lang='lat' dir='ltr'>vitio</span> <span class='ocrx_word' id='word_1_91' title='bbox 3142 894 3247 932; x_wconf 89' lang='lat' dir='ltr'>suo</span> <span class='ocrx_word' id='word_1_92' title='bbox 3306 877 3513 933; x_wconf 88' lang='lat' dir='ltr'>mulier</span> <span class='ocrx_word' id='word_1_93' title='bbox 3541 878 3569 932; x_wconf 67' lang='grc' dir='ltr'><em>Ἰ</em></span> <span class='ocrx_word' id='word_1_94' title='bbox 3600 878 3667 933; x_wconf 88' lang='lat' dir='ltr'>Et</span> <span class='ocrx_word' id='word_1_95' title='bbox 3725 878 3886 932; x_wconf 83' lang='lat' dir='ltr'>dixit:</span> 
     </span>
    </p>
   </div>
   <div class='ocr_carea' id='block_1_8' title="bbox 499 966 3894 1041">
    <p class='ocr_par' dir='ltr' id='par_1_8' title="bbox 499 966 3894 1041">
     <span class='ocr_line' id='line_1_8' title="bbox 499 966 3894 1041; baseline -0.001 -16"><span class='ocrx_word' id='word_1_96' title='bbox 499 969 765 1026; x_wconf 88' lang='lat' dir='ltr'>Dimittat</span> <span class='ocrx_word' id='word_1_97' title='bbox 785 969 942 1024; x_wconf 84' lang='lat' dir='ltr'>illam</span> <span class='ocrx_word' id='word_1_98' title='bbox 973 970 1095 1037; x_wconf 89' lang='lat' dir='ltr'>vir;</span> <span class='ocrx_word' id='word_1_99' title='bbox 1129 974 1184 1025; x_wconf 90' lang='lat' dir='ltr'>et</span> <span class='ocrx_word' id='word_1_100' title='bbox 1212 970 1291 1024; x_wconf 89' lang='lat' dir='ltr'>vit</span> <span class='ocrx_word' id='word_1_101' title='bbox 1324 987 1426 1041; x_wconf 90' lang='lat' dir='ltr'>per</span> <span class='ocrx_word' id='word_1_102' title='bbox 1455 988 1517 1025; x_wconf 89' lang='lat' dir='ltr'>se</span> <span class='ocrx_word' id='word_1_103' title='bbox 1539 970 1649 1040; x_wconf 86' lang='lat'>(33)</span> <span class='ocrx_word' id='word_1_104' title='bbox 1697 972 1947 1023; x_wconf 81' lang='lat' dir='ltr'>maneat.</span> <span class='ocrx_word' id='word_1_105' title='bbox 1986 967 2144 1033; x_wconf 90' lang='lat' dir='ltr'>Quod</span> <span class='ocrx_word' id='word_1_106' title='bbox 2180 967 2227 1021; x_wconf 92' lang='lat' dir='ltr'>si</span> <span class='ocrx_word' id='word_1_107' title='bbox 2287 968 2573 1022; x_wconf 83' lang='lat' dir='ltr'>dimiserit</span> <span class='ocrx_word' id='word_1_108' title='bbox 2631 968 2937 1023; x_wconf 88' lang='lat' dir='ltr'>mulierem</span> <span class='ocrx_word' id='word_1_109' title='bbox 2988 984 3157 1022; x_wconf 89' lang='lat' dir='ltr'>suam</span> <span class='ocrx_word' id='word_1_110' title='bbox 3190 972 3249 1022; x_wconf 91' lang='lat' dir='ltr'>et</span> <span class='ocrx_word' id='word_1_111' title='bbox 3306 966 3480 1022; x_wconf 90' lang='lat' dir='ltr'>aliam</span> <span class='ocrx_word' id='word_1_112' title='bbox 3539 967 3797 1035; x_wconf 86' lang='lat' dir='ltr'>duxerit,</span> <span class='ocrx_word' id='word_1_113' title='bbox 3847 974 3894 1022; x_wconf 78' lang='lat' dir='ltr'>et</span> 
     </span>
    </p>
   </div>
   <div class='ocr_carea' id='block_1_9' title="bbox 504 1055 3895 1130">
    <p class='ocr_par' dir='ltr' id='par_1_9' title="bbox 504 1055 3895 1130">
     <span class='ocr_line' id='line_1_9' title="bbox 504 1055 3895 1130; baseline -0.001 -17"><span class='ocrx_word' id='word_1_114' title='bbox 504 1058 631 1130; x_wconf 91' lang='lat' dir='ltr'>ipse</span> <span class='ocrx_word' id='word_1_115' title='bbox 662 1058 988 1113; x_wconf 91' lang='lat' dir='ltr'>mechatur</span> <span class='ocrx_word' id='word_1_116' title='bbox 1008 1060 1071 1113; x_wconf 69' lang='lat'>7°.</span> <span class='ocrx_word' id='word_1_117' title='bbox 1104 1060 1171 1113; x_wconf 88' lang='lat' dir='ltr'>Et</span> <span class='ocrx_word' id='word_1_118' title='bbox 1202 1058 1317 1112; x_wconf 85' lang='lat' dir='ltr'>dixi</span> <span class='ocrx_word' id='word_1_119' title='bbox 1348 1058 1431 1112; x_wconf 92' lang='lat' dir='ltr'>illi</span> <span class='ocrx_word' id='word_1_120' title='bbox 1466 1076 1477 1113; x_wconf 93' lang='lat'>:</span> <span class='ocrx_word' id='word_1_121' title='bbox 1513 1058 1660 1121; x_wconf 93' lang='lat' dir='ltr'>Quid</span> <span class='ocrx_word' id='word_1_122' title='bbox 1685 1058 1733 1111; x_wconf 89' lang='lat' dir='ltr'>si</span> <span class='ocrx_word' id='word_1_123' title='bbox 1782 1057 1991 1111; x_wconf 88' lang='lat' dir='ltr'>mulier</span> <span class='ocrx_word' id='word_1_124' title='bbox 2017 1055 2261 1110; x_wconf 90' lang='lat' dir='ltr'>dimissa</span> <span class='ocrx_word' id='word_1_125' title='bbox 2292 1057 2695 1127; x_wconf 84' lang='lat' dir='ltr'>penitentiam</span> <span class='ocrx_word' id='word_1_126' title='bbox 2757 1056 2960 1128; x_wconf 89' lang='lat' dir='ltr'>egerit,</span> <span class='ocrx_word' id='word_1_127' title='bbox 3010 1060 3067 1111; x_wconf 91' lang='lat' dir='ltr'>et</span> <span class='ocrx_word' id='word_1_128' title='bbox 3095 1056 3342 1111; x_wconf 90' lang='lat' dir='ltr'>voluerit</span> <span class='ocrx_word' id='word_1_129' title='bbox 3372 1056 3443 1111; x_wconf 89' lang='lat' dir='ltr'>ad</span> <span class='ocrx_word' id='word_1_130' title='bbox 3504 1057 3699 1111; x_wconf 89' lang='lat' dir='ltr'>virum</span> <span class='ocrx_word' id='word_1_131' title='bbox 3738 1073 3895 1111; x_wconf 86' lang='lat' dir='ltr'>suum</span> 
     </span>
    </p>
   </div>
   <div class='ocr_carea' id='block_1_10' title="bbox 499 1144 3899 1219">
    <p class='ocr_par' dir='ltr' id='par_1_10' title="bbox 499 1144 3899 1219">
     <span class='ocr_line' id='line_1_10' title="bbox 499 1144 3899 1219; baseline -0.001 -15"><span class='ocrx_word' id='word_1_132' title='bbox 499 1146 703 1204; x_wconf 88' lang='lat' dir='ltr'>reverti</span> <span class='ocrx_word' id='word_1_133' title='bbox 730 1166 751 1212; x_wconf 83' lang='lat'>;</span> <span class='ocrx_word' id='word_1_134' title='bbox 780 1164 970 1202; x_wconf 90' lang='lat' dir='ltr'>nonne</span> <span class='ocrx_word' id='word_1_135' title='bbox 1000 1147 1366 1219; x_wconf 88' lang='lat' dir='ltr'>recipietura</span> <span class='ocrx_word' id='word_1_136' title='bbox 1394 1146 1515 1202; x_wconf 89' lang='lat' dir='ltr'>viro</span> <span class='ocrx_word' id='word_1_137' title='bbox 1549 1164 1655 1202; x_wconf 91' lang='lat' dir='ltr'>suo</span> <span class='ocrx_word' id='word_1_138' title='bbox 1679 1147 1707 1200; x_wconf 85' lang='lat'><strong>?</strong></span> <span class='ocrx_word' id='word_1_139' title='bbox 1739 1146 1806 1199; x_wconf 88' lang='lat' dir='ltr'>Et</span> <span class='ocrx_word' id='word_1_140' title='bbox 1848 1145 1997 1199; x_wconf 87' lang='lat' dir='ltr'>dixit</span> <span class='ocrx_word' id='word_1_141' title='bbox 2030 1144 2213 1199; x_wconf 88' lang='lat' dir='ltr'>mihi:</span> <span class='ocrx_word' id='word_1_142' title='bbox 2249 1149 2394 1215; x_wconf 89' lang='lat' dir='ltr'>Imo,</span> <span class='ocrx_word' id='word_1_143' title='bbox 2425 1146 2471 1199; x_wconf 86' lang='lat' dir='ltr'>si</span> <span class='ocrx_word' id='word_1_144' title='bbox 2505 1162 2619 1200; x_wconf 92' lang='lat' dir='ltr'>non</span> <span class='ocrx_word' id='word_1_145' title='bbox 2651 1145 2931 1217; x_wconf 80' lang='lat' dir='ltr'>receperit</span> <span class='ocrx_word' id='word_1_146' title='bbox 2961 1161 3085 1200; x_wconf 89' lang='lat' dir='ltr'>eam</span> <span class='ocrx_word' id='word_1_147' title='bbox 3118 1145 3206 1200; x_wconf 92' lang='lat' dir='ltr'>vir</span> <span class='ocrx_word' id='word_1_148' title='bbox 3250 1162 3417 1213; x_wconf 88' lang='lat' dir='ltr'>suus,</span> <span class='ocrx_word' id='word_1_149' title='bbox 3447 1150 3670 1218; x_wconf 85' lang='lat' dir='ltr'>peccat,</span> <span class='ocrx_word' id='word_1_150' title='bbox 3702 1150 3761 1201; x_wconf 87' lang='lat' dir='ltr'>et</span> <span class='ocrx_word' id='word_1_151' title='bbox 3788 1161 3899 1200; x_wconf 86' lang='lat' dir='ltr'>ma-</span> 
     </span>
    </p>
   </div>
   <div class='ocr_carea' id='block_1_11' title="bbox 504 1232 3902 1309">
    <p class='ocr_par' dir='ltr' id='par_1_11' title="bbox 504 1232 3902 1309">
     <span class='ocr_line' id='line_1_11' title="bbox 504 1232 3902 1309; baseline -0.001 -17"><span class='ocrx_word' id='word_1_152' title='bbox 504 1252 687 1309; x_wconf 85' lang='lat' dir='ltr'>gnum</span> <span class='ocrx_word' id='word_1_153' title='bbox 716 1240 1017 1307; x_wconf 88' lang='lat' dir='ltr'>peccatum</span> <span class='ocrx_word' id='word_1_154' title='bbox 1050 1236 1161 1291; x_wconf 86' lang='lat' dir='ltr'>sibi</span> <span class='ocrx_word' id='word_1_155' title='bbox 1192 1236 1468 1302; x_wconf 90' lang='lat' dir='ltr'>admittit;</span> <span class='ocrx_word' id='word_1_156' title='bbox 1494 1236 1592 1291; x_wconf 90' lang='lat' dir='ltr'>sed</span> <span class='ocrx_word' id='word_1_157' title='bbox 1616 1234 1787 1289; x_wconf 89' lang='lat' dir='ltr'>debet</span> <span class='ocrx_word' id='word_1_158' title='bbox 1816 1233 2072 1305; x_wconf 88' lang='lat' dir='ltr'>recipere</span> <span class='ocrx_word' id='word_1_159' title='bbox 2096 1232 2472 1305; x_wconf 86' lang='lat' dir='ltr'>peccatricem</span> <span class='ocrx_word' id='word_1_160' title='bbox 2508 1250 2634 1305; x_wconf 70' lang='lat' dir='ltr'>quae</span> <span class='ocrx_word' id='word_1_161' title='bbox 2660 1233 3058 1306; x_wconf 90' lang='lat' dir='ltr'>penitentiam</span> <span class='ocrx_word' id='word_1_162' title='bbox 3083 1234 3227 1305; x_wconf 84' lang='lat' dir='ltr'>egit;</span> <span class='ocrx_word' id='word_1_163' title='bbox 3259 1235 3359 1290; x_wconf 88' lang='lat' dir='ltr'>sed</span> <span class='ocrx_word' id='word_1_164' title='bbox 3387 1251 3497 1289; x_wconf 92' lang='lat' dir='ltr'>non</span> <span class='ocrx_word' id='word_1_165' title='bbox 3522 1251 3694 1306; x_wconf 77' lang='lat' dir='ltr'>sepe.</span> <span class='ocrx_word' id='word_1_166' title='bbox 3730 1235 3902 1290; x_wconf 82' lang='lat' dir='ltr'>Servis</span> 
     </span>
    </p>
   </div>
   <div class='ocr_carea' id='block_1_12' title="bbox 505 1322 3901 1397">
    <p class='ocr_par' dir='ltr' id='par_1_12' title="bbox 505 1322 3901 1397">
     <span class='ocr_line' id='line_1_12' title="bbox 505 1322 3901 1397; baseline -0.001 -16"><span class='ocrx_word' id='word_1_167' title='bbox 505 1326 659 1381; x_wconf 90' lang='lat' dir='ltr'>enim</span> <span class='ocrx_word' id='word_1_168' title='bbox 692 1325 793 1381; x_wconf 90' lang='lat' dir='ltr'>Dei</span> <span class='ocrx_word' id='word_1_169' title='bbox 824 1324 1163 1397; x_wconf 90' lang='lat' dir='ltr'>penitentia</span> <span class='ocrx_word' id='word_1_170' title='bbox 1194 1342 1313 1379; x_wconf 90' lang='lat' dir='ltr'>una</span> <span class='ocrx_word' id='word_1_171' title='bbox 1345 1329 1454 1380; x_wconf 90' lang='lat' dir='ltr'>est.</span> <span class='ocrx_word' id='word_1_172' title='bbox 1485 1326 1720 1395; x_wconf 90' lang='lat' dir='ltr'>Propter</span> <span class='ocrx_word' id='word_1_173' title='bbox 1741 1322 2144 1393; x_wconf 90' lang='lat' dir='ltr'>penitentiam</span> <span class='ocrx_word' id='word_1_174' title='bbox 2169 1338 2303 1394; x_wconf 89' lang='lat' dir='ltr'>ergo</span> <span class='ocrx_word' id='word_1_175' title='bbox 2336 1338 2449 1377; x_wconf 90' lang='lat' dir='ltr'>non</span> <span class='ocrx_word' id='word_1_176' title='bbox 2477 1322 2932 1389; x_wconf 90' lang='lat' dir='ltr'>debet,dimissa</span> <span class='ocrx_word' id='word_1_177' title='bbox 2952 1323 3199 1394; x_wconf 81' lang='lat' dir='ltr'>conjuge</span> <span class='ocrx_word' id='word_1_178' title='bbox 3219 1340 3346 1393; x_wconf 89' lang='lat' dir='ltr'>sua,</span> <span class='ocrx_word' id='word_1_179' title='bbox 3368 1322 3458 1378; x_wconf 90' lang='lat' dir='ltr'>vir</span> <span class='ocrx_word' id='word_1_180' title='bbox 3482 1322 3659 1379; x_wconf 89' lang='lat' dir='ltr'>aliam</span> <span class='ocrx_word' id='word_1_181' title='bbox 3687 1323 3901 1378; x_wconf 85' lang='lat' dir='ltr'>ducere.</span> 
     </span>
    </p>
   </div>
   <div class='ocr_carea' id='block_1_13' title="bbox 506 1410 3902 1485">
    <p class='ocr_par' dir='ltr' id='par_1_13' title="bbox 506 1410 3902 1485">
     <span class='ocr_line' id='line_1_13' title="bbox 506 1410 3902 1485; baseline -0.001 -14"><span class='ocrx_word' id='word_1_182' title='bbox 506 1414 608 1471; x_wconf 85' lang='lat' dir='ltr'>Hic</span> <span class='ocrx_word' id='word_1_183' title='bbox 641 1418 804 1470; x_wconf 89' lang='lat' dir='ltr'>actus</span> <span class='ocrx_word' id='word_1_184' title='bbox 832 1413 1044 1469; x_wconf 85' lang='lat' dir='ltr'>similis</span> <span class='ocrx_word' id='word_1_185' title='bbox 1076 1419 1182 1479; x_wconf 91' lang='lat' dir='ltr'>est,</span> <span class='ocrx_word' id='word_1_186' title='bbox 1214 1418 1271 1469; x_wconf 90' lang='lat' dir='ltr'>et</span> <span class='ocrx_word' id='word_1_187' title='bbox 1300 1414 1357 1468; x_wconf 89' lang='lat' dir='ltr'>in</span> <span class='ocrx_word' id='word_1_188' title='bbox 1380 1414 1523 1481; x_wconf 92' lang='lat' dir='ltr'>viro,</span> <span class='ocrx_word' id='word_1_189' title='bbox 1556 1418 1612 1467; x_wconf 90' lang='lat' dir='ltr'>et</span> <span class='ocrx_word' id='word_1_190' title='bbox 1640 1412 1700 1467; x_wconf 92' lang='lat' dir='ltr'>in</span> <span class='ocrx_word' id='word_1_191' title='bbox 1732 1410 1996 1467; x_wconf 89' lang='lat' dir='ltr'>muliere.</span> <span class='ocrx_word' id='word_1_192' title='bbox 2037 1412 2157 1468; x_wconf 88' lang='lat' dir='ltr'>Non</span> <span class='ocrx_word' id='word_1_193' title='bbox 2192 1410 2380 1466; x_wconf 92' lang='lat' dir='ltr'>solum</span> <span class='ocrx_word' id='word_1_194' title='bbox 2416 1411 2728 1468; x_wconf 89' lang='lat' dir='ltr'>mechatio</span> <span class='ocrx_word' id='word_1_195' title='bbox 2761 1415 2851 1466; x_wconf 89' lang='lat' dir='ltr'>est</span> <span class='ocrx_word' id='word_1_196' title='bbox 2882 1410 3017 1482; x_wconf 89' lang='lat' dir='ltr'>illis,</span> <span class='ocrx_word' id='word_1_197' title='bbox 3047 1411 3150 1483; x_wconf 90' lang='lat' dir='ltr'>qui</span> <span class='ocrx_word' id='word_1_198' title='bbox 3180 1428 3415 1468; x_wconf 90' lang='lat' dir='ltr'>carnem</span> <span class='ocrx_word' id='word_1_199' title='bbox 3454 1429 3625 1468; x_wconf 90' lang='lat' dir='ltr'>suam</span> <span class='ocrx_word' id='word_1_200' title='bbox 3651 1412 3902 1485; x_wconf 84' lang='lat' dir='ltr'>coinqui-</span> 
     </span>
    </p>
   </div>
   <div class='ocr_carea' id='block_1_14' title="bbox 516 1499 3904 1574">
    <p class='ocr_par' dir='ltr' id='par_1_14' title="bbox 516 1499 3904 1574">
     <span class='ocr_line' id='line_1_14' title="bbox 516 1499 3904 1574; baseline -0.001 -15"><span class='ocrx_word' id='word_1_201' title='bbox 516 1506 660 1559; x_wconf 85' lang='lat' dir='ltr'>nant</span> <span class='ocrx_word' id='word_1_202' title='bbox 691 1503 838 1574; x_wconf 91' lang='lat'>(34);</span> <span class='ocrx_word' id='word_1_203' title='bbox 874 1503 974 1559; x_wconf 89' lang='lat' dir='ltr'>sed</span> <span class='ocrx_word' id='word_1_204' title='bbox 1006 1507 1062 1558; x_wconf 90' lang='lat' dir='ltr'>et</span> <span class='ocrx_word' id='word_1_205' title='bbox 1093 1502 1143 1558; x_wconf 88' lang='lat' dir='ltr'>is</span> <span class='ocrx_word' id='word_1_206' title='bbox 1177 1504 1277 1574; x_wconf 92' lang='lat' dir='ltr'>qui</span> <span class='ocrx_word' id='word_1_207' title='bbox 1298 1502 1681 1558; x_wconf 89' lang='lat' dir='ltr'>simulacrum</span> <span class='ocrx_word' id='word_1_208' title='bbox 1713 1501 1871 1571; x_wconf 88' lang='lat' dir='ltr'>facit,</span> <span class='ocrx_word' id='word_1_209' title='bbox 1904 1499 2249 1554; x_wconf 91' lang='lat' dir='ltr'>mechatur.</span> <span class='ocrx_word' id='word_1_210' title='bbox 2283 1500 2444 1565; x_wconf 91' lang='lat' dir='ltr'>Quod</span> <span class='ocrx_word' id='word_1_211' title='bbox 2492 1499 2540 1555; x_wconf 88' lang='lat' dir='ltr'>si</span> <span class='ocrx_word' id='word_1_212' title='bbox 2574 1500 2632 1555; x_wconf 92' lang='lat' dir='ltr'>in</span> <span class='ocrx_word' id='word_1_213' title='bbox 2663 1499 2756 1556; x_wconf 92' lang='lat' dir='ltr'>his</span> <span class='ocrx_word' id='word_1_214' title='bbox 2787 1500 2955 1556; x_wconf 90' lang='lat' dir='ltr'>factis</span> <span class='ocrx_word' id='word_1_215' title='bbox 3012 1504 3361 1572; x_wconf 86' lang='lat' dir='ltr'>perseverat,</span> <span class='ocrx_word' id='word_1_216' title='bbox 3406 1506 3463 1557; x_wconf 91' lang='lat' dir='ltr'>et</span> <span class='ocrx_word' id='word_1_217' title='bbox 3515 1500 3904 1574; x_wconf 89' lang='lat' dir='ltr'>penitentiam</span> 
     </span>
    </p>
   </div>
   <div class='ocr_carea' id='block_1_15' title="bbox 512 1586 3903 1662">
    <p class='ocr_par' dir='ltr' id='par_1_15' title="bbox 512 1586 3903 1662">
     <span class='ocr_line' id='line_1_15' title="bbox 512 1586 3903 1662; baseline -0.001 -15"><span class='ocrx_word' id='word_1_218' title='bbox 512 1608 630 1647; x_wconf 92' lang='lat' dir='ltr'>non</span> <span class='ocrx_word' id='word_1_219' title='bbox 657 1589 794 1662; x_wconf 85' lang='lat' dir='ltr'>agit,</span> <span class='ocrx_word' id='word_1_220' title='bbox 827 1591 1030 1646; x_wconf 89' lang='lat' dir='ltr'>recede</span> <span class='ocrx_word' id='word_1_221' title='bbox 1078 1590 1149 1645; x_wconf 92' lang='lat' dir='ltr'>ab</span> <span class='ocrx_word' id='word_1_222' title='bbox 1182 1590 1299 1657; x_wconf 90' lang='lat' dir='ltr'>illa,</span> <span class='ocrx_word' id='word_1_223' title='bbox 1335 1594 1391 1645; x_wconf 90' lang='lat' dir='ltr'>et</span> <span class='ocrx_word' id='word_1_224' title='bbox 1422 1588 1539 1645; x_wconf 92' lang='lat' dir='ltr'>noli</span> <span class='ocrx_word' id='word_1_225' title='bbox 1586 1588 1885 1643; x_wconf 89' lang='lat' dir='ltr'>convivere</span> <span class='ocrx_word' id='word_1_226' title='bbox 1916 1604 2048 1641; x_wconf 91' lang='lat' dir='ltr'>cum</span> <span class='ocrx_word' id='word_1_227' title='bbox 2079 1586 2217 1655; x_wconf 90' lang='lat' dir='ltr'>illa;</span> <span class='ocrx_word' id='word_1_228' title='bbox 2250 1587 2511 1659; x_wconf 90' lang='lat' dir='ltr'>alioquin</span> <span class='ocrx_word' id='word_1_229' title='bbox 2539 1591 2596 1644; x_wconf 91' lang='lat' dir='ltr'>et</span> <span class='ocrx_word' id='word_1_230' title='bbox 2622 1592 2686 1643; x_wconf 88' lang='lat' dir='ltr'>tu</span> <span class='ocrx_word' id='word_1_231' title='bbox 2740 1588 3028 1661; x_wconf 88' lang='lat' dir='ltr'>particeps</span> <span class='ocrx_word' id='word_1_232' title='bbox 3058 1589 3171 1645; x_wconf 89' lang='lat' dir='ltr'>eris</span> <span class='ocrx_word' id='word_1_233' title='bbox 3220 1591 3439 1662; x_wconf 87' lang='lat' dir='ltr'>peccati</span> <span class='ocrx_word' id='word_1_234' title='bbox 3469 1592 3617 1662; x_wconf 88' lang='lat' dir='ltr'>ejus.</span> <span class='ocrx_word' id='word_1_235' title='bbox 3676 1594 3903 1662; x_wconf 78' lang='lat' dir='ltr'>Propter</span> 
     </span>
    </p>
   </div>
   <div class='ocr_carea' id='block_1_16' title="bbox 514 1675 3906 1751">
    <p class='ocr_par' dir='ltr' id='par_1_16' title="bbox 514 1675 3906 1751">
     <span class='ocr_line' id='line_1_16' title="bbox 514 1675 3906 1751; baseline 0 -15"><span class='ocrx_word' id='word_1_236' title='bbox 514 1680 625 1737; x_wconf 88' lang='lat' dir='ltr'>hoc</span> <span class='ocrx_word' id='word_1_237' title='bbox 655 1683 1003 1751; x_wconf 70' lang='lat' dir='ltr'>praeceptum</span> <span class='ocrx_word' id='word_1_238' title='bbox 1034 1682 1122 1734; x_wconf 89' lang='lat' dir='ltr'>est</span> <span class='ocrx_word' id='word_1_239' title='bbox 1164 1678 1352 1744; x_wconf 91' lang='lat' dir='ltr'>vobis,</span> <span class='ocrx_word' id='word_1_240' title='bbox 1385 1681 1448 1733; x_wconf 91' lang='lat' dir='ltr'>ut</span> <span class='ocrx_word' id='word_1_241' title='bbox 1476 1676 1705 1733; x_wconf 68' lang='lat' dir='ltr'>caelibes</span> <span class='ocrx_word' id='word_1_242' title='bbox 1736 1676 2044 1743; x_wconf 89' lang='lat' dir='ltr'>maneatis,</span> <span class='ocrx_word' id='word_1_243' title='bbox 2079 1680 2205 1731; x_wconf 92' lang='lat' dir='ltr'>tum</span> <span class='ocrx_word' id='word_1_244' title='bbox 2237 1675 2347 1744; x_wconf 90' lang='lat' dir='ltr'>vir,</span> <span class='ocrx_word' id='word_1_245' title='bbox 2405 1680 2532 1731; x_wconf 91' lang='lat' dir='ltr'>tum</span> <span class='ocrx_word' id='word_1_246' title='bbox 2588 1675 2802 1732; x_wconf 90' lang='lat' dir='ltr'>mulier</span> <span class='ocrx_word' id='word_1_247' title='bbox 2829 1677 2982 1749; x_wconf 73' lang='lat'>(£5);</span> <span class='ocrx_word' id='word_1_248' title='bbox 3032 1683 3224 1750; x_wconf 90' lang='lat' dir='ltr'>potest</span> <span class='ocrx_word' id='word_1_249' title='bbox 3266 1678 3422 1735; x_wconf 92' lang='lat' dir='ltr'>enim</span> <span class='ocrx_word' id='word_1_250' title='bbox 3461 1679 3521 1734; x_wconf 91' lang='lat' dir='ltr'>in</span> <span class='ocrx_word' id='word_1_251' title='bbox 3580 1678 3906 1751; x_wconf 88' lang='lat' dir='ltr'>hujusmodi</span> 
     </span>
    </p>
   </div>
   <div class='ocr_carea' id='block_1_17' title="bbox 515 1765 3907 1842">
    <p class='ocr_par' dir='ltr' id='par_1_17' title="bbox 515 1765 3907 1842">
     <span class='ocr_line' id='line_1_17' title="bbox 515 1765 3907 1842; baseline 0 -17"><span class='ocrx_word' id='word_1_252' title='bbox 515 1768 858 1842; x_wconf 90' lang='lat' dir='ltr'>penitentia</span> <span class='ocrx_word' id='word_1_253' title='bbox 886 1783 1033 1823; x_wconf 87' lang='lat' dir='ltr'>esse.</span> <span class='ocrx_word' id='word_1_254' title='bbox 1066 1768 1175 1823; x_wconf 89' lang='lat' dir='ltr'>Sed</span> <span class='ocrx_word' id='word_1_255' title='bbox 1203 1772 1261 1823; x_wconf 88' lang='lat' dir='ltr'>et</span> <span class='ocrx_word' id='word_1_256' title='bbox 1284 1783 1388 1839; x_wconf 90' lang='lat' dir='ltr'>ego</span> <span class='ocrx_word' id='word_1_257' title='bbox 1420 1783 1534 1822; x_wconf 92' lang='lat' dir='ltr'>non</span> <span class='ocrx_word' id='word_1_258' title='bbox 1567 1767 1638 1822; x_wconf 93' lang='lat' dir='ltr'>do</span> <span class='ocrx_word' id='word_1_259' title='bbox 1670 1766 2054 1836; x_wconf 90' lang='lat' dir='ltr'>occasionem,</span> <span class='ocrx_word' id='word_1_260' title='bbox 2090 1768 2155 1821; x_wconf 92' lang='lat' dir='ltr'>ut</span> <span class='ocrx_word' id='word_1_261' title='bbox 2182 1765 2304 1820; x_wconf 76' lang='lat' dir='ltr'>hec</span> <span class='ocrx_word' id='word_1_262' title='bbox 2328 1765 2409 1821; x_wconf 78' lang='lat' dir='ltr'>ita</span> <span class='ocrx_word' id='word_1_263' title='bbox 2441 1769 2692 1837; x_wconf 86' lang='lat' dir='ltr'>agantur</span> <span class='ocrx_word' id='word_1_264' title='bbox 2723 1783 2736 1833; x_wconf 90' lang='lat'>;</span> <span class='ocrx_word' id='word_1_265' title='bbox 2770 1766 2871 1821; x_wconf 91' lang='lat' dir='ltr'>sed</span> <span class='ocrx_word' id='word_1_266' title='bbox 2895 1782 2966 1823; x_wconf 91' lang='lat' dir='ltr'>ne</span> <span class='ocrx_word' id='word_1_267' title='bbox 2998 1767 3272 1839; x_wconf 87' lang='lat' dir='ltr'>amplius,</span> <span class='ocrx_word' id='word_1_268' title='bbox 3305 1768 3401 1839; x_wconf 92' lang='lat' dir='ltr'>qui</span> <span class='ocrx_word' id='word_1_269' title='bbox 3423 1770 3770 1841; x_wconf 86' lang='lat' dir='ltr'>peccaverit,</span> <span class='ocrx_word' id='word_1_270' title='bbox 3794 1784 3907 1842; x_wconf 84' lang='lat' dir='ltr'>pec-</span> 
     </span>
    </p>
   </div>
   <div class='ocr_carea' id='block_1_18' title="bbox 518 1854 3907 1930">
    <p class='ocr_par' dir='ltr' id='par_1_18' title="bbox 518 1854 3907 1930">
     <span class='ocr_line' id='line_1_18' title="bbox 518 1854 3907 1930; baseline 0 -16"><span class='ocrx_word' id='word_1_271' title='bbox 518 1860 625 1914; x_wconf 90' lang='lat' dir='ltr'>cet.</span> <span class='ocrx_word' id='word_1_272' title='bbox 659 1856 738 1912; x_wconf 92' lang='lat' dir='ltr'>De</span> <span class='ocrx_word' id='word_1_273' title='bbox 768 1856 1061 1928; x_wconf 89' lang='lat' dir='ltr'>prioribus</span> <span class='ocrx_word' id='word_1_274' title='bbox 1090 1860 1286 1911; x_wconf 91' lang='lat' dir='ltr'>autem</span> <span class='ocrx_word' id='word_1_275' title='bbox 1319 1855 1569 1928; x_wconf 89' lang='lat' dir='ltr'>peccatis</span> <span class='ocrx_word' id='word_1_276' title='bbox 1600 1856 1751 1926; x_wconf 87' lang='lat' dir='ltr'>ejus,</span> <span class='ocrx_word' id='word_1_277' title='bbox 1782 1854 1937 1910; x_wconf 88' lang='lat' dir='ltr'>Deus</span> <span class='ocrx_word' id='word_1_278' title='bbox 1967 1854 2063 1925; x_wconf 91' lang='lat' dir='ltr'>qui</span> <span class='ocrx_word' id='word_1_279' title='bbox 2095 1858 2439 1925; x_wconf 89' lang='lat' dir='ltr'>potestatem</span> <span class='ocrx_word' id='word_1_280' title='bbox 2455 1855 2631 1911; x_wconf 88' lang='lat' dir='ltr'>habet</span> <span class='ocrx_word' id='word_1_281' title='bbox 2664 1856 2976 1912; x_wconf 87' lang='lat' dir='ltr'>sanitatem</span> <span class='ocrx_word' id='word_1_282' title='bbox 3005 1856 3182 1911; x_wconf 90' lang='lat' dir='ltr'>dandi</span> <span class='ocrx_word' id='word_1_283' title='bbox 3212 1857 3347 1930; x_wconf 87' lang='lat'>(36),</span> <span class='ocrx_word' id='word_1_284' title='bbox 3370 1858 3534 1915; x_wconf 88' lang='lat' dir='ltr'>dabit</span> <span class='ocrx_word' id='word_1_285' title='bbox 3556 1858 3907 1925; x_wconf 86' lang='lat' dir='ltr'>remedium;</span> 
     </span>
    </p>
   </div>
   <div class='ocr_carea' id='block_1_19' title="bbox 518 1943 1950 2020">
    <p class='ocr_par' dir='ltr' id='par_1_19' title="bbox 518 1943 1950 2020">
     <span class='ocr_line' id='line_1_19' title="bbox 518 1943 1950 2020; baseline -0.003 -17"><span class='ocrx_word' id='word_1_286' title='bbox 518 1944 659 2020; x_wconf 89' lang='lat' dir='ltr'>quia</span> <span class='ocrx_word' id='word_1_287' title='bbox 684 1945 810 2018; x_wconf 88' lang='lat' dir='ltr'>ipse</span> <span class='ocrx_word' id='word_1_288' title='bbox 831 1950 921 2001; x_wconf 88' lang='lat' dir='ltr'>est</span> <span class='ocrx_word' id='word_1_289' title='bbox 947 1944 1047 2016; x_wconf 90' lang='lat' dir='ltr'>qui</span> <span class='ocrx_word' id='word_1_290' title='bbox 1079 1944 1255 2000; x_wconf 88' lang='lat' dir='ltr'>habet</span> <span class='ocrx_word' id='word_1_291' title='bbox 1285 1946 1632 2017; x_wconf 89' lang='lat' dir='ltr'>potestatem</span> <span class='ocrx_word' id='word_1_292' title='bbox 1666 1943 1950 1999; x_wconf 90' lang='lat' dir='ltr'>omnium.</span> 
     </span>
    </p>
   </div>
   <div class='ocr_carea' id='block_1_20' title="bbox 2039 2085 2392 2142">
    <p class='ocr_par' dir='ltr' id='par_1_20' title="bbox 2039 2085 2392 2142">
     <span class='ocr_line' id='line_1_20' title="bbox 2039 2085 2392 2142; baseline -0.006 0"><span class='ocrx_word' id='word_1_293' title='bbox 2039 2085 2270 2142; x_wconf 86' lang='lat' dir='ltr'>CAPUT</span> <span class='ocrx_word' id='word_1_294' title='bbox 2322 2086 2392 2141; x_wconf 89' lang='grc' dir='ltr'>ΙΙ.</span> 
     </span>
    </p>
   </div>
   <div class='ocr_carea' id='block_1_21' title="bbox 582 2191 3909 2268">
    <p class='ocr_par' dir='ltr' id='par_1_21' title="bbox 582 2191 3909 2268">
     <span class='ocr_line' id='line_1_21' title="bbox 582 2191 3909 2268; baseline -0.001 -15"><span class='ocrx_word' id='word_1_295' title='bbox 582 2202 801 2255; x_wconf 91' lang='lat' dir='ltr'>Iterum</span> <span class='ocrx_word' id='word_1_296' title='bbox 834 2194 1205 2268; x_wconf 88' lang='lat' dir='ltr'>interrogavi,</span> <span class='ocrx_word' id='word_1_297' title='bbox 1238 2198 1295 2250; x_wconf 90' lang='lat' dir='ltr'>et</span> <span class='ocrx_word' id='word_1_298' title='bbox 1324 2194 1472 2250; x_wconf 87' lang='lat' dir='ltr'>dixi:</span> <span class='ocrx_word' id='word_1_299' title='bbox 1508 2193 1792 2260; x_wconf 90' lang='lat' dir='ltr'>Quoniam</span> <span class='ocrx_word' id='word_1_300' title='bbox 1824 2191 2108 2248; x_wconf 88' lang='lat' dir='ltr'>Dominus</span> <span class='ocrx_word' id='word_1_301' title='bbox 2141 2192 2493 2248; x_wconf 85' lang='lat' dir='ltr'>existimavit</span> <span class='ocrx_word' id='word_1_302' title='bbox 2522 2209 2614 2248; x_wconf 90' lang='lat' dir='ltr'>me</span> <span class='ocrx_word' id='word_1_303' title='bbox 2646 2193 2891 2267; x_wconf 91' lang='lat' dir='ltr'>dignum</span> <span class='ocrx_word' id='word_1_304' title='bbox 2925 2198 3399 2262; x_wconf 91' lang='lat' dir='ltr'>esse,utmecum</span> <span class='ocrx_word' id='word_1_305' title='bbox 3424 2194 3654 2251; x_wconf 87' lang='lat' dir='ltr'>habites</span> <span class='ocrx_word' id='word_1_306' title='bbox 3675 2210 3909 2267; x_wconf 84' lang='lat' dir='ltr'>semper,</span> 
     </span>
    </p>
   </div>
   <div class='ocr_carea' id='block_1_22' title="bbox 516 2280 3910 2361">
    <p class='ocr_par' dir='ltr' id='par_1_22' title="bbox 516 2280 3910 2361">
     <span class='ocr_line' id='line_1_22' title="bbox 516 2280 3910 2361; baseline -0.001 -18"><span class='ocrx_word' id='word_1_307' title='bbox 516 2303 705 2361; x_wconf 89' lang='lat' dir='ltr'>pauca</span> <span class='ocrx_word' id='word_1_308' title='bbox 732 2285 907 2341; x_wconf 91' lang='lat' dir='ltr'>verba</span> <span class='ocrx_word' id='word_1_309' title='bbox 938 2284 1082 2340; x_wconf 87' lang='lat' dir='ltr'>mihi</span> <span class='ocrx_word' id='word_1_310' title='bbox 1114 2283 1390 2354; x_wconf 88' lang='lat' dir='ltr'>edissere,</span> <span class='ocrx_word' id='word_1_311' title='bbox 1440 2281 1576 2353; x_wconf 87' lang='lat' dir='ltr'>quia</span> <span class='ocrx_word' id='word_1_312' title='bbox 1630 2299 1744 2337; x_wconf 89' lang='lat' dir='ltr'>non</span> <span class='ocrx_word' id='word_1_313' title='bbox 1802 2280 2065 2354; x_wconf 89' lang='lat' dir='ltr'>intelligo</span> <span class='ocrx_word' id='word_1_314' title='bbox 2097 2282 2442 2354; x_wconf 88' lang='lat' dir='ltr'>quidquam,</span> <span class='ocrx_word' id='word_1_315' title='bbox 2476 2286 2534 2337; x_wconf 91' lang='lat' dir='ltr'>et</span> <span class='ocrx_word' id='word_1_316' title='bbox 2564 2299 2662 2338; x_wconf 91' lang='lat' dir='ltr'>cor</span> <span class='ocrx_word' id='word_1_317' title='bbox 2721 2299 2918 2339; x_wconf 92' lang='lat' dir='ltr'>meum</span> <span class='ocrx_word' id='word_1_318' title='bbox 2968 2284 3304 2340; x_wconf 90' lang='lat' dir='ltr'>obturatum</span> <span class='ocrx_word' id='word_1_319' title='bbox 3337 2285 3449 2357; x_wconf 88' lang='lat'>(37)</span> <span class='ocrx_word' id='word_1_320' title='bbox 3479 2289 3568 2340; x_wconf 92' lang='lat' dir='ltr'>est</span> <span class='ocrx_word' id='word_1_321' title='bbox 3597 2301 3631 2340; x_wconf 91' lang='lat' dir='ltr'>a</span> <span class='ocrx_word' id='word_1_322' title='bbox 3679 2284 3910 2356; x_wconf 84' lang='lat' dir='ltr'>pristina</span> 
     </span>
    </p>
   </div>
   <div class='ocr_carea' id='block_1_23' title="bbox 515 2370 3912 2445">
    <p class='ocr_par' dir='ltr' id='par_1_23' title="bbox 515 2370 3912 2445">
     <span class='ocr_line' id='line_1_23' title="bbox 515 2370 3912 2445; baseline -0.002 -11"><span class='ocrx_word' id='word_1_323' title='bbox 515 2374 951 2434; x_wconf 87' lang='lat' dir='ltr'>conversatione</span> <span class='ocrx_word' id='word_1_324' title='bbox 983 2374 1124 2445; x_wconf 91' lang='lat'>(38);</span> <span class='ocrx_word' id='word_1_325' title='bbox 1161 2377 1219 2428; x_wconf 89' lang='lat' dir='ltr'>et</span> <span class='ocrx_word' id='word_1_326' title='bbox 1249 2388 1489 2428; x_wconf 88' lang='lat' dir='ltr'>sensum</span> <span class='ocrx_word' id='word_1_327' title='bbox 1523 2371 1667 2426; x_wconf 89' lang='lat' dir='ltr'>mihi</span> <span class='ocrx_word' id='word_1_328' title='bbox 1700 2372 1879 2443; x_wconf 91' lang='lat' dir='ltr'>aperi,</span> <span class='ocrx_word' id='word_1_329' title='bbox 1913 2371 2050 2441; x_wconf 88' lang='lat' dir='ltr'>quia</span> <span class='ocrx_word' id='word_1_330' title='bbox 2077 2370 2453 2426; x_wconf 89' lang='lat' dir='ltr'>vehementer</span> <span class='ocrx_word' id='word_1_331' title='bbox 2480 2372 2727 2428; x_wconf 90' lang='lat' dir='ltr'>obtusus</span> <span class='ocrx_word' id='word_1_332' title='bbox 2756 2372 2869 2445; x_wconf 89' lang='lat'>(39)</span> <span class='ocrx_word' id='word_1_333' title='bbox 2902 2390 3057 2445; x_wconf 88' lang='lat' dir='ltr'>sum,</span> <span class='ocrx_word' id='word_1_334' title='bbox 3094 2377 3151 2430; x_wconf 89' lang='lat' dir='ltr'>et</span> <span class='ocrx_word' id='word_1_335' title='bbox 3178 2373 3237 2429; x_wconf 90' lang='lat' dir='ltr'>in</span> <span class='ocrx_word' id='word_1_336' title='bbox 3277 2377 3463 2429; x_wconf 88' lang='lat' dir='ltr'>totum</span> <span class='ocrx_word' id='word_1_337' title='bbox 3492 2374 3604 2445; x_wconf 86' lang='lat'>(40)</span> <span class='ocrx_word' id='word_1_338' title='bbox 3666 2372 3812 2428; x_wconf 90' lang='lat' dir='ltr'>nihil</span> <span class='ocrx_word' id='word_1_339' title='bbox 3841 2373 3912 2427; x_wconf 82' lang='lat' dir='ltr'>in-</span> 
     </span>
    </p>
   </div>
   <div class='ocr_carea' id='block_1_24' title="bbox 516 2459 3913 2537">
    <p class='ocr_par' dir='ltr' id='par_1_24' title="bbox 516 2459 3913 2537">
     <span class='ocr_line' id='line_1_24' title="bbox 516 2459 3913 2537; baseline -0.002 -15"><span class='ocrx_word' id='word_1_340' title='bbox 516 2465 740 2537; x_wconf 89' lang='lat' dir='ltr'>telligo.</span> <span class='ocrx_word' id='word_1_341' title='bbox 774 2467 841 2519; x_wconf 87' lang='lat' dir='ltr'>Et</span> <span class='ocrx_word' id='word_1_342' title='bbox 864 2462 1223 2535; x_wconf 90' lang='lat' dir='ltr'>respondens</span> <span class='ocrx_word' id='word_1_343' title='bbox 1244 2461 1389 2516; x_wconf 88' lang='lat' dir='ltr'>dixit</span> <span class='ocrx_word' id='word_1_344' title='bbox 1418 2460 1599 2516; x_wconf 89' lang='lat' dir='ltr'>mihi:</span> <span class='ocrx_word' id='word_1_345' title='bbox 1637 2461 1750 2533; x_wconf 85' lang='lat' dir='ltr'>Ego</span> <span class='ocrx_word' id='word_1_346' title='bbox 1782 2459 2127 2532; x_wconf 77' lang='lat' dir='ltr'>praepositus</span> <span class='ocrx_word' id='word_1_347' title='bbox 2158 2477 2291 2515; x_wconf 92' lang='lat' dir='ltr'>sum</span> <span class='ocrx_word' id='word_1_348' title='bbox 2342 2460 2710 2533; x_wconf 66' lang='lat' dir='ltr'>poenitentiae,</span> <span class='ocrx_word' id='word_1_349' title='bbox 2743 2466 2799 2517; x_wconf 89' lang='lat' dir='ltr'>et</span> <span class='ocrx_word' id='word_1_350' title='bbox 2843 2463 3118 2518; x_wconf 90' lang='lat' dir='ltr'>omnibus</span> <span class='ocrx_word' id='word_1_351' title='bbox 3165 2464 3566 2535; x_wconf 89' lang='lat' dir='ltr'>penitentiam</span> <span class='ocrx_word' id='word_1_352' title='bbox 3616 2462 3913 2535; x_wconf 88' lang='lat' dir='ltr'>agentibus</span> 
     </span>
    </p>
   </div>
   <div class='ocr_carea' id='block_1_25' title="bbox 524 2549 3911 2623">
    <p class='ocr_par' dir='ltr' id='par_1_25' title="bbox 524 2549 3911 2623">
     <span class='ocr_line' id='line_1_25' title="bbox 524 2549 3911 2623; baseline -0.002 -12"><span class='ocrx_word' id='word_1_353' title='bbox 524 2569 768 2612; x_wconf 87' lang='lat' dir='ltr'>sensum</span> <span class='ocrx_word' id='word_1_354' title='bbox 798 2552 894 2607; x_wconf 91' lang='lat' dir='ltr'>do.</span> <span class='ocrx_word' id='word_1_355' title='bbox 928 2555 1138 2606; x_wconf 87' lang='lat' dir='ltr'>Annon</span> <span class='ocrx_word' id='word_1_356' title='bbox 1166 2550 1273 2605; x_wconf 91' lang='lat' dir='ltr'>tibi</span> <span class='ocrx_word' id='word_1_357' title='bbox 1302 2549 1552 2619; x_wconf 87' lang='lat' dir='ltr'>videtur,</span> <span class='ocrx_word' id='word_1_358' title='bbox 1584 2549 1988 2621; x_wconf 86' lang='lat' dir='ltr'>penitentiam</span> <span class='ocrx_word' id='word_1_359' title='bbox 2022 2564 2209 2621; x_wconf 89' lang='lat' dir='ltr'>agere,</span> <span class='ocrx_word' id='word_1_360' title='bbox 2245 2565 2519 2621; x_wconf 88' lang='lat' dir='ltr'>magnam</span> <span class='ocrx_word' id='word_1_361' title='bbox 2569 2550 2918 2621; x_wconf 89' lang='lat' dir='ltr'>sapientiam</span> <span class='ocrx_word' id='word_1_362' title='bbox 2950 2552 3063 2623; x_wconf 89' lang='grc'>(41)</span> <span class='ocrx_word' id='word_1_363' title='bbox 3093 2568 3259 2619; x_wconf 90' lang='lat' dir='ltr'>esse;</span> <span class='ocrx_word' id='word_1_364' title='bbox 3290 2551 3563 2623; x_wconf 88' lang='lat' dir='ltr'>quoniam</span> <span class='ocrx_word' id='word_1_365' title='bbox 3620 2552 3725 2622; x_wconf 89' lang='lat' dir='ltr'>qui</span> <span class='ocrx_word' id='word_1_366' title='bbox 3753 2550 3911 2623; x_wconf 87' lang='lat' dir='ltr'>peni-</span> 
     </span>
    </p>
   </div>
   <div class='ocr_carea' id='block_1_26' title="bbox 526 2636 3913 2712">
    <p class='ocr_par' dir='ltr' id='par_1_26' title="bbox 526 2636 3913 2712">
     <span class='ocr_line' id='line_1_26' title="bbox 526 2636 3913 2712; baseline -0.001 -15"><span class='ocrx_word' id='word_1_367' title='bbox 526 2640 774 2698; x_wconf 86' lang='lat' dir='ltr'>tentiam</span> <span class='ocrx_word' id='word_1_368' title='bbox 804 2639 943 2712; x_wconf 87' lang='lat' dir='ltr'>agit,</span> <span class='ocrx_word' id='word_1_369' title='bbox 976 2654 1217 2694; x_wconf 89' lang='lat' dir='ltr'>sensum</span> <span class='ocrx_word' id='word_1_370' title='bbox 1251 2653 1532 2709; x_wconf 91' lang='lat' dir='ltr'>magnum</span> <span class='ocrx_word' id='word_1_371' title='bbox 1563 2636 1955 2708; x_wconf 81' lang='lat' dir='ltr'>adipiscitur?</span> <span class='ocrx_word' id='word_1_372' title='bbox 1984 2638 2172 2692; x_wconf 91' lang='lat' dir='ltr'>Sentit</span> <span class='ocrx_word' id='word_1_373' title='bbox 2197 2637 2351 2692; x_wconf 91' lang='lat' dir='ltr'>enim</span> <span class='ocrx_word' id='word_1_374' title='bbox 2385 2654 2445 2692; x_wconf 92' lang='lat' dir='ltr'>se</span> <span class='ocrx_word' id='word_1_375' title='bbox 2475 2654 2765 2709; x_wconf 89' lang='lat' dir='ltr'>peccasse,</span> <span class='ocrx_word' id='word_1_376' title='bbox 2790 2644 2846 2693; x_wconf 92' lang='lat' dir='ltr'>et</span> <span class='ocrx_word' id='word_1_377' title='bbox 2876 2640 3083 2695; x_wconf 83' lang='lat' dir='ltr'>fecisse</span> <span class='ocrx_word' id='word_1_378' title='bbox 3114 2640 3381 2711; x_wconf 90' lang='lat' dir='ltr'>nequiter</span> <span class='ocrx_word' id='word_1_379' title='bbox 3398 2640 3458 2694; x_wconf 92' lang='lat' dir='ltr'>in</span> <span class='ocrx_word' id='word_1_380' title='bbox 3482 2645 3800 2711; x_wconf 89' lang='lat' dir='ltr'>conspectu</span> <span class='ocrx_word' id='word_1_381' title='bbox 3821 2639 3913 2709; x_wconf 76' lang='lat'>(42)</span> 
     </span>
    </p>
   </div>
   <div class='ocr_carea' id='block_1_27' title="bbox 532 2724 3915 2800">
    <p class='ocr_par' dir='ltr' id='par_1_27' title="bbox 532 2724 3915 2800">
     <span class='ocr_line' id='line_1_27' title="bbox 532 2724 3915 2800; baseline -0.002 -13"><span class='ocrx_word' id='word_1_382' title='bbox 532 2729 766 2789; x_wconf 89' lang='lat' dir='ltr'>Domini</span> <span class='ocrx_word' id='word_1_383' title='bbox 801 2746 815 2795; x_wconf 93' lang='lat'>;</span> <span class='ocrx_word' id='word_1_384' title='bbox 848 2733 903 2784; x_wconf 89' lang='lat' dir='ltr'>et</span> <span class='ocrx_word' id='word_1_385' title='bbox 926 2728 1267 2783; x_wconf 86' lang='lat' dir='ltr'>recordatur</span> <span class='ocrx_word' id='word_1_386' title='bbox 1291 2724 1589 2781; x_wconf 88' lang='lat' dir='ltr'>intellectu</span> <span class='ocrx_word' id='word_1_387' title='bbox 1623 2726 1775 2797; x_wconf 92' lang='lat' dir='ltr'>quod</span> <span class='ocrx_word' id='word_1_388' title='bbox 1825 2726 2087 2796; x_wconf 90' lang='lat' dir='ltr'>deliquit,</span> <span class='ocrx_word' id='word_1_389' title='bbox 2120 2730 2176 2781; x_wconf 85' lang='lat' dir='ltr'>et</span> <span class='ocrx_word' id='word_1_390' title='bbox 2200 2726 2600 2797; x_wconf 82' lang='lat' dir='ltr'>penitentiam</span> <span class='ocrx_word' id='word_1_391' title='bbox 2633 2726 2772 2799; x_wconf 90' lang='lat' dir='ltr'>agit,</span> <span class='ocrx_word' id='word_1_392' title='bbox 2805 2731 2862 2782; x_wconf 91' lang='lat' dir='ltr'>et</span> <span class='ocrx_word' id='word_1_393' title='bbox 2889 2728 3002 2799; x_wconf 87' lang='lat'>(43)</span> <span class='ocrx_word' id='word_1_394' title='bbox 3051 2728 3307 2800; x_wconf 88' lang='lat' dir='ltr'>amplius</span> <span class='ocrx_word' id='word_1_395' title='bbox 3365 2745 3481 2784; x_wconf 90' lang='lat' dir='ltr'>non</span> <span class='ocrx_word' id='word_1_396' title='bbox 3511 2732 3790 2800; x_wconf 89' lang='lat' dir='ltr'>operatur</span> <span class='ocrx_word' id='word_1_397' title='bbox 3839 2742 3915 2781; x_wconf 85' lang='lat' dir='ltr'>ne-</span> 
     </span>
    </p>
   </div>
   <div class='ocr_carea' id='block_1_28' title="bbox 536 2814 3917 2893">
    <p class='ocr_par' dir='ltr' id='par_1_28' title="bbox 536 2814 3917 2893">
     <span class='ocr_line' id='line_1_28' title="bbox 536 2814 3917 2893; baseline -0.001 -19"><span class='ocrx_word' id='word_1_398' title='bbox 536 2818 728 2893; x_wconf 89' lang='lat' dir='ltr'>quiter</span> <span class='ocrx_word' id='word_1_399' title='bbox 760 2836 773 2883; x_wconf 92' lang='lat'>;</span> <span class='ocrx_word' id='word_1_400' title='bbox 809 2818 910 2873; x_wconf 92' lang='lat' dir='ltr'>sed</span> <span class='ocrx_word' id='word_1_401' title='bbox 941 2820 1214 2888; x_wconf 88' lang='lat' dir='ltr'>operatur</span> <span class='ocrx_word' id='word_1_402' title='bbox 1242 2816 1409 2882; x_wconf 91' lang='lat' dir='ltr'>bene,</span> <span class='ocrx_word' id='word_1_403' title='bbox 1440 2818 1497 2870; x_wconf 89' lang='lat' dir='ltr'>et</span> <span class='ocrx_word' id='word_1_404' title='bbox 1525 2814 1800 2870; x_wconf 91' lang='lat' dir='ltr'>humiliat</span> <span class='ocrx_word' id='word_1_405' title='bbox 1822 2816 2080 2870; x_wconf 91' lang='lat' dir='ltr'>animam</span> <span class='ocrx_word' id='word_1_406' title='bbox 2112 2831 2277 2870; x_wconf 92' lang='lat' dir='ltr'>suam</span> <span class='ocrx_word' id='word_1_407' title='bbox 2310 2819 2367 2870; x_wconf 90' lang='lat' dir='ltr'>et</span> <span class='ocrx_word' id='word_1_408' title='bbox 2396 2819 2627 2887; x_wconf 87' lang='lat' dir='ltr'>torquet</span> <span class='ocrx_word' id='word_1_409' title='bbox 2677 2831 2828 2881; x_wconf 90' lang='lat' dir='ltr'>eam,</span> <span class='ocrx_word' id='word_1_410' title='bbox 2863 2816 2963 2888; x_wconf 91' lang='lat' dir='ltr'>qui</span> <span class='ocrx_word' id='word_1_411' title='bbox 2996 2818 3273 2889; x_wconf 89' lang='lat' dir='ltr'>peccavit.</span> <span class='ocrx_word' id='word_1_412' title='bbox 3332 2817 3507 2873; x_wconf 91' lang='lat' dir='ltr'>Vides</span> <span class='ocrx_word' id='word_1_413' title='bbox 3563 2833 3728 2889; x_wconf 86' lang='lat' dir='ltr'>ergo,</span> <span class='ocrx_word' id='word_1_414' title='bbox 3784 2814 3917 2888; x_wconf 86' lang='lat' dir='ltr'>quod</span> 
     </span>
    </p>
   </div>
   <div class='ocr_carea' id='block_1_29' title="bbox 535 2903 3917 2983">
    <p class='ocr_par' dir='ltr' id='par_1_29' title="bbox 535 2903 3917 2983">
     <span class='ocr_line' id='line_1_29' title="bbox 535 2903 3917 2983; baseline -0.001 -18"><span class='ocrx_word' id='word_1_415' title='bbox 535 2906 877 2983; x_wconf 89' lang='lat' dir='ltr'>penitentia</span> <span class='ocrx_word' id='word_1_416' title='bbox 907 2922 1118 2962; x_wconf 87' lang='lat' dir='ltr'>sensus</span> <span class='ocrx_word' id='word_1_417' title='bbox 1149 2909 1238 2961; x_wconf 91' lang='lat' dir='ltr'>est</span> <span class='ocrx_word' id='word_1_418' title='bbox 1268 2920 1538 2977; x_wconf 91' lang='lat' dir='ltr'>magnus.</span> <span class='ocrx_word' id='word_1_419' title='bbox 1562 2905 1632 2959; x_wconf 91' lang='lat' dir='ltr'>Et</span> <span class='ocrx_word' id='word_1_420' title='bbox 1662 2904 1777 2959; x_wconf 90' lang='lat' dir='ltr'>dixi</span> <span class='ocrx_word' id='word_1_421' title='bbox 1801 2903 1883 2958; x_wconf 91' lang='lat' dir='ltr'>illi</span> <span class='ocrx_word' id='word_1_422' title='bbox 1913 2925 1931 2958; x_wconf 89' lang='lat'><strong><em>:</em></strong></span> <span class='ocrx_word' id='word_1_423' title='bbox 1965 2904 2206 2976; x_wconf 89' lang='lat' dir='ltr'>Propter</span> <span class='ocrx_word' id='word_1_424' title='bbox 2234 2904 2363 2971; x_wconf 91' lang='lat' dir='ltr'>hoc,</span> <span class='ocrx_word' id='word_1_425' title='bbox 2397 2904 2651 2975; x_wconf 90' lang='lat' dir='ltr'>domine,</span> <span class='ocrx_word' id='word_1_426' title='bbox 2704 2903 3019 2977; x_wconf 89' lang='lat' dir='ltr'>diligenter</span> <span class='ocrx_word' id='word_1_427' title='bbox 3063 2905 3298 2978; x_wconf 91' lang='lat' dir='ltr'>inquiro</span> <span class='ocrx_word' id='word_1_428' title='bbox 3356 2906 3577 2973; x_wconf 90' lang='lat' dir='ltr'>omnia,</span> <span class='ocrx_word' id='word_1_429' title='bbox 3636 2904 3917 2977; x_wconf 86' lang='lat' dir='ltr'>quoniam,</span> 
     </span>
    </p>
   </div>
   <div class='ocr_carea' id='block_1_30' title="bbox 532 2992 3917 3071">
    <p class='ocr_par' dir='ltr' id='par_1_30' title="bbox 532 2992 3917 3071">
     <span class='ocr_line' id='line_1_30' title="bbox 532 2992 3917 3071; baseline -0.002 -16"><span class='ocrx_word' id='word_1_430' title='bbox 532 3001 802 3071; x_wconf 88' lang='lat' dir='ltr'>peccator</span> <span class='ocrx_word' id='word_1_431' title='bbox 840 3011 971 3051; x_wconf 89' lang='lat' dir='ltr'>sum</span> <span class='ocrx_word' id='word_1_432' title='bbox 999 3015 1013 3064; x_wconf 85' lang='lat'>;</span> <span class='ocrx_word' id='word_1_433' title='bbox 1037 2998 1103 3051; x_wconf 84' lang='lat' dir='ltr'>ut</span> <span class='ocrx_word' id='word_1_434' title='bbox 1132 2993 1315 3050; x_wconf 89' lang='lat' dir='ltr'>sciam</span> <span class='ocrx_word' id='word_1_435' title='bbox 1348 3011 1475 3065; x_wconf 69' lang='lat' dir='ltr'>quae</span> <span class='ocrx_word' id='word_1_436' title='bbox 1507 3010 1725 3065; x_wconf 89' lang='lat' dir='ltr'>operer,</span> <span class='ocrx_word' id='word_1_437' title='bbox 1760 2996 1816 3049; x_wconf 89' lang='lat' dir='ltr'>et</span> <span class='ocrx_word' id='word_1_438' title='bbox 1846 2992 2033 3049; x_wconf 92' lang='lat' dir='ltr'>vivam</span> <span class='ocrx_word' id='word_1_439' title='bbox 2058 2994 2197 3065; x_wconf 92' lang='lat'>(44):</span> <span class='ocrx_word' id='word_1_440' title='bbox 2231 2993 2370 3065; x_wconf 89' lang='lat' dir='ltr'>quia</span> <span class='ocrx_word' id='word_1_441' title='bbox 2398 2992 2587 3047; x_wconf 80' lang='lat' dir='ltr'>multa</span> <span class='ocrx_word' id='word_1_442' title='bbox 2614 2997 2755 3048; x_wconf 90' lang='lat' dir='ltr'>sunt</span> <span class='ocrx_word' id='word_1_443' title='bbox 2784 2998 3020 3065; x_wconf 90' lang='lat' dir='ltr'>peccata</span> <span class='ocrx_word' id='word_1_444' title='bbox 3051 3011 3199 3051; x_wconf 90' lang='lat' dir='ltr'>mea.</span> <span class='ocrx_word' id='word_1_445' title='bbox 3233 2996 3302 3050; x_wconf 90' lang='lat' dir='ltr'>Et</span> <span class='ocrx_word' id='word_1_446' title='bbox 3341 2994 3484 3050; x_wconf 87' lang='lat' dir='ltr'>dixit</span> <span class='ocrx_word' id='word_1_447' title='bbox 3515 2993 3703 3050; x_wconf 86' lang='lat' dir='ltr'>mihi:</span> <span class='ocrx_word' id='word_1_448' title='bbox 3754 2993 3917 3061; x_wconf 83' lang='lat' dir='ltr'>Vives,</span> 
     </span>
    </p>
   </div>
   <div class='ocr_carea' id='block_1_31' title="bbox 533 3081 3481 3155">
    <p class='ocr_par' dir='ltr' id='par_1_31' title="bbox 533 3081 3481 3155">
     <span class='ocr_line' id='line_1_31' title="bbox 533 3081 3481 3155; baseline -0.001 -11"><span class='ocrx_word' id='word_1_449' title='bbox 533 3086 584 3145; x_wconf 86' lang='lat' dir='ltr'>si</span> <span class='ocrx_word' id='word_1_450' title='bbox 613 3087 734 3143; x_wconf 72' lang='lat' dir='ltr'>hec</span> <span class='ocrx_word' id='word_1_451' title='bbox 766 3085 1043 3142; x_wconf 90' lang='lat' dir='ltr'>mandata</span> <span class='ocrx_word' id='word_1_452' title='bbox 1073 3099 1205 3139; x_wconf 88' lang='lat' dir='ltr'>mea</span> <span class='ocrx_word' id='word_1_453' title='bbox 1235 3083 1581 3140; x_wconf 88' lang='lat' dir='ltr'>custodieris</span> <span class='ocrx_word' id='word_1_454' title='bbox 1606 3100 1619 3138; x_wconf 90' lang='lat'><strong><em>:</em></strong></span> <span class='ocrx_word' id='word_1_455' title='bbox 1652 3086 1710 3139; x_wconf 90' lang='lat' dir='ltr'>et</span> <span class='ocrx_word' id='word_1_456' title='bbox 1732 3082 2067 3155; x_wconf 92' lang='lat' dir='ltr'>quicunque</span> <span class='ocrx_word' id='word_1_457' title='bbox 2098 3081 2347 3137; x_wconf 90' lang='lat' dir='ltr'>audierit</span> <span class='ocrx_word' id='word_1_458' title='bbox 2377 3085 2432 3137; x_wconf 90' lang='lat' dir='ltr'>et</span> <span class='ocrx_word' id='word_1_459' title='bbox 2459 3082 2655 3137; x_wconf 88' lang='lat' dir='ltr'>fecerit</span> <span class='ocrx_word' id='word_1_460' title='bbox 2688 3083 2962 3140; x_wconf 89' lang='lat' dir='ltr'>mandata</span> <span class='ocrx_word' id='word_1_461' title='bbox 2990 3083 3134 3152; x_wconf 73' lang='lat' dir='ltr'>haec,</span> <span class='ocrx_word' id='word_1_462' title='bbox 3162 3083 3314 3140; x_wconf 92' lang='lat' dir='ltr'>vivet</span> <span class='ocrx_word' id='word_1_463' title='bbox 3341 3083 3481 3140; x_wconf 91' lang='lat' dir='ltr'>Deo.</span> 
     </span>
    </p>
   </div>
   <div class='ocr_carea' id='block_1_32' title="bbox 2058 3223 2407 3279">
    <p class='ocr_par' dir='ltr' id='par_1_32' title="bbox 2058 3223 2407 3279">
     <span class='ocr_line' id='line_1_32' title="bbox 2058 3223 2407 3279; baseline 0.003 -1"><span class='ocrx_word' id='word_1_464' title='bbox 2058 3223 2286 3279; x_wconf 86' lang='lat' dir='ltr'>CAPUT</span> <span class='ocrx_word' id='word_1_465' title='bbox 2308 3224 2407 3279; x_wconf 90' lang='lat' dir='ltr'>Ill.</span> 
     </span>
    </p>
   </div>
   <div class='ocr_carea' id='block_1_33' title="bbox 598 3348 3920 3423">
    <p class='ocr_par' dir='ltr' id='par_1_33' title="bbox 598 3348 3920 3423">
     <span class='ocr_line' id='line_1_33' title="bbox 598 3348 3920 3423; baseline -0.002 -14"><span class='ocrx_word' id='word_1_466' title='bbox 598 3355 667 3410; x_wconf 84' lang='lat' dir='ltr'>Et</span> <span class='ocrx_word' id='word_1_467' title='bbox 696 3352 812 3408; x_wconf 91' lang='lat' dir='ltr'>dixi</span> <span class='ocrx_word' id='word_1_468' title='bbox 840 3352 965 3408; x_wconf 90' lang='lat' dir='ltr'>illi:</span> <span class='ocrx_word' id='word_1_469' title='bbox 997 3350 1187 3407; x_wconf 86' lang='lat' dir='ltr'>Etiam</span> <span class='ocrx_word' id='word_1_470' title='bbox 1230 3367 1408 3417; x_wconf 92' lang='lat' dir='ltr'>nunc,</span> <span class='ocrx_word' id='word_1_471' title='bbox 1461 3348 1716 3417; x_wconf 91' lang='lat' dir='ltr'>domine,</span> <span class='ocrx_word' id='word_1_472' title='bbox 1776 3348 1968 3404; x_wconf 89' lang='lat' dir='ltr'>audivi</span> <span class='ocrx_word' id='word_1_473' title='bbox 2004 3364 2038 3403; x_wconf 92' lang='lat' dir='ltr'>a</span> <span class='ocrx_word' id='word_1_474' title='bbox 2095 3348 2450 3419; x_wconf 90' lang='lat' dir='ltr'>quibusdam</span> <span class='ocrx_word' id='word_1_475' title='bbox 2508 3349 2866 3419; x_wconf 90' lang='lat' dir='ltr'>doctoribus,</span> <span class='ocrx_word' id='word_1_476' title='bbox 2902 3352 3056 3423; x_wconf 89' lang='lat' dir='ltr'>quod</span> <span class='ocrx_word' id='word_1_477' title='bbox 3088 3350 3203 3408; x_wconf 91' lang='lat' dir='ltr'>alia</span> <span class='ocrx_word' id='word_1_478' title='bbox 3256 3349 3598 3422; x_wconf 89' lang='lat' dir='ltr'>penitentia</span> <span class='ocrx_word' id='word_1_479' title='bbox 3658 3365 3777 3405; x_wconf 88' lang='lat' dir='ltr'>non</span> <span class='ocrx_word' id='word_1_480' title='bbox 3828 3351 3920 3412; x_wconf 85' lang='lat' dir='ltr'>est,</span> 
     </span>
    </p>
   </div>
   <div class='ocr_carea' id='block_1_34' title="bbox 529 3438 3918 3513">
    <p class='ocr_par' dir='ltr' id='par_1_34' title="bbox 529 3438 3918 3513">
     <span class='ocr_line' id='line_1_34' title="bbox 529 3438 3918 3513; baseline -0.003 -13"><span class='ocrx_word' id='word_1_481' title='bbox 529 3442 647 3500; x_wconf 90' lang='lat' dir='ltr'>nisi</span> <span class='ocrx_word' id='word_1_482' title='bbox 677 3442 798 3507; x_wconf 90' lang='lat' dir='ltr'>illa,</span> <span class='ocrx_word' id='word_1_483' title='bbox 834 3458 967 3497; x_wconf 90' lang='lat' dir='ltr'>cum</span> <span class='ocrx_word' id='word_1_484' title='bbox 1007 3442 1067 3496; x_wconf 90' lang='lat' dir='ltr'>in</span> <span class='ocrx_word' id='word_1_485' title='bbox 1101 3457 1315 3513; x_wconf 91' lang='lat' dir='ltr'>aquam</span> <span class='ocrx_word' id='word_1_486' title='bbox 1361 3438 1771 3496; x_wconf 89' lang='lat' dir='ltr'>descendimus</span> <span class='ocrx_word' id='word_1_487' title='bbox 1819 3443 1875 3493; x_wconf 92' lang='lat' dir='ltr'>et</span> <span class='ocrx_word' id='word_1_488' title='bbox 1922 3438 2033 3509; x_wconf 86' lang='lat'>(45)</span> <span class='ocrx_word' id='word_1_489' title='bbox 2080 3438 2399 3510; x_wconf 90' lang='lat' dir='ltr'>accipimus</span> <span class='ocrx_word' id='word_1_490' title='bbox 2451 3439 2856 3496; x_wconf 88' lang='lat' dir='ltr'>remissionem</span> <span class='ocrx_word' id='word_1_491' title='bbox 2889 3445 3253 3512; x_wconf 90' lang='lat' dir='ltr'>peccatorum</span> <span class='ocrx_word' id='word_1_492' title='bbox 3285 3443 3661 3495; x_wconf 87' lang='lat' dir='ltr'>nostrorum:</span> <span class='ocrx_word' id='word_1_493' title='bbox 3697 3438 3918 3494; x_wconf 75' lang='lat' dir='ltr'>ulterius</span> 
     </span>
    </p>
   </div>
   <div class='ocr_carea' id='block_1_35' title="bbox 527 3526 3921 3604">
    <p class='ocr_par' dir='ltr' id='par_1_35' title="bbox 527 3526 3921 3604">
     <span class='ocr_line' id='line_1_35' title="bbox 527 3526 3921 3604; baseline -0.003 -17"><span class='ocrx_word' id='word_1_494' title='bbox 527 3549 644 3588; x_wconf 91' lang='lat' dir='ltr'>non</span> <span class='ocrx_word' id='word_1_495' title='bbox 695 3547 951 3604; x_wconf 89' lang='lat' dir='ltr'>peccare,</span> <span class='ocrx_word' id='word_1_496' title='bbox 999 3530 1097 3586; x_wconf 88' lang='lat' dir='ltr'>sed</span> <span class='ocrx_word' id='word_1_497' title='bbox 1131 3529 1191 3585; x_wconf 90' lang='lat' dir='ltr'>in</span> <span class='ocrx_word' id='word_1_498' title='bbox 1223 3529 1488 3585; x_wconf 89' lang='lat' dir='ltr'>castitate</span> <span class='ocrx_word' id='word_1_499' title='bbox 1544 3543 1904 3599; x_wconf 89' lang='lat' dir='ltr'>permanere.</span> <span class='ocrx_word' id='word_1_500' title='bbox 1940 3528 2007 3581; x_wconf 90' lang='lat' dir='ltr'>Et</span> <span class='ocrx_word' id='word_1_501' title='bbox 2035 3526 2117 3581; x_wconf 90' lang='lat' dir='ltr'>ait</span> <span class='ocrx_word' id='word_1_502' title='bbox 2173 3526 2355 3583; x_wconf 89' lang='lat' dir='ltr'>mihi:</span> <span class='ocrx_word' id='word_1_503' title='bbox 2417 3528 2588 3584; x_wconf 84' lang='lat' dir='ltr'>Recte</span> <span class='ocrx_word' id='word_1_504' title='bbox 2636 3529 2874 3584; x_wconf 81' lang='lat' dir='ltr'>audisti.</span> <span class='ocrx_word' id='word_1_505' title='bbox 2930 3529 3096 3584; x_wconf 92' lang='lat' dir='ltr'>Nunc</span> <span class='ocrx_word' id='word_1_506' title='bbox 3156 3534 3374 3595; x_wconf 88' lang='lat' dir='ltr'>autem,</span> <span class='ocrx_word' id='word_1_507' title='bbox 3434 3526 3573 3599; x_wconf 90' lang='lat' dir='ltr'>quia</span> <span class='ocrx_word' id='word_1_508' title='bbox 3630 3526 3921 3599; x_wconf 78' lang='lat' dir='ltr'>diligenter</span> 
     </span>
    </p>
   </div>
   <div class='ocr_carea' id='block_1_36' title="bbox 530 3615 3918 3691">
    <p class='ocr_par' dir='ltr' id='par_1_36' title="bbox 530 3615 3918 3691">
     <span class='ocr_line' id='line_1_36' title="bbox 530 3615 3918 3691; baseline -0.002 -15"><span class='ocrx_word' id='word_1_509' title='bbox 530 3620 731 3676; x_wconf 91' lang='lat' dir='ltr'>omnia</span> <span class='ocrx_word' id='word_1_510' title='bbox 761 3619 974 3691; x_wconf 74' lang='lat' dir='ltr'>quaeris</span> <span class='ocrx_word' id='word_1_511' title='bbox 1006 3619 1137 3689; x_wconf 85' lang='lat'>(46),</span> <span class='ocrx_word' id='word_1_512' title='bbox 1170 3622 1227 3673; x_wconf 93' lang='lat' dir='ltr'>et</span> <span class='ocrx_word' id='word_1_513' title='bbox 1255 3617 1364 3671; x_wconf 91' lang='lat' dir='ltr'>hoc</span> <span class='ocrx_word' id='word_1_514' title='bbox 1394 3616 1501 3670; x_wconf 88' lang='lat' dir='ltr'>tibi</span> <span class='ocrx_word' id='word_1_515' title='bbox 1532 3616 1867 3671; x_wconf 87' lang='lat' dir='ltr'>demonstro</span> <span class='ocrx_word' id='word_1_516' title='bbox 1897 3634 1910 3684; x_wconf 93' lang='lat'>;</span> <span class='ocrx_word' id='word_1_517' title='bbox 1944 3632 2059 3670; x_wconf 90' lang='lat' dir='ltr'>non</span> <span class='ocrx_word' id='word_1_518' title='bbox 2090 3615 2234 3670; x_wconf 91' lang='lat' dir='ltr'>dans</span> <span class='ocrx_word' id='word_1_519' title='bbox 2264 3617 2627 3672; x_wconf 87' lang='lat' dir='ltr'>occasionem</span> <span class='ocrx_word' id='word_1_520' title='bbox 2662 3616 2777 3671; x_wconf 90' lang='lat' dir='ltr'>illis</span> <span class='ocrx_word' id='word_1_521' title='bbox 2811 3618 2911 3688; x_wconf 92' lang='lat' dir='ltr'>qui</span> <span class='ocrx_word' id='word_1_522' title='bbox 2944 3617 3219 3673; x_wconf 91' lang='lat' dir='ltr'>credituri</span> <span class='ocrx_word' id='word_1_523' title='bbox 3242 3622 3398 3683; x_wconf 89' lang='lat' dir='ltr'>sunt,</span> <span class='ocrx_word' id='word_1_524' title='bbox 3433 3621 3535 3672; x_wconf 91' lang='lat' dir='ltr'>aut</span> <span class='ocrx_word' id='word_1_525' title='bbox 3556 3615 3660 3688; x_wconf 90' lang='lat' dir='ltr'>qui</span> <span class='ocrx_word' id='word_1_526' title='bbox 3682 3617 3797 3688; x_wconf 83' lang='grc'>(47)</span> <span class='ocrx_word' id='word_1_527' title='bbox 3819 3629 3918 3669; x_wconf 73' lang='lat' dir='ltr'>ce-</span> 
     </span>
    </p>
   </div>
   <div class='ocr_carea' id='block_1_37' title="bbox 531 3704 3919 3778">
    <p class='ocr_par' dir='ltr' id='par_1_37' title="bbox 531 3704 3919 3778">
     <span class='ocr_line' id='line_1_37' title="bbox 531 3704 3919 3778; baseline -0.003 -13"><span class='ocrx_word' id='word_1_528' title='bbox 531 3710 808 3765; x_wconf 90' lang='lat' dir='ltr'>diderunt</span> <span class='ocrx_word' id='word_1_529' title='bbox 864 3707 1129 3763; x_wconf 91' lang='lat' dir='ltr'>Domino.</span> <span class='ocrx_word' id='word_1_530' title='bbox 1163 3706 1266 3770; x_wconf 90' lang='lat' dir='ltr'>Qui</span> <span class='ocrx_word' id='word_1_531' title='bbox 1328 3704 1483 3759; x_wconf 90' lang='lat' dir='ltr'>enim</span> <span class='ocrx_word' id='word_1_532' title='bbox 1527 3706 1651 3775; x_wconf 92' lang='lat' dir='ltr'>jam</span> <span class='ocrx_word' id='word_1_533' title='bbox 1710 3705 2082 3760; x_wconf 87' lang='lat' dir='ltr'>crediderunt</span> <span class='ocrx_word' id='word_1_534' title='bbox 2134 3709 2236 3759; x_wconf 90' lang='lat' dir='ltr'>aut</span> <span class='ocrx_word' id='word_1_535' title='bbox 2285 3706 2383 3776; x_wconf 91' lang='lat' dir='ltr'>qui</span> <span class='ocrx_word' id='word_1_536' title='bbox 2441 3707 2721 3761; x_wconf 90' lang='lat' dir='ltr'>credituri</span> <span class='ocrx_word' id='word_1_537' title='bbox 2780 3713 2938 3771; x_wconf 87' lang='lat' dir='ltr'>sunt,</span> <span class='ocrx_word' id='word_1_538' title='bbox 2971 3707 3085 3775; x_wconf 90' lang='lat'>(48)</span> <span class='ocrx_word' id='word_1_539' title='bbox 3120 3706 3517 3777; x_wconf 89' lang='lat' dir='ltr'>penitentiam</span> <span class='ocrx_word' id='word_1_540' title='bbox 3568 3710 3919 3778; x_wconf 86' lang='lat' dir='ltr'>peccatorum</span> 
     </span>
    </p>
   </div>
   <div class='ocr_carea' id='block_1_38' title="bbox 533 3792 3920 3867">
    <p class='ocr_par' dir='ltr' id='par_1_38' title="bbox 533 3792 3920 3867">
     <span class='ocr_line' id='line_1_38' title="bbox 533 3792 3920 3867; baseline -0.003 -11"><span class='ocrx_word' id='word_1_541' title='bbox 533 3816 648 3856; x_wconf 87' lang='lat' dir='ltr'>non</span> <span class='ocrx_word' id='word_1_542' title='bbox 681 3798 915 3865; x_wconf 88' lang='lat' dir='ltr'>habent,</span> <span class='ocrx_word' id='word_1_543' title='bbox 949 3797 1048 3852; x_wconf 89' lang='lat' dir='ltr'>sed</span> <span class='ocrx_word' id='word_1_544' title='bbox 1085 3794 1513 3850; x_wconf 89' lang='lat' dir='ltr'>remissionem.</span> <span class='ocrx_word' id='word_1_545' title='bbox 1549 3793 1666 3848; x_wconf 91' lang='lat' dir='ltr'>Illis</span> <span class='ocrx_word' id='word_1_546' title='bbox 1692 3794 1805 3865; x_wconf 93' lang='grc'>(49)</span> <span class='ocrx_word' id='word_1_547' title='bbox 1835 3793 1989 3848; x_wconf 91' lang='lat' dir='ltr'>enim</span> <span class='ocrx_word' id='word_1_548' title='bbox 2019 3792 2315 3864; x_wconf 88' lang='lat' dir='ltr'>quivocati</span> <span class='ocrx_word' id='word_1_549' title='bbox 2352 3798 2491 3849; x_wconf 90' lang='lat' dir='ltr'>sunt</span> <span class='ocrx_word' id='word_1_550' title='bbox 2521 3798 2654 3850; x_wconf 88' lang='lat' dir='ltr'>ante</span> <span class='ocrx_word' id='word_1_551' title='bbox 2676 3795 2784 3850; x_wconf 90' lang='lat' dir='ltr'>hos</span> <span class='ocrx_word' id='word_1_552' title='bbox 2806 3796 2950 3861; x_wconf 89' lang='lat' dir='ltr'>dies,</span> <span class='ocrx_word' id='word_1_553' title='bbox 2977 3796 3172 3867; x_wconf 91' lang='lat' dir='ltr'>posuit</span> <span class='ocrx_word' id='word_1_554' title='bbox 3192 3795 3475 3851; x_wconf 88' lang='lat' dir='ltr'>Dominus</span> <span class='ocrx_word' id='word_1_555' title='bbox 3502 3794 3920 3866; x_wconf 85' lang='lat' dir='ltr'>penitentiam;</span> 
     </span>
    </p>
   </div>
   <div class='ocr_carea' id='block_1_39' title="bbox 533 3881 3923 3959">
    <p class='ocr_par' dir='ltr' id='par_1_39' title="bbox 533 3881 3923 3959">
     <span class='ocr_line' id='line_1_39' title="bbox 533 3881 3923 3959; baseline -0.003 -16"><span class='ocrx_word' id='word_1_556' title='bbox 533 3888 813 3959; x_wconf 90' lang='lat' dir='ltr'>quoniam</span> <span class='ocrx_word' id='word_1_557' title='bbox 846 3883 1226 3957; x_wconf 88' lang='lat' dir='ltr'>cogitationes</span> <span class='ocrx_word' id='word_1_558' title='bbox 1257 3882 1521 3937; x_wconf 91' lang='lat' dir='ltr'>omnium</span> <span class='ocrx_word' id='word_1_559' title='bbox 1555 3882 2002 3953; x_wconf 66' lang='lat' dir='ltr'>praecordiorum</span> <span class='ocrx_word' id='word_1_560' title='bbox 2037 3881 2195 3936; x_wconf 88' lang='lat' dir='ltr'>novit</span> <span class='ocrx_word' id='word_1_561' title='bbox 2220 3883 2394 3950; x_wconf 90' lang='lat' dir='ltr'>Deus,</span> <span class='ocrx_word' id='word_1_562' title='bbox 2426 3888 2483 3938; x_wconf 92' lang='lat' dir='ltr'>et</span> <span class='ocrx_word' id='word_1_563' title='bbox 2512 3883 2621 3939; x_wconf 88' lang='lat' dir='ltr'>scit</span> <span class='ocrx_word' id='word_1_564' title='bbox 2676 3884 3075 3939; x_wconf 83' lang='lat' dir='ltr'>infirmitatem</span> <span class='ocrx_word' id='word_1_565' title='bbox 3108 3884 3438 3953; x_wconf 88' lang='lat' dir='ltr'>hominum,</span> <span class='ocrx_word' id='word_1_566' title='bbox 3470 3889 3527 3939; x_wconf 93' lang='lat' dir='ltr'>et</span> <span class='ocrx_word' id='word_1_567' title='bbox 3557 3882 3923 3955; x_wconf 61' lang='lat' dir='ltr'>multiplicem</span> 
     </span>
    </p>
   </div>
   <div class='ocr_carea' id='block_1_40' title="bbox 545 3970 3924 4048">
    <p class='ocr_par' dir='ltr' id='par_1_40' title="bbox 545 3970 3924 4048">
     <span class='ocr_line' id='line_1_40' title="bbox 545 3970 3924 4048; baseline -0.003 -16"><span class='ocrx_word' id='word_1_568' title='bbox 545 3975 875 4048; x_wconf 89' lang='lat' dir='ltr'>nequitiam</span> <span class='ocrx_word' id='word_1_569' title='bbox 902 3972 1141 4039; x_wconf 88' lang='lat' dir='ltr'>diaboli,</span> <span class='ocrx_word' id='word_1_570' title='bbox 1170 3988 1286 4042; x_wconf 93' lang='lat' dir='ltr'>qua</span> <span class='ocrx_word' id='word_1_571' title='bbox 1330 3971 1703 4043; x_wconf 87' lang='lat' dir='ltr'>molitur(50)</span> <span class='ocrx_word' id='word_1_572' title='bbox 1757 3970 1976 4042; x_wconf 89' lang='lat' dir='ltr'>aliquid</span> <span class='ocrx_word' id='word_1_573' title='bbox 2011 3970 2235 4026; x_wconf 89' lang='lat' dir='ltr'>sinistri</span> <span class='ocrx_word' id='word_1_574' title='bbox 2286 3972 2468 4027; x_wconf 88' lang='lat' dir='ltr'>servis</span> <span class='ocrx_word' id='word_1_575' title='bbox 2525 3973 2647 4039; x_wconf 91' lang='lat' dir='ltr'>Dei,</span> <span class='ocrx_word' id='word_1_576' title='bbox 2681 3978 2737 4028; x_wconf 93' lang='lat' dir='ltr'>et</span> <span class='ocrx_word' id='word_1_577' title='bbox 2771 3972 3025 4043; x_wconf 86' lang='lat' dir='ltr'>maligne</span> <span class='ocrx_word' id='word_1_578' title='bbox 3056 3973 3370 4028; x_wconf 89' lang='lat' dir='ltr'>insidiatur</span> <span class='ocrx_word' id='word_1_579' title='bbox 3424 3972 3563 4028; x_wconf 89' lang='lat' dir='ltr'>illis.</span> <span class='ocrx_word' id='word_1_580' title='bbox 3614 3972 3924 4027; x_wconf 84' lang='lat' dir='ltr'>Miseriecrs</span> 
     </span>
    </p>
   </div>
   <div class='ocr_carea' id='block_1_41' title="bbox 536 4058 3924 4137">
    <p class='ocr_par' dir='ltr' id='par_1_41' title="bbox 536 4058 3924 4137">
     <span class='ocr_line' id='line_1_41' title="bbox 536 4058 3924 4137; baseline -0.003 -16"><span class='ocrx_word' id='word_1_581' title='bbox 536 4081 681 4137; x_wconf 89' lang='lat' dir='ltr'>ergo</span> <span class='ocrx_word' id='word_1_582' title='bbox 714 4063 998 4120; x_wconf 91' lang='lat' dir='ltr'>Dominus</span> <span class='ocrx_word' id='word_1_583' title='bbox 1026 4062 1303 4116; x_wconf 89' lang='lat' dir='ltr'>misertus</span> <span class='ocrx_word' id='word_1_584' title='bbox 1334 4066 1421 4114; x_wconf 88' lang='lat' dir='ltr'>est</span> <span class='ocrx_word' id='word_1_585' title='bbox 1471 4060 1730 4131; x_wconf 84' lang='lat' dir='ltr'>ﬁgmenti</span> <span class='ocrx_word' id='word_1_586' title='bbox 1781 4060 1871 4115; x_wconf 88' lang='lat' dir='ltr'>sui</span> <span class='ocrx_word' id='word_1_587' title='bbox 1907 4059 2038 4130; x_wconf 77' lang='grc'>(51),</span> <span class='ocrx_word' id='word_1_588' title='bbox 2072 4064 2130 4114; x_wconf 90' lang='lat' dir='ltr'>et</span> <span class='ocrx_word' id='word_1_589' title='bbox 2159 4060 2357 4131; x_wconf 90' lang='lat' dir='ltr'>posuit</span> <span class='ocrx_word' id='word_1_590' title='bbox 2387 4060 2786 4132; x_wconf 88' lang='lat' dir='ltr'>penitentiam</span> <span class='ocrx_word' id='word_1_591' title='bbox 2842 4061 3041 4127; x_wconf 89' lang='lat' dir='ltr'>istam,</span> <span class='ocrx_word' id='word_1_592' title='bbox 3074 4066 3131 4117; x_wconf 90' lang='lat' dir='ltr'>et</span> <span class='ocrx_word' id='word_1_593' title='bbox 3186 4067 3533 4134; x_wconf 88' lang='lat' dir='ltr'>potestatem</span> <span class='ocrx_word' id='word_1_594' title='bbox 3592 4058 3924 4133; x_wconf 65' lang='lat' dir='ltr'>penitentia!</span> 
     </span>
    </p>
   </div>
   <div class='ocr_carea' id='block_1_42' title="bbox 533 4147 3928 4222">
    <p class='ocr_par' dir='ltr' id='par_1_42' title="bbox 533 4147 3928 4222">
     <span class='ocr_line' id='line_1_42' title="bbox 533 4147 3928 4222; baseline -0.003 -14"><span class='ocrx_word' id='word_1_595' title='bbox 533 4152 712 4222; x_wconf 90' lang='lat' dir='ltr'>hujus</span> <span class='ocrx_word' id='word_1_596' title='bbox 743 4151 890 4207; x_wconf 91' lang='lat' dir='ltr'>mihi</span> <span class='ocrx_word' id='word_1_597' title='bbox 918 4149 1098 4205; x_wconf 89' lang='lat' dir='ltr'>dedit.</span> <span class='ocrx_word' id='word_1_598' title='bbox 1128 4148 1342 4203; x_wconf 90' lang='lat' dir='ltr'>Etideo</span> <span class='ocrx_word' id='word_1_599' title='bbox 1375 4147 1503 4203; x_wconf 92' lang='lat' dir='ltr'>dico</span> <span class='ocrx_word' id='word_1_600' title='bbox 1536 4147 1662 4217; x_wconf 90' lang='lat' dir='ltr'>tibi,</span> <span class='ocrx_word' id='word_1_601' title='bbox 1689 4147 1843 4219; x_wconf 90' lang='lat' dir='ltr'>quod</span> <span class='ocrx_word' id='word_1_602' title='bbox 1874 4153 2007 4219; x_wconf 90' lang='lat' dir='ltr'>post</span> <span class='ocrx_word' id='word_1_603' title='bbox 2032 4148 2390 4204; x_wconf 89' lang='lat' dir='ltr'>vocationem</span> <span class='ocrx_word' id='word_1_604' title='bbox 2448 4148 2609 4205; x_wconf 90' lang='lat' dir='ltr'>illam</span> <span class='ocrx_word' id='word_1_605' title='bbox 2664 4166 2937 4222; x_wconf 86' lang='lat' dir='ltr'>magnam</span> <span class='ocrx_word' id='word_1_606' title='bbox 2968 4155 3026 4205; x_wconf 88' lang='lat' dir='ltr'>et</span> <span class='ocrx_word' id='word_1_607' title='bbox 3079 4155 3362 4221; x_wconf 89' lang='lat' dir='ltr'>sanctam,</span> <span class='ocrx_word' id='word_1_608' title='bbox 3395 4150 3445 4205; x_wconf 92' lang='lat' dir='ltr'>si</span> <span class='ocrx_word' id='word_1_609' title='bbox 3501 4148 3632 4221; x_wconf 91' lang='lat' dir='ltr'>quis</span> <span class='ocrx_word' id='word_1_610' title='bbox 3691 4152 3928 4204; x_wconf 87' lang='lat' dir='ltr'>tentatus</span> 
     </span>
    </p>
   </div>
   <div class='ocr_carea' id='block_1_43' title="bbox 534 4235 3929 4313">
    <p class='ocr_par' dir='ltr' id='par_1_43' title="bbox 534 4235 3929 4313">
     <span class='ocr_line' id='line_1_43' title="bbox 534 4235 3929 4313; baseline 0.001 -17"><span class='ocrx_word' id='word_1_611' title='bbox 534 4240 711 4297; x_wconf 83' lang='lat' dir='ltr'>fuerit</span> <span class='ocrx_word' id='word_1_612' title='bbox 740 4256 774 4295; x_wconf 90' lang='lat' dir='ltr'>a</span> <span class='ocrx_word' id='word_1_613' title='bbox 803 4237 1055 4307; x_wconf 89' lang='lat' dir='ltr'>diabolo,</span> <span class='ocrx_word' id='word_1_614' title='bbox 1087 4240 1145 4294; x_wconf 88' lang='lat' dir='ltr'>et</span> <span class='ocrx_word' id='word_1_615' title='bbox 1173 4237 1513 4309; x_wconf 84' lang='lat' dir='ltr'>peccaverit,</span> <span class='ocrx_word' id='word_1_616' title='bbox 1552 4252 1730 4292; x_wconf 93' lang='lat' dir='ltr'>unam</span> <span class='ocrx_word' id='word_1_617' title='bbox 1762 4235 2162 4308; x_wconf 89' lang='lat' dir='ltr'>penitentiam</span> <span class='ocrx_word' id='word_1_618' title='bbox 2195 4237 2389 4293; x_wconf 89' lang='lat' dir='ltr'>habet.</span> <span class='ocrx_word' id='word_1_619' title='bbox 2424 4237 2485 4294; x_wconf 92' lang='lat' dir='ltr'>Si</span> <span class='ocrx_word' id='word_1_620' title='bbox 2517 4242 2712 4295; x_wconf 89' lang='lat' dir='ltr'>autem</span> <span class='ocrx_word' id='word_1_621' title='bbox 2748 4239 3000 4296; x_wconf 89' lang='lat' dir='ltr'>subinde</span> <span class='ocrx_word' id='word_1_622' title='bbox 3031 4244 3249 4312; x_wconf 89' lang='lat' dir='ltr'>peccet,</span> <span class='ocrx_word' id='word_1_623' title='bbox 3277 4245 3337 4297; x_wconf 87' lang='lat' dir='ltr'>et</span> <span class='ocrx_word' id='word_1_624' title='bbox 3358 4237 3768 4313; x_wconf 86' lang='lat' dir='ltr'>penitentiam</span> <span class='ocrx_word' id='word_1_625' title='bbox 3795 4241 3929 4309; x_wconf 59' lang='lat' dir='ltr'>agri.</span> 
     </span>
    </p>
   </div>
   <div class='ocr_carea' id='block_1_44' title="bbox 608 4394 2278 4467">
    <p class='ocr_par' dir='ltr' id='par_1_44' title="bbox 608 4394 2278 4467">
     <span class='ocr_line' id='line_1_44' title="bbox 608 4394 2278 4467; baseline -0.001 -14"><span class='ocrx_word' id='word_1_626' title='bbox 608 4399 653 4435; x_wconf 76' lang='lat'>7°</span> <span class='ocrx_word' id='word_1_627' title='bbox 682 4396 889 4454; x_wconf 87' lang='lat' dir='ltr'>Matth.</span> <span class='ocrx_word' id='word_1_628' title='bbox 917 4412 974 4464; x_wconf 92' lang='lat' dir='ltr'>v,</span> <span class='ocrx_word' id='word_1_629' title='bbox 1006 4396 1078 4452; x_wconf 87' lang='lat'><strong>32</strong></span> <span class='ocrx_word' id='word_1_630' title='bbox 1110 4413 1124 4465; x_wconf 92' lang='lat'>;</span> <span class='ocrx_word' id='word_1_631' title='bbox 1154 4413 1270 4466; x_wconf 68' lang='lat' dir='ltr'>xxx,</span> <span class='ocrx_word' id='word_1_632' title='bbox 1299 4396 1372 4464; x_wconf 89' lang='lat'>9;</span> <span class='ocrx_word' id='word_1_633' title='bbox 1404 4399 1579 4465; x_wconf 85' lang='lat' dir='ltr'>Marc,</span> <span class='ocrx_word' id='word_1_634' title='bbox 1610 4410 1667 4465; x_wconf 87' lang='lat' dir='ltr'>x,</span> <span class='ocrx_word' id='word_1_635' title='bbox 1700 4394 1761 4449; x_wconf 95' lang='grc'>11</span> <span class='ocrx_word' id='word_1_636' title='bbox 1798 4410 1814 4462; x_wconf 89' lang='lat'>;</span> <span class='ocrx_word' id='word_1_637' title='bbox 1847 4394 1869 4450; x_wconf 93' lang='grc' dir='ltr'><strong>Ι</strong></span> <span class='ocrx_word' id='word_1_638' title='bbox 1898 4394 2023 4451; x_wconf 91' lang='lat' dir='ltr'>Cor.</span> <span class='ocrx_word' id='word_1_639' title='bbox 2056 4412 2157 4467; x_wconf 83' lang='lat' dir='ltr'>xu,</span> <span class='ocrx_word' id='word_1_640' title='bbox 2190 4395 2278 4453; x_wconf 80' lang='grc' dir='ltr'>Η.</span> 
     </span>
    </p>
   </div>
   <div class='ocr_carea' id='block_1_45' title="bbox 1708 4564 2773 4626">
    <p class='ocr_par' dir='ltr' id='par_1_45' title="bbox 1708 4564 2773 4626">
     <span class='ocr_line' id='line_1_45' title="bbox 1708 4564 2773 4626; baseline -0.004 0"><span class='ocrx_word' id='word_1_641' title='bbox 1708 4570 1948 4626; x_wconf 77' lang='lat' dir='ltr'>VARUE</span> <span class='ocrx_word' id='word_1_642' title='bbox 1978 4564 2370 4623; x_wconf 85' lang='lat' dir='ltr'>LECTIONES</span> <span class='ocrx_word' id='word_1_643' title='bbox 2416 4564 2502 4625; x_wconf 85' lang='lat' dir='ltr'>ET</span> <span class='ocrx_word' id='word_1_644' title='bbox 2548 4565 2773 4622; x_wconf 65' lang='lat' dir='ltr'>NOTZE.</span> 
     </span>
    </p>
   </div>
   <div class='ocr_carea' id='block_1_46' title="bbox 633 4695 1894 4764">
    <p class='ocr_par' dir='ltr' id='par_1_46' title="bbox 633 4695 1894 4764">
     <span class='ocr_line' id='line_1_46' title="bbox 633 4695 1894 4764; baseline -0.001 -12"><span class='ocrx_word' id='word_1_645' title='bbox 633 4698 725 4764; x_wconf 91' lang='grc'>31)</span> <span class='ocrx_word' id='word_1_646' title='bbox 757 4697 958 4752; x_wconf 91' lang='lat' dir='ltr'>Lamb.</span> <span class='ocrx_word' id='word_1_647' title='bbox 991 4697 1132 4751; x_wconf 84' lang='lat' dir='ltr'>mihi</span> <span class='ocrx_word' id='word_1_648' title='bbox 1159 4712 1338 4764; x_wconf 87' lang='lat' dir='ltr'>pauca</span> <span class='ocrx_word' id='word_1_649' title='bbox 1362 4695 1526 4751; x_wconf 88' lang='lat' dir='ltr'>verba</span> <span class='ocrx_word' id='word_1_650' title='bbox 1556 4696 1743 4752; x_wconf 80' lang='lat' dir='ltr'>dicere</span> <span class='ocrx_word' id='word_1_651' title='bbox 1770 4695 1894 4751; x_wconf 82' lang='lat' dir='ltr'>tibi.</span> 
     </span>
    </p>
   </div>
   <div class='ocr_carea' id='block_1_47' title="bbox 635 4768 1261 4841">
    <p class='ocr_par' dir='ltr' id='par_1_47' title="bbox 635 4768 1261 4841">
     <span class='ocr_line' id='line_1_47' title="bbox 635 4768 1261 4841; baseline -0.006 -16"><span class='ocrx_word' id='word_1_652' title='bbox 635 4769 723 4841; x_wconf 87' lang='lat'>32)</span> <span class='ocrx_word' id='word_1_653' title='bbox 754 4768 917 4841; x_wconf 92' lang='lat' dir='ltr'>Bodl.</span> <span class='ocrx_word' id='word_1_654' title='bbox 946 4768 1261 4841; x_wconf 64' lang='lat' dir='ltr'>mulierem.</span> 
     </span>
    </p>
   </div>
   <div class='ocr_carea' id='block_1_48' title="bbox 635 4836 1932 4910">
    <p class='ocr_par' dir='ltr' id='par_1_48' title="bbox 635 4836 1932 4910">
     <span class='ocr_line' id='line_1_48' title="bbox 635 4836 1932 4910; baseline -0.004 -14"><span class='ocrx_word' id='word_1_655' title='bbox 635 4836 725 4910; x_wconf 89' lang='lat'>33)</span> <span class='ocrx_word' id='word_1_656' title='bbox 758 4840 861 4896; x_wconf 82' lang='lat' dir='ltr'>Ms.</span> <span class='ocrx_word' id='word_1_657' title='bbox 895 4841 950 4895; x_wconf 93' lang='lat' dir='ltr'>S.</span> <span class='ocrx_word' id='word_1_658' title='bbox 974 4839 1121 4895; x_wconf 90' lang='lat' dir='ltr'>Vict.</span> <span class='ocrx_word' id='word_1_659' title='bbox 1140 4855 1307 4910; x_wconf 78' lang='lat' dir='ltr'>super</span> <span class='ocrx_word' id='word_1_660' title='bbox 1334 4855 1412 4894; x_wconf 81' lang='lat' dir='ltr'>se.</span> <span class='ocrx_word' id='word_1_661' title='bbox 1444 4838 1587 4894; x_wconf 88' lang='lat' dir='ltr'>Vide</span> <span class='ocrx_word' id='word_1_662' title='bbox 1608 4854 1742 4893; x_wconf 89' lang='lat' dir='ltr'>mox</span> <span class='ocrx_word' id='word_1_663' title='bbox 1762 4836 1932 4892; x_wconf 84' lang='lat' dir='ltr'>infra.</span> 
     </span>
    </p>
   </div>
   <div class='ocr_carea' id='block_1_49' title="bbox 2387 4689 3217 4761">
    <p class='ocr_par' dir='ltr' id='par_1_49' title="bbox 2387 4689 3217 4761">
     <span class='ocr_line' id='line_1_49' title="bbox 2387 4689 3217 4761; baseline 0.005 -19"><span class='ocrx_word' id='word_1_664' title='bbox 2387 4689 2475 4761; x_wconf 82' lang='lat'>42)</span> <span class='ocrx_word' id='word_1_665' title='bbox 2502 4689 2661 4745; x_wconf 89' lang='lat' dir='ltr'>Bodl.</span> <span class='ocrx_word' id='word_1_666' title='bbox 2694 4697 2821 4746; x_wconf 82' lang='lat' dir='ltr'>anle</span> <span class='ocrx_word' id='word_1_667' title='bbox 2848 4695 3217 4761; x_wconf 79' lang='lat' dir='ltr'>conspectum.</span> 
     </span>
    </p>
   </div>
   <div class='ocr_carea' id='block_1_50' title="bbox 2389 4761 3044 4835">
    <p class='ocr_par' dir='ltr' id='par_1_50' title="bbox 2389 4761 3044 4835">
     <span class='ocr_line' id='line_1_50' title="bbox 2389 4761 3044 4835; baseline 0.003 -20"><span class='ocrx_word' id='word_1_668' title='bbox 2389 4761 2477 4835; x_wconf 86' lang='lat'>43)</span> <span class='ocrx_word' id='word_1_669' title='bbox 2502 4762 2712 4835; x_wconf 78' lang='lat' dir='ltr'>Lamb.</span> <span class='ocrx_word' id='word_1_670' title='bbox 2745 4764 2880 4819; x_wconf 91' lang='lat' dir='ltr'>add.</span> <span class='ocrx_word' id='word_1_671' title='bbox 2904 4765 3044 4835; x_wconf 87' lang='lat' dir='ltr'>jam.</span> 
     </span>
    </p>
   </div>
   <div class='ocr_carea' id='block_1_51' title="bbox 2390 4834 3931 4907">
    <p class='ocr_par' dir='ltr' id='par_1_51' title="bbox 2390 4834 3931 4907">
     <span class='ocr_line' id='line_1_51' title="bbox 2390 4834 3931 4907; baseline 0.005 -21"><span class='ocrx_word' id='word_1_672' title='bbox 2390 4834 2479 4907; x_wconf 88' lang='lat'>44)</span> <span class='ocrx_word' id='word_1_673' title='bbox 2497 4834 2697 4889; x_wconf 91' lang='lat' dir='ltr'>Lamb.</span> <span class='ocrx_word' id='word_1_674' title='bbox 2720 4834 2922 4907; x_wconf 64' lang='lat' dir='ltr'>quibus</span> <span class='ocrx_word' id='word_1_675' title='bbox 2949 4851 3141 4906; x_wconf 86' lang='lat' dir='ltr'>operer</span> <span class='ocrx_word' id='word_1_676' title='bbox 3169 4838 3449 4907; x_wconf 85' lang='lat' dir='ltr'>ulvivam.</span> <span class='ocrx_word' id='word_1_677' title='bbox 3475 4834 3704 4891; x_wconf 81' lang='lat' dir='ltr'>Habent</span> <span class='ocrx_word' id='word_1_678' title='bbox 3723 4846 3931 4907; x_wconf 75' lang='lat' dir='ltr'>quoque</span> 
     </span>
    </p>
   </div>
   <div class='ocr_carea' id='block_1_52' title="bbox 2362 4688 2381 4901">
    <p class='ocr_par' dir='ltr' id='par_1_52' title="bbox 2362 4688 2381 4901">
     <span class='ocr_line' id='line_1_52' title="bbox 2362 4688 2381 4901; baseline 0 0"><span class='ocrx_word' id='word_1_679' title='bbox 2362 4688 2381 4901; x_wconf 67' lang='grc' dir='ltr'><strong>ἓ</strong></span> 
     </span>
    </p>
   </div>
   <div class='ocr_carea' id='block_1_53' title="bbox 611 4698 630 5055">
    <p class='ocr_par' dir='ltr' id='par_1_53' title="bbox 611 4698 630 5055">
     <span class='ocr_line' id='line_1_53' title="bbox 611 4698 630 5055; baseline 0 0"><span class='ocrx_word' id='word_1_680' title='bbox 611 4698 630 5055; x_wconf 77' lang='grc' dir='ltr'>ἓ</span> 
     </span>
    </p>
   </div>
   <div class='ocr_carea' id='block_1_54' title="bbox 637 4906 3377 4981">
    <p class='ocr_par' dir='ltr' id='par_1_54' title="bbox 637 4906 3377 4981">
     <span class='ocr_line' id='line_1_54' title="bbox 637 4906 3377 4981; baseline -0.002 -15"><span class='ocrx_word' id='word_1_681' title='bbox 637 4906 729 4981; x_wconf 90' lang='lat'>34)</span> <span class='ocrx_word' id='word_1_682' title='bbox 759 4911 918 4967; x_wconf 91' lang='lat' dir='ltr'>Bodl.</span> <span class='ocrx_word' id='word_1_683' title='bbox 952 4910 1110 4966; x_wconf 84' lang='lat' dir='ltr'>illi...</span> <span class='ocrx_word' id='word_1_684' title='bbox 1138 4906 1474 4981; x_wconf 73' lang='lat' dir='ltr'>coinquinat.</span> <span class='ocrx_word' id='word_1_685' title='bbox 2297 4906 2569 4981; x_wconf 30' lang='lat' dir='ltr'>ut‘zjiuapz</span> <span class='ocrx_word' id='word_1_686' title='bbox 2600 4921 2745 4981; x_wconf 85' lang='lat' dir='ltr'>mss.</span> <span class='ocrx_word' id='word_1_687' title='bbox 2773 4906 3064 4981; x_wconf 78' lang='lat' dir='ltr'>S_._Germ.</span> <span class='ocrx_word' id='word_1_688' title='bbox 3100 4910 3158 4961; x_wconf 92' lang='lat' dir='ltr'>et</span> <span class='ocrx_word' id='word_1_689' title='bbox 3186 4906 3377 4962; x_wconf 87' lang='lat' dir='ltr'>Carm.</span> 
     </span>
    </p>
   </div>
   <div class='ocr_carea' id='block_1_55' title="bbox 636 4971 3054 5055">
    <p class='ocr_par' dir='ltr' id='par_1_55' title="bbox 636 4971 3054 5055">
     <span class='ocr_line' id='line_1_55' title="bbox 636 4971 3054 5055; baseline -0.003 -16"><span class='ocrx_word' id='word_1_690' title='bbox 751 4987 887 5038; x_wconf 84' lang='lat' dir='ltr'>Mss.</span> <span class='ocrx_word' id='word_1_691' title='bbox 922 4982 1093 5055; x_wconf 81' lang='lat' dir='ltr'>Vict.,</span> <span class='ocrx_word' id='word_1_692' title='bbox 1126 4971 1317 5039; x_wconf 83' lang='lat' dir='ltr'>Carm.</span> <span class='ocrx_word' id='word_1_693' title='bbox 1341 4986 1397 5037; x_wconf 90' lang='lat' dir='ltr'>et</span> <span class='ocrx_word' id='word_1_694' title='bbox 1426 4981 1626 5036; x_wconf 89' lang='lat' dir='ltr'>Lamb.</span> <span class='ocrx_word' id='word_1_695' title='bbox 1658 4996 1823 5051; x_wconf 78' lang='lat' dir='ltr'>super</span> <span class='ocrx_word' id='word_1_696' title='bbox 1850 4996 1941 5035; x_wconf 75' lang='lat' dir='ltr'>vos</span> <span class='ocrx_word' id='word_1_697' title='bbox 1962 4992 2185 5033; x_wconf 82' lang='lat' dir='ltr'>manere</span> <span class='ocrx_word' id='word_1_698' title='bbox 2516 4976 2718 5055; x_wconf 76' lang='lat' dir='ltr'>Lamb.</span> <span class='ocrx_word' id='word_1_699' title='bbox 2756 4978 3054 5055; x_wconf 71' lang='lat' dir='ltr'>add._jam.</span> 
     </span>
    </p>
   </div>
   <div class='ocr_carea' id='block_1_56' title="bbox 542 5044 3017 5121">
    <p class='ocr_par' dir='ltr' id='par_1_56' title="bbox 542 5044 3017 5121">
     <span class='ocr_line' id='line_1_56' title="bbox 542 5044 3017 5121; baseline -0.004 -9"><span class='ocrx_word' id='word_1_700' title='bbox 542 5044 658 5112; x_wconf 67' lang='lat' dir='ltr'>sive</span> <span class='ocrx_word' id='word_1_701' title='bbox 687 5044 803 5111; x_wconf 59' lang='lat' dir='ltr'>v&#39;iro</span> <span class='ocrx_word' id='word_1_702' title='bbox 834 5056 946 5110; x_wconf 80' lang='lat' dir='ltr'>sive</span> <span class='ocrx_word' id='word_1_703' title='bbox 975 5044 1221 5109; x_wconf 83' lang='lat' dir='ltr'>mulieri.</span> <span class='ocrx_word' id='word_1_704' title='bbox 1723 5044 1735 5051; x_wconf 82' lang='grc'><em>”</em></span> <span class='ocrx_word' id='word_1_705' title='bbox 2372 5044 2486 5121; x_wconf 70' lang='grc'>(46)</span> <span class='ocrx_word' id='word_1_706' title='bbox 2520 5047 2721 5121; x_wconf 79' lang='lat' dir='ltr'>Lamb.</span> <span class='ocrx_word' id='word_1_707' title='bbox 2759 5044 3017 5121; x_wconf 73' lang='lat' dir='ltr'>inquiris.</span> 
     </span>
    </p>
   </div>
   <div class='ocr_carea' id='block_1_57' title="bbox 637 5116 3096 5198">
    <p class='ocr_par' dir='ltr' id='par_1_57' title="bbox 637 5116 3096 5198">
     <span class='ocr_line' id='line_1_57' title="bbox 637 5116 3096 5198; baseline -0.003 -16"><span class='ocrx_word' id='word_1_708' title='bbox 637 5128 728 5198; x_wconf 89' lang='lat'>36)</span> <span class='ocrx_word' id='word_1_709' title='bbox 761 5126 964 5182; x_wconf 91' lang='lat' dir='ltr'>Lamb.</span> <span class='ocrx_word' id='word_1_710' title='bbox 986 5125 1246 5190; x_wconf 84' lang='lat' dir='ltr'>sanandi,</span> <span class='ocrx_word' id='word_1_711' title='bbox 1287 5123 1458 5179; x_wconf 86' lang='lat' dir='ltr'>dabit.</span> <span class='ocrx_word' id='word_1_712' title='bbox 2373 5116 2490 5198; x_wconf 16' lang='lat'>(47,).</span> <span class='ocrx_word' id='word_1_713' title='bbox 2521 5119 2719 5198; x_wconf 58' lang='lat' dir='ltr'>Lamb.</span> <span class='ocrx_word' id='word_1_714' title='bbox 2756 5116 3096 5198; x_wconf 65' lang='lat' dir='ltr'>ad&#39;d._mod_o.</span> 
     </span>
    </p>
   </div>
   <div class='ocr_carea' id='block_1_58' title="bbox 640 5186 2278 5266">
    <p class='ocr_par' dir='ltr' id='par_1_58' title="bbox 640 5186 1336 5265">
     <span class='ocr_line' id='line_1_58' title="bbox 640 5186 1336 5265; baseline -0.006 -12"><span class='ocrx_word' id='word_1_715' title='bbox 640 5186 729 5265; x_wconf 78' lang='lat'>37)</span> <span class='ocrx_word' id='word_1_716' title='bbox 761 5198 960 5253; x_wconf 87' lang='lat' dir='ltr'>Lamb.</span> <span class='ocrx_word' id='word_1_717' title='bbox 991 5186 1336 5252; x_wconf 81' lang='lat' dir='ltr'>obduratum.</span> 
     </span>
    </p>
   </div>
   <div class='ocr_carea' id='block_1_59' title="bbox 2390 5186 3859 5266">
    <p class='ocr_par' dir='ltr' id='par_1_59' title="bbox 2390 5186 3859 5266">
     <span class='ocr_line' id='line_1_59' title="bbox 2390 5186 3859 5266; baseline -0.001 -22"><span class='ocrx_word' id='word_1_718' title='bbox 2390 5186 2495 5261; x_wconf 78' lang='grc'>[48)</span> <span class='ocrx_word' id='word_1_719' title='bbox 2526 5189 2794 5266; x_wconf 73' lang='lat' dir='ltr'>Clemens</span> <span class='ocrx_word' id='word_1_720' title='bbox 2840 5190 2998 5266; x_wconf 49' lang='lat'>13.16::</span> <span class='ocrx_word' id='word_1_721' title='bbox 3032 5191 3075 5245; x_wconf 91' lang='grc' dir='ltr'><strong>Ι.</strong></span> <span class='ocrx_word' id='word_1_722' title='bbox 3126 5206 3225 5266; x_wconf 41' lang='grc' dir='ltr'>σεε</span> <span class='ocrx_word' id='word_1_723' title='bbox 3278 5189 3516 5266; x_wconf 59' lang='grc' dir='ltr'>’ἈρρξςιίςΔ</span> <span class='ocrx_word' id='word_1_724' title='bbox 3548 5186 3728 5266; x_wconf 62' lang='grc' dir='ltr'>τοίνυν</span> <span class='ocrx_word' id='word_1_725' title='bbox 3781 5189 3859 5266; x_wconf 49' lang='grc' dir='ltr'>ἁμέ</span> 
     </span>
    </p>
   </div>
   <div class='ocr_carea' id='block_1_60' title="bbox 639 5255 2278 5404">
    <p class='ocr_par' dir='ltr' id='par_1_60' title="bbox 639 5255 1304 5404">
     <span class='ocr_line' id='line_1_60' title="bbox 639 5255 1304 5325; baseline -0.005 -1"><span class='ocrx_word' id='word_1_726' title='bbox 639 5255 725 5325; x_wconf 75' lang='grc'>38’</span> <span class='ocrx_word' id='word_1_727' title='bbox 761 5270 962 5324; x_wconf 87' lang='lat' dir='ltr'>Lamb.</span> <span class='ocrx_word' id='word_1_728' title='bbox 996 5270 1129 5324; x_wconf 89' lang='lat' dir='ltr'>add.</span> <span class='ocrx_word' id='word_1_729' title='bbox 1156 5284 1304 5323; x_wconf 87' lang='lat' dir='ltr'>mea.</span> 
     </span>
     <span class='ocr_line' id='line_1_61' title="bbox 641 5273 1158 5404; baseline -0.006 -9"><span class='ocrx_word' id='word_1_730' title='bbox 641 5273 730 5404; x_wconf 51' lang='lat'>39;</span> <span class='ocrx_word' id='word_1_731' title='bbox 763 5340 924 5396; x_wconf 89' lang='lat' dir='ltr'>Bodl.</span> <span class='ocrx_word' id='word_1_732' title='bbox 956 5341 1158 5395; x_wconf 81' lang='lat' dir='ltr'>stulus.</span> 
     </span>
    </p>
   </div>
   <div class='ocr_carea' id='block_1_61' title="bbox 2390 5255 3931 5404">
    <p class='ocr_par' dir='ltr' id='par_1_61' title="bbox 2390 5255 3931 5387">
     <span class='ocr_line' id='line_1_62' title="bbox 2390 5255 3931 5339; baseline -0.001 -26"><span class='ocrx_word' id='word_1_733' title='bbox 2390 5255 2787 5332; x_wconf 54' lang='grc' dir='ltr'>ὧν,’μετανοίας</span> <span class='ocrx_word' id='word_1_734' title='bbox 2841 5258 3098 5339; x_wconf 74' lang='grc' dir='ltr'>διαφέρει·</span> <span class='ocrx_word' id='word_1_735' title='bbox 3158 5260 3322 5337; x_wconf 80' lang='grc' dir='ltr'>ἄμφω</span> <span class='ocrx_word' id='word_1_736' title='bbox 3362 5255 3441 5315; x_wconf 74' lang='grc' dir='ltr'>’δὲ</span> <span class='ocrx_word' id='word_1_737' title='bbox 3490 5257 3722 5315; x_wconf 77' lang='grc' dir='ltr'>δείκνυσι</span> <span class='ocrx_word' id='word_1_738' title='bbox 3769 5255 3833 5315; x_wconf 71' lang='grc' dir='ltr'><em>τᾶ</em></span> <span class='ocrx_word' id='word_1_739' title='bbox 3866 5255 3931 5331; x_wconf 58' lang='grc' dir='ltr'>ἐφ’</span> 
     </span>
     <span class='ocr_line' id='line_1_63' title="bbox 2399 5354 2462 5387; baseline 0.032 -2"><span class='ocrx_word' id='word_1_740' title='bbox 2399 5354 2462 5387; x_wconf 85' lang='grc' dir='ltr'>ιν.</span> 
     </span>
    </p>
   </div>
   <div class='ocr_carea' id='block_1_62' title="bbox 641 5338 2462 5396">
    <p class='ocr_par' dir='ltr' id='par_1_62' title="bbox 641 5338 2462 5396">
     <span class='ocr_line' id='line_1_64' title="bbox 641 5338 2462 5396; baseline -0.004 -1"><span class='ocrx_word' id='word_1_741' title='bbox 641 5338 730 5396; x_wconf 80' lang='grc'>39)</span> <span class='ocrx_word' id='word_1_742' title='bbox 763 5340 924 5396; x_wconf 90' lang='lat' dir='ltr'>Bodl.</span> <span class='ocrx_word' id='word_1_743' title='bbox 956 5341 1158 5395; x_wconf 81' lang='lat' dir='ltr'>stulus.</span> <span class='ocrx_word' id='word_1_744' title='bbox 2304 5338 2462 5396; x_wconf 81' lang='grc' dir='ltr'>ἡμῖν.</span> 
     </span>
    </p>
   </div>
   <div class='ocr_carea' id='block_1_63' title="bbox 645 5356 3927 5477">
    <p class='ocr_par' dir='ltr' id='par_1_63' title="bbox 645 5356 3927 5477">
     <span class='ocr_line' id='line_1_65' title="bbox 645 5356 3927 5477; baseline -0.003 -11"><span class='ocrx_word' id='word_1_745' title='bbox 763 5356 1272 5467; x_wconf 48' lang='grc' dir='ltr'>ἓὲἳῐὲ.δὲτῗὲἔγῗέεαε.</span> <span class='ocrx_word' id='word_1_746' title='bbox 2304 5356 2490 5477; x_wconf 29' lang='lat' dir='ltr'>“ﬁl/:3)</span> <span class='ocrx_word' id='word_1_747' title='bbox 2522 5402 2685 5458; x_wconf 92' lang='lat' dir='ltr'>Bodl.</span> <span class='ocrx_word' id='word_1_748' title='bbox 2726 5402 2960 5477; x_wconf 77' lang='lat' dir='ltr'>Talibus.</span> <span class='ocrx_word' id='word_1_749' title='bbox 2996 5404 3120 5459; x_wconf 85' lang='lat' dir='ltr'>Huc</span> <span class='ocrx_word' id='word_1_750' title='bbox 3150 5403 3389 5476; x_wconf 90' lang='lat' dir='ltr'>respicit</span> <span class='ocrx_word' id='word_1_751' title='bbox 3430 5402 3677 5461; x_wconf 90' lang='lat' dir='ltr'>Tertull.</span> <span class='ocrx_word' id='word_1_752' title='bbox 3726 5403 3825 5461; x_wconf 89' lang='lat' dir='ltr'>lib.</span> <span class='ocrx_word' id='word_1_753' title='bbox 3868 5402 3927 5457; x_wconf 63' lang='lat' dir='ltr'>De</span> 
     </span>
    </p>
   </div>
   <div class='ocr_carea' id='block_1_64' title="bbox 646 5413 2855 5551">
    <p class='ocr_par' dir='ltr' id='par_1_64' title="bbox 646 5413 2855 5551">
     <span class='ocr_line' id='line_1_66' title="bbox 646 5413 2855 5477; baseline -0.005 -10"><span class='ocrx_word' id='word_1_754' title='bbox 646 5414 713 5467; x_wconf 89' lang='lat' dir='ltr'>4O</span> <span class='ocrx_word' id='word_1_755' title='bbox 764 5413 952 5466; x_wconf 88' lang='lat' dir='ltr'>Carm.</span> <span class='ocrx_word' id='word_1_756' title='bbox 982 5413 1272 5467; x_wconf 84' lang='lat' dir='ltr'>inlonitus.</span> <span class='ocrx_word' id='word_1_757' title='bbox 2377 5413 2490 5477; x_wconf 74' lang='lat'>(49)</span> <span class='ocrx_word' id='word_1_758' title='bbox 2524 5413 2685 5458; x_wconf 79' lang='lat' dir='ltr'>bodi.</span> <span class='ocrx_word' id='word_1_759' title='bbox 2726 5413 2855 5459; x_wconf 80' lang='lat' dir='ltr'>Tam</span> 
     </span>
     <span class='ocr_line' id='line_1_67' title="bbox 646 5413 2855 5551; baseline -0.004 -15"><span class='ocrx_word' id='word_1_760' title='bbox 646 5413 733 5551; x_wconf 49' lang='lat'>4*;</span> <span class='ocrx_word' id='word_1_761' title='bbox 767 5483 968 5536; x_wconf 88' lang='lat' dir='ltr'>Lamb.</span> <span class='ocrx_word' id='word_1_762' title='bbox 1002 5485 1271 5551; x_wconf 81' lang='lat' dir='ltr'>sapicnlia</span> <span class='ocrx_word' id='word_1_763' title='bbox 1301 5496 1529 5549; x_wconf 81' lang='lat' dir='ltr'>magna.</span> <span class='ocrx_word' id='word_1_764' title='bbox 1564 5478 1787 5533; x_wconf 83' lang='lat' dir='ltr'>Recitat</span> <span class='ocrx_word' id='word_1_765' title='bbox 1819 5478 1971 5534; x_wconf 92' lang='lat' dir='ltr'>hunc</span> <span class='ocrx_word' id='word_1_766' title='bbox 2004 5478 2195 5551; x_wconf 81' lang='lat' dir='ltr'>locum</span> <span class='ocrx_word' id='word_1_767' title='bbox 2302 5476 2579 5551; x_wconf 71' lang='lat' dir='ltr'>pudicitia</span> <span class='ocrx_word' id='word_1_768' title='bbox 2609 5493 2733 5551; x_wconf 84' lang='lat' dir='ltr'>cap.</span> <span class='ocrx_word' id='word_1_769' title='bbox 2771 5475 2855 5551; x_wconf 70' lang='grc' dir='ltr'><strong>1οε</strong></span> 
     </span>
    </p>
   </div>
   <div class='ocr_carea' id='block_1_65' title="bbox 616 5128 637 5554">
    <p class='ocr_par' dir='ltr' id='par_1_65' title="bbox 616 5128 637 5554">
     <span class='ocr_line' id='line_1_68' title="bbox 616 5128 637 5554; baseline 0 0"><span class='ocrx_word' id='word_1_770' title='bbox 616 5128 637 5554; x_wconf 72' lang='grc' dir='ltr'>ξ</span> 
     </span>
    </p>
   </div>
   <div class='ocr_carea' id='block_1_66' title="bbox 551 5542 3918 5628">
    <p class='ocr_par' dir='ltr' id='par_1_66' title="bbox 551 5542 3918 5628">
     <span class='ocr_line' id='line_1_69' title="bbox 551 5542 3918 5628; baseline -0.002 -22"><span class='ocrx_word' id='word_1_771' title='bbox 551 5542 1007 5628; x_wconf 72' lang='lat' dir='ltr'>ClemensAlex.</span> <span class='ocrx_word' id='word_1_772' title='bbox 1046 5542 1267 5628; x_wconf 62' lang='grc' dir='ltr'>Στρῳμ,</span> <span class='ocrx_word' id='word_1_773' title='bbox 1302 5542 1421 5628; x_wconf 48' lang='lat' dir='ltr'>lib;</span> <span class='ocrx_word' id='word_1_774' title='bbox 1458 5569 1520 5617; x_wconf 81' lang='grc' dir='ltr'>ιι,</span> <span class='ocrx_word' id='word_1_775' title='bbox 1568 5567 1695 5628; x_wconf 74' lang='lat' dir='ltr'>cap,</span> <span class='ocrx_word' id='word_1_776' title='bbox 1745 5551 1834 5617; x_wconf 81' lang='lat'>12,</span> <span class='ocrx_word' id='word_1_777' title='bbox 1887 5568 2017 5628; x_wconf 31' lang='lat' dir='ltr'>p‘ag:</span> <span class='ocrx_word' id='word_1_778' title='bbox 2056 5550 2196 5603; x_wconf 77' lang='lat'>458:</span> <span class='ocrx_word' id='word_1_779' title='bbox 2302 5542 2491 5628; x_wconf 62' lang='lat' dir='ltr'>&#39;__(5t))</span> <span class='ocrx_word' id='word_1_780' title='bbox 2525 5542 2809 5628; x_wconf 67' lang='lat' dir='ltr'>Lamb.et</span> <span class='ocrx_word' id='word_1_781' title='bbox 2841 5546 3332 5628; x_wconf 45' lang='grc' dir='ltr'>Βρά1.[ασιί.ηεὶο</span> <span class='ocrx_word' id='word_1_782' title='bbox 3390 5548 3603 5628; x_wconf 45' lang='lat' dir='ltr'>Bellus.</span> <span class='ocrx_word' id='word_1_783' title='bbox 3662 5551 3740 5628; x_wconf 56' lang='lat' dir='ltr'>at</span> <span class='ocrx_word' id='word_1_784' title='bbox 3789 5542 3918 5628; x_wconf 70' lang='lat' dir='ltr'>apud</span> 
     </span>
    </p>
   </div>
   <div class='ocr_carea' id='block_1_67' title="bbox 551 5618 2278 5697">
    <p class='ocr_par' dir='ltr' id='par_1_67' title="bbox 551 5618 2199 5697">
     <span class='ocr_line' id='line_1_70' title="bbox 551 5618 2199 5697; baseline -0.002 -22"><span class='ocrx_word' id='word_1_785' title='bbox 551 5624 610 5675; x_wconf 73' lang='grc' dir='ltr'><strong>Ὀ</strong></span> <span class='ocrx_word' id='word_1_786' title='bbox 782 5621 939 5684; x_wconf 71' lang='grc' dir='ltr'>αὐτὸς</span> <span class='ocrx_word' id='word_1_787' title='bbox 987 5624 1074 5677; x_wconf 80' lang='grc' dir='ltr'>καὶ</span> <span class='ocrx_word' id='word_1_788' title='bbox 1122 5618 1220 5691; x_wconf 42' lang='lat' dir='ltr'>irin}</span> <span class='ocrx_word' id='word_1_789' title='bbox 1277 5621 1555 5695; x_wconf 79' lang='grc' dir='ltr'>μετάνοιαν</span> <span class='ocrx_word' id='word_1_790' title='bbox 1620 5618 1822 5673; x_wconf 65' lang='grc' dir='ltr'>άύνεσιν</span> <span class='ocrx_word' id='word_1_791' title='bbox 1886 5618 2017 5673; x_wconf 60' lang='lat' dir='ltr'>si.in</span> <span class='ocrx_word' id='word_1_792' title='bbox 2071 5639 2199 5697; x_wconf 67' lang='grc' dir='ltr'>φησι</span> 
     </span>
    </p>
   </div>
   <div class='ocr_carea' id='block_1_68' title="bbox 2390 5618 3834 5697">
    <p class='ocr_par' dir='ltr' id='par_1_68' title="bbox 2390 5618 3834 5697">
     <span class='ocr_line' id='line_1_71' title="bbox 2390 5618 3834 5697; baseline 0.001 -25"><span class='ocrx_word' id='word_1_793' title='bbox 2390 5618 2616 5697; x_wconf 59' lang='grc' dir='ltr'>ξςὶριῃη,</span> <span class='ocrx_word' id='word_1_794' title='bbox 2640 5618 2721 5697; x_wconf 79' lang='lat' dir='ltr'>ita</span> <span class='ocrx_word' id='word_1_795' title='bbox 2742 5618 3075 5697; x_wconf 73' lang='lat' dir='ltr'>Lamb_._qua</span> <span class='ocrx_word' id='word_1_796' title='bbox 3103 5620 3331 5697; x_wconf 80' lang='lat' dir='ltr'>molitur</span> <span class='ocrx_word' id='word_1_797' title='bbox 3349 5619 3560 5692; x_wconf 80' lang='lat' dir='ltr'>aliquid</span> <span class='ocrx_word' id='word_1_798' title='bbox 3584 5620 3834 5692; x_wconf 72' lang='lat' dir='ltr'>maligni.</span> 
     </span>
    </p>
   </div>
   <div class='ocr_carea' id='block_1_69' title="bbox 560 5688 2278 5770">
    <p class='ocr_par' dir='ltr' id='par_1_69' title="bbox 560 5688 2093 5770">
     <span class='ocr_line' id='line_1_72' title="bbox 560 5688 2093 5770; baseline 0.001 -21"><span class='ocrx_word' id='word_1_799' title='bbox 560 5691 830 5770; x_wconf 78' lang='grc' dir='ltr'>μεγάλην.</span> <span class='ocrx_word' id='word_1_800' title='bbox 1180 5688 1187 5691; x_wconf 47' lang='grc'>”</span> <span class='ocrx_word' id='word_1_801' title='bbox 1277 5688 1286 5695; x_wconf 71' lang='grc'><em>’</em></span> <span class='ocrx_word' id='word_1_802' title='bbox 2084 5688 2093 5697; x_wconf 78' lang='grc'><em>’</em></span> 
     </span>
    </p>
   </div>
   <div class='ocr_carea' id='block_1_70' title="bbox 2390 5688 3403 5770">
    <p class='ocr_par' dir='ltr' id='par_1_70' title="bbox 2390 5688 3403 5763">
     <span class='ocr_line' id='line_1_73' title="bbox 2390 5688 3403 5763; baseline -0.001 -17"><span class='ocrx_word' id='word_1_803' title='bbox 2390 5690 2497 5763; x_wconf 87' lang='grc'>(51)</span> <span class='ocrx_word' id='word_1_804' title='bbox 2528 5689 2704 5746; x_wconf 91' lang='lat' dir='ltr'>Lamb</span> <span class='ocrx_word' id='word_1_805' title='bbox 2737 5694 2794 5745; x_wconf 90' lang='lat' dir='ltr'>et</span> <span class='ocrx_word' id='word_1_806' title='bbox 2819 5688 2988 5746; x_wconf 52' lang='lat' dir='ltr'>Bodl;</span> <span class='ocrx_word' id='word_1_807' title='bbox 3004 5691 3262 5760; x_wconf 81' lang='lat' dir='ltr'>ﬁgmento</span> <span class='ocrx_word' id='word_1_808' title='bbox 3285 5706 3403 5746; x_wconf 77' lang='lat' dir='ltr'>suo.</span> 
     </span>
    </p>
   </div>
  </div>
