4036 6344
232 442 347 505 921

1250 438 1584 501 PASTOR.
1614 471 1693 485 -—
1722 438 1872 502 LIB.
1918 437 1998 514 II,
2045 438 2500 502 MANDATUM
2542 437 2615 501 V.

3512 426 3630 490 922

233 588 351 630 non
380 570 641 645 proderit
664 569 890 628 homini
913 570 1050 627 talia
1069 570 1288 642 agenti;
1322 569 1561 627 difﬁcile
1584 570 1763 627 emim
1793 570 1946 627 vivet
1970 573 2105 626 Deo.
2131 570 2200 625 Et
2227 585 2332 642 ego
2354 570 2471 625 dixi
2497 586 2510 625 :
2540 568 2807 637 Domine,
2832 565 3030 633 revixi,
3051 562 3151 622 ubi
3173 565 3293 619 tam
3321 559 3632 633 diligenter

236 662 431 720 audivi
462 661 585 717 haec
615 661 911 717 mandata.
945 660 1068 716 Scio
1094 660 1274 729 enim,
1306 660 1355 715 si
1388 668 1590 731 postea
1618 659 1765 714 nihil
1796 660 1907 732 (52)
1942 660 2204 730 adjecero
2237 660 2485 731 peccatis
2514 659 2677 729 meis,
2712 657 2909 714 salvus
2961 672 3079 712 ero.
3112 655 3182 710 Et
3207 651 3388 709 dixit:
3421 647 3630 705 Salvus

237 750 377 819 eris,
405 750 649 822 inquam
674 769 689 819 ;
724 753 780 804 et
812 765 1015 805 omnes
1046 748 1381 821 quicunque
1411 748 1656 804 fecerint
1684 747 1806 805 haec
1836 748 2130 819 mandata,
2162 746 2305 803 salvi
2333 752 2523 803 erunt.

1766 890 1993 947 CAPUT
2033 890 2125 947 IV.

308 999 378 1055 Et
408 999 621 1054 iterum
654 998 771 1053 dixi
800 997 884 1053 illi
912 1014 925 1055 :
958 998 1223 1066 Domine,
1285 999 1563 1069 quoniam
1595 999 1884 1071 patienter
1942 1014 2035 1054 me
2065 998 2259 1064 audis,
2314 998 2489 1054 etiam
2518 997 2628 1052 hoc
2685 996 2829 1051 mihi
2888 996 3242 1050 demontra.
3279 990 3397 1059 Dic,
3430 987 3642 1061 inquit.

238 1087 309 1143 Et
334 1088 491 1142 dixi:
527 1086 586 1142 Si
617 1087 706 1142 vir
733 1087 821 1142 vel
852 1086 1065 1142 mulier
1094 1087 1346 1158 alicujus
1405 1088 1719 1144 decesserit
1750 1086 1886 1160 (53),
1947 1092 2005 1143 et
2052 1087 2319 1160 nupserit
2376 1086 2589 1157 aliquis
2636 1084 2909 1152 illorum;
2966 1082 3231 1153 nunquid
3264 1078 3510 1152 peccat?
3538 1075 3649 1141 Qui

233 1176 426 1245 nubit,
460 1192 576 1231 non
603 1182 821 1248 peccat,
855 1175 1084 1249 inquit;
1115 1177 1217 1233 sed
1249 1177 1297 1232 si
1331 1193 1433 1247 per
1462 1193 1525 1232 se
1557 1176 1859 1243 manserit,
1892 1192 2173 1249 magnum
2208 1175 2321 1232 sibi
2352 1174 2643 1245 conquirit
2673 1174 2784 1244 (54)
2817 1174 3092 1228 honorem
3124 1171 3277 1242 apud
3313 1166 3646 1222 Dominum.

233 1264 413 1322 Serva
444 1280 580 1338 ergo
638 1265 971 1321 castitatem
1028 1273 1085 1321 et
1113 1265 1497 1338 pudicitiam;
1556 1269 1614 1321 et
1640 1265 1795 1321 vives
1826 1264 1959 1321 Deo.
2020 1265 2152 1322 Haec
2213 1282 2341 1336 quae
2396 1269 2589 1319 tecum
2641 1263 2849 1333 loquor
2904 1265 2960 1316 et
2989 1260 3202 1315 mando
3259 1257 3388 1325 tibi,
3417 1254 3647 1311 custodi

232 1353 531 1426 deinceps,
561 1371 630 1410 ex
660 1371 774 1427 quo
829 1354 935 1410 tibi
992 1354 1244 1411 traditus
1292 1372 1424 1411 sum
1458 1354 1593 1427 (55),
1627 1357 1684 1410 et
1740 1354 1799 1409 in
1833 1355 2006 1410 domo
2063 1360 2167 1410 tua
2221 1354 2457 1421 habito;
2512 1356 2569 1408 et
2597 1350 2889 1424 prioribus
2947 1348 3197 1421 peccatis
3244 1346 3361 1403 tuis
3415 1344 3526 1401 erit
3554 1359 3644 1399 re-

234 1442 465 1510 missio,
498 1443 549 1499 si
604 1442 725 1500 haec
782 1444 1060 1501 mandata
1117 1460 1247 1501 mea
1303 1444 1673 1501 custodieris.
1730 1443 1840 1499 Sed
1898 1446 1955 1500 et
2011 1443 2285 1500 omnibus
2340 1442 2451 1499 erit
2507 1440 2795 1510 remissio,
2856 1439 2957 1512 qui
3012 1438 3125 1511 (56)
3183 1435 3459 1494 mandata
3515 1449 3646 1490 mea

238 1532 647 1589 custodierint.

1688 1638 2099 1696 MANDATUM
2135 1639 2204 1695 V.

1389 1747 1480 1809 De
1522 1747 1774 1809 tristitia
1816 1745 2035 1824 cordis,
2081 1757 2138 1810 et
2174 1748 2491 1830 patientia.

1788 1880 2021 1938 CAPUT
2061 1882 2106 1937 Ι.

318 1981 568 2039 Φύλασσε
608 1985 706 2053 τήν
757 1980 954 2053 ἅνειαν,
1005 1985 1093 2039 καὶ
1157 1983 1551 2061 μακροθυμίαν,
1591 1985 1682 2040 καὶ
1740 1984 1899 2061 γίνου

240 2073 482 2146 συνετὸς,
528 2074 618 2129 καὶ
684 2073 900 2129 πάντων
950 2077 1056 2128 τῶν
1111 2077 1366 2150 πονηρῶν
1438 2070 1607 2151 ἔργων
1663 2095 1896 2130 κατακυ-

242 2162 500 2240 ριεύσεις,
556 2162 647 2218 καὶ
707 2162 904 2240 ἐργάσῃ
962 2168 1131 2217 πᾶσαν
1188 2160 1554 2235 δικαιοσύνην.
1617 2164 1738 2219 Ἐὰν
1796 2164 1898 2241 γὰρ

247 2251 604 2328 μακρόθυμος
652 2249 765 2327 ἔσῃ,
812 2252 875 2307 τὸ
925 2256 1146 2325 Πνεῦμα
1189 2252 1253 2307 τὸ
1303 2253 1451 2329 ἅγιον
1510 2257 1798 2308 κατοικοῦν
1846 2252 1899 2308 ἐν

246 2340 334 2396 σοὶ
398 2340 628 2414 καθαρὸν
697 2338 862 2414 ἔσται,
918 2341 994 2414 μὴ
1061 2340 1420 2415 σκοτούμενον
1490 2340 1593 2396 ὑπὸ
1656 2345 1899 2415 πονηροῦ

246 2428 579 2503 πνεύματος,
634 2430 733 2502 μὴ’
796 2428 1091 2503 μιούμενον
1160 2428 1264 2484 ὐπὸ
1310 2432 1408 2499 τῆς
1461 2427 1771 2505 ὀξυχολίας.
1813 2432 1897 2487 Ἐν

249 2518 357 2594 γὰρ
413 2522 483 2593 τῇ
542 2518 890 2594 μακροθυμίᾳ
946 2520 975 2573 ὁ
1035 2518 1232 2595 Κύριος
1285 2524 1547 2590 κατοικεῖ,
1609 2519 1661 2574 ἐν
1718 2516 1776 2574 δὲ
1829 2523 1899 2595 τῇ

253 2606 523 2684 ὀξυχολίᾳ
559 2609 588 2662 ὁ
620 2604 895 2671 διάϐολος.

320 3051 629 3131 ’Δμφότερα
676 3050 766 3107 οὖν
817 3050 883 3107 τὰ
930 3053 1212 3127 πνεύματα
1279 3050 1590 3130 ἀσύμφορόν
1653 3050 1791 3106 ἐστιν
1842 3050 1893 3106 ἐν

238 3140 422 3214 ταῦτῷ
469 3146 757 3197 κατοικεῖν.
793 3140 915 3195 Ἐὰν
972 3142 1073 3217 γὰρ
1126 3134 1309 3196 λαϐὼν
1361 3139 1608 3215 ἀψινθίου
1678 3140 1893 3217 μικρὸν,

243 3230 323 3292 εἷς
380 3230 638 3304 κεράμιον
704 3228 926 3303 μέλιτος
985 3228 1227 3306 ἐπιχέῃς,
1271 3229 1400 3306 οὐχὶ
1458 3228 1587 3285 ὅλον
1643 3227 1706 3285 τὸ
1768 3228 1892 3302 μέλι

240 3317 593 3397 ἀφανίζεται;
633 3317 728 3374 καί
781 3323 1038 3375 τοσοῦτον
1101 3317 1229 3392 μέλι
1288 3319 1391 3375 ὑπὸ
1445 3324 1544 3375 τοῦ
1600 3316 1894 3394 ἐλαχίστου

243 3407 496 3483 ἀψινθίου
527 3407 836 3465 ἀπόλλυται
862 3426 876 3478 ;

314 3675 440 3730 Ἐὰν
490 3672 547 3730 δὲ
594 3672 671 3737 εἷς
710 3675 774 3730 τὸ
822 3673 946 3748 μὲλι
998 3673 1059 3729 οὐ
1109 3675 1293 3752 βληθῇ
1334 3675 1398 3730 τὸ
1429 3671 1893 3750 ἀψίνθιον,γλυκὶ›

244 3764 544 3842 εὑρίσκεται
592 3764 654 3819 τὸ
701 3762 849 3837 μὲλι,
898 3764 987 3819 καὶ
1037 3761 1338 3841 εὔχρηστον
1405 3764 1616 3826 πάντως
1688 3763 1892 3839 γίνεται

238 3859 323 3926 τῷ
383 3851 631 3927 δεσπότῃ.
663 3850 844 3909 Βλεπε
900 3852 1012 3922 οὖν,
1058 3852 1140 3908 ὅτι
1198 3856 1233 3923 ἡ
1288 3852 1633 3929 μακροθυμία
1688 3851 1893 3927 γλυκυ-

239 3942 374 4013 τάτη
431 3941 572 3997 ἐστὶν
633 3942 763 4016 ὑπὲρ
812 3943 874 3997 τὸ
936 3942 1082 4015 μέλι,
1136 3942 1228 3997 καὶ
1287 3939 1592 4017 εὕχρηστός
1650 3940 1760 3996 ἐστι
1813 3946 1894 4013 τῷ

240 4030 449 4107 Κυρίῳ,
481 4031 571 4085 καὶ
627 4029 678 4084 ἐν
733 4030 869 4104 αὐτῇ
937 4036 1202 4086 κατοικεῖ’
1260 4033 1295 4101 ἡ
1358 4030 1415 4085 δὲ
1476 4028 1742 4106 ὀξυχολία
1793 4030 1893 4100 τὴν

243 4120 622 4197 μακροθυμίαν
660 4118 892 4193 μιαίνει.

2078 1986 2444 2060 Equanimis
2503 1988 2639 2061 (57),
2697 1987 2912 2059 inquit,
2974 1991 3119 2057 esto,
3175 1988 3233 2041 et
3289 1982 3655 2057 patiens;et

2009 2077 2276 2133 omnium
2306 2093 2550 2149 operum
2600 2076 3099 2147 nequissimorum
3147 2073 3564 2140 dominaberis,
3596 2074 3655 2128 et

2010 2166 2347 2238 operaberis
2379 2182 2611 2222 omnem
2636 2166 2953 2238 justitiam.
2987 2165 3148 2231 Quod
3191 2164 3238 2220 si
3272 2162 3498 2236 patiens
3528 2162 3651 2216 fue-

2011 2253 2113 2323 ris,
2150 2254 2403 2327 Spiritus
2461 2260 2698 2311 sanctus
2754 2256 2853 2327 qui
2912 2254 3139 2310 habitat
3170 2253 3227 2308 in
3283 2257 3360 2320 te,
3395 2251 3653 2307 mundus

2011 2344 2140 2417 erit,
2173 2348 2229 2401 et
2273 2362 2390 2401 non
2448 2345 2858 2401 obscurabitur
2915 2343 2986 2400 ab
3050 2342 3245 2414 aliquo
3289 2339 3652 2412 nequissimo

2010 2433 2217 2506 spiritu
2251 2452 2264 2501 ;
2297 2434 2396 2491 sed
2430 2435 2694 2506 gaudens
2725 2433 3065 2489 dilatabitur
3093 2432 3206 2504 (58)
3236 2434 3292 2485 et
3319 2428 3656 2502 epulabitur

2010 2520 2070 2578 in
2101 2538 2235 2578 vase
2266 2523 2325 2578 in
2357 2540 2472 2595 quo
2503 2523 2792 2579 inhabitat
2820 2522 2956 2595 (59),
2987 2526 3045 2577 et
3069 2520 3371 2593 apparebit
3401 2517 3648 2574 Domino

2009 2610 2213 2667 hilaris
2245 2611 2303 2667 in
2337 2628 2478 2684 pace
2526 2628 2757 2684 magna.
2813 2612 2976 2675 Quod
3025 2610 3073 2666 si
3122 2607 3424 2665 iracundia
3452 2606 3650 2678 aliqua

2010 2701 2429 2772 supervenerit,
2462 2701 2737 2757 continuo
2784 2700 3036 2773 Spiritus
3085 2702 3326 2755 sanctus
3374 2696 3473 2768 qui
3502 2696 3563 2751 in
3593 2699 3650 2751 te

2009 2800 2098 2845 est
2125 2789 2581 2861 angustiabitur,
2613 2795 2671 2845 et
2701 2795 2919 2861 quaeret
2957 2789 3272 2845 discedere.
3323 2784 3653 2841 Suﬂ'ocatur

2009 2878 2165 2935 enim
2196 2895 2228 2935 a
2258 2879 2468 2950 spiritu
2488 2879 2600 2951 (60)
2624 2880 3009 2951 nequissimo,
3037 2883 3093 2935 et
3116 2894 3227 2933 non
3260 2876 3437 2931 habet
3456 2875 3651 2931 locum

2010 2968 2327 3040 apparendi
2354 2968 2487 3041 (6t),
2522 2969 2677 3025 sicut
2706 2969 2828 3024 vult
2855 2985 2868 3023 :
2900 2967 3217 3025 tribulatur
3245 2966 3400 3022 enim
3434 2965 3505 3021 ab
3536 2964 3653 3020 ira-

2011 3057 2244 3113 cundia.
2277 3058 2514 3129 Utrique
2560 3073 2696 3131 ergo
2755 3058 2997 3131 spiritus
3044 3073 3178 3113 cum
3238 3055 3455 3128 pariter
3481 3053 3652 3109 inha-

2008 3146 2223 3211 bitant,
2281 3146 2675 3218 perniciosum
2730 3152 2819 3202 est
2871 3146 3118 3203 homini.
3181 3145 3240 3201 Si
3299 3144 3433 3216 quis
3491 3142 3649 3199 enim

2007 3239 2273 3291 assumat
2292 3235 2571 3291 absinthii
2599 3236 2904 3307 pusillum,
2927 3240 2983 3292 et
3004 3236 3196 3291 mittat
3220 3233 3279 3289 in
3304 3232 3648 3305 amphoram

2008 3323 2219 3392 mellis,
2243 3340 2437 3379 nonne
2455 3328 2643 3379 totum
2669 3324 2781 3380 mel
2799 3322 3321 3379 exterminabitur?
3341 3326 3398 3378 et
3416 3324 3651 3377 tantum

2004 3411 2194 3468 mellis
2227 3429 2261 3468 a
2293 3413 2521 3468 modico
2570 3412 2864 3469 absinthio
2913 3413 3174 3485 disperit,
3206 3416 3263 3467 et
3304 3409 3491 3483 perdit
3520 3408 3651 3464 dul-

2004 3500 2270 3557 cedinem
2302 3500 2540 3568 mellis;
2570 3506 2627 3557 et
2672 3502 2797 3573 jam
2828 3518 2940 3557 non
3001 3501 3111 3574 (62)
3168 3500 3346 3557 habet
3397 3498 3649 3572 gratiam

2003 3590 2158 3661 apud
2189 3590 2489 3646 dominum
2547 3606 2743 3662 suum,
2804 3590 3084 3662 quoniam
3141 3594 3329 3646 totum
3378 3587 3493 3644 mel
3531 3586 3646 3661 (63)

2003 3694 2271 3735 amarum
2305 3678 2525 3735 factum
2555 3684 2643 3735 est
2695 3683 2751 3735 et
2780 3697 2953 3735 usum
3013 3678 3283 3750 perdidit.
3343 3677 3454 3734 Sed
3502 3675 3643 3731 siin

2003 3766 2117 3822 mel
2150 3784 2263 3823 non
2322 3768 2594 3824 mittatur
2651 3768 3035 3835 absinthium,
3088 3766 3258 3824 dulce
3314 3767 3442 3833 erit,
3495 3770 3551 3821 et
3584 3765 3644 3820 in

2003 3873 2113 3913 usu
2145 3858 2256 3930 (64)
2288 3858 2524 3913 domino
2556 3875 2682 3914 suo.
2731 3858 2876 3914 Vide
2907 3858 3082 3925 enim,
3129 3873 3307 3928 quam
3340 3857 3417 3912 sit
3444 3872 3644 3926 aequa-

2002 3945 2239 4002 nimitas
2272 3948 2386 4017 (65)
2418 3948 2644 4003 dulcior
2697 3946 2905 4017 melle;
2964 3951 3021 4004 et
3050 3947 3213 4002 utilis
3267 3945 3376 4001 erit
3400 3945 3647 4000 Domino

2001 4035 2103 4107 qui
2132 4034 2192 4089 in
2225 4035 2353 4108 ipsa
2404 4041 2841 4103 commoratur;
2900 4052 3037 4092 nam
3069 4035 3371 4091 iracundia
3418 4031 3647 4088 inutilis

1999 4128 2106 4180 est.
2139 4124 2199 4179 Si
2230 4140 2366 4197 ergo
2399 4127 2575 4181 mista
2625 4125 2799 4181 fuerit
2850 4125 3155 4181 iracundia
3201 4121 3647 4195 aequanimitati,

1999 4212 2434 4270 contribulatur
2484 4216 2718 4272 aminus
2768 4214 2900 4288 (66),
2961 4218 3162 4270 etnon
3221 4217 3310 4269 est
3337 4210 3499 4268 utilis
3524 4211 3644 4275 Deo

2001 4301 2185 4359 oratio
2215 4302 2395 4359 illius.

1406 4441 1651 4499 VARUE
1689 4442 2081 4503 LECTIONES
2119 4447 2212 4503 ET
2250 4447 2484 4507 NOTtE.

312 4550 432 4623 (52)
459 4549 652 4607 Carm.
710 4549 763 4605 si
808 4548 984 4620 fecero
1040 4563 1134 4618 ea,
1189 4552 1244 4606 et
1297 4548 1465 4605 nihil.
1525 4550 1657 4607 Mox
1698 4549 1891 4608 Fellus

246 4622 439 4681 omitt.
464 4624 716 4693 inquam.

342 4694 435 4750 53)
463 4690 627 4750 Bodl.
654 4707 797 4748 uxor
824 4694 922 4746 aut
952 4691 1037 4747 vir
1064 4692 1353 4748 decesserit
1379 4690 1573 4749 alicui.

338 4763 432 4836 54)
461 4764 623 4820 Bodl.
656 4765 913 4836 acquirit.
948 4763 1149 4819 Lamb.
1180 4766 1335 4835 facit.

337 4835 431 4905 55)
463 4836 666 4892 Lamb.
696 4835 841 4891 mihi
870 4836 1113 4891 traditus
1140 4852 1217 4905 es,
1247 4843 1318 4891 et.

336 4904 430 4963 56)
462 4909 667 4963 Lamb.
702 4907 833 4962 add.
869 4906 1007 4963 hac.
1039 4907 1132 4963 Sic
1162 4904 1218 4963 et
1247 4904 1460 4962 Fellus.

336 4976 427 5051 57)
487 4979 690 5035 Lamb.
747 4978 1393 5051 AniquuusLGrzeca
1452 4976 1765 5051 desumpta
1820 4993 1890 5035 ex

241 5049 425 5109 Doctr.
457 5050 531 5105 ad
558 5050 810 5106 Antioch.
844 5066 1008 5104 num.
1033 5051 1087 5104 5.
1124 5049 1232 5104 Ubi
1261 5066 1391 5105 vero
1422 5065 1490 5104 ex
1526 5049 1889 5106 editIMont-

242 5125 397 5181 fauc.
457 5120 760 5179 occurrit'
822 5118 1139 5193 μιούμενον,
1173 5121 1319 5177 forte
1376 5121 1485 5247 16%.
1530 5119 1695 5245 (μειού
1748 5141 1885 5193 ενον,

242 5194 330 5247 vel
366 5191 736 5247 μιαινόμενον.
768 5192 948 5247 Paulo
980 5196 1112 5247 Dost
1142 5208 1321 5247 sane:
1371 5194 1406 5247 ἡ
1471 5190 1498 5244 ὲ
1563 5142 1838 5247 ξυγολιίαη
1873 5234 1885 5247 .

238 5194 330 5254 vel
352 5191 736 5267 μιαινόμενον.
768 5190 1321 5267 Ρᾲυιοροείεαιιθε
1371 5194 1412 5267 ἡ
1435 5190 1498 5247 δὲ
1530 5190 1838 5267 ὀξυχολία..
1872 5190 1887 5250 ζ

244 5263 467 5340 μιαίνει.
499 5263 680 5340 Sicet
707 5263 1075 5340 Antioc_hus_,_
1099 5264 1193 5340 qui
1218 5336 1230 5340 _
1248 5263 1736 5340 paucisexcep'tis
1766 5265 1888 5322 hzec

240 5334 446 5397 eadem
474 5336 708 5393 exhibet
740 5334 944 5390 homil.
980 5336 1105 5399 110,
1139 5334 1315 5391 habet
1349 5334 1636 5407 μιαίνεται.

333 5409 426 5480 58)
457 5408 549 5465 Al.
602 5408 810 5480 laetitia
843 5407 1174 5480 (exsultabit.
1208 5407 1371 5462 Bodl.
1430 5425 1533 5480 pro
1562 5408 1889 5465 dilatabitur

242 5477 422 5540 habet
450 5481 690 5549 spatiosa
717 5477 950 5533 habitat.
992 5478 1188 5534 Lamb.
1220 5477 1451 5549 spatiose?
1483 5479 1656 5535 habet.

314 5553 429 5624 (59)
462 5550 665 5608 Lamb.
699 5566 823 5604 cum
869 5566 1025 5620 vase,
1051 5566 1199 5624 ’γραφη
1231 5568 1332 5621 quo
1381 5550 1610 5624 habitat.
1644 5550 1889 5607 Exhibet

243 5621 480 5697 quoque
507 5640 632 5679 cum
685 5638 809 5678 vasa
869 5638 981 5677 ms.
1041 5621 1229 5678 Carm.
1282 5626 1341 5678 et
1390 5623 1711 5679 Antiochus
1752 5640 1888 5679 mox

244 5696 430 5839 ιηίὲιὲδ)
459 5764 553 5822 sic
582 5780 725 5821 mea.
768 5765 957 5820 Carm,
990 5766 1047 5821 οι
1093 5763 1292 5820 Lamb.
1343 5764 1439 5821 Sic
1468 5768 1525 5821 et
1572 5764 1711 5821 Felli
1742 5765 1882 5837 edit,

1997 4552 2087 4609 Al.
2122 4557 2360 4624 aspectu.

2090 4625 2182 4693 61)
2215 4625 2408 4681 Fellus
2440 4626 2575 4682 add.
2609 4628 2867 4683 Domino.

2091 4696 2182 4764 62)
2213 4697 2322 4753 Ms.
2356 4699 2545 4755 Carm.
2577 4699 2709 4764 mel,
2739 4704 2790 4755 et
2817 4716 2953 4755 non.

2069 4765 2181 4838 (63)
2213 4768 2385 4824 Deest
2412 4770 2521 4825 mel
2552 4786 2693 4826 mss.
2730 4770 2917 4826 Carm.
2953 4774 3009 4827 et
3040 4770 3241 4826 Lamb.
3271 4768 3401 4824 Mox
3425 4765 3637 4834 Fellus.

1996 4853 2160 4893 usum
2185 4856 2367 4895 suum.

2089 4911 2180 4978 64)
2213 4911 2412 4967 Lamb.
2446 4929 2627 4968 usum.

2090 4982 2181 5053 65)
2212 4982 2372 5037 Bodl.
2420 4988 2477 5038 et
2534 4985 2731 5041 Lamb.
2788 4985 3197 5056 animquitas,
3234 4989 3296 5041 ut
3351 4986 3408 5038 et
3461 4979 3635 5056 infra.

1999 5053 2146 5127 Yict.
2178 5056 2571 5126 animaequitas
2625 5056 2951 5112 dulcissima
3004 5053 3081 5111 est
3130 5058 3258 5127 plus
3314 5054 3636 5127 quam__met.

1996 5122 2134 5187 Quae
2164 5142 2305 5200 sane
2363 5122 2534 5183 lectio
2592 5135 2786 5183 Grmco
2846 5122 3426 5200 pressius-inhaeret.
3473 5124 3641 5200 Hunc

1998 5200 2192 5251 autem
2225 5196 2418 5252 locum
2473 5200 2750 5255 describit
2781 5196 2864 5255 et'
2894 5199 3151 5255 illustrat
3181 5200 3444 5255 Clemens
3472 5196 3635 5265 Alex,

1998 5282 2312 5340 suppresso
2369 5268 2591 5325 Hermas
2651 5271 2905 5334 nomine,
2965 5271 3025 5325 in
3096 5272 3274 5340 Eclog.
3335 5287 3408 5325 ex
3441 5269 3637 5340 script.

1991 5339 2238 5414 prophct.
2272 5356 2399 5414 cap.
2451 5343 2547 5414 έί5,Δ
2595 5359 2726 5414 pag.
2774 5343 2932 5414 4000,
2979 5342 3079 5414 ubi
3129 5339 3251 5398 sic:
3282 5345 3343 5414 Ἡ
3377 5339 3642 5414 μακροθυ-

2000 5406 2401 5483 μία“,γλυκύτὴς
2447 5406 2611 5465 ἔον-εἶν’
2638 5406 2767 5504 ὑῖτὲρ
2814 5412 2876 5466 τὸ
2921 5406 3073 5484 μέλι*
3129 5414 3235 5490 οὐχ
3281 5406 3497 5469 ὅτι’ἐπὶ’
3581 5431 3638 5465 α-

2000 5479 2284 5538 κροθυμία.
2318 5478 2463 5536 ἀλλᾶ
2518 5484 2652 5538 κατὰ
2704 5504 2794 5538 τον
2826 5485 3029 5538 καρπὸν
3079 5490 3179 5538 τῆς
3242 5430 3636 5538 μακροθυμίας.

1996 5478 2284 5553 κροθυμίᾳ,
2318 5478 2463 5536 ἀλλᾶ
2498 5484 2652 5566 ,κατὰ
2704 5478 2794 5539 τὸν
2826 5478 3029 5558 καρῖπὸν
3079 5478 3636 5560 τῆς’”μακροθυμίας,

1996 5552 2301 5634 [dquehme
2322 5556 2609 5634 detexisse
2642 5560 2931 5634 profiteor,
2956 5563 3248 5630 praeeunte
3268 5557 3349 5617 Cl.
3376 5558 3637 5617 Fabricio

1994 5624 2149 5701 Bibi:
2164 5623 2261 5701 Cr.
2292 5627 2403 5701 vol.
2432 5627 2500 5695 V,
2535 5623 2663 5701 pag}
2699 5632 2818 5686 108.

2064 5696 2179 5769 (66)
2215 5697 2417 5755 Lamb.
2449 5696 2662 5756 anima.
