  <div class='ocr_page' id='page_1' title='image "/cluster/home/n/w/nwhite01/storage/ocr_20150623/2/hvd.32044073501421/473.png"; bbox 0 0 4036 6356; ppageno 0'>
   <div class='ocr_carea' id='block_1_1' title="bbox 448 379 2084 452">
    <p class='ocr_par' dir='ltr' id='par_1_1' title="bbox 448 379 2084 451">
     <span class='ocr_line' id='line_1_1' title="bbox 448 379 2084 451; baseline 0.006 -10"><span class='ocrx_word' id='word_1_1' title='bbox 448 379 565 441; x_wconf 77' lang='grc'><strong><em>923</em></strong></span> <span class='ocrx_word' id='word_1_2' title='bbox 1937 389 2003 451; x_wconf 91' lang='lat' dir='ltr'><strong><em>S.</em></strong></span> <span class='ocrx_word' id='word_1_3' title='bbox 2050 390 2084 450; x_wconf 84' lang='grc' dir='ltr'><strong><em>ΙΞ</em></strong></span> 
     </span>
    </p>
   </div>
   <div class='ocr_carea' id='block_1_2' title="bbox 2201 379 2351 452">
    <p class='ocr_par' dir='ltr' id='par_1_2' title="bbox 2201 389 2351 452">
     <span class='ocr_line' id='line_1_2' title="bbox 2201 389 2351 452; baseline 0.013 -2"><span class='ocrx_word' id='word_1_4' title='bbox 2201 389 2351 452; x_wconf 60' lang='grc' dir='ltr'><strong><em>μΜίΕ</em></strong></span> 
     </span>
    </p>
   </div>
   <div class='ocr_carea' id='block_1_3' title="bbox 1754 539 2527 608">
    <p class='ocr_par' dir='ltr' id='par_1_3' title="bbox 1754 539 2527 608">
     <span class='ocr_line' id='line_1_3' title="bbox 1754 539 2527 608; baseline -0.001 -14"><span class='ocrx_word' id='word_1_5' title='bbox 1754 542 2114 608; x_wconf 78' lang='lat' dir='ltr'><strong><em>AN&#39;rlocncs,</em></strong></span> <span class='ocrx_word' id='word_1_6' title='bbox 2145 540 2373 595; x_wconf 87' lang='lat' dir='ltr'><strong><em>homilia</em></strong></span> <span class='ocrx_word' id='word_1_7' title='bbox 2407 539 2527 594; x_wconf 91' lang='grc'><strong><em>110.</em></strong></span> 
     </span>
    </p>
   </div>
   <div class='ocr_carea' id='block_1_4' title="bbox 523 639 2173 718">
    <p class='ocr_par' dir='ltr' id='par_1_4' title="bbox 523 639 2173 718">
     <span class='ocr_line' id='line_1_4' title="bbox 523 639 2173 718; baseline 0.007 -26"><span class='ocrx_word' id='word_1_8' title='bbox 523 639 688 709; x_wconf 80' lang='lat' dir='ltr'><strong><em>Quod</em></strong></span> <span class='ocrx_word' id='word_1_9' title='bbox 730 640 783 695; x_wconf 92' lang='lat' dir='ltr'><strong><em>si</em></strong></span> <span class='ocrx_word' id='word_1_10' title='bbox 828 642 949 712; x_wconf 89' lang='lat' dir='ltr'><strong><em>quis</em></strong></span> <span class='ocrx_word' id='word_1_11' title='bbox 993 644 1207 714; x_wconf 88' lang='lat' dir='ltr'><strong><em>patiens</em></strong></span> <span class='ocrx_word' id='word_1_12' title='bbox 1250 646 1442 716; x_wconf 82' lang='lat' dir='ltr'><strong><em>fuerit,</em></strong></span> <span class='ocrx_word' id='word_1_13' title='bbox 1500 645 1739 718; x_wconf 79' lang='lat' dir='ltr'><strong><em>Spiritus</em></strong></span> <span class='ocrx_word' id='word_1_14' title='bbox 1784 650 2001 702; x_wconf 89' lang='lat' dir='ltr'><strong><em>sanctus</em></strong></span> <span class='ocrx_word' id='word_1_15' title='bbox 2028 647 2090 702; x_wconf 85' lang='lat' dir='ltr'><strong><em>in</em></strong></span> <span class='ocrx_word' id='word_1_16' title='bbox 2116 651 2173 717; x_wconf 77' lang='grc' dir='ltr'><strong>Α</strong></span> 
     </span>
    </p>
   </div>
   <div class='ocr_carea' id='block_1_5' title="bbox 448 726 2084 810">
    <p class='ocr_par' dir='ltr' id='par_1_5' title="bbox 448 726 2084 806">
     <span class='ocr_line' id='line_1_5' title="bbox 448 726 2084 806; baseline 0.004 -23"><span class='ocrx_word' id='word_1_17' title='bbox 448 742 509 783; x_wconf 85' lang='lat' dir='ltr'><strong><em>eo</em></strong></span> <span class='ocrx_word' id='word_1_18' title='bbox 538 726 748 784; x_wconf 88' lang='lat' dir='ltr'><strong><em>habitat</em></strong></span> <span class='ocrx_word' id='word_1_19' title='bbox 774 730 1030 799; x_wconf 87' lang='lat' dir='ltr'><strong><em>mundus,</em></strong></span> <span class='ocrx_word' id='word_1_20' title='bbox 1064 742 1116 787; x_wconf 87' lang='lat' dir='ltr'><strong><em>et</em></strong></span> <span class='ocrx_word' id='word_1_21' title='bbox 1143 749 1255 788; x_wconf 87' lang='lat' dir='ltr'><strong><em>non</em></strong></span> <span class='ocrx_word' id='word_1_22' title='bbox 1274 734 1601 790; x_wconf 74' lang='lat' dir='ltr'><strong><em>obscuratur</em></strong></span> <span class='ocrx_word' id='word_1_23' title='bbox 1623 735 1688 789; x_wconf 92' lang='lat' dir='ltr'><strong><em>ab</em></strong></span> <span class='ocrx_word' id='word_1_24' title='bbox 1709 736 1820 791; x_wconf 87' lang='lat' dir='ltr'><strong><em>alio</em></strong></span> <span class='ocrx_word' id='word_1_25' title='bbox 1844 752 2084 806; x_wconf 83' lang='lat' dir='ltr'><strong><em>nequam</em></strong></span> 
     </span>
    </p>
   </div>
   <div class='ocr_carea' id='block_1_6' title="bbox 2201 726 3838 810">
    <p class='ocr_par' dir='ltr' id='par_1_6' title="bbox 2201 732 3838 810">
     <span class='ocr_line' id='line_1_6' title="bbox 2201 732 3838 810; baseline -0.001 -21"><span class='ocrx_word' id='word_1_26' title='bbox 2201 736 2345 810; x_wconf 73' lang='grc' dir='ltr'>ἅγιον</span> <span class='ocrx_word' id='word_1_27' title='bbox 2395 739 2637 789; x_wconf 81' lang='grc' dir='ltr'>κατοικεῖ</span> <span class='ocrx_word' id='word_1_28' title='bbox 2684 732 2733 788; x_wconf 80' lang='grc' dir='ltr'>ἐν</span> <span class='ocrx_word' id='word_1_29' title='bbox 2785 733 2929 805; x_wconf 83' lang='grc' dir='ltr'>αύτῷ</span> <span class='ocrx_word' id='word_1_30' title='bbox 2976 734 3233 810; x_wconf 83' lang='grc' dir='ltr'>καθαρὸν,</span> <span class='ocrx_word' id='word_1_31' title='bbox 3268 737 3344 807; x_wconf 81' lang='grc' dir='ltr'><strong>μή</strong></span> <span class='ocrx_word' id='word_1_32' title='bbox 3395 732 3838 807; x_wconf 76' lang='grc' dir='ltr'><strong><em>ἐπισκοτούμενον</em></strong></span> 
     </span>
    </p>
   </div>
   <div class='ocr_carea' id='block_1_7' title="bbox 447 819 2084 899">
    <p class='ocr_par' dir='ltr' id='par_1_7' title="bbox 447 819 2084 890">
     <span class='ocr_line' id='line_1_7' title="bbox 447 819 2084 890; baseline 0.004 -17"><span class='ocrx_word' id='word_1_33' title='bbox 447 821 649 888; x_wconf 77' lang='lat' dir='ltr'><strong><em>spiritu</em></strong></span> <span class='ocrx_word' id='word_1_34' title='bbox 667 836 689 880; x_wconf 85' lang='lat'><strong><em>;</em></strong></span> <span class='ocrx_word' id='word_1_35' title='bbox 718 819 811 874; x_wconf 87' lang='lat' dir='ltr'><strong><em>sed</em></strong></span> <span class='ocrx_word' id='word_1_36' title='bbox 840 821 897 874; x_wconf 87' lang='lat' dir='ltr'><strong><em>in</em></strong></span> <span class='ocrx_word' id='word_1_37' title='bbox 929 821 1036 877; x_wconf 90' lang='lat' dir='ltr'><strong><em>lato</em></strong></span> <span class='ocrx_word' id='word_1_38' title='bbox 1094 822 1205 878; x_wconf 92' lang='lat' dir='ltr'><strong><em>loco</em></strong></span> <span class='ocrx_word' id='word_1_39' title='bbox 1234 824 1512 890; x_wconf 78' lang='lat' dir='ltr'><strong><em>habitans,</em></strong></span> <span class='ocrx_word' id='word_1_40' title='bbox 1563 825 1786 881; x_wconf 56' lang='lat' dir='ltr'><strong><em>lxtatur</em></strong></span> <span class='ocrx_word' id='word_1_41' title='bbox 1809 842 1933 880; x_wconf 89' lang='lat' dir='ltr'><strong><em>cum</em></strong></span> <span class='ocrx_word' id='word_1_42' title='bbox 1963 840 2084 880; x_wconf 81' lang='lat' dir='ltr'><em>vase</em></span> 
     </span>
    </p>
   </div>
   <div class='ocr_carea' id='block_1_8' title="bbox 2201 819 3836 899">
    <p class='ocr_par' dir='ltr' id='par_1_8' title="bbox 2201 820 3836 899">
     <span class='ocr_line' id='line_1_8' title="bbox 2201 820 3836 899; baseline -0.001 -21"><span class='ocrx_word' id='word_1_43' title='bbox 2201 824 2301 879; x_wconf 83' lang='grc' dir='ltr'>ὑπὸ</span> <span class='ocrx_word' id='word_1_44' title='bbox 2351 822 2533 898; x_wconf 73' lang='grc' dir='ltr'>ἑτέρου</span> <span class='ocrx_word' id='word_1_45' title='bbox 2581 826 2827 897; x_wconf 85' lang='grc' dir='ltr'>πονηροῦ</span> <span class='ocrx_word' id='word_1_46' title='bbox 2869 821 3196 895; x_wconf 87' lang='grc' dir='ltr'>πνεύματος·</span> <span class='ocrx_word' id='word_1_47' title='bbox 3243 820 3370 879; x_wconf 82' lang='grc' dir='ltr'>ἀλλ’</span> <span class='ocrx_word' id='word_1_48' title='bbox 3426 823 3478 878; x_wconf 79' lang='grc' dir='ltr'>ἐν</span> <span class='ocrx_word' id='word_1_49' title='bbox 3539 823 3836 899; x_wconf 74' lang='grc' dir='ltr'><strong><em>εὐρυχώρῳ</em></strong></span> 
     </span>
    </p>
   </div>
   <div class='ocr_carea' id='block_1_9' title="bbox 446 907 2084 988">
    <p class='ocr_par' dir='ltr' id='par_1_9' title="bbox 446 907 2084 985">
     <span class='ocr_line' id='line_1_9' title="bbox 446 907 2084 985; baseline 0.004 -24"><span class='ocrx_word' id='word_1_50' title='bbox 446 909 505 961; x_wconf 86' lang='lat' dir='ltr'><strong><em>in</em></strong></span> <span class='ocrx_word' id='word_1_51' title='bbox 534 923 637 977; x_wconf 91' lang='lat' dir='ltr'><strong><em>quo</em></strong></span> <span class='ocrx_word' id='word_1_52' title='bbox 669 907 958 970; x_wconf 86' lang='lat' dir='ltr'><strong><em>inhabitat.</em></strong></span> <span class='ocrx_word' id='word_1_53' title='bbox 991 916 1049 964; x_wconf 84' lang='lat' dir='ltr'><strong><em>et</em></strong></span> <span class='ocrx_word' id='word_1_54' title='bbox 1086 918 1311 983; x_wconf 84' lang='lat' dir='ltr'><strong><em>apparet</em></strong></span> <span class='ocrx_word' id='word_1_55' title='bbox 1364 912 1480 985; x_wconf 89' lang='lat' dir='ltr'><strong><em>[seu</em></strong></span> <span class='ocrx_word' id='word_1_56' title='bbox 1529 913 1827 983; x_wconf 75' lang='lat' dir='ltr'><strong><em>ministrat]</em></strong></span> <span class='ocrx_word' id='word_1_57' title='bbox 1859 914 2084 968; x_wconf 88' lang='lat' dir='ltr'><strong><em>Domino</em></strong></span> 
     </span>
    </p>
   </div>
   <div class='ocr_carea' id='block_1_10' title="bbox 2201 907 3838 988">
    <p class='ocr_par' dir='ltr' id='par_1_10' title="bbox 2201 910 3838 988">
     <span class='ocr_line' id='line_1_10' title="bbox 2201 910 3838 988; baseline -0.001 -21"><span class='ocrx_word' id='word_1_58' title='bbox 2201 916 2477 967; x_wconf 82' lang='grc' dir='ltr'>κατοικοῦν</span> <span class='ocrx_word' id='word_1_59' title='bbox 2525 910 2857 988; x_wconf 72' lang='grc' dir='ltr'><strong><em>εὐφραίνεται</em></strong></span> <span class='ocrx_word' id='word_1_60' title='bbox 2912 912 3045 984; x_wconf 83' lang='grc' dir='ltr'>μετᾶ</span> <span class='ocrx_word' id='word_1_61' title='bbox 3091 915 3186 966; x_wconf 90' lang='grc' dir='ltr'><strong><em>τοῦ</em></strong></span> <span class='ocrx_word' id='word_1_62' title='bbox 3251 911 3472 973; x_wconf 87' lang='grc' dir='ltr'>σκεύους</span> <span class='ocrx_word' id='word_1_63' title='bbox 3537 911 3600 966; x_wconf 80' lang='grc' dir='ltr'>οὗ</span> <span class='ocrx_word' id='word_1_64' title='bbox 3658 932 3838 965; x_wconf 85' lang='grc' dir='ltr'>κατοι-</span> 
     </span>
    </p>
   </div>
   <div class='ocr_carea' id='block_1_11' title="bbox 445 996 2084 1076">
    <p class='ocr_par' dir='ltr' id='par_1_11' title="bbox 445 996 2083 1072">
     <span class='ocr_line' id='line_1_11' title="bbox 445 996 2083 1072; baseline 0.003 -21"><span class='ocrx_word' id='word_1_65' title='bbox 445 998 503 1051; x_wconf 89' lang='lat' dir='ltr'><strong><em>in</em></strong></span> <span class='ocrx_word' id='word_1_66' title='bbox 535 996 814 1053; x_wconf 72' lang='lat' dir='ltr'><strong><em>hilaritate</em></strong></span> <span class='ocrx_word' id='word_1_67' title='bbox 861 1016 1087 1067; x_wconf 87' lang='lat' dir='ltr'><strong><em>magna.</em></strong></span> <span class='ocrx_word' id='word_1_68' title='bbox 1141 1001 1288 1068; x_wconf 80' lang='lat' dir='ltr'><strong><em>Quod</em></strong></span> <span class='ocrx_word' id='word_1_69' title='bbox 1335 1003 1384 1054; x_wconf 92' lang='lat' dir='ltr'><strong><em>si</em></strong></span> <span class='ocrx_word' id='word_1_70' title='bbox 1431 1002 1719 1056; x_wconf 84' lang='lat' dir='ltr'><strong><em>iracundia</em></strong></span> <span class='ocrx_word' id='word_1_71' title='bbox 1767 1003 1952 1072; x_wconf 86' lang='lat' dir='ltr'><strong><em>aliqua</em></strong></span> <span class='ocrx_word' id='word_1_72' title='bbox 1994 1018 2083 1056; x_wconf 87' lang='lat' dir='ltr'><strong><em>su-</em></strong></span> 
     </span>
    </p>
   </div>
   <div class='ocr_carea' id='block_1_12' title="bbox 2201 996 3835 1076">
    <p class='ocr_par' dir='ltr' id='par_1_12' title="bbox 2201 999 3835 1076">
     <span class='ocr_line' id='line_1_12' title="bbox 2201 999 3835 1076; baseline 0.002 -22"><span class='ocrx_word' id='word_1_73' title='bbox 2201 1006 2296 1065; x_wconf 67' lang='grc' dir='ltr'>μιεῖ,</span> <span class='ocrx_word' id='word_1_74' title='bbox 2327 999 2415 1053; x_wconf 76' lang='grc' dir='ltr'><strong><em>καὶ</em></strong></span> <span class='ocrx_word' id='word_1_75' title='bbox 2468 999 2774 1073; x_wconf 81' lang='grc' dir='ltr'>λειτουργεῖ</span> <span class='ocrx_word' id='word_1_76' title='bbox 2821 1004 2901 1072; x_wconf 75' lang='grc' dir='ltr'>τῷ</span> <span class='ocrx_word' id='word_1_77' title='bbox 2949 1000 3129 1076; x_wconf 85' lang='grc' dir='ltr'>Κυρίῳ</span> <span class='ocrx_word' id='word_1_78' title='bbox 3180 1000 3231 1054; x_wconf 83' lang='grc' dir='ltr'><strong><em>ἐν</em></strong></span> <span class='ocrx_word' id='word_1_79' title='bbox 3280 999 3566 1075; x_wconf 73' lang='grc' dir='ltr'>ἱλαρότητι</span> <span class='ocrx_word' id='word_1_80' title='bbox 3625 999 3835 1071; x_wconf 75' lang='grc' dir='ltr'>πολλῇ.</span> 
     </span>
    </p>
   </div>
   <div class='ocr_carea' id='block_1_13' title="bbox 435 1085 2084 1162">
    <p class='ocr_par' dir='ltr' id='par_1_13' title="bbox 435 1088 2079 1161">
     <span class='ocr_line' id='line_1_13' title="bbox 435 1088 2079 1161; baseline 0.003 -22"><span class='ocrx_word' id='word_1_81' title='bbox 435 1088 771 1155; x_wconf 79' lang='lat' dir='ltr'><strong><em>pervenerit,</em></strong></span> <span class='ocrx_word' id='word_1_82' title='bbox 827 1090 1084 1143; x_wconf 82' lang='lat' dir='ltr'><strong><em>continuo</em></strong></span> <span class='ocrx_word' id='word_1_83' title='bbox 1151 1089 1389 1160; x_wconf 86' lang='lat' dir='ltr'><strong><em>Spiritus</em></strong></span> <span class='ocrx_word' id='word_1_84' title='bbox 1461 1096 1679 1145; x_wconf 88' lang='lat' dir='ltr'><strong><em>sanctus</em></strong></span> <span class='ocrx_word' id='word_1_85' title='bbox 1735 1095 2079 1161; x_wconf 80' lang='lat' dir='ltr'><strong><em>angustatur,</em></strong></span> 
     </span>
    </p>
   </div>
   <div class='ocr_carea' id='block_1_14' title="bbox 2201 1085 3839 1162">
    <p class='ocr_par' dir='ltr' id='par_1_14' title="bbox 2201 1085 3839 1162">
     <span class='ocr_line' id='line_1_14' title="bbox 2201 1085 3839 1162; baseline -0.001 -18"><span class='ocrx_word' id='word_1_86' title='bbox 2201 1090 2316 1145; x_wconf 76' lang='grc' dir='ltr'><strong><em>Ἐὰν</em></strong></span> <span class='ocrx_word' id='word_1_87' title='bbox 2351 1086 2405 1142; x_wconf 72' lang='grc' dir='ltr'>δὲ</span> <span class='ocrx_word' id='word_1_88' title='bbox 2461 1109 2545 1149; x_wconf 86' lang='grc' dir='ltr'><strong><em>τις</em></strong></span> <span class='ocrx_word' id='word_1_89' title='bbox 2597 1085 2861 1162; x_wconf 81' lang='grc' dir='ltr'>ὀξυχολία</span> <span class='ocrx_word' id='word_1_90' title='bbox 2909 1087 3127 1161; x_wconf 67' lang='grc' dir='ltr'>ἐπέλθῃ,</span> <span class='ocrx_word' id='word_1_91' title='bbox 3160 1086 3356 1152; x_wconf 71' lang='grc' dir='ltr'>εὐθέως</span> <span class='ocrx_word' id='word_1_92' title='bbox 3400 1089 3462 1143; x_wconf 88' lang='grc' dir='ltr'>τὸ</span> <span class='ocrx_word' id='word_1_93' title='bbox 3510 1093 3733 1161; x_wconf 84' lang='grc' dir='ltr'>Πνεῦμα</span> <span class='ocrx_word' id='word_1_94' title='bbox 3781 1090 3839 1143; x_wconf 85' lang='grc' dir='ltr'>τὸ</span> 
     </span>
    </p>
   </div>
   <div class='ocr_carea' id='block_1_15' title="bbox 3726 392 3835 453">
    <p class='ocr_par' dir='ltr' id='par_1_15' title="bbox 3726 392 3835 453">
     <span class='ocr_line' id='line_1_15' title="bbox 3726 392 3835 453; baseline -0.018 0"><span class='ocrx_word' id='word_1_95' title='bbox 3726 392 3835 453; x_wconf 69' lang='grc'><strong><em>924</em></strong></span> 
     </span>
    </p>
   </div>
   <div class='ocr_carea' id='block_1_16' title="bbox 2275 643 3835 721">
    <p class='ocr_par' dir='ltr' id='par_1_16' title="bbox 2275 643 3835 721">
     <span class='ocr_line' id='line_1_16' title="bbox 2275 643 3835 721; baseline 0.001 -21"><span class='ocrx_word' id='word_1_96' title='bbox 2275 646 2395 700; x_wconf 77' lang='grc' dir='ltr'>Ἐάν</span> <span class='ocrx_word' id='word_1_97' title='bbox 2452 647 2553 721; x_wconf 91' lang='grc' dir='ltr'><strong><em>γάρ</em></strong></span> <span class='ocrx_word' id='word_1_98' title='bbox 2600 665 2685 707; x_wconf 90' lang='grc' dir='ltr'><strong><em>τις</em></strong></span> <span class='ocrx_word' id='word_1_99' title='bbox 2730 643 3082 719; x_wconf 86' lang='grc' dir='ltr'>μακρόθυμος</span> <span class='ocrx_word' id='word_1_100' title='bbox 3130 646 3373 720; x_wconf 76' lang='grc' dir='ltr'>γένηται,</span> <span class='ocrx_word' id='word_1_101' title='bbox 3405 645 3469 700; x_wconf 82' lang='grc' dir='ltr'>τὸ</span> <span class='ocrx_word' id='word_1_102' title='bbox 3516 648 3738 717; x_wconf 79' lang='grc' dir='ltr'>Πνεῦμα</span> <span class='ocrx_word' id='word_1_103' title='bbox 3779 647 3835 701; x_wconf 81' lang='grc' dir='ltr'>τὸ</span> 
     </span>
    </p>
   </div>
   <div class='ocr_carea' id='block_1_17' title="bbox 438 1175 2075 1250">
    <p class='ocr_par' dir='ltr' id='par_1_17' title="bbox 438 1175 2075 1250">
     <span class='ocr_line' id='line_1_17' title="bbox 438 1175 2075 1250; baseline 0.004 -22"><span class='ocrx_word' id='word_1_104' title='bbox 438 1189 545 1229; x_wconf 84' lang='lat' dir='ltr'><strong><em>non</em></strong></span> <span class='ocrx_word' id='word_1_105' title='bbox 614 1175 813 1230; x_wconf 79' lang='lat' dir='ltr'><strong><em>habens</em></strong></span> <span class='ocrx_word' id='word_1_106' title='bbox 865 1177 1043 1232; x_wconf 90' lang='lat' dir='ltr'><strong><em>locum</em></strong></span> <span class='ocrx_word' id='word_1_107' title='bbox 1096 1179 1386 1247; x_wconf 82' lang='lat' dir='ltr'><strong><em>mundum,</em></strong></span> <span class='ocrx_word' id='word_1_108' title='bbox 1422 1183 1472 1234; x_wconf 92' lang='lat' dir='ltr'><strong><em>et</em></strong></span> <span class='ocrx_word' id='word_1_109' title='bbox 1518 1183 1712 1250; x_wconf 62' lang='lat' dir='ltr'><strong><em>quwrit</em></strong></span> <span class='ocrx_word' id='word_1_110' title='bbox 1762 1180 2075 1241; x_wconf 77' lang='lat' dir='ltr'><strong><em>discedere;</em></strong></span> 
     </span>
    </p>
   </div>
   <div class='ocr_carea' id='block_1_18' title="bbox 444 1264 2083 1340">
    <p class='ocr_par' dir='ltr' id='par_1_18' title="bbox 444 1264 2083 1340">
     <span class='ocr_line' id='line_1_18' title="bbox 444 1264 2083 1340; baseline 0.004 -23"><span class='ocrx_word' id='word_1_111' title='bbox 444 1264 572 1334; x_wconf 85' lang='lat' dir='ltr'><strong><em>quia</em></strong></span> <span class='ocrx_word' id='word_1_112' title='bbox 616 1281 730 1319; x_wconf 87' lang='lat' dir='ltr'><strong><em>non</em></strong></span> <span class='ocrx_word' id='word_1_113' title='bbox 760 1265 922 1320; x_wconf 80' lang='lat' dir='ltr'><strong><em>habet</em></strong></span> <span class='ocrx_word' id='word_1_114' title='bbox 965 1267 1141 1321; x_wconf 90' lang='lat' dir='ltr'><strong><em>locum</em></strong></span> <span class='ocrx_word' id='word_1_115' title='bbox 1195 1269 1497 1339; x_wconf 83' lang='lat' dir='ltr'><strong><em>apparendi</em></strong></span> <span class='ocrx_word' id='word_1_116' title='bbox 1535 1270 1619 1340; x_wconf 89' lang='lat' dir='ltr'><strong><em>[ac</em></strong></span> <span class='ocrx_word' id='word_1_117' title='bbox 1646 1270 1949 1339; x_wconf 77' lang='lat' dir='ltr'><strong><em>serviendi]</em></strong></span> <span class='ocrx_word' id='word_1_118' title='bbox 1979 1270 2083 1324; x_wconf 86' lang='lat' dir='ltr'><strong><em>Do-</em></strong></span> 
     </span>
    </p>
   </div>
   <div class='ocr_carea' id='block_1_19' title="bbox 446 1354 2085 1428">
    <p class='ocr_par' dir='ltr' id='par_1_19' title="bbox 446 1354 2085 1428">
     <span class='ocr_line' id='line_1_19' title="bbox 446 1354 2085 1428; baseline 0.004 -23"><span class='ocrx_word' id='word_1_119' title='bbox 446 1355 615 1421; x_wconf 86' lang='lat' dir='ltr'><strong><em>mino,</em></strong></span> <span class='ocrx_word' id='word_1_120' title='bbox 646 1354 787 1410; x_wconf 88' lang='lat' dir='ltr'><strong><em>sicut</em></strong></span> <span class='ocrx_word' id='word_1_121' title='bbox 816 1355 947 1409; x_wconf 85' lang='lat' dir='ltr'><strong><em>vult.</em></strong></span> <span class='ocrx_word' id='word_1_122' title='bbox 981 1356 1121 1410; x_wconf 84' lang='lat' dir='ltr'><em>Deus</em></span> <span class='ocrx_word' id='word_1_123' title='bbox 1148 1358 1295 1410; x_wconf 86' lang='lat' dir='ltr'><strong><em>enim</em></strong></span> <span class='ocrx_word' id='word_1_124' title='bbox 1324 1359 1387 1411; x_wconf 88' lang='lat' dir='ltr'><strong><em>in</em></strong></span> <span class='ocrx_word' id='word_1_125' title='bbox 1412 1359 1694 1428; x_wconf 85' lang='lat' dir='ltr'><strong><em>patientia</em></strong></span> <span class='ocrx_word' id='word_1_126' title='bbox 1738 1358 1989 1424; x_wconf 86' lang='lat' dir='ltr'><strong><em>habitat;</em></strong></span> <span class='ocrx_word' id='word_1_127' title='bbox 2021 1359 2085 1412; x_wconf 88' lang='lat' dir='ltr'><strong><em>in</em></strong></span> 
     </span>
    </p>
   </div>
   <div class='ocr_carea' id='block_1_20' title="bbox 444 1442 2083 1518">
    <p class='ocr_par' dir='ltr' id='par_1_20' title="bbox 444 1442 2083 1518">
     <span class='ocr_line' id='line_1_20' title="bbox 444 1442 2083 1518; baseline 0.004 -24"><span class='ocrx_word' id='word_1_128' title='bbox 444 1442 735 1496; x_wconf 85' lang='lat' dir='ltr'><strong><em>iracundia</em></strong></span> <span class='ocrx_word' id='word_1_129' title='bbox 765 1460 889 1498; x_wconf 87' lang='lat' dir='ltr'><strong><em>vero</em></strong></span> <span class='ocrx_word' id='word_1_130' title='bbox 918 1443 1187 1500; x_wconf 81' lang='lat' dir='ltr'><strong><em>diabolus.</em></strong></span> <span class='ocrx_word' id='word_1_131' title='bbox 1250 1447 1471 1517; x_wconf 86' lang='lat' dir='ltr'><strong><em>Utrique</em></strong></span> <span class='ocrx_word' id='word_1_132' title='bbox 1524 1463 1655 1518; x_wconf 86' lang='lat' dir='ltr'><strong><em>ergo</em></strong></span> <span class='ocrx_word' id='word_1_133' title='bbox 1685 1448 1921 1518; x_wconf 81' lang='lat' dir='ltr'><strong><em>spiritus</em></strong></span> <span class='ocrx_word' id='word_1_134' title='bbox 1959 1463 2083 1501; x_wconf 89' lang='lat' dir='ltr'><strong><em>cum</em></strong></span> 
     </span>
    </p>
   </div>
   <div class='ocr_carea' id='block_1_21' title="bbox 440 1532 2082 1605">
    <p class='ocr_par' dir='ltr' id='par_1_21' title="bbox 440 1532 2082 1605">
     <span class='ocr_line' id='line_1_21' title="bbox 440 1532 2082 1605; baseline 0.004 -21"><span class='ocrx_word' id='word_1_135' title='bbox 440 1532 655 1601; x_wconf 84' lang='lat' dir='ltr'><strong><em>pariter</em></strong></span> <span class='ocrx_word' id='word_1_136' title='bbox 683 1533 1013 1599; x_wconf 84' lang='lat' dir='ltr'><strong><em>inhabitant,</em></strong></span> <span class='ocrx_word' id='word_1_137' title='bbox 1064 1536 1435 1605; x_wconf 85' lang='lat' dir='ltr'><strong><em>perniciosum</em></strong></span> <span class='ocrx_word' id='word_1_138' title='bbox 1490 1544 1568 1591; x_wconf 89' lang='lat' dir='ltr'><strong><em>est</em></strong></span> <span class='ocrx_word' id='word_1_139' title='bbox 1612 1552 1675 1591; x_wconf 87' lang='lat' dir='ltr'><strong><em>ac</em></strong></span> <span class='ocrx_word' id='word_1_140' title='bbox 1729 1537 1940 1591; x_wconf 84' lang='lat' dir='ltr'><strong><em>malum</em></strong></span> <span class='ocrx_word' id='word_1_141' title='bbox 1988 1535 2082 1591; x_wconf 89' lang='lat' dir='ltr'><strong><em>ho-</em></strong></span> 
     </span>
    </p>
   </div>
   <div class='ocr_carea' id='block_1_22' title="bbox 442 1621 2082 1691">
    <p class='ocr_par' dir='ltr' id='par_1_22' title="bbox 442 1621 2082 1691">
     <span class='ocr_line' id='line_1_22' title="bbox 442 1621 2082 1691; baseline 0.004 -18"><span class='ocrx_word' id='word_1_142' title='bbox 442 1621 603 1688; x_wconf 84' lang='lat' dir='ltr'><strong><em>mini,</em></strong></span> <span class='ocrx_word' id='word_1_143' title='bbox 637 1621 695 1674; x_wconf 87' lang='lat' dir='ltr'><strong><em>in</em></strong></span> <span class='ocrx_word' id='word_1_144' title='bbox 725 1638 827 1691; x_wconf 90' lang='lat' dir='ltr'><strong><em>quo</em></strong></span> <span class='ocrx_word' id='word_1_145' title='bbox 860 1624 1017 1678; x_wconf 90' lang='lat' dir='ltr'><strong><em>ambo</em></strong></span> <span class='ocrx_word' id='word_1_146' title='bbox 1073 1622 1345 1679; x_wconf 89' lang='lat' dir='ltr'><strong><em>habitant.</em></strong></span> <span class='ocrx_word' id='word_1_147' title='bbox 1390 1623 1450 1680; x_wconf 90' lang='lat' dir='ltr'><strong><em>Si</em></strong></span> <span class='ocrx_word' id='word_1_148' title='bbox 1502 1627 1649 1679; x_wconf 86' lang='lat' dir='ltr'><strong><em>enim</em></strong></span> <span class='ocrx_word' id='word_1_149' title='bbox 1707 1641 1957 1680; x_wconf 86' lang='lat' dir='ltr'><em>assumas</em></span> <span class='ocrx_word' id='word_1_150' title='bbox 1985 1625 2082 1679; x_wconf 91' lang='lat' dir='ltr'><strong><em>ab-</em></strong></span> 
     </span>
    </p>
   </div>
   <div class='ocr_carea' id='block_1_23' title="bbox 440 1710 2079 1786">
    <p class='ocr_par' dir='ltr' id='par_1_23' title="bbox 440 1710 2079 1786">
     <span class='ocr_line' id='line_1_23' title="bbox 440 1710 2079 1786; baseline 0.004 -23"><span class='ocrx_word' id='word_1_151' title='bbox 440 1710 639 1764; x_wconf 85' lang='lat' dir='ltr'><strong><em>sinthii</em></strong></span> <span class='ocrx_word' id='word_1_152' title='bbox 690 1711 974 1780; x_wconf 89' lang='lat' dir='ltr'><strong><em>pusillum,</em></strong></span> <span class='ocrx_word' id='word_1_153' title='bbox 1031 1721 1081 1767; x_wconf 91' lang='lat' dir='ltr'><strong><em>et</em></strong></span> <span class='ocrx_word' id='word_1_154' title='bbox 1136 1715 1320 1767; x_wconf 82' lang='lat' dir='ltr'><strong><em>mittas</em></strong></span> <span class='ocrx_word' id='word_1_155' title='bbox 1377 1715 1438 1768; x_wconf 88' lang='lat' dir='ltr'><strong><em>in</em></strong></span> <span class='ocrx_word' id='word_1_156' title='bbox 1493 1715 1816 1786; x_wconf 82' lang='lat' dir='ltr'><strong><em>amphoram</em></strong></span> <span class='ocrx_word' id='word_1_157' title='bbox 1871 1715 2079 1778; x_wconf 79' lang='lat' dir='ltr'><strong><em>mellis,</em></strong></span> 
     </span>
    </p>
   </div>
   <div class='ocr_carea' id='block_1_24' title="bbox 440 1802 2083 1858">
    <p class='ocr_par' dir='ltr' id='par_1_24' title="bbox 440 1802 2083 1858">
     <span class='ocr_line' id='line_1_24' title="bbox 440 1802 2083 1858; baseline 0.003 -6"><span class='ocrx_word' id='word_1_158' title='bbox 440 1814 621 1853; x_wconf 87' lang='lat' dir='ltr'><strong><em>nonne</em></strong></span> <span class='ocrx_word' id='word_1_159' title='bbox 646 1802 820 1854; x_wconf 89' lang='lat' dir='ltr'><strong><em>totum</em></strong></span> <span class='ocrx_word' id='word_1_160' title='bbox 864 1802 974 1855; x_wconf 87' lang='lat' dir='ltr'><strong><em>mel</em></strong></span> <span class='ocrx_word' id='word_1_161' title='bbox 1017 1802 1517 1857; x_wconf 71' lang='lat' dir='ltr'><strong><em>exterminabitur?</em></strong></span> <span class='ocrx_word' id='word_1_162' title='bbox 1568 1812 1619 1858; x_wconf 88' lang='lat' dir='ltr'><strong><em>et</em></strong></span> <span class='ocrx_word' id='word_1_163' title='bbox 1644 1807 1863 1858; x_wconf 87' lang='lat' dir='ltr'><strong><em>tantum</em></strong></span> <span class='ocrx_word' id='word_1_164' title='bbox 1902 1803 2083 1857; x_wconf 90' lang='lat' dir='ltr'><strong><em>mellis</em></strong></span> 
     </span>
    </p>
   </div>
   <div class='ocr_carea' id='block_1_25' title="bbox 441 1887 2080 1961">
    <p class='ocr_par' dir='ltr' id='par_1_25' title="bbox 441 1887 2080 1961">
     <span class='ocr_line' id='line_1_25' title="bbox 441 1887 2080 1961; baseline 0.003 -20"><span class='ocrx_word' id='word_1_165' title='bbox 441 1904 477 1941; x_wconf 87' lang='grc' dir='ltr'><strong><em>α</em></strong></span> <span class='ocrx_word' id='word_1_166' title='bbox 505 1887 712 1943; x_wconf 81' lang='lat' dir='ltr'><strong><em>modico</em></strong></span> <span class='ocrx_word' id='word_1_167' title='bbox 757 1890 1031 1945; x_wconf 87' lang='lat' dir='ltr'><strong><em>absinthio</em></strong></span> <span class='ocrx_word' id='word_1_168' title='bbox 1088 1891 1365 1961; x_wconf 82' lang='lat' dir='ltr'><strong><em>disperit?</em></strong></span> <span class='ocrx_word' id='word_1_169' title='bbox 1422 1891 1607 1947; x_wconf 87' lang='lat' dir='ltr'><strong><em>Perdit</em></strong></span> <span class='ocrx_word' id='word_1_170' title='bbox 1642 1894 1794 1946; x_wconf 88' lang='lat' dir='ltr'><strong><em>enim</em></strong></span> <span class='ocrx_word' id='word_1_171' title='bbox 1839 1891 2080 1946; x_wconf 88' lang='lat' dir='ltr'><strong><em>dulcedi-</em></strong></span> 
     </span>
    </p>
   </div>
   <div class='ocr_carea' id='block_1_26' title="bbox 2194 1175 3837 1253">
    <p class='ocr_par' dir='ltr' id='par_1_26' title="bbox 2194 1175 3837 1253">
     <span class='ocr_line' id='line_1_26' title="bbox 2194 1175 3837 1253; baseline 0.001 -22"><span class='ocrx_word' id='word_1_172' title='bbox 2194 1179 2348 1251; x_wconf 82' lang='grc' dir='ltr'>ἅγιον</span> <span class='ocrx_word' id='word_1_173' title='bbox 2405 1183 2847 1252; x_wconf 83' lang='grc' dir='ltr'>στενοχωρεῖται,</span> <span class='ocrx_word' id='word_1_174' title='bbox 2908 1178 2983 1248; x_wconf 81' lang='grc' dir='ltr'>μὴ</span> <span class='ocrx_word' id='word_1_175' title='bbox 3033 1175 3160 1253; x_wconf 80' lang='grc' dir='ltr'>ἔχον</span> <span class='ocrx_word' id='word_1_176' title='bbox 3216 1177 3382 1232; x_wconf 85' lang='grc' dir='ltr'>τόπον</span> <span class='ocrx_word' id='word_1_177' title='bbox 3432 1179 3691 1253; x_wconf 80' lang='grc' dir='ltr'>καθαρὸν,</span> <span class='ocrx_word' id='word_1_178' title='bbox 3753 1178 3837 1233; x_wconf 80' lang='grc' dir='ltr'><strong><em>καὶ</em></strong></span> 
     </span>
    </p>
   </div>
   <div class='ocr_carea' id='block_1_27' title="bbox 2197 1262 3839 1342">
    <p class='ocr_par' dir='ltr' id='par_1_27' title="bbox 2197 1262 3839 1342">
     <span class='ocr_line' id='line_1_27' title="bbox 2197 1262 3839 1342; baseline 0.001 -22"><span class='ocrx_word' id='word_1_179' title='bbox 2197 1271 2347 1336; x_wconf 86' lang='grc' dir='ltr'><strong><em>ζητεῖ</em></strong></span> <span class='ocrx_word' id='word_1_180' title='bbox 2378 1267 2693 1335; x_wconf 81' lang='grc' dir='ltr'>ἀποστῆναι,</span> <span class='ocrx_word' id='word_1_181' title='bbox 2729 1262 2817 1320; x_wconf 76' lang='grc' dir='ltr'>διὰ</span> <span class='ocrx_word' id='word_1_182' title='bbox 2843 1265 2905 1320; x_wconf 89' lang='grc' dir='ltr'>τὸ</span> <span class='ocrx_word' id='word_1_183' title='bbox 2949 1268 3025 1338; x_wconf 79' lang='grc' dir='ltr'>μὴ</span> <span class='ocrx_word' id='word_1_184' title='bbox 3087 1263 3232 1342; x_wconf 80' lang='grc' dir='ltr'>ἔχειν</span> <span class='ocrx_word' id='word_1_185' title='bbox 3286 1266 3454 1321; x_wconf 83' lang='grc' dir='ltr'>τόπον</span> <span class='ocrx_word' id='word_1_186' title='bbox 3515 1266 3839 1342; x_wconf 75' lang='grc' dir='ltr'>λειτουργῆ-</span> 
     </span>
    </p>
   </div>
   <div class='ocr_carea' id='block_1_28' title="bbox 2192 1354 3839 1431">
    <p class='ocr_par' dir='ltr' id='par_1_28' title="bbox 2192 1354 3839 1431">
     <span class='ocr_line' id='line_1_28' title="bbox 2192 1354 3839 1431; baseline 0 -22"><span class='ocrx_word' id='word_1_187' title='bbox 2192 1376 2277 1409; x_wconf 88' lang='grc' dir='ltr'>σαι</span> <span class='ocrx_word' id='word_1_188' title='bbox 2309 1359 2386 1425; x_wconf 80' lang='grc' dir='ltr'>τῷ</span> <span class='ocrx_word' id='word_1_189' title='bbox 2416 1355 2597 1427; x_wconf 80' lang='grc' dir='ltr'>Κυρίῳ</span> <span class='ocrx_word' id='word_1_190' title='bbox 2626 1355 2803 1416; x_wconf 79' lang='grc' dir='ltr'>καθὼς</span> <span class='ocrx_word' id='word_1_191' title='bbox 2849 1354 3123 1429; x_wconf 84' lang='grc' dir='ltr'>βούλεται.</span> <span class='ocrx_word' id='word_1_192' title='bbox 3158 1357 3239 1409; x_wconf 89' lang='grc' dir='ltr'>Ἐν</span> <span class='ocrx_word' id='word_1_193' title='bbox 3290 1356 3394 1430; x_wconf 78' lang='grc' dir='ltr'>γὰρ</span> <span class='ocrx_word' id='word_1_194' title='bbox 3441 1358 3509 1428; x_wconf 78' lang='grc' dir='ltr'>τῇ</span> <span class='ocrx_word' id='word_1_195' title='bbox 3570 1368 3839 1431; x_wconf 86' lang='grc' dir='ltr'>μακροθυ-</span> 
     </span>
    </p>
   </div>
   <div class='ocr_carea' id='block_1_29' title="bbox 2196 1441 3835 1519">
    <p class='ocr_par' dir='ltr' id='par_1_29' title="bbox 2196 1441 3835 1519">
     <span class='ocr_line' id='line_1_29' title="bbox 2196 1441 3835 1519; baseline 0.001 -22"><span class='ocrx_word' id='word_1_196' title='bbox 2196 1443 2293 1516; x_wconf 82' lang='grc' dir='ltr'><strong><em>μίᾳ</em></strong></span> <span class='ocrx_word' id='word_1_197' title='bbox 2348 1444 2375 1497; x_wconf 88' lang='grc' dir='ltr'>ὁ</span> <span class='ocrx_word' id='word_1_198' title='bbox 2434 1442 2629 1519; x_wconf 82' lang='grc' dir='ltr'>Κύριος</span> <span class='ocrx_word' id='word_1_199' title='bbox 2683 1449 2941 1498; x_wconf 83' lang='grc' dir='ltr'>κατοικεῖ·</span> <span class='ocrx_word' id='word_1_200' title='bbox 3003 1443 3053 1497; x_wconf 85' lang='grc' dir='ltr'>ἐν</span> <span class='ocrx_word' id='word_1_201' title='bbox 3115 1441 3171 1498; x_wconf 80' lang='grc' dir='ltr'><strong><em>δὲ</em></strong></span> <span class='ocrx_word' id='word_1_202' title='bbox 3224 1448 3293 1518; x_wconf 79' lang='grc' dir='ltr'>τῇ</span> <span class='ocrx_word' id='word_1_203' title='bbox 3340 1443 3626 1519; x_wconf 75' lang='grc' dir='ltr'>ὀξυχολίᾳ,</span> <span class='ocrx_word' id='word_1_204' title='bbox 3661 1445 3691 1499; x_wconf 86' lang='grc' dir='ltr'><strong>ὁ</strong></span> <span class='ocrx_word' id='word_1_205' title='bbox 3724 1442 3835 1499; x_wconf 80' lang='grc' dir='ltr'>διά-</span> 
     </span>
    </p>
   </div>
   <div class='ocr_carea' id='block_1_30' title="bbox 2193 1527 3837 1611">
    <p class='ocr_par' dir='ltr' id='par_1_30' title="bbox 2193 1527 3837 1611">
     <span class='ocr_line' id='line_1_30' title="bbox 2193 1527 3837 1611; baseline 0.001 -25"><span class='ocrx_word' id='word_1_206' title='bbox 2193 1527 2381 1593; x_wconf 76' lang='grc' dir='ltr'>ϐολος.</span> <span class='ocrx_word' id='word_1_207' title='bbox 2446 1532 2756 1611; x_wconf 70' lang='grc' dir='ltr'>Ἀμφότερα</span> <span class='ocrx_word' id='word_1_208' title='bbox 2814 1530 2904 1586; x_wconf 76' lang='grc' dir='ltr'><strong><em>οὖν</em></strong></span> <span class='ocrx_word' id='word_1_209' title='bbox 2970 1534 3037 1587; x_wconf 73' lang='grc' dir='ltr'>τὰ</span> <span class='ocrx_word' id='word_1_210' title='bbox 3090 1532 3371 1606; x_wconf 83' lang='grc' dir='ltr'>πνεύματα</span> <span class='ocrx_word' id='word_1_211' title='bbox 3427 1531 3514 1587; x_wconf 83' lang='grc' dir='ltr'><strong><em>ἐπὶ</em></strong></span> <span class='ocrx_word' id='word_1_212' title='bbox 3568 1532 3631 1588; x_wconf 86' lang='grc' dir='ltr'>τὸ</span> <span class='ocrx_word' id='word_1_213' title='bbox 3710 1532 3837 1588; x_wconf 75' lang='grc' dir='ltr'>αὐτὸ</span> 
     </span>
    </p>
   </div>
   <div class='ocr_carea' id='block_1_31' title="bbox 2190 1619 3836 1698">
    <p class='ocr_par' dir='ltr' id='par_1_31' title="bbox 2190 1619 3836 1698">
     <span class='ocr_line' id='line_1_31' title="bbox 2190 1619 3836 1698; baseline -0.001 -22"><span class='ocrx_word' id='word_1_214' title='bbox 2190 1625 2564 1689; x_wconf 78' lang='grc' dir='ltr'>κατοικοῦντα,</span> <span class='ocrx_word' id='word_1_215' title='bbox 2607 1620 2919 1698; x_wconf 78' lang='grc' dir='ltr'>ἀσύμφορόν</span> <span class='ocrx_word' id='word_1_216' title='bbox 2966 1620 3076 1676; x_wconf 78' lang='grc' dir='ltr'>ἐστὶ</span> <span class='ocrx_word' id='word_1_217' title='bbox 3138 1619 3227 1675; x_wconf 87' lang='grc' dir='ltr'><strong><em>καὶ</em></strong></span> <span class='ocrx_word' id='word_1_218' title='bbox 3289 1622 3528 1693; x_wconf 83' lang='grc' dir='ltr'>πονηρὸν</span> <span class='ocrx_word' id='word_1_219' title='bbox 3595 1619 3679 1693; x_wconf 78' lang='grc' dir='ltr'>τῷ</span> <span class='ocrx_word' id='word_1_220' title='bbox 3752 1620 3836 1675; x_wconf 79' lang='grc' dir='ltr'><strong><em>ἀν-</em></strong></span> 
     </span>
    </p>
   </div>
   <div class='ocr_carea' id='block_1_32' title="bbox 2190 1704 3835 1788">
    <p class='ocr_par' dir='ltr' id='par_1_32' title="bbox 2190 1704 3835 1788">
     <span class='ocr_line' id='line_1_32' title="bbox 2190 1704 3835 1788; baseline 0 -25"><span class='ocrx_word' id='word_1_221' title='bbox 2190 1711 2415 1785; x_wconf 84' lang='grc' dir='ltr'>Θρώπῳ,</span> <span class='ocrx_word' id='word_1_222' title='bbox 2450 1710 2511 1764; x_wconf 80' lang='grc' dir='ltr'>οὗ</span> <span class='ocrx_word' id='word_1_223' title='bbox 2568 1714 2909 1764; x_wconf 82' lang='grc' dir='ltr'>κατοικοῦσιν</span> <span class='ocrx_word' id='word_1_224' title='bbox 2966 1710 3265 1788; x_wconf 79' lang='grc' dir='ltr'>ἀμφότερα.</span> <span class='ocrx_word' id='word_1_225' title='bbox 3308 1710 3429 1765; x_wconf 82' lang='grc' dir='ltr'><strong><em>Ἐὰν</em></strong></span> <span class='ocrx_word' id='word_1_226' title='bbox 3487 1710 3590 1786; x_wconf 71' lang='grc' dir='ltr'>γὰρ</span> <span class='ocrx_word' id='word_1_227' title='bbox 3649 1704 3835 1765; x_wconf 74' lang='grc' dir='ltr'>λαϐὼν</span> 
     </span>
    </p>
   </div>
   <div class='ocr_carea' id='block_1_33' title="bbox 2189 1796 3837 1874">
    <p class='ocr_par' dir='ltr' id='par_1_33' title="bbox 2189 1796 3837 1874">
     <span class='ocr_line' id='line_1_33' title="bbox 2189 1796 3837 1874; baseline 0 -21"><span class='ocrx_word' id='word_1_228' title='bbox 2189 1799 2433 1872; x_wconf 81' lang='grc' dir='ltr'>ἀψίνθιον</span> <span class='ocrx_word' id='word_1_229' title='bbox 2469 1799 2660 1874; x_wconf 86' lang='grc' dir='ltr'>μικρὸν</span> <span class='ocrx_word' id='word_1_230' title='bbox 2714 1798 2789 1861; x_wconf 87' lang='grc' dir='ltr'>εἰς</span> <span class='ocrx_word' id='word_1_231' title='bbox 2838 1799 3096 1874; x_wconf 85' lang='grc' dir='ltr'>κεράμιον</span> <span class='ocrx_word' id='word_1_232' title='bbox 3151 1796 3371 1871; x_wconf 73' lang='grc' dir='ltr'>μέλιτος</span> <span class='ocrx_word' id='word_1_233' title='bbox 3425 1797 3674 1874; x_wconf 69' lang='grc' dir='ltr'>ἐπιχέῃς,</span> <span class='ocrx_word' id='word_1_234' title='bbox 3710 1797 3837 1874; x_wconf 74' lang='grc' dir='ltr'>οὐχὶ</span> 
     </span>
    </p>
   </div>
   <div class='ocr_carea' id='block_1_34' title="bbox 2190 1885 3839 1965">
    <p class='ocr_par' dir='ltr' id='par_1_34' title="bbox 2190 1885 3839 1965">
     <span class='ocr_line' id='line_1_34' title="bbox 2190 1885 3839 1965; baseline 0.001 -23"><span class='ocrx_word' id='word_1_235' title='bbox 2190 1886 2319 1942; x_wconf 76' lang='grc' dir='ltr'>ὅλον</span> <span class='ocrx_word' id='word_1_236' title='bbox 2347 1888 2407 1942; x_wconf 90' lang='grc' dir='ltr'>τὸ</span> <span class='ocrx_word' id='word_1_237' title='bbox 2443 1888 2568 1961; x_wconf 77' lang='grc' dir='ltr'><strong><em>μὲλι</em></strong></span> <span class='ocrx_word' id='word_1_238' title='bbox 2600 1887 2946 1965; x_wconf 76' lang='grc' dir='ltr'>ἀφανίζεται;</span> <span class='ocrx_word' id='word_1_239' title='bbox 2978 1887 3069 1941; x_wconf 84' lang='grc' dir='ltr'><strong><em>καὶ</em></strong></span> <span class='ocrx_word' id='word_1_240' title='bbox 3094 1892 3351 1942; x_wconf 88' lang='grc' dir='ltr'>τοσοῦτον</span> <span class='ocrx_word' id='word_1_241' title='bbox 3386 1885 3514 1959; x_wconf 76' lang='grc' dir='ltr'>μὲλι</span> <span class='ocrx_word' id='word_1_242' title='bbox 3564 1888 3669 1942; x_wconf 83' lang='grc' dir='ltr'><strong><em>ὑπὸ</em></strong></span> <span class='ocrx_word' id='word_1_243' title='bbox 3722 1887 3839 1943; x_wconf 79' lang='grc' dir='ltr'>ἐλα-</span> 
     </span>
    </p>
   </div>
   <div class='ocr_carea' id='block_1_35' title="bbox 441 1975 2084 2090">
    <p class='ocr_par' dir='ltr' id='par_1_35' title="bbox 441 1977 2081 2090">
     <span class='ocr_line' id='line_1_35' title="bbox 441 1977 2081 2051; baseline 0.004 -22"><span class='ocrx_word' id='word_1_244' title='bbox 441 1991 586 2043; x_wconf 88' lang='lat' dir='ltr'><strong><em>nem,</em></strong></span> <span class='ocrx_word' id='word_1_245' title='bbox 618 1977 670 2031; x_wconf 88' lang='lat' dir='ltr'><strong><em>et</em></strong></span> <span class='ocrx_word' id='word_1_246' title='bbox 725 1993 978 2032; x_wconf 90' lang='lat' dir='ltr'><strong><em>amarum</em></strong></span> <span class='ocrx_word' id='word_1_247' title='bbox 1022 1979 1120 2049; x_wconf 81' lang='lat' dir='ltr'><strong><em>ﬁt;</em></strong></span> <span class='ocrx_word' id='word_1_248' title='bbox 1169 1982 1223 2033; x_wconf 86' lang='lat' dir='ltr'><strong><em>et</em></strong></span> <span class='ocrx_word' id='word_1_249' title='bbox 1270 1996 1382 2035; x_wconf 87' lang='lat' dir='ltr'><strong><em>non</em></strong></span> <span class='ocrx_word' id='word_1_250' title='bbox 1439 1982 1603 2036; x_wconf 78' lang='lat' dir='ltr'><strong><em>habet</em></strong></span> <span class='ocrx_word' id='word_1_251' title='bbox 1656 1983 1894 2048; x_wconf 87' lang='lat' dir='ltr'><strong><em>gratiam</em></strong></span> <span class='ocrx_word' id='word_1_252' title='bbox 1936 1981 2081 2051; x_wconf 87' lang='lat' dir='ltr'><strong><em>apud</em></strong></span> 
     </span>
     <span class='ocr_line' id='line_1_36' title="bbox 444 2064 2057 2090; baseline 0 0"><span class='ocrx_word' id='word_1_253' title='bbox 444 2064 721 2090; x_wconf 62' lang='lat' dir='ltr'><strong><em>A--...‘..-....</em></strong></span> <span class='ocrx_word' id='word_1_254' title='bbox 759 2083 910 2090; x_wconf 47' lang='grc' dir='ltr'>--.μμ</span> <span class='ocrx_word' id='word_1_255' title='bbox 985 2070 1236 2090; x_wconf 70' lang='lat'><strong><em>--.-__.&#39;_---</em></strong></span> <span class='ocrx_word' id='word_1_256' title='bbox 1272 2086 1514 2090; x_wconf 38' lang='lat'><strong><em>_---___-.-_-</em></strong></span> <span class='ocrx_word' id='word_1_257' title='bbox 1571 2070 1769 2090; x_wconf 46' lang='lat'><strong><em>)__.--._.</em></strong></span> <span class='ocrx_word' id='word_1_258' title='bbox 1814 2079 1877 2090; x_wconf 71' lang='grc' dir='ltr'><strong><em>--Α</em></strong></span> <span class='ocrx_word' id='word_1_259' title='bbox 1935 2071 2057 2090; x_wconf 32' lang='lat' dir='ltr'><strong><em>Iri-1-</em></strong></span> 
     </span>
    </p>
   </div>
   <div class='ocr_carea' id='block_1_36' title="bbox 2201 1975 3841 2090">
    <p class='ocr_par' dir='ltr' id='par_1_36' title="bbox 2201 1975 3841 2053">
     <span class='ocr_line' id='line_1_37' title="bbox 2201 1975 3841 2053; baseline -0.001 -22"><span class='ocrx_word' id='word_1_260' title='bbox 2201 1977 2382 2053; x_wconf 76' lang='grc' dir='ltr'>χίστου</span> <span class='ocrx_word' id='word_1_261' title='bbox 2424 1976 2672 2051; x_wconf 76' lang='grc' dir='ltr'>ἀψινθίου</span> <span class='ocrx_word' id='word_1_262' title='bbox 2705 1976 3047 2045; x_wconf 87' lang='grc' dir='ltr'>ἆπόλλυται;</span> <span class='ocrx_word' id='word_1_263' title='bbox 3081 1975 3353 2032; x_wconf 83' lang='grc' dir='ltr'>ἀπόλλυσι</span> <span class='ocrx_word' id='word_1_264' title='bbox 3400 1978 3504 2051; x_wconf 82' lang='grc' dir='ltr'>γὰρ</span> <span class='ocrx_word' id='word_1_265' title='bbox 3548 1978 3651 2045; x_wconf 72' lang='grc' dir='ltr'>τήν</span> <span class='ocrx_word' id='word_1_266' title='bbox 3700 1975 3841 2051; x_wconf 89' lang='grc' dir='ltr'>γλυ-</span> 
     </span>
    </p>
   </div>
   <div class='ocr_carea' id='block_1_37' title="bbox 439 2064 2076 2143">
    <p class='ocr_par' dir='ltr' id='par_1_37' title="bbox 439 2064 2076 2143">
     <span class='ocr_line' id='line_1_38' title="bbox 439 2064 2076 2143; baseline 0.004 -24"><span class='ocrx_word' id='word_1_267' title='bbox 439 2064 722 2120; x_wconf 87' lang='lat' dir='ltr'><strong><em>dominum</em></strong></span> <span class='ocrx_word' id='word_1_268' title='bbox 752 2083 933 2135; x_wconf 89' lang='lat' dir='ltr'><strong><em>suum,</em></strong></span> <span class='ocrx_word' id='word_1_269' title='bbox 979 2070 1239 2137; x_wconf 85' lang='lat' dir='ltr'><strong><em>quoniam</em></strong></span> <span class='ocrx_word' id='word_1_270' title='bbox 1264 2086 1521 2123; x_wconf 85' lang='lat' dir='ltr'><strong><em>amarum</em></strong></span> <span class='ocrx_word' id='word_1_271' title='bbox 1564 2070 1776 2143; x_wconf 76' lang='lat' dir='ltr'><strong><em>factum</em></strong></span> <span class='ocrx_word' id='word_1_272' title='bbox 1800 2079 1893 2125; x_wconf 87' lang='lat' dir='ltr'><strong><em>est.</em></strong></span> <span class='ocrx_word' id='word_1_273' title='bbox 1935 2071 2076 2140; x_wconf 85' lang='lat' dir='ltr'><strong><em>Vide,</em></strong></span> 
     </span>
    </p>
   </div>
   <div class='ocr_carea' id='block_1_38' title="bbox 2187 2063 3841 2141">
    <p class='ocr_par' dir='ltr' id='par_1_38' title="bbox 2187 2063 3841 2141">
     <span class='ocr_line' id='line_1_39' title="bbox 2187 2063 3841 2141; baseline -0.002 -20"><span class='ocrx_word' id='word_1_274' title='bbox 2187 2066 2413 2137; x_wconf 84' lang='grc' dir='ltr'>κύτητα,</span> <span class='ocrx_word' id='word_1_275' title='bbox 2471 2065 2560 2121; x_wconf 82' lang='grc' dir='ltr'><strong><em>καὶ</em></strong></span> <span class='ocrx_word' id='word_1_276' title='bbox 2616 2066 2809 2138; x_wconf 88' lang='grc' dir='ltr'>πικρὸν</span> <span class='ocrx_word' id='word_1_277' title='bbox 2882 2065 3107 2140; x_wconf 89' lang='grc' dir='ltr'>γίνεται·</span> <span class='ocrx_word' id='word_1_278' title='bbox 3168 2065 3259 2119; x_wconf 90' lang='grc' dir='ltr'><strong><em>καὶ</em></strong></span> <span class='ocrx_word' id='word_1_279' title='bbox 3333 2064 3433 2119; x_wconf 82' lang='grc' dir='ltr'><strong><em>οὐκ</em></strong></span> <span class='ocrx_word' id='word_1_280' title='bbox 3504 2063 3619 2141; x_wconf 78' lang='grc' dir='ltr'>ἔχει</span> <span class='ocrx_word' id='word_1_281' title='bbox 3681 2068 3841 2141; x_wconf 81' lang='grc' dir='ltr'>χάριν</span> 
     </span>
    </p>
   </div>
   <div class='ocr_carea' id='block_1_39' title="bbox 438 2152 2084 2232">
    <p class='ocr_par' dir='ltr' id='par_1_39' title="bbox 438 2154 2082 2228">
     <span class='ocr_line' id='line_1_40' title="bbox 438 2154 2082 2228; baseline 0.004 -21"><span class='ocrx_word' id='word_1_282' title='bbox 438 2154 578 2224; x_wconf 87' lang='lat' dir='ltr'><strong><em>quod</em></strong></span> <span class='ocrx_word' id='word_1_283' title='bbox 648 2157 1047 2228; x_wconf 75' lang='lat' dir='ltr'><strong><em>aequanimitas</em></strong></span> <span class='ocrx_word' id='word_1_284' title='bbox 1115 2157 1339 2213; x_wconf 90' lang='lat' dir='ltr'><strong><em>dulcior</em></strong></span> <span class='ocrx_word' id='word_1_285' title='bbox 1414 2161 1491 2214; x_wconf 88' lang='lat' dir='ltr'><strong><em>sit</em></strong></span> <span class='ocrx_word' id='word_1_286' title='bbox 1566 2160 1745 2227; x_wconf 81' lang='lat' dir='ltr'><strong><em>melle,</em></strong></span> <span class='ocrx_word' id='word_1_287' title='bbox 1820 2164 1871 2215; x_wconf 90' lang='lat' dir='ltr'><strong><em>et</em></strong></span> <span class='ocrx_word' id='word_1_288' title='bbox 1928 2161 2082 2214; x_wconf 78' lang='lat' dir='ltr'><strong><em>utilis</em></strong></span> 
     </span>
    </p>
   </div>
   <div class='ocr_carea' id='block_1_40' title="bbox 2201 2152 3837 2232">
    <p class='ocr_par' dir='ltr' id='par_1_40' title="bbox 2201 2152 3837 2232">
     <span class='ocr_line' id='line_1_41' title="bbox 2201 2152 3837 2232; baseline -0.002 -21"><span class='ocrx_word' id='word_1_289' title='bbox 2201 2158 2335 2232; x_wconf 76' lang='grc' dir='ltr'>παρὰ</span> <span class='ocrx_word' id='word_1_290' title='bbox 2388 2160 2486 2210; x_wconf 87' lang='grc' dir='ltr'><strong><em>τοῦ</em></strong></span> <span class='ocrx_word' id='word_1_291' title='bbox 2544 2152 2804 2210; x_wconf 84' lang='grc' dir='ltr'>δεσπότου</span> <span class='ocrx_word' id='word_1_292' title='bbox 2863 2154 3049 2223; x_wconf 78' lang='grc' dir='ltr'>αὐτοῦ,</span> <span class='ocrx_word' id='word_1_293' title='bbox 3080 2153 3163 2209; x_wconf 81' lang='grc' dir='ltr'><strong><em>δτι</em></strong></span> <span class='ocrx_word' id='word_1_294' title='bbox 3216 2152 3534 2230; x_wconf 73' lang='grc' dir='ltr'>ἐπικράνθη.</span> <span class='ocrx_word' id='word_1_295' title='bbox 3586 2154 3837 2226; x_wconf 72' lang='grc' dir='ltr'>Βλέπεις,</span> 
     </span>
    </p>
   </div>
   <div class='ocr_carea' id='block_1_41' title="bbox 440 2241 2084 2321">
    <p class='ocr_par' dir='ltr' id='par_1_41' title="bbox 440 2243 2084 2311">
     <span class='ocr_line' id='line_1_42' title="bbox 440 2243 2084 2311; baseline 0.004 -15"><span class='ocrx_word' id='word_1_296' title='bbox 440 2243 665 2299; x_wconf 88' lang='lat' dir='ltr'><strong><em>Domino</em></strong></span> <span class='ocrx_word' id='word_1_297' title='bbox 686 2261 705 2299; x_wconf 83' lang='lat'><strong><em>.&#39;</em></strong></span> <span class='ocrx_word' id='word_1_298' title='bbox 738 2253 793 2299; x_wconf 87' lang='lat' dir='ltr'><strong><em>at</em></strong></span> <span class='ocrx_word' id='word_1_299' title='bbox 846 2245 1157 2311; x_wconf 83' lang='lat' dir='ltr'><strong><em>iracundia,</em></strong></span> <span class='ocrx_word' id='word_1_300' title='bbox 1212 2251 1264 2301; x_wconf 88' lang='lat' dir='ltr'><strong><em>et</em></strong></span> <span class='ocrx_word' id='word_1_301' title='bbox 1321 2264 1511 2301; x_wconf 85' lang='lat' dir='ltr'><strong><em>amara</em></strong></span> <span class='ocrx_word' id='word_1_302' title='bbox 1540 2254 1593 2302; x_wconf 89' lang='lat' dir='ltr'><strong><em>et</em></strong></span> <span class='ocrx_word' id='word_1_303' title='bbox 1646 2248 1862 2302; x_wconf 85' lang='lat' dir='ltr'><strong><em>inutilis</em></strong></span> <span class='ocrx_word' id='word_1_304' title='bbox 1891 2257 1989 2303; x_wconf 90' lang='lat' dir='ltr'><strong><em>est.</em></strong></span> <span class='ocrx_word' id='word_1_305' title='bbox 2024 2247 2084 2303; x_wconf 85' lang='lat' dir='ltr'><strong><em>Si</em></strong></span> 
     </span>
    </p>
   </div>
   <div class='ocr_carea' id='block_1_42' title="bbox 2201 2241 3836 2321">
    <p class='ocr_par' dir='ltr' id='par_1_42' title="bbox 2201 2241 3836 2321">
     <span class='ocr_line' id='line_1_43' title="bbox 2201 2241 3836 2321; baseline -0.002 -21"><span class='ocrx_word' id='word_1_306' title='bbox 2201 2245 2340 2315; x_wconf 63' lang='grc' dir='ltr'><strong><em>ἕτιή</em></strong></span> <span class='ocrx_word' id='word_1_307' title='bbox 2405 2243 2753 2321; x_wconf 78' lang='grc' dir='ltr'>μακροθυμία</span> <span class='ocrx_word' id='word_1_308' title='bbox 2806 2241 3115 2320; x_wconf 82' lang='grc' dir='ltr'>γλυκυτάτη</span> <span class='ocrx_word' id='word_1_309' title='bbox 3178 2242 3317 2298; x_wconf 76' lang='grc' dir='ltr'>ἐστὶν</span> <span class='ocrx_word' id='word_1_310' title='bbox 3378 2243 3510 2318; x_wconf 74' lang='grc' dir='ltr'>ὑπὲρ</span> <span class='ocrx_word' id='word_1_311' title='bbox 3561 2244 3624 2297; x_wconf 84' lang='grc' dir='ltr'>τὸ</span> <span class='ocrx_word' id='word_1_312' title='bbox 3690 2242 3836 2317; x_wconf 80' lang='grc' dir='ltr'>μέλι,</span> 
     </span>
    </p>
   </div>
   <div class='ocr_carea' id='block_1_43' title="bbox 435 2329 2084 2409">
    <p class='ocr_par' dir='ltr' id='par_1_43' title="bbox 435 2332 2084 2407">
     <span class='ocr_line' id='line_1_44' title="bbox 435 2332 2084 2407; baseline 0.005 -25"><span class='ocrx_word' id='word_1_313' title='bbox 435 2344 559 2399; x_wconf 86' lang='lat' dir='ltr'><strong><em>ergo</em></strong></span> <span class='ocrx_word' id='word_1_314' title='bbox 590 2332 753 2385; x_wconf 88' lang='lat' dir='ltr'><strong><em>mista</em></strong></span> <span class='ocrx_word' id='word_1_315' title='bbox 780 2333 953 2402; x_wconf 87' lang='lat' dir='ltr'><strong><em>fuerit</em></strong></span> <span class='ocrx_word' id='word_1_316' title='bbox 998 2333 1292 2389; x_wconf 83' lang='lat' dir='ltr'><strong><em>iracundia</em></strong></span> <span class='ocrx_word' id='word_1_317' title='bbox 1340 2336 1763 2405; x_wconf 60' lang='lat' dir='ltr'><strong><em>mquanimitati,</em></strong></span> <span class='ocrx_word' id='word_1_318' title='bbox 1811 2337 2084 2407; x_wconf 86' lang='lat' dir='ltr'><strong><em>polluitur</em></strong></span> 
     </span>
    </p>
   </div>
   <div class='ocr_carea' id='block_1_44' title="bbox 2201 2329 3836 2409">
    <p class='ocr_par' dir='ltr' id='par_1_44' title="bbox 2201 2329 3836 2409">
     <span class='ocr_line' id='line_1_45' title="bbox 2201 2329 3836 2409; baseline -0.002 -20"><span class='ocrx_word' id='word_1_319' title='bbox 2201 2333 2280 2389; x_wconf 68' lang='grc' dir='ltr'><strong><em>καὶ</em></strong></span> <span class='ocrx_word' id='word_1_320' title='bbox 2365 2333 2683 2409; x_wconf 79' lang='grc' dir='ltr'>εὐχάριστος</span> <span class='ocrx_word' id='word_1_321' title='bbox 2748 2333 2861 2405; x_wconf 85' lang='grc'><strong><em>(67)</em></strong></span> <span class='ocrx_word' id='word_1_322' title='bbox 2918 2337 2996 2404; x_wconf 79' lang='grc' dir='ltr'>τῷ</span> <span class='ocrx_word' id='word_1_323' title='bbox 3071 2332 3279 2408; x_wconf 60' lang='grc' dir='ltr'>Κυρίῳ</span> <span class='ocrx_word' id='word_1_324' title='bbox 3338 2334 3373 2401; x_wconf 75' lang='grc' dir='ltr'><strong>ἡ</strong></span> <span class='ocrx_word' id='word_1_325' title='bbox 3434 2329 3491 2387; x_wconf 74' lang='grc' dir='ltr'>δὲ</span> <span class='ocrx_word' id='word_1_326' title='bbox 3548 2331 3836 2408; x_wconf 78' lang='grc' dir='ltr'>ὀξυχολία,</span> 
     </span>
    </p>
   </div>
   <div class='ocr_carea' id='block_1_45' title="bbox 438 2418 2084 2498">
    <p class='ocr_par' dir='ltr' id='par_1_45' title="bbox 438 2420 1907 2491">
     <span class='ocr_line' id='line_1_46' title="bbox 438 2420 1907 2491; baseline 0.003 -15"><span class='ocrx_word' id='word_1_327' title='bbox 438 2420 851 2491; x_wconf 68' lang='lat' dir='ltr'><strong><em>aequanimitas,</em></strong></span> <span class='ocrx_word' id='word_1_328' title='bbox 883 2427 939 2477; x_wconf 89' lang='lat' dir='ltr'><strong><em>et</em></strong></span> <span class='ocrx_word' id='word_1_329' title='bbox 969 2438 1081 2478; x_wconf 86' lang='lat' dir='ltr'><strong><em>non</em></strong></span> <span class='ocrx_word' id='word_1_330' title='bbox 1109 2432 1186 2478; x_wconf 91' lang='lat' dir='ltr'><strong><em>est</em></strong></span> <span class='ocrx_word' id='word_1_331' title='bbox 1213 2424 1368 2479; x_wconf 82' lang='lat' dir='ltr'><strong><em>utilis</em></strong></span> <span class='ocrx_word' id='word_1_332' title='bbox 1396 2425 1503 2480; x_wconf 91' lang='lat' dir='ltr'><strong><em>Deo</em></strong></span> <span class='ocrx_word' id='word_1_333' title='bbox 1533 2426 1704 2480; x_wconf 88' lang='lat' dir='ltr'><strong><em>oratio</em></strong></span> <span class='ocrx_word' id='word_1_334' title='bbox 1736 2426 1907 2482; x_wconf 85' lang='lat' dir='ltr'><strong><em>illius.</em></strong></span> 
     </span>
    </p>
   </div>
   <div class='ocr_carea' id='block_1_46' title="bbox 2201 2418 3837 2498">
    <p class='ocr_par' dir='ltr' id='par_1_46' title="bbox 2201 2418 3837 2498">
     <span class='ocr_line' id='line_1_47' title="bbox 2201 2418 3837 2498; baseline -0.002 -21"><span class='ocrx_word' id='word_1_335' title='bbox 2201 2423 2281 2477; x_wconf 75' lang='grc' dir='ltr'><strong><em>καὶ</em></strong></span> <span class='ocrx_word' id='word_1_336' title='bbox 2333 2422 2500 2498; x_wconf 87' lang='grc' dir='ltr'>πικρά</span> <span class='ocrx_word' id='word_1_337' title='bbox 2556 2421 2644 2476; x_wconf 87' lang='grc' dir='ltr'><strong><em>καὶ</em></strong></span> <span class='ocrx_word' id='word_1_338' title='bbox 2701 2419 2975 2496; x_wconf 82' lang='grc' dir='ltr'>ἄχρηστός</span> <span class='ocrx_word' id='word_1_339' title='bbox 3042 2420 3206 2478; x_wconf 82' lang='grc' dir='ltr'>ἐστιν.</span> <span class='ocrx_word' id='word_1_340' title='bbox 3265 2422 3387 2476; x_wconf 78' lang='grc' dir='ltr'><strong><em>Ἐὰν</em></strong></span> <span class='ocrx_word' id='word_1_341' title='bbox 3445 2418 3535 2475; x_wconf 79' lang='grc' dir='ltr'><strong><em>οὖν</em></strong></span> <span class='ocrx_word' id='word_1_342' title='bbox 3601 2420 3747 2495; x_wconf 76' lang='grc' dir='ltr'>μιγῇ</span> <span class='ocrx_word' id='word_1_343' title='bbox 3803 2424 3837 2489; x_wconf 77' lang='grc' dir='ltr'><strong>ἡ</strong></span> 
     </span>
    </p>
   </div>
   <div class='ocr_carea' id='block_1_47' title="bbox 2197 2508 3838 2587">
    <p class='ocr_par' dir='ltr' id='par_1_47' title="bbox 2197 2508 3838 2587">
     <span class='ocr_line' id='line_1_48' title="bbox 2197 2508 3838 2587; baseline -0.002 -20"><span class='ocrx_word' id='word_1_344' title='bbox 2197 2511 2461 2587; x_wconf 80' lang='grc' dir='ltr'>ὀξυχολία</span> <span class='ocrx_word' id='word_1_345' title='bbox 2502 2511 2593 2565; x_wconf 85' lang='grc' dir='ltr'><strong><em>καὶ</em></strong></span> <span class='ocrx_word' id='word_1_346' title='bbox 2623 2513 2657 2579; x_wconf 74' lang='grc' dir='ltr'><strong>ἡ</strong></span> <span class='ocrx_word' id='word_1_347' title='bbox 2695 2508 3062 2584; x_wconf 78' lang='grc' dir='ltr'>μακροθυμία,</span> <span class='ocrx_word' id='word_1_348' title='bbox 3098 2509 3365 2583; x_wconf 82' lang='grc' dir='ltr'>μιαίνεται</span> <span class='ocrx_word' id='word_1_349' title='bbox 3399 2512 3434 2579; x_wconf 79' lang='grc' dir='ltr'>ἡ</span> <span class='ocrx_word' id='word_1_350' title='bbox 3471 2510 3838 2584; x_wconf 78' lang='grc' dir='ltr'>μακροθυμία,</span> 
     </span>
    </p>
   </div>
   <div class='ocr_carea' id='block_1_48' title="bbox 2192 2594 3839 2673">
    <p class='ocr_par' dir='ltr' id='par_1_48' title="bbox 2192 2594 3839 2673">
     <span class='ocr_line' id='line_1_49' title="bbox 2192 2594 3839 2673; baseline 0.001 -18"><span class='ocrx_word' id='word_1_351' title='bbox 2192 2602 2282 2656; x_wconf 91' lang='grc' dir='ltr'><strong><em>καὶ</em></strong></span> <span class='ocrx_word' id='word_1_352' title='bbox 2341 2599 2439 2655; x_wconf 81' lang='grc' dir='ltr'><strong><em>οὐκ</em></strong></span> <span class='ocrx_word' id='word_1_353' title='bbox 2489 2597 2628 2654; x_wconf 80' lang='grc' dir='ltr'>ἔστιν</span> <span class='ocrx_word' id='word_1_354' title='bbox 2687 2594 2983 2673; x_wconf 68' lang='grc' dir='ltr'>εὔχρηστος</span> <span class='ocrx_word' id='word_1_355' title='bbox 3013 2599 3093 2671; x_wconf 83' lang='grc' dir='ltr'>τῷ</span> <span class='ocrx_word' id='word_1_356' title='bbox 3148 2604 3266 2672; x_wconf 87' lang='grc' dir='ltr'><strong><em>Θεῷ</em></strong></span> <span class='ocrx_word' id='word_1_357' title='bbox 3296 2601 3331 2668; x_wconf 83' lang='grc' dir='ltr'><strong>ἡ</strong></span> <span class='ocrx_word' id='word_1_358' title='bbox 3362 2597 3587 2669; x_wconf 68' lang='grc' dir='ltr'>ἔντευξις</span> <span class='ocrx_word' id='word_1_359' title='bbox 3646 2598 3839 2669; x_wconf 77' lang='grc' dir='ltr'>αὐτῆς.</span> 
     </span>
    </p>
   </div>
   <div class='ocr_carea' id='block_1_49' title="bbox 511 2687 3843 2762">
    <p class='ocr_par' dir='ltr' id='par_1_49' title="bbox 511 2687 3843 2762">
     <span class='ocr_line' id='line_1_50' title="bbox 511 2687 3843 2762; baseline 0.001 -20"><span class='ocrx_word' id='word_1_360' title='bbox 511 2687 578 2742; x_wconf 89' lang='lat' dir='ltr'><strong><em>Et</em></strong></span> <span class='ocrx_word' id='word_1_361' title='bbox 608 2687 725 2743; x_wconf 80' lang='lat' dir='ltr'><strong><em>dixi</em></strong></span> <span class='ocrx_word' id='word_1_362' title='bbox 781 2687 902 2743; x_wconf 87' lang='lat' dir='ltr'><strong><em>illi:</em></strong></span> <span class='ocrx_word' id='word_1_363' title='bbox 961 2688 1183 2745; x_wconf 86' lang='lat' dir='ltr'><strong><em>Vellem</em></strong></span> <span class='ocrx_word' id='word_1_364' title='bbox 1214 2690 1329 2762; x_wconf 87' lang='lat'>(68)</span> <span class='ocrx_word' id='word_1_365' title='bbox 1383 2691 1551 2755; x_wconf 86' lang='lat' dir='ltr'><strong><em>scire,</em></strong></span> <span class='ocrx_word' id='word_1_366' title='bbox 1583 2690 1836 2759; x_wconf 88' lang='lat' dir='ltr'><strong><em>domine,</em></strong></span> <span class='ocrx_word' id='word_1_367' title='bbox 1894 2691 2212 2762; x_wconf 85' lang='lat' dir='ltr'><strong><em>nequitiam</em></strong></span> <span class='ocrx_word' id='word_1_368' title='bbox 2270 2691 2607 2759; x_wconf 66' lang='lat' dir='ltr'><strong><em>iracundiae,</em></strong></span> <span class='ocrx_word' id='word_1_369' title='bbox 2668 2694 2732 2744; x_wconf 91' lang='lat' dir='ltr'><strong><em>ut</em></strong></span> <span class='ocrx_word' id='word_1_370' title='bbox 2778 2689 3104 2744; x_wconf 75' lang='lat' dir='ltr'><strong><em>custodiam</em></strong></span> <span class='ocrx_word' id='word_1_371' title='bbox 3162 2690 3360 2745; x_wconf 87' lang='lat' dir='ltr'><strong><em>meab</em></strong></span> <span class='ocrx_word' id='word_1_372' title='bbox 3415 2689 3537 2745; x_wconf 80' lang='lat' dir='ltr'><strong><em>illa.</em></strong></span> <span class='ocrx_word' id='word_1_373' title='bbox 3597 2690 3843 2745; x_wconf 79' lang='lat' dir='ltr'><strong><em>Etdixit</em></strong></span> 
     </span>
    </p>
   </div>
   <div class='ocr_carea' id='block_1_50' title="bbox 440 2775 3840 2852">
    <p class='ocr_par' dir='ltr' id='par_1_50' title="bbox 440 2775 3840 2852">
     <span class='ocr_line' id='line_1_51' title="bbox 440 2775 3840 2852; baseline 0.001 -23"><span class='ocrx_word' id='word_1_374' title='bbox 440 2775 582 2830; x_wconf 89' lang='lat' dir='ltr'><strong><em>mihi</em></strong></span> <span class='ocrx_word' id='word_1_375' title='bbox 615 2777 727 2848; x_wconf 90' lang='lat'><strong><em>(69)</em></strong></span> <span class='ocrx_word' id='word_1_376' title='bbox 750 2796 769 2831; x_wconf 91' lang='lat'><strong><em>:</em></strong></span> <span class='ocrx_word' id='word_1_377' title='bbox 800 2777 993 2844; x_wconf 85' lang='lat' dir='ltr'><strong><em>Scies;</em></strong></span> <span class='ocrx_word' id='word_1_378' title='bbox 1053 2783 1110 2834; x_wconf 89' lang='lat' dir='ltr'><strong><em>et</em></strong></span> <span class='ocrx_word' id='word_1_379' title='bbox 1140 2778 1189 2833; x_wconf 87' lang='lat' dir='ltr'><strong><em>si</em></strong></span> <span class='ocrx_word' id='word_1_380' title='bbox 1219 2796 1337 2833; x_wconf 76' lang='lat' dir='ltr'><strong><em>non</em></strong></span> <span class='ocrx_word' id='word_1_381' title='bbox 1396 2780 1739 2835; x_wconf 88' lang='lat' dir='ltr'><strong><em>custodieris</em></strong></span> <span class='ocrx_word' id='word_1_382' title='bbox 1768 2784 1823 2836; x_wconf 87' lang='lat' dir='ltr'><strong><em>te</em></strong></span> <span class='ocrx_word' id='word_1_383' title='bbox 1852 2781 1924 2835; x_wconf 92' lang='lat' dir='ltr'><strong><em>ab</em></strong></span> <span class='ocrx_word' id='word_1_384' title='bbox 1956 2781 2077 2852; x_wconf 86' lang='lat' dir='ltr'><strong><em>illa,</em></strong></span> <span class='ocrx_word' id='word_1_385' title='bbox 2110 2780 2317 2852; x_wconf 86' lang='lat' dir='ltr'><strong><em>perdes</em></strong></span> <span class='ocrx_word' id='word_1_386' title='bbox 2370 2794 2536 2850; x_wconf 86' lang='lat' dir='ltr'><strong><em>spem</em></strong></span> <span class='ocrx_word' id='word_1_387' title='bbox 2567 2783 2729 2833; x_wconf 90' lang='lat' dir='ltr'><strong><em>tuam</em></strong></span> <span class='ocrx_word' id='word_1_388' title='bbox 2778 2793 2911 2833; x_wconf 91' lang='lat' dir='ltr'><strong><em>cum</em></strong></span> <span class='ocrx_word' id='word_1_389' title='bbox 2942 2782 3064 2832; x_wconf 86' lang='lat' dir='ltr'><strong><em>tota</em></strong></span> <span class='ocrx_word' id='word_1_390' title='bbox 3113 2777 3286 2833; x_wconf 90' lang='lat' dir='ltr'><strong><em>domo</em></strong></span> <span class='ocrx_word' id='word_1_391' title='bbox 3317 2782 3440 2833; x_wconf 88' lang='lat' dir='ltr'><strong><em>tua.</em></strong></span> <span class='ocrx_word' id='word_1_392' title='bbox 3496 2782 3603 2833; x_wconf 80' lang='lat' dir='ltr'><strong><em>Sed</em></strong></span> <span class='ocrx_word' id='word_1_393' title='bbox 3637 2779 3840 2834; x_wconf 74' lang='lat' dir='ltr'><strong><em>recede</em></strong></span> 
     </span>
    </p>
   </div>
   <div class='ocr_carea' id='block_1_51' title="bbox 437 2865 3839 2940">
    <p class='ocr_par' dir='ltr' id='par_1_51' title="bbox 437 2865 3839 2940">
     <span class='ocr_line' id='line_1_52' title="bbox 437 2865 3839 2940; baseline 0.001 -22"><span class='ocrx_word' id='word_1_394' title='bbox 437 2865 509 2919; x_wconf 89' lang='lat' dir='ltr'><strong><em>ab</em></strong></span> <span class='ocrx_word' id='word_1_395' title='bbox 531 2865 650 2921; x_wconf 88' lang='lat' dir='ltr'><strong><em>illa.</em></strong></span> <span class='ocrx_word' id='word_1_396' title='bbox 683 2870 800 2939; x_wconf 87' lang='lat' dir='ltr'><strong><em>Ego</em></strong></span> <span class='ocrx_word' id='word_1_397' title='bbox 829 2867 985 2922; x_wconf 88' lang='lat' dir='ltr'><strong><em>enim</em></strong></span> <span class='ocrx_word' id='word_1_398' title='bbox 1015 2873 1207 2923; x_wconf 88' lang='lat' dir='ltr'><strong><em>tecum</em></strong></span> <span class='ocrx_word' id='word_1_399' title='bbox 1236 2885 1371 2923; x_wconf 90' lang='lat' dir='ltr'><strong><em>sum</em></strong></span> <span class='ocrx_word' id='word_1_400' title='bbox 1398 2869 1643 2924; x_wconf 89' lang='lat' dir='ltr'><strong><em>nuntius</em></strong></span> <span class='ocrx_word' id='word_1_401' title='bbox 1673 2869 2005 2940; x_wconf 64' lang='lat' dir='ltr'><strong><em>aequitatis:</em></strong></span> <span class='ocrx_word' id='word_1_402' title='bbox 2036 2874 2094 2926; x_wconf 87' lang='lat' dir='ltr'><strong><em>et</em></strong></span> <span class='ocrx_word' id='word_1_403' title='bbox 2134 2885 2336 2925; x_wconf 91' lang='lat' dir='ltr'><strong><em>omnes</em></strong></span> <span class='ocrx_word' id='word_1_404' title='bbox 2367 2868 2463 2939; x_wconf 89' lang='lat' dir='ltr'><strong><em>qui</em></strong></span> <span class='ocrx_word' id='word_1_405' title='bbox 2514 2868 2587 2923; x_wconf 86' lang='lat' dir='ltr'><strong><em>ab</em></strong></span> <span class='ocrx_word' id='word_1_406' title='bbox 2616 2883 2685 2921; x_wconf 87' lang='lat' dir='ltr'><strong><em>ea</em></strong></span> <span class='ocrx_word' id='word_1_407' title='bbox 2712 2866 3010 2934; x_wconf 87' lang='lat' dir='ltr'><strong><em>recedunt,</em></strong></span> <span class='ocrx_word' id='word_1_408' title='bbox 3071 2866 3404 2938; x_wconf 89' lang='lat' dir='ltr'><strong><em>quicunque</em></strong></span> <span class='ocrx_word' id='word_1_409' title='bbox 3433 2866 3839 2938; x_wconf 77' lang='lat' dir='ltr'><strong><em>paenitentiam</em></strong></span> 
     </span>
    </p>
   </div>
   <div class='ocr_carea' id='block_1_52' title="bbox 436 2953 3840 3031">
    <p class='ocr_par' dir='ltr' id='par_1_52' title="bbox 436 2953 3840 3031">
     <span class='ocr_line' id='line_1_53' title="bbox 436 2953 3840 3031; baseline 0.001 -24"><span class='ocrx_word' id='word_1_410' title='bbox 436 2953 663 3024; x_wconf 83' lang='lat' dir='ltr'><strong><em>egerint</em></strong></span> <span class='ocrx_word' id='word_1_411' title='bbox 690 2971 758 3010; x_wconf 84' lang='lat' dir='ltr'><strong><em>ex</em></strong></span> <span class='ocrx_word' id='word_1_412' title='bbox 788 2956 925 3010; x_wconf 89' lang='lat' dir='ltr'><strong><em>totis</em></strong></span> <span class='ocrx_word' id='word_1_413' title='bbox 957 2956 1290 3027; x_wconf 69' lang='lat' dir='ltr'><strong><em>precordiis</em></strong></span> <span class='ocrx_word' id='word_1_414' title='bbox 1320 2957 1464 3024; x_wconf 90' lang='lat' dir='ltr'><strong><em>suis,</em></strong></span> <span class='ocrx_word' id='word_1_415' title='bbox 1497 2958 1691 3014; x_wconf 85' lang='lat' dir='ltr'><strong><em>vivent</em></strong></span> <span class='ocrx_word' id='word_1_416' title='bbox 1720 2959 1835 3015; x_wconf 91' lang='lat' dir='ltr'><strong><em>Deo</em></strong></span> <span class='ocrx_word' id='word_1_417' title='bbox 1867 2960 2016 3031; x_wconf 89' lang='lat'>(70);</span> <span class='ocrx_word' id='word_1_418' title='bbox 2050 2959 2152 3014; x_wconf 89' lang='lat' dir='ltr'><strong><em>sed</em></strong></span> <span class='ocrx_word' id='word_1_419' title='bbox 2202 2964 2260 3014; x_wconf 92' lang='lat' dir='ltr'><strong><em>et</em></strong></span> <span class='ocrx_word' id='word_1_420' title='bbox 2291 2974 2425 3013; x_wconf 91' lang='lat' dir='ltr'><strong><em>cum</em></strong></span> <span class='ocrx_word' id='word_1_421' title='bbox 2455 2956 2573 3012; x_wconf 86' lang='lat' dir='ltr'><strong><em>illis</em></strong></span> <span class='ocrx_word' id='word_1_422' title='bbox 2618 2972 2737 3027; x_wconf 88' lang='lat' dir='ltr'><strong><em>ero,</em></strong></span> <span class='ocrx_word' id='word_1_423' title='bbox 2768 2960 2827 3012; x_wconf 88' lang='lat' dir='ltr'><strong><em>et</em></strong></span> <span class='ocrx_word' id='word_1_424' title='bbox 2870 2957 3223 3013; x_wconf 82' lang='lat' dir='ltr'><strong><em>conservabo</em></strong></span> <span class='ocrx_word' id='word_1_425' title='bbox 3255 2972 3499 3012; x_wconf 88' lang='lat' dir='ltr'><strong><em>omnes:</em></strong></span> <span class='ocrx_word' id='word_1_426' title='bbox 3526 2956 3840 3028; x_wconf 79' lang='lat' dir='ltr'><strong><em>justiﬁcati</em></strong></span> 
     </span>
    </p>
   </div>
   <div class='ocr_carea' id='block_1_53' title="bbox 436 3044 2696 3120">
    <p class='ocr_par' dir='ltr' id='par_1_53' title="bbox 436 3044 2696 3120">
     <span class='ocr_line' id='line_1_54' title="bbox 436 3044 2696 3120; baseline 0.001 -23"><span class='ocrx_word' id='word_1_427' title='bbox 436 3044 595 3098; x_wconf 88' lang='lat' dir='ltr'><strong><em>enim</em></strong></span> <span class='ocrx_word' id='word_1_428' title='bbox 626 3049 765 3101; x_wconf 91' lang='lat' dir='ltr'><strong><em>sunt</em></strong></span> <span class='ocrx_word' id='word_1_429' title='bbox 790 3061 994 3101; x_wconf 91' lang='lat' dir='ltr'><strong><em>omnes</em></strong></span> <span class='ocrx_word' id='word_1_430' title='bbox 1025 3046 1121 3116; x_wconf 88' lang='lat' dir='ltr'><strong><em>qui</em></strong></span> <span class='ocrx_word' id='word_1_431' title='bbox 1148 3046 1551 3118; x_wconf 80' lang='lat' dir='ltr'><strong><em>pcsnitentiam</em></strong></span> <span class='ocrx_word' id='word_1_432' title='bbox 1582 3048 1829 3120; x_wconf 87' lang='lat' dir='ltr'><strong><em>egerint,</em></strong></span> <span class='ocrx_word' id='word_1_433' title='bbox 1862 3065 1895 3103; x_wconf 87' lang='lat' dir='ltr'><strong><em>a</em></strong></span> <span class='ocrx_word' id='word_1_434' title='bbox 1925 3046 2297 3105; x_wconf 88' lang='lat' dir='ltr'><strong><em>sanctissimo</em></strong></span> <span class='ocrx_word' id='word_1_435' title='bbox 2329 3046 2532 3103; x_wconf 90' lang='lat' dir='ltr'><strong><em>nuntio</em></strong></span> <span class='ocrx_word' id='word_1_436' title='bbox 2561 3046 2696 3117; x_wconf 91' lang='grc'>(71).</span> 
     </span>
    </p>
   </div>
   <div class='ocr_carea' id='block_1_54' title="bbox 1964 3171 2311 3228">
    <p class='ocr_par' dir='ltr' id='par_1_54' title="bbox 1964 3171 2311 3228">
     <span class='ocr_line' id='line_1_55' title="bbox 1964 3171 2311 3228; baseline -0.003 0"><span class='ocrx_word' id='word_1_437' title='bbox 1964 3171 2192 3228; x_wconf 84' lang='lat' dir='ltr'><strong><em>CAPUT</em></strong></span> <span class='ocrx_word' id='word_1_438' title='bbox 2238 3172 2311 3228; x_wconf 88' lang='lat' dir='ltr'><strong><em>II.</em></strong></span> 
     </span>
    </p>
   </div>
   <div class='ocr_carea' id='block_1_55' title="bbox 2266 3272 3840 3353">
    <p class='ocr_par' dir='ltr' id='par_1_55' title="bbox 2266 3272 3840 3353">
     <span class='ocr_line' id='line_1_56' title="bbox 2266 3272 3840 3353; baseline -0.004 -18"><span class='ocrx_word' id='word_1_439' title='bbox 2266 3280 2379 3353; x_wconf 89' lang='lat'>(73)</span> <span class='ocrx_word' id='word_1_440' title='bbox 2410 3279 2609 3332; x_wconf 81' lang='grc' dir='ltr'>Ἀκουε</span> <span class='ocrx_word' id='word_1_441' title='bbox 2639 3272 2697 3332; x_wconf 76' lang='grc' dir='ltr'>δὲ</span> <span class='ocrx_word' id='word_1_442' title='bbox 2744 3276 2835 3331; x_wconf 86' lang='grc' dir='ltr'><strong><em>καὶ</em></strong></span> <span class='ocrx_word' id='word_1_443' title='bbox 2892 3277 2992 3346; x_wconf 76' lang='grc' dir='ltr'>τὴν</span> <span class='ocrx_word' id='word_1_444' title='bbox 3050 3274 3309 3353; x_wconf 71' lang='grc' dir='ltr'>ἐνέργειαν</span> <span class='ocrx_word' id='word_1_445' title='bbox 3363 3282 3464 3347; x_wconf 79' lang='grc' dir='ltr'>τῆς</span> <span class='ocrx_word' id='word_1_446' title='bbox 3518 3272 3840 3350; x_wconf 78' lang='grc' dir='ltr'>ὀξυχολίας,</span> 
     </span>
    </p>
   </div>
   <div class='ocr_carea' id='block_1_56' title="bbox 2190 3361 3843 3443">
    <p class='ocr_par' dir='ltr' id='par_1_56' title="bbox 2190 3361 3843 3443">
     <span class='ocr_line' id='line_1_57' title="bbox 2190 3361 3843 3443; baseline -0.002 -21"><span class='ocrx_word' id='word_1_447' title='bbox 2190 3371 2307 3430; x_wconf 81' lang='grc' dir='ltr'><strong><em>πῶς</em></strong></span> <span class='ocrx_word' id='word_1_448' title='bbox 2365 3363 2580 3443; x_wconf 84' lang='grc' dir='ltr'>πονηρά</span> <span class='ocrx_word' id='word_1_449' title='bbox 2646 3364 2808 3433; x_wconf 83' lang='grc' dir='ltr'>ἐστιν,</span> <span class='ocrx_word' id='word_1_450' title='bbox 2866 3365 2955 3421; x_wconf 80' lang='grc' dir='ltr'><strong><em>καὶ</em></strong></span> <span class='ocrx_word' id='word_1_451' title='bbox 3012 3363 3194 3437; x_wconf 75' lang='grc' dir='ltr'>πλανᾷ</span> <span class='ocrx_word' id='word_1_452' title='bbox 3247 3363 3372 3428; x_wconf 76' lang='grc' dir='ltr'>τοὺς</span> <span class='ocrx_word' id='word_1_453' title='bbox 3450 3361 3691 3426; x_wconf 78' lang='grc' dir='ltr'>δούλους</span> <span class='ocrx_word' id='word_1_454' title='bbox 3750 3368 3843 3419; x_wconf 85' lang='grc' dir='ltr'><strong><em>τοῦ</em></strong></span> 
     </span>
    </p>
   </div>
   <div class='ocr_carea' id='block_1_57' title="bbox 2191 3449 3842 3533">
    <p class='ocr_par' dir='ltr' id='par_1_57' title="bbox 2191 3449 3842 3533">
     <span class='ocr_line' id='line_1_58' title="bbox 2191 3449 3842 3533; baseline -0.004 -21"><span class='ocrx_word' id='word_1_455' title='bbox 2191 3460 2343 3525; x_wconf 82' lang='grc' dir='ltr'>Θεοῦ,</span> <span class='ocrx_word' id='word_1_456' title='bbox 2405 3457 2493 3511; x_wconf 78' lang='grc' dir='ltr'><strong><em>καὶ</em></strong></span> <span class='ocrx_word' id='word_1_457' title='bbox 2577 3454 2929 3533; x_wconf 67' lang='grc' dir='ltr'>καταστρέφει</span> <span class='ocrx_word' id='word_1_458' title='bbox 2993 3458 3062 3528; x_wconf 82' lang='grc' dir='ltr'>τῇ</span> <span class='ocrx_word' id='word_1_459' title='bbox 3142 3454 3336 3525; x_wconf 74' lang='grc' dir='ltr'>ἑαυτῆς</span> <span class='ocrx_word' id='word_1_460' title='bbox 3414 3451 3677 3529; x_wconf 75' lang='grc' dir='ltr'>ἐνεργείᾳ.</span> <span class='ocrx_word' id='word_1_461' title='bbox 3738 3449 3842 3506; x_wconf 67' lang='lat' dir='ltr'><strong><em>Oi»:</em></strong></span> 
     </span>
    </p>
   </div>
   <div class='ocr_carea' id='block_1_58' title="bbox 507 3276 2157 3352">
    <p class='ocr_par' dir='ltr' id='par_1_58' title="bbox 507 3276 2157 3352">
     <span class='ocr_line' id='line_1_59' title="bbox 507 3276 2157 3352; baseline 0.003 -21"><span class='ocrx_word' id='word_1_462' title='bbox 507 3276 653 3331; x_wconf 89' lang='lat' dir='ltr'><strong><em>Audi</em></strong></span> <span class='ocrx_word' id='word_1_463' title='bbox 688 3293 864 3348; x_wconf 84' lang='lat' dir='ltr'><strong><em>nunc,</em></strong></span> <span class='ocrx_word' id='word_1_464' title='bbox 896 3276 1107 3350; x_wconf 84' lang='lat' dir='ltr'><strong><em>inquit,</em></strong></span> <span class='ocrx_word' id='word_1_465' title='bbox 1158 3278 1481 3351; x_wconf 82' lang='lat' dir='ltr'><strong><em>nequitiam</em></strong></span> <span class='ocrx_word' id='word_1_466' title='bbox 1533 3279 1869 3351; x_wconf 64' lang='lat' dir='ltr'><strong><em>iracundiae,</em></strong></span> <span class='ocrx_word' id='word_1_467' title='bbox 1902 3297 2081 3352; x_wconf 89' lang='lat' dir='ltr'><strong><em>quam</em></strong></span> <span class='ocrx_word' id='word_1_468' title='bbox 2115 3281 2157 3348; x_wconf 85' lang='lat' dir='ltr'><strong><em>C</em></strong></span> 
     </span>
    </p>
   </div>
   <div class='ocr_carea' id='block_1_59' title="bbox 440 3368 2081 3442">
    <p class='ocr_par' dir='ltr' id='par_1_59' title="bbox 440 3368 2081 3442">
     <span class='ocr_line' id='line_1_60' title="bbox 440 3368 2081 3442; baseline 0.004 -23"><span class='ocrx_word' id='word_1_469' title='bbox 440 3382 613 3437; x_wconf 87' lang='lat' dir='ltr'><strong><em>prava</em></strong></span> <span class='ocrx_word' id='word_1_470' title='bbox 644 3368 758 3436; x_wconf 86' lang='lat'>(72)</span> <span class='ocrx_word' id='word_1_471' title='bbox 788 3384 1083 3439; x_wconf 87' lang='lat' dir='ltr'><strong><em>quamque</em></strong></span> <span class='ocrx_word' id='word_1_472' title='bbox 1114 3368 1285 3425; x_wconf 83' lang='lat' dir='ltr'><strong><em>noxia</em></strong></span> <span class='ocrx_word' id='word_1_473' title='bbox 1317 3373 1423 3440; x_wconf 90' lang='lat' dir='ltr'><strong><em>est,</em></strong></span> <span class='ocrx_word' id='word_1_474' title='bbox 1454 3372 1510 3424; x_wconf 87' lang='lat' dir='ltr'><strong><em>et</em></strong></span> <span class='ocrx_word' id='word_1_475' title='bbox 1539 3386 1653 3442; x_wconf 89' lang='lat' dir='ltr'><strong><em>quo</em></strong></span> <span class='ocrx_word' id='word_1_476' title='bbox 1684 3373 1851 3441; x_wconf 88' lang='lat' dir='ltr'><strong><em>pacto</em></strong></span> <span class='ocrx_word' id='word_1_477' title='bbox 1882 3386 2081 3425; x_wconf 88' lang='lat' dir='ltr'><strong><em>servos</em></strong></span> 
     </span>
    </p>
   </div>
   <div class='ocr_carea' id='block_1_60' title="bbox 441 3455 2078 3531">
    <p class='ocr_par' dir='ltr' id='par_1_60' title="bbox 441 3455 2078 3531">
     <span class='ocr_line' id='line_1_61' title="bbox 441 3455 2078 3531; baseline 0.002 -21"><span class='ocrx_word' id='word_1_478' title='bbox 441 3455 533 3510; x_wconf 86' lang='lat' dir='ltr'><strong><em>Dei</em></strong></span> <span class='ocrx_word' id='word_1_479' title='bbox 566 3456 787 3512; x_wconf 85' lang='lat' dir='ltr'><strong><em>evertit.</em></strong></span> <span class='ocrx_word' id='word_1_480' title='bbox 837 3457 943 3521; x_wconf 89' lang='lat' dir='ltr'><strong><em>Qui</em></strong></span> <span class='ocrx_word' id='word_1_481' title='bbox 1001 3457 1157 3512; x_wconf 90' lang='lat' dir='ltr'><strong><em>enim</em></strong></span> <span class='ocrx_word' id='word_1_482' title='bbox 1214 3456 1371 3531; x_wconf 90' lang='lat' dir='ltr'><strong><em>pleni</em></strong></span> <span class='ocrx_word' id='word_1_483' title='bbox 1431 3464 1569 3514; x_wconf 88' lang='lat' dir='ltr'><strong><em>sunt</em></strong></span> <span class='ocrx_word' id='word_1_484' title='bbox 1623 3459 1736 3514; x_wconf 83' lang='lat' dir='ltr'><strong><em>fide</em></strong></span> <span class='ocrx_word' id='word_1_485' title='bbox 1794 3459 1931 3531; x_wconf 82' lang='grc'>(74),</span> <span class='ocrx_word' id='word_1_486' title='bbox 1964 3476 2078 3514; x_wconf 90' lang='lat' dir='ltr'><strong><em>non</em></strong></span> 
     </span>
    </p>
   </div>
   <div class='ocr_carea' id='block_1_61' title="bbox 439 3545 2083 3618">
    <p class='ocr_par' dir='ltr' id='par_1_61' title="bbox 439 3545 2083 3618">
     <span class='ocr_line' id='line_1_62' title="bbox 439 3545 2083 3618; baseline 0.004 -21"><span class='ocrx_word' id='word_1_487' title='bbox 439 3548 630 3614; x_wconf 83' lang='lat' dir='ltr'><strong><em>potest</em></strong></span> <span class='ocrx_word' id='word_1_488' title='bbox 659 3561 865 3600; x_wconf 89' lang='lat' dir='ltr'><strong><em>nocere</em></strong></span> <span class='ocrx_word' id='word_1_489' title='bbox 922 3546 1031 3617; x_wconf 87' lang='grc'><strong><em>(75)</em></strong></span> <span class='ocrx_word' id='word_1_490' title='bbox 1078 3545 1218 3614; x_wconf 89' lang='lat' dir='ltr'><strong><em>illis,</em></strong></span> <span class='ocrx_word' id='word_1_491' title='bbox 1279 3547 1556 3618; x_wconf 87' lang='lat' dir='ltr'><strong><em>quoniam</em></strong></span> <span class='ocrx_word' id='word_1_492' title='bbox 1609 3547 1792 3603; x_wconf 91' lang='lat' dir='ltr'><strong><em>virtus</em></strong></span> <span class='ocrx_word' id='word_1_493' title='bbox 1850 3547 1948 3603; x_wconf 91' lang='lat' dir='ltr'><strong><em>Dei</em></strong></span> <span class='ocrx_word' id='word_1_494' title='bbox 1992 3551 2083 3603; x_wconf 90' lang='lat' dir='ltr'><strong><em>est</em></strong></span> 
     </span>
    </p>
   </div>
   <div class='ocr_carea' id='block_1_62' title="bbox 440 3632 2081 3702">
    <p class='ocr_par' dir='ltr' id='par_1_62' title="bbox 440 3632 2081 3702">
     <span class='ocr_line' id='line_1_63' title="bbox 440 3632 2081 3702; baseline 0.003 -15"><span class='ocrx_word' id='word_1_495' title='bbox 440 3650 577 3687; x_wconf 89' lang='lat' dir='ltr'><strong><em>cum</em></strong></span> <span class='ocrx_word' id='word_1_496' title='bbox 606 3632 721 3689; x_wconf 92' lang='lat' dir='ltr'><strong><em>illis</em></strong></span> <span class='ocrx_word' id='word_1_497' title='bbox 750 3652 764 3701; x_wconf 93' lang='lat'><strong>;</strong></span> <span class='ocrx_word' id='word_1_498' title='bbox 799 3634 1003 3690; x_wconf 85' lang='lat' dir='ltr'><strong><em>evertit</em></strong></span> <span class='ocrx_word' id='word_1_499' title='bbox 1027 3635 1181 3690; x_wconf 90' lang='lat' dir='ltr'><strong><em>enim</em></strong></span> <span class='ocrx_word' id='word_1_500' title='bbox 1229 3635 1438 3692; x_wconf 89' lang='lat' dir='ltr'><strong><em>dubios</em></strong></span> <span class='ocrx_word' id='word_1_501' title='bbox 1485 3641 1542 3692; x_wconf 89' lang='lat' dir='ltr'><strong><em>et</em></strong></span> <span class='ocrx_word' id='word_1_502' title='bbox 1578 3654 1810 3692; x_wconf 89' lang='lat' dir='ltr'><strong><em>vacuos.</em></strong></span> <span class='ocrx_word' id='word_1_503' title='bbox 1843 3636 2081 3702; x_wconf 87' lang='lat' dir='ltr'><strong><em>Quoties</em></strong></span> 
     </span>
    </p>
   </div>
   <div class='ocr_carea' id='block_1_63' title="bbox 442 3722 2081 3795">
    <p class='ocr_par' dir='ltr' id='par_1_63' title="bbox 442 3722 2081 3795">
     <span class='ocr_line' id='line_1_64' title="bbox 442 3722 2081 3795; baseline 0.003 -19"><span class='ocrx_word' id='word_1_504' title='bbox 442 3727 637 3777; x_wconf 83' lang='lat' dir='ltr'><strong><em>autem</em></strong></span> <span class='ocrx_word' id='word_1_505' title='bbox 668 3722 874 3777; x_wconf 89' lang='lat' dir='ltr'><strong><em>viderit</em></strong></span> <span class='ocrx_word' id='word_1_506' title='bbox 930 3723 1075 3779; x_wconf 83' lang='lat' dir='ltr'><strong><em>tales</em></strong></span> <span class='ocrx_word' id='word_1_507' title='bbox 1131 3723 1417 3795; x_wconf 88' lang='lat' dir='ltr'><strong><em>homines,</em></strong></span> <span class='ocrx_word' id='word_1_508' title='bbox 1458 3725 1648 3794; x_wconf 84' lang='lat' dir='ltr'><strong><em>injicit</em></strong></span> <span class='ocrx_word' id='word_1_509' title='bbox 1700 3742 1762 3781; x_wconf 87' lang='lat' dir='ltr'><strong><em>se</em></strong></span> <span class='ocrx_word' id='word_1_510' title='bbox 1815 3726 1874 3781; x_wconf 91' lang='lat' dir='ltr'><strong><em>in</em></strong></span> <span class='ocrx_word' id='word_1_511' title='bbox 1906 3727 2081 3782; x_wconf 88' lang='lat' dir='ltr'><strong><em>corda</em></strong></span> 
     </span>
    </p>
   </div>
   <div class='ocr_carea' id='block_1_64' title="bbox 442 3811 2080 3884">
    <p class='ocr_par' dir='ltr' id='par_1_64' title="bbox 442 3811 2080 3884">
     <span class='ocr_line' id='line_1_65' title="bbox 442 3811 2080 3884; baseline 0.004 -20"><span class='ocrx_word' id='word_1_512' title='bbox 442 3828 642 3865; x_wconf 86' lang='lat' dir='ltr'><strong><em>eorum</em></strong></span> <span class='ocrx_word' id='word_1_513' title='bbox 675 3811 807 3884; x_wconf 87' lang='lat'>(76),</span> <span class='ocrx_word' id='word_1_514' title='bbox 840 3816 897 3867; x_wconf 87' lang='lat' dir='ltr'><strong><em>et</em></strong></span> <span class='ocrx_word' id='word_1_515' title='bbox 923 3813 994 3867; x_wconf 90' lang='lat' dir='ltr'><strong><em>de</em></strong></span> <span class='ocrx_word' id='word_1_516' title='bbox 1038 3812 1220 3868; x_wconf 89' lang='lat' dir='ltr'><strong><em>nihilo</em></strong></span> <span class='ocrx_word' id='word_1_517' title='bbox 1254 3818 1357 3869; x_wconf 88' lang='lat' dir='ltr'><strong><em>aut</em></strong></span> <span class='ocrx_word' id='word_1_518' title='bbox 1407 3813 1495 3869; x_wconf 89' lang='lat' dir='ltr'><strong><em>vir</em></strong></span> <span class='ocrx_word' id='word_1_519' title='bbox 1524 3819 1625 3870; x_wconf 87' lang='lat' dir='ltr'><strong><em>aut</em></strong></span> <span class='ocrx_word' id='word_1_520' title='bbox 1677 3814 1889 3869; x_wconf 87' lang='lat' dir='ltr'><strong><em>mulier</em></strong></span> <span class='ocrx_word' id='word_1_521' title='bbox 1918 3831 2080 3870; x_wconf 86' lang='lat' dir='ltr'><strong><em>ama-</em></strong></span> 
     </span>
    </p>
   </div>
   <div class='ocr_carea' id='block_1_65' title="bbox 438 3899 2078 3974">
    <p class='ocr_par' dir='ltr' id='par_1_65' title="bbox 438 3899 2078 3974">
     <span class='ocr_line' id='line_1_66' title="bbox 438 3899 2078 3974; baseline 0.002 -20"><span class='ocrx_word' id='word_1_522' title='bbox 438 3899 757 3956; x_wconf 88' lang='lat' dir='ltr'><strong><em>ritudinem</em></strong></span> <span class='ocrx_word' id='word_1_523' title='bbox 793 3902 1059 3974; x_wconf 88' lang='lat' dir='ltr'><strong><em>percipit,</em></strong></span> <span class='ocrx_word' id='word_1_524' title='bbox 1105 3909 1337 3974; x_wconf 79' lang='lat' dir='ltr'><strong><em>propter</em></strong></span> <span class='ocrx_word' id='word_1_525' title='bbox 1365 3919 1459 3958; x_wconf 92' lang='lat' dir='ltr'><strong><em>res</em></strong></span> <span class='ocrx_word' id='word_1_526' title='bbox 1511 3920 1635 3974; x_wconf 61' lang='lat' dir='ltr'><strong><em>quae</em></strong></span> <span class='ocrx_word' id='word_1_527' title='bbox 1684 3909 1822 3958; x_wconf 89' lang='lat' dir='ltr'><strong><em>sunt</em></strong></span> <span class='ocrx_word' id='word_1_528' title='bbox 1851 3902 1911 3958; x_wconf 90' lang='lat' dir='ltr'><strong><em>in</em></strong></span> <span class='ocrx_word' id='word_1_529' title='bbox 1945 3921 2078 3972; x_wconf 89' lang='lat' dir='ltr'><strong><em>usu,</em></strong></span> 
     </span>
    </p>
   </div>
   <div class='ocr_carea' id='block_1_66' title="bbox 438 3988 2082 4063">
    <p class='ocr_par' dir='ltr' id='par_1_66' title="bbox 438 3988 2082 4063">
     <span class='ocr_line' id='line_1_67' title="bbox 438 3988 2082 4063; baseline 0.004 -24"><span class='ocrx_word' id='word_1_530' title='bbox 438 3990 538 4040; x_wconf 87' lang='lat' dir='ltr'><strong><em>aut</em></strong></span> <span class='ocrx_word' id='word_1_531' title='bbox 585 4003 684 4058; x_wconf 89' lang='lat' dir='ltr'><strong><em>pro</em></strong></span> <span class='ocrx_word' id='word_1_532' title='bbox 733 3988 1027 4056; x_wconf 90' lang='lat' dir='ltr'><strong><em>convictu,</em></strong></span> <span class='ocrx_word' id='word_1_533' title='bbox 1086 3992 1188 4044; x_wconf 90' lang='lat' dir='ltr'><strong><em>aut</em></strong></span> <span class='ocrx_word' id='word_1_534' title='bbox 1233 4006 1336 4061; x_wconf 90' lang='lat' dir='ltr'><strong><em>pro</em></strong></span> <span class='ocrx_word' id='word_1_535' title='bbox 1393 3988 1590 4062; x_wconf 90' lang='lat' dir='ltr'><strong><em>aliquo</em></strong></span> <span class='ocrx_word' id='word_1_536' title='bbox 1636 3992 1809 4047; x_wconf 87' lang='lat' dir='ltr'><strong><em>verbo</em></strong></span> <span class='ocrx_word' id='word_1_537' title='bbox 1860 3991 1999 4063; x_wconf 86' lang='lat'>(77),</span> <span class='ocrx_word' id='word_1_538' title='bbox 2032 3990 2082 4046; x_wconf 87' lang='lat' dir='ltr'><strong><em>si</em></strong></span> 
     </span>
    </p>
   </div>
   <div class='ocr_carea' id='block_1_67' title="bbox 441 4075 2079 4151">
    <p class='ocr_par' dir='ltr' id='par_1_67' title="bbox 441 4075 2079 4151">
     <span class='ocr_line' id='line_1_68' title="bbox 441 4075 2079 4151; baseline 0.003 -22"><span class='ocrx_word' id='word_1_539' title='bbox 441 4075 595 4145; x_wconf 89' lang='lat' dir='ltr'><strong><em>quod</em></strong></span> <span class='ocrx_word' id='word_1_540' title='bbox 646 4075 789 4131; x_wconf 80' lang='lat' dir='ltr'><strong><em>forte</em></strong></span> <span class='ocrx_word' id='word_1_541' title='bbox 845 4075 1069 4149; x_wconf 85' lang='lat' dir='ltr'><strong><em>incidit,</em></strong></span> <span class='ocrx_word' id='word_1_542' title='bbox 1127 4094 1522 4150; x_wconf 89' lang='lat' dir='ltr'><strong><em>supervacuo;</em></strong></span> <span class='ocrx_word' id='word_1_543' title='bbox 1582 4084 1687 4135; x_wconf 89' lang='lat' dir='ltr'><strong><em>aut</em></strong></span> <span class='ocrx_word' id='word_1_544' title='bbox 1742 4096 1845 4151; x_wconf 91' lang='lat' dir='ltr'><strong><em>pro</em></strong></span> <span class='ocrx_word' id='word_1_545' title='bbox 1891 4078 2079 4135; x_wconf 90' lang='lat' dir='ltr'><strong><em>amico</em></strong></span> 
     </span>
    </p>
   </div>
   <div class='ocr_carea' id='block_1_68' title="bbox 442 4162 2081 4239">
    <p class='ocr_par' dir='ltr' id='par_1_68' title="bbox 442 4162 2081 4239">
     <span class='ocr_line' id='line_1_69' title="bbox 442 4162 2081 4239; baseline 0.005 -23"><span class='ocrx_word' id='word_1_546' title='bbox 442 4162 659 4234; x_wconf 90' lang='lat' dir='ltr'><strong><em>aliquo,</em></strong></span> <span class='ocrx_word' id='word_1_547' title='bbox 692 4169 793 4220; x_wconf 83' lang='lat' dir='ltr'><strong><em>aut</em></strong></span> <span class='ocrx_word' id='word_1_548' title='bbox 849 4165 1063 4237; x_wconf 85' lang='lat' dir='ltr'><strong><em>debito,</em></strong></span> <span class='ocrx_word' id='word_1_549' title='bbox 1097 4171 1198 4222; x_wconf 88' lang='lat' dir='ltr'><strong><em>aut</em></strong></span> <span class='ocrx_word' id='word_1_550' title='bbox 1253 4184 1356 4239; x_wconf 90' lang='lat' dir='ltr'><strong><em>pro</em></strong></span> <span class='ocrx_word' id='word_1_551' title='bbox 1414 4168 1507 4224; x_wconf 89' lang='lat' dir='ltr'><strong><em>his</em></strong></span> <span class='ocrx_word' id='word_1_552' title='bbox 1564 4167 1859 4224; x_wconf 87' lang='lat' dir='ltr'><strong><em>similibus</em></strong></span> <span class='ocrx_word' id='word_1_553' title='bbox 1904 4167 2081 4225; x_wconf 88' lang='lat' dir='ltr'><strong><em>rebus</em></strong></span> 
     </span>
    </p>
   </div>
   <div class='ocr_carea' id='block_1_69' title="bbox 442 4255 2078 4329">
    <p class='ocr_par' dir='ltr' id='par_1_69' title="bbox 442 4255 2078 4329">
     <span class='ocr_line' id='line_1_70' title="bbox 442 4255 2078 4329; baseline 0.002 -22"><span class='ocrx_word' id='word_1_554' title='bbox 442 4255 837 4320; x_wconf 87' lang='lat' dir='ltr'><strong><em>supervacuis.</em></strong></span> <span class='ocrx_word' id='word_1_555' title='bbox 871 4255 1001 4311; x_wconf 70' lang='lat' dir='ltr'><strong><em>Haec</em></strong></span> <span class='ocrx_word' id='word_1_556' title='bbox 1029 4255 1182 4311; x_wconf 90' lang='lat' dir='ltr'><strong><em>enim</em></strong></span> <span class='ocrx_word' id='word_1_557' title='bbox 1215 4256 1398 4312; x_wconf 90' lang='lat' dir='ltr'><strong><em>stulta</em></strong></span> <span class='ocrx_word' id='word_1_558' title='bbox 1440 4261 1581 4313; x_wconf 90' lang='lat' dir='ltr'><strong><em>sunt</em></strong></span> <span class='ocrx_word' id='word_1_559' title='bbox 1610 4262 1667 4312; x_wconf 91' lang='lat' dir='ltr'><strong><em>et</em></strong></span> <span class='ocrx_word' id='word_1_560' title='bbox 1697 4273 2078 4329; x_wconf 86' lang='lat' dir='ltr'><strong><em>supervacua,</em></strong></span> 
     </span>
    </p>
   </div>
   <div class='ocr_carea' id='block_1_70' title="bbox 441 4344 2082 4418">
    <p class='ocr_par' dir='ltr' id='par_1_70' title="bbox 441 4344 2082 4418">
     <span class='ocr_line' id='line_1_71' title="bbox 441 4344 2082 4418; baseline 0.003 -21"><span class='ocrx_word' id='word_1_561' title='bbox 441 4347 499 4397; x_wconf 91' lang='lat' dir='ltr'><strong><em>et</em></strong></span> <span class='ocrx_word' id='word_1_562' title='bbox 531 4359 674 4397; x_wconf 87' lang='lat' dir='ltr'><strong><em>vana</em></strong></span> <span class='ocrx_word' id='word_1_563' title='bbox 703 4344 885 4399; x_wconf 88' lang='lat' dir='ltr'><strong><em>servis</em></strong></span> <span class='ocrx_word' id='word_1_564' title='bbox 915 4345 1036 4401; x_wconf 91' lang='lat' dir='ltr'><strong><em>Dei.</em></strong></span> <span class='ocrx_word' id='word_1_565' title='bbox 1070 4346 1497 4418; x_wconf 62' lang='lat' dir='ltr'><strong><em>{Equanimitas</em></strong></span> <span class='ocrx_word' id='word_1_566' title='bbox 1548 4350 1741 4401; x_wconf 89' lang='lat' dir='ltr'><strong><em>autem</em></strong></span> <span class='ocrx_word' id='word_1_567' title='bbox 1772 4345 1964 4401; x_wconf 84' lang='lat' dir='ltr'><strong><em>valida</em></strong></span> <span class='ocrx_word' id='word_1_568' title='bbox 1992 4350 2082 4402; x_wconf 85' lang='lat' dir='ltr'><strong><em>est</em></strong></span> 
     </span>
    </p>
   </div>
   <div class='ocr_carea' id='block_1_71' title="bbox 442 4431 2078 4508">
    <p class='ocr_par' dir='ltr' id='par_1_71' title="bbox 442 4431 2078 4508">
     <span class='ocr_line' id='line_1_72' title="bbox 442 4431 2078 4508; baseline 0.003 -23"><span class='ocrx_word' id='word_1_569' title='bbox 442 4436 500 4486; x_wconf 81' lang='lat' dir='ltr'><strong><em>et</em></strong></span> <span class='ocrx_word' id='word_1_570' title='bbox 523 4431 711 4499; x_wconf 82' lang='lat' dir='ltr'><strong><em>fortis,</em></strong></span> <span class='ocrx_word' id='word_1_571' title='bbox 731 4437 788 4487; x_wconf 89' lang='lat' dir='ltr'><strong><em>et</em></strong></span> <span class='ocrx_word' id='word_1_572' title='bbox 806 4432 975 4488; x_wconf 77' lang='lat' dir='ltr'><strong><em>habet</em></strong></span> <span class='ocrx_word' id='word_1_573' title='bbox 991 4434 1261 4490; x_wconf 85' lang='lat' dir='ltr'><strong><em>virtutem</em></strong></span> <span class='ocrx_word' id='word_1_574' title='bbox 1288 4452 1587 4508; x_wconf 86' lang='lat' dir='ltr'><strong><em>magnam,</em></strong></span> <span class='ocrx_word' id='word_1_575' title='bbox 1613 4439 1670 4491; x_wconf 89' lang='lat' dir='ltr'><strong><em>et</em></strong></span> <span class='ocrx_word' id='word_1_576' title='bbox 1699 4436 1860 4491; x_wconf 90' lang='lat' dir='ltr'><strong><em>sedet</em></strong></span> <span class='ocrx_word' id='word_1_577' title='bbox 1878 4436 1991 4507; x_wconf 91' lang='lat'>(78)</span> <span class='ocrx_word' id='word_1_578' title='bbox 2021 4436 2078 4490; x_wconf 91' lang='lat' dir='ltr'><strong><em>in</em></strong></span> 
     </span>
    </p>
   </div>
   <div class='ocr_carea' id='block_1_72' title="bbox 437 4519 2083 4595">
    <p class='ocr_par' dir='ltr' id='par_1_72' title="bbox 437 4519 2083 4595">
     <span class='ocr_line' id='line_1_73' title="bbox 437 4519 2083 4595; baseline 0.004 -23"><span class='ocrx_word' id='word_1_579' title='bbox 437 4519 827 4591; x_wconf 87' lang='lat' dir='ltr'><strong><em>amplitudine</em></strong></span> <span class='ocrx_word' id='word_1_580' title='bbox 876 4538 1122 4594; x_wconf 82' lang='lat' dir='ltr'><strong><em>magna:</em></strong></span> <span class='ocrx_word' id='word_1_581' title='bbox 1158 4522 1385 4593; x_wconf 86' lang='lat' dir='ltr'><strong><em>hilaris,</em></strong></span> <span class='ocrx_word' id='word_1_582' title='bbox 1434 4524 1493 4578; x_wconf 92' lang='lat' dir='ltr'><strong><em>in</em></strong></span> <span class='ocrx_word' id='word_1_583' title='bbox 1525 4540 1666 4595; x_wconf 85' lang='lat' dir='ltr'><strong><em>pace</em></strong></span> <span class='ocrx_word' id='word_1_584' title='bbox 1708 4523 1993 4595; x_wconf 83' lang='lat' dir='ltr'><strong><em>gaudens,</em></strong></span> <span class='ocrx_word' id='word_1_585' title='bbox 2025 4529 2083 4579; x_wconf 87' lang='lat' dir='ltr'><strong><em>et</em></strong></span> 
     </span>
    </p>
   </div>
   <div class='ocr_carea' id='block_1_73' title="bbox 437 4608 2075 4684">
    <p class='ocr_par' dir='ltr' id='par_1_73' title="bbox 437 4608 2075 4684">
     <span class='ocr_line' id='line_1_74' title="bbox 437 4608 2075 4684; baseline 0.002 -21"><span class='ocrx_word' id='word_1_586' title='bbox 437 4608 833 4666; x_wconf 79' lang='lat' dir='ltr'><strong><em>honorificans</em></strong></span> <span class='ocrx_word' id='word_1_587' title='bbox 856 4610 1170 4666; x_wconf 88' lang='lat' dir='ltr'><strong><em>Dominum</em></strong></span> <span class='ocrx_word' id='word_1_588' title='bbox 1197 4612 1253 4666; x_wconf 88' lang='lat' dir='ltr'><strong><em>in</em></strong></span> <span class='ocrx_word' id='word_1_589' title='bbox 1286 4613 1447 4667; x_wconf 90' lang='lat' dir='ltr'><strong><em>omni</em></strong></span> <span class='ocrx_word' id='word_1_590' title='bbox 1467 4615 1730 4684; x_wconf 89' lang='lat' dir='ltr'><strong><em>tempore</em></strong></span> <span class='ocrx_word' id='word_1_591' title='bbox 1751 4617 2075 4669; x_wconf 87' lang='lat' dir='ltr'><strong><em>mansuete.</em></strong></span> 
     </span>
    </p>
   </div>
   <div class='ocr_carea' id='block_1_74' title="bbox 439 4697 2079 4771">
    <p class='ocr_par' dir='ltr' id='par_1_74' title="bbox 439 4697 2079 4771">
     <span class='ocr_line' id='line_1_75' title="bbox 439 4697 2079 4771; baseline 0.003 -19"><span class='ocrx_word' id='word_1_592' title='bbox 439 4697 571 4753; x_wconf 66' lang='lat' dir='ltr'><strong><em>Haec</em></strong></span> <span class='ocrx_word' id='word_1_593' title='bbox 602 4697 754 4753; x_wconf 90' lang='lat' dir='ltr'><strong><em>enim</em></strong></span> <span class='ocrx_word' id='word_1_594' title='bbox 786 4699 1194 4771; x_wconf 66' lang='lat' dir='ltr'><strong><em>aequanimitas</em></strong></span> <span class='ocrx_word' id='word_1_595' title='bbox 1237 4700 1462 4757; x_wconf 89' lang='lat' dir='ltr'><strong><em>habitat</em></strong></span> <span class='ocrx_word' id='word_1_596' title='bbox 1508 4718 1641 4757; x_wconf 88' lang='lat' dir='ltr'><strong><em>cum</em></strong></span> <span class='ocrx_word' id='word_1_597' title='bbox 1673 4702 1817 4757; x_wconf 88' lang='lat' dir='ltr'><strong><em>bene</em></strong></span> <span class='ocrx_word' id='word_1_598' title='bbox 1848 4702 2079 4758; x_wconf 83' lang='lat' dir='ltr'><strong><em>fidenti-</em></strong></span> 
     </span>
    </p>
   </div>
   <div class='ocr_carea' id='block_1_75' title="bbox 445 4786 2081 4863">
    <p class='ocr_par' dir='ltr' id='par_1_75' title="bbox 445 4786 2081 4863">
     <span class='ocr_line' id='line_1_76' title="bbox 445 4786 2081 4863; baseline 0.004 -21"><span class='ocrx_word' id='word_1_599' title='bbox 445 4786 572 4843; x_wconf 89' lang='lat' dir='ltr'><strong><em>bus.</em></strong></span> <span class='ocrx_word' id='word_1_600' title='bbox 609 4787 756 4845; x_wconf 90' lang='lat' dir='ltr'><strong><em>Nam</em></strong></span> <span class='ocrx_word' id='word_1_601' title='bbox 781 4789 891 4863; x_wconf 87' lang='lat'>(79)</span> <span class='ocrx_word' id='word_1_602' title='bbox 913 4788 1217 4846; x_wconf 88' lang='lat' dir='ltr'><strong><em>iracundia</em></strong></span> <span class='ocrx_word' id='word_1_603' title='bbox 1244 4790 1427 4847; x_wconf 86' lang='lat' dir='ltr'><strong><em>stulta</em></strong></span> <span class='ocrx_word' id='word_1_604' title='bbox 1447 4795 1555 4863; x_wconf 89' lang='lat' dir='ltr'><strong><em>est,</em></strong></span> <span class='ocrx_word' id='word_1_605' title='bbox 1578 4795 1635 4847; x_wconf 90' lang='lat' dir='ltr'><strong><em>et</em></strong></span> <span class='ocrx_word' id='word_1_606' title='bbox 1659 4790 1800 4848; x_wconf 90' lang='lat' dir='ltr'><strong><em>levis</em></strong></span> <span class='ocrx_word' id='word_1_607' title='bbox 1821 4796 1878 4848; x_wconf 90' lang='lat' dir='ltr'><strong><em>et</em></strong></span> <span class='ocrx_word' id='word_1_608' title='bbox 1900 4792 2081 4850; x_wconf 86' lang='lat' dir='ltr'><strong><em>fatua.</em></strong></span> 
     </span>
    </p>
   </div>
   <div class='ocr_carea' id='block_1_76' title="bbox 2190 3538 3843 3619">
    <p class='ocr_par' dir='ltr' id='par_1_76' title="bbox 2190 3538 3843 3619">
     <span class='ocr_line' id='line_1_77' title="bbox 2190 3538 3843 3619; baseline -0.003 -19"><span class='ocrx_word' id='word_1_609' title='bbox 2190 3544 2480 3617; x_wconf 83' lang='grc' dir='ltr'>ἀποπλανᾷ</span> <span class='ocrx_word' id='word_1_610' title='bbox 2512 3542 2569 3600; x_wconf 76' lang='grc' dir='ltr'>δὲ</span> <span class='ocrx_word' id='word_1_611' title='bbox 2596 3542 2725 3607; x_wconf 76' lang='grc' dir='ltr'>τοὺς</span> <span class='ocrx_word' id='word_1_612' title='bbox 2759 3542 2917 3606; x_wconf 80' lang='grc' dir='ltr'>δντας</span> <span class='ocrx_word' id='word_1_613' title='bbox 2974 3541 3208 3619; x_wconf 77' lang='grc' dir='ltr'>πλήρεις</span> <span class='ocrx_word' id='word_1_614' title='bbox 3246 3541 3297 3597; x_wconf 81' lang='grc' dir='ltr'><strong><em>ἐν</em></strong></span> <span class='ocrx_word' id='word_1_615' title='bbox 3354 3546 3424 3616; x_wconf 83' lang='grc' dir='ltr'>τῇ</span> <span class='ocrx_word' id='word_1_616' title='bbox 3482 3541 3689 3610; x_wconf 77' lang='grc' dir='ltr'>πίστει,</span> <span class='ocrx_word' id='word_1_617' title='bbox 3723 3538 3843 3596; x_wconf 69' lang='grc' dir='ltr'>οὐδὲ</span> 
     </span>
    </p>
   </div>
   <div class='ocr_carea' id='block_1_77' title="bbox 2190 3628 3837 3712">
    <p class='ocr_par' dir='ltr' id='par_1_77' title="bbox 2190 3628 3837 3712">
     <span class='ocr_line' id='line_1_78' title="bbox 2190 3628 3837 3712; baseline -0.002 -23"><span class='ocrx_word' id='word_1_618' title='bbox 2190 3633 2471 3712; x_wconf 81' lang='grc' dir='ltr'>ἐνεργῆσαι</span> <span class='ocrx_word' id='word_1_619' title='bbox 2531 3631 2745 3688; x_wconf 85' lang='grc' dir='ltr'>δύναται</span> <span class='ocrx_word' id='word_1_620' title='bbox 2805 3632 2882 3695; x_wconf 81' lang='grc' dir='ltr'><strong><em>είς</em></strong></span> <span class='ocrx_word' id='word_1_621' title='bbox 2940 3631 3153 3702; x_wconf 78' lang='grc' dir='ltr'>αὐτοὺς,</span> <span class='ocrx_word' id='word_1_622' title='bbox 3209 3629 3290 3686; x_wconf 80' lang='grc' dir='ltr'>ὅτι</span> <span class='ocrx_word' id='word_1_623' title='bbox 3348 3633 3382 3700; x_wconf 76' lang='grc' dir='ltr'>ἡ</span> <span class='ocrx_word' id='word_1_624' title='bbox 3444 3628 3682 3703; x_wconf 84' lang='grc' dir='ltr'>δύναμις</span> <span class='ocrx_word' id='word_1_625' title='bbox 3746 3634 3837 3686; x_wconf 79' lang='grc' dir='ltr'><strong><em>τοῦ</em></strong></span> 
     </span>
    </p>
   </div>
   <div class='ocr_carea' id='block_1_78' title="bbox 2189 3718 3837 3799">
    <p class='ocr_par' dir='ltr' id='par_1_78' title="bbox 2189 3718 3837 3799">
     <span class='ocr_line' id='line_1_79' title="bbox 2189 3718 3837 3799; baseline -0.003 -21"><span class='ocrx_word' id='word_1_626' title='bbox 2189 3723 2393 3799; x_wconf 81' lang='grc' dir='ltr'>Κυρίου</span> <span class='ocrx_word' id='word_1_627' title='bbox 2448 3723 2561 3795; x_wconf 89' lang='grc' dir='ltr'>μετ’</span> <span class='ocrx_word' id='word_1_628' title='bbox 2592 3721 2768 3777; x_wconf 81' lang='grc' dir='ltr'>αὐτῶν</span> <span class='ocrx_word' id='word_1_629' title='bbox 2820 3721 2979 3776; x_wconf 79' lang='grc' dir='ltr'>ἐστιν·</span> <span class='ocrx_word' id='word_1_630' title='bbox 3015 3719 3161 3777; x_wconf 82' lang='grc' dir='ltr'><strong><em>ἀλλά</em></strong></span> <span class='ocrx_word' id='word_1_631' title='bbox 3216 3719 3506 3792; x_wconf 81' lang='grc' dir='ltr'>ἀποπλανᾷ</span> <span class='ocrx_word' id='word_1_632' title='bbox 3559 3719 3700 3783; x_wconf 71' lang='grc' dir='ltr'>τοὺς</span> <span class='ocrx_word' id='word_1_633' title='bbox 3759 3718 3837 3775; x_wconf 87' lang='grc' dir='ltr'>δι-</span> 
     </span>
    </p>
   </div>
   <div class='ocr_carea' id='block_1_79' title="bbox 2189 3807 3837 3889">
    <p class='ocr_par' dir='ltr' id='par_1_79' title="bbox 2189 3807 3837 3889">
     <span class='ocr_line' id='line_1_80' title="bbox 2189 3807 3837 3889; baseline -0.002 -22"><span class='ocrx_word' id='word_1_634' title='bbox 2189 3812 2419 3889; x_wconf 81' lang='grc' dir='ltr'>ψύχους.</span> <span class='ocrx_word' id='word_1_635' title='bbox 2471 3813 2629 3866; x_wconf 74' lang='grc' dir='ltr'>’Ὀταν</span> <span class='ocrx_word' id='word_1_636' title='bbox 2690 3812 2792 3887; x_wconf 78' lang='grc' dir='ltr'>γὰρ</span> <span class='ocrx_word' id='word_1_637' title='bbox 2850 3807 2939 3884; x_wconf 68' lang='grc' dir='ltr'><strong><em>ἴδῃ</em></strong></span> <span class='ocrx_word' id='word_1_638' title='bbox 2993 3809 3121 3872; x_wconf 81' lang='grc' dir='ltr'>τοὺς</span> <span class='ocrx_word' id='word_1_639' title='bbox 3174 3808 3457 3872; x_wconf 88' lang='grc' dir='ltr'>τοιούτους</span> <span class='ocrx_word' id='word_1_640' title='bbox 3515 3808 3837 3886; x_wconf 83' lang='grc' dir='ltr'>ἀνθρώπους</span> 
     </span>
    </p>
   </div>
   <div class='ocr_carea' id='block_1_80' title="bbox 2190 3894 3839 3977">
    <p class='ocr_par' dir='ltr' id='par_1_80' title="bbox 2190 3894 3839 3977">
     <span class='ocr_line' id='line_1_81' title="bbox 2190 3894 3839 3977; baseline -0.004 -19"><span class='ocrx_word' id='word_1_641' title='bbox 2190 3902 2597 3970; x_wconf 83' lang='grc' dir='ltr'>εὐσταθοῦντας,</span> <span class='ocrx_word' id='word_1_642' title='bbox 2652 3894 3035 3977; x_wconf 76' lang='grc' dir='ltr'>παρεμϐάλλει</span> <span class='ocrx_word' id='word_1_643' title='bbox 3091 3900 3283 3969; x_wconf 69' lang='grc' dir='ltr'>ἑαυτὴν</span> <span class='ocrx_word' id='word_1_644' title='bbox 3341 3899 3417 3961; x_wconf 84' lang='grc' dir='ltr'>εἰς</span> <span class='ocrx_word' id='word_1_645' title='bbox 3471 3900 3569 3968; x_wconf 75' lang='grc' dir='ltr'>τὴν</span> <span class='ocrx_word' id='word_1_646' title='bbox 3609 3896 3839 3976; x_wconf 80' lang='grc' dir='ltr'>καρδίαν</span> 
     </span>
    </p>
   </div>
   <div class='ocr_carea' id='block_1_81' title="bbox 2186 3987 3839 4067">
    <p class='ocr_par' dir='ltr' id='par_1_81' title="bbox 2186 3987 3839 4067">
     <span class='ocr_line' id='line_1_82' title="bbox 2186 3987 3839 4067; baseline -0.002 -21"><span class='ocrx_word' id='word_1_647' title='bbox 2186 3994 2285 4046; x_wconf 86' lang='grc' dir='ltr'><strong><em>τοῦ</em></strong></span> <span class='ocrx_word' id='word_1_648' title='bbox 2350 3989 2656 4067; x_wconf 73' lang='grc' dir='ltr'>ἀνθρώπων</span> <span class='ocrx_word' id='word_1_649' title='bbox 2716 3988 2806 4045; x_wconf 82' lang='grc' dir='ltr'><strong><em>καὶ</em></strong></span> <span class='ocrx_word' id='word_1_650' title='bbox 2890 3987 3062 4052; x_wconf 75' lang='grc' dir='ltr'>οὕτως</span> <span class='ocrx_word' id='word_1_651' title='bbox 3146 3988 3486 4065; x_wconf 84' lang='grc' dir='ltr'>πικραίνεται</span> <span class='ocrx_word' id='word_1_652' title='bbox 3550 3988 3839 4066; x_wconf 78' lang='grc' dir='ltr'>ἅνθρωπος</span> 
     </span>
    </p>
   </div>
   <div class='ocr_carea' id='block_1_82' title="bbox 2187 4075 3838 4156">
    <p class='ocr_par' dir='ltr' id='par_1_82' title="bbox 2187 4075 3838 4156">
     <span class='ocr_line' id='line_1_83' title="bbox 2187 4075 3838 4156; baseline -0.002 -22"><span class='ocrx_word' id='word_1_653' title='bbox 2187 4075 2360 4135; x_wconf 70' lang='grc' dir='ltr'>ἕνεκεν</span> <span class='ocrx_word' id='word_1_654' title='bbox 2423 4080 2693 4156; x_wconf 81' lang='grc' dir='ltr'>βιωτικῶν</span> <span class='ocrx_word' id='word_1_655' title='bbox 2754 4076 3176 4156; x_wconf 74' lang='grc' dir='ltr'>πραγμάτων,ἢ</span> <span class='ocrx_word' id='word_1_656' title='bbox 3241 4076 3405 4156; x_wconf 80' lang='grc' dir='ltr'>φίλου</span> <span class='ocrx_word' id='word_1_657' title='bbox 3460 4076 3603 4139; x_wconf 85' lang='grc' dir='ltr'>τινὸς</span> <span class='ocrx_word' id='word_1_658' title='bbox 3639 4078 3682 4148; x_wconf 78' lang='grc' dir='ltr'><strong>ἢ</strong></span> <span class='ocrx_word' id='word_1_659' title='bbox 3715 4076 3838 4153; x_wconf 79' lang='grc' dir='ltr'>περὶ</span> 
     </span>
    </p>
   </div>
   <div class='ocr_carea' id='block_1_83' title="bbox 2190 4165 3841 4243">
    <p class='ocr_par' dir='ltr' id='par_1_83' title="bbox 2190 4165 3841 4243">
     <span class='ocr_line' id='line_1_84' title="bbox 2190 4165 3841 4243; baseline -0.002 -19"><span class='ocrx_word' id='word_1_660' title='bbox 2190 4166 2391 4231; x_wconf 86' lang='grc' dir='ltr'>δόσεως</span> <span class='ocrx_word' id='word_1_661' title='bbox 2439 4168 2529 4224; x_wconf 85' lang='grc' dir='ltr'><strong><em>καὶ</em></strong></span> <span class='ocrx_word' id='word_1_662' title='bbox 2577 4165 2821 4243; x_wconf 76' lang='grc' dir='ltr'>λήψεως,</span> <span class='ocrx_word' id='word_1_663' title='bbox 2851 4167 2887 4237; x_wconf 76' lang='grc' dir='ltr'><strong>ἢ</strong></span> <span class='ocrx_word' id='word_1_664' title='bbox 2915 4167 3039 4241; x_wconf 81' lang='grc' dir='ltr'>περὶ</span> <span class='ocrx_word' id='word_1_665' title='bbox 3095 4165 3356 4222; x_wconf 86' lang='grc' dir='ltr'>τοιούτων</span> <span class='ocrx_word' id='word_1_666' title='bbox 3412 4170 3618 4243; x_wconf 80' lang='grc' dir='ltr'>μιαρῶν</span> <span class='ocrx_word' id='word_1_667' title='bbox 3670 4187 3841 4243; x_wconf 83' lang='grc' dir='ltr'>πραγ-</span> 
     </span>
    </p>
   </div>
   <div class='ocr_carea' id='block_1_84' title="bbox 2194 4255 3837 4333">
    <p class='ocr_par' dir='ltr' id='par_1_84' title="bbox 2194 4255 3837 4333">
     <span class='ocr_line' id='line_1_85' title="bbox 2194 4255 3837 4333; baseline -0.002 -21"><span class='ocrx_word' id='word_1_668' title='bbox 2194 4260 2399 4332; x_wconf 83' lang='grc' dir='ltr'>μάτων·</span> <span class='ocrx_word' id='word_1_669' title='bbox 2458 4261 2633 4312; x_wconf 87' lang='grc' dir='ltr'>Ταῦτα</span> <span class='ocrx_word' id='word_1_670' title='bbox 2686 4255 2859 4311; x_wconf 87' lang='grc' dir='ltr'>πάντα</span> <span class='ocrx_word' id='word_1_671' title='bbox 2927 4258 3086 4333; x_wconf 89' lang='grc' dir='ltr'>μωρά</span> <span class='ocrx_word' id='word_1_672' title='bbox 3157 4256 3295 4312; x_wconf 78' lang='grc' dir='ltr'>ἐστιν</span> <span class='ocrx_word' id='word_1_673' title='bbox 3373 4256 3463 4311; x_wconf 82' lang='grc' dir='ltr'><strong><em>καὶ</em></strong></span> <span class='ocrx_word' id='word_1_674' title='bbox 3538 4256 3688 4326; x_wconf 73' lang='grc' dir='ltr'>κενὰ,</span> <span class='ocrx_word' id='word_1_675' title='bbox 3750 4256 3837 4311; x_wconf 78' lang='grc' dir='ltr'><strong><em>καὶ</em></strong></span> 
     </span>
    </p>
   </div>
   <div class='ocr_carea' id='block_1_85' title="bbox 2188 4342 3839 4424">
    <p class='ocr_par' dir='ltr' id='par_1_85' title="bbox 2188 4342 3839 4424">
     <span class='ocr_line' id='line_1_86' title="bbox 2188 4342 3839 4424; baseline -0.002 -23"><span class='ocrx_word' id='word_1_676' title='bbox 2188 4346 2475 4424; x_wconf 68' lang='grc' dir='ltr'>ἀσύμφορα</span> <span class='ocrx_word' id='word_1_677' title='bbox 2502 4351 2620 4409; x_wconf 88' lang='grc' dir='ltr'>τοῖς</span> <span class='ocrx_word' id='word_1_678' title='bbox 2679 4343 2900 4408; x_wconf 86' lang='grc' dir='ltr'>δούλαις</span> <span class='ocrx_word' id='word_1_679' title='bbox 2941 4351 3037 4401; x_wconf 89' lang='grc' dir='ltr'><strong><em>τοῦ</em></strong></span> <span class='ocrx_word' id='word_1_680' title='bbox 3067 4349 3221 4402; x_wconf 88' lang='grc' dir='ltr'>Θεοῦ.</span> <span class='ocrx_word' id='word_1_681' title='bbox 3253 4347 3316 4400; x_wconf 88' lang='grc' dir='ltr'><strong><em>Ἥ</em></strong></span> <span class='ocrx_word' id='word_1_682' title='bbox 3371 4342 3430 4400; x_wconf 75' lang='grc' dir='ltr'>δὲ</span> <span class='ocrx_word' id='word_1_683' title='bbox 3486 4343 3839 4418; x_wconf 77' lang='grc' dir='ltr'>μακροθυμία</span> 
     </span>
    </p>
   </div>
   <div class='ocr_carea' id='block_1_86' title="bbox 2193 4432 3835 4511">
    <p class='ocr_par' dir='ltr' id='par_1_86' title="bbox 2193 4432 3835 4511">
     <span class='ocr_line' id='line_1_87' title="bbox 2193 4432 3835 4511; baseline -0.001 -21"><span class='ocrx_word' id='word_1_684' title='bbox 2193 4434 2400 4511; x_wconf 84' lang='grc' dir='ltr'>μεγάλη</span> <span class='ocrx_word' id='word_1_685' title='bbox 2452 4435 2561 4490; x_wconf 81' lang='grc' dir='ltr'>ἐστὶ</span> <span class='ocrx_word' id='word_1_686' title='bbox 2618 4434 2706 4490; x_wconf 81' lang='grc' dir='ltr'><strong><em>καὶ</em></strong></span> <span class='ocrx_word' id='word_1_687' title='bbox 2754 4435 2951 4510; x_wconf 64' lang='grc' dir='ltr'>ὀχυρὰ,</span> <span class='ocrx_word' id='word_1_688' title='bbox 2984 4433 3184 4510; x_wconf 75' lang='grc' dir='ltr'>ἔχουσα</span> <span class='ocrx_word' id='word_1_689' title='bbox 3210 4435 3309 4503; x_wconf 76' lang='grc' dir='ltr'>τὴν</span> <span class='ocrx_word' id='word_1_690' title='bbox 3341 4432 3566 4507; x_wconf 88' lang='grc' dir='ltr'>δύναμιν</span> <span class='ocrx_word' id='word_1_691' title='bbox 3604 4434 3835 4510; x_wconf 70' lang='grc' dir='ltr'>ἰσχυράν</span> 
     </span>
    </p>
   </div>
   <div class='ocr_carea' id='block_1_87' title="bbox 2186 4522 3836 4599">
    <p class='ocr_par' dir='ltr' id='par_1_87' title="bbox 2186 4522 3836 4599">
     <span class='ocr_line' id='line_1_88' title="bbox 2186 4522 3836 4599; baseline 0 -20"><span class='ocrx_word' id='word_1_692' title='bbox 2186 4524 2275 4579; x_wconf 79' lang='grc' dir='ltr'><strong><em>καὶ</em></strong></span> <span class='ocrx_word' id='word_1_693' title='bbox 2322 4525 2631 4597; x_wconf 70' lang='grc' dir='ltr'>καθημένην</span> <span class='ocrx_word' id='word_1_694' title='bbox 2681 4523 2731 4579; x_wconf 80' lang='grc' dir='ltr'>ἐν</span> <span class='ocrx_word' id='word_1_695' title='bbox 2782 4523 3086 4597; x_wconf 81' lang='grc' dir='ltr'>πλατυσμῷ</span> <span class='ocrx_word' id='word_1_696' title='bbox 3132 4522 3379 4599; x_wconf 61' lang='grc' dir='ltr'>μεγάλῳ</span> <span class='ocrx_word' id='word_1_697' title='bbox 3413 4522 3599 4598; x_wconf 65' lang='grc' dir='ltr'>ἱλαρὰ,</span> <span class='ocrx_word' id='word_1_698' title='bbox 3662 4522 3836 4599; x_wconf 79' lang='grc' dir='ltr'>ἀγαλ-</span> 
     </span>
    </p>
   </div>
   <div class='ocr_carea' id='block_1_88' title="bbox 2191 4610 3834 4687">
    <p class='ocr_par' dir='ltr' id='par_1_88' title="bbox 2191 4610 3834 4687">
     <span class='ocr_line' id='line_1_89' title="bbox 2191 4610 3834 4687; baseline -0.001 -20"><span class='ocrx_word' id='word_1_699' title='bbox 2191 4611 2461 4687; x_wconf 76' lang='grc' dir='ltr'>λιωμὲνη,</span> <span class='ocrx_word' id='word_1_700' title='bbox 2493 4612 2583 4668; x_wconf 87' lang='grc' dir='ltr'><strong><em>καὶ</em></strong></span> <span class='ocrx_word' id='word_1_701' title='bbox 2613 4611 2920 4686; x_wconf 75' lang='grc' dir='ltr'>ἀμέριμνος</span> <span class='ocrx_word' id='word_1_702' title='bbox 2962 4610 3094 4667; x_wconf 77' lang='grc' dir='ltr'>οὖσα</span> <span class='ocrx_word' id='word_1_703' title='bbox 3135 4610 3343 4686; x_wconf 78' lang='grc' dir='ltr'>δοξάζει</span> <span class='ocrx_word' id='word_1_704' title='bbox 3387 4610 3480 4668; x_wconf 72' lang='grc' dir='ltr'><strong><em>τόν</em></strong></span> <span class='ocrx_word' id='word_1_705' title='bbox 3526 4612 3733 4687; x_wconf 85' lang='grc' dir='ltr'>Κύριον</span> <span class='ocrx_word' id='word_1_706' title='bbox 3784 4612 3834 4667; x_wconf 80' lang='grc' dir='ltr'><strong><em>ἐν</em></strong></span> 
     </span>
    </p>
   </div>
   <div class='ocr_carea' id='block_1_89' title="bbox 2189 4698 3838 4779">
    <p class='ocr_par' dir='ltr' id='par_1_89' title="bbox 2189 4698 3838 4779">
     <span class='ocr_line' id='line_1_90' title="bbox 2189 4698 3838 4779; baseline -0.001 -21"><span class='ocrx_word' id='word_1_707' title='bbox 2189 4702 2349 4758; x_wconf 87' lang='grc' dir='ltr'>παντὶ</span> <span class='ocrx_word' id='word_1_708' title='bbox 2404 4706 2599 4779; x_wconf 83' lang='grc' dir='ltr'>καιρῷ,</span> <span class='ocrx_word' id='word_1_709' title='bbox 2662 4698 2831 4775; x_wconf 75' lang='grc' dir='ltr'>μηδὲν</span> <span class='ocrx_word' id='word_1_710' title='bbox 2890 4698 3091 4778; x_wconf 80' lang='grc' dir='ltr'>ἔχουσα</span> <span class='ocrx_word' id='word_1_711' title='bbox 3146 4700 3198 4756; x_wconf 79' lang='grc' dir='ltr'><strong><em>ἐν</em></strong></span> <span class='ocrx_word' id='word_1_712' title='bbox 3258 4702 3421 4776; x_wconf 73' lang='grc' dir='ltr'>ἑαυτῇ</span> <span class='ocrx_word' id='word_1_713' title='bbox 3476 4702 3698 4775; x_wconf 85' lang='grc' dir='ltr'>πικρὸν,</span> <span class='ocrx_word' id='word_1_714' title='bbox 3742 4722 3838 4757; x_wconf 85' lang='grc' dir='ltr'>πα-</span> 
     </span>
    </p>
   </div>
   <div class='ocr_carea' id='block_1_90' title="bbox 2193 4788 3836 4868">
    <p class='ocr_par' dir='ltr' id='par_1_90' title="bbox 2193 4788 3836 4868">
     <span class='ocr_line' id='line_1_91' title="bbox 2193 4788 3836 4868; baseline 0 -21"><span class='ocrx_word' id='word_1_715' title='bbox 2193 4792 2499 4868; x_wconf 71' lang='grc' dir='ltr'>ραμένουσα</span> <span class='ocrx_word' id='word_1_716' title='bbox 2554 4788 2645 4846; x_wconf 76' lang='grc' dir='ltr'>διὰ</span> <span class='ocrx_word' id='word_1_717' title='bbox 2696 4790 2896 4854; x_wconf 87' lang='grc' dir='ltr'>παντὸς</span> <span class='ocrx_word' id='word_1_718' title='bbox 2953 4789 3051 4865; x_wconf 79' lang='grc' dir='ltr'>[ἐν]</span> <span class='ocrx_word' id='word_1_719' title='bbox 3106 4790 3374 4867; x_wconf 84' lang='grc' dir='ltr'>πραότητι</span> <span class='ocrx_word' id='word_1_720' title='bbox 3431 4791 3521 4847; x_wconf 81' lang='grc' dir='ltr'><strong><em>καὶ</em></strong></span> <span class='ocrx_word' id='word_1_721' title='bbox 3603 4790 3836 4867; x_wconf 73' lang='grc' dir='ltr'>ἡσυχίᾳ.</span> 
     </span>
    </p>
   </div>
   <div class='ocr_carea' id='block_1_91' title="bbox 1602 4901 2670 4960">
    <p class='ocr_par' dir='ltr' id='par_1_91' title="bbox 1602 4901 2670 4960">
     <span class='ocr_line' id='line_1_92' title="bbox 1602 4901 2670 4960; baseline 0.003 -5"><span class='ocrx_word' id='word_1_722' title='bbox 1602 4901 1839 4957; x_wconf 70' lang='grc' dir='ltr'>νΑιιΙίΕ</span> <span class='ocrx_word' id='word_1_723' title='bbox 1879 4902 2276 4960; x_wconf 82' lang='lat' dir='ltr'><strong><em>LECTIONES</em></strong></span> <span class='ocrx_word' id='word_1_724' title='bbox 2312 4902 2405 4959; x_wconf 91' lang='lat' dir='ltr'><strong><em>ET</em></strong></span> <span class='ocrx_word' id='word_1_725' title='bbox 2442 4902 2670 4959; x_wconf 69' lang='lat' dir='ltr'><strong><em>NOTAE.</em></strong></span> 
     </span>
    </p>
   </div>
   <div class='ocr_carea' id='block_1_92' title="bbox 508 4991 2079 5082">
    <p class='ocr_par' dir='ltr' id='par_1_92' title="bbox 508 4991 2079 5082">
     <span class='ocr_line' id='line_1_93' title="bbox 508 4991 2079 5082; baseline 0.004 -31"><span class='ocrx_word' id='word_1_726' title='bbox 508 4994 962 5082; x_wconf 46' lang='lat' dir='ltr'><strong><em>(Q7)_Fortehleg.</em></strong></span> <span class='ocrx_word' id='word_1_727' title='bbox 996 4991 1441 5082; x_wconf 43' lang='grc' dir='ltr'>εἷᾷχρηστοςηείο</span> <span class='ocrx_word' id='word_1_728' title='bbox 1480 4998 1638 5082; x_wconf 69' lang='lat' dir='ltr'><strong><em>enim</em></strong></span> <span class='ocrx_word' id='word_1_729' title='bbox 1671 5004 1876 5057; x_wconf 89' lang='lat' dir='ltr'><strong><em>auctor</em></strong></span> <span class='ocrx_word' id='word_1_730' title='bbox 1903 5001 2079 5082; x_wconf 70' lang='lat' dir='ltr'><strong><em>poctr.</em></strong></span> 
     </span>
    </p>
   </div>
   <div class='ocr_carea' id='block_1_93' title="bbox 433 5068 2085 5142">
    <p class='ocr_par' dir='ltr' id='par_1_93' title="bbox 433 5068 2085 5142">
     <span class='ocr_line' id='line_1_94' title="bbox 433 5068 2085 5142; baseline 0.003 -18"><span class='ocrx_word' id='word_1_731' title='bbox 433 5068 503 5142; x_wconf 72' lang='lat' dir='ltr'><strong><em>ad</em></strong></span> <span class='ocrx_word' id='word_1_732' title='bbox 533 5068 781 5125; x_wconf 86' lang='lat' dir='ltr'><strong><em>Antioch.</em></strong></span> <span class='ocrx_word' id='word_1_733' title='bbox 814 5068 964 5142; x_wconf 80' lang='lat' dir='ltr'><strong><em>Quin</em></strong></span> <span class='ocrx_word' id='word_1_734' title='bbox 995 5068 1341 5142; x_wconf 67' lang='lat' dir='ltr'><strong><em>et&#39;ipsemet</em></strong></span> <span class='ocrx_word' id='word_1_735' title='bbox 1384 5070 1712 5127; x_wconf 79' lang='lat' dir='ltr'><strong><em>Antiochus</em></strong></span> <span class='ocrx_word' id='word_1_736' title='bbox 1744 5088 1878 5128; x_wconf 82' lang='lat' dir='ltr'><strong><em>mox</em></strong></span> <span class='ocrx_word' id='word_1_737' title='bbox 1908 5072 2085 5129; x_wconf 87' lang='lat' dir='ltr'><strong><em>habet</em></strong></span> 
     </span>
    </p>
   </div>
   <div class='ocr_carea' id='block_1_94' title="bbox 436 5136 1157 5283">
    <p class='ocr_par' dir='ltr' id='par_1_94' title="bbox 436 5136 1157 5283">
     <span class='ocr_line' id='line_1_95' title="bbox 436 5136 1157 5283; baseline 0.003 -16"><span class='ocrx_word' id='word_1_738' title='bbox 436 5136 835 5283; x_wconf 57' lang='grc' dir='ltr'><strong><em>ίῦἴὲἒῖῗέξηῗέ</em></strong></span> <span class='ocrx_word' id='word_1_739' title='bbox 858 5136 1157 5273; x_wconf 59' lang='grc' dir='ltr'><strong><em>ἄῦἕᾶἶῖιῗτῗ</em></strong></span> 
     </span>
    </p>
   </div>
   <div class='ocr_carea' id='block_1_95' title="bbox 498 5159 2080 5357">
    <p class='ocr_par' dir='ltr' id='par_1_95' title="bbox 498 5159 2080 5357">
     <span class='ocr_line' id='line_1_96' title="bbox 498 5159 1708 5355; baseline 0.002 -88"><span class='ocrx_word' id='word_1_740' title='bbox 498 5159 1157 5355; x_wconf 42' lang='lat' dir='ltr'><strong><em>(timefacta:</em></strong></span> <span class='ocrx_word' id='word_1_741' title='bbox 1307 5286 1317 5296; x_wconf 48' lang='grc'><strong><em>,</em></strong></span> <span class='ocrx_word' id='word_1_742' title='bbox 1375 5285 1384 5295; x_wconf 95' lang='lat'>_</span> <span class='ocrx_word' id='word_1_743' title='bbox 1513 5286 1523 5297; x_wconf 49' lang='grc'><strong><em>,</em></strong></span> <span class='ocrx_word' id='word_1_744' title='bbox 1575 5286 1585 5297; x_wconf 51' lang='grc'><strong><em>,</em></strong></span> <span class='ocrx_word' id='word_1_745' title='bbox 1696 5284 1708 5297; x_wconf 57' lang='grc'><strong><em>,</em></strong></span> 
     </span>
     <span class='ocr_line' id='line_1_97' title="bbox 533 5283 2080 5357; baseline 0.002 -18"><span class='ocrx_word' id='word_1_746' title='bbox 533 5286 623 5357; x_wconf 89' lang='grc'><strong><em>69)</em></strong></span> <span class='ocrx_word' id='word_1_747' title='bbox 657 5283 861 5342; x_wconf 88' lang='lat' dir='ltr'><strong><em>Lamb.</em></strong></span> <span class='ocrx_word' id='word_1_748' title='bbox 919 5289 1112 5343; x_wconf 75' lang='lat' dir='ltr'><strong><em>omitt.</em></strong></span> <span class='ocrx_word' id='word_1_749' title='bbox 1147 5286 1213 5341; x_wconf 85' lang='lat' dir='ltr'><strong><em>Et</em></strong></span> <span class='ocrx_word' id='word_1_750' title='bbox 1259 5283 1407 5341; x_wconf 73' lang='lat' dir='ltr'><strong><em>dixit</em></strong></span> <span class='ocrx_word' id='word_1_751' title='bbox 1442 5284 1604 5355; x_wconf 80' lang='lat' dir='ltr'><strong><em>mihi,</em></strong></span> <span class='ocrx_word' id='word_1_752' title='bbox 1662 5289 1813 5343; x_wconf 84' lang='lat' dir='ltr'><strong><em>sicut</em></strong></span> <span class='ocrx_word' id='word_1_753' title='bbox 1841 5290 1897 5344; x_wconf 89' lang='lat' dir='ltr'><strong><em>et</em></strong></span> <span class='ocrx_word' id='word_1_754' title='bbox 1926 5303 2080 5357; x_wconf 83' lang='lat' dir='ltr'><strong><em>mox,</em></strong></span> 
     </span>
    </p>
   </div>
   <div class='ocr_carea' id='block_1_96' title="bbox 440 5359 1636 5501">
    <p class='ocr_par' dir='ltr' id='par_1_96' title="bbox 440 5359 1636 5501">
     <span class='ocr_line' id='line_1_98' title="bbox 440 5359 1636 5501; baseline 0.002 -19"><span class='ocrx_word' id='word_1_755' title='bbox 440 5359 627 5499; x_wconf 45' lang='grc' dir='ltr'><strong><em>ωεξῗο)</em></strong></span> <span class='ocrx_word' id='word_1_756' title='bbox 660 5433 794 5501; x_wconf 79' lang='lat' dir='ltr'><strong><em>Mss.</em></strong></span> <span class='ocrx_word' id='word_1_757' title='bbox 826 5429 993 5501; x_wconf 85' lang='lat' dir='ltr'><strong><em>Angl.</em></strong></span> <span class='ocrx_word' id='word_1_758' title='bbox 1028 5429 1261 5499; x_wconf 88' lang='lat' dir='ltr'><strong><em>desunt,</em></strong></span> <span class='ocrx_word' id='word_1_759' title='bbox 1291 5429 1480 5501; x_wconf 71' lang='lat' dir='ltr'><strong><em>vivent</em></strong></span> <span class='ocrx_word' id='word_1_760' title='bbox 1509 5430 1636 5486; x_wconf 89' lang='lat' dir='ltr'><strong><em>Deo.</em></strong></span> 
     </span>
    </p>
   </div>
   <div class='ocr_carea' id='block_1_97' title="bbox 515 5498 2032 5575">
    <p class='ocr_par' dir='ltr' id='par_1_97' title="bbox 515 5498 2032 5575">
     <span class='ocr_line' id='line_1_99' title="bbox 515 5498 2032 5575; baseline 0.003 -22"><span class='ocrx_word' id='word_1_761' title='bbox 515 5498 634 5575; x_wconf 68' lang='lat' dir='ltr'>(7i)</span> <span class='ocrx_word' id='word_1_762' title='bbox 660 5500 852 5575; x_wconf 61' lang='lat' dir='ltr'><strong><em>Eellus</em></strong></span> <span class='ocrx_word' id='word_1_763' title='bbox 878 5518 891 5556; x_wconf 90' lang='lat'><strong>:</strong></span> <span class='ocrx_word' id='word_1_764' title='bbox 920 5498 1113 5557; x_wconf 72' lang='lat' dir='ltr'><strong><em>bmnes</em></strong></span> <span class='ocrx_word' id='word_1_765' title='bbox 1141 5518 1210 5575; x_wconf 70' lang='lat' dir='ltr'><strong><em>ea;</em></strong></span> <span class='ocrx_word' id='word_1_766' title='bbox 1236 5498 1529 5575; x_wconf 80' lang='lat' dir='ltr'><strong><em>saluti/ero</em></strong></span> <span class='ocrx_word' id='word_1_767' title='bbox 1560 5502 1776 5575; x_wconf 83' lang='lat' dir='ltr'><strong><em>nuntio,</em></strong></span> <span class='ocrx_word' id='word_1_768' title='bbox 1809 5519 1859 5573; x_wconf 89' lang='lat' dir='ltr'><strong><em>q.</em></strong></span> <span class='ocrx_word' id='word_1_769' title='bbox 1889 5519 1947 5575; x_wconf 94' lang='lat' dir='ltr'><strong><em>p.</em></strong></span> <span class='ocrx_word' id='word_1_770' title='bbox 1981 5518 2032 5558; x_wconf 89' lang='lat' dir='ltr'><strong><em>e.</em></strong></span> 
     </span>
    </p>
   </div>
   <div class='ocr_carea' id='block_1_98' title="bbox 515 5572 2082 5647">
    <p class='ocr_par' dir='ltr' id='par_1_98' title="bbox 515 5572 2082 5647">
     <span class='ocr_line' id='line_1_100' title="bbox 515 5572 2082 5647; baseline 0.003 -22"><span class='ocrx_word' id='word_1_771' title='bbox 515 5573 626 5647; x_wconf 79' lang='lat'>(72)</span> <span class='ocrx_word' id='word_1_772' title='bbox 659 5572 819 5627; x_wconf 91' lang='lat' dir='ltr'><strong><em>Bodl.</em></strong></span> <span class='ocrx_word' id='word_1_773' title='bbox 862 5574 1120 5646; x_wconf 80' lang='lat' dir='ltr'><strong><em>pessima.</em></strong></span> <span class='ocrx_word' id='word_1_774' title='bbox 1184 5572 1377 5628; x_wconf 89' lang='lat' dir='ltr'><strong><em>Lamb.</em></strong></span> <span class='ocrx_word' id='word_1_775' title='bbox 1431 5574 1663 5647; x_wconf 89' lang='lat' dir='ltr'><strong><em>pessima</em></strong></span> <span class='ocrx_word' id='word_1_776' title='bbox 1719 5572 1831 5641; x_wconf 74' lang='lat' dir='ltr'><strong><em>est,</em></strong></span> <span class='ocrx_word' id='word_1_777' title='bbox 1871 5572 1923 5630; x_wconf 78' lang='lat' dir='ltr'><strong><em>et</em></strong></span> <span class='ocrx_word' id='word_1_778' title='bbox 1952 5589 2082 5647; x_wconf 88' lang='lat' dir='ltr'><strong><em>quo-</em></strong></span> 
     </span>
    </p>
   </div>
   <div class='ocr_carea' id='block_1_99' title="bbox 440 5644 2085 5790">
    <p class='ocr_par' dir='ltr' id='par_1_99' title="bbox 440 5644 2085 5790">
     <span class='ocr_line' id='line_1_101' title="bbox 440 5644 2085 5790; baseline 0.001 -7"><span class='ocrx_word' id='word_1_779' title='bbox 440 5644 628 5790; x_wconf 48' lang='grc' dir='ltr'><strong><em>ῃιίίξῖιὲ)</em></strong></span> <span class='ocrx_word' id='word_1_780' title='bbox 660 5712 858 5774; x_wconf 65' lang='lat' dir='ltr'><strong><em>Greca</em></strong></span> <span class='ocrx_word' id='word_1_781' title='bbox 914 5714 1027 5772; x_wconf 85' lang='lat' dir='ltr'><strong><em>ista</em></strong></span> <span class='ocrx_word' id='word_1_782' title='bbox 1075 5731 1143 5773; x_wconf 84' lang='lat' dir='ltr'><strong><em>ex</em></strong></span> <span class='ocrx_word' id='word_1_783' title='bbox 1200 5716 1377 5773; x_wconf 87' lang='lat' dir='ltr'><strong><em>Doctr.</em></strong></span> <span class='ocrx_word' id='word_1_784' title='bbox 1427 5716 1499 5774; x_wconf 88' lang='lat' dir='ltr'><strong><em>ad</em></strong></span> <span class='ocrx_word' id='word_1_785' title='bbox 1547 5716 1798 5776; x_wconf 81' lang='lat' dir='ltr'><strong><em>Antioch.</em></strong></span> <span class='ocrx_word' id='word_1_786' title='bbox 1831 5734 1995 5776; x_wconf 86' lang='lat' dir='ltr'><strong><em>num.</em></strong></span> <span class='ocrx_word' id='word_1_787' title='bbox 2027 5720 2085 5790; x_wconf 85' lang='lat'><strong><em>5.</em></strong></span> 
     </span>
    </p>
   </div>
   <div class='ocr_carea' id='block_1_100' title="bbox 2190 5000 2711 5074">
    <p class='ocr_par' dir='ltr' id='par_1_100' title="bbox 2190 5000 2711 5074">
     <span class='ocr_line' id='line_1_102' title="bbox 2190 5000 2711 5074; baseline -0.004 0"><span class='ocrx_word' id='word_1_788' title='bbox 2190 5017 2341 5074; x_wconf 49' lang='lat' dir='ltr'><strong><em>page,</em></strong></span> <span class='ocrx_word' id='word_1_789' title='bbox 2360 5000 2474 5074; x_wconf 63' lang='lat'><strong><em>.253</em></strong></span> <span class='ocrx_word' id='word_1_790' title='bbox 2503 5003 2568 5074; x_wconf 57' lang='lat' dir='ltr'><strong><em>ei</em></strong></span> <span class='ocrx_word' id='word_1_791' title='bbox 2588 5015 2711 5074; x_wconf 60' lang='lat' dir='ltr'><strong><em>asq-</em></strong></span> 
     </span>
    </p>
   </div>
   <div class='ocr_carea' id='block_1_101' title="bbox 2320 5068 3838 5145">
    <p class='ocr_par' dir='ltr' id='par_1_101' title="bbox 2320 5068 3838 5145">
     <span class='ocr_line' id='line_1_103' title="bbox 2320 5068 3838 5145; baseline 0.001 -19"><span class='ocrx_word' id='word_1_792' title='bbox 2320 5072 2373 5145; x_wconf 78' lang='lat'>4)</span> <span class='ocrx_word' id='word_1_793' title='bbox 2403 5071 2497 5128; x_wconf 87' lang='lat' dir='ltr'><strong><em>Sic</em></strong></span> <span class='ocrx_word' id='word_1_794' title='bbox 2527 5068 2721 5128; x_wconf 78' lang='lat' dir='ltr'><strong><em>Fellus</em></strong></span> <span class='ocrx_word' id='word_1_795' title='bbox 2751 5086 2818 5127; x_wconf 86' lang='lat' dir='ltr'><strong><em>ex</em></strong></span> <span class='ocrx_word' id='word_1_796' title='bbox 2858 5084 3000 5127; x_wconf 91' lang='lat' dir='ltr'><strong><em>mss.</em></strong></span> <span class='ocrx_word' id='word_1_797' title='bbox 3048 5068 3209 5143; x_wconf 81' lang='lat' dir='ltr'><strong><em>Angl.</em></strong></span> <span class='ocrx_word' id='word_1_798' title='bbox 3263 5068 3411 5126; x_wconf 87' lang='lat' dir='ltr'><strong><em>Editi</em></strong></span> <span class='ocrx_word' id='word_1_799' title='bbox 3444 5072 3506 5126; x_wconf 84' lang='lat' dir='ltr'><strong><em>in</em></strong></span> <span class='ocrx_word' id='word_1_800' title='bbox 3533 5070 3661 5141; x_wconf 79' lang='lat' dir='ltr'><strong><em>ﬁde.</em></strong></span> <span class='ocrx_word' id='word_1_801' title='bbox 3695 5071 3838 5128; x_wconf 83' lang='lat' dir='ltr'><strong><em>Vide</em></strong></span> 
     </span>
    </p>
   </div>
   <div class='ocr_carea' id='block_1_102' title="bbox 2192 5144 3839 5291">
    <p class='ocr_par' dir='ltr' id='par_1_102' title="bbox 2192 5144 3839 5291">
     <span class='ocr_line' id='line_1_104' title="bbox 2192 5144 3839 5291; baseline 0.001 -23"><span class='ocrx_word' id='word_1_802' title='bbox 2192 5144 2610 5291; x_wconf 34' lang='lat' dir='ltr'><strong><em>Grggjnlfamb.</em></strong></span> <span class='ocrx_word' id='word_1_803' title='bbox 2642 5216 2845 5291; x_wconf 73' lang='lat' dir='ltr'><strong><em>facere.</em></strong></span> <span class='ocrx_word' id='word_1_804' title='bbox 2893 5213 3140 5286; x_wconf 88' lang='lat' dir='ltr'><strong><em>Propius</em></strong></span> <span class='ocrx_word' id='word_1_805' title='bbox 3189 5213 3262 5270; x_wconf 90' lang='lat' dir='ltr'><strong><em>ad</em></strong></span> <span class='ocrx_word' id='word_1_806' title='bbox 3310 5212 3576 5272; x_wconf 78' lang='lat' dir='ltr'><strong><em>Graecum</em></strong></span> <span class='ocrx_word' id='word_1_807' title='bbox 3620 5211 3839 5291; x_wconf 67' lang='grc' dir='ltr'>ἐνεργῆ-</span> 
     </span>
    </p>
   </div>
   <div class='ocr_carea' id='block_1_103' title="bbox 2193 5286 2796 5358">
    <p class='ocr_par' dir='ltr' id='par_1_103' title="bbox 2193 5286 2796 5358">
     <span class='ocr_line' id='line_1_105' title="bbox 2193 5286 2796 5358; baseline 0.002 -18"><span class='ocrx_word' id='word_1_808' title='bbox 2193 5306 2299 5343; x_wconf 91' lang='grc' dir='ltr'>σαι.</span> <span class='ocrx_word' id='word_1_809' title='bbox 2330 5286 2469 5342; x_wconf 88' lang='lat' dir='ltr'><strong><em>Fell.</em></strong></span> <span class='ocrx_word' id='word_1_810' title='bbox 2498 5286 2711 5358; x_wconf 78' lang='lat' dir='ltr'><strong><em>aliquid</em></strong></span> <span class='ocrx_word' id='word_1_811' title='bbox 2738 5303 2796 5341; x_wconf 86' lang='grc' dir='ltr'>η.</span> 
     </span>
    </p>
   </div>
   <div class='ocr_carea' id='block_1_104' title="bbox 2261 5354 3712 5431">
    <p class='ocr_par' dir='ltr' id='par_1_104' title="bbox 2261 5354 3712 5431">
     <span class='ocr_line' id='line_1_106' title="bbox 2261 5354 3712 5431; baseline 0.002 -19"><span class='ocrx_word' id='word_1_812' title='bbox 2261 5359 2376 5431; x_wconf 82' lang='grc'>(76)</span> <span class='ocrx_word' id='word_1_813' title='bbox 2404 5357 2566 5431; x_wconf 65' lang='lat' dir='ltr'><strong><em>Bodl,</em></strong></span> <span class='ocrx_word' id='word_1_814' title='bbox 2588 5354 2657 5413; x_wconf 56' lang='lat' dir='ltr'><strong><em>&#39;et</em></strong></span> <span class='ocrx_word' id='word_1_815' title='bbox 2686 5357 2889 5431; x_wconf 87' lang='lat' dir='ltr'><strong><em>Lamb.</em></strong></span> <span class='ocrx_word' id='word_1_816' title='bbox 2927 5356 3237 5431; x_wconf 85' lang='lat' dir='ltr'><strong><em>hominum.</em></strong></span> <span class='ocrx_word' id='word_1_817' title='bbox 3269 5354 3367 5412; x_wconf 89' lang='lat' dir='ltr'><strong><em>Gr.</em></strong></span> <span class='ocrx_word' id='word_1_818' title='bbox 3400 5354 3712 5431; x_wconf 81' lang='grc' dir='ltr'>ἀνθρώπου.</span> 
     </span>
    </p>
   </div>
   <div class='ocr_carea' id='block_1_105' title="bbox 2284 5429 3040 5485">
    <p class='ocr_par' dir='ltr' id='par_1_105' title="bbox 2284 5429 3040 5485">
     <span class='ocr_line' id='line_1_107' title="bbox 2284 5429 3040 5485; baseline 0.003 -2"><span class='ocrx_word' id='word_1_819' title='bbox 2284 5429 2376 5485; x_wconf 78' lang='grc'>77)</span> <span class='ocrx_word' id='word_1_820' title='bbox 2412 5429 2610 5485; x_wconf 86' lang='lat' dir='ltr'><strong><em>Lamb.</em></strong></span> <span class='ocrx_word' id='word_1_821' title='bbox 2644 5429 2832 5485; x_wconf 87' lang='lat' dir='ltr'><strong><em>omitt.</em></strong></span> <span class='ocrx_word' id='word_1_822' title='bbox 2866 5429 3040 5485; x_wconf 86' lang='lat' dir='ltr'><strong><em>verbo.</em></strong></span> 
     </span>
    </p>
   </div>
   <div class='ocr_carea' id='block_1_106' title="bbox 2263 5431 3835 5574">
    <p class='ocr_par' dir='ltr' id='par_1_106' title="bbox 2263 5431 3835 5574">
     <span class='ocr_line' id='line_1_108' title="bbox 2284 5431 3040 5485; baseline 0.003 -2"><span class='ocrx_word' id='word_1_823' title='bbox 2284 5431 2353 5483; x_wconf 90' lang='lat'><strong><em>77</em></strong></span> <span class='ocrx_word' id='word_1_824' title='bbox 2412 5431 2610 5485; x_wconf 86' lang='lat' dir='ltr'><strong><em>Lamb.</em></strong></span> <span class='ocrx_word' id='word_1_825' title='bbox 2644 5431 2832 5485; x_wconf 87' lang='lat' dir='ltr'><strong><em>omitt.</em></strong></span> <span class='ocrx_word' id='word_1_826' title='bbox 2866 5431 3040 5485; x_wconf 86' lang='lat' dir='ltr'><strong><em>verbo.</em></strong></span> 
     </span>
     <span class='ocr_line' id='line_1_109' title="bbox 2263 5431 3835 5574; baseline 0.002 -18"><span class='ocrx_word' id='word_1_827' title='bbox 2263 5431 2377 5574; x_wconf 43' lang='lat' dir='ltr'><strong><em>E78;</em></strong></span> <span class='ocrx_word' id='word_1_828' title='bbox 2408 5499 2906 5574; x_wconf 77' lang='lat' dir='ltr'><strong><em>Vetusinterpres</em></strong></span> <span class='ocrx_word' id='word_1_829' title='bbox 2935 5496 3397 5574; x_wconf 56' lang='lat' dir='ltr'><strong><em>legitauenpévn.</em></strong></span> <span class='ocrx_word' id='word_1_830' title='bbox 3431 5500 3596 5574; x_wconf 77' lang='lat' dir='ltr'><strong><em>Forte</em></strong></span> <span class='ocrx_word' id='word_1_831' title='bbox 3618 5502 3835 5559; x_wconf 85' lang='lat' dir='ltr'><strong><em>rectius</em></strong></span> 
     </span>
    </p>
   </div>
   <div class='ocr_carea' id='block_1_107' title="bbox 2194 5570 3831 5657">
    <p class='ocr_par' dir='ltr' id='par_1_107' title="bbox 2194 5570 3831 5657">
     <span class='ocr_line' id='line_1_110' title="bbox 2194 5570 3831 5657; baseline 0 -28"><span class='ocrx_word' id='word_1_832' title='bbox 2194 5570 2738 5657; x_wconf 41' lang='lat' dir='ltr'><strong><em>qu&#39;am‘uaqnpévnv,</em></strong></span> <span class='ocrx_word' id='word_1_833' title='bbox 2775 5570 2953 5645; x_wconf 68' lang='lat' dir='ltr'><strong><em>&#39;quod</em></strong></span> <span class='ocrx_word' id='word_1_834' title='bbox 2998 5570 3249 5627; x_wconf 73' lang='lat' dir='ltr'><strong><em>exhibet</em></strong></span> <span class='ocrx_word' id='word_1_835' title='bbox 3299 5572 3596 5645; x_wconf 81' lang='lat' dir='ltr'><strong><em>exemplar</em></strong></span> <span class='ocrx_word' id='word_1_836' title='bbox 3639 5579 3831 5633; x_wconf 84' lang='lat' dir='ltr'><strong><em>Doctr.</em></strong></span> 
     </span>
    </p>
   </div>
   <div class='ocr_carea' id='block_1_108' title="bbox 2192 5645 3592 5790">
    <p class='ocr_par' dir='ltr' id='par_1_108' title="bbox 2192 5645 3592 5790">
     <span class='ocr_line' id='line_1_111' title="bbox 2192 5645 2535 5701; baseline -0.009 0"><span class='ocrx_word' id='word_1_837' title='bbox 2192 5645 2265 5701; x_wconf 87' lang='lat' dir='ltr'><strong><em>ad</em></strong></span> <span class='ocrx_word' id='word_1_838' title='bbox 2292 5646 2535 5701; x_wconf 77' lang='lat' dir='ltr'><strong><em>Antioch.</em></strong></span> 
     </span>
     <span class='ocr_line' id='line_1_112' title="bbox 2265 5714 3592 5790; baseline 0.002 -18"><span class='ocrx_word' id='word_1_839' title='bbox 2265 5717 2378 5790; x_wconf 89' lang='lat'>(79)</span> <span class='ocrx_word' id='word_1_840' title='bbox 2409 5715 2555 5776; x_wconf 89' lang='lat' dir='ltr'><strong><em>Hinc</em></strong></span> <span class='ocrx_word' id='word_1_841' title='bbox 2581 5714 2907 5776; x_wconf 82' lang='lat' dir='ltr'><strong><em>Antiochus</em></strong></span> <span class='ocrx_word' id='word_1_842' title='bbox 2937 5714 3141 5776; x_wconf 87' lang='lat' dir='ltr'><strong><em>homil.</em></strong></span> <span class='ocrx_word' id='word_1_843' title='bbox 3175 5715 3297 5789; x_wconf 88' lang='grc'><strong><em>110,</em></strong></span> <span class='ocrx_word' id='word_1_844' title='bbox 3332 5718 3397 5775; x_wconf 88' lang='lat' dir='ltr'><strong><em>ut</em></strong></span> <span class='ocrx_word' id='word_1_845' title='bbox 3422 5715 3592 5774; x_wconf 83' lang='lat' dir='ltr'><strong><em>intra.</em></strong></span> 
     </span>
    </p>
   </div>
   <div class='ocr_carea' id='block_1_109' title="bbox 2360 5360 2377 5573">
    <p class='ocr_par' dir='ltr' id='par_1_109' title="bbox 2360 5360 2377 5573">
     <span class='ocr_line' id='line_1_113' title="bbox 2360 5360 2377 5573; baseline 0 0"><span class='ocrx_word' id='word_1_846' title='bbox 2360 5360 2377 5573; x_wconf 67' lang='grc' dir='ltr'><strong>ἒ</strong></span> 
     </span>
    </p>
   </div>
  </div>
