4036 6356
194 409 315 471 925

1189 411 1521 474 PASTOR.
1552 445 1632 458 —
1672 412 1826 475 LIB.
1871 412 1952 489 ΙΙ,
1997 413 2449 478 MANDA'I‘UM
2492 415 2597 478 VI.

3473 414 3592 476 926

191 536 340 611 Αὕτη
390 539 483 597 οὗν
534 543 571 613 ἡ
634 543 980 619 μακροθυμία
1022 544 1263 599 κατοικεῖ
1315 544 1449 617 μετᾶ
1492 548 1600 598 τῶν
1658 543 1834 599 πίστιν

1963 545 2033 602 De
2061 546 2310 603 stultitia
2337 564 2471 605 vero
2524 547 2785 605 nascitur
2834 547 3183 613 amaritudo,
3244 550 3302 603 et
3330 561 3400 603 ex
3429 561 3594 603 ama-

191 627 430 706 ἐχόντων
471 629 804 709 ὁλόκληρος.
838 633 900 687 Ἡ
931 629 989 687 δὲ
1020 630 1283 708 ὀξυχολία
1312 636 1529 709 πρῶτον
1568 633 1661 706 μὲν
1720 654 1837 707 μω-

191 718 281 795 ρία
336 718 476 775 ἐστὶν
530 720 622 775 καὶ
671 719 902 799 ἐλαφρία
944 724 1171 800 φρενῶν.
1224 720 1355 775 Εἶτα
1410 721 1472 775 ἐκ
1518 729 1618 791 τῆς
1668 722 1837 800 ἀφρο-

191 807 359 878 σύνης
401 808 597 884 γίνεται
635 810 825 885 πικρία
873 809 956 883 [ἐκ
1014 808 1071 865 δὲ
1101 817 1199 881 τῆς
1228 810 1448 886 πικρίας
1478 813 1612 885 (80)]
1642 810 1836 884 θυμὸς,

189 896 251 952 ἐκ
300 895 358 953 δὲ
401 902 498 953 τοῦ
541 900 716 971 Θυμοῦ
766 898 923 975 ὀργὴ,
969 898 1027 954 ἐκ
1058 897 1114 954 δὲ
1143 907 1241 969 τῆς
1274 900 1443 976 ὀργῆς
1491 907 1675 973 μῆνις.
1709 901 1840 955 Εἶτα

191 988 228 1056 ἡ
296 992 457 1059 μῆνις
513 986 573 1042 ἐκ
616 987 887 1043 τοσούτων
946 993 1125 1043 κακῶν
1199 988 1577 1062 συνισταμένη,
1635 989 1838 1064 γίνεται

194 1074 438 1148 ἁμαρτία
488 1075 697 1151 μεγάλη
747 1077 836 1131 καὶ
886 1077 1118 1139 ἀνίατος.
1170 1082 1330 1132 Ὅταν
1386 1078 1489 1153 γὰρ
1546 1080 1719 1133 πάντα
1775 1079 1843 1133 τά

195 1164 512 1240 ἀνθρώπινα
554 1170 719 1220 ταῦτα
766 1164 818 1220 ἐν
867 1166 944 1221 ἑνὶ
992 1166 1196 1243 ἀγγείῳ
1245 1172 1505 1239 κατοικεῖ,
1567 1168 1705 1223 ὅπου
1750 1166 1840 1222 καὶ

195 1254 259 1309 τὸ
306 1258 527 1327 Πνεῦμα
573 1255 637 1309 τὸ
686 1254 863 1330 ἅγιον,
911 1255 973 1310 οὐ
1018 1260 1200 1331 χωηεῖ
1229 1254 1398 1311 ἐκεῖνο
1427 1256 1495 1311 τὰ
1528 1258 1694 1331 ἄγγος
1716 1254 1843 1312 ἀλλ’

196 1340 623 1419 ῦπερπλεονάζει
679 1344 743 1398 τὸ
788 1345 1049 1423 τρυφερὸν
1094 1350 1330 1419 πνεῦμα,
1395 1346 1472 1418 μή
1517 1342 1646 1421 ἔχον
1679 1347 1840 1417 συνή-

194 1432 343 1486 θειαν
407 1432 540 1504 μετὰ
592 1437 837 1509 πονηροῦ
917 1431 1244 1507 πνεύματος,
1314 1434 1403 1489 καὶ
1470 1434 1845 1511 σκληρότητος

197 1526 494 1577 κατοικεῖν.
543 1522 851 1598 Ὑποχωρεῖ
891 1522 982 1577 οὗν
1036 1523 1140 1577 ἀπὸ
1182 1526 1279 1578 τοῦ
1311 1522 1597 1599 ἀνθρώπου
1624 1522 1842 1595 τούτου,

194 1610 290 1665 καὶ
347 1614 497 1680 ζητεῖ
549 1616 818 1666 κατοικεῖν
882 1612 1016 1684 μετᾶ
1068 1607 1379 1689 πραότητος
1433 1612 1525 1667 καὶ
1581 1612 1843 1688 ἡσυχίας.

197 1698 335 1756 Εἶτα
373 1697 497 1755 ὅταν
546 1701 755 1774 ἀποστῇ
807 1701 911 1755 ἀπὸ
961 1704 1059 1755 τοῦ
1108 1701 1393 1777 ἀνθρώπου
1441 1702 1508 1755 οὗ
1579 1706 1842 1774 κατοικεῖ,

194 1787 403 1865 γίνεται
450 1788 478 1843 ὁ
535 1786 817 1866 ἄνθρωπος
863 1789 1064 1852 ἐκεῖνος
1113 1794 1267 1852 κενὸς
1318 1790 1424 1844 ἀπὸ
1470 1795 1567 1845 τοῦ
1599 1790 1841 1864 Πνεῦμα-

191 1898 291 1940 τος
337 1882 435 1932 τοῦ
478 1877 654 1954 ἀγίου,
701 1879 791 1933 καὶ
835 1877 1027 1934 λοιπὸν
1076 1877 1515 1954 πεπληρωμένος
1546 1883 1653 1934 τῶν
1683 1900 1844 1935 πνευ-

1946 634 2202 692 ritudine
2233 636 2557 707 iracundia,
2590 654 2659 694 ex
2686 637 2993 695 iracundia
3018 654 3153 694 vero
3176 638 3355 694 furor.
3389 634 3494 692 Hic
3522 652 3592 692 ex

1944 728 2032 780 tot
2056 724 2226 781 malis
2275 731 2505 782 creatus
2564 727 2727 783 furor
2782 727 2915 797 (8|),
2963 732 3237 800 operatur
3284 730 3589 798 peccatum

1948 829 2228 887 magnum
2264 819 2323 870 et
2364 816 2710 872 insanabile.
2763 816 2906 872 Cum
2940 817 3097 872 enim
3152 816 3274 871 haec
3305 815 3506 871 omnia
3534 814 3594 869 in

1947 920 2064 958 uno
2094 920 2228 959 vase
2257 908 2417 973 sunt,
2479 905 2576 960 ubi
2620 910 2675 960 et
2732 906 2985 977 Spiritus
3038 909 3276 961 sanctus
3307 908 3594 972 moratur,

1948 1008 2063 1047 non
2094 993 2248 1063 capit
2279 992 2400 1048 haec
2427 993 2543 1065 (82)
2571 1011 2689 1061 vas,
2726 996 2824 1050 sed
2873 994 3239 1067 superefﬂuit
3267 1012 3280 1062 ;
3311 994 3590 1066 quoniam

1949 1085 2115 1137 tener
2142 1082 2397 1154 Spiritus
2427 1100 2542 1138 non
2576 1088 2767 1155 potest
2796 1100 2931 1139 cum
2965 1084 3116 1139 malo
3140 1083 3349 1155 spiritu
3381 1082 3598 1138 immo-

1950 1170 2087 1237 rari,
2140 1171 2355 1225 recedit
2412 1175 2469 1227 et
2525 1171 2754 1227 habitat
2811 1189 2944 1228 cum
3006 1176 3327 1227 mansueto.
3384 1171 3599 1227 Deinde

1951 1274 2086 1313 cum
2116 1260 2422 1315 recesserit
2480 1261 2553 1315 ab
2606 1260 2841 1316 homine
2885 1261 2943 1316 in
3002 1278 3115 1331 quo
3174 1259 3499 1328 habitabat,
3534 1260 3601 1315 ﬁt

1951 1345 2127 1401 homo
2157 1363 2374 1404 vacuus
2404 1365 2437 1403 a
2466 1348 2687 1420 Spiritu
2736 1350 2936 1404 sancto
2962 1366 2975 1404 :
3031 1353 3087 1404 et
3112 1353 3314 1420 postea
3344 1347 3599 1420 repletur

1952 1434 2259 1507 spiritibus
2312 1436 2611 1510 malignis,
2669 1442 2727 1493 et
2779 1438 3102 1493 obcaecatur
3159 1454 3192 1493 a
3249 1436 3598 1509 cogitatione

1954 1523 2110 1581 mala
2138 1526 2271 1598 (83).
2303 1526 2396 1582 Sic
2427 1525 2701 1582 omnibus
2724 1525 3021 1583 iracundis
3046 1526 3350 1597 contingit.
3375 1525 3600 1581 Recede

1953 1629 2091 1687 ergo
2120 1619 2182 1669 tu
2215 1616 2287 1670 ab
2317 1616 2641 1683 iracundia,
2665 1620 2721 1672 et
2745 1616 2923 1671 indue
2945 1614 3440 1686 animaequitatem
3462 1614 3603 1685 (84),

1954 1707 2012 1759 et
2036 1703 2241 1759 resiste
2271 1704 2626 1760 iracundiae:
2680 1708 2738 1761 et
2793 1704 3108 1760 invenieris
3154 1720 3291 1759 cum
3323 1702 3605 1776 pudicitia

1955 1796 2013 1848 et
2040 1793 2307 1849 castitate
2338 1810 2373 1848 a
2402 1793 2539 1850 Deo.
2572 1794 2717 1849 Vide
2749 1810 2882 1865 ergo
2910 1810 2983 1849 ne
3027 1794 3171 1849 forte
3202 1792 3465 1865 negligas
3494 1792 3604 1849 hoc

1958 1882 2340 1937 mandatum:
2376 1882 2427 1937 si
2481 1881 2637 1937 enim
2695 1882 2832 1938 huic
2888 1882 3165 1938 mandato
3213 1878 3605 1936 obedientiam

203 1927 289 1940 "‘
349 1927 430 1932 "'
482 1927 654 1954 ”1”’ἳ
704 1927 790 1933 ””’
836 1927 1021 1934 ”“⁷”””
1083 1927 1514 1954 """"l|'"l'"""
1558 1927 1648 1934 'w'
1690 1927 1812 1935 ""'

200 1967 389 2040 μάτων
438 1971 543 2022 τῶν
600 1971 923 2043 πονηρῶνκ.
955 1968 1044 2022 καὶ
1103 1966 1235 2030 ὅλος
1291 1965 1703 2047 ἀποτυφλοῦται
1745 1968 1848 2023 ἀπὸ

1963 1970 2301 2043 ρτωειὶῐθτὶε
2352 1970 2486 2043 (85),
2540 1974 2747 2027 caetera
2804 1971 3084 2026 mandata
3131 1984 3263 2025 mea
3317 1985 3445 2041 quas
3495 1967 3604 2023 tibi

193 2062 300 2125 ἧς
348 2053 585 2119 διανοίας
620 2063 722 2127 τῆς
770 2057 997 2133 ἀγαθῆς.
1045 2056 1234 2119 Οὕτως
1262 2058 1354 2111 οὗν
1396 2052 1683 2131 συμϐαίνει
1714 2063 1848 2113 πᾶσι

1963 2060 2348 2115 mandaturus
2379 2076 2535 2128 sum,
2578 2060 2796 2132 poteris
2844 2076 3096 2115 servare.
3153 2057 3443 2113 Conﬁrma
3468 2072 3604 2129 ergo

192 2149 315 2206 τοῖς
362 2144 673 2222 ὀξυχόλοις.
724 2145 962 2222 Ἀπὲχου
1011 2146 1102 2200 οὗν
1144 2146 1249 2200 ἀπὸ
1296 2153 1397 2216 τῆς
1427 2145 1721 2222 ὀξυχολίας
1750 2151 1848 2202 τοῦ

1963 2165 2115 2204 nunc
2144 2152 2200 2205 te
2248 2149 2309 2203 in
2366 2149 2661 2205 mandatis
2692 2149 2842 2216 istis,
2888 2152 2955 2204 ut
3010 2147 3169 2204 vivas
3199 2151 3350 2202 Deo:
3384 2150 3442 2202 et
3473 2144 3605 2218 qui-

192 2239 446 2309 πονηροῦ
522 2232 799 2307 δαίμονος.
864 2232 1114 2289 Ἔνδυσαι
1187 2233 1243 2289 δὲ
1290 2236 1387 2304 τὴν
1449 2236 1847 2311 μακροθυμίαν,

1963 2253 2189 2310 cunque
2220 2238 2574 2294 servaverint
2604 2238 2727 2294 haec
2759 2238 3055 2308 mandata,
3083 2237 3277 2293 vivent
3308 2241 3442 2291 Deo.

194 2323 289 2377 καὶ
322 2322 596 2395 ἀντίστηθι
624 2328 693 2398 τῇ
726 2322 1012 2400 ὀξυχολίᾳ,
1043 2323 1132 2378 καὶ
1172 2320 1265 2397 ἔσῃ
1293 2323 1681 2397 ἐπαινούμενος
1714 2324 1848 2398 μετᾶ
1877 2324 2208 2399 σεμνότητος
2234 2331 2349 2388 τοῖς
2407 2325 2784 2401 ἠγαπημένοις
2836 2326 2938 2381 ὑπὸ
2990 2324 3212 2401 Κυρίου.
3273 2321 3448 2378 Βλὲπε
3504 2319 3600 2376 οῦν

197 2412 279 2485 μὴ
313 2411 670 2489 παραλογήσῃ
697 2413 797 2481 τὴν
825 2412 1051 2481 ἐντολήν
1080 2412 1279 2480 ταύτην
1306 2412 1529 2484 ταύτην·
1562 2414 1649 2469 ἐὰν
1686 2415 1790 2489 γὰρ
1817 2414 2020 2486 ταύτην
2049 2412 2306 2492 φυλάξῃς,
2339 2413 2542 2490 δυνήσῃ
2570 2415 2659 2470 καὶ
2713 2416 2811 2478 τὰς
2855 2412 3053 2477 λοιπὰς
3105 2419 3365 2489 τηρῆσαι.
3416 2412 3604 2486 Ἰσχυε

192 2501 292 2557 οὗν
323 2501 374 2557 ἐν
406 2501 591 2565 αὐταῖς
613 2502 703 2557 καὶ
735 2499 1053 2577 ἐνδυναμοῦ.
1084 2502 1174 2558 καὶ
1204 2504 1467 2574 νικήσεις,
1498 2503 1588 2558 καὶ
1622 2505 1827 2575 ζήσεις.

1514 2628 1848 2680 Amoenus
1887 2623 2124 2681 homilia
2162 2624 2285 2680 110.

260 2743 327 2794 Ἦ
376 2738 482 2815 γὰρ
531 2736 815 2813 ὀξυχολία,
874 2736 1090 2815 πονηρᾶ
1138 2738 1288 2809 οὖσα,
1338 2736 1686 2817 καταστρέφει
1718 2737 1847 2801 τοὺς

186 2826 433 2891 δούλους
481 2832 579 2883 τοῦ
630 2831 764 2883 Θεοῦ
809 2831 879 2902 τῇ
919 2828 1111 2897 ἑαυτῆς
1144 2826 1407 2904 ἐνεργείᾳ.
1438 2831 1598 2883 Ὅταν
1626 2829 1727 2905 γὰρ
1758 2825 1850 2903 ἴδῃ

2035 2742 2174 2797 Nam
2204 2740 2516 2807 iracundia,
2547 2757 2670 2797 cum
2694 2757 2870 2813 prava
2907 2742 2998 2809 sit,
3032 2741 3086 2797 vi
3129 2756 3230 2795 sua
3256 2740 3449 2796 evertit
3487 2754 3607 2794 ser-

1960 2845 2053 2886 vos
2082 2831 2195 2887 Dei.
2232 2831 2447 2900 Quoties
2475 2832 2622 2886 enim
2652 2831 2855 2886 viderit
2884 2830 3077 2887 dubios
3126 2830 3391 2895 homines,
3423 2829 3611 2896 injicit

184 2917 325 2979 τοὺς
374 2918 691 2993 ἀνθρώπους
741 2916 1129 2981 εὐσταθοῦντας
1178 2919 1312 2990 (86),
1352 2912 1696 2993 παραϐάλλει
1731 2917 1853 2973 ἑαυ-

187 3008 298 3075 τὴν
349 3006 428 3068 εἷς
473 3008 573 3074 τῆν
622 3003 843 3081 καρδίαν
879 3010 976 3059 τοῦ
1005 3004 1313 3080 ἀνθρώπου,
1344 3007 1437 3060 καὶ
1471 3005 1529 3060 ἐκ
1555 3010 1651 3060 τοῦ
1685 3003 1854 3078 μηδε-

190 3098 292 3157 νὸς
347 3094 704 3170 πικραίνεται,
753 3090 923 3149 ἕνεκεν
981 3095 1249 3168 βιωτικῶν
1300 3094 1634 3170 πραγμάτων
1666 3094 1701 3164 ἢ
1759 3115 1855 3150 πε·

194 3184 250 3257 ρὶ
310 3182 648 3256 ἐδεσμάτων,
693 3184 729 3252 ἢ
762 3181 845 3238 ὅτι
883 3182 1214 3259 μικρολογία
1242 3204 1327 3245 τις
1359 3182 1596 3239 ἐνέπεσεν
1633 3184 1853 3257 μάταια,

193 3274 231 3343 ἢ
265 3273 390 3350 κερὶ
452 3271 673 3334 δόσεως.
732 3276 909 3327 Ταῦτα
965 3272 1066 3348 γὰρ
1126 3272 1298 3327 πάντα
1358 3274 1519 3349 μωρά
1576 3272 1706 3345 ἐστι,
1765 3273 1856 3327 καὶ

1962 2935 2020 2975 se
2048 2921 2111 2974 in
2138 2936 2230 2975 cor
2257 2920 2538 2987 hominis;
2568 2936 2598 2976 e
2634 2920 2701 2975 de
2745 2919 2925 2976 nihilo
2971 2920 3128 2976 homo
3173 2917 3610 2974 amaritudinem

1960 3010 2213 3080 percipit,
2242 3018 2469 3079 propter
2496 3026 2582 3065 res
2632 3024 2758 3081 quae
2785 3013 2914 3063 sunt
2942 3012 3005 3065 in
3033 3011 3164 3066 vitae
3209 3025 3332 3078 usu,
3386 3012 3483 3063 aut
3508 3022 3610 3079 pro

1963 3099 2259 3165 convictu,-
2289 3103 2388 3152 aut
2417 3113 2515 3169 pro
2543 3098 2732 3169 aliquo
2780 3098 2962 3165 verbo,
2994 3099 3046 3153 si
3095 3097 3235 3168 quod
3264 3098 3479 3166 incidit,
3510 3112 3610 3151 su-

1960 3202 2235 3257 pervacuo
2252 3204 2276 3249 ;
2308 3191 2403 3242 aut
2428 3203 2526 3259 pro
2577 3191 2701 3243 dato
2755 3190 2810 3242 et
2837 3187 3041 3243 debito.
3104 3188 3226 3241 Haec
3252 3187 3403 3241 enim
3427 3186 3616 3242 omnia

1965 3276 2144 3331 stulta
2169 3278 2317 3343 sunt,
2349 3279 2401 3331 et
2427 3292 2766 3348 supervacua
2791 3280 2844 3331 et
2871 3292 3015 3331 vana
3047 3277 3217 3331 servis
3253 3275 3370 3330 Dei.
3401 3274 3612 3347 Equa-

194 3363 329 3419 κενὰ
374 3367 493 3425 τοῖς
541 3359 763 3423 δούλοις
810 3365 907 3416 τοῦ
938 3365 1095 3420 Θεοῦ.
1130 3362 1187 3416 Ὴ
1222 3358 1279 3416 δὲ
1312 3361 1660 3439 μακροθυμία
1692 3363 1848 3439 μεγά-

1966 3364 2195 3419 nimitas
2222 3368 2408 3419 autem
2435 3364 2619 3419 valida
2647 3367 2726 3419 est
2753 3374 2804 3419 et
2845 3366 3027 3435 fortis,
3086 3367 3138 3419 et
3166 3363 3326 3419 habet
3352 3364 3611 3419 virtutem

195 3449 269 3523 λη
326 3451 468 3506 ἐστὶν
526 3451 615 3505 καὶ
664 3450 884 3526 ἰσχυρὰ,
936 3447 1138 3526 ἔχουσα
1187 3446 1414 3523 δύναμιν
1456 3445 1731 3527 στιϐαρὰν,
1761 3449 1850 3506 καὶ

192 3540 432 3612 εὐθύνει,
480 3540 569 3595 καὶ
598 3538 993 3615 ἀγαλλιωμὲνη
1030 3538 1329 3615 ἀμέριμνος
1360 3536 1497 3594 οὖσα
1523 3536 1730 3612 δοξάζει
1760 3539 1853 3595 τὸν

192 3631 427 3705 Κύριον,
480 3626 648 3701 μηδὲν
709 3628 761 3683 ἐν
814 3628 952 3702 αὐτῇ
1001 3626 1203 3703 ἔχουσα
1230 3628 1448 3703 πικρὸν,
1511 3624 1649 3683 διότι
1681 3629 1856 3705 πραΰς

193 3719 314 3776 ἐστι
361 3718 451 3775 καὶ
494 3718 751 3793 ἡσύχιος.
802 3716 951 3788 Αὕτη
1001 3715 1090 3771 οῦν
1131 3720 1166 3787 ἡ
1230 3716 1577 3793 μακροθυμία
1605 3724 1850 3773 κατοικεῖ

198 3811 342 3887 μετὰ
383 3812 491 3864 τῶν
538 3808 639 3876 τὴν
692 3806 871 3861 πίστιν
905 3805 1143 3881 ἐχόντων
1178 3804 1513 3883 ὁλόκληρον.
1545 3808 1610 3861 Ἡ
1642 3804 1699 3861 δὲ
1731 3807 1851 3877 ὀξυ-

189 3899 374 3979 χολία
423 3896 605 3976 ἄφρων
653 3893 830 3950 ἐστίν·
884 3894 1016 3967 εἶτα,
1067 3894 1128 3950 ἐκ
1171 3902 1272 3965 τῆς
1305 3895 1614 3973 ἀφροσύνης
1646 3895 1852 3972 γίνεται

191 3987 415 4066 πικρία,
465 3986 525 4041 ἐκ
571 3982 630 4040 δὲ
669 3991 769 4053 τῆς
814 3983 1033 4061 πικρίας
1083 3984 1276 4057 θυμὸς,
1329 3983 1388 4039 ἐκ
1428 3982 1485 4039 δὲ
1538 3991 1639 4055 τῆς
1678 3984 1853 4061 ὀργῆς

196 4086 394 4154 μῆνις.
445 4076 523 4133 Τὸ
554 4074 646 4129 οὗν
673 4073 827 4149 ἅγιον
861 4076 1099 4147 Πνεῦμα,
1133 4074 1207 4136 ὡς
1237 4074 1502 4153 τρυφερὸν
1534 4068 1617 4145 ὅν,
1648 4073 1737 4129 καὶ
1773 4075 1849 4148 μὴ

190 4168 331 4244 ἔχον
385 4165 664 4235 συνήθειαν
715 4164 849 4236 μετὰ
891 4167 988 4217 τοῦ
1020 4160 1264 4240 σκληροῦ
1293 4162 1383 4219 καὶ
1415 4168 1661 4240 πονηροῦ
1692 4164 1852 4220 πνεύ-

202 4276 404 4332 ματος,
454 4253 741 4329 ἀποχωρεῖ
789 4252 894 4306 ἀπὸ
938 4256 1036 4307 τοῦ
1085 4251 1337 4307 τοιούτου
1395 4253 1705 4329 ἀνθρώπου,
1761 4253 1851 4309 καὶ

201 4348 363 4417 ζητεῖ
404 4346 502 4398 τοῦ
547 4346 873 4410 κατοικῆσαι
925 4342 1059 4414 μετὰ
1093 4346 1191 4396 τοῦ
1242 4340 1617 4417 μακροθύμου,
1647 4341 1737 4396 καὶ
1766 4342 1849 4418 γί-

1959 3469 2241 3525 magnam,
2272 3461 2325 3508 et
2372 3454 2740 3525 amplissimis
2790 3455 2951 3509 rebus
2977 3455 3206 3525 fruitur,
3239 3460 3290 3508 et
3317 3451 3519 3507 hilaris
3550 3453 3611 3508 in

1962 3557 2095 3614 pace
2122 3541 2368 3614 gaudens
2394 3544 2717 3614 honoriﬁcat
2766 3544 3105 3604 Dominum;
3148 3542 3295 3597 nihil
3334 3542 3395 3596 in
3422 3558 3480 3598 se
3508 3541 3613 3597 ha-

1965 3634 2093 3687 bens
2121 3632 2327 3698 amari,
2375 3634 2508 3705 quia
2553 3636 2851 3687 mansueta
2877 3635 2957 3687 est
3000 3640 3053 3687 et
3082 3633 3284 3702 quieta.
3329 3632 3455 3688 Hac
3482 3646 3609 3700 ergo

1963 3721 2353 3791 aequanimitas
2404 3720 2615 3777 habitat
2667 3737 2791 3776 cum
2850 3721 2938 3789 iis,
2988 3722 3084 3792 qui
3125 3719 3289 3791 ﬁdem
3342 3727 3612 3791 integram

1960 3809 2261 3881 possident.
2298 3815 2374 3864 Λε
2404 3809 2694 3866 iracundia
2723 3810 2891 3864 stulta
2918 3816 3035 3875 est;
3065 3808 3259 3864 deinde
3279 3808 3344 3864 de
3370 3810 3615 3863 stultitia

1960 3901 2211 3954 nascitur
2241 3898 2572 3965 amaritudo,
2605 3901 2655 3954 et
2684 3914 2753 3954 ea:
2783 3890 3160 3953 amaritudine
3194 3896 3513 3963 iracundia,
3543 3913 3614 3952 ea:

1962 3988 2258 4043 iracundia
2285 4004 2416 4044 vero
2442 3988 2623 4061 furor.
2657 3987 2885 4043 Sanctus
2907 4003 3032 4058 ergo
3058 3987 3320 4059 Spiritus,
3352 3994 3415 4041 ut
3432 3991 3608 4055 tener,

1960 4094 2062 4133 nec
2090 4080 2306 4133 morari
2333 4078 2527 4133 solitus
2554 4093 2679 4132 cum
2708 4076 2844 4132 duro
2873 4092 2936 4131 ac
2977 4076 3124 4131 malo
3151 4076 3372 4147 spiritu,
3404 4075 3611 4131 recedit

1962 4167 2028 4221 ab
2059 4166 2324 4237 ejusmodi
2361 4165 2600 4233 homine,
2658 4168 2709 4221 et
2760 4166 2962 4237 quaerit
3015 4164 3266 4219 habitare
3293 4180 3416 4219 cum
3441 4179 3603 4219 man-

1959 4262 2110 4314 sueto
2189 4261 2243 4310 et
2272 4254 2336 4325 ﬁt
2367 4255 2523 4311 homo
2554 4254 2650 4309 ille
2675 4270 2876 4309 vacuus
2907 4270 2940 4308 a
2965 4254 3184 4325 Spiritu
3201 4253 3375 4325 justo,
3405 4259 3459 4309 et
3487 4268 3609 4309 om-

1958 4346 2135 4402 ninoo
2153 4343 2436 4401 bcaecatur
2465 4360 2500 4398 a
2528 4343 2861 4412 cogitatione
2891 4343 3057 4398 bona.

194 4455 351 4490 νεται
408 4432 437 4485 ὁ
482 4429 767 4506 ἄνθρωπος
815 4427 1016 4493 ἐκεῖνος
1062 4431 1215 4493 κενὸς
1264 4435 1361 4485 τοῦ
1409 4429 1716 4505 πνεύματος
1766 4436 1863 4487 τοῦ
1913 4429 2148 4502 δικαίου,
2199 4431 2290 4486 καὶ
2338 4429 2485 4493 ὅλως
2533 4428 2938 4508 ἀποτυφλοῦται
2981 4430 3085 4484 ἀπὸ
3114 4436 3214 4499 τῆς
3248 4426 3483 4493 διανοίας
3510 4435 3611 4500 τῆς

198 4524 436 4603 ἀγαθῆς,

497 4713 589 4776 De
628 4710 1010 4793 agnoscendis
1047 4711 1511 4793 uniucusjusque
1552 4620 2069 4791 hoxiAnlfsnsonbnzfs
2091 4621 2320 4791 geniis,
2363 4718 2419 4771 et
2460 4710 2768 4791 utriusque
2811 4709 3314 4792 inspirationibus.

1752 4842 1983 4900 CAPUT
2020 4844 2063 4899 Ι.

271 4947 392 5022 (87)
436 4938 826 5015 Ἐνετειλάμην
887 4960 970 4995 σοι
1014 4939 1067 4996 ἐν
1135 4943 1205 5015 τῇ
1274 4940 1465 5017 πρώτῃ
1505 4938 1725 5015 ἐντολῇ,
1768 4937 1863 4995 ’ίνα

2040 4946 2459 5013 Prmceperam,
2508 4939 2723 5014 inquit,
2752 4941 2859 4999 tibi
2904 4942 2966 4999 in
2998 4940 3187 5016 primo
3217 4941 3512 5010 Mandato,
3544 4942 3612 4997 ut

1381 5058 1623 5115 VARIIE
1662 5057 2039 5115 LECTIONES
2076 5058 2167 5113 ET
2204 5057 2439 5113 NOTAE.

274 5162 398 5241 (80)_
422 5158 510 5217 Cl.
561 5157 1013 5241 hlontfauconas
1060 5156 1203 5225 haec,
1264 5154 1327 5241 ὲκ
1355 5152 1438 5241 δε.
1469 5163 1571 5225 τῆς
1600 5155 1857 5241 πικρίας,

198 5228 608 5364 ﬁggiéllpe‘iiabnt
635 5230 696 5285 in
726 5246 832 5285 suo
884 5229 1102 5298 codice,
1157 5228 1449 5302 supplevit
1476 5246 1546 5285 ex
1584 5228 1856 5285 Antiochi

249 5303 584 5448 (ἘδοΒιάιθί
617 5375 849 5436 creatus,
872 5372 1016 5496 {dcit
1038 5376 1352 5444 peccatum.

273 5450 391 5496 (82)
422 5446 514 5496 Sin
575 5443 766 5496 Fellus
821 5451 865 5496 A
897 5484 910 5496 .
946 5443 1060 5496 hos.
1121 5460 1232 5496 ms.
1291 5448 1352 5496 Ca

273 5442 391 5521 (82)
422 5446 514 5521 Sir
574 5443 766 5521 l_“_ellus
821 5442 910 5497 Al.
946 5442 1060 5513 hos,
1121 5460 1232 5499 me.
1291 5448 1479 5499 Carm.
1538 5443 1655 5498 hoc.
1687 5442 1771 5498 Ita
1799 5446 1857 5499 et

196 5516 409 5579 Lamb.
443 5518 516 5572 ab
547 5516 661 5571 alia
693 5531 892 5569 manu.

274 5588 507 5663 (83)_Ita
556 5586 751 5663 Fellus
791 5601 859 5663 ex
888 5602 1054 5663 mss,_
1087 5584 1258 5663 Angl.
1317 5590 1403 5663 Ita
1448 5588 1533 5663 et.
1560 5583 1750 5663 Carm.
1782 5586 1857 5663 At

197 5655 555 5719 Vibtfbona.
584 5660 696 5729 Sic,
753 5661 865 5713 etc.
894 5657 1081 5729 iEditi,
1131 5655 1301 5714 mala.
1360 5655 1583 5729 Recede,
1617 5656 1855 5729 omissis

197 5733 449 5796 vocibus
472 5727 858 5790 inter-mediis.
888 5727 1122 5789 Videsis
1150 5731 1365 5801 Graec,
1398 5727 1614 5802 quibus
1647 5728 1855 5788 conﬁr-

1968 5158 2164 5230 matur
2182 5155 2359 5230 lectio
2393 5173 2504 5213 ms.
2534 5156 2686 5211 Vict.
2721 5156 2816 5213 Sic
2847 5155 2989 5230 legit
3016 5160 3073 5213 et
3102 5155 3439 5212 Antiochus.

2062 5228 2153 5300 84)
2179 5227 2393 5300 fellus,
2422 5227 2912 5300 aequanimitatem.

2058 5299 2147 5363 85)
2178 5298 2339 5354 Bodl.
2375 5304 2431 5355 et
2462 5298 2661 5355 Lamb.
2694 5299 3119 5356 dominationem
3147 5300 3342 5369 egeris.

2058 5369 2151 5441 86)
2184 5372 2604 5441 Ευσταθοῦντας.
2666 5372 2981 5441 Tranquillo
3037 5374 3183 5441 statu
3239 5372 3468 5426 utentes.
3498 5370 3604 5441 CQ-

1962 5438 2205 5497 tel‘eri'us
2236 5442 2459 5497 mavult
2506 5438 2892 5502 δοστατοῦντας
2942 5442 3029 5497 vel
3060 5440 3460 5501 ἐνστατοῦντας.
3494 5440 3605 5495 Ad-

1965 5511 2051 5567 dit
2073 5517 2273 5585 tamen
2310 5514 2367 5568 in
2415 5520 2553 5569 nota
2582 5513 2758 5569 aliam
2809 5530 2922 5569 ms.
2984 5514 3123 5585 Reg.
3154 5514 3485 5585 lectionem,
3519 5508 3603 5566 εὖ·

1964 5583 2093 5636 σταθ
2102 5586 2352 5654 μοῦντας.

2034 5655 2149 5727 (87)
2175 5656 2256 5712 Ex
2287 5661 2469 5713 Doctr.
2496 5656 2572 5745 ad
2602 5655 2881 5725 Antioch.,
2916 5672 3080 5714 num.
3114 5658 3168 5729 6,
3208 5671 3340 5731 pag.
3371 5654 3498 5714 254.
