4036 6356
463 405 580 468 927

1941 403 2005 465 S.
2056 401 2357 463 HERM/E

3752 385 3858 447 928

458 537 784 596 custodires
816 536 1018 604 ﬁdem,
1048 539 1105 592 et
1138 535 1430 608 timorem,
1453 537 1510 591 et
1534 534 1934 609 pcsnitentiam
1965 536 2099 608 (88).

2238 531 2453 607 suum
2504 536 2600 601 την
2653 532 2832 584 πίστιν
2882 526 2971 582 καὶ
3027 526 3119 580 τὸν
3165 517 3354 603 φόϐον,
3384 521 3474 577 xui
3519 516 3856 596 ἐγκρατεῦσςτ

460 631 666 698 Etiam,
701 628 964 699 inquam,
1000 627 1253 682 domine.
1318 630 1384 681 Et
1441 626 1598 681 dixi:
1649 626 1762 681 Sed
1814 642 1969 681 nunc
1999 625 2107 681 tibi

455 719 583 774 volo
634 720 958 773 monstrare
1005 717 1248 771 virtutes
1305 715 1514 771 horum
1571 716 2005 783 mandatorum,
2040 719 2107 770 ut

457 809 609 865 scias
626 808 863 863 effectus
883 806 1139 871 illorum,
1164 806 1455 876 quomodo
1477 805 1589 876 (89)
1613 806 1740 875 ipsa
1762 804 1946 875 posita
1967 809 2108 860 sunt

458 898 529 952 ad
554 899 785 966 justum
817 895 1032 966 pariter
1061 896 1447 964 etinjustum.
1481 894 1567 948 Tu
1598 895 1791 963 itaque
1826 894 1993 949 crede
2015 894 2110 963 ju-

466 993 593 1054 sto;
627 986 847 1056 injuste
879 989 1072 1038 autem
1124 983 1268 1038 nihil
1319 983 1505 1037 crede.
1558 982 1794 1038 Justitia
1833 981 1987 1037 enim
2022 998 2109 1037 re-

463 1082 619 1130 ctam
652 1075 803 1129 viam
857 1073 1068 1141 habet;
1130 1076 1187 1127 at
1242 1072 1535 1142 injustitia
1590 1087 1848 1143 pravam.
1880 1072 1987 1125 Sed
2042 1074 2109 1125 tu

469 1170 690 1219 rectam
711 1164 862 1219 viam
886 1161 1132 1232 custodi,
1149 1177 1387 1233 pravam
1410 1164 1604 1216 autem
1622 1159 1912 1231 relinque.
1929 1160 2112 1215 Prava

2216 605 2565 698 ’ᾉπεκρίθηνο
2622 618 2746 689 Ναὶ,
2801 616 2976 693 κύριε,
3027 614 3202 675 οὕτως
3252 610 3412 669 ἐστίν.
3466 610 3644 686 Λέγει*
3711 605 3861 663 Alli

2215 716 2306 766 νῦν
2367 695 2510 766 Οέλω
2565 730 2646 764 σοι
2690 706 2936 779 δηλῶσαι
2967 705 3057 760 καὶ
3110 703 3205 764 τὰς
3266 699 3521 772 δυνάμεις
3550 695 3861 765 atem-1,?”

2214 801 2411 875 νόησῃς
2460 801 2562 867 τὴν
2610 796 2839 869 δύναμιν
2886 795 2953 865 ἢν
3007 789 3193 869 ἔχουσι
3223 790 3312 845 καὶ
3353 788 3643 865 ἐνέργειαν
3680 784 3868 841 διπλαῖ

2216 889 2319 966 γάρ
2362 874 2527 944 εἰσιν·
2578 893 2781 943 κεῖνται
2828 885 2928 960 γὰρ
2986 882 3072 937 ἐπὶ
3106 879 3298 953 δικαίῳ
3327 877 3419 966 καὶ
3442 875 3639 949 ἀδίκῳ.
3673 874 3753 930 Σὺ
3782 876 3863 929 οὖν

2221 964 2437 1034 πίστευε
2465 982 2545 1050 τῷ
2575 974 2792 1048 δικαίῳ,
2849 977 2927 1044 τῷ
2953 970 3011 1026 δὲ
3049 968 3219 1042 ἀδίκῳ
3249 965 3417 1042 μηδὲν
3458 965 3774 1050 πιστεύσῃς.
3803 964 3866 1018 Τὸ

2218 1068 2321 1145 γὰρ
2354 1044 2559 1121 δίκαιον
2596 1044 2785 1141 ὀρθὴν
2821 1059 2945 1117 ὀδὸν
2992 1058 3131 1135 ἔχει,
3161 1058 3224 1113 τὸ
3254 1054 3312 1111 δὲ
3360 1051 3544 1110 ἄδικον
3574 1044 3865 1128 στρεϐλήν.

465 1259 657 1308 autem
692 1253 782 1308 via
811 1269 924 1307 non
957 1230 1133 1307 habet
1149 1230 1379 1305 exitum
1403 1250 1643 1317 bonum,
1679 1250 1778 1304 sed
1796 1230 2148 1304 offendicula
2180 1246 2366 1303 multa
2390 1264 2403 1315 ;
2428 1261 2634 1318 aspera
2664 1246 2772 1314 est,
2796 1245 2854 1299 et
2883 1240 3141 1313 spinosa,
3172 1240 3229 1293 et
3256 1234 3420 1292 ducit
3442 1234 3514 1289 ad
3545 1230 3867 1298 interitum,

464 1348 519 1398 et
553 1342 723 1397 noxia
750 1346 838 1397 est
867 1340 1205 1396 hominibus
1237 1338 1679 1395 ambulantibus
1709 1338 1766 1393 in
1816 1338 1934 1394 illa.
1969 1339 2074 1405 Qui
2122 1341 2316 1393 autem
2344 1335 2499 1392 viam
2544 1340 2758 1390 rectam
2790 1333 3016 1404 petunt,
3077 1325 3374 1399 zequaliter
3403 1321 3711 1380 ambulant
3741 1319 3865 1375 sine

466 1432 820 1499 offensione;
852 1430 990 1502 quia
1019 1447 1133 1486 non
1173 1433 1262 1485 est
1292 1444 1517 1501 aspera,
1551 1445 1737 1499 neque
1780 1428 2039 1500 spinosa.
2070 1427 2247 1483 Vides
2293 1425 2493 1499 igitur,
2530 1424 2685 1496 quod
2730 1420 2940 1477 melius
2970 1422 3058 1474 est
3086 1433 3189 1489 per
3216 1415 3368 1470 hanc
3393 1412 3546 1469 viam
3577 1410 3864 1467 incedam.

469 1520 587 1578 Ibis
618 1520 796 1589 enim,
830 1519 1021 1591 inquit
1048 1537 1060 1587 ;
1093 1523 1151 1574 et
1179 1520 1511 1591 quicunque
1541 1535 1607 1574 ex
1636 1522 1755 1573 toto
1789 1519 1959 1573 corde
1991 1516 2341 1572 crediderint
2375 1515 2435 1570 in
2469 1512 2738 1580 Domino,
2767 1510 2939 1566 ibunt
2966 1523 3067 1581 per
3094 1505 3277 1562 illam.

1999 1614 2223 1669 CAPUT
2261 1614 2333 1668 II.

540 1709 690 1764 Audi
721 1724 897 1777 nunc,
922 1706 1134 1778 inquit,
1166 1706 1423 1778 primum
1447 1706 1669 1761 deiide.
1707 1705 1832 1761 Duo
1856 1708 1994 1760 sunt
2013 1720 2112 1777 ge-
2145 1710 2192 1775 Β

470 1799 550 1853 nii
580 1797 694 1870 (91)
723 1814 856 1853 cum
887 1796 1161 1864 homine;
1192 1812 1345 1851 unus
1377 1794 1686 1866 aequitatis,
1720 1798 1777 1849 et
1806 1811 1959 1849 unus
1993 1794 2110 1849 ini-

466 1887 729 1959 quitatis.
763 1887 830 1941 Et
854 1903 958 1958 ego
989 1885 1106 1941 dixi
1138 1885 1220 1939 illi
1247 1901 1259 1939 :
1322 1885 1641 1955 Quomodo,
1675 1883 1931 1954 domine,
1962 1884 2109 1939 scire

464 1985 684 2048 potero,
717 1977 869 2048 quod
904 1976 1015 2030 duo
1072 1978 1212 2030 sunt
1249 1974 1405 2046 genii
1449 1991 1582 2029 cum
1630 1973 1913 2028 homine?
1941 1973 2106 2040 Audi,

468 2066 681 2137 inquit,
714 2070 771 2121 et
800 2064 1069 2135 intellige.
1099 2064 1407 2135 quuitatis
1440 2063 1645 2135 genius
1678 2062 1824 2117 lenis
1856 2062 1966 2133 (93)
2023 2065 2111 2116 est

465 2158 521 2209 et
545 2154 926 2219 verecundus,
953 2157 1296 2208 mansuetus
1319 2156 1373 2207 et
1395 2152 1628 2223 quietus
1650 2152 1781 2223 (9-1).
1802 2155 1945 2205 Cum
1970 2167 2108 2221 ergo

463 2243 522 2298 in
557 2260 655 2299 cor
688 2248 849 2298 tuum
875 2243 1216 2312 ascenderit,
1241 2240 1513 2296 continuo
1537 2240 1796 2311 loquitur
1819 2244 2011 2294 tecum
2035 2240 2106 2293 de

458 2332 713 2403 justitia,
746 2332 814 2386 de
847 2331 1146 2402 pudicitia,
1179 2332 1249 2386 de
1289 2332 1572 2390 castitate.
1625 2330 1695 2384 de
1726 2329 2107 2399 benignitate,

464 2422 536 2476 de
566 2421 732 2476 venia
762 2420 895 2493 (95),
919 2421 989 2475 de
1010 2419 1293 2474 charitate
1313 2424 1368 2474 et
1398 2420 1468 2474 de
1498 2418 1728 2490 pietate.
1762 2419 1888 2471 Haec
1911 2417 2110 2471 omnia

466 2526 598 2564 cum
631 2508 1000 2565 ascenderint
1029 2508 1089 2562 in
1141 2524 1239 2563 cor
1269 2513 1457 2573 tuum,
1516 2506 1659 2562 scito
1692 2507 1847 2577 quod
1902 2504 2110 2577 genius

466 2598 758 2669 aequitatis
779 2602 972 2652 tecum
994 2601 1082 2653 est
1107 2615 1118 2654 :
1144 2597 1280 2652 huic
1302 2614 1436 2669 ergo
1460 2596 1629 2668 genio
1652 2596 1820 2651 crede
1850 2598 1906 2650 et
1927 2594 2109 2666 operi-

468 2688 580 2741 bus
611 2687 758 2757 ejus.
789 2686 996 2758 Accipe
1053 2703 1207 2742 nunc
1237 2690 1293 2742 et
1340 2685 1493 2759 genii
1544 2683 1870 2757 iniquitatis
1910 2701 2105 2756 Opera.

468 2776 734 2832 Primum
766 2775 1347 2840 amarus,iracundus
1378 2779 1434 2831 et
1454 2775 1703 2831 stolidus
1730 2778 1835 2840 est,
1864 2778 1919 2829 et
1936 2789 2109 2845 opera

468 2865 627 2921 illius
659 2865 983 2939 perniciosa
1012 2868 1171 2933 sunt,
1205 2869 1261 2920 et
1289 2869 1556 2920 evertunt
1585 2881 1779 2920 servos
1812 2864 1927 2919 Dei.
1962 2863 2108 2917 Cum

467 2971 604 3026 ergo
637 2955 695 3009 in
727 2970 825 3011 cor
850 2958 1020 3009 tuum
1079 2954 1446 3009 ascenderint
1496 2954 1637 3021 haec,
1696 2951 1986 3023 intelliges
2036 2951 2107 3006 ab

469 3044 745 3117 operibus
774 3042 1083 3114 ejus,hunc
1114 3058 1243 3098 esse
1264 3043 1499 3114 genium
1530 3042 1859 3114 iniquitatis
1881 3041 2014 3113 (96).
2040 3041 2111 3095 Et
2145 3083 2187 3151 α

470 3134 586 3188 dixi
610 3133 658 3188 ei
687 3151 700 3188 :
731 3134 851 3199 Quo
883 3133 1077 3199 modo,
1123 3131 1376 3199 domine,
1405 3130 1775 3203 intelligam?
1824 3130 1994 3197 Audi,
2026 3129 2114 3184 in-

479 3224 626 3295 quit,
656 3226 713 3277 et
742 3221 1018 3294 intellige.
1051 3222 1196 3277 Cum
1226 3220 1530 3276 iracundia
1548 3220 1655 3275 tibi
1685 3218 1992 3275 accesserit
2014 3221 2118 3273 aut

478 3311 829 3377 amaritudo,
851 3309 1109 3383 intellige
1128 3326 1263 3365 eum
1285 3309 1343 3364 in
1367 3314 1423 3365 te
1445 3324 1572 3365 esse
1592 3309 1704 3382 (97)
1729 3325 1742 3365 :
1778 3307 1986 3363 deinde
2016 3323 2115 3362 cu-

478 3401 692 3472 piditas
724 3399 1043 3455 multorum
1073 3415 1314 3471 operum
1346 3398 1457 3472 (98)
1489 3403 1547 3454 et
1577 3398 1935 3470 optimorum
1967 3396 2117 3452 cibo-

477 3507 608 3545 rum
640 3494 695 3544 et
720 3489 1068 3545 ebrietatum
1117 3489 1249 3561 (99),
1276 3492 1331 3543 et
1359 3488 1691 3560 appetentia
1726 3487 1876 3558 (100)
1910 3484 2118 3541 multa-

476 3595 605 3634 rum
635 3595 832 3633 rerum
862 3577 1205 3643 alienarum,
1239 3581 1295 3633 et
1315 3576 1609 3649 superbia,
1631 3579 1687 3633 et
1717 3574 2115 3646 multiloquia,

476 3672 531 3722 et
561 3666 801 3722 ambitio
832 3666 929 3737 (4),
962 3671 1020 3721 et
1049 3682 1411 3737 quaecunque
1438 3665 1511 3722 iis
1543 3664 1763 3721 similia
1795 3669 1953 3720 sunt.
1988 3667 2118 3719 Haec

479 3772 614 3827 ergo
637 3772 769 3810 cum
793 3756 852 3810 in
876 3772 973 3810 cor
991 3760 1158 3810 tuum
1182 3755 1568 3821 ascenderint,
1598 3755 1857 3826 intellige
1881 3755 2118 3827 genium

476 3844 809 3916 iniquitatis
840 3848 1033 3899 tecum
1084 3860 1231 3900 esse.
1288 3845 1374 3899 Tu
1405 3860 1541 3915 ergo
1599 3860 1733 3898 cum
1781 3842 2120 3915 cognoveris

479 3950 653 4005 opera
684 3933 863 4001 illius,
896 3933 1097 3989 reccde
1137 3934 1210 3988 ab
1252 3931 1370 3987 illis
1428 3932 1725 3999 omnibus,
1773 3936 1830 3987 et
1860 3930 2005 3986 nihil
2036 3930 2121 3985 illi

483 4024 688 4092 crede;
723 4022 861 4095 quia
891 4021 1044 4078 mala
1074 4026 1214 4078 sunt
1245 4038 1421 4094 opera
1465 4020 1645 4092 illius,
1679 4025 1735 4077 et
1766 4038 1879 4077 non
1913 4038 2119 4076 conve-

485 4112 540 4166 ni
553 4117 655 4167 unt
686 4129 849 4168 servo
879 4112 1001 4169 Dei.
1031 4113 1218 4168 Habes
1250 4127 1386 4184 ergo
1408 4114 1788 4182 utrorumque
1816 4110 2121 4183 geniorum

483 4216 659 4272 opera
686 4195 784 4275 (2).
818 4202 1079 4275 Intellige
1109 4218 1285 4271 nunc,
1317 4205 1373 4257 et
1410 4200 1578 4258 crede
1607 4199 1776 4272 genio
1807 4200 2121 4272 aequitatis,

2295 1703 2409 1775 (90)
2460 1697 2563 1754 Δύο
2608 1697 2740 1753 εἰσὶν
2774 1692 2996 1771 ἄγγελοι
3030 1691 3162 1767 μετὰ
3189 1693 3285 1745 τοῦ
3316 1688 3627 1760 ἀνθρώπου,
3658 1686 3736 1747 εἷς
3776 1690 3871 1752 τῆς

2222 1785 2597 1858 δικαιοσύνης,
2655 1786 2745 1840 καὶ
2795 1785 2871 1846 εἷς
2911 1789 3011 1851 τῆς
3062 1777 3354 1854 πονηρίας.
3407 1775 3509 1833 Καὶ
3558 1775 3588 1828 ὁ
3638 1774 3735 1847 μὲν
3774 1778 3868 1840 τῆς

2220 1875 2568 1946 δικαιοσὺνης
2619 1870 2877 1951 ἅγγελος,
2924 1867 3185 1947 τρυφερός
3217 1866 3327 1921 ἐστι
3386 1863 3474 1919 xui
3508 1861 3870 1937 αἶσχυντηρὸς

2218 1966 2307 2021 καὶ
2358 1971 2529 2041 πρᾶος
2575 1948 2677 2019 καὶ*
2707 1948 2970 2039 Ἵίσχυρός.
3021 1960 3184 2016 ’Ὀταν
3248 1952 3340 2010 οὖν
3391 1953 3563 2013 οὓτως
3610 1954 3728 2025 (92)
3788 1948 3868 2003 ἐπὶ

2216 2057 2315 2125 τήν
2363 2052 2584 2130 καρδίαν
2637 2074 2731 2107 σου
2778 2045 2971 2124 ἀναϐῇ,
3023 2047 3215 2108 εὐθέως
3254 2042 3415 2101 λαλεῖ
3447 2041 3583 2116 μετὰ
3611 2043 3710 2094 σοῦ
3742 2035 3859 2113 περέ

2220 2128 2591 2214 δικαιοσῦνης,
2639 2140 2762 2215 περὶ
2811 2138 3046 2215 ἁγνείας,
3102 2134 3227 2205 περὶ
3258 2130 3616 2206 σεμνότητος,
3646 2128 3739 2183 xui
3774 2148 3861 2181 πει

2221 2235 2273 2310 ρὶ
2317 2232 2658 2307 αὐταρκείας,
2705 2229 2795 2284 xui
2837 2227 2961 2301 περὶ
3011 2225 3209 2286 παντὸς
3254 2221 3414 2296 ἔργου
3472 2217 3711 2285 δικαίου,
3778 2214 3862 2270 καὶ

2218 2304 2341 2399 περί
2392 2304 2571 2391 πάσης
2621 2320 2817 2395 ἀρετῆς
2876 2314 3111 2385 ἐνδόξου.
3164 2317 3339 2366 Ταῦτα
3390 2312 3563 2364 πάντα
3613 2306 3742 2361 ὅταν
3793 2304 3864 2364 είς

2215 2415 2315 2482 τὴν
2364 2409 2586 2485 καρδίαν
2636 2430 2730 2462 σου
2780 2400 2974 2479 ἀναϐῇ,
3021 2402 3253 2478 γίνωσκε
3307 2401 3388 2454 ὅτι
3431 2399 3459 2452 ὁ
3507 2393 3748 2471 ἄγγελος
3771 2400 3863 2461 τῆς

2219 2500 2566 2571 δικαιοσύνης
2628 2498 2761 2571 μετὰ
2809 2501 2904 2550 σοῦ
2951 2493 3109 2548 ἐστιν.
3162 2488 3342 2562 τούτῳ
3390 2487 3481 2542 οὖν
3531 2485 3755 2539 πίστευε
3781 2482 3864 2537 xui

2216 2597 2332 2654 τοῖς
2384 2588 2566 2666 ἔργοις
2617 2586 2800 2654 αὐτοῦ,
2855 2583 2943 2639 xui
2994 2580 3255 2657 ἐγκρατὴς
3306 2576 3470 2633 αὐτοῦ
3517 2578 3696 2651 γενοῦ.
3738 2576 3866 2647 Ὅρα

2218 2682 2309 2736 οὖν
2359 2679 2447 2735 καὶ
2497 2682 2593 2732 τοῦ
2638 2674 2879 2751 ἀγγέλου
2909 2675 3006 2742 τῆς
3039 2666 3305 2745 πονηρίας
3363 2667 3431 2721 τὰ
3459 2661 3613 2739 ἔργα.
3646 2666 3865 2736 Πρῶτον

2217 2771 2430 2824 πάντων
2483 2764 2750 2841 ὀξύχολος
2798 2763 2907 2817 ἐστι
2962 2759 3053 2814 καὶ
3079 2758 3273 2834 πικρὸς
3302 2754 3392 2810 καὶ
3425 2756 3632 2831 ἄιρρων,
3666 2751 3760 2805 καὶ
3806 2750 3867 2804 τὰ

2218 2857 2348 2935 ἔργα
2390 2856 2553 2912 αὐτοῦ
2601 2852 2834 2929 πονηρὰ,
2886 2846 3320 2924 καταστρέφοντα
3353 2842 3481 2905 τοὺς
3508 2840 3750 2902 δούλους
3775 2842 3864 2893 τοῦ

2217 2926 2375 3005 Genii.
2424 2947 2587 3003 Ὃταν
2642 2926 2801 3003 αὐτὸς
2852 2940 2939 2994 ἐπὶ
2976 2939 3076 3007 τὴν
3107 2935 3327 3011 καρδίαν
3361 2954 3457 2987 σου
3488 2926 3697 3003 ἀναϐῇ,
3728 2932 3863 3004 γνῶ-

2224 3039 2273 3092 θι
2318 3035 2476 3091 αὐτὸν
2528 3032 2615 3089 ἐπὶ
2665 3036 2771 3087 τῶν
2824 3024 2996 3104 ἔργων
3028 3025 3306 3081 αὐτοῦ.....
3341 3026 3465 3084 Πῶς
3496 3019 3662 3094 Κύριε
3691 3019 3863 3087 νοήσω

2226 3125 2382 3181 αὐτόν
2409 3143 2423 3193 ;
2457 3122 2612 3199 Λὲγει
2638 3141 2650 3154 °
2715 3122 2875 3175 ἄκουε
2924 3115 3280 3189 λεπτομερῶς
3309 3113 3399 3167 καὶ
3430 3109 3764 3186 [προσεχὴς]
3792 3105 3863 3181 γί-

2224 3237 2340 3272 νου·
2392 3194 2555 3269 Ὅταν
2588 3207 2853 3286 ὀξυχολία
2898 3205 2983 3261 σοί
3010 3225 3093 3266 τις
3154 3199 3450 3279 προσέλθῃ,
3481 3198 3517 3267 ἢ
3550 3196 3770 3272 πικρία.
3797 3194 3868 3286 γί-

2224 3325 2397 3361 νωσκε
2442 3302 2524 3358 ὅτι
2573 3284 2732 3362 αὐτός
2783 3296 2921 3354 ἐστιν
2972 3294 3024 3351 ἐν
3056 3292 3140 3348 σοί
3165 3314 3177 3326 ·
3216 3291 3329 3346 εἶτα
3360 3287 3555 3345 λοιπὸν
3592 3284 3866 3359 ἐπιθυμίαι

2226 3394 2468 3473 πράξεων
2544 3387 2797 3459 πολλῶν,
2874 3384 2965 3442 καὶ
3037 3379 3367 3439 πολυτέλεια
3422 3374 3737 3450 ἐδεσμάτων
3785 3372 3868 3428 xui

2226 3462 2539 3559 κραιπαλῶν
2599 3476 2850 3550 πολλῶν,
2917 3473 3007 3531 καὶ
3076 3467 3346 3527 ποικίλων
3393 3470 3633 3545 τροφῶν,
3676 3464 3771 3520 xui
3815 3462 3871 3517 οὖ

2229 3551 2456 3627 δεόντων
2522 3568 2611 3623 καὶ
2688 3564 2968 3637 ἐπιθυμίαι
3029 3562 3319 3636 γυναικῶν,
3385 3554 3475 3611 καὶ
3548 3551 3870 3623 πλεονεξίαι,

2230 3657 2567 3737 ὑπερηφανία
2596 3678 2655 3712 τε
2683 3654 2773 3710 καὶ
2816 3650 3128 3722 ἀλαζονεία,
3169 3649 3259 3704 καὶ
3308 3647 3408 3701 ὃσα
3433 3643 3650 3704 τούτοις
3708 3661 3871 3716 παρα-

2228 3725 2456 3821 πλήσια·
2505 3750 2681 3801 Ταῦτα
2736 3744 2826 3798 οὗν
2879 3740 3002 3797 ὅταν
3035 3737 3124 3795 ἐπὶ
3160 3739 3259 3807 τὴν
3291 3732 3510 3810 καρδίαν
3552 3752 3649 3787 σου
3682 3725 3873 3802 ἀναϐῇ,

2227 3817 2475 3916 γίνωσκε,
2522 3835 2604 3891 ὅτι
2663 3831 2900 3909 ἅγγελος
2948 3836 3045 3899 τῆς
3093 3825 3360 3916 πονηρίας
3572 3821 3624 3916 εν
3663 3820 3774 3916 σοί.

2231 3905 2321 3984 of»)
2376 3924 2622 4003 ἐπιγνοὺς
2670 3924 2739 3979 τὰ
2783 3918 2919 3997 ἔργα
2959 3918 3145 3990 αὐτοῦ,
3177 3915 3386 3971 ἀπόστα
3425 3913 3513 3967 ἀπ’
3544 3909 3738 3981 αὐτοῦ,
3794 3905 3875 3961 καὶ

2236 4014 2403 4092 μηδὲν
2454 3996 2600 4086 αὐτῷ
2647 3996 2883 4067 πίστευε.
2931 4013 3119 4084 Ἔχεις
3170 4001 3263 4059 οὗδ
3295 3998 3618 4081 ἀμφοτέρων
3650 4003 3763 4054 τῶν
3792 3996 3877 4071 ἆγ-

2231 4104 2409 4183 γὲλων
2443 4105 2534 4167 τὰς
2565 4098 2827 4178 ἐνεργείας

1644 4299 1890 4355 VARIZE
1935 4296 2313 4357 LECTIONES
2351 4295 2444 4350 ET
2482 4291 2717 4350 NOTIE.

564 4391 675 4464 (88)
708 4390 843 4464 Leg.
878 4391 1071 4464 potius
1100 4392 1494 4448 continentiam
1521 4389 1608 4464 vel
1644 4390 2039 4464 abstinentiam
2067 4404 2135 4443 ex

494 4460 692 4535 mand.
727 4460 957 4535 1,'et'ex
982 4463 1193 4519 Graecis
1215 4461 1790 4535 pseudo-Athanasii.
1823 4461 1914 4515 sic
1944 4460 2135 4514 visum

492 4534 752 4589 Fabricio
778 4554 790 4589 :
825 4534 908 4591 sic
941 4540 998 4590 et
1024 4533 1234 4591 Wakio
1265 4535 1420 4607 apud
1452 4533 1806 4590 Russelium.

562 4608 677 4677 (89)
710 4608 907 4662 Lamb.
941 4609 1230 4677 quoniam.

560 4671 673 4748 (90)
706 4681 819 4734 [sta
868 4671 1476 4750 pseudo-Athanasius
1524 4672 2033 4750 continuosubdit
2061 4671 2135 4750 iis

492 4746 617 4821 quae
652 4751 822 4806 modo
856 4746 924 4805 ex
951 4820 956 4822 _
980 4750 1107 4822 ipso
1165 4748 1499 4822 retulimus,
1531 4765 1564 4822 a
1623 4746 1863 4822 reliquis
1890 4747 2136 4822 Pastoris

491 4815 813 4878 editOribus
845 4815 1082 4877 omissa.
1119 4822 1246 4875 Haec
1278 4820 1415 4875 item
1448 4819 1649 4875 recitat
1682 4815 2001 4872 Antiochus
2027 4815 2136 4869 ho-

496 4895 619 4949 mil.
652 4896 741 4949 01.
778 4894 1043 4950 Laudant
1089 4896 1279 4946 autem
1333 4892 1487 4946 hunc
1537 4892 1756 4944 Hermae
1786 4888 1978 4943 locum
2012 4886 2136 4942 Ori-

499 4982 673 5037 genes
709 4966 919 5037 humi].
941 4967 1031 5032 35,
1056 4967 1115 5020 in
1134 4966 1359 5037 Lunam,
1395 4968 1450 5017 et
1477 4964 1549 5017 De
1571 4962 1891 5037 principiis,
1918 4960 2136 5037 Iiﬁb._‘11_1,

501 5028 629 5108 cap.
676 5041 731 5092 2.
766 5028 1080 5093 Cassianus
1129 5028 1352 5091 Collat.’
1379 5052 1501 5108 vni,
1532 5028 1655 5108 cap.
1715 5034 1802 5100 17,
1846 5028 2137 5108 e_t_Co_lla_t.

498 5100 620 5175 xui,
653 5126 780 5181 cap.
815 5111 901 5165 12.
938 5109 1399 5181 Prosper_cqntr.
1452 5100 1668 5181 aqua,
1703 5104 1957 5181 capnijg.
1990 5100 2143 5181 Beda

496 5182 563 5235 (ιιι
592 5172 702 5235 Act.
724 5172 837 5246 ‘xu,
868 5182 953 5247 15,
989 5185 1045 5236 et
1082 5172 1451 5236 'Walafridus
1498 5176 1724 5242 Strabo,
1755 5172 1805 5232 ν.
1838 5175 1962 5229 675.
2000 5172 2143 5226 Vide

496 5253 773 5307 Veterum
800 5252 1022 5308 testim.

567 5326 677 5395 (91)
709 5325 847 5379 Mss.
872 5324 1088 5391 Carm.,
1112 5321 1284 5393 Vict.,
1310 5320 1505 5377 Lamb.
1530 5323 1587 5375 et
1609 5318 1820 5390 Fellus,
1849 5316 2060 5384 nuntii,
2088 5317 2146 5369 et

497 5395 577 5449 sic
610 5397 905 5467 deinceps.

567 5469 678 5541 (9‘2)
716 5462 848 5592 Lefgi
884 5464 1063 5531 οὗτος,
1101 5471 1163 5520 ut
1193 5464 1369 5520 habet
1393 5462 1738 5546 Antiochus.

571 5540 681 5605 (03)
709 5540 803 5593 Bo,
831 5538 867 5593 l.
901 5542 955 5593 et
978 5538 1174 5593 Lamb.
1202 5540 1357 5591 tener
1382 5552 1485 5605 pro
1519 5536 1681 5589 lenis.
1706 5534 1738 5588 E

505 5614 553 5664 et
587 5612 745 5662 leuis.
773 5609 1135 5664 Alterutrum
1169 5608 1477 5664 redundat.
1510 5606 1706 5677 Neque
1736 5605 1903 5660 aliter
1931 5606 2146 5659 Graeca.

504 5680 595 5734 Sir.
623 5684 679 5735 et
712 5680 923 5735 Fellus.

578 5752 689 5827 (94)
721 5754 916 5809 Graeca
947 5749 1192 5828 ἰσχυρός.
1227 5748 1546 5808 Antiochus
1578 5752 1773 5807 tamen
1799 5745 2055 5820 ἡσύχιος,
2088 5747 2152 5799 ut

831 5538 867 5593 l.
901 5542 955 5593 et
978 5530 1174 5593 Lamb.
1202 5540 1357 5591 tener
1382 5552 1485 5605 pro
1519 5536 1681 5589 lenis.
1706 5531 1859 5588 Editi
1889 5534 2042 5587 tener
2072 5530 2147 5584 est

2242 4387 2409 4440 vetus
2435 4383 2743 4440 interpres.

2337 4456 2430 4521 95)
2462 4445 2666 4509 Lamb.
2701 4455 2757 4507 et
2785 4448 2946 4523 Bodl.
2984 4445 3349 4523 indulgentia.
3430 4512 3459 4523 η
3619 4512 3629 4523 ,
3838 4510 3848 4518 _

2337 4458 2430 4521 95)
2462 4458 2666 4509 Lamb.
2701 4458 2757 4507 et
2786 4458 2946 4505 Bodl.
2984 4458 3349 4517 indulgentia.
3838 4510 3848 4518 .

2314 4458 2427 4599 (96)
2460 4524 2663 4599 Lamb.
2698 4521 3143 4599 intelligesJeuzn
3171 4515 3239 4599 ab_
3279 4512 3727 4599 τρρςςὶὺιέξμεριιῇ,
3746 4521 3887 4599 quia

2243 4581 2331 4653 hic
2359 4581 2438 4653 est
2464 4597 2697 4651 nuntius
2717 4581 3053 4665 iniquitatis.
3077 4588 3171 4645 Sic
3192 4590 3250 4643 et
3279 4581 3420 4642 Felli
3437 4581 3635 4641 editio.
3658 4581 3886 4636 Vide-sis

2242 4674 2457 4725 erca.

2316 4722 2435 4812 (97)
2448 4722 2659 4812 Lamb.
2696 4737 2827 4807 quia
2846 4737 2964 4812 ipse
2993 4733 3054 4787 in
3084 4739 3131 4787 te
3161 4733 3261 4785 est.
3294 4728 3384 4785 Ita
3412 4732 3470 4784 et
3500 4725 3679 4783 editio
3710 4722 3885 4780 Oxon.

2337 4807 2426 4874 98)
2458 4811 2567 4866 Ms.
2597 4810 2789 4865 Carm.
2820 4807 3124 4861 multarum
3154 4817 3339 4874 opum.

2337 4877 2429 4950 99)
2464 4880 2625 4937 Bodl.
2659 4885 2717 4935 et
2748 4878 2949 4934 Lamb.
2982 4877 3322 4950 ebrieiqles._
3476 4940 3516 4950 __
3553 4938 3590 4950 η
3702 4938 3716 4950 .

2319 4938 2466 5037 i100)
2500 4954 2710 5037 Lamb:
2736 4950 3107 5037 άθδίάενίιξῖηε
3128 4943 3464 5037 8ῧᾶἓὲἷέἷὶ
3476 4938 3680 5037 ξεΞὲῗὶ
3700 4938 3890 5037 in”???

2251 5009 2389 5082 edit.
2425 5009 2585 5092 Quod
2619 5028 2812 5080 autem
2846 5020 3131 5092 sequitur,
3162 5016 3465 5092 multarum
3498 5027 3706 5092 renum,
3743 5009 3887 5092 (ξι-δε-

2252 5081 2319 5154 ca
2348 5081 2473 5153 tum
2504 5096 2618 5155 hic.
2650 5100 2777 5149 tum
2810 5081 3130 5165 moi‘apud
3174 5084 3549 5165 Antiochum,
3583 5081 3888 5165 legendum

2252 5171 2521 5235 suadent,
2579 5169 2852 5222 monente
2906 5156 3340 5226 Cl.'Cotelerio,
3370 5156 3671 5212 mulierum
3717 5156 3768 5208 et
3812 5167 3888 5205 re-

2251 5259 2397 5297 rum.

2351 5313 2400 5367 1)
2436 5309 2631 5367 Lamb.
2666 5306 3053 5363 ambitiositas.

2346 5376 2401 5450 2)
2437 5382 2632 5438 Lamb.
2665 5390 2957 5448 utrumque
2986 5376 3248 5450 nuntium
3277 5387 3521 5450 cperunt:
3560 5440 3573 5450 _
3633 5440 3645 5450 .
3690 5439 3701 5450 θ

2351 5440 2405 5526 3)
2438 5454 2684 5526 Reliqua
2713 5440 2910 5526 Graeca
2942 5465 3068 5526 quae
3101 5447 3195 5502 his
3225 5440 3426 5500 subdit
3480 5440 3891 5526 Eabrigiuges

2256 5513 2437 5599 eoque
2469 5513 2725 5599 Clericus
2754 5526 2810 5577 et
2842 5513 3184 5599 ξίιιεεοΙίυε,⁸
3213 5534 3337 5598 ηοω,
3379 5518 3519 5599 sunt
3547 5530 3615 5599 οξ
3646 5513 3888 5599 Docti-ista

2257 5583 2704 5654 ad‘Antiochum
2753 5594 3102 5648 verbotenus
3152 5583 3467 5659 descripta,
3518 5585 3617 5639 sed
3669 5583 3886 5659 expvet.

2258 5672 2468 5751 ίηιθτρ-
2501 5672 2573 5724 ab
2605 5662 3030 5751 iesol‘abrécio
3052 5657 3569 5751 είέοιῖφέξέιςέξυέ
3590 5657 3886 5751 PER?”

2260 5684 2468 5751 ιηῐιθτρ.
2501 5684 2573 5724 8D
2605 5684 2731 5797 1880
2771 5684 3030 5720 I‘RDI‘ICIO
3074 5684 3395 5744 θᾳρτωωοδ.
3431 5684 3569 5739 gum
3602 5684 3792 5733 μιύμιίς

2260 5742 2591 5813 rejeclmus,
2667 5736 2707 5795 l.
2740 5735 3161 5795 Montfauconu
3201 5734 3556 5791 sententiam
3588 5730 3792 5785 secuti.
