4036 6356
229 406 352 468 999
1235 402 1571 465 PASTOR.
1596 437 1671 447 —
1691 400 1816 463 LIB

2046 397 2460 463 IANDATUM
2503 399 2635 463 νη.
3517 402 3640 479 930

228 538 377 611 quia
404 536 673 595 doctrina
700 534 859 594 illius
883 535 1039 594 bona
1065 538 1175 592 est.
1211 535 1371 591 Licet
1399 534 1557 591 enim
1589 533 1667 591 sit
1696 531 2071 589 felicissimus
2089 531 2286 597 homo,
2318 535 2377 587 et
2404 529 2677 603 cogitatio
2705 530 2947 589 alterius
2977 532 3131 604 genii
3154 533 3434 590 ascendat
3455 535 3510 589 in
3541 552 3639 591 cor

228 628 439 695 illius;
470 630 699 699 oportet
724 626 892 682 illum
923 626 1112 682 virum
1146 630 1249 680 aut
1278 624 1580 680 mulierem
1613 640 1870 695 peccare.
1903 622 1964 678 Si
1994 628 2189 677 autem
2220 621 2395 676 etiam
2430 620 2826 692 nequissimus
2855 622 2941 676 vir
2970 622 3146 678 fuerit
3176 628 3277 679 aut
3319 622 3550 693 mulier,
3582 630 3639 680 et

233 715 609 774 ascenderint
634 714 695 771 in
721 731 820 772 cor
837 714 998 771 illius
1027 730 1203 787 opera
1232 712 1390 787 genii
1419 711 1734 785 aequitatis,
1761 726 1996 767 necesse
2034 714 2143 777 est,
2176 709 2344 765 illum
2383 715 2487 765 aut
2516 709 2678 765 illam
2736 709 2959 782 aliquid
3010 711 3147 767 boni
3201 711 3410 769 facere.
3459 713 3636 769 Vides

228 821 393 879 ergo,
427 803 580 876 quod
609 803 831 859 bonum
860 807 969 872 est,
1002 802 1242 876 genium
1272 801 1564 874 aequitatis
1593 799 1780 874 sequi.
1808 799 1869 855 Si
1898 816 2033 873 ergo
2064 797 2232 854 illum
2262 804 2499 854 secutus
2528 797 2730 865 fueris,
2762 804 2819 855 et
2846 798 3164 856 credideris
3183 799 3457 873 operibus
3478 801 3637 858 illius

227 894 391 953 vives
422 893 572 950 Deo:
606 897 665 950 et
693 892 795 965 qui
826 891 1183 950 crediderint
1210 891 1485 965 operibus
1515 889 1699 960 illius,
1732 888 1925 945 vivent
1956 893 2070 944 Deo

1554 1009 1904 1074 ANTIOCHUS,
1951 1004 2181 1061 homilia
2235 1004 2328 1059 61.

314 1105 419 1163 Δύο
448 1104 552 1183 γάρ
585 1105 716 1162 εἰσιν
749 1101 970 1183 ἄγγελοι
1004 1106 1137 1181 μετὰ
1162 1109 1261 1161 τοῦ
1291 1104 1599 1181 ἀνθρώπου·
1657 1104 1731 1165 εἷς
1782 1109 1881 1173 τῆς

2048 1105 2284 1159 uoenim
2322 1106 2451 1159 sunt
2486 1105 2681 1174 angeli
2723 1121 2847 1161 cum
2891 1107 3111 1163 homine
3137 1123 3156 1162 :
3201 1124 3347 1165 unus
3391 1112 3636 1182 aquita-

236 1193 610 1267 δικαιοσύνης,
644 1196 721 1259 εἷς
748 1202 848 1266 τῆς
878 1194 1160 1272 πονηρίας.
1192 1193 1292 1250 Καὶ
1333 1195 1361 1249 ὁ
1394 1195 1489 1267 μὶν
1536 1199 1636 1263 τῆς
1677 1190 1830 1247 δικαιι

2039 1208 2103 1254 s;
2134 1209 2276 1248 unus
2306 1194 2640 1265 iniquitatis.
2675 1197 2752 1249 Et
2796 1197 3072 1267 aequitatis
3122 1197 3341 1270 quidem
3385 1200 3633 1271 angelus,

235 1287 407 1357 σύνης
454 1283 707 1361 ἄγγελος,
738 1284 1125 1361 αἰσχυντηρὸς,
1155 1283 1244 1339 καὶ
1290 1282 1486 1360 πραῢς,
1515 1282 1604 1337 καὶ
1651 1281 1829 1357 ἡσύχιι

2045 1281 2322 1338 η’θσιιηάιιε
2351 1285 2447 1355 est,
2471 1287 2782 1338 mansuetus
2808 1288 2860 1340 et
2906 1287 3143 1356 quietus.
3195 1286 3334 1342 Cum
3374 1304 3501 1361 ergo
3550 1288 3639 1345 hic

435 1376 459 1395 υ
652 1371 680 1392 Ὺ
776 1373 807 1391 ν
1004 1373 1019 1393 \
1096 1374 1110 1394 ἱ
1292 1370 1316 1391 ἢ
1519 1376 1547 1386 ~
1607 1371 1622 1391 Ἰ
1754 1371 1765 1391 Ι

236 1372 403 1430 ἐστιν.
460 1379 597 1429 Οταν
621 1394 712 1429 ουν
744 1394 902 1436 ουτος
933 1372 1021 1428 ἐπι
1049 1395 1149 1443 την
1183 1374 1403 1449 καροίαν
1453 1393 1551 1428 του
1597 1382 1830 1447 ανθρωπι

2039 1386 2164 1426 reor
2190 1370 2430 1426 hominis
2457 1372 2776 1439 ascenderit,
2823 1375 3077 1430 continuo
3123 1375 3368 1447 loquitur
3412 1394 3538 1433 cum
3575 1393 3633 1435 eo

236 1457 436 1535 ἀναϐῇ,
487 1462 682 1525 εὐθέως
723 1460 886 1518 λαλεῖ
941 1463 1054 1536 μετ’
1101 1461 1265 1518 αὐτοῦ
1329 1461 1452 1538 περὶ
1516 1458 1828 1531 δικαιοσύνη

2040 1476 2059 1513 :-
2077 1460 2322 1532 justitia,
2348 1458 2413 1514 de
2438 1459 2730 1531 pudicitia,
2761 1461 2825 1517 de
2863 1457 3136 1528 castitate,
3178 1465 3244 1520 de
3287 1466 3634 1537 frugalilate,

233 1552 367 1627 περὶ
414 1550 648 1626 ἁγνείας,
697 1550 820 1627 περὶ
870 1550 1220 1624 σεμνότητος,
1251 1551 1376 1627 περὶ
1422 1549 1758 1625 αὐταρκείας,
1787 1570 1827 1604 π

2044 1564 2058 1602 2
2085 1548 2238 1603 omni
2264 1564 2421 1620 opere
2438 1549 2608 1619 justo,
2639 1550 2707 1605 de
2733 1553 2888 1606 omni
2914 1559 3120 1609 virtute
3147 1554 3469 1625 honoriﬁca.
3509 1560 3638 1611 "me

239 1640 297 1718 ρὶ
344 1640 568 1711 παντὸς,
600 1638 758 1717 ἔργου
810 1636 1043 1712 δικαίου,
1090 1639 1213 1716 περὶ
1261 1638 1436 1710 πάσης
1482 1638 1676 1713 ἀρετῆς
1737 1634 1833 1692 ἐνδι

2044 1653 2120 1706 '90
2147 1639 2337 1693 omnia
2364 1653 2489 1692 cum
2516 1638 2862 1695 ascenderint
2885 1644 2944 1695 in
2971 1657 3066 1697 cor
3095 1641 3353 1710 hominis,
3400 1646 3638 1716 mani/e-

239 1730 358 1802 ξου.
389 1732 551 1785 Ὅταν
579 1726 672 1784 οὖν
710 1732 878 1784 ταῦτα
906 1730 1076 1784 πάντα
1105 1727 1191 1784 ἐπὶ
1220 1730 1321 1799 τήν
1371 1725 1593 1805 καρδίαν
1642 1731 1739 1782 τοῦ
1795 1726 1833 1782 ἀι

2046 1744 2139 1782 um
2164 1730 2265 1794 est,
2296 1726 2436 1797 quod
2465 1730 2689 1799 angelus
2725 1731 3003 1801 aequitatis
3038 1747 3163 1786 cum
3191 1748 3251 1788 eo
3296 1740 3392 1789 est.
3444 1734 3640 1804 Angeli

242 1819 468 1896 θρώπου
499 1812 694 1893 ἀναϐῇ,
727 1815 991 1894 ἀρίδηλόν
1020 1817 1184 1888 ἐστιν,
1215 1817 1300 1873 ὅτι
1330 1818 1358 1873 ὁ
1388 1814 1620 1893 ἄγγελος
1657 1822 1758 1886 τῆς
1802 1812 1832 1870 δ

2046 1824 2182 1871 item
2209 1816 2525 1888 iniquitatis
2560 1832 2723 1889 Opera
2769 1822 2939 1874 sunt:
2979 1822 3159 1890 primo
3206 1823 3474 1890 omnium,
3526 1824 3640 1878 ira-

237 1905 533 1978 καιοσύνης
595 1912 707 1981 μετ’
769 1906 933 1962 αὐτοῦ
991 1904 1122 1964 ἐστι.
1176 1909 1288 1964 Τοῦ
1355 1903 1412 1960 δὲ
1485 1904 1717 1983 ἀγγέλου
1787 1912 1831 1959 τέ

2047 1904 2202 1961 nidus
2230 1914 2328 1972 est,
2364 1908 2417 1961 et
2468 1922 2714 1973 amarus,
2766 1912 2818 1963 et
2861 1908 3131 1977 stolidus;
3176 1913 3227 1966 et
3270 1926 3435 1983 opera
3484 1913 3641 1968 illius

238 1996 511 2071 πονηρίας
539 1996 606 2052 τὰ
633 1991 785 2072 ἔργαο
820 2000 1043 2072 Πρῶτον
1072 1996 1286 2051 πάντων
1329 1992 1597 2071 ὁξύχολός
1634 1993 1765 2057 ἐστι,
1796 2015 1831 2049 κ

2044 1996 2297 2050 :miciosa
2321 2001 2470 2062 sunt,
2499 1999 2550 2050 et
2576 2000 2830 2053 evertunt
2862 2013 3043 2054 servos
3074 2000 3197 2054 Dei.
3233 1999 3366 2057 Cum
3389 2017 3520 2072 ergo
3550 2000 3638 2057 hic

237 2084 459 2161 πικρὸς,
491 2084 580 2140 καὶ
628 2085 834 2164 ἄφρων,
884 2084 973 2141 καὶ
1018 2084 1087 2141 τὰ
1132 2083 1263 2161 ἔργα
1303 2083 1469 2139 αὐτοῦ
1510 2085 1742 2158 πονηρὰ,
1790 2104 1831 2138 κε

2043 2101 2051 2138 ι
2082 2099 2176 2140 cor
2201 2083 2441 2140 hominis
2467 2085 2789 2154 ascenderit,
2810 2094 3019 2159 oportet
3047 2087 3366 2159 intelligere
3400 2106 3525 2147 eum
3570 2089 3637 2146 ab

238 2173 606 2251 ταστρὲφοντα
633 2171 760 2236 τοὺς
790 2170 1022 2236 δούλους
1050 2178 1149 2228 τοῖ’)
1192 2178 1347 2230 Θεοῦ.
1380 2176 1540 2228 Ὅταν
1589 2170 1681 2227 οὖν
1733 2171 1827 2227 οὗτ

2047 2173 2248 2228 ieribus
2274 2172 2410 2245 ejus.
2446 2175 2589 2229 Cum
2616 2176 2765 2230 enim
2794 2176 3047 2246 quaedam
3076 2177 3375 2235 iracundia
3414 2179 3641 2235 cuidam

241 2264 336 2319 ἐπὶ
377 2259 598 2339 καρδίαν
645 2262 936 2338 ἀνθρώπου
984 2256 1175 2335 ἀναϐῇ,
1206 2260 1290 2317 δεῖ
1332 2266 1534 2337 γνῶναι
1591 2261 1748 2316 αὐτὸν
1783 2262 1835 2316 ἀι

2048 2264 2298 2327 wesserit,
2322 2265 2419 2317 aut
2450 2263 2812 2331 amaritudo;
2844 2266 3118 2335 intellige.
3151 2283 3279 2324 eum
3314 2268 3376 2324 in
3422 2268 3642 2325 homine

239 2358 354 2409 τῶν
386 2348 554 2429 ἔργων
588 2350 773 2410 αὐτοῦ.
804 2353 965 2407 Ὅταν
990 2351 1092 2427 γὰρ
1134 2349 1398 2427 ὀξυχολία
1437 2350 1521 2414 τίς
1567 2372 1671 2406 τινι
1718 2370 1833 2427 προ‹

2048 2367 2110 2406 :se
2130 2368 2149 2407 :
2178 2350 2373 2406 deinde
2402 2351 2682 2425 cupiditas
2726 2354 3022 2410 multorum
3072 2371 3315 2427 operum.
3363 2365 3416 2414 et
3446 2360 3642 2429 profu-

241 2440 400 2516 ε’λθῃ,
430 2441 466 2510 ἢ
514 2440 728 2516 πικρία,
758 2444 999 2518 φανερῶς
1033 2441 1061 2495 ὁ
1098 2444 1348 2503 τοιοῦτος
1396 2439 1448 2496 ἐν
1492 2444 1573 2513 τῷ
1618 2439 1835 2516 ἆνθρώπ

244 2528 360 2552 2-ΚΙ
398 2549 409 2552 -
453 2528 555 2552 λ’-..
592 2528 653 2552 2i
682 2531 721 2552 Δ.
755 2550 759 2552 .
799 2528 845 2552 Ι--
884 2528 1113 2552 ᾉ-λνκη.
1152 2527 1330 2552 ῨκΊἹα
1425 2528 1512 2552 --.Χ
1572 2526 1832 2552 -ΑἿ.-ΙῚ-

2046 2441 2078 2495 ο
2097 2440 2396 2495 multorum
2417 2444 2472 2495 et
2499 2442 2827 2511 optimorum
2860 2443 3109 2498 ciborum
3129 2460 3193 2499 ac
3218 2447 3501 2501 variarum
3549 2445 3640 2501 de-

2046 2528 2257 2552 “Αέ,-..-....
2311 2530 2355 2552 ,ι
2389 2530 2689 2552 -__.1...s.‘..
2720 2531 3010 2552 ..-ηιξ----μη
3034 2548 3263 2552 ---κμμμμ
3329 2534 3412 2552 ,l,-_
3554 2551 3557 2552 ,

240 2528 411 2584 ἐστίν·
446 2528 559 2585 εἶτα
589 2528 849 2603 ἐπιθυμία
876 2528 1116 2605 πράξεων
1144 2527 1394 2603 πολλῶν,
1423 2528 1514 2585 καὶ
1564 2526 1834 2584 πολυτέλε

2047 2528 2280 2598 ciarum,
2303 2530 2355 2584 et
2382 2530 2693 2600 appetentia
2715 2531 3089 2587 mulierumac
3101 2548 3289 2588 rerum
3303 2534 3641 2602 alienarum,

245 2614 559 2692 ἐδεσμάτων
589 2614 840 2687 πολλῶν,
872 2617 961 2673 καὶ
992 2617 1260 2674 ποικίλων
1299 2622 1538 2697 τρυφῶν,
1566 2617 1656 2673 καὶ
1708 2617 1839 2682 ἔπιθι

2078 2616 2356 2689 superbia,
2386 2621 2441 2673 et
2467 2618 2713 2689 ambitio,
2744 2624 2795 2675 et
2823 2635 3161 2693 quaecunque
3204 2623 3276 2678 iis
3314 2625 3475 2695 paria
3520 2632 3646 2681 sunt

252 2707 356 2779 μία
396 2710 664 2782 γυναικῶν
714 2707 803 2761 καὶ
850 2706 1193 2780 πλεονεξιῶν,
1243 2707 1333 2762 καὶ
1374 2706 1755 2785 ὑπερηφάνεια,
1803 2726 1846 2761 κι

2054 2722 2066 2759 τ
2113 2706 2347 2761 similia.
2408 2705 2519 2763 Sed
2561 2710 2615 2763 et
2670 2707 2841 2765 malae
2894 2712 3258 2779 cogitationes
3303 2713 3476 2785 ipsius
3520 2722 3648 2770 sunt

240 2793 556 2865 ἀλαζονεία,
622 2795 713 2850 καὶ
776 2793 875 2850 ὅσα
934 2795 1149 2858 τούτοις
1213 2795 1324 2852 ἐστὶ
1390 2796 1748 2874 παραπλήσια
1804 2816 1834 2850 κ

2049 2810 2211 2851 mnes.
2242 2795 2404 2851 Nobis
2430 2812 2554 2868 ergo
2602 2796 2907 2867 diligenter
2945 2799 3303 2869 attendamus,
3351 2807 3407 2857 et
3450 2804 3643 2873 anng

239 2884 434 2958 ὅμοια.
466 2882 645 2941 Ἀλλᾶ
689 2884 780 2939 καὶ
825 2885 878 2940 αἱ
926 2885 1159 2961 πονηραὶ
1206 2884 1526 2958 ἐνθυμήσεις
1585 2884 1749 2940 αὐτοῦ
1791 2883 1833 2939 εἰ

2051 2884 2194 2956 liquo
2224 2886 2641 2950 renuntiemus;
2684 2888 2943 2958 angelum
2988 2904 3120 2945 vero
3160 2891 3399 2962 justitiae
3443 2907 3645 2964 sequa-

241 2980 435 3030 πᾶσαι.
470 2977 810 3050 Προσχῶμεν
842 2972 934 3028 οὖν
984 2969 1222 3049 ἀκριϐῶς
1262 2976 1494 3043 ἑαυτοῖς,
1522 2974 1613 3029 καὶ
1667 2974 1748 3046 τῷ
1795 2974 1894 3051 ἀγ·
2000 2990 2154 3031 mur.

242 3061 402 3139 γέλῳ
444 3063 525 3135 τῷ
561 3063 792 3138 πονηρῷ
841 3063 1251 3137 ἀποταξώμεθα,
1278 3068 1359 3136 τῷ
1393 3062 1617 3140 ἀγγὲλῳ
1661 3070 1761 3133 τῆς
1810 3060 1892 3118 δι-

243 3151 544 3222 καιοσύνης
577 3149 1051 3226 ἀκολουθήσωμεν.

1666 3249 2078 3308 MANDATUM
2107 3250 2227 3306 VII.

1248 3340 1340 3403 De
1370 3339 1624 3403 timendo
1653 3342 1799 3415 Deo,
1830 3350 1888 3405 et
1913 3340 2168 3402 dmmone
2196 3359 2312 3401 non
2330 3339 2653 3403 metuendo.

1669 3454 1896 3512 CAPUT
1935 3456 2233 3512 UNICUM.

314 3552 390 3621 (4)
419 3544 605 3606 Φοϐοὗ
650 3551 742 3607 τὸν
796 3549 1015 3626 Κύριον,
1059 3552 1150 3608 καὶ
1215 3550 1452 3630 φύλασσε
1508 3552 1604 3615 τὰς
1672 3551 1894 3615 ἐντολὰς

2074 3554 2241 3625 Time,
2263 3553 2475 3626 inquit,
2497 3556 2816 3611 Dominum.
2833 3560 2884 3612 et
2910 3555 3184 3613 mandata
3201 3558 3319 3630 ejus
3345 3559 3556 3615 custodi
3605 3560 3653 3597 ⁸ο

230 3638 424 3695 αὐτοῦ·
472 3639 563 3695 καὶ
612 3636 705 3715 ἔσῃ
751 3638 973 3704 δυνατὸς
1022 3640 1074 3696 ἐν
1117 3641 1326 3718 πράξει,
1358 3641 1450 3696 καὶ
1490 3643 1525 3712 ἡ
1556 3640 1749 3718 πρᾶξίς
1798 3662 1824 3696 σ

2058 3660 2253 3699 arvans
2281 3644 2438 3698 enim
2470 3649 2757 3717 praecepta
2792 3645 2912 3714 Dei,
2961 3648 3074 3702 eris
3130 3651 3337 3719 potens
3379 3648 3441 3704 in
3492 3650 3652 3705 omni

227 3727 560 3805 ἀσύγκριτος
591 3727 759 3785 ἔσται.
793 3724 1147 3802 Φοϐούμενος
1175 3730 1267 3785 τὸν
1298 3729 1519 3806 Κύριον,
1552 3731 1723 3785 πάντα
1753 3751 1820 3785 κα

2054 3738 2160 3798 :tu,
2189 3736 2246 3788 et
2275 3748 2447 3788 omne
2475 3733 2776 3805 negotium
2808 3735 2885 3807 (5)
2910 3735 3021 3791 erit
3050 3734 3526 3808 incomparabile.
3550 3739 3648 3793 Ti-

229 3817 460 3894 ἐργάσῃ.
493 3817 662 3881 Οὗτός
694 3817 836 3875 ἐστιν
865 3819 894 3874 6
925 3816 1092 3898 φόϐος
1124 3819 1182 3875 ’ὸν
1218 3816 1300 3875 δεῖ
1328 3840 1385 3874 σε
1432 3813 1762 3897 φοϐηθῆναι.
1794 3825 1823 3874 Ἰ

2058 3837 2172 3876 lens
2202 3819 2358 3876 enim
2392 3819 2730 3889 Dominum,
2763 3820 2961 3877 omnia
2988 3822 3144 3878 bona
3171 3823 3508 3894 operaberis
3555 3825 3652 3893 (6).

232 3900 501 3962 διάϐολον
536 3908 612 3981 μὴ
646 3902 915 3985 φοϐηθῇς,
947 3906 1030 3964 ὅτι
1063 3905 1286 3982 δύναμις
1317 3908 1369 3964 ἐν
1404 3907 1551 3981 αὐτῷ
1583 3907 1683 3964 οὐκ
1729 3904 1826 3963 ἔστι

2062 3909 2107 3964 ic
2137 3912 2228 3965 est
2256 3909 2435 3964 timor
2464 3925 2579 3982 quo
2596 3909 2802 3966 timere
2828 3914 3055 3983 oportet
3081 3911 3179 3983 (7),
3214 3915 3277 3966 ut
3305 3910 3503 3968 salvus
3524 3929 3656 3969 esse

234 3993 370 4051 οὐδὲ
398 3990 687 4074 φόϐος.Ἐν
720 3997 767 4070 ᾧ
806 3994 864 4052 δὲ
890 3999 926 4067 ἡ
951 3995 1177 4072 δύναμις
1270 3993 1503 4070 ἔνδοξος,
1526 3997 1618 4053 καὶ
1651 3992 1821 4073 φόϐος

2058 3998 2218 4054 assis.
2252 3996 2560 4054 Diabolum
2594 4003 2789 4055 autem
2844 4015 2912 4055 ne
2940 3999 3191 4061 timeas;
3228 3999 3445 4055 timens
3497 4001 3652 4056 enim

231 4084 410 4157 αὐτῷ.
445 4090 553 4147 ΙΙᾶς
593 4085 696 4161 γὰρ
728 4087 758 4141 6
796 4083 1023 4160 δύναμιν
1053 4084 1221 4164 ἔχων,
1251 4088 1340 4141 καὶ
1381 4081 1549 4164 φόϐον
1600 4083 1739 4161 ἔχει’
1776 4087 1804 4141 6

2058 4088 2341 4157 ominum,
2372 4088 2765 4143 dominaberis
2797 4088 2956 4143 illius
3007 4088 3125 4161 (8);
3177 4087 3317 4158 quia
3361 4088 3547 4144 virtus
3594 4089 3652 4145 in

239 4175 322 4247 μή
357 4170 502 4249 ἔχων
530 4171 776 4248 δύναμιν,
809 4175 914 4231 ὑπὸ
958 4177 1172 4231 πάντων
1220 4180 1681 4253 καταφρονεῖται..
1714 4177 1742 4231 6
1773 4173 1833 4231 δυ

2057 4175 2104 4232 lo
2137 4175 2299 4232 nulla
2324 4181 2429 4232 est.
2462 4176 2524 4231 ln
2556 4193 2672 4249 quo
2699 4181 2891 4233 autem
2925 4176 3109 4232 virtus
3166 4194 3280 4232 non
3330 4181 3439 4249 est,
3488 4176 3541 4232 is
3582 4195 3651 4235 ne

234 4260 348 4325 λος
379 4262 468 4317 οὗν
506 4267 605 4318 τοῦ
636 4264 834 4339 Κυρίου
869 4263 1093 4341 ἰσχυρός
1124 4264 1234 4320 ἐστι
1270 4264 1360 4319 καὶ
1393 4261 1668 4338 [ἔνδοξος].
1703 4259 1828 4319 Φοϐ¹

2061 4266 2304 4321 mendus
2333 4266 2575 4336 quidem
2606 4270 2713 4322 est.
2747 4265 2808 4320 In
2835 4282 2950 4337 quo
2989 4282 3125 4322 vero
3168 4265 3354 4322 virtus
3396 4264 3655 4338 gloriosa

233 4353 367 4423 θητι
415 4351 506 4406 οὗν
553 4352 646 4407 τὸν
688 4352 906 4429 Κύριον,
940 4353 1032 4408 καὶ
1076 4354 1211 4427 ζήσῃ
1254 4352 1421 4426 αὐτῷ,
1472 4350 1757 4429 φυλάσσων
1795 4375 1826 4409 τ

2056 4358 2113 4421 ιι,
2144 4354 2196 4411 is
2220 4354 2395 4411 etiam
2428 4355 2727 4411 timendus
2756 4360 2864 4410 est.
2924 4354 3129 4411 Omnis
3176 4354 3333 4411 enim
3379 4354 3650 4412 virtutem

231 4438 462 4503 ἐντολὰς
490 4439 676 4514 αὐτοῦ,
710 4441 787 4505 εἷς
815 4441 946 4506 τοὺς
975 4442 1200 4505 αἰῶνας.

2056 4444 2245 4511 ὼειιε,
2273 4444 2449 4501 etiam
2480 4445 2783 4501 timendus
2810 4448 2899 4500 est
2927 4444 3044 4517 (9);
3079 4460 3210 4499 nam
3245 4443 3348 4515 qui
3376 4443 3650 4500 virtutem

232 4546 357 4588 non
386 4528 582 4602 habet,
621 4532 695 4588 ab
725 4532 1003 4589 omnibus
1031 4532 1447 4589 contemnitur.
1480 4532 1647 4589 Time
1677 4532 1849 4605 plane
1879 4532 2030 4589 facta
2059 4532 2298 4600 diaboli,
2333 4533 2615 4605 quoniam
2657 4532 2918 4604 maligna
2945 4535 3080 4588 sunt
3107 4549 3119 4588 :
3176 4536 3445 4588 metuens
3495 4531 3653 4589 enim

228 4618 577 4689 Dominum,
606 4620 864 4693 timebis,
896 4625 954 4678 et
984 4638 1158 4694 opera
1212 4621 1429 4679 diaboli
1459 4639 1574 4678 non
1610 4622 1807 4690 facies,
1835 4623 1936 4678 sed
1968 4622 2077 4695 (10)
2110 4621 2433 4678 abstinebis
2463 4625 2521 4677 te
2567 4623 2640 4676 ab
2666 4622 2770 4678 eis.
2789 4621 3014 4693 Duplex
3063 4621 3220 4677 enim
3259 4620 3439 4677 timor
3457 4626 3566 4676 est.
3590 4621 3651 4676 Si

229 4707 403 4765 enim
437 4707 659 4764 malum
692 4711 920 4782 operari
944 4710 1197 4766 volueris
1225 4711 1362 4783 (ll),
1392 4711 1609 4768 timens
1639 4711 1977 4777 Dominum,
2010 4728 2083 4767 ne
2112 4711 2169 4766 id
2201 4712 2437 4784 quidem
2471 4711 2646 4767 facies
2676 4710 2815 4783 (12).
2846 4711 2905 4765 Si
2939 4713 3132 4765 autem
3166 4709 3385 4765 bonum
3415 4722 3656 4781 operare

226 4795 513 4863 volueris,
542 4798 720 4854 timor
748 4800 952 4873 utique
980 4801 1091 4873 (13)
1122 4800 1355 4856 Domini
1384 4799 1638 4871 validus,
1672 4805 1729 4857 et
1759 4802 1988 4873 ingens,
2022 4804 2078 4857 et
2105 4799 2396 4873 gloriosus
2426 4804 2533 4856 est.
2568 4799 2734 4855 Time
2775 4798 2957 4871 igitur
2981 4803 3184 4867 Deum,
3245 4800 3303 4852 et
3356 4796 3535 4853 vives.
3582 4796 3656 4854 Et

388 4902 570 4961 Eccle.
596 4922 701 4974 ιιι,
734 4906 823 4963 13.

1411 4996 1656 5053 VARle
1695 4995 1982 5053 LECTIOI‘

1411 4996 1656 5053 VARle
1695 4995 2087 5053 LECTIONES
2124 4996 2215 5051 ET
2252 4995 2480 5051 NOTIE.

312 5089 392 5168 (4)
418 5094 496 5168 Eg
528 5092 708 5168 Ποσει·ἶ
732 5093 807 5149 ad
832 5094 1276 5168 italiae/unum.
1309 5096 1364 5165 7,
1415 5112 1548 5168 pag.
1596 5097 1723 5151 255.
1775 5095 1893 5151 Ista
2072 5094 2415 5168 (10)_Lamb.
2456 5093 2674 5150 timebis
2725 5102 2777 5150 et
2822 5108 2987 5165 opera
3040 5090 3262 5147 diaboli.
3322 5089 3431 5146 Nec
3472 5088 3649 5163 facies

232 5160 420 5219 etiam
450 5165 646 5219 Graeca
677 5165 891 5221 desunt
923 5167 979 5221 in
1010 5165 1179 5222 editis
1225 5160 1524 5223 Pastoris."
1542 5168 1783 5223 Exhibet
1831 5171 1889 5222 et
1991 5160 2229 5231 ea,"sed.

229 5232 563 5309 Antiochus
590 5234 794 5309 homil.
830 5238 951 5293 127.
985 5237 1108 5293 Huc
1124 5242 1321 5293 autem
1347 5238 1601 5309 respexit
1620 5239 1887 5295 Clemens
2064 5230 2175 5309 (11)
2207 5235 2398 5293 Fellus
2429 5236 2648 5300 mallet,
2683 5237 2947 5309 nolueris.
2996 5234 3092 5309 Sic
3107 5238 3164 5289 et
3194 5230 3535 5309 Aptiochus.
3568 5234 3641 5287 At

225 5304 396 5382 Alc}.
419 5309 678 5382 ἒτρωμη
702 5308 800 5364 lib.
834 5326 896 5382 ῃ,
931 5311 1179 5382 cap._12,
1214 5326 1346 5382 pag.
1368 5304 1494 5365 458.

2041 5304 2307 5382 otelerius
2339 5313 2534 5382 censet
2588 5306 3173 5382 corrigenda__potius
3219 5304 3416 5382 Graeca
3456 5320 3635 5382 quam

328 5377 383 5450 ξ)
415 5370 518 5432 Sic'
539 5370 700 5434 Bodl.
733 5385 805 5436 At
834 5370 971 5436 Fém
997 5370 1138 5437 edit.
1165 5370 1350 5439 oioii.
1392 5382 1705 5439 consilium.

2048 5381 2217 5446 atina,
2244 5379 2587 5435 scribendo:
2620 5378 2684 5432 Εἰ
2740 5370 2833 5431 ὅῦν
2889 5370 3047 5450 θέλξις
3103 5374 3165 5450 τᾷ
3216 5370 3642 5450 πονηρᾷνξργα-

332 5448 389 5588 6g
423 5449 620 5505 Lamb.
664 5453 1008 5523 operabitur.

332 5518 363 5571 7
416 5518 580 5575 Bodl.
612 5525 671 5576 et
714 5524 913 5579 Lamb.
971 5539 1131 5588 quem
1184 5522 1275 5579 Sic
1316 5522 1526 5581 Fellus.
1570 5524 1674 5581 Hic
1728 5538 1886 5580 men-

2049 5442 2466 5573 ,cgailVeteres
2495 5450 2629 5506 libri
2673 5467 2686 5506 :
2722 5449 2841 5504 Ἐὰν
2903 5442 3061 5521 θέλξις
3110 5447 3174 5501 τὸ
3218 5442 3455 5520 πονηρὸν
3488 5442 3643 5520 ἐργά-

2049 5542 2091 5576 ῑσ
2127 5542 2200 5575 αι.

416 5518 580 5595 Bodl.
604 5518 913 5595 et'Lamb.
971 5539 1131 5595 quem
1184 5522 1275 5579 Sic
1316 5522 1526 5581 Fellus.
1570 5524 1674 5581 Hic
1728 5538 1886 5580 men-
1995 5523 2200 5576 σασθαι.

231 5588 390 5669 dum
415 5593 568 5669 apud
594 5591 928 5669 _l_"‘_abr_icium
963 5588 1020 5652 et
1047 5594 1352 5669 Cler‘icum.
2067 5595 2179 5669 (12)
2208 5591 2458 5669 ABodLet
2486 5592 2828 5669 Lamb._n_on
2849 5591 2904 5647 id
2919 5592 3108 5669 facies.
3157 5660 3221 5669 ___
3245 5661 3261 5669 _
3336 5659 3351 5669 _
3453 5660 3465 5669 _
3536 5660 3569 5669 η

313 5659 396 5737 (ξ)
421 5659 547 5737 ibid
567 5663 689 5737 illi.
723 5665 947 5723 Fellum
978 5665 1239 5723 consule.
2030 5659 2177 5737 7(13)
2205 5667 2342 5719 Mss.
2376 5664 2574 5721 Lamb.
2606 5669 2664 5721 et
2690 5664 2840 5720 Vict.
2906 5659 3109 5737 itaque.
3157 5659 3387 5719 Videsis
3435 5660 3647 5718 Antio-

314 5731 398 5807 (9)
421 5733 625 5794 Lamb.
656 5743 756 5813 est,
775 5754 875 5797 nec
902 5740 1067 5796 timor
1092 5739 1152 5795 in
1172 5739 1313 5814 ipso.
1995 5731 2091 5795 chi
2117 5731 2334 5794 Greca.
