4036 6344
477 379 587 445 931

1951 379 2017 441 S.
2062 378 2365 440 HERME

3774 382 3870 445 932

478 515 816 590 quicunque
845 530 979 572 eum
1012 513 1345 583 metuerint,
1377 513 1772 573 custodientes
1794 513 2072 570 mandata
2098 512 2248 585 ejus,
2276 527 2477 568 eorum
2507 511 2627 568 vita
2646 515 2737 569 est
2755 512 2907 584 apud
2933 510 3247 571 Dominum
3273 529 3389 571 non
3412 514 3867 574 custodientium

486 609 707 674 autem,
735 621 842 661 nec
868 605 988 661 vita
1018 605 1077 660 in
1106 604 1225 661 illis
1254 610 1361 663 est.

1787 716 2142 778 Amrocnvs,
2173 708 2402 765 humilia
2444 708 2566 763 127.

549 818 714 874 Time
742 820 910 889 enim,
950 819 1154 890 inquit,
1188 817 1520 887 Dominum,
1568 823 1626 874 et
1673 819 1949 874 mandata
1994 817 2106 887 ejus

2306 807 2593 883 Φοϐήθητι
2647 813 2774 889 γὰρ,
2842 811 2996 890 φησί,
3053 814 3143 869 τὸν
3200 813 3418 887 Κύριον,
3487 815 3582 870 χαί
3654 815 3877 893 φύλασσε

483 905 731 963 custodi.
765 906 996 962 Servans
1024 915 1207 961 autem
1235 916 1507 979 praecepta
1534 908 1649 977 Dei,
1682 910 1789 962 eris
1834 912 2020 978 potens
2060 906 2123 959 in

480 998 631 1053 omni
659 998 803 1063 actu,
835 1003 887 1050 et
914 997 1197 1067 negotium
1226 1005 1380 1051 tuum
1410 997 1514 1051 erit
1542 995 1991 1067 incomparabile.
2038 994 2120 1048 Ti-

476 1101 627 1140 mens
647 1086 796 1139 enim
826 1085 1135 1154 Dominum,
1168 1086 1353 1139 omnia
1385 1084 1515 1139 bene
1544 1085 1875 1155 cperaberis.
1909 1085 2007 1139 Hic
2044 1085 2121 1137 est

472 1174 658 1240 timor,
682 1190 785 1244 quo
817 1176 1021 1244 oportet
1049 1176 1111 1226 ut
1142 1174 1333 1227 timeas
1364 1176 1413 1227 et
1440 1173 1622 1228 salvus
1658 1174 1784 1229 eris.
1835 1172 2121 1227 Diabolum

476 1272 659 1318 autem
687 1279 756 1317 ne
783 1263 1000 1317 timeas.
1037 1263 1247 1316 Timens
1275 1263 1425 1316 enim
1466 1263 1757 1317 Dominum
1802 1260 2118 1316 dominabe-

470 1353 550 1407 ris
582 1351 829 1414 diaboli;
857 1352 987 1421 quia
1014 1351 1188 1405 virtus
1210 1352 1269 1405 in
1297 1349 1401 1406 illo
1428 1351 1589 1405 nulla
1620 1354 1716 1406 est.
1766 1351 1829 1406 In
1858 1366 1961 1421 quo
2012 1366 2118 1404 au-

473 1442 584 1494 tem
606 1441 778 1494 virtus
806 1454 918 1493 non
963 1444 1059 1507 est,
1094 1442 1140 1493 is
1179 1455 1248 1494 ne
1301 1438 1573 1495 timendus
1624 1439 1841 1510 quidem
1894 1442 2010 1495 est:
2056 1440 2116 1493 in

473 1542 578 1598 quo
607 1543 735 1583 vero
762 1529 936 1581 virtus
965 1527 1202 1595 gloriosa
1230 1530 1326 1593 est,
1376 1530 1424 1583 is
1477 1529 1649 1600 etiam
1704 1526 1977 1583 timendus
2016 1530 2114 1582 est.

480 1616 668 1671 Omnis
724 1618 873 1672 enim
922 1616 1176 1671 virtutem
1216 1616 1436 1682 habens,
1486 1619 1651 1671 etiam
1716 1615 1987 1671 timendus
2017 1618 2115 1671 est.

468 1705 607 1760 Nam
636 1706 733 1776 qui
758 1706 1015 1760 virtutem
1037 1720 1151 1759 non
1189 1704 1365 1776 habet,
1396 1706 1464 1760 ab
1510 1706 1761 1761 omnibus
1814 1708 2115 1762 contemni-

473 1800 586 1849 tur.
618 1794 763 1848 Time
784 1794 950 1865 plane
975 1795 1120 1864 facta
1148 1793 1374 1864 diaboli,
1407 1796 1664 1866 quoniam
1692 1795 1939 1865 maligna
1966 1799 2113 1851 sunt.

470 1881 705 1938 Metuens
724 1890 902 1937 autem
933 1882 1246 1946 Dominum,
1277 1898 1385 1938 non
1418 1883 1634 1939 timebis
1680 1899 1843 1956 opera
1887 1883 2113 1952 diaboli,

471 1980 666 2029 etnon
692 1972 858 2043 facies
885 1987 987 2038 ea;
1047 1971 1139 2027 sed
1184 1972 1480 2028 abstinebis
1537 1981 1585 2029 te
1636 1975 1708 2028 ab
1757 1975 1853 2029 eis.
1900 1973 2116 2045 Duplex

470 2076 605 2133 ergo
630 2062 800 2117 timor
830 2064 924 2115 cst.
955 2060 1018 2115 Si
1045 2062 1260 2115 malum
1286 2062 1499 2132 sperari
1525 2061 1790 2128 nolueris,
1829 2063 1960 2117 time
2009 2062 2113 2118 Do-

2226 900 2322 963 τὰς
2373 900 2593 963 ἐντολὰς
2645 901 2830 958 αὐτοῦ.
2889 899 3185 958 Φυλάσσων
3240 901 3297 958 δὲ
3343 905 3441 967 τὰς
3505 903 3739 967 ἐντολὰς
3795 912 3878 961 τοΞ

2228 994 2381 1062 Θεοῦ,
2442 988 2536 1065 ἔσῃ
2597 988 2820 1053 δυνατὸς
2879 990 2929 1045 ἐν
2987 990 3128 1064 πάσῃ
3184 993 3392 1066 πρςὶξειυ
3442 993 3536 1047 καὶ
3592 996 3632 1063 ἡ
3695 998 3878 1072 πρᾶξὲς

2228 1100 2323 1135 σου
2384 1079 2705 1156 ἀσύγκριτος
2765 1078 2931 1136 ἔσται.
2991 1075 3343 1153 Φοϐούμενος
3398 1084 3499 1156 γὰρ
3531 1084 3629 1137 τὸν
3667 1086 3875 1159 Κύριον,

2227 1171 2399 1224 πάντα
2426 1168 2608 1230 καλῶς
2657 1167 2871 1244 ἐργάσῃ.
2906 1168 3075 1231 Οὗτός
3122 1168 3261 1224 ἐστιν
3307 1170 3335 1223 6
3366 1165 3558 1247 φόϐος,
3590 1172 3656 1225 ὃν
3709 1170 3794 1227 δεῖ
3829 1196 3878 1229 σε

2225 1253 2553 1337 φοϐηθῆναι,
2602 1258 2691 1311 καὶ
2741 1259 2979 1331 σωθήσῃ.
3028 1258 3125 1312 Τὸν
3175 1255 3230 1312 δὲ
3270 1254 3528 1314 διάϐολον
3575 1262 3658 1333 μὴ
3714 1258 3881 1339 φοὸη-

2226 1350 2345 1421 θῇς.
2405 1342 2755 1419 Φοϐούμενος
2826 1347 2928 1422 γὰρ
2999 1346 3091 1401 τὸν
3165 1346 3380 1423 Κύριον,
3434 1352 3877 1427 κατακυριεύσας

2223 1441 2321 1491 τοῦ
2364 1431 2647 1506 διαϐόλου,
2681 1435 2764 1490 ὅτι
2814 1432 3038 1508 δύναμις
3081 1434 3180 1490 ούκ
3230 1431 3368 1490 ἔστιν
3411 1435 3463 1492 ἐν
3506 1437 3679 1511 αύτῷ.
3716 1441 3803 1494 Ἐν
3835 1442 3876 1511 ᾧ

2226 1522 2284 1580 δὲ
2326 1523 2549 1599 δύναμις
2600 1524 2700 1579 οὐκ
2744 1522 2907 1594 ἔστιν,
2940 1521 3064 1579 οὐδὲ
3111 1520 3300 1602 φόϐος·
3332 1524 3382 1579 ἐν
3426 1527 3470 1598 ᾧ
3514 1528 3553 1596 ἠ
3582 1524 3878 1602 δύναμιςῇ

2226 1611 2457 1689 ἔνδοξος,
2508 1612 2657 1668 καὶὸ
2702 1608 2869 1691 φόϐος
2926 1612 2976 1667 ἐν
3035 1612 3201 1686 αὐτῷ’
3234 1620 3345 1677 Πᾶς
3396 1615 3498 1691 γὰρ
3557 1616 3587 1671 6
3650 1614 3875 1690 δύναμιν

2226 1700 2389 1780 ἔχων,
2420 1704 2509 1758 καὶ
2563 1698 2730 1781 φόϐον
2777 1698 2914 1778 ἔχει’
2948 1702 2976 1756 6
3027 1699 3084 1757 δὲ
3134 1703 3209 1774 μή
3259 1699 3402 1778 ἔχων
3457 1700 3718 1779 δύναμιν,
3771 1708 3875 1761 ὑπὸ

2222 1794 2435 1848 πάντων
2464 1796 2897 1870 καταφρονεῖται.
2931 1786 3217 1862 Φοϐήθητι
3267 1789 3325 1847 δὲ
3351 1792 3418 1847 τὰ
3447 1790 3578 1871 ἔργα
3602 1798 3709 1850 τοῦ
3757 1792 3875 1851 δια-

2224 1876 2415 1951 ϐόλου,
2449 1880 2531 1936 ὅτι
2573 1881 2786 1957 πονηρά
2844 1878 2966 1937 εἶσι.
2997 1876 3350 1953 Φοϐούμενος
3404 1878 3463 1937 δὲ
3516 1882 3608 1938 τὸν
3652 1884 3874 1959 Κύριον,

2223 1970 2286 2025 οὐ
2318 1966 2607 2049 φοϐηθήσῃ
2635 1971 2701 2024 τὰ
2730 1965 2858 2046 ἔργα
2902 1973 3001 2024 τοῦ
3051 1964 3333 2042 διαϐόλου,
3363 1970 3455 2025 καὶ
3510 1971 3612 2027 οὐκ
3676 1972 3877 2049 ἐργάσῃ

2221 2058 2373 2114 amita"
2410 2057 2556 2115 ἀλλὰ
2612 2058 2775 2137 φεύξῃ
2832 2058 2921 2112 ἀπ’
2980 2056 3175 2113 αὐτῶν.
3235 2059 3419 2114 Δισσοῖ
3470 2061 3563 2115 οὖν
3625 2061 3765 2117 εἰσιν
3827 2065 3876 2118 oi

465 2152 703 2215 minam,
733 2158 784 2206 et
810 2150 872 2205 id
923 2166 1028 2205 non
1087 2152 1272 2221 facies.
1330 2151 1392 2207 Si
1446 2154 1633 2205 autem
1678 2150 1862 2206 adhuc
1918 2151 2106 2206 bonum

2231 2143 2405 2227 φόϐοι.
2439 2147 2502 2202 Εἰ
2560 2146 2621 2202 οὐ
2674 2146 2835 2221 θέλῃς
2890 2147 2952 2201 τὸ
3006 2146 3244 2222 πονηρὸν
3298 2146 3630 2225 ἐργάζεσθαι,
3695 2147 3873 2229 φοϐή-

471 2241 693 2312 operari
720 2240 981 2309 volueris,
1011 2239 1145 2294 time
1165 2240 1456 2293 Dominum
1478 2243 1527 2293 et
1556 2241 1723 2308 facies
1744 2238 1908 2294 illud.
1928 2240 2117 2295 Timor

469 2332 656 2399 itaque
687 2329 909 2383 Domini
929 2327 1151 2383 validus
1170 2333 1223 2384 et
1250 2328 1518 2398 gloriosus
1547 2332 1641 2382 est.
1701 2328 1764 2382 Et
1811 2329 2117 2399 quicunque

464 2433 593 2472 eum
622 2418 937 2488 metuerint,
968 2420 1021 2471 et
1046 2417 1401 2473 custodierint
1437 2415 1699 2471 mandata
1746 2416 1887 2488 ejus,
1934 2417 2115 2473 vivent

466 2506 595 2562 Deo.

2224 2250 2348 2309 θητι
2377 2237 2467 2292 τὸν
2497 2236 2714 2313 Κύριον,
2746 2236 2835 2291 καὶ
2876 2235 2975 2291 οὐκ
3012 2235 3206 2312 ἐργάζῃ
3235 2236 3387 2294 αὐτό.
3420 2238 3541 2292 Ἐὰν
3596 2236 3656 2294 δὲ
3711 2240 3874 2315 θέλῃς

2222 2325 2386 2382 πάλιν
2431 2327 2493 2380 τὸ
2540 2326 2735 2402 ἀγαθὸν
2786 2324 3126 2401 ἐργάσασθαι,
3178 2319 3448 2401 φοϐήθητι
3495 2328 3589 2382 τὸν
3650 2329 3871 2401 Κύριον,

2220 2414 2310 2470 καὶ
2358 2415 2557 2491 ἐργάζῃ
2605 2413 2753 2469 αύτό.
2785 2416 2944 2469 ’Ὡστε
2975 2414 3002 2469 ὁ
3034 2408 3201 2491 φόϐος
3248 2418 3344 2469 τοῦ
3397 2414 3599 2489 Κυρίου
3640 2416 3871 2495 ἰσχυρὸ-⁵

2218 2503 2375 2580 τερός
2408 2503 2539 2571 ἐστι,
2571 2503 2659 2558 καὶ
2694 2499 2929 2573 ἔνδοξος.
2958 2501 3054 2557 Καὶ
3112 2503 3227 2557 ὅσοι
3287 2502 3347 2557 ἃν
3399 2499 3720 2581 φοϐηθῶσιν
3774 2506 3869 2562 αό-

2217 2593 2334 2663 τόν,
2365 2594 2455 2648 καὶ
2493 2594 2777 2669 τηρήσωσι
2830 2595 2927 2655 τὰς
2986 2591 3209 2656 ἐντολὰς
3266 2590 3451 2666 αὐτοῦ,
3486 2596 3741 2666 ζήσονται
3794 2599 3871 2668 τῷ

2220 2686 2355 2755 Θεῷ.

1869 2834 2023 2895 MAN
2032 2834 2282 2894 DATUM
2316 2835 2462 2894 VIII.

1450 2937 1881 3003 Declinandum
1908 2951 1990 3003 est
2014 2961 2053 3005 a
2080 2942 2258 3020 malo,
2289 2952 2347 3005 et
2370 2941 2648 3025 facienda
2709 2940 2882 3004 bona.

538 3064 663 3121 Dixi
694 3063 822 3133 tibi,
856 3063 1065 3138 inquit.
1106 3063 1261 3135 quod
1291 3068 1566 3120 creatura:
1598 3066 1710 3138 (14)
1740 3066 1972 3122 Domini
2002 3067 2111 3124 du-

464 3152 645 3223 plices
674 3158 831 3221 sunt,
862 3159 917 3209 et
938 3152 1291 3209 abstinentia
1311 3152 1527 3225 duplex
1548 3158 1657 3209 est.
1681 3157 1727 3209 Α
1752 3155 2107 3225 quibusdam

459 3258 594 3315 ergo
643 3244 935 3299 abstinere
988 3246 1231 3315 oportet,
1286 3260 1318 3297 a
1364 3242 1718 3314 quibusdam
1777 3260 1909 3299 vero
1965 3262 2103 3300 non.

461 3332 784 3399 Manifesta,
820 3333 1083 3405 inquam,
1118 3330 1283 3398 mihi,
1318 3331 1574 3398 domine,
1607 3350 1641 3387 a
1672 3332 1888 3404 quibus
1920 3333 2105 3389 absti-

458 3437 593 3475 nere
623 3424 869 3491 oportet,
902 3426 1008 3475 eta
1030 3420 1244 3492 quibus
1267 3438 1403 3477 non.
1426 3421 1596 3487 Audi,
1624 3420 1812 3493 inquit
1838 3438 1850 3477 :
1874 3424 1920 3478 A
1952 3421 2103 3478 malo

459 3508 709 3575 abstine,
743 3513 799 3563 et
823 3508 937 3563 noli
962 3508 1102 3564 illud
1127 3510 1330 3565 facere.
1358 3512 1394 3564 A
1424 3510 1574 3565 bono
1593 3515 1787 3565 autem
1814 3511 2104 3567 abstinere

459 3595 602 3666 noli,
633 3596 735 3652 sed
766 3596 854 3651 fac
880 3596 1043 3652 illud.
1077 3598 1130 3651 Si
1165 3598 1318 3653 enim
1352 3599 1707 3653 abstinueris
1738 3616 1771 3654 a
1801 3600 1976 3668 bono,
2042 3604 2101 3656 et
2129 3603 2172 3670 C

460 3701 576 3739 non
605 3683 661 3739 id
696 3684 923 3749 feceris,
966 3686 1252 3756 peccabis.
1309 3686 1551 3742 Abstine
1603 3686 1783 3759 igitur
1829 3688 1901 3743 ab
1941 3688 2101 3743 omni

457 3772 635 3842 malo,
667 3777 723 3828 et
752 3774 901 3829 scies
932 3777 1044 3847 (16)
1077 3792 1309 3830 omnem
1356 3775 1671 3845 justitiam.
1720 3775 1953 3841 Quales,
2012 3777 2072 3831 in

457 3878 656 3934 quam,
691 3861 1084 3935 malignitates
1115 3869 1252 3917 sunt
1300 3864 1409 3929 ὴω,
1465 3881 1499 3919 a
1547 3863 1760 3934 quibus
1809 3865 2100 3921 abstinere

455 3951 727 4021 oportet?
781 3951 929 4006 Audi
991 3952 1124 4023 (17),
1187 3951 1416 4023 inquit:
1470 3954 1549 4007 Ab
1606 3951 1910 4008 adulteriis
1964 3953 2098 4025 (18),

455 4039 839 4096 ebrietatibus
865 4044 922 4095 et
951 4040 1473 4096 comessationibus
1522 4040 1633 4112 (49)
1684 4040 1975 4113 malignis,
2027 4042 2100 4097 ab

458 4142 593 4182 esca
623 4126 826 4192 nimia,
860 4144 894 4183 a
925 4127 1151 4183 lautitia
1198 4133 1254 4183 et
1298 4127 1689 4195 inbonestate,
1735 4131 1806 4184 ab
1857 4131 2102 4201 abnega-

451 4214 612 4272 tione
642 4216 781 4287 (20),
811 4233 845 4271 a
882 4217 1204 4287 mendacio,
1236 4234 1270 4272 a
1299 4217 1650 4273 detractione
1681 4216 1813 4289 (2i),
1845 4220 2098 4290 anequi-

453 4303 537 4359 tia
595 4303 753 4373 ﬁcta,
813 4322 846 4360 a
902 4306 1296 4361 recordatione
1351 4305 1579 4376 injuriae
1633 4306 1745 4377 (22)
1797 4306 2100 4364 etafama

455 4391 716 4465 pessima
745 4394 877 4465 (23).
911 4398 1040 4450 Heac
1071 4394 1227 4450 enim
1259 4400 1400 4450 sunt
1428 4410 1607 4465 opera
1636 4394 2033 4466 iniquitatum,
2066 4414 2101 4452 a

454 4481 671 4553 quibus
701 4482 995 4538 abstinere
1025 4488 1251 4554 oportet
1281 4499 1515 4539 servum
1542 4482 1663 4539 Dei.
1697 4484 1805 4547 Qui
1834 4485 1991 4540 enim
2024 4487 2097 4541 ab

449 4569 525 4626 iis
555 4569 845 4627 abstinere
876 4588 988 4627 non
1034 4578 1243 4643 potest,
1299 4573 1487 4627 vivere
1545 4572 1663 4627 Deo
1712 4589 1826 4628 non
1884 4577 2095 4646 potest.

446 4658 599 4714 Audi
631 4675 807 4729 nunc,
859 4660 1071 4731 inquit,
1127 4665 1183 4715 et
1238 4660 1540 4731 sequentia
1590 4677 1792 4716 eorum
1841 4662 1975 4735 (24).
2031 4663 2100 4719 Et

449 4747 685 4818 quidem
719 4747 902 4803 multa
924 4754 1061 4803 sunt
1083 4748 1293 4816 adhuc,
1320 4766 1353 4803 a
1374 4748 1590 4819 quibus
1619 4750 1911 4806 abstinere
1930 4751 2099 4808 debet

451 4852 654 4892 servus
684 4836 808 4892 Dei.
839 4838 885 4891 A
915 4837 1086 4908 furto,
1119 4837 1191 4893 ab
1250 4835 1630 4909 abnegatione
1686 4838 1819 4910 (25),
1875 4856 1909 4895 a
1948 4839 2095 4897 falso

2288 3157 2400 3229 (15)
2431 3156 2492 3211 Ἥ
2524 3156 2806 3230 ἐγκράτεια
2834 3151 3004 3223 διπλῆ
3047 3152 3177 3209 ἐστι.
3211 3152 3330 3207 Ἐπί
3395 3173 3559 3208 τινων
3621 3152 3724 3228 γὰρ
3780 3149 3857 3207 δει

2216 3265 2274 3299 σε
2312 3243 2740 3321 ἐγκρατεύεσθαι,
2770 3242 2859 3298 ἐπί
2885 3264 3053 3299 τινων
3077 3239 3137 3299 δὲ
3164 3241 3226 3297 ού
3257 3239 3358 3297 δεῖ.

2282 3421 2353 3475 Τὸ
2404 3421 2637 3497 πονηρὸν
2692 3419 3120 3495 ἓγκρατεύεσθαι,
3176 3417 3266 3473 καὶ
3327 3418 3405 3491 μή
3466 3422 3642 3473 ποιεῖν
3704 3418 3853 3473 αὐτό·

2209 3510 2272 3564 τὸ
2304 3507 2360 3565 δὲ
2388 3510 2585 3585 ἀγαθὸν
2619 3511 2694 3584 μὴ
2728 3509 3074 3585 ἐγκρατεύου,
3105 3506 3249 3563 ἀλλὰ
3276 3508 3418 3563 ποίει
3450 3506 3606 3565 αὐτό.

2280 3688 2633 3764 Ἐγχρατεύου
2688 3688 2792 3742 ἀπὸ
2852 3688 3031 3757 πάσης
3087 3686 3375 3763 πονηρίας,
3415 3684 3522 3740 ἀπὸ
3587 3685 3861 3759 μεθύσμι-

2208 3797 2320 3843 τος,
2352 3776 2596 3848 ἀνομίας,
2640 3776 2744 3830 ἀπὸ
2801 3782 3008 3852 τροφῆς
3063 3780 3325 3849 πονηρᾶς,
3379 3774 3486 3829 ἀπὸ
3545 3771 3858 3846 ἐδεσμάτων

2209 3863 2435 3920 πολλῶν
2462 3866 2551 3919 καὶ
2600 3864 2937 3936 πολυτελῶν,
2970 3862 3234 3934 πλούτου,
3265 3864 3614 3938 καυχήσεως,
3650 3861 3857 3937 ὑψηλο-

2210 3954 2481 4031 φροσύνης
2538 3955 2627 4008 καὶ
2692 3953 3077 4031 ὑπερηφανίας,
3135 3950 3224 4007 καί
3281 3948 3511 4026 ψεύδους
3567 3950 3659 4005 καὶ
3702 3972 3857 4005 καταο

2211 4041 2429 4111 λαλιᾶς,
2461 4043 2551 4097 καὶ
2595 4042 2946 4119 ὑποκρίσεως,
2974 4043 3063 4096 καὶ
3115 4040 3495 4116 μνησικακίας,
3527 4039 3621 4095 καὶ
3679 4040 3858 4111 πάσης

2214 4131 2590 4210 βλασφημίας.

2277 4401 2453 4452 Ταῦτα
2505 4399 2573 4453 τὰ
2623 4394 2752 4475 ἔργα
2804 4398 3017 4473 πονηρά
3076 4396 3187 4453 ἐστι
3240 4399 3310 4471 τῇ
3363 4398 3475 4469 ζωῇ
3506 4398 3614 4450 τῶν
3644 4394 3856 4472 ἀνθρώ-

2208 4505 2347 4541 πων·
2378 4485 2585 4543 τούτιυν
2619 4488 2710 4542 οὗν
2769 4492 2876 4543 τῶν
2933 4485 3101 4563 ἔργων
3157 4484 3241 4542 δεῖ
3296 4483 3706 4562 ἐγκρατεύεσθαι
3760 4482 3851 4539 τὸν

2210 4572 2408 4631 δοῦλον
2440 4580 2536 4631 τοῦ
2567 4581 2718 4634 Θεοῦ.
2753 4578 2810 4632 Ὃ
2840 4578 2944 4653 γὰρ
2992 4577 3067 4650 μὴ
3120 4574 3573 4652 ἐγκρατευόμενος
3616 4571 3851 4641 τούτων,

2208 4664 2271 4719 ού
2305 4661 2521 4721 δύναται
2557 4668 2711 4736 ζῆσαι
2740 4670 2820 4738 τῷ
2843 4670 2978 4738 Θεῷ.
3012 4666 3211 4720 ’Ἄκουε
3239 4662 3297 4720 δὲ
3324 4663 3413 4719 καὶ
3467 4662 3537 4719 τὰ
3590 4658 3863 4717 ἀκόλουθα

2205 4752 2435 4809 τούτων.
2475 4755 2575 4810 Καὶ
2605 4754 2793 4811 πολλά
2841 4754 2972 4810 εἰσιν
3003 4754 3093 4833 ἀφ’
3124 4755 3195 4809 ὧν
3247 4751 3329 4809 δεῖ
3368 4752 3460 4808 τὸν
3508 4750 3708 4807 δοῦλον
3766 4752 3859 4803 τοῦ

2210 4846 2346 4898 Θεοῦ
2406 4843 2837 4921 ἐγκρατεύεσθαι,
2893 4841 3099 4917 κλοπὴ,
3178 4839 3397 4918 ψεῦδος,
3475 4840 3859 4935 ἀποστερησις,

1620 4952 1857 5010 VARl/E
1894 4956 2272 5016 LECTIONES
2310 4962 2397 5017 ET
2456 4961 2684 5018 ΝΟΤΔΕ.

544 5048 630 5122 14)
662 5047 825 5105 Bold.
856 5053 1175 5108 creationes.
1212 5051 1407 5107 Lamb.
1442 5050 1744 5106 orationes.

546 5122 631 5190 15)
659 5122 740 5176 Ex
768 5127 951 5177 Doctr.
987 5126 1059 5178 ad
1090 5123 1340 5178 Antioch.
1375 5140 1539 5178 num.
1571 5123 1625 5176 8.
1661 5123 1871 5178 Eadem
1924 5124 2101 5184 habet

453 5193 770 5247 Antiochus
804 5193 1007 5249 homil.
1037 5196 1127 5249 79.

522 5264 634 5340 (19)
659 5264 824 5340 139“?
853 5265 1051 5340 [μείξει
1084 5266 1421 5340 Antiochea,
1445 5262 1833 5340 ,ἐργαζόμενοςο

520 5333 948 5419 (17)..Sic'l3odl.
985 5339 1187 5394 Lamb.
1222 5344 1278 5394 et
1306 5333 1487 5393 Cot'el.
1527 5333 1939 5395 "Alfaddunt:
2001 5340 2102 5397 Re-

456 5406 672 5477 spondit
701 5406 868 5461 mihi.

524 5475 637 5547 (18)
666 5476 781 5529 Aut
829 5477 1055 5553 legebat
1110 5478 1214 5533 ἀπὸ
1277 5478 1551 5553 μοιχείας,
1611 5477 1899 5553 πονηρίας,
1945 5480 2101 5553 μεθύ-

454 5549 1186 5626 σμᾳτοςηᾶιιμμεθύσματος
1209 5549 1494 5626 λοοεοΙΜιι
1525 5568 1658 5606 cum
1691 5549 1828 5626 voce
1859 5549 1985 5626 qua:
2011 5572 2100 5611 se-

455 5613 658 5746 a'gtur
680 5613 933 5689 ἀνομίας,
965 5613 1117 5677 sicut
1147 5613 1419 5679 exhibent
1455 5624 1571 5679 duo
1627 5621 1854 5679 codices
1875 5613 2098 5698 ‘Regis.

2308 5060 2393 5124 19)
2428 5059 2584 5116 Bodl.
2616 5064 2675 5115 et
2705 5060 2909 5117 Lamb.
2941 5060 3223 5117 conviviis.

2305 5132 2392 5201 20)
2424 5132 2624 5187 Lamb.
2654 5131 3007 5199 abnegantia.

2304 5204 2397 5270 2|)
2423 5204 2620 5258 Lamb.
2654 5203 2875 5257 omittit
2902 5204 3259 5259 detractione.

2303 5275 2393 5345 22)
2430 5274 2624 5329 Lamb.
2656 5276 2922 5330 memoria
2951 5276 3297 5345 matignatis.

2302 5344 2394 5414 23)
2444 5346 2640 5402 Graca
2688 5340 3246 5414 pseudo-Athanasii
3297 5349 3355 5402 et
3406 5340 3702 5409 Antiocb.,
3753 5342 3853 5396 etc.

2208 5411 2386 5485 πάσης
2423 5411 2792 5543 ﬂammulam

2278 5490 2392 5543 (24)
2484 5505 2563 5543 ss.
2596 5493 2781 5543 Carm.

2278 5490 2392 5559 (24)
2424 5487 2781 5544 Mss.'Carm.
2814 5494 2871 5544 et
2892 5488 3023 5545 Vict
3075 5490 3289 5545 horum.
3322 5488 3510 5544 Adhuc
3557 5501 3685 5556 ergo
3735 5487 3857 5539 sunt

2210 5564 2492 5632 sequentia
2523 5559 2743 5632 horum,
2774 5579 2807 5614 a
2830 5561 3045 5632 quibus,
3079 5568 3189 5617 etc.

2279 5624 2389 5702 (25)
2421 5631 2619 5686 Lamb.
2653 5624 3487 5703 apudClericum,(negatione.
3530 5624 3853 5703 Fellus‘ta-

2207 5696 2342 5761 men
2372 5696 2431 5759 in
2462 5718 2573 5759 sua
2602 5696 2742 5759 edit.
2801 5701 2984 5761 Oxon.
3040 5720 3077 5761 a
3139 5696 3578 5778 defraudatione,
3629 5714 3671 5755 a
3721 5696 3851 5770 falso
