4036 6344
178 395 298 455 933

1162 390 1493 454 PASTOR.
1529 426 1604 435 —
1634 388 1780 452 LlB.
1825 392 1904 466 II,
1949 393 2395 460 MANDATUM
2443 397 2603 460 VIII.

3461 402 3580 465 934

176 524 638 603 ψευδομαρτυρία,
669 522 969 596 πλεονεξία,
1000 521 1288 592 ἀλαζονεία
1316 524 1405 577 καὶ
1455 521 1553 578 ὅσα
1603 523 1819 586 τούτοις

1952 528 2289 601 ,estimonio,
2317 549 2351 586 a
2382 531 2718 604 cupiditate,
2752 550 2785 587 a
2816 534 3109 605 superbia,
3137 537 3194 590 et
3216 550 3578 608 quiscunque

181 616 371 690 ὅμοια.
402 616 462 672 El
493 615 583 670 οὖν
615 612 763 671 δοκεῖ
793 635 875 668 σοι
901 612 1114 689 πονηρά
1154 613 1289 667 εἶναι
1332 618 1499 668 ταῦτα
1529 616 1641 688 (26)
1676 633 1689 682 ;
1724 616 1827 671 Καὶ

180 706 305 763 λίαν
332 704 550 780 πονηρᾶ
575 709 689 766 τοῖς
731 700 952 764 δούλοις
978 706 1075 757 τοῦ
1116 706 1267 758 Θεοῦ.
1302 701 1683 779 Ἐγκράτευσαι
1733 702 1823 757 οὗν

182 796 290 851 ἀπὸ
319 794 557 867 πάντων,
583 791 675 847 ’ίνα
708 794 871 867 ζήσῃς
900 795 979 864 τῷ
1027 789 1162 864 Θεῷ,
1195 790 1284 846 καὶ
1335 790 1649 869 ἐγγραφήσῃ
1696 792 1829 865 μετά

178 888 290 940 τῶν
338 880 825 960 ἐγκρατευομὲνων.
856 886 923 935 ⁶Α
972 881 1067 953 μὲν
1120 880 1210 934 οὖν
1271 877 1353 935 δεῖ
1399 880 1825 957 ἐγκρατεύεσθαι,

178 971 349 1029 ταῦτά
404 971 565 1028 ἐστιν.
600 973 667 1025 ⁶Δ
725 967 783 1024 δὲ
839 966 922 1024 δεῖ
978 991 1035 1024 σε
1096 971 1169 1043 μή
1222 968 1649 1046 ἐγκρατεύεσθαι,
1684 968 1828 1025 ἀλλά

180 1066 381 1132 ποιεῖν,
409 1061 589 1115 ἄκουε·
621 1058 834 1114 πάντων
881 1062 1093 1131 πρῶτον
1152 1058 1354 1126 πίστις,
1386 1054 1553 1137 φόϐος
1607 1058 1826 1133 Κυρίου,

184 1151 438 1225 ὁμόνοια,
524 1148 728 1225 ἀγάπη,
804 1147 1024 1223 ῥήματα
1123 1144 1491 1220 δικαιοσύνης,
1576 1148 1825 1219 ἀλήθεια,

188 1240 465 1310 ὑπομονή.
495 1238 708 1292 Τούτων
742 1238 1082 1312 ἀγαθώτερον
1114 1234 1264 1291 οὐδὲν
1310 1236 1448 1291 ἐστιν
1498 1236 1548 1291 ἐν
1600 1239 1670 1309 τῇ
1715 1240 1827 1310 ζωῇ

181 1334 295 1383 τῶν
349 1328 668 1403 ἀνθρώπων·
726 1331 894 1381 ταῦτα
948 1325 1035 1381 ἐάν
1110 1346 1192 1387 τις
1259 1324 1539 1402 φυλάσσει,
1602 1325 1689 1380 καὶ
1753 1326 1829 1398 μὴ

184 1416 563 1494 ἐγκρατεύεται
618 1416 706 1471 ἀπ’
735 1415 934 1487 αὐτῶν,
968 1413 1230 1491 μακάριός
1286 1414 1425 1469 ἐστιν
1484 1414 1534 1469 ἐν
1589 1418 1656 1489 τῇ
1719 1418 1831 1488 ζωῇ

185 1507 371 1562 αὐτοῦ.
405 1506 536 1561 Εἶτα
566 1504 771 1560 τούτων
816 1505 883 1558 τὰ
930 1502 1202 1567 ἀκόλουθα
1246 1500 1427 1558 ἀκουεο
1461 1505 1643 1579 χήρας
1694 1504 1834 1575 ὑπη-

190 1602 383 1672 ρετεῖν,
439 1595 529 1650 καὶ
586 1593 850 1673 ὀρφανοὺς
908 1593 1331 1667 ὑστερουμένους
1403 1592 1831 1664 ἐπισκέπτεσθαι,

190 1684 246 1756 ἐξ
292 1685 528 1759 ἀνάγκης
578 1682 953 1758 λυτρώσασθαι
1002 1680 1130 1743 τοὺς
1163 1678 1393 1743 δούλους
1422 1686 1519 1735 τοῦ
1558 1686 1711 1752 Θεοῦ,
1745 1703 1831 1757 φι-

192 1772 410 1845 λόξενον
441 1773 593 1839 εἶναι,
633 1771 685 1826 ἐν
721 1771 824 1846 γὰρ
880 1774 950 1844 τῇ
1009 1768 1288 1847 φιλοξενίᾳ
1344 1770 1642 1846 εὑρίσκεται
1696 1770 1834 1845 ἀγά-

191 1862 496 1933 θοποίησις·
578 1859 811 1936 ἡσύχιον
904 1859 1055 1929 εἶναι,
1138 1857 1467 1935 ἐνδεέστερον

189 1952 363 2008 πάντα
410 1950 688 2025 ἄνθρωπον
740 1943 1046 2024 πρεσϐύτην
1096 1943 1361 2016 σέϐεσθαι,
1397 1949 1576 2003 ἀσκεῖν
1623 1947 1837 2004 δικαιο-

193 2041 382 2110 σύνην,
431 2037 773 2117 ἀδελφότητα
815 2042 1112 2113 συντηρεῖν,
1163 2032 1316 2112 ὕϐριν
1378 2037 1681 2115 ὑποφέρειν,
1734 2060 1837 2111 μα-

187 2129 462 2205 κρόθυμον
527 2128 682 2200 εἶναι,
737 2126 1129 2199 ἀμνησίκακον,
1179 2146 1483 2198 κάμνοντας
1538 2131 1605 2199 τῇ
1682 2130 1834 2201 ψυχῇ

188 2215 549 2295 παρακαλεῖν,
609 2212 1129 2288 ἐσκανδαλισμὲνους
1178 2212 1283 2267 ἀπὸ
1330 2217 1429 2282 τῆς
1478 2214 1706 2275 πίστεως
1760 2216 1832 2287 μὴ

189 2301 583 2378 ἀποϐαλὲσθαι,
615 2302 742 2358 ἀλλ’
788 2303 1120 2381 ἐπιστρέφειν
1174 2302 1263 2357 καὶ
1321 2301 1581 2376 ἐνθύμους
1633 2308 1832 2373 ποιεῖν,

188 2395 591 2472 ἁμαρτάνοντας
646 2398 930 2460 νουθετεῖν,
988 2393 1268 2468 χρεώστας
1330 2394 1404 2465 μὴ
1464 2388 1693 2461 θλίϐειν,
1749 2392 1836 2447 ἐν·-

190 2483 335 2547 δεεῖς
395 2485 470 2557 μὴ
529 2481 742 2549 λυπεῖν,
772 2481 862 2536 καὶ
918 2480 1015 2536 ὅσα
1042 2480 1257 2543 τούτοις
1289 2478 1458 2554 ὅμοιά
1486 2480 1647 2536 ἐστιν.
1683 2487 1839 2537 Δοκεῖ

188 2594 283 2629 σοι
311 2576 477 2627 ταῦτα
504 2570 678 2647 ἀγαθά
710 2570 841 2625 εἶναι
867 2588 881 2639 ;
913 2569 974 2625 Τί
1031 2568 1134 2645 γὰρ
1175 2567 1393 2625 δύναται
1440 2570 1651 2625 τούτων
1701 2571 1840 2647 ἀγα-

188 2663 431 2738 Θώτερον
463 2660 595 2715 εἶναι
625 2678 640 2729 ;
673 2659 919 2733 Γύμναζε
972 2659 1190 2713 σεαυτὸν
1248 2657 1301 2712 ἐν
1344 2658 1576 2730 τούτοις,
1608 2659 1697 2714 καὶ
1760 2661 1835 2733 μὴ

190 2749 519 2828 ἐγκρατεύου
551 2748 787 2816 πάντων,
812 2746 901 2802 καὶ
936 2749 1070 2822 ζήσῃ
1098 2751 1176 2819 τῷ
1206 2751 1341 2820 Θεῷ.

1576 1859 1807 1949 γενέσθαι
1818 1901 1833 1927 ,
1865 1883 1913 1949 Β

1936 617 2008 673 iis
2039 618 2255 675 similia
2285 625 2445 675 sunt.
2480 621 2763 677 Videntur
2792 637 2927 693 ergo
2956 623 3065 678 tibi
3098 623 3219 679 hac
3252 624 3405 680 mala
3426 641 3573 687 esse,

1937 723 2011 761 an
2042 724 2157 762 non
2177 707 2204 762 ?
2238 709 2515 780 Equidem
2544 709 2714 766 valde
2747 709 2899 765 mala
2927 716 3068 767 sunt
3100 711 3282 769 servis
3312 713 3435 770 Dei.
3493 715 3575 769 Ab

1936 792 2027 849 his
2058 810 2194 867 ergo
2226 797 2499 852 omnibus
2527 798 2641 870 (27)
2672 798 2843 853 debet
2874 799 3165 856 abstinere
3195 818 3397 859 servus
3452 802 3577 859 Dei.

1935 883 2177 939 Abstine
2207 900 2342 957 ergo
2373 884 2445 940 ab
2478 886 2752 941 omnibus
2775 887 2889 954 his,
2922 892 2987 943 ut
3016 888 3174 944 vivas
3205 890 3342 959 Deo,
3376 894 3433 946 et
3466 892 3578 963 (28)

1938 972 2213 1029 scribaris
2245 991 2377 1029 cum
2412 974 2861 1029 abstinentibus.
2890 977 2933 1030 A
2966 977 3180 1047 quibus
3200 993 3335 1050 ergo
3367 978 3580 1034 debeas

1938 1061 2250 1133 abstinere,
2283 1062 2386 1117 illa
2415 1068 2573 1117 sunt.
2609 1068 2654 1117 A
2686 1063 2900 1135 quibus
2944 1070 3137 1120 autem
3196 1082 3309 1120 non
3370 1067 3582 1122 debeas

1938 1151 2247 1217 abstinere,
2282 1150 2436 1206 audi.
2468 1152 2553 1205 Ab
2602 1151 2875 1207 omnibus
2928 1153 3096 1209 bonis
3147 1155 3419 1226 operibus
3462 1155 3585 1217 noli

1939 1240 2252 1304 abstinere,
2287 1240 2385 1295 sed
2422 1241 2508 1295 fac
2532 1239 2651 1295 illa.
2684 1241 2855 1310 Audi,
2886 1241 3098 1313 inquit,
3154 1242 3427 1299 virtutem
3480 1243 3582 1299 bo-

1941 1345 2150 1383 norum
2183 1345 2424 1400 operum
2457 1346 2586 1400 quas
2617 1329 2828 1385 debeas
2860 1330 3106 1401 operari,
3138 1336 3205 1385 ut
3228 1331 3425 1388 salvus
3454 1349 3583 1388 esse

1944 1416 2154 1489 possis.
2187 1417 2449 1473 Primum
2482 1417 2745 1473 omnium
2784 1424 2874 1474 est
2904 1418 3070 1485 ﬁdes,
3121 1419 3296 1475 timor
3324 1420 3584 1489 Domini,

1944 1506 2219 1575 charitas,
2251 1506 2578 1572 concordia,
2602 1506 2846 1578 aequitas
2867 1506 2999 1578 (29),
3024 1507 3256 1573 veritas,
3280 1508 3583 1579 patientia,

1943 1595 2202 1650 castitas.
2239 1595 2313 1651 Iis
2345 1595 2488 1649 nihil
2520 1601 2610 1651 est
2644 1595 2853 1651 melius
2882 1596 2939 1650 in
2973 1597 3087 1653 vita
3116 1597 3442 1661 hominum.
3480 1598 3581 1669 qui

1944 1682 2062 1738 haec
2092 1683 2473 1738 custodierint
2501 1689 2558 1738 et
2588 1684 2827 1739 fecerint
2846 1684 2902 1738 in
2937 1686 3052 1739 vita
3074 1703 3181 1741 sua
3201 1687 3339 1759 (30).
3363 1686 3586 1743 Deinde

1942 1771 2152 1827 horum
2183 1772 2488 1842 sequentia
2509 1772 2660 1826 audi.
2695 1772 2901 1827 Viduis
2922 1774 3354 1840 administrare,
3377 1775 3591 1847 orpha-

1944 1878 2050 1917 nos
2071 1868 2125 1917 et
2148 1876 2431 1932 pauperes
2452 1877 2562 1914 non
2588 1861 2901 1931 despicere,
2921 1867 3180 1918 etservos
3194 1864 3293 1919 Dei
3311 1881 3380 1919 ex
3396 1879 3590 1918 noces-

1946 1952 2116 2007 sitate
2149 1950 2453 2015 redimere,
2485 1949 2831 2020 hospitalem
2853 1966 3017 2018 esse;
3052 1951 3447 2023 hospitalitate
3474 1949 3585 2023 (31)

1945 2042 2100 2096 enim
2136 2039 2427 2093 invenitur
2453 2038 2769 2109 aliquando
2800 2040 3023 2111 fructus
3052 2040 3273 2095 bonus:
3308 2057 3423 2096 non
3447 2057 3590 2096 con-

1946 2129 2248 2195 tradicere,
2283 2126 2544 2197 quietum
2578 2142 2727 2192 esse,
2760 2125 3154 2182 humillimum
3179 2128 3291 2199 (32)
3326 2129 3447 2183 ﬁeri
3469 2145 3591 2183 om-

1947 2217 2107 2271 nium
2160 2216 2487 2281 hominum,
2524 2216 2772 2285 majores
2808 2221 2945 2269 natu
2974 2218 3180 2284 colere,
3214 2218 3449 2271 studere
3486 2218 3588 2287 ju-

1947 2306 2139 2376 stitiae,
2174 2304 2595 2359 fraternitatem
2628 2320 2985 2372 conservare,
3031 2306 3416 2362 contumelias
3470 2307 3588 2360 suf-

1945 2394 2113 2462 ferre,
2147 2392 2534 2465 iequanimem
2566 2408 2729 2461 esse;
2758 2391 2954 2464 lapsos
2985 2412 3018 2449 a
3046 2394 3158 2450 ﬁde
3190 2412 3303 2450 non
3346 2396 3587 2467 projice-

1946 2500 2028 2553 re,
2060 2482 2161 2539 sed
2199 2480 2550 2551 aequanimes
2606 2480 2825 2549 facere;
2889 2486 3191 2553 peccantes
3248 2483 3583 2554 admonere,

1947 2572 2240 2628 debitores
2270 2586 2385 2625 non
2417 2585 2711 2641 premere;
2743 2573 2800 2625 et
2830 2569 2879 2626 si
2922 2586 3037 2642 qua
3082 2570 3157 2626 iis
3213 2570 3450 2627 similia.
3484 2571 3589 2625 Vi-

1948 2662 2160 2717 dentur
2187 2658 2293 2714 tibi
2324 2658 2447 2712 haec
2476 2673 2604 2713 esse
2629 2658 2803 2724 bona,
2825 2675 2898 2714 an
2930 2675 3047 2715 non
3064 2657 3091 2712 ?
3122 2658 3269 2723 Quid
3292 2659 3449 2715 enim
3471 2676 3592 2715 me-

1947 2750 2063 2806 lius
2092 2754 2204 2814 est,
2234 2747 2497 2820 inquam,
2520 2746 2712 2804 verbis
2730 2734 3023 2819 istis(33)?
3044 2746 3175 2804 Vive
3197 2763 3353 2821 ergo,
3378 2748 3593 2820 inquit,

191 2843 260 2898 in
292 2840 387 2896 his
416 2838 732 2908 mandatis,
765 2842 822 2894 et
851 2838 966 2893 noli
990 2838 1061 2893 ab
1083 2838 1168 2894 eis
1196 2838 1480 2895 recedere.
1516 2838 1576 2895 Si
1607 2839 1765 2896 enim
1796 2839 2139 2897 custodieris
2168 2837 2289 2892 haec
2319 2835 2515 2892 omnia
2543 2836 2840 2904 mandata,
2884 2836 3040 2893 vives
3068 2836 3185 2893 Deo
3212 2854 3225 2906 ;
3280 2840 3338 2893 et
3387 2853 3592 2894 omnes

195 2929 303 3003 qui
333 2926 718 2986 custodierint
746 2926 869 2983 haec
902 2926 1200 2995 mandata,
1233 2926 1427 2983 vivent
1456 2932 1588 2984 Deo.

1510 3037 1867 3107 ANTIOCHUR,
1895 3038 2135 3093 homilia
2188 3034 2278 3089 79.

268 3125 333 3178 Ἡ
364 3120 455 3178 οὗν
513 3121 791 3199 ἐγκράτεια
848 3118 1016 3191 διπλῆ
1051 3120 1208 3176 ἐστιν’
1242 3120 1329 3176 ἐπί
1385 3143 1547 3177 τινων
1602 3125 1706 3201 γὰρ
1760 3122 1915 3195 δεῖρ

193 3212 633 3289 ἐγκρατεύεσθαι,
664 3210 752 3266 ἐπί
780 3232 937 3265 τινων
972 3209 1028 3266 δὲ
1066 3209 1127 3265 ού
1185 3208 1284 3269 δεῖ.
1314 3211 1384 3265 Τὸ
1444 3213 1682 3285 πονηρὸν
1738 3215 1841 3289 γάρ

192 3300 280 3356 δεῖ
321 3300 746 3376 ἐγκρατεύεσθαι,
778 3299 869 3354 καὶ
905 3301 977 3372 μή
1013 3305 1187 3354 ποιεῖν
1238 3298 1387 3354 αὐτό⁶
1419 3301 1480 3355 τὸ
1538 3298 1595 3356 δὲ
1642 3302 1840 3377 ἀγαθὸν

195 3390 277 3463 μή
348 3388 776 3465 ἐγκρατεύεσθαι,
835 3387 981 3443 ἀλλά
1034 3394 1229 3444 ποιεῖν.
1291 3389 1673 3465 Ἐγκράτευσαι
1749 3392 1843 3446 οὗν

192 3479 304 3533 ἀπὸ
328 3479 506 3547 πάσης
550 3476 835 3553 πονηρίας,
871 3476 1227 3553 ἐργαζόμενος
1279 3478 1342 3533 τὸ
1404 3478 1620 3554 ἀγαθόν’
1654 3479 1842 3556 ἐγκρά-

188 3586 380 3621 τευσαι
424 3564 531 3619 ἀπὸ
585 3564 861 3639 μοιχείας,
892 3565 1162 3640 πορνείας,
1199 3566 1560 3639 μεθύσματος,
1591 3567 1843 3640 ἀνομίας,

192 3655 305 3709 άπὸ
331 3656 562 3731 τρυφῆς,
594 3653 701 3707 ἀπὸ
730 3652 1011 3729 πονηρίας,
1045 3653 1148 3708 ἀπό
1178 3675 1237 3708 τε
1282 3652 1587 3728 ἐδεσμάτων
1617 3655 1842 3711 πολλῶν

187 3744 285 3799 καὶ
318 3740 697 3811 πολυτελείας,
728 3740 990 3808 πλούτου,
1021 3742 1109 3796 καὶ
1148 3744 1490 3818 καυχήσεως,
1526 3743 1843 3822 ὑψηλοφρο-

190 3832 387 3902 σύνης,
419 3830 508 3885 καὶ
542 3830 930 3909 ὑπερηφανίας,
962 3830 1050 3885 καὶ
1084 3831 1187 3885 ἀπὸ
1217 3832 1547 3905 ψεύσματος,
1570 3831 1658 3888 καί
1687 3855 1847 3889 κατα-

189 3919 416 3987 λαλιάς,
447 3920 537 3974 καὶ
583 3918 938 3993 ὑποκρίσεως,
967 3919 1056 3974 καὶ
1118 3920 1490 3993 μνησικακίας,
1522 3922 1611 3976 καὶ
1668 3922 1844 3994 πάσης

191 4009 575 4087 βλασφημίας,
635 4006 979 4082 κλέμματος,
1046 4008 1479 4086 ἀποστερήσεως,
1541 4008 1844 4087 ψευδομαρ-

182 4098 403 4173 τυρίας,
483 4095 821 4167 πλεονεξίας,
915 4096 1201 4170 ἐπιθυμίας
1281 4103 1543 4175 πονηρᾶς,
1614 4099 1846 4171 ἀπάτης,

181 4184 518 4257 κενοδοξίας,
552 4184 892 4255 ἀλαζονείας,
923 4186 1013 4241 καὶ
1064 4186 1164 4242 ὅσα
1218 4186 1433 4249 τούτοις
1489 4186 1657 4261 ὅμοιά
1712 4187 1845 4246 ἐστι.

184 4275 409 4330 Τούτων
468 4272 534 4343 δὴ
590 4278 699 4328 τῶν
754 4271 922 4351 ἔργων
975 4271 1056 4329 δεῖ
1085 4272 1495 4351 ἐγκρατεύεσθαι
1526 4276 1616 4331 τὸν
1645 4277 1845 4352 ἀγωνι-

185 4364 324 4433 στὴν
382 4363 471 4418 καὶ
520 4360 716 4418 δοῦλον
775 4367 871 4417 τοῦ
901 4361 1054 4421 Θεοῦ.
1088 4363 1206 4418 Εἰσὶ
1263 4364 1353 4420 καὶ
1412 4362 1540 4442 ἔργα
1586 4366 1780 4442 ἀγαθά,
1814 4366 1847 4421 ἃ

2023 3126 2195 3197 Igitur
2221 3123 2557 3179 abstinentia
2584 3122 2790 3192 duplex
2816 3128 2937 3179 est:
2981 3140 3020 3178 α
3067 3123 3402 3194 quibusdam
3443 3124 3593 3179 enim

1950 3214 2223 3270 abstinere
2253 3216 2495 3282 Oportet;
2524 3228 2560 3265 a
2590 3209 2913 3281 quibusdam
2951 3226 3072 3266 vero
3113 3226 3225 3266 non
3270 3213 3497 3281 oportet.
3552 3210 3595 3265 Α

1951 3304 2096 3358 malo
2125 3302 2274 3357 enim
2304 3301 2580 3355 abstinere
2607 3303 2835 3373 oportet,
2866 3308 2917 3354 et
2948 3298 3003 3353 id
3031 3314 3140 3355 non
3166 3301 3433 3369 facerem
3456 3299 3595 3355 bona

1952 3396 2267 3447 autemnon
2307 3390 2594 3456 abstinere,
2652 3388 2745 3443 sed
2790 3390 2991 3451 facere.
3038 3388 3259 3443 Abstine
3306 3389 3481 3458 igitur
3526 3388 3595 3443 ab

1952 3482 2102 3535 omni
2128 3480 2295 3543 malo,
2324 3479 2535 3545 faciens
2560 3478 2698 3549 quod
2720 3478 2917 3532 bonum
2945 3482 3065 3531 est:
3089 3477 3302 3533 abstine
3331 3477 3398 3533 ab
3438 3476 3595 3532 adul-

1951 3571 2106 3635 terio,
2134 3569 2519 3640 fornicatione,
2547 3567 2832 3631 ebrietate.
2862 3567 3081 3620 malitia
3109 3582 3203 3620 seu
3227 3566 3594 3635 inhonestate,

1952 3675 1986 3713 a
2013 3658 2248 3723 deliciis,
2280 3656 2356 3711 ab
2385 3672 2509 3710 esca
2537 3656 2714 3710 nimia
2742 3658 2791 3710 et
2841 3655 3085 3719 lautitia,
3130 3656 3346 3711 divitiis
3391 3659 3441 3711 et
3479 3656 3595 3725 glo-

1952 3748 2208 3815 riatione,
2241 3754 2292 3800 et
2319 3745 2549 3799 elatione
2577 3746 2755 3798 animi
2781 3748 2832 3798 et
2861 3744 3145 3815 superbia,
3178 3752 3283 3799 eta
3312 3745 3597 3799 mendacio

1954 3851 2019 3889 ac
2049 3834 2398 3901 detractione,
2430 3834 2758 3907 ctueqtiitia
2801 3833 2947 3903 ﬁcta,
2996 3836 3046 3887 et
3088 3832 3461 3888 recordatione
3506 3835 3595 3887 in-

1945 3924 2134 3996 juriae,
2166 3931 2215 3979 et
2244 3924 2397 3979 omni
2427 3922 2765 3990 blasphemia
2794 3922 2913 3993 [seu
2939 3922 3090 3992 fama
3116 3920 3395 3994 pessima,]
3415 3921 3595 3994 furto,

1954 4012 2147 4083 fraude
2181 4027 2278 4067 seu
2329 4011 2712 4082 abnegatione,
2769 4011 2911 4080 falso
2962 4009 3283 4076 testimonio,
3333 4012 3596 4079 avaritia,

1954 4101 2258 4172 cupiditate
2320 4100 2491 4167 mala,
2545 4097 2696 4169 dolo,
2756 4100 2917 4154 inaui
2966 4101 3161 4167 gloria,
3220 4099 3497 4171 superbia,
3552 4106 3603 4155 et

1955 4205 2291 4263 quaecunque
2315 4190 2386 4243 iis
2412 4187 2630 4243 similia
2683 4196 2831 4243 sunt.
2891 4189 2969 4243 Ab
3027 4189 3112 4243 his
3165 4204 3293 4260 ergo
3349 4189 3602 4261 operibus

1952 4287 2166 4351 oportet
2195 4278 2464 4334 abstinere
2491 4278 2736 4349 pugilem
2769 4293 2834 4332 ac
2861 4293 3075 4333 servum
3107 4278 3219 4335 Dei.
3252 4278 3389 4333 Sunt
3416 4283 3600 4333 autem

1955 4378 2004 4424 et
2032 4384 2194 4439 Opera
2224 4369 2384 4437 bona,
2412 4381 2536 4439 quae
2583 4370 2789 4438 Oportet
2841 4367 3041 4437 facere,
3089 4377 3143 4422 et
3173 4384 3204 4422 a
3248 4367 3444 4440 quibus
3488 4382 3600 4423 non

1359 4482 1599 4538 VARIIE
1639 4484 2026 4540 LECTIONES
2076 4483 2165 4538 ET
2219 4482 2447 4538 NOT/E.

193 4578 550 4652 testimonio,
584 4595 619 4634 a
672 4579 1010 4652 cupiditate,
1052 4596 1087 4633 a
1123 4580 1415 4650 jactantia,
1474 4589 1527 4636 et
1581 4596 1843 4652 quwcun-

191 4667 327 4723 que,
340 4653 463 4723 etc.
496 4625 588 4723 Sic
620 4625 814 4706 auterm
837 4651 953 4718 ille,
976 4625 1109 4723 licet
1123 4625 1415 4722 agnoscat
1429 4625 1606 4707 editt?
1617 4658 1674 4706 et
1697 4670 1839 4708 mss.

193 4721 472 4777 exhibere
492 4721 866 4791 abnegatione,
900 4728 958 4778 et
980 4721 1190 4777 statim
1205 4724 1499 4791 superbia:
1532 4746 1560 4773 «
1598 4723 1731 4789 Sed,
1756 4725 1842 4779 in-

192 4794 349 4865 quit,
380 4809 548 4848 voces
578 4794 703 4848 istae
737 4794 907 4864 paulo
939 4793 1208 4865 superius
1260 4794 1568 4859 habentur,
1617 4811 1720 4849 nec
1772 4796 1845 4849 ab

197 4810 349 4865 quit,
380 4810 548 4848 voces
578 4810 703 4848 iam:
737 4810 907 4864 paulo
939 4811 1003 4850 su
1052 4810 1208 4847 erius
1260 4810 1568 4859 nanentur,
1617 4811 1720 4849 nec
1772 4810 1845 4849 an

197 4870 438 4947 auctore
461 4864 710 4947 repetita
726 4881 825 4934 per
844 4810 1199 4947 ταυτολογίαν
1228 4866 1381 4947 credi
1402 4866 1846 4947 ‘debent..Voces

196 4952 338 5008 ergo
360 4934 507 5008 alias
525 4934 599 4990 ex
627 4936 819 5008 Greco
847 4934 1111 4994 Antiochi
1146 4937 1490 5008 repetendas
1523 4937 1679 4991 duxi.
1711 4961 1733 4987 ι

421 5006 481 5061 In
505 5007 676 5081 editis
697 5012 893 5081 Graeca
950 5010 1071 5081 sic:
1126 5005 1259 5081 εἶναι
1312 5011 1477 5081 ταῦτα
1505 5005 1842 5081 ;-Ἀπεκρίθη

194 5074 301 5130 Καὶ
326 5074 479 5151 λίαν,⁸
501 5096 551 5134 κ.
579 5074 714 5151 τελ.
758 5079 867 5135 Ubi
906 5079 1027 5135 vult
1081 5079 1335 5135 Clericus
1365 5080 1479 5151 leg.
1505 5074 1843 5151 νάπεκρίδηνζ

194 5154 273 5223 _At
300 5149 912 5223 pseudo-Athanasius
944 5151 1099 5206 unde
1129 5151 1244 5205 ista
1289 5149 1621 5223 desumpta,
1668 5149 1848 5206 habet

194 5217 465 5292 ἀπεκρίθη
496 5237 511 5287 ς
547 5225 603 5275 et
633 5222 865 5290 quidem
900 5229 1086 5287 recte;
1143 5223 1271 5292 ejus
1324 5223 1479 5276 enim
1503 5217 1719 5278 'oratio
1766 5224 1847 5277 ita

198 5290 712 5364 postulat,Hermae
746 5310 861 5348 non
893 5293 1135 5349 item.Ex
1165 5290 1231 5348 eo
1255 5293 1433 5363 igitur
1459 5293 1561 5348 illa
1616 5299 1846 5349 tantum

198 5363 452 5435 petenda
480 5380 604 5435 quae
635 5380 704 5418 ex
760 5369 973 5419 Herma
1021 5365 1367 5435 descripsit:
1420 5370 1625 5420 cetera
1668 5366 1848 5422 omit-

196 5434 397 5500 tanda,
431 5434 676 5506 ut’saape
714 5434 877 5491 alias.
912 5437 1103 5506 Neque
1133 5434 1287 5490 enim
1319 5436 1736 5492 conformanda
1762 5437 1845 5491 vi-

201 5506 417 5561 dentur
442 5507 1136 5579 pseudo-Athanasiana,
1186 5510 1251 5579 ut
1295 5508 1471 5562 veteri
1505 5578 1510 5579 ί
1546 5508 1846 5579 interpreti

200 5577 599 5649 respondeant
622 5595 634 5633 :
656 5580 808 5649 quod
828 5586 1018 5634 tamen
1049 5578 1267 5649 passim
1291 5596 1324 5633 a
1348 5578 1607 5635 Fabricio
1632 5577 1843 5635 factum

192 5648 568 5719 video,atque
595 5648 857 5705 aClerico
888 5654 944 5706 et
966 5648 1231 5706 Russelio
1254 5649 1585 5705 Fabricium
1608 5651 1843 5706 secutis.

269 5717 384 5794 (27)
412 5717 659 5791 Cdnjicit
686 5719 1003 5778 Gotelerius
1032 5721 1125 5778 hic
1168 5721 1503 5779 addendum
1558 5722 1843 5797 operibus,

1956 4581 2111 4652 quod
2144 4580 2201 4635 in
2234 4580 2428 4653 Graeco
2444 4578 2687 4653 (legatur
2709 4574 2916 4653 ἔργων..
2938 4584 3145 4653 Neque
3166 4577 3388 4653 fallitur
3406 4575 3494 4653 v_ir
3513 4574 3598 4630 Cl.

1958 4646 2159 4707 contra
2187 4669 2251 4706 ac
2282 4651 2486 4706 scribit
2516 4646 2793 4717 Clericus,
2821 4650 2922 4721 qui
2952 4646 3179 4722 putavit
3210 4651 3404 4722 ipsum
3435 4646 3603 4722 locue

1956 4730 2080 4799 tum
2108 4723 2300 4799 de_his
2329 4721 2540 4799 Graecis
2565 4719 3145 4799 pseudo-tittianasii,
3166 4720 3264 4774 ubi
3283 4734 3422 4775 sane
3441 4719 3602 4799 deest

1955 4791 2145 4868 ἔργων.
2180 4797 2394 4847 Verum
2426 4794 2739 4848 Cotelerius
2762 4794 3026 4848 Antiochi
3070 4793 3264 4847 Graeca
3323 4791 3596 4869 respexit,

1955 4874 2011 4921 et
2041 4866 2133 4920 hic
2164 4864 2398 4921 quidem
2430 4864 2632 4919 homil.
2662 4864 2753 4921 79.
2779 4871 2843 4919 ut
2863 4881 2994 4919 mox
3019 4866 3186 4921 infra.
3219 4863 3415 4921 Neque
3440 4876 3597 4915 enim

2083 4881 2133 4919 lC
2164 4880 2398 4925 QUlGem
2430 4880 2632 4919 nomn.
2664 4880 2753 4925 Ἰυ,
2779 4880 2843 4919 ut
2863 4881 2994 4919 mox
3019 4880 3186 4925 lnII‘a,

1954 4877 2011 4921 et
2041 4877 2133 4920 hic
2164 4877 2398 4935 quidem
2430 4877 2632 4919 nomil.
2662 4877 2753 4929 '19,
2779 4877 2843 4919 ut
2863 4881 2994 4919 mox
3019 4877 3186 4925 intra,
3220 4877 3415 4932 Neque
3440 4877 3596 4915 enim

1955 4938 2014 4992 in
2048 4938 2159 4992 ista
2190 4936 2745 5007 pseudo-Athanasii
2779 4937 2975 4991 Graeca
3010 4935 3256 5006 digitum
3296 4932 3596 5007 intendere

1956 5002 2206 5084 poterat,
2235 5025 2359 5084 quae
2390 5008 2649 5084 nondum
2676 5006 2833 5084 edita
2862 5002 3110 5084 fuerant:
3143 5021 3276 5084 eum
3300 5002 3595 5084 ille.su_am

1954 5076 2615 5149 Patrumap'ostolicorum
2644 5078 2957 5133 editionem
2990 5078 3049 5131 in
3066 5076 3277 5147 vulgus
3307 5076 3522 5129 emisit.

2025 5152 2136 5221 (28)
2172 5151 2367 5205 Lamb.
2402 5150 2634 5215 desunt,
2666 5151 2813 5204 vivas
2843 5152 2946 5205 Deo
2974 5157 3046 5203 et.

2046 5221 2136 5291 29)
2172 5221 2365 5275 Lamb.
2398 5223 2595 5291 pietas,
2627 5223 2880 5291 aequitas.

2046 5237 2136 5293 es)
2172 5237 2365 5275 Lamo.
2398 5237 2595 5291 pietas,
2627 5237 2880 5291 aequitas.

2025 5237 2136 5365 (30)
2174 5294 2366 5346 Lamb.
2402 5300 2459 5346 et
2487 5294 2677 5347 Carm.
2706 5296 2767 5345 in
2814 5294 2925 5346 vita
2972 5290 3274 5365 hominum.
3319 5289 3426 5357 Qui
3482 5291 3601 5344 hec

1952 5362 2265 5421 custodierit
2294 5374 2343 5417 et
2370 5366 2561 5434 fecerit
2591 5366 2651 5418 in
2684 5366 2792 5418 vita
2822 5380 2943 5430 sua,
2975 5363 3115 5417 vivet
3152 5362 3278 5417 Deo.

2024 5437 2136 5508 (31)
2174 5445 2184 5508 l
2213 5435 2368 5508 amb.
2400 5436 2463 5489 In
2493 5436 2745 5508 hospitio.

2023 5501 2136 5575 (3'3)
2176 5506 2339 5575 Bodl.
2366 5501 2649 5575 etLamb.
2684 5506 3056 5575 humiliorem.
3091 5501 3596 5575 Vetus‘interpres

1954 5571 2635 5651 ΓοιλιθἸϐεηένδεὲστερον
2695 5574 2935 5651 γενέσθαι
2988 5573 3200 5651 πάντων
3268 5571 3593 5651 ἀνθρώπων.

1954 5650 2049 5707 Sic
2077 5654 2133 5704 et
2162 5644 2505 5704 Abtiocbus.
2538 5644 2720 5704 Aliter
2748 5644 3380 5720 pseudo-Athanasius.

2025 5721 2138 5796 (33)
2170 5720 2335 5791 Bodl,
2365 5723 2423 5776 et
2453 5720 2650 5777 Lamb.
2682 5719 2880 5777 horum
2906 5719 3213 5776 verborum.
