  <div class='ocr_page' id='page_1' title='image "/cluster/home/n/w/nwhite01/storage/ocr_20150623/2/hvd.32044073501421/479.png"; bbox 0 0 4036 6356; ppageno 0'>
   <div class='ocr_carea' id='block_1_1' title="bbox 497 364 2122 441">
    <p class='ocr_par' dir='ltr' id='par_1_1' title="bbox 497 364 2122 436">
     <span class='ocr_line' id='line_1_1' title="bbox 497 364 2122 436; baseline -0.004 0"><span class='ocrx_word' id='word_1_1' title='bbox 497 373 612 436; x_wconf 76' lang='lat'><em>935</em></span> <span class='ocrx_word' id='word_1_2' title='bbox 1990 370 2058 433; x_wconf 82' lang='lat' dir='ltr'><em>S.</em></span> <span class='ocrx_word' id='word_1_3' title='bbox 2104 364 2122 429; x_wconf 89' lang='lat' dir='ltr'><em>l</em></span> 
     </span>
    </p>
   </div>
   <div class='ocr_carea' id='block_1_2' title="bbox 2213 364 3865 441">
    <p class='ocr_par' dir='ltr' id='par_1_2' title="bbox 2214 366 3865 441">
     <span class='ocr_line' id='line_1_2' title="bbox 2214 366 3865 441; baseline 0.005 -9"><span class='ocrx_word' id='word_1_4' title='bbox 2214 366 2407 432; x_wconf 72' lang='lat' dir='ltr'><em>RMJE</em></span> <span class='ocrx_word' id='word_1_5' title='bbox 3772 379 3865 441; x_wconf 70' lang='lat'><em>936</em></span> 
     </span>
    </p>
   </div>
   <div class='ocr_carea' id='block_1_3' title="bbox 493 498 2122 582">
    <p class='ocr_par' dir='ltr' id='par_1_3' title="bbox 493 501 2122 573">
     <span class='ocr_line' id='line_1_3' title="bbox 493 501 2122 573; baseline -0.004 -11"><span class='ocrx_word' id='word_1_6' title='bbox 493 507 653 563; x_wconf 87' lang='lat' dir='ltr'><em>debes</em></span> <span class='ocrx_word' id='word_1_7' title='bbox 682 506 973 562; x_wconf 84' lang='lat' dir='ltr'><em>abstinere.</em></span> <span class='ocrx_word' id='word_1_8' title='bbox 1008 504 1260 560; x_wconf 82' lang='lat' dir='ltr'><em>Primum</em></span> <span class='ocrx_word' id='word_1_9' title='bbox 1287 519 1411 559; x_wconf 90' lang='lat' dir='ltr'><em>vero</em></span> <span class='ocrx_word' id='word_1_10' title='bbox 1442 517 1690 558; x_wconf 75' lang='lat' dir='ltr'><em>omnium</em></span> <span class='ocrx_word' id='word_1_11' title='bbox 1736 511 1814 558; x_wconf 86' lang='lat' dir='ltr'><em>est</em></span> <span class='ocrx_word' id='word_1_12' title='bbox 1861 501 2015 573; x_wconf 86' lang='lat' dir='ltr'><em>ﬁdes,</em></span> <span class='ocrx_word' id='word_1_13' title='bbox 2065 504 2122 557; x_wconf 85' lang='lat' dir='ltr'><em>ti-</em></span> 
     </span>
    </p>
   </div>
   <div class='ocr_carea' id='block_1_4' title="bbox 2213 498 3867 582">
    <p class='ocr_par' dir='ltr' id='par_1_4' title="bbox 2213 498 3867 582">
     <span class='ocr_line' id='line_1_4' title="bbox 2213 498 3867 582; baseline 0.006 -27"><span class='ocrx_word' id='word_1_14' title='bbox 2213 498 2331 571; x_wconf 48' lang='grc' dir='ltr'>,δεῖ</span> <span class='ocrx_word' id='word_1_15' title='bbox 2377 499 2708 576; x_wconf 80' lang='grc' dir='ltr'>ἐργάζεσθαι,</span> <span class='ocrx_word' id='word_1_16' title='bbox 2738 501 2827 555; x_wconf 82' lang='grc' dir='ltr'><em>καὶ</em></span> <span class='ocrx_word' id='word_1_17' title='bbox 2889 502 2963 573; x_wconf 78' lang='grc' dir='ltr'>μή</span> <span class='ocrx_word' id='word_1_18' title='bbox 3024 500 3455 579; x_wconf 79' lang='grc' dir='ltr'>ἐγκρατεύεσθαι.</span> <span class='ocrx_word' id='word_1_19' title='bbox 3490 508 3607 582; x_wconf 88' lang='grc' dir='ltr'>Πρὸ</span> <span class='ocrx_word' id='word_1_20' title='bbox 3660 506 3717 563; x_wconf 73' lang='grc' dir='ltr'>δὲ</span> <span class='ocrx_word' id='word_1_21' title='bbox 3766 514 3867 565; x_wconf 74' lang='grc' dir='ltr'>πάν-</span> 
     </span>
    </p>
   </div>
   <div class='ocr_carea' id='block_1_5' title="bbox 494 585 2122 674">
    <p class='ocr_par' dir='ltr' id='par_1_5' title="bbox 494 591 2120 664">
     <span class='ocr_line' id='line_1_5' title="bbox 494 591 2120 664; baseline -0.004 -11"><span class='ocrx_word' id='word_1_22' title='bbox 494 613 622 653; x_wconf 90' lang='lat' dir='ltr'><em>mor</em></span> <span class='ocrx_word' id='word_1_23' title='bbox 673 596 897 652; x_wconf 89' lang='lat' dir='ltr'><em>Domini</em></span> <span class='ocrx_word' id='word_1_24' title='bbox 940 594 1203 659; x_wconf 76' lang='lat' dir='ltr'><em>Charitas,</em></span> <span class='ocrx_word' id='word_1_25' title='bbox 1255 591 1563 659; x_wconf 83' lang='lat' dir='ltr'><em>concordia,</em></span> <span class='ocrx_word' id='word_1_26' title='bbox 1613 592 1778 647; x_wconf 87' lang='lat' dir='ltr'><em>verba</em></span> <span class='ocrx_word' id='word_1_27' title='bbox 1836 593 2120 664; x_wconf 56' lang='lat' dir='ltr'><em>mquitatis</em></span> 
     </span>
    </p>
   </div>
   <div class='ocr_carea' id='block_1_6' title="bbox 2213 585 3869 674">
    <p class='ocr_par' dir='ltr' id='par_1_6' title="bbox 2251 585 3869 674">
     <span class='ocr_line' id='line_1_6' title="bbox 2251 585 3869 674; baseline 0.006 -29"><span class='ocrx_word' id='word_1_28' title='bbox 2251 611 2380 661; x_wconf 88' lang='grc' dir='ltr'>των,</span> <span class='ocrx_word' id='word_1_29' title='bbox 2413 589 2616 663; x_wconf 87' lang='grc' dir='ltr'>πίστις,</span> <span class='ocrx_word' id='word_1_30' title='bbox 2675 585 2840 668; x_wconf 74' lang='grc' dir='ltr'>φόϐος</span> <span class='ocrx_word' id='word_1_31' title='bbox 2899 591 3125 668; x_wconf 78' lang='grc' dir='ltr'>Κυρίου,</span> <span class='ocrx_word' id='word_1_32' title='bbox 3159 593 3365 668; x_wconf 84' lang='grc' dir='ltr'>ἀγάπη,</span> <span class='ocrx_word' id='word_1_33' title='bbox 3399 596 3649 668; x_wconf 84' lang='grc' dir='ltr'>ὁμόνοια,</span> <span class='ocrx_word' id='word_1_34' title='bbox 3682 597 3869 674; x_wconf 74' lang='grc' dir='ltr'>ῥήματι</span> 
     </span>
    </p>
   </div>
   <div class='ocr_carea' id='block_1_7' title="bbox 492 676 2122 763">
    <p class='ocr_par' dir='ltr' id='par_1_7' title="bbox 492 680 2122 755">
     <span class='ocr_line' id='line_1_7' title="bbox 492 680 2122 755; baseline -0.003 -14"><span class='ocrx_word' id='word_1_35' title='bbox 492 687 720 752; x_wconf 86' lang='lat' dir='ltr'><em>veritas,</em></span> <span class='ocrx_word' id='word_1_36' title='bbox 762 684 1058 755; x_wconf 80' lang='lat' dir='ltr'><em>patientia,</em></span> <span class='ocrx_word' id='word_1_37' title='bbox 1105 682 1292 736; x_wconf 78' lang='lat' dir='ltr'><em>viduis</em></span> <span class='ocrx_word' id='word_1_38' title='bbox 1365 680 1789 749; x_wconf 85' lang='lat' dir='ltr'><em>administrare,</em></span> <span class='ocrx_word' id='word_1_39' title='bbox 1863 682 2122 752; x_wconf 65' lang='lat' dir='ltr'><em>orphano;</em></span> 
     </span>
    </p>
   </div>
   <div class='ocr_carea' id='block_1_8' title="bbox 2213 676 3865 763">
    <p class='ocr_par' dir='ltr' id='par_1_8' title="bbox 2252 676 3865 763">
     <span class='ocr_line' id='line_1_8' title="bbox 2252 676 3865 763; baseline 0.004 -28"><span class='ocrx_word' id='word_1_40' title='bbox 2252 676 2625 746; x_wconf 72' lang='grc' dir='ltr'><em>δικαιοσύνης,</em></span> <span class='ocrx_word' id='word_1_41' title='bbox 2680 678 2929 752; x_wconf 80' lang='grc' dir='ltr'>ἀλήθεια,</span> <span class='ocrx_word' id='word_1_42' title='bbox 2988 684 3268 757; x_wconf 74' lang='grc' dir='ltr'>προμονῆ,</span> <span class='ocrx_word' id='word_1_43' title='bbox 3328 686 3535 759; x_wconf 74' lang='grc' dir='ltr'>χήραις</span> <span class='ocrx_word' id='word_1_44' title='bbox 3587 685 3865 763; x_wconf 76' lang='grc' dir='ltr'>ὑπηρετεῖν,</span> 
     </span>
    </p>
   </div>
   <div class='ocr_carea' id='block_1_9' title="bbox 485 767 2122 852">
    <p class='ocr_par' dir='ltr' id='par_1_9' title="bbox 485 770 2122 847">
     <span class='ocr_line' id='line_1_9' title="bbox 485 770 2122 847; baseline -0.003 -17"><span class='ocrx_word' id='word_1_45' title='bbox 485 789 757 847; x_wconf 81' lang='lat' dir='ltr'><em>pauperes</em></span> <span class='ocrx_word' id='word_1_46' title='bbox 786 776 839 828; x_wconf 90' lang='lat' dir='ltr'><em>et</em></span> <span class='ocrx_word' id='word_1_47' title='bbox 863 772 1053 828; x_wconf 89' lang='lat' dir='ltr'><em>solatio</em></span> <span class='ocrx_word' id='word_1_48' title='bbox 1083 770 1364 826; x_wconf 83' lang='lat' dir='ltr'><em>destitutos</em></span> <span class='ocrx_word' id='word_1_49' title='bbox 1394 771 1641 839; x_wconf 74' lang='lat' dir='ltr'><em>visitare,</em></span> <span class='ocrx_word' id='word_1_50' title='bbox 1681 785 1861 825; x_wconf 85' lang='lat' dir='ltr'><em>servos</em></span> <span class='ocrx_word' id='word_1_51' title='bbox 1914 771 2014 826; x_wconf 89' lang='lat' dir='ltr'><em>Dei</em></span> <span class='ocrx_word' id='word_1_52' title='bbox 2068 786 2122 826; x_wconf 80' lang='lat' dir='ltr'><em>ea</em></span> 
     </span>
    </p>
   </div>
   <div class='ocr_carea' id='block_1_10' title="bbox 2213 767 3866 852">
    <p class='ocr_par' dir='ltr' id='par_1_10' title="bbox 2251 767 3866 852">
     <span class='ocr_line' id='line_1_10' title="bbox 2251 767 3866 852; baseline 0.005 -29"><span class='ocrx_word' id='word_1_53' title='bbox 2251 767 2518 846; x_wconf 79' lang='grc' dir='ltr'>ὀρφανοὺς</span> <span class='ocrx_word' id='word_1_54' title='bbox 2572 767 2998 844; x_wconf 77' lang='grc' dir='ltr'>ὑστερουμένους</span> <span class='ocrx_word' id='word_1_55' title='bbox 3054 770 3485 842; x_wconf 69' lang='grc' dir='ltr'><em>ἐπισκέπτεσθαι,</em></span> <span class='ocrx_word' id='word_1_56' title='bbox 3547 773 3600 846; x_wconf 73' lang='grc' dir='ltr'><em>ἐξ</em></span> <span class='ocrx_word' id='word_1_57' title='bbox 3654 775 3866 852; x_wconf 77' lang='grc' dir='ltr'>ἀναγκῶν</span> 
     </span>
    </p>
   </div>
   <div class='ocr_carea' id='block_1_11' title="bbox 488 854 2122 938">
    <p class='ocr_par' dir='ltr' id='par_1_11' title="bbox 488 858 2122 931">
     <span class='ocr_line' id='line_1_11' title="bbox 488 858 2122 931; baseline -0.004 -11"><span class='ocrx_word' id='word_1_58' title='bbox 488 864 806 920; x_wconf 70' lang='lat' dir='ltr'><em>necessitate</em></span> <span class='ocrx_word' id='word_1_59' title='bbox 833 861 1127 923; x_wconf 77' lang='lat' dir='ltr'><em>redimere,</em></span> <span class='ocrx_word' id='word_1_60' title='bbox 1176 859 1504 931; x_wconf 78' lang='lat' dir='ltr'><em>hospitalem</em></span> <span class='ocrx_word' id='word_1_61' title='bbox 1547 875 1682 923; x_wconf 88' lang='lat' dir='ltr'><em>esse,</em></span> <span class='ocrx_word' id='word_1_62' title='bbox 1725 860 1987 930; x_wconf 87' lang='lat' dir='ltr'><em>quietum,</em></span> <span class='ocrx_word' id='word_1_63' title='bbox 2036 858 2122 914; x_wconf 85' lang='lat' dir='ltr'><em>hu-</em></span> 
     </span>
    </p>
   </div>
   <div class='ocr_carea' id='block_1_12' title="bbox 2213 854 3866 938">
    <p class='ocr_par' dir='ltr' id='par_1_12' title="bbox 2248 854 3866 938">
     <span class='ocr_line' id='line_1_12' title="bbox 2248 854 3866 938; baseline 0.006 -26"><span class='ocrx_word' id='word_1_64' title='bbox 2248 854 2571 934; x_wconf 90' lang='grc' dir='ltr'>λυτροῦσθαι</span> <span class='ocrx_word' id='word_1_65' title='bbox 2623 855 2751 920; x_wconf 81' lang='grc' dir='ltr'>τοὺς</span> <span class='ocrx_word' id='word_1_66' title='bbox 2809 854 3040 920; x_wconf 82' lang='grc' dir='ltr'><em>δούλους</em></span> <span class='ocrx_word' id='word_1_67' title='bbox 3070 864 3165 914; x_wconf 91' lang='grc' dir='ltr'><em>τοῦ</em></span> <span class='ocrx_word' id='word_1_68' title='bbox 3193 865 3349 929; x_wconf 88' lang='grc' dir='ltr'>Θεοῦ,</span> <span class='ocrx_word' id='word_1_69' title='bbox 3406 860 3685 938; x_wconf 76' lang='grc' dir='ltr'>φιλόξενον</span> <span class='ocrx_word' id='word_1_70' title='bbox 3737 865 3866 936; x_wconf 72' lang='grc' dir='ltr'>εἶναι,</span> 
     </span>
    </p>
   </div>
   <div class='ocr_carea' id='block_1_13' title="bbox 486 942 2122 1026">
    <p class='ocr_par' dir='ltr' id='par_1_13' title="bbox 486 947 2122 1023">
     <span class='ocr_line' id='line_1_13' title="bbox 486 947 2122 1023; baseline -0.003 -15"><span class='ocrx_word' id='word_1_71' title='bbox 486 952 922 1023; x_wconf 77' lang='lat' dir='ltr'><em>millimumﬂeri</em></span> <span class='ocrx_word' id='word_1_72' title='bbox 932 949 1180 1005; x_wconf 91' lang='lat' dir='ltr'><em>omnium</em></span> <span class='ocrx_word' id='word_1_73' title='bbox 1194 947 1506 1017; x_wconf 85' lang='lat' dir='ltr'><em>hominum,</em></span> <span class='ocrx_word' id='word_1_74' title='bbox 1538 948 1710 1018; x_wconf 85' lang='lat' dir='ltr'><em>major</em></span> <span class='ocrx_word' id='word_1_75' title='bbox 1719 962 1773 1001; x_wconf 88' lang='lat' dir='ltr'><em>es</em></span> <span class='ocrx_word' id='word_1_76' title='bbox 1789 950 1928 1002; x_wconf 86' lang='lat' dir='ltr'><em>natu</em></span> <span class='ocrx_word' id='word_1_77' title='bbox 1941 948 2122 1019; x_wconf 65' lang='lat' dir='ltr'><em>colere,</em></span> 
     </span>
    </p>
   </div>
   <div class='ocr_carea' id='block_1_14' title="bbox 2213 942 3863 1026">
    <p class='ocr_par' dir='ltr' id='par_1_14' title="bbox 2241 942 3863 1026">
     <span class='ocr_line' id='line_1_14' title="bbox 2241 942 3863 1026; baseline 0.007 -27"><span class='ocrx_word' id='word_1_78' title='bbox 2241 942 2478 1021; x_wconf 75' lang='grc' dir='ltr'>ἥσυχον,</span> <span class='ocrx_word' id='word_1_79' title='bbox 2541 943 2867 1022; x_wconf 72' lang='grc' dir='ltr'>ἐνδεέστερον</span> <span class='ocrx_word' id='word_1_80' title='bbox 2949 947 3184 1022; x_wconf 80' lang='grc' dir='ltr'>γίνεσθαι</span> <span class='ocrx_word' id='word_1_81' title='bbox 3256 951 3471 1005; x_wconf 86' lang='grc' dir='ltr'>πάντων</span> <span class='ocrx_word' id='word_1_82' title='bbox 3572 953 3863 1026; x_wconf 78' lang='grc' dir='ltr'>ἀνθρώπων,</span> 
     </span>
    </p>
   </div>
   <div class='ocr_carea' id='block_1_15' title="bbox 484 1030 2122 1119">
    <p class='ocr_par' dir='ltr' id='par_1_15' title="bbox 484 1038 2122 1113">
     <span class='ocr_line' id='line_1_15' title="bbox 484 1038 2122 1113; baseline -0.004 -16"><span class='ocrx_word' id='word_1_83' title='bbox 484 1040 703 1097; x_wconf 90' lang='lat' dir='ltr'><em>studere</em></span> <span class='ocrx_word' id='word_1_84' title='bbox 734 1041 990 1113; x_wconf 79' lang='lat' dir='ltr'><em>justitiae,</em></span> <span class='ocrx_word' id='word_1_85' title='bbox 1039 1038 1445 1109; x_wconf 76' lang='lat' dir='ltr'><em>fraternitatem</em></span> <span class='ocrx_word' id='word_1_86' title='bbox 1493 1052 1832 1106; x_wconf 85' lang='lat' dir='ltr'><em>conservare,</em></span> <span class='ocrx_word' id='word_1_87' title='bbox 1881 1038 2122 1107; x_wconf 72' lang='lat' dir='ltr'><em>aequani-</em></span> 
     </span>
    </p>
   </div>
   <div class='ocr_carea' id='block_1_16' title="bbox 2213 1030 3866 1119">
    <p class='ocr_par' dir='ltr' id='par_1_16' title="bbox 2242 1030 3866 1119">
     <span class='ocr_line' id='line_1_16' title="bbox 2242 1030 3866 1119; baseline 0.006 -30"><span class='ocrx_word' id='word_1_88' title='bbox 2242 1030 2543 1111; x_wconf 88' lang='grc' dir='ltr'>πρεσϐύτας</span> <span class='ocrx_word' id='word_1_89' title='bbox 2600 1030 2865 1104; x_wconf 73' lang='grc' dir='ltr'>σέϐεσθαι,</span> <span class='ocrx_word' id='word_1_90' title='bbox 2916 1035 3093 1091; x_wconf 79' lang='grc' dir='ltr'>ἀσκεῖν</span> <span class='ocrx_word' id='word_1_91' title='bbox 3154 1034 3515 1110; x_wconf 87' lang='grc' dir='ltr'>δικαιοσύνην,</span> <span class='ocrx_word' id='word_1_92' title='bbox 3547 1037 3866 1119; x_wconf 70' lang='grc' dir='ltr'><em>ἀδελφότητα</em></span> 
     </span>
    </p>
   </div>
   <div class='ocr_carea' id='block_1_17' title="bbox 479 1122 2122 1206">
    <p class='ocr_par' dir='ltr' id='par_1_17' title="bbox 479 1125 2122 1198">
     <span class='ocr_line' id='line_1_17' title="bbox 479 1125 2122 1198; baseline -0.004 -11"><span class='ocrx_word' id='word_1_93' title='bbox 479 1147 606 1187; x_wconf 89' lang='lat' dir='ltr'><em>men</em></span> <span class='ocrx_word' id='word_1_94' title='bbox 649 1146 784 1198; x_wconf 88' lang='lat' dir='ltr'><em>esse,</em></span> <span class='ocrx_word' id='word_1_95' title='bbox 815 1128 1185 1185; x_wconf 81' lang='lat' dir='ltr'><em>contumelias</em></span> <span class='ocrx_word' id='word_1_96' title='bbox 1212 1127 1443 1197; x_wconf 74' lang='lat' dir='ltr'><em>sufferre</em></span> <span class='ocrx_word' id='word_1_97' title='bbox 1472 1127 1590 1194; x_wconf 87' lang='lat' dir='ltr'><em>[seu</em></span> <span class='ocrx_word' id='word_1_98' title='bbox 1616 1141 1727 1179; x_wconf 91' lang='lat' dir='ltr'><em>non</em></span> <span class='ocrx_word' id='word_1_99' title='bbox 1780 1125 1981 1181; x_wconf 87' lang='lat' dir='ltr'><em>habere</em></span> <span class='ocrx_word' id='word_1_100' title='bbox 2019 1141 2122 1180; x_wconf 87' lang='lat' dir='ltr'><em>me-</em></span> 
     </span>
    </p>
   </div>
   <div class='ocr_carea' id='block_1_18' title="bbox 2213 1122 3863 1206">
    <p class='ocr_par' dir='ltr' id='par_1_18' title="bbox 2240 1122 3863 1206">
     <span class='ocr_line' id='line_1_18' title="bbox 2240 1122 3863 1206; baseline 0.006 -30"><span class='ocrx_word' id='word_1_101' title='bbox 2240 1127 2539 1198; x_wconf 81' lang='grc' dir='ltr'>συντηρεῖν,</span> <span class='ocrx_word' id='word_1_102' title='bbox 2578 1122 2924 1197; x_wconf 86' lang='grc' dir='ltr'>μακρόθυμον</span> <span class='ocrx_word' id='word_1_103' title='bbox 2982 1123 3138 1192; x_wconf 68' lang='grc' dir='ltr'>εἶναι,</span> <span class='ocrx_word' id='word_1_104' title='bbox 3173 1126 3525 1197; x_wconf 76' lang='grc' dir='ltr'>μνησικακίαν</span> <span class='ocrx_word' id='word_1_105' title='bbox 3585 1130 3662 1201; x_wconf 78' lang='grc' dir='ltr'>μὴ</span> <span class='ocrx_word' id='word_1_106' title='bbox 3716 1126 3863 1206; x_wconf 77' lang='grc' dir='ltr'>ἔχειν,</span> 
     </span>
    </p>
   </div>
   <div class='ocr_carea' id='block_1_19' title="bbox 482 1197 2122 1293">
    <p class='ocr_par' dir='ltr' id='par_1_19' title="bbox 482 1215 2122 1290">
     <span class='ocr_line' id='line_1_19' title="bbox 482 1215 2122 1290; baseline -0.004 -14"><span class='ocrx_word' id='word_1_107' title='bbox 482 1221 720 1277; x_wconf 87' lang='lat' dir='ltr'><em>moriam</em></span> <span class='ocrx_word' id='word_1_108' title='bbox 786 1216 1169 1290; x_wconf 80' lang='lat' dir='ltr'><em>injuriarum],</em></span> <span class='ocrx_word' id='word_1_109' title='bbox 1219 1217 1402 1271; x_wconf 87' lang='lat' dir='ltr'><em>animo</em></span> <span class='ocrx_word' id='word_1_110' title='bbox 1454 1215 1758 1271; x_wconf 84' lang='lat' dir='ltr'><em>laborantes</em></span> <span class='ocrx_word' id='word_1_111' title='bbox 1811 1215 2122 1278; x_wconf 76' lang='lat' dir='ltr'><em>consolari;</em></span> 
     </span>
    </p>
   </div>
   <div class='ocr_carea' id='block_1_20' title="bbox 2213 1197 3865 1293">
    <p class='ocr_par' dir='ltr' id='par_1_20' title="bbox 2238 1197 3865 1293">
     <span class='ocr_line' id='line_1_20' title="bbox 2238 1197 3865 1293; baseline 0.005 -26"><span class='ocrx_word' id='word_1_112' title='bbox 2238 1197 2541 1286; x_wconf 83' lang='grc' dir='ltr'>κάμνοντας</span> <span class='ocrx_word' id='word_1_113' title='bbox 2615 1216 2684 1286; x_wconf 79' lang='grc' dir='ltr'>τῇ</span> <span class='ocrx_word' id='word_1_114' title='bbox 2743 1215 2897 1288; x_wconf 79' lang='grc' dir='ltr'>ψυχῇ</span> <span class='ocrx_word' id='word_1_115' title='bbox 2962 1211 3315 1287; x_wconf 84' lang='grc' dir='ltr'>παρακαλεῖν,</span> <span class='ocrx_word' id='word_1_116' title='bbox 3368 1197 3865 1293; x_wconf 63' lang='grc' dir='ltr'>ἐσκανδαλισμένους</span> 
     </span>
    </p>
   </div>
   <div class='ocr_carea' id='block_1_21' title="bbox 478 1296 2122 1386">
    <p class='ocr_par' dir='ltr' id='par_1_21' title="bbox 478 1304 2122 1382">
     <span class='ocr_line' id='line_1_21' title="bbox 478 1304 2122 1382; baseline -0.003 -18"><span class='ocrx_word' id='word_1_117' title='bbox 478 1310 660 1382; x_wconf 86' lang='lat' dir='ltr'><em>lapsos</em></span> <span class='ocrx_word' id='word_1_118' title='bbox 689 1326 723 1364; x_wconf 93' lang='lat' dir='ltr'><em>a</em></span> <span class='ocrx_word' id='word_1_119' title='bbox 752 1307 854 1378; x_wconf 82' lang='lat' dir='ltr'><em>ﬁde</em></span> <span class='ocrx_word' id='word_1_120' title='bbox 880 1323 989 1363; x_wconf 92' lang='lat' dir='ltr'><em>non</em></span> <span class='ocrx_word' id='word_1_121' title='bbox 1021 1307 1307 1377; x_wconf 77' lang='lat' dir='ltr'><em>projicere,</em></span> <span class='ocrx_word' id='word_1_122' title='bbox 1340 1304 1433 1359; x_wconf 86' lang='lat' dir='ltr'><em>sed</em></span> <span class='ocrx_word' id='word_1_123' title='bbox 1462 1307 1775 1359; x_wconf 89' lang='lat' dir='ltr'><em>con-vertere</em></span> <span class='ocrx_word' id='word_1_124' title='bbox 1833 1320 1898 1358; x_wconf 89' lang='lat' dir='ltr'><em>ac</em></span> <span class='ocrx_word' id='word_1_125' title='bbox 1942 1320 2122 1375; x_wconf 75' lang='lat' dir='ltr'><em>aequa-</em></span> 
     </span>
    </p>
   </div>
   <div class='ocr_carea' id='block_1_22' title="bbox 2213 1296 3865 1386">
    <p class='ocr_par' dir='ltr' id='par_1_22' title="bbox 2236 1296 3865 1386">
     <span class='ocr_line' id='line_1_22' title="bbox 2236 1296 3865 1386; baseline 0.004 -30"><span class='ocrx_word' id='word_1_126' title='bbox 2236 1299 2342 1356; x_wconf 85' lang='grc' dir='ltr'><em>ἀπὸ</em></span> <span class='ocrx_word' id='word_1_127' title='bbox 2371 1301 2601 1363; x_wconf 88' lang='grc' dir='ltr'>πίστεως</span> <span class='ocrx_word' id='word_1_128' title='bbox 2658 1302 2733 1374; x_wconf 80' lang='grc' dir='ltr'>μὴ</span> <span class='ocrx_word' id='word_1_129' title='bbox 2766 1296 3194 1370; x_wconf 83' lang='grc' dir='ltr'>ἀποϐάλλεσθαι,</span> <span class='ocrx_word' id='word_1_130' title='bbox 3224 1302 3351 1360; x_wconf 79' lang='grc' dir='ltr'>ἀλλ’</span> <span class='ocrx_word' id='word_1_131' title='bbox 3410 1304 3744 1386; x_wconf 71' lang='grc' dir='ltr'>ἐπιστρέφειν</span> <span class='ocrx_word' id='word_1_132' title='bbox 3790 1311 3865 1365; x_wconf 74' lang='grc' dir='ltr'><em>καὶ</em></span> 
     </span>
    </p>
   </div>
   <div class='ocr_carea' id='block_1_23' title="bbox 472 1389 2122 1473">
    <p class='ocr_par' dir='ltr' id='par_1_23' title="bbox 472 1393 2122 1469">
     <span class='ocr_line' id='line_1_23' title="bbox 472 1393 2122 1469; baseline -0.004 -15"><span class='ocrx_word' id='word_1_133' title='bbox 472 1400 652 1454; x_wconf 86' lang='lat' dir='ltr'><em>nimes</em></span> <span class='ocrx_word' id='word_1_134' title='bbox 680 1398 861 1469; x_wconf 79' lang='lat' dir='ltr'><em>facere</em></span> <span class='ocrx_word' id='word_1_135' title='bbox 879 1414 899 1458; x_wconf 74' lang='grc' dir='ltr'>,ο</span> <span class='ocrx_word' id='word_1_136' title='bbox 935 1404 1217 1468; x_wconf 86' lang='lat' dir='ltr'><em>peccantes</em></span> <span class='ocrx_word' id='word_1_137' title='bbox 1265 1393 1577 1461; x_wconf 87' lang='lat' dir='ltr'><em>admonere,</em></span> <span class='ocrx_word' id='word_1_138' title='bbox 1627 1393 1891 1448; x_wconf 83' lang='lat' dir='ltr'><em>debitores</em></span> <span class='ocrx_word' id='word_1_139' title='bbox 1941 1394 2122 1463; x_wconf 80' lang='lat' dir='ltr'><em>inopes</em></span> 
     </span>
    </p>
   </div>
   <div class='ocr_carea' id='block_1_24' title="bbox 2213 1389 3866 1473">
    <p class='ocr_par' dir='ltr' id='par_1_24' title="bbox 2236 1389 3866 1473">
     <span class='ocr_line' id='line_1_24' title="bbox 2236 1389 3866 1473; baseline 0.006 -28"><span class='ocrx_word' id='word_1_140' title='bbox 2236 1389 2503 1463; x_wconf 85' lang='grc' dir='ltr'>εὐθύμους</span> <span class='ocrx_word' id='word_1_141' title='bbox 2557 1395 2755 1461; x_wconf 84' lang='grc' dir='ltr'>ποιεῖν,</span> <span class='ocrx_word' id='word_1_142' title='bbox 2815 1389 3221 1467; x_wconf 82' lang='grc' dir='ltr'>ἁμαρτάνοντας</span> <span class='ocrx_word' id='word_1_143' title='bbox 3274 1394 3564 1463; x_wconf 84' lang='grc' dir='ltr'>νουθετεῖν,</span> <span class='ocrx_word' id='word_1_144' title='bbox 3605 1398 3866 1473; x_wconf 76' lang='grc' dir='ltr'>χρεώστας</span> 
     </span>
    </p>
   </div>
   <div class='ocr_carea' id='block_1_25' title="bbox 470 1482 2126 1559">
    <p class='ocr_par' dir='ltr' id='par_1_25' title="bbox 470 1482 2126 1559">
     <span class='ocr_line' id='line_1_25' title="bbox 470 1482 2126 1559; baseline -0.005 -16"><span class='ocrx_word' id='word_1_145' title='bbox 470 1504 580 1543; x_wconf 86' lang='lat' dir='ltr'><em>non</em></span> <span class='ocrx_word' id='word_1_146' title='bbox 610 1502 895 1559; x_wconf 86' lang='lat' dir='ltr'><em>premere;</em></span> <span class='ocrx_word' id='word_1_147' title='bbox 935 1490 986 1541; x_wconf 89' lang='lat' dir='ltr'><em>et</em></span> <span class='ocrx_word' id='word_1_148' title='bbox 1030 1486 1079 1539; x_wconf 92' lang='lat' dir='ltr'><em>si</em></span> <span class='ocrx_word' id='word_1_149' title='bbox 1128 1501 1237 1555; x_wconf 90' lang='lat' dir='ltr'><em>qua</em></span> <span class='ocrx_word' id='word_1_150' title='bbox 1292 1484 1362 1537; x_wconf 86' lang='lat' dir='ltr'><em>iis</em></span> <span class='ocrx_word' id='word_1_151' title='bbox 1419 1482 1653 1537; x_wconf 82' lang='lat' dir='ltr'><em>similia.</em></span> <span class='ocrx_word' id='word_1_152' title='bbox 1702 1482 1762 1536; x_wconf 88' lang='lat' dir='ltr'><em>Si</em></span> <span class='ocrx_word' id='word_1_153' title='bbox 1809 1484 1958 1536; x_wconf 90' lang='lat' dir='ltr'><em>enim</em></span> <span class='ocrx_word' id='word_1_154' title='bbox 2001 1482 2126 1554; x_wconf 87' lang='lat' dir='ltr'><em>quis</em></span> 
     </span>
    </p>
   </div>
   <div class='ocr_carea' id='block_1_26' title="bbox 468 1571 2120 1641">
    <p class='ocr_par' dir='ltr' id='par_1_26' title="bbox 468 1571 2120 1641">
     <span class='ocr_line' id='line_1_26' title="bbox 468 1571 2120 1641; baseline -0.002 -10"><span class='ocrx_word' id='word_1_155' title='bbox 468 1576 784 1632; x_wconf 77' lang='lat' dir='ltr'><em>custodierit</em></span> <span class='ocrx_word' id='word_1_156' title='bbox 804 1574 939 1641; x_wconf 83' lang='lat' dir='ltr'><em>haec,</em></span> <span class='ocrx_word' id='word_1_157' title='bbox 961 1578 1014 1630; x_wconf 89' lang='lat' dir='ltr'><em>et</em></span> <span class='ocrx_word' id='word_1_158' title='bbox 1033 1589 1143 1630; x_wconf 88' lang='lat' dir='ltr'><em>non</em></span> <span class='ocrx_word' id='word_1_159' title='bbox 1162 1573 1229 1628; x_wconf 91' lang='lat' dir='ltr'><em>ab</em></span> <span class='ocrx_word' id='word_1_160' title='bbox 1249 1574 1327 1628; x_wconf 90' lang='lat' dir='ltr'><em>eis</em></span> <span class='ocrx_word' id='word_1_161' title='bbox 1354 1574 1637 1627; x_wconf 84' lang='lat' dir='ltr'><em>recesserit</em></span> <span class='ocrx_word' id='word_1_162' title='bbox 1679 1587 1742 1626; x_wconf 91' lang='lat' dir='ltr'><em>ac</em></span> <span class='ocrx_word' id='word_1_163' title='bbox 1770 1571 2120 1639; x_wconf 85' lang='lat' dir='ltr'><em>abstinuerit,</em></span> 
     </span>
    </p>
   </div>
   <div class='ocr_carea' id='block_1_27' title="bbox 471 1666 762 1722">
    <p class='ocr_par' dir='ltr' id='par_1_27' title="bbox 471 1666 762 1722">
     <span class='ocr_line' id='line_1_27' title="bbox 471 1666 762 1722; baseline -0.007 -1"><span class='ocrx_word' id='word_1_164' title='bbox 471 1667 617 1722; x_wconf 87' lang='lat' dir='ltr'><em>vivet</em></span> <span class='ocrx_word' id='word_1_165' title='bbox 637 1666 762 1722; x_wconf 90' lang='lat' dir='ltr'><em>Deo.</em></span> 
     </span>
    </p>
   </div>
   <div class='ocr_carea' id='block_1_28' title="bbox 2237 1475 3865 1556">
    <p class='ocr_par' dir='ltr' id='par_1_28' title="bbox 2237 1475 3865 1556">
     <span class='ocr_line' id='line_1_28' title="bbox 2237 1475 3865 1556; baseline 0.005 -23"><span class='ocrx_word' id='word_1_166' title='bbox 2237 1480 2313 1553; x_wconf 77' lang='grc' dir='ltr'>μὴ</span> <span class='ocrx_word' id='word_1_167' title='bbox 2344 1475 2550 1534; x_wconf 87' lang='grc' dir='ltr'>θλίϐειν</span> <span class='ocrx_word' id='word_1_168' title='bbox 2610 1476 2827 1548; x_wconf 79' lang='grc' dir='ltr'>ἐνδεεῖς,</span> <span class='ocrx_word' id='word_1_169' title='bbox 2858 1478 2947 1535; x_wconf 87' lang='grc' dir='ltr'><em>καὶ</em></span> <span class='ocrx_word' id='word_1_170' title='bbox 3003 1477 3056 1535; x_wconf 70' lang='grc' dir='ltr'><em>εἷ’</em></span> <span class='ocrx_word' id='word_1_171' title='bbox 3104 1500 3223 1535; x_wconf 85' lang='grc' dir='ltr'>τινα</span> <span class='ocrx_word' id='word_1_172' title='bbox 3258 1481 3474 1545; x_wconf 76' lang='grc' dir='ltr'>τούτοις</span> <span class='ocrx_word' id='word_1_173' title='bbox 3532 1482 3704 1556; x_wconf 74' lang='grc' dir='ltr'>ὅμοιά</span> <span class='ocrx_word' id='word_1_174' title='bbox 3750 1485 3865 1544; x_wconf 69' lang='grc' dir='ltr'>ἐστι.</span> 
     </span>
    </p>
   </div>
   <div class='ocr_carea' id='block_1_29' title="bbox 2230 1566 3867 1650">
    <p class='ocr_par' dir='ltr' id='par_1_29' title="bbox 2230 1566 3867 1650">
     <span class='ocr_line' id='line_1_29' title="bbox 2230 1566 3867 1650; baseline 0.003 -26"><span class='ocrx_word' id='word_1_175' title='bbox 2230 1573 2405 1624; x_wconf 88' lang='grc' dir='ltr'>Ταῦτα</span> <span class='ocrx_word' id='word_1_176' title='bbox 2457 1569 2558 1645; x_wconf 77' lang='grc' dir='ltr'><em>γὰρ</em></span> <span class='ocrx_word' id='word_1_177' title='bbox 2616 1568 2701 1624; x_wconf 80' lang='grc' dir='ltr'>ἐάν</span> <span class='ocrx_word' id='word_1_178' title='bbox 2755 1590 2838 1631; x_wconf 89' lang='grc' dir='ltr'><em>τις</em></span> <span class='ocrx_word' id='word_1_179' title='bbox 2897 1566 3125 1647; x_wconf 78' lang='grc' dir='ltr'>φυλάξῃ,</span> <span class='ocrx_word' id='word_1_180' title='bbox 3175 1570 3268 1625; x_wconf 84' lang='grc' dir='ltr'><em>καὶ</em></span> <span class='ocrx_word' id='word_1_181' title='bbox 3328 1572 3407 1643; x_wconf 80' lang='grc' dir='ltr'>μὴ</span> <span class='ocrx_word' id='word_1_182' title='bbox 3466 1571 3867 1650; x_wconf 67' lang='grc' dir='ltr'>ἐγκρατεύσηται</span> 
     </span>
    </p>
   </div>
   <div class='ocr_carea' id='block_1_30' title="bbox 2229 1656 3072 1729">
    <p class='ocr_par' dir='ltr' id='par_1_30' title="bbox 2229 1656 3072 1729">
     <span class='ocr_line' id='line_1_30' title="bbox 2229 1656 3072 1729; baseline 0.004 -18"><span class='ocrx_word' id='word_1_183' title='bbox 2229 1656 2320 1711; x_wconf 85' lang='grc' dir='ltr'>ἀπ’</span> <span class='ocrx_word' id='word_1_184' title='bbox 2350 1656 2549 1729; x_wconf 82' lang='grc' dir='ltr'>αὐτῶν,</span> <span class='ocrx_word' id='word_1_185' title='bbox 2585 1658 2801 1727; x_wconf 85' lang='grc' dir='ltr'>ζήσεται</span> <span class='ocrx_word' id='word_1_186' title='bbox 2828 1661 2907 1729; x_wconf 82' lang='grc' dir='ltr'>τῷ</span> <span class='ocrx_word' id='word_1_187' title='bbox 2937 1661 3072 1729; x_wconf 80' lang='grc' dir='ltr'>Θεῷ.</span> 
     </span>
    </p>
   </div>
   <div class='ocr_carea' id='block_1_31' title="bbox 1896 1765 2454 1823">
    <p class='ocr_par' dir='ltr' id='par_1_31' title="bbox 1896 1765 2454 1823">
     <span class='ocr_line' id='line_1_31' title="bbox 1896 1765 2454 1823; baseline -0.004 -1"><span class='ocrx_word' id='word_1_188' title='bbox 1896 1767 2099 1823; x_wconf 84' lang='grc' dir='ltr'><em>ΜΑΝῙ)</em></span> <span class='ocrx_word' id='word_1_189' title='bbox 2109 1766 2302 1823; x_wconf 80' lang='grc' dir='ltr'>ΑΤΗΜ</span> <span class='ocrx_word' id='word_1_190' title='bbox 2368 1765 2454 1821; x_wconf 85' lang='grc' dir='ltr'><em>ΙΧ.</em></span> 
     </span>
    </p>
   </div>
   <div class='ocr_carea' id='block_1_32' title="bbox 1382 1854 2959 1930">
    <p class='ocr_par' dir='ltr' id='par_1_32' title="bbox 1382 1854 2959 1930">
     <span class='ocr_line' id='line_1_32' title="bbox 1382 1854 2959 1930; baseline -0.001 -11"><span class='ocrx_word' id='word_1_191' title='bbox 1382 1856 1811 1919; x_wconf 87' lang='lat' dir='ltr'><em>Postulandum</em></span> <span class='ocrx_word' id='word_1_192' title='bbox 1840 1875 1878 1918; x_wconf 88' lang='lat' dir='ltr'><em>a</em></span> <span class='ocrx_word' id='word_1_193' title='bbox 1912 1857 2029 1918; x_wconf 87' lang='lat' dir='ltr'><em>Deo</em></span> <span class='ocrx_word' id='word_1_194' title='bbox 2059 1855 2308 1930; x_wconf 83' lang='lat' dir='ltr'><em>assidue,</em></span> <span class='ocrx_word' id='word_1_195' title='bbox 2340 1865 2396 1915; x_wconf 86' lang='lat' dir='ltr'><em>et</em></span> <span class='ocrx_word' id='word_1_196' title='bbox 2420 1855 2545 1916; x_wconf 87' lang='lat' dir='ltr'><em>sine</em></span> <span class='ocrx_word' id='word_1_197' title='bbox 2573 1854 2959 1917; x_wconf 66' lang='lat' dir='ltr'><em>hwsitatione.</em></span> 
     </span>
    </p>
   </div>
   <div class='ocr_carea' id='block_1_33' title="bbox 1874 1970 2535 2028">
    <p class='ocr_par' dir='ltr' id='par_1_33' title="bbox 1874 1970 2535 2028">
     <span class='ocr_line' id='line_1_33' title="bbox 1874 1970 2535 2028; baseline -0.003 0"><span class='ocrx_word' id='word_1_198' title='bbox 1874 1972 2107 2028; x_wconf 87' lang='lat' dir='ltr'>CAPUT</span> <span class='ocrx_word' id='word_1_199' title='bbox 2172 1970 2469 2026; x_wconf 84' lang='lat' dir='ltr'><em>UNICUM.</em></span> <span class='ocrx_word' id='word_1_200' title='bbox 2531 1997 2535 2001; x_wconf 56' lang='grc' dir='ltr'><em>ε</em></span> 
     </span>
    </p>
   </div>
   <div class='ocr_carea' id='block_1_34' title="bbox 536 2061 2187 2131">
    <p class='ocr_par' dir='ltr' id='par_1_34' title="bbox 536 2061 2187 2131">
     <span class='ocr_line' id='line_1_34' title="bbox 536 2061 2187 2131; baseline -0.005 -7"><span class='ocrx_word' id='word_1_201' title='bbox 536 2068 752 2124; x_wconf 90' lang='lat' dir='ltr'><em>Iterum</em></span> <span class='ocrx_word' id='word_1_202' title='bbox 784 2067 931 2122; x_wconf 82' lang='lat' dir='ltr'><em>dixit</em></span> <span class='ocrx_word' id='word_1_203' title='bbox 960 2065 1138 2120; x_wconf 86' lang='lat' dir='ltr'><em>mihi:</em></span> <span class='ocrx_word' id='word_1_204' title='bbox 1174 2063 1334 2119; x_wconf 83' lang='lat' dir='ltr'><em>Tolle</em></span> <span class='ocrx_word' id='word_1_205' title='bbox 1363 2080 1397 2118; x_wconf 92' lang='lat' dir='ltr'><em>a</em></span> <span class='ocrx_word' id='word_1_206' title='bbox 1442 2068 1499 2118; x_wconf 91' lang='lat' dir='ltr'><em>te</em></span> <span class='ocrx_word' id='word_1_207' title='bbox 1558 2061 2005 2131; x_wconf 76' lang='lat' dir='ltr'><em>dubitationem,</em></span> <span class='ocrx_word' id='word_1_208' title='bbox 2054 2065 2112 2117; x_wconf 88' lang='lat' dir='ltr'><em>et</em></span> <span class='ocrx_word' id='word_1_209' title='bbox 2139 2066 2187 2129; x_wconf 88' lang='grc' dir='ltr'><strong>Β</strong></span> 
     </span>
    </p>
   </div>
   <div class='ocr_carea' id='block_1_35' title="bbox 460 2150 2113 2223">
    <p class='ocr_par' dir='ltr' id='par_1_35' title="bbox 460 2150 2113 2223">
     <span class='ocr_line' id='line_1_35' title="bbox 460 2150 2113 2223; baseline -0.004 -12"><span class='ocrx_word' id='word_1_210' title='bbox 460 2156 606 2211; x_wconf 85' lang='lat' dir='ltr'><em>nihil</em></span> <span class='ocrx_word' id='word_1_211' title='bbox 630 2156 867 2211; x_wconf 87' lang='lat' dir='ltr'><em>omnino</em></span> <span class='ocrx_word' id='word_1_212' title='bbox 898 2154 1148 2209; x_wconf 84' lang='lat' dir='ltr'><em>dubites.</em></span> <span class='ocrx_word' id='word_1_213' title='bbox 1180 2156 1388 2207; x_wconf 85' lang='lat' dir='ltr'><em>Petens</em></span> <span class='ocrx_word' id='word_1_214' title='bbox 1421 2150 1641 2223; x_wconf 87' lang='lat' dir='ltr'><em>aliquid</em></span> <span class='ocrx_word' id='word_1_215' title='bbox 1681 2167 1713 2205; x_wconf 92' lang='lat' dir='ltr'><em>a</em></span> <span class='ocrx_word' id='word_1_216' title='bbox 1742 2150 2010 2216; x_wconf 89' lang='lat' dir='ltr'><em>Domino,</em></span> <span class='ocrx_word' id='word_1_217' title='bbox 2040 2166 2113 2205; x_wconf 88' lang='lat' dir='ltr'><em>ne</em></span> 
     </span>
    </p>
   </div>
   <div class='ocr_carea' id='block_1_36' title="bbox 462 2237 2108 2311">
    <p class='ocr_par' dir='ltr' id='par_1_36' title="bbox 462 2237 2108 2311">
     <span class='ocr_line' id='line_1_36' title="bbox 462 2237 2108 2311; baseline -0.005 -11"><span class='ocrx_word' id='word_1_218' title='bbox 462 2246 622 2301; x_wconf 91' lang='lat' dir='ltr'><em>dicas</em></span> <span class='ocrx_word' id='word_1_219' title='bbox 651 2245 805 2301; x_wconf 88' lang='lat' dir='ltr'><em>intra</em></span> <span class='ocrx_word' id='word_1_220' title='bbox 836 2249 926 2299; x_wconf 87' lang='lat' dir='ltr'><em>te:</em></span> <span class='ocrx_word' id='word_1_221' title='bbox 961 2242 1258 2310; x_wconf 87' lang='lat' dir='ltr'><em>Quomodo</em></span> <span class='ocrx_word' id='word_1_222' title='bbox 1289 2241 1399 2311; x_wconf 89' lang='lat'><em>(36)</em></span> <span class='ocrx_word' id='word_1_223' title='bbox 1433 2256 1563 2295; x_wconf 90' lang='lat' dir='ltr'><em>vero</em></span> <span class='ocrx_word' id='word_1_224' title='bbox 1596 2255 1837 2310; x_wconf 88' lang='lat' dir='ltr'><em>possum</em></span> <span class='ocrx_word' id='word_1_225' title='bbox 1885 2237 2108 2309; x_wconf 87' lang='lat' dir='ltr'><em>aliquid</em></span> 
     </span>
    </p>
   </div>
   <div class='ocr_carea' id='block_1_37' title="bbox 462 2327 2112 2406">
    <p class='ocr_par' dir='ltr' id='par_1_37' title="bbox 462 2327 2112 2406">
     <span class='ocr_line' id='line_1_37' title="bbox 462 2327 2112 2406; baseline -0.005 -16"><span class='ocrx_word' id='word_1_226' title='bbox 462 2339 659 2406; x_wconf 89' lang='lat' dir='ltr'><em>petere</em></span> <span class='ocrx_word' id='word_1_227' title='bbox 680 2351 713 2389; x_wconf 88' lang='lat' dir='ltr'><em>a</em></span> <span class='ocrx_word' id='word_1_228' title='bbox 732 2332 995 2401; x_wconf 90' lang='lat' dir='ltr'><em>Domino,</em></span> <span class='ocrx_word' id='word_1_229' title='bbox 1020 2336 1076 2387; x_wconf 87' lang='lat' dir='ltr'><em>et</em></span> <span class='ocrx_word' id='word_1_230' title='bbox 1096 2330 1355 2386; x_wconf 75' lang='lat' dir='ltr'><em>obtinere</em></span> <span class='ocrx_word' id='word_1_231' title='bbox 1376 2329 1510 2401; x_wconf 88' lang='lat'>(38),</span> <span class='ocrx_word' id='word_1_232' title='bbox 1544 2344 1675 2383; x_wconf 89' lang='lat' dir='ltr'><em>cum</em></span> <span class='ocrx_word' id='word_1_233' title='bbox 1706 2327 1814 2382; x_wconf 89' lang='lat' dir='ltr'><em>sim</em></span> <span class='ocrx_word' id='word_1_234' title='bbox 1842 2330 2112 2398; x_wconf 86' lang='lat' dir='ltr'><em>peccator</em></span> 
     </span>
    </p>
   </div>
   <div class='ocr_carea' id='block_1_38' title="bbox 461 2414 2105 2487">
    <p class='ocr_par' dir='ltr' id='par_1_38' title="bbox 461 2414 2105 2487">
     <span class='ocr_line' id='line_1_38' title="bbox 461 2414 2105 2487; baseline -0.005 -9"><span class='ocrx_word' id='word_1_235' title='bbox 461 2426 759 2479; x_wconf 88' lang='lat' dir='ltr'><em>tantorum</em></span> <span class='ocrx_word' id='word_1_236' title='bbox 785 2420 1072 2476; x_wconf 86' lang='lat' dir='ltr'><em>malorum</em></span> <span class='ocrx_word' id='word_1_237' title='bbox 1092 2419 1149 2473; x_wconf 89' lang='lat' dir='ltr'><em>in</em></span> <span class='ocrx_word' id='word_1_238' title='bbox 1168 2418 1479 2475; x_wconf 88' lang='lat' dir='ltr'><em>Dominum</em></span> <span class='ocrx_word' id='word_1_239' title='bbox 1503 2416 1530 2469; x_wconf 87' lang='lat'>?</span> <span class='ocrx_word' id='word_1_240' title='bbox 1551 2415 1675 2471; x_wconf 86' lang='lat' dir='ltr'><em>Noli</em></span> <span class='ocrx_word' id='word_1_241' title='bbox 1699 2415 1808 2470; x_wconf 92' lang='lat' dir='ltr'><em>hoc</em></span> <span class='ocrx_word' id='word_1_242' title='bbox 1826 2414 2105 2487; x_wconf 83' lang='lat' dir='ltr'><em>cogitare;</em></span> 
     </span>
    </p>
   </div>
   <div class='ocr_carea' id='block_1_39' title="bbox 459 2504 2103 2582">
    <p class='ocr_par' dir='ltr' id='par_1_39' title="bbox 459 2504 2103 2582">
     <span class='ocr_line' id='line_1_39' title="bbox 459 2504 2103 2582; baseline -0.005 -14"><span class='ocrx_word' id='word_1_243' title='bbox 459 2513 560 2567; x_wconf 87' lang='lat' dir='ltr'><em>sed</em></span> <span class='ocrx_word' id='word_1_244' title='bbox 592 2528 659 2567; x_wconf 87' lang='lat' dir='ltr'><em>ex</em></span> <span class='ocrx_word' id='word_1_245' title='bbox 687 2511 823 2566; x_wconf 89' lang='lat' dir='ltr'><em>totis</em></span> <span class='ocrx_word' id='word_1_246' title='bbox 880 2508 1209 2582; x_wconf 65' lang='lat' dir='ltr'><em>praecordiis</em></span> <span class='ocrx_word' id='word_1_247' title='bbox 1267 2511 1600 2563; x_wconf 82' lang='lat' dir='ltr'><em>convertere</em></span> <span class='ocrx_word' id='word_1_248' title='bbox 1650 2505 1718 2559; x_wconf 90' lang='lat' dir='ltr'><em>ad</em></span> <span class='ocrx_word' id='word_1_249' title='bbox 1772 2504 2103 2559; x_wconf 91' lang='lat' dir='ltr'><em>Dominum.</em></span> 
     </span>
    </p>
   </div>
   <div class='ocr_carea' id='block_1_40' title="bbox 455 2593 2106 2666">
    <p class='ocr_par' dir='ltr' id='par_1_40' title="bbox 455 2593 2106 2666">
     <span class='ocr_line' id='line_1_40' title="bbox 455 2593 2106 2666; baseline -0.004 -12"><span class='ocrx_word' id='word_1_250' title='bbox 455 2603 591 2656; x_wconf 84' lang='lat' dir='ltr'><em>Pete</em></span> <span class='ocrx_word' id='word_1_251' title='bbox 621 2600 748 2656; x_wconf 85' lang='lat' dir='ltr'><em>sine</em></span> <span class='ocrx_word' id='word_1_252' title='bbox 777 2598 1160 2666; x_wconf 85' lang='lat' dir='ltr'><em>dubitatione,</em></span> <span class='ocrx_word' id='word_1_253' title='bbox 1195 2601 1252 2651; x_wconf 90' lang='lat' dir='ltr'><em>et</em></span> <span class='ocrx_word' id='word_1_254' title='bbox 1280 2596 1428 2651; x_wconf 88' lang='lat' dir='ltr'><em>scies</em></span> <span class='ocrx_word' id='word_1_255' title='bbox 1484 2593 1943 2650; x_wconf 88' lang='lat' dir='ltr'><em>misericordiam</em></span> <span class='ocrx_word' id='word_1_256' title='bbox 1997 2597 2106 2649; x_wconf 95' lang='lat' dir='ltr'><em>Do-</em></span> 
     </span>
    </p>
   </div>
   <div class='ocr_carea' id='block_1_41' title="bbox 458 2682 2104 2761">
    <p class='ocr_par' dir='ltr' id='par_1_41' title="bbox 458 2682 2104 2761">
     <span class='ocr_line' id='line_1_41' title="bbox 458 2682 2104 2761; baseline -0.004 -17"><span class='ocrx_word' id='word_1_257' title='bbox 458 2688 642 2757; x_wconf 89' lang='lat' dir='ltr'><em>mini;</em></span> <span class='ocrx_word' id='word_1_258' title='bbox 683 2688 834 2761; x_wconf 90' lang='lat' dir='ltr'><em>quod</em></span> <span class='ocrx_word' id='word_1_259' title='bbox 877 2704 992 2741; x_wconf 91' lang='lat' dir='ltr'><em>non</em></span> <span class='ocrx_word' id='word_1_260' title='bbox 1049 2692 1109 2742; x_wconf 90' lang='lat' dir='ltr'><em>te</em></span> <span class='ocrx_word' id='word_1_261' title='bbox 1167 2685 1552 2757; x_wconf 87' lang='lat' dir='ltr'><em>derelinquet,</em></span> <span class='ocrx_word' id='word_1_262' title='bbox 1613 2683 1715 2738; x_wconf 90' lang='lat' dir='ltr'><em>sed</em></span> <span class='ocrx_word' id='word_1_263' title='bbox 1764 2682 2104 2754; x_wconf 84' lang='lat' dir='ltr'><em>petitionem</em></span> 
     </span>
    </p>
   </div>
   <div class='ocr_carea' id='block_1_42' title="bbox 456 2771 2105 2849">
    <p class='ocr_par' dir='ltr' id='par_1_42' title="bbox 456 2771 2105 2849">
     <span class='ocr_line' id='line_1_42' title="bbox 456 2771 2105 2849; baseline -0.006 -14"><span class='ocrx_word' id='word_1_264' title='bbox 456 2778 663 2836; x_wconf 68' lang='lat' dir='ltr'><em>animae</em></span> <span class='ocrx_word' id='word_1_265' title='bbox 694 2783 806 2833; x_wconf 83' lang='lat' dir='ltr'><em>tuae</em></span> <span class='ocrx_word' id='word_1_266' title='bbox 840 2774 1184 2849; x_wconf 88' lang='lat' dir='ltr'><em>adimplebit</em></span> <span class='ocrx_word' id='word_1_267' title='bbox 1227 2774 1360 2846; x_wconf 86' lang='grc'>(41).</span> <span class='ocrx_word' id='word_1_268' title='bbox 1410 2778 1535 2828; x_wconf 87' lang='lat' dir='ltr'><em>Non</em></span> <span class='ocrx_word' id='word_1_269' title='bbox 1595 2778 1685 2827; x_wconf 90' lang='lat' dir='ltr'><em>est</em></span> <span class='ocrx_word' id='word_1_270' title='bbox 1731 2772 1887 2826; x_wconf 89' lang='lat' dir='ltr'><em>enim</em></span> <span class='ocrx_word' id='word_1_271' title='bbox 1946 2771 2105 2827; x_wconf 88' lang='lat' dir='ltr'><em>Deus</em></span> 
     </span>
    </p>
   </div>
   <div class='ocr_carea' id='block_1_43' title="bbox 457 2860 2100 2935">
    <p class='ocr_par' dir='ltr' id='par_1_43' title="bbox 457 2860 2100 2935">
     <span class='ocr_line' id='line_1_43' title="bbox 457 2860 2100 2935; baseline -0.006 -12"><span class='ocrx_word' id='word_1_272' title='bbox 457 2866 611 2924; x_wconf 89' lang='lat' dir='ltr'><em>sicut</em></span> <span class='ocrx_word' id='word_1_273' title='bbox 665 2866 955 2933; x_wconf 88' lang='lat' dir='ltr'><em>homines,</em></span> <span class='ocrx_word' id='word_1_274' title='bbox 1013 2880 1300 2919; x_wconf 88' lang='lat' dir='ltr'><em>memores</em></span> <span class='ocrx_word' id='word_1_275' title='bbox 1359 2862 1473 2935; x_wconf 82' lang='lat'>(42)</span> <span class='ocrx_word' id='word_1_276' title='bbox 1526 2860 1918 2931; x_wconf 85' lang='lat' dir='ltr'><em>injuriarum;</em></span> <span class='ocrx_word' id='word_1_277' title='bbox 2000 2860 2100 2914; x_wconf 88' lang='lat' dir='ltr'><em>sed</em></span> 
     </span>
    </p>
   </div>
   <div class='ocr_carea' id='block_1_44' title="bbox 458 2947 2101 3024">
    <p class='ocr_par' dir='ltr' id='par_1_44' title="bbox 458 2947 2101 3024">
     <span class='ocr_line' id='line_1_44' title="bbox 458 2947 2101 3024; baseline -0.007 -12"><span class='ocrx_word' id='word_1_278' title='bbox 458 2961 547 3013; x_wconf 89' lang='lat' dir='ltr'><em>est</em></span> <span class='ocrx_word' id='word_1_279' title='bbox 591 2956 903 3011; x_wconf 88' lang='lat' dir='ltr'><em>immemor</em></span> <span class='ocrx_word' id='word_1_280' title='bbox 951 2954 1320 3024; x_wconf 86' lang='lat' dir='ltr'><em>injuriarum,</em></span> <span class='ocrx_word' id='word_1_281' title='bbox 1380 2955 1437 3006; x_wconf 90' lang='lat' dir='ltr'><em>et</em></span> <span class='ocrx_word' id='word_1_282' title='bbox 1484 2949 1795 3005; x_wconf 83' lang='lat' dir='ltr'><em>miseretur</em></span> <span class='ocrx_word' id='word_1_283' title='bbox 1838 2947 2101 3019; x_wconf 84' lang='lat' dir='ltr'><em>ﬁgmenti</em></span> 
     </span>
    </p>
   </div>
   <div class='ocr_carea' id='block_1_45' title="bbox 458 3035 2100 3117">
    <p class='ocr_par' dir='ltr' id='par_1_45' title="bbox 458 3035 2100 3117">
     <span class='ocr_line' id='line_1_45' title="bbox 458 3035 2100 3117; baseline -0.004 -18"><span class='ocrx_word' id='word_1_284' title='bbox 458 3045 547 3100; x_wconf 90' lang='lat' dir='ltr'><em>sui</em></span> <span class='ocrx_word' id='word_1_285' title='bbox 577 3043 710 3117; x_wconf 89' lang='lat'>(44).</span> <span class='ocrx_word' id='word_1_286' title='bbox 742 3044 891 3115; x_wconf 88' lang='lat' dir='ltr'><em>Ergo</em></span> <span class='ocrx_word' id='word_1_287' title='bbox 923 3042 1167 3115; x_wconf 87' lang='lat' dir='ltr'><em>purifica</em></span> <span class='ocrx_word' id='word_1_288' title='bbox 1189 3058 1286 3096; x_wconf 92' lang='lat' dir='ltr'><em>cor</em></span> <span class='ocrx_word' id='word_1_289' title='bbox 1314 3043 1479 3095; x_wconf 89' lang='lat' dir='ltr'><em>tuum</em></span> <span class='ocrx_word' id='word_1_290' title='bbox 1512 3039 1582 3093; x_wconf 88' lang='lat' dir='ltr'><em>ab</em></span> <span class='ocrx_word' id='word_1_291' title='bbox 1636 3037 1908 3092; x_wconf 90' lang='lat' dir='ltr'><em>omnibus</em></span> <span class='ocrx_word' id='word_1_292' title='bbox 1945 3035 2100 3092; x_wconf 82' lang='lat' dir='ltr'><em>vitiis</em></span> 
     </span>
    </p>
   </div>
   <div class='ocr_carea' id='block_1_46' title="bbox 459 3122 2104 3203">
    <p class='ocr_par' dir='ltr' id='par_1_46' title="bbox 459 3122 2104 3203">
     <span class='ocr_line' id='line_1_46' title="bbox 459 3122 2104 3203; baseline -0.004 -16"><span class='ocrx_word' id='word_1_293' title='bbox 459 3131 637 3203; x_wconf 90' lang='lat' dir='ltr'><em>hujus</em></span> <span class='ocrx_word' id='word_1_294' title='bbox 669 3128 864 3186; x_wconf 65' lang='lat' dir='ltr'><em>saeculi</em></span> <span class='ocrx_word' id='word_1_295' title='bbox 885 3130 1017 3202; x_wconf 89' lang='grc'>(44),</span> <span class='ocrx_word' id='word_1_296' title='bbox 1049 3132 1104 3185; x_wconf 90' lang='lat' dir='ltr'><em>et</em></span> <span class='ocrx_word' id='word_1_297' title='bbox 1134 3128 1375 3183; x_wconf 89' lang='lat' dir='ltr'><em>observa</em></span> <span class='ocrx_word' id='word_1_298' title='bbox 1421 3125 1690 3198; x_wconf 75' lang='lat' dir='ltr'><em>praedicta</em></span> <span class='ocrx_word' id='word_1_299' title='bbox 1720 3124 1895 3179; x_wconf 84' lang='lat' dir='ltr'><em>verba</em></span> <span class='ocrx_word' id='word_1_300' title='bbox 1924 3122 2029 3179; x_wconf 86' lang='lat' dir='ltr'><em>tibi</em></span> <span class='ocrx_word' id='word_1_301' title='bbox 2069 3140 2104 3181; x_wconf 87' lang='lat' dir='ltr'><em>a</em></span> 
     </span>
    </p>
   </div>
   <div class='ocr_carea' id='block_1_47' title="bbox 450 3211 2101 3291">
    <p class='ocr_par' dir='ltr' id='par_1_47' title="bbox 450 3211 2101 3291">
     <span class='ocr_line' id='line_1_47' title="bbox 450 3211 2101 3291; baseline -0.006 -14"><span class='ocrx_word' id='word_1_302' title='bbox 450 3220 568 3278; x_wconf 91' lang='lat' dir='ltr'><em>Deo</em></span> <span class='ocrx_word' id='word_1_303' title='bbox 597 3221 735 3276; x_wconf 87' lang='lat' dir='ltr'><em>data</em></span> <span class='ocrx_word' id='word_1_304' title='bbox 765 3219 878 3291; x_wconf 84' lang='lat'>(46)</span> <span class='ocrx_word' id='word_1_305' title='bbox 904 3236 917 3287; x_wconf 91' lang='lat'><strong>;</strong></span> <span class='ocrx_word' id='word_1_306' title='bbox 951 3222 1007 3274; x_wconf 91' lang='lat' dir='ltr'><em>et</em></span> <span class='ocrx_word' id='word_1_307' title='bbox 1036 3217 1285 3288; x_wconf 85' lang='lat' dir='ltr'><em>accipies</em></span> <span class='ocrx_word' id='word_1_308' title='bbox 1307 3215 1505 3270; x_wconf 82' lang='lat' dir='ltr'><em>omnia</em></span> <span class='ocrx_word' id='word_1_309' title='bbox 1524 3215 1675 3270; x_wconf 87' lang='lat' dir='ltr'><em>bona</em></span> <span class='ocrx_word' id='word_1_310' title='bbox 1701 3230 1826 3284; x_wconf 71' lang='lat' dir='ltr'><em>quae</em></span> <span class='ocrx_word' id='word_1_311' title='bbox 1841 3211 2019 3285; x_wconf 85' lang='lat' dir='ltr'><em>petis:</em></span> <span class='ocrx_word' id='word_1_312' title='bbox 2042 3215 2101 3268; x_wconf 90' lang='lat' dir='ltr'><em>et</em></span> 
     </span>
    </p>
   </div>
   <div class='ocr_carea' id='block_1_48' title="bbox 442 3301 2096 3378">
    <p class='ocr_par' dir='ltr' id='par_1_48' title="bbox 442 3301 2096 3378">
     <span class='ocr_line' id='line_1_48' title="bbox 442 3301 2096 3378; baseline -0.006 -13"><span class='ocrx_word' id='word_1_313' title='bbox 442 3326 512 3365; x_wconf 79' lang='lat' dir='ltr'><em>ex</em></span> <span class='ocrx_word' id='word_1_314' title='bbox 540 3308 815 3365; x_wconf 89' lang='lat' dir='ltr'><em>omnibus</em></span> <span class='ocrx_word' id='word_1_315' title='bbox 848 3306 1232 3378; x_wconf 86' lang='lat' dir='ltr'><em>petitionibus</em></span> <span class='ocrx_word' id='word_1_316' title='bbox 1279 3304 1399 3359; x_wconf 87' lang='lat' dir='ltr'><em>tuis</em></span> <span class='ocrx_word' id='word_1_317' title='bbox 1446 3301 1593 3358; x_wconf 88' lang='lat' dir='ltr'><em>nihil</em></span> <span class='ocrx_word' id='word_1_318' title='bbox 1640 3301 1824 3357; x_wconf 90' lang='lat' dir='ltr'><em>deerit</em></span> <span class='ocrx_word' id='word_1_319' title='bbox 1875 3301 2002 3368; x_wconf 90' lang='lat' dir='ltr'><em>tibi,</em></span> <span class='ocrx_word' id='word_1_320' title='bbox 2046 3301 2096 3357; x_wconf 89' lang='lat' dir='ltr'><em>si</em></span> 
     </span>
    </p>
   </div>
   <div class='ocr_carea' id='block_1_49' title="bbox 2288 2056 3865 2140">
    <p class='ocr_par' dir='ltr' id='par_1_49' title="bbox 2288 2056 3865 2140">
     <span class='ocr_line' id='line_1_49' title="bbox 2288 2056 3865 2140; baseline 0.002 -25"><span class='ocrx_word' id='word_1_321' title='bbox 2288 2060 2403 2133; x_wconf 87' lang='grc'>(34)</span> <span class='ocrx_word' id='word_1_322' title='bbox 2432 2059 2598 2130; x_wconf 83' lang='grc' dir='ltr'>Ἀρον</span> <span class='ocrx_word' id='word_1_323' title='bbox 2630 2056 2736 2112; x_wconf 87' lang='grc' dir='ltr'><em>ἀπὸ</em></span> <span class='ocrx_word' id='word_1_324' title='bbox 2776 2061 2871 2111; x_wconf 92' lang='grc' dir='ltr'><em>σοῦ</em></span> <span class='ocrx_word' id='word_1_325' title='bbox 2900 2058 2999 2128; x_wconf 69' lang='grc' dir='ltr'>τὴν</span> <span class='ocrx_word' id='word_1_326' title='bbox 3034 2056 3318 2135; x_wconf 86' lang='grc' dir='ltr'>διψυχίαν,</span> <span class='ocrx_word' id='word_1_327' title='bbox 3348 2060 3439 2115; x_wconf 81' lang='grc' dir='ltr'><em>καὶ</em></span> <span class='ocrx_word' id='word_1_328' title='bbox 3489 2059 3734 2134; x_wconf 83' lang='grc' dir='ltr'>μηδενὸς</span> 
     </span>
    </p>
   </div>
   <div class='ocr_carea' id='block_1_50' title="bbox 2220 2143 3861 2230">
    <p class='ocr_par' dir='ltr' id='par_1_50' title="bbox 2220 2143 3861 2230">
     <span class='ocr_line' id='line_1_50' title="bbox 2220 2143 3861 2230; baseline 0.005 -30"><span class='ocrx_word' id='word_1_329' title='bbox 2220 2144 2365 2209; x_wconf 76' lang='grc' dir='ltr'>ὅλως</span> <span class='ocrx_word' id='word_1_330' title='bbox 2411 2143 2744 2221; x_wconf 80' lang='grc' dir='ltr'>διψυχήσῃς,</span> <span class='ocrx_word' id='word_1_331' title='bbox 2779 2145 3094 2216; x_wconf 80' lang='grc' dir='ltr'>αἰτήσασθαι</span> <span class='ocrx_word' id='word_1_332' title='bbox 3150 2148 3295 2224; x_wconf 86' lang='grc' dir='ltr'><em>παρὰ</em></span> <span class='ocrx_word' id='word_1_333' title='bbox 3352 2153 3449 2205; x_wconf 89' lang='grc' dir='ltr'><em>τοῦ</em></span> <span class='ocrx_word' id='word_1_334' title='bbox 3505 2156 3667 2222; x_wconf 88' lang='grc' dir='ltr'>Θεοῦ,</span> <span class='ocrx_word' id='word_1_335' title='bbox 3702 2151 3861 2230; x_wconf 75' lang='grc' dir='ltr'>λέγων</span> 
     </span>
    </p>
   </div>
   <div class='ocr_carea' id='block_1_51' title="bbox 2221 2231 3863 2319">
    <p class='ocr_par' dir='ltr' id='par_1_51' title="bbox 2221 2231 3863 2319">
     <span class='ocr_line' id='line_1_51' title="bbox 2221 2231 3863 2319; baseline 0.005 -30"><span class='ocrx_word' id='word_1_336' title='bbox 2221 2233 2272 2290; x_wconf 80' lang='grc' dir='ltr'>ἐν</span> <span class='ocrx_word' id='word_1_337' title='bbox 2305 2238 2533 2307; x_wconf 80' lang='grc' dir='ltr'>σεαυτῷ·</span> <span class='ocrx_word' id='word_1_338' title='bbox 2577 2238 2763 2296; x_wconf 88' lang='grc' dir='ltr'>Ὅπως</span> <span class='ocrx_word' id='word_1_339' title='bbox 2821 2231 3125 2319; x_wconf 76' lang='grc' dir='ltr'>δυνήσομαι</span> <span class='ocrx_word' id='word_1_340' title='bbox 3174 2235 3490 2308; x_wconf 76' lang='grc' dir='ltr'>αἰτήσασθαι</span> <span class='ocrx_word' id='word_1_341' title='bbox 3730 2242 3863 2319; x_wconf 79' lang='grc' dir='ltr'>παρᾶ</span> 
     </span>
    </p>
   </div>
   <div class='ocr_carea' id='block_1_52' title="bbox 2216 2318 3862 2401">
    <p class='ocr_par' dir='ltr' id='par_1_52' title="bbox 2216 2318 3862 2401">
     <span class='ocr_line' id='line_1_52' title="bbox 2216 2318 3862 2401; baseline 0.005 -22"><span class='ocrx_word' id='word_1_342' title='bbox 2216 2327 2313 2379; x_wconf 88' lang='grc' dir='ltr'><em>τοῦ</em></span> <span class='ocrx_word' id='word_1_343' title='bbox 2344 2322 2549 2398; x_wconf 82' lang='grc' dir='ltr'>Κυρίου</span> <span class='ocrx_word' id='word_1_344' title='bbox 2583 2325 2716 2396; x_wconf 81' lang='grc' dir='ltr'>(καὶ)</span> <span class='ocrx_word' id='word_1_345' title='bbox 2750 2318 2953 2393; x_wconf 88' lang='grc' dir='ltr'>λαϐεῖν,</span> <span class='ocrx_word' id='word_1_346' title='bbox 2987 2326 3323 2401; x_wconf 78' lang='grc' dir='ltr'>ἡμαρτηκὼς</span> <span class='ocrx_word' id='word_1_347' title='bbox 3351 2333 3586 2384; x_wconf 88' lang='grc' dir='ltr'>τοσαῦτα</span> <span class='ocrx_word' id='word_1_348' title='bbox 3650 2330 3729 2394; x_wconf 81' lang='grc' dir='ltr'><em>εἰς</em></span> <span class='ocrx_word' id='word_1_349' title='bbox 3779 2331 3862 2387; x_wconf 74' lang='grc' dir='ltr'><em>αὖ·</em></span> 
     </span>
    </p>
   </div>
   <div class='ocr_carea' id='block_1_53' title="bbox 2214 2410 3862 2493">
    <p class='ocr_par' dir='ltr' id='par_1_53' title="bbox 2214 2410 3862 2493">
     <span class='ocr_line' id='line_1_53' title="bbox 2214 2410 3862 2493; baseline 0.005 -26"><span class='ocrx_word' id='word_1_350' title='bbox 2214 2412 2306 2467; x_wconf 90' lang='grc' dir='ltr'>τόν</span> <span class='ocrx_word' id='word_1_351' title='bbox 2334 2432 2347 2482; x_wconf 90' lang='grc'>;</span> <span class='ocrx_word' id='word_1_352' title='bbox 2382 2414 2469 2482; x_wconf 82' lang='grc' dir='ltr'><em>Μὴ</em></span> <span class='ocrx_word' id='word_1_353' title='bbox 2500 2410 2819 2487; x_wconf 84' lang='grc' dir='ltr'>διαλογίζου</span> <span class='ocrx_word' id='word_1_354' title='bbox 2848 2417 3035 2487; x_wconf 89' lang='grc' dir='ltr'>ταῦτα,</span> <span class='ocrx_word' id='word_1_355' title='bbox 3070 2412 3195 2471; x_wconf 86' lang='grc' dir='ltr'>ἀλλ’</span> <span class='ocrx_word' id='word_1_356' title='bbox 3228 2414 3279 2486; x_wconf 78' lang='grc' dir='ltr'>ἐξ</span> <span class='ocrx_word' id='word_1_357' title='bbox 3311 2413 3453 2487; x_wconf 75' lang='grc' dir='ltr'>δ’λης</span> <span class='ocrx_word' id='word_1_358' title='bbox 3490 2415 3723 2493; x_wconf 76' lang='grc' dir='ltr'>καρδίας</span> <span class='ocrx_word' id='word_1_359' title='bbox 3777 2441 3862 2476; x_wconf 89' lang='grc' dir='ltr'><em>σου</em></span> 
     </span>
    </p>
   </div>
   <div class='ocr_carea' id='block_1_54' title="bbox 2216 2501 3863 2585">
    <p class='ocr_par' dir='ltr' id='par_1_54' title="bbox 2216 2501 3863 2585">
     <span class='ocr_line' id='line_1_54' title="bbox 2216 2501 3863 2585; baseline 0.005 -29"><span class='ocrx_word' id='word_1_360' title='bbox 2216 2501 2533 2578; x_wconf 80' lang='grc' dir='ltr'>ἐπίστρεψον</span> <span class='ocrx_word' id='word_1_361' title='bbox 2592 2502 2728 2578; x_wconf 87' lang='grc' dir='ltr'>πρὸς</span> <span class='ocrx_word' id='word_1_362' title='bbox 2783 2501 3150 2577; x_wconf 87' lang='grc' dir='ltr'>Κύριον(39),</span> <span class='ocrx_word' id='word_1_363' title='bbox 3182 2505 3272 2559; x_wconf 86' lang='grc' dir='ltr'><em>καὶ</em></span> <span class='ocrx_word' id='word_1_364' title='bbox 3329 2505 3483 2562; x_wconf 92' lang='grc' dir='ltr'>αἰτοῦ</span> <span class='ocrx_word' id='word_1_365' title='bbox 3545 2510 3679 2585; x_wconf 86' lang='grc' dir='ltr'>παρ’</span> <span class='ocrx_word' id='word_1_366' title='bbox 3712 2509 3863 2565; x_wconf 76' lang='grc' dir='ltr'>αὐτοῦ</span> 
     </span>
    </p>
   </div>
   <div class='ocr_carea' id='block_1_55' title="bbox 2215 2588 3863 2672">
    <p class='ocr_par' dir='ltr' id='par_1_55' title="bbox 2215 2588 3863 2672">
     <span class='ocr_line' id='line_1_55' title="bbox 2215 2588 3863 2672; baseline 0.006 -28"><span class='ocrx_word' id='word_1_367' title='bbox 2215 2588 2571 2662; x_wconf 84' lang='grc' dir='ltr'>ἀδιστάκτως,</span> <span class='ocrx_word' id='word_1_368' title='bbox 2604 2589 2693 2645; x_wconf 76' lang='grc' dir='ltr'><em>καί</em></span> <span class='ocrx_word' id='word_1_369' title='bbox 2743 2590 2925 2666; x_wconf 79' lang='grc' dir='ltr'>γνώσῃ</span> <span class='ocrx_word' id='word_1_370' title='bbox 2978 2592 3077 2660; x_wconf 78' lang='grc' dir='ltr'>τὴν</span> <span class='ocrx_word' id='word_1_371' title='bbox 3137 2592 3699 2672; x_wconf 78' lang='grc' dir='ltr'>πολυευσπλαγχνίαν</span> <span class='ocrx_word' id='word_1_372' title='bbox 3759 2600 3863 2671; x_wconf 85' lang='grc'>(40)</span> 
     </span>
    </p>
   </div>
   <div class='ocr_carea' id='block_1_56' title="bbox 2214 2678 3864 2760">
    <p class='ocr_par' dir='ltr' id='par_1_56' title="bbox 2214 2678 3864 2760">
     <span class='ocr_line' id='line_1_56' title="bbox 2214 2678 3864 2760; baseline 0.002 -26"><span class='ocrx_word' id='word_1_373' title='bbox 2214 2679 2399 2747; x_wconf 79' lang='grc' dir='ltr'>αὐτοῦ,</span> <span class='ocrx_word' id='word_1_374' title='bbox 2433 2679 2515 2734; x_wconf 80' lang='grc' dir='ltr'>ὅτι</span> <span class='ocrx_word' id='word_1_375' title='bbox 2549 2678 2609 2733; x_wconf 86' lang='grc' dir='ltr'><em>οὐ</em></span> <span class='ocrx_word' id='word_1_376' title='bbox 2644 2682 2718 2751; x_wconf 80' lang='grc' dir='ltr'>μή</span> <span class='ocrx_word' id='word_1_377' title='bbox 2754 2700 2811 2733; x_wconf 89' lang='grc' dir='ltr'><em>σε</em></span> <span class='ocrx_word' id='word_1_378' title='bbox 2841 2678 3223 2755; x_wconf 81' lang='grc' dir='ltr'>ἐγκαταλείπῃ,</span> <span class='ocrx_word' id='word_1_379' title='bbox 3258 2680 3402 2738; x_wconf 86' lang='grc' dir='ltr'><em>ἀλλά</em></span> <span class='ocrx_word' id='word_1_380' title='bbox 3429 2683 3492 2739; x_wconf 89' lang='grc' dir='ltr'><em>τὸ</em></span> <span class='ocrx_word' id='word_1_381' title='bbox 3522 2683 3739 2760; x_wconf 74' lang='grc' dir='ltr'>αἴτημα</span> <span class='ocrx_word' id='word_1_382' title='bbox 3775 2694 3864 2757; x_wconf 73' lang='grc' dir='ltr'>τῆς</span> 
     </span>
    </p>
   </div>
   <div class='ocr_carea' id='block_1_57' title="bbox 2212 2766 3863 2849">
    <p class='ocr_par' dir='ltr' id='par_1_57' title="bbox 2212 2766 3863 2849">
     <span class='ocr_line' id='line_1_57' title="bbox 2212 2766 3863 2849; baseline 0.005 -26"><span class='ocrx_word' id='word_1_383' title='bbox 2212 2772 2398 2844; x_wconf 80' lang='grc' dir='ltr'>ψυχῆς</span> <span class='ocrx_word' id='word_1_384' title='bbox 2431 2790 2525 2823; x_wconf 94' lang='grc' dir='ltr'><em>σου</em></span> <span class='ocrx_word' id='word_1_385' title='bbox 2557 2766 2999 2846; x_wconf 81' lang='grc' dir='ltr'>πληροφορήσει.</span> <span class='ocrx_word' id='word_1_386' title='bbox 3031 2769 3141 2824; x_wconf 78' lang='grc' dir='ltr'><em>Οὐκ</em></span> <span class='ocrx_word' id='word_1_387' title='bbox 3188 2768 3297 2826; x_wconf 80' lang='grc' dir='ltr'>ἔστι</span> <span class='ocrx_word' id='word_1_388' title='bbox 3353 2772 3458 2849; x_wconf 80' lang='grc' dir='ltr'><em>γὰρ</em></span> <span class='ocrx_word' id='word_1_389' title='bbox 3487 2775 3516 2828; x_wconf 88' lang='grc' dir='ltr'>ὁ</span> <span class='ocrx_word' id='word_1_390' title='bbox 3544 2776 3683 2839; x_wconf 79' lang='grc' dir='ltr'>Θεὸς</span> <span class='ocrx_word' id='word_1_391' title='bbox 3717 2777 3791 2847; x_wconf 81' lang='grc' dir='ltr'>ὡς</span> <span class='ocrx_word' id='word_1_392' title='bbox 3817 2778 3863 2831; x_wconf 74' lang='grc' dir='ltr'>οἱ</span> 
     </span>
    </p>
   </div>
   <div class='ocr_carea' id='block_1_58' title="bbox 2211 2856 3862 2937">
    <p class='ocr_par' dir='ltr' id='par_1_58' title="bbox 2211 2856 3862 2937">
     <span class='ocr_line' id='line_1_58' title="bbox 2211 2856 3862 2937; baseline 0.005 -25"><span class='ocrx_word' id='word_1_393' title='bbox 2211 2856 2490 2932; x_wconf 81' lang='grc' dir='ltr'>ἅνθρωποι</span> <span class='ocrx_word' id='word_1_394' title='bbox 2522 2863 2997 2929; x_wconf 78' lang='grc' dir='ltr'>μνησικακοῦντες,</span> <span class='ocrx_word' id='word_1_395' title='bbox 3030 2856 3157 2914; x_wconf 88' lang='grc' dir='ltr'>ἀλλ’</span> <span class='ocrx_word' id='word_1_396' title='bbox 3210 2860 3370 2923; x_wconf 75' lang='grc' dir='ltr'>αὐτὸς</span> <span class='ocrx_word' id='word_1_397' title='bbox 3410 2865 3530 2937; x_wconf 88' lang='grc'>(43)</span> <span class='ocrx_word' id='word_1_398' title='bbox 3561 2864 3862 2937; x_wconf 75' lang='grc' dir='ltr'>ἀμνησίκα·</span> 
     </span>
    </p>
   </div>
   <div class='ocr_carea' id='block_1_59' title="bbox 2209 2945 3852 3022">
    <p class='ocr_par' dir='ltr' id='par_1_59' title="bbox 2209 2945 3852 3022">
     <span class='ocr_line' id='line_1_59' title="bbox 2209 2945 3852 3022; baseline 0.007 -22"><span class='ocrx_word' id='word_1_399' title='bbox 2209 2945 2306 3008; x_wconf 84' lang='grc' dir='ltr'>κός</span> <span class='ocrx_word' id='word_1_400' title='bbox 2336 2945 2467 3015; x_wconf 83' lang='grc' dir='ltr'>ἐστι,</span> <span class='ocrx_word' id='word_1_401' title='bbox 2499 2945 2588 3000; x_wconf 80' lang='grc' dir='ltr'><em>καὶ</em></span> <span class='ocrx_word' id='word_1_402' title='bbox 2634 2946 3053 3022; x_wconf 83' lang='grc' dir='ltr'>σπλαγχνίζεται</span> <span class='ocrx_word' id='word_1_403' title='bbox 3095 2946 3182 3003; x_wconf 82' lang='grc' dir='ltr'>ἐπὶ</span> <span class='ocrx_word' id='word_1_404' title='bbox 3237 2951 3336 3018; x_wconf 79' lang='grc' dir='ltr'>τὴν</span> <span class='ocrx_word' id='word_1_405' title='bbox 3393 2951 3617 3022; x_wconf 84' lang='grc' dir='ltr'>ποίησιν</span> <span class='ocrx_word' id='word_1_406' title='bbox 3677 2955 3852 3011; x_wconf 77' lang='grc' dir='ltr'>αὐτοῦ.</span> 
     </span>
    </p>
   </div>
   <div class='ocr_carea' id='block_1_60' title="bbox 2211 3033 3853 3112">
    <p class='ocr_par' dir='ltr' id='par_1_60' title="bbox 2211 3033 3853 3112">
     <span class='ocr_line' id='line_1_60' title="bbox 2211 3033 3853 3112; baseline 0.005 -23"><span class='ocrx_word' id='word_1_407' title='bbox 2211 3035 2286 3089; x_wconf 82' lang='grc' dir='ltr'><em>Σὺ</em></span> <span class='ocrx_word' id='word_1_408' title='bbox 2319 3036 2409 3089; x_wconf 81' lang='grc' dir='ltr'><em>οῦν</em></span> <span class='ocrx_word' id='word_1_409' title='bbox 2443 3034 2728 3112; x_wconf 78' lang='grc' dir='ltr'>καθάρισον</span> <span class='ocrx_word' id='word_1_410' title='bbox 2760 3037 2858 3104; x_wconf 77' lang='grc' dir='ltr'>τήν</span> <span class='ocrx_word' id='word_1_411' title='bbox 2891 3033 3112 3111; x_wconf 86' lang='grc' dir='ltr'>καρδίαν</span> <span class='ocrx_word' id='word_1_412' title='bbox 3161 3059 3256 3092; x_wconf 89' lang='grc' dir='ltr'><em>σου</em></span> <span class='ocrx_word' id='word_1_413' title='bbox 3314 3038 3421 3095; x_wconf 86' lang='grc' dir='ltr'><em>ἀπὸ</em></span> <span class='ocrx_word' id='word_1_414' title='bbox 3478 3042 3704 3097; x_wconf 79' lang='grc' dir='ltr'>πάντων</span> <span class='ocrx_word' id='word_1_415' title='bbox 3758 3048 3853 3099; x_wconf 79' lang='grc' dir='ltr'><em>τῶν</em></span> 
     </span>
    </p>
   </div>
   <div class='ocr_carea' id='block_1_61' title="bbox 2213 3123 3853 3208">
    <p class='ocr_par' dir='ltr' id='par_1_61' title="bbox 2213 3123 3853 3208">
     <span class='ocr_line' id='line_1_61' title="bbox 2213 3123 3853 3208; baseline 0.006 -31"><span class='ocrx_word' id='word_1_416' title='bbox 2213 3123 2452 3196; x_wconf 85' lang='grc' dir='ltr'>ματαίων</span> <span class='ocrx_word' id='word_1_417' title='bbox 2484 3123 2713 3195; x_wconf 88' lang='grc' dir='ltr'>τούτων,</span> <span class='ocrx_word' id='word_1_418' title='bbox 2745 3124 2835 3178; x_wconf 82' lang='grc' dir='ltr'><em>καὶ</em></span> <span class='ocrx_word' id='word_1_419' title='bbox 2891 3130 2998 3179; x_wconf 82' lang='grc' dir='ltr'>τῶν</span> <span class='ocrx_word' id='word_1_420' title='bbox 3056 3127 3468 3203; x_wconf 71' lang='grc' dir='ltr'>προειρημένων</span> <span class='ocrx_word' id='word_1_421' title='bbox 3529 3151 3619 3186; x_wconf 87' lang='grc' dir='ltr'><em>σοι</em></span> <span class='ocrx_word' id='word_1_422' title='bbox 3683 3132 3853 3208; x_wconf 71' lang='grc' dir='ltr'>βημά-</span> 
     </span>
    </p>
   </div>
   <div class='ocr_carea' id='block_1_62' title="bbox 2203 3211 3853 3294">
    <p class='ocr_par' dir='ltr' id='par_1_62' title="bbox 2203 3211 3853 3294">
     <span class='ocr_line' id='line_1_62' title="bbox 2203 3211 3853 3294; baseline 0.006 -27"><span class='ocrx_word' id='word_1_423' title='bbox 2203 3232 2336 3278; x_wconf 88' lang='grc' dir='ltr'>των,</span> <span class='ocrx_word' id='word_1_424' title='bbox 2367 3212 2456 3267; x_wconf 83' lang='grc' dir='ltr'><em>καὶ</em></span> <span class='ocrx_word' id='word_1_425' title='bbox 2488 3211 2641 3267; x_wconf 87' lang='grc' dir='ltr'>αἰτοῦ</span> <span class='ocrx_word' id='word_1_426' title='bbox 2670 3214 2817 3289; x_wconf 78' lang='grc' dir='ltr'>παρὰ</span> <span class='ocrx_word' id='word_1_427' title='bbox 2869 3218 2967 3268; x_wconf 91' lang='grc' dir='ltr'><em>τοῦ</em></span> <span class='ocrx_word' id='word_1_428' title='bbox 3007 3213 3230 3291; x_wconf 90' lang='grc' dir='ltr'>Κυρίου,</span> <span class='ocrx_word' id='word_1_429' title='bbox 3260 3215 3349 3272; x_wconf 78' lang='grc' dir='ltr'><em>καί</em></span> <span class='ocrx_word' id='word_1_430' title='bbox 3401 3217 3573 3294; x_wconf 75' lang='grc' dir='ltr'>λήψῃ,</span> <span class='ocrx_word' id='word_1_431' title='bbox 3610 3220 3708 3276; x_wconf 67' lang='grc' dir='ltr'>καὶ</span> <span class='ocrx_word' id='word_1_432' title='bbox 3758 3221 3853 3277; x_wconf 69' lang='grc' dir='ltr'><em>ἀπὸ</em></span> 
     </span>
    </p>
   </div>
   <div class='ocr_carea' id='block_1_63' title="bbox 2204 3301 3853 3381">
    <p class='ocr_par' dir='ltr' id='par_1_63' title="bbox 2204 3301 3853 3381">
     <span class='ocr_line' id='line_1_63' title="bbox 2204 3301 3853 3381; baseline 0.004 -26"><span class='ocrx_word' id='word_1_433' title='bbox 2204 3301 2417 3355; x_wconf 89' lang='grc' dir='ltr'>πάντων</span> <span class='ocrx_word' id='word_1_434' title='bbox 2444 3305 2549 3356; x_wconf 77' lang='grc' dir='ltr'><em>τῶν</em></span> <span class='ocrx_word' id='word_1_435' title='bbox 2610 3301 2926 3375; x_wconf 82' lang='grc' dir='ltr'>αἰτημάτων</span> <span class='ocrx_word' id='word_1_436' title='bbox 2977 3324 3072 3358; x_wconf 93' lang='grc' dir='ltr'><em>σου</em></span> <span class='ocrx_word' id='word_1_437' title='bbox 3118 3303 3409 3380; x_wconf 76' lang='grc' dir='ltr'>ἀστὲρητος</span> <span class='ocrx_word' id='word_1_438' title='bbox 3456 3304 3569 3381; x_wconf 76' lang='grc' dir='ltr'><em>ἔσῃ.</em></span> <span class='ocrx_word' id='word_1_439' title='bbox 3604 3307 3702 3364; x_wconf 71' lang='grc' dir='ltr'><em>ἐὰν</em></span> <span class='ocrx_word' id='word_1_440' title='bbox 3750 3307 3853 3365; x_wconf 83' lang='grc' dir='ltr'>ἀδι-</span> 
     </span>
    </p>
   </div>
   <div class='ocr_carea' id='block_1_64' title="bbox 449 3388 2122 3503">
    <p class='ocr_par' dir='ltr' id='par_1_64' title="bbox 449 3388 2091 3503">
     <span class='ocr_line' id='line_1_64' title="bbox 449 3388 2091 3467; baseline -0.005 -13"><span class='ocrx_word' id='word_1_441' title='bbox 449 3398 577 3455; x_wconf 89' lang='lat' dir='ltr'><em>sine</em></span> <span class='ocrx_word' id='word_1_442' title='bbox 602 3396 965 3452; x_wconf 81' lang='lat' dir='ltr'><em>dubitatione</em></span> <span class='ocrx_word' id='word_1_443' title='bbox 996 3395 1230 3467; x_wconf 87' lang='lat' dir='ltr'><em>petieris</em></span> <span class='ocrx_word' id='word_1_444' title='bbox 1261 3410 1294 3448; x_wconf 90' lang='lat' dir='ltr'><em>a</em></span> <span class='ocrx_word' id='word_1_445' title='bbox 1325 3391 1591 3448; x_wconf 89' lang='lat' dir='ltr'><em>Domino.</em></span> <span class='ocrx_word' id='word_1_446' title='bbox 1640 3390 1747 3455; x_wconf 85' lang='lat' dir='ltr'><em>Qui</em></span> <span class='ocrx_word' id='word_1_447' title='bbox 1778 3405 1913 3461; x_wconf 86' lang='lat' dir='ltr'><em>ergo</em></span> <span class='ocrx_word' id='word_1_448' title='bbox 1942 3388 2091 3445; x_wconf 88' lang='lat' dir='ltr'><em>tales</em></span> 
     </span>
     <span class='ocr_line' id='line_1_65' title="bbox 500 3480 2090 3503; baseline 0 0"><span class='ocrx_word' id='word_1_449' title='bbox 500 3502 503 3503; x_wconf 67' lang='lat'>,</span> <span class='ocrx_word' id='word_1_450' title='bbox 648 3488 721 3503; x_wconf 63' lang='lat' dir='ltr'><em>,,,n</em></span> <span class='ocrx_word' id='word_1_451' title='bbox 760 3485 866 3503; x_wconf 56' lang='grc' dir='ltr'><em>[ραι</em></span> <span class='ocrx_word' id='word_1_452' title='bbox 931 3483 1153 3503; x_wconf 33' lang='grc' dir='ltr'><em>μλ--ᾉ3.ᾴ-</em></span> <span class='ocrx_word' id='word_1_453' title='bbox 1201 3480 1343 3503; x_wconf 40' lang='grc' dir='ltr'>*χιιι</span> <span class='ocrx_word' id='word_1_454' title='bbox 1374 3480 1689 3503; x_wconf 62' lang='grc' dir='ltr'><em>2.....-.ι--..ι</em></span> <span class='ocrx_word' id='word_1_455' title='bbox 1734 3495 1926 3503; x_wconf 59' lang='grc' dir='ltr'><em>..Α-.-.η-</em></span> <span class='ocrx_word' id='word_1_456' title='bbox 1965 3494 2090 3503; x_wconf 68' lang='grc' dir='ltr'><em>..ηε-..ιι</em></span> 
     </span>
    </p>
   </div>
   <div class='ocr_carea' id='block_1_65' title="bbox 2213 3388 3853 3503">
    <p class='ocr_par' dir='ltr' id='par_1_65' title="bbox 2213 3389 3853 3503">
     <span class='ocr_line' id='line_1_66' title="bbox 2213 3389 3853 3503; baseline 0.006 -59"><span class='ocrx_word' id='word_1_457' title='bbox 2213 3390 2446 3503; x_wconf 62' lang='lat' dir='ltr'><em>ndicer</em></span> <span class='ocrx_word' id='word_1_458' title='bbox 2502 3390 2762 3461; x_wconf 81' lang='grc' dir='ltr'>αἰτήσεις.</span> <span class='ocrx_word' id='word_1_459' title='bbox 2825 3392 2944 3446; x_wconf 71' lang='grc' dir='ltr'>Ἐὰν</span> <span class='ocrx_word' id='word_1_460' title='bbox 3005 3389 3062 3447; x_wconf 75' lang='grc' dir='ltr'>δὲ</span> <span class='ocrx_word' id='word_1_461' title='bbox 3121 3390 3370 3468; x_wconf 82' lang='grc' dir='ltr'>διστάσῃς</span> <span class='ocrx_word' id='word_1_462' title='bbox 3428 3395 3481 3450; x_wconf 80' lang='grc' dir='ltr'>ἐν</span> <span class='ocrx_word' id='word_1_463' title='bbox 3533 3401 3605 3471; x_wconf 78' lang='grc' dir='ltr'>τῇ</span> <span class='ocrx_word' id='word_1_464' title='bbox 3670 3396 3853 3474; x_wconf 64' lang='grc' dir='ltr'>καρδίᾳ</span> 
     </span>
     <span class='ocr_line' id='line_1_67' title="bbox 2213 3478 3820 3503; baseline 0 0"><span class='ocrx_word' id='word_1_465' title='bbox 2213 3500 2289 3503; x_wconf 64' lang='lat'><em>___.</em></span> <span class='ocrx_word' id='word_1_466' title='bbox 2358 3478 2405 3503; x_wconf 39' lang='grc' dir='ltr'><em>Α)</em></span> <span class='ocrx_word' id='word_1_467' title='bbox 2451 3480 2502 3503; x_wconf 66' lang='lat'><em>‘_,.</em></span> <span class='ocrx_word' id='word_1_468' title='bbox 2567 3479 2615 3503; x_wconf 46' lang='grc' dir='ltr'><em>Α)</em></span> <span class='ocrx_word' id='word_1_469' title='bbox 2710 3482 2755 3503; x_wconf 61' lang='lat'><em>,,\</em></span> <span class='ocrx_word' id='word_1_470' title='bbox 2796 3478 2817 3503; x_wconf 55' lang='grc' dir='ltr'><strong>Ἴ</strong></span> <span class='ocrx_word' id='word_1_471' title='bbox 2853 3482 2899 3503; x_wconf 66' lang='lat' dir='ltr'><em>I,I</em></span> <span class='ocrx_word' id='word_1_472' title='bbox 3016 3486 3041 3496; x_wconf 68' lang='grc' dir='ltr'><strong>ὐ</strong></span> <span class='ocrx_word' id='word_1_473' title='bbox 3154 3482 3167 3503; x_wconf 68' lang='grc' dir='ltr'><em>ἳ</em></span> <span class='ocrx_word' id='word_1_474' title='bbox 3309 3485 3319 3502; x_wconf 91' lang='grc' dir='ltr'><strong><em>Ι</em></strong></span> <span class='ocrx_word' id='word_1_475' title='bbox 3635 3489 3699 3503; x_wconf 64' lang='lat' dir='ltr'><em>ne</em></span> <span class='ocrx_word' id='word_1_476' title='bbox 3806 3490 3820 3503; x_wconf 68' lang='grc' dir='ltr'><strong>ι</strong></span> 
     </span>
    </p>
   </div>
   <div class='ocr_carea' id='block_1_66' title="bbox 444 3476 2122 3563">
    <p class='ocr_par' dir='ltr' id='par_1_66' title="bbox 444 3480 2092 3556">
     <span class='ocr_line' id='line_1_68' title="bbox 444 3480 2092 3556; baseline -0.005 -14"><span class='ocrx_word' id='word_1_477' title='bbox 444 3502 561 3542; x_wconf 88' lang='lat' dir='ltr'><em>non</em></span> <span class='ocrx_word' id='word_1_478' title='bbox 592 3488 729 3541; x_wconf 89' lang='lat' dir='ltr'><em>sunt</em></span> <span class='ocrx_word' id='word_1_479' title='bbox 758 3485 890 3556; x_wconf 88' lang='lat'>(47),</span> <span class='ocrx_word' id='word_1_480' title='bbox 921 3483 1160 3539; x_wconf 89' lang='lat' dir='ltr'><em>omnino</em></span> <span class='ocrx_word' id='word_1_481' title='bbox 1201 3480 1347 3537; x_wconf 88' lang='lat' dir='ltr'><em>nihil</em></span> <span class='ocrx_word' id='word_1_482' title='bbox 1374 3480 1692 3553; x_wconf 89' lang='lat' dir='ltr'><em>impetrant</em></span> <span class='ocrx_word' id='word_1_483' title='bbox 1729 3495 1931 3534; x_wconf 88' lang='lat' dir='ltr'><em>eorum</em></span> <span class='ocrx_word' id='word_1_484' title='bbox 1962 3494 2092 3549; x_wconf 65' lang='lat' dir='ltr'><em>quis</em></span> 
     </span>
    </p>
   </div>
   <div class='ocr_carea' id='block_1_67' title="bbox 2213 3476 3855 3563">
    <p class='ocr_par' dir='ltr' id='par_1_67' title="bbox 2213 3476 3855 3563">
     <span class='ocr_line' id='line_1_69' title="bbox 2213 3476 3855 3563; baseline 0.006 -30"><span class='ocrx_word' id='word_1_485' title='bbox 2213 3500 2317 3547; x_wconf 73' lang='lat' dir='ltr'><em>sou,</em></span> <span class='ocrx_word' id='word_1_486' title='bbox 2352 3476 2504 3534; x_wconf 75' lang='grc' dir='ltr'>οὐδὲν</span> <span class='ocrx_word' id='word_1_487' title='bbox 2561 3479 2622 3534; x_wconf 88' lang='grc' dir='ltr'><em>ού</em></span> <span class='ocrx_word' id='word_1_488' title='bbox 2686 3482 2761 3552; x_wconf 79' lang='grc' dir='ltr'>μή</span> <span class='ocrx_word' id='word_1_489' title='bbox 2796 3478 2949 3554; x_wconf 75' lang='grc' dir='ltr'>λήψῃ</span> <span class='ocrx_word' id='word_1_490' title='bbox 2979 3486 3083 3536; x_wconf 79' lang='grc' dir='ltr'>τῶν</span> <span class='ocrx_word' id='word_1_491' title='bbox 3115 3482 3432 3555; x_wconf 85' lang='grc' dir='ltr'>αἰτημάτων</span> <span class='ocrx_word' id='word_1_492' title='bbox 3474 3506 3592 3543; x_wconf 88' lang='grc' dir='ltr'>σου.</span> <span class='ocrx_word' id='word_1_493' title='bbox 3632 3489 3704 3545; x_wconf 79' lang='grc' dir='ltr'><em>Οἱ</em></span> <span class='ocrx_word' id='word_1_494' title='bbox 3761 3490 3855 3563; x_wconf 80' lang='grc' dir='ltr'><em>γὰρ</em></span> 
     </span>
    </p>
   </div>
   <div class='ocr_carea' id='block_1_68' title="bbox 443 3568 2092 3647">
    <p class='ocr_par' dir='ltr' id='par_1_68' title="bbox 443 3568 2092 3647">
     <span class='ocr_line' id='line_1_70' title="bbox 443 3568 2092 3647; baseline -0.005 -17"><span class='ocrx_word' id='word_1_495' title='bbox 443 3577 650 3647; x_wconf 88' lang='lat' dir='ltr'><em>petunt</em></span> <span class='ocrx_word' id='word_1_496' title='bbox 679 3573 812 3644; x_wconf 90' lang='grc'>(48).</span> <span class='ocrx_word' id='word_1_497' title='bbox 847 3572 993 3627; x_wconf 89' lang='lat' dir='ltr'><em>Nam</em></span> <span class='ocrx_word' id='word_1_498' title='bbox 1025 3571 1125 3642; x_wconf 92' lang='lat' dir='ltr'><em>qui</em></span> <span class='ocrx_word' id='word_1_499' title='bbox 1156 3570 1311 3641; x_wconf 90' lang='lat' dir='ltr'><em>pleni</em></span> <span class='ocrx_word' id='word_1_500' title='bbox 1343 3574 1482 3625; x_wconf 90' lang='lat' dir='ltr'><em>sunt</em></span> <span class='ocrx_word' id='word_1_501' title='bbox 1510 3570 1642 3635; x_wconf 84' lang='lat' dir='ltr'><em>fide,</em></span> <span class='ocrx_word' id='word_1_502' title='bbox 1666 3568 1864 3623; x_wconf 86' lang='lat' dir='ltr'><em>omnia</em></span> <span class='ocrx_word' id='word_1_503' title='bbox 1890 3571 2092 3638; x_wconf 89' lang='lat' dir='ltr'><em>petunt</em></span> 
     </span>
    </p>
   </div>
   <div class='ocr_carea' id='block_1_69' title="bbox 447 3656 2093 3731">
    <p class='ocr_par' dir='ltr' id='par_1_69' title="bbox 447 3656 2093 3731">
     <span class='ocr_line' id='line_1_71' title="bbox 447 3656 2093 3731; baseline -0.004 -13"><span class='ocrx_word' id='word_1_504' title='bbox 447 3663 777 3731; x_wconf 83' lang='lat' dir='ltr'><em>ﬁdentes,et</em></span> <span class='ocrx_word' id='word_1_505' title='bbox 797 3660 1089 3731; x_wconf 88' lang='lat' dir='ltr'><em>accipiunt</em></span> <span class='ocrx_word' id='word_1_506' title='bbox 1110 3677 1143 3714; x_wconf 87' lang='lat' dir='ltr'><em>a</em></span> <span class='ocrx_word' id='word_1_507' title='bbox 1163 3656 1576 3729; x_wconf 89' lang='lat' dir='ltr'><em>Domino,quia</em></span> <span class='ocrx_word' id='word_1_508' title='bbox 1588 3657 1714 3712; x_wconf 88' lang='lat' dir='ltr'><em>sine</em></span> <span class='ocrx_word' id='word_1_509' title='bbox 1727 3656 2093 3711; x_wconf 87' lang='lat' dir='ltr'><em>dubitatione</em></span> 
     </span>
    </p>
   </div>
   <div class='ocr_carea' id='block_1_70' title="bbox 449 3744 2094 3822">
    <p class='ocr_par' dir='ltr' id='par_1_70' title="bbox 449 3744 2094 3822">
     <span class='ocr_line' id='line_1_72' title="bbox 449 3744 2094 3822; baseline -0.005 -16"><span class='ocrx_word' id='word_1_510' title='bbox 449 3754 675 3822; x_wconf 89' lang='lat' dir='ltr'><em>petunt.</em></span> <span class='ocrx_word' id='word_1_511' title='bbox 701 3748 1070 3804; x_wconf 89' lang='lat' dir='ltr'><em>Omnisenim</em></span> <span class='ocrx_word' id='word_1_512' title='bbox 1089 3746 1364 3801; x_wconf 87' lang='lat' dir='ltr'><em>dubitans</em></span> <span class='ocrx_word' id='word_1_513' title='bbox 1379 3746 1573 3812; x_wconf 87' lang='lat' dir='ltr'><em>homo,</em></span> <span class='ocrx_word' id='word_1_514' title='bbox 1605 3745 1653 3799; x_wconf 87' lang='lat' dir='ltr'><em>si</em></span> <span class='ocrx_word' id='word_1_515' title='bbox 1677 3762 1790 3799; x_wconf 89' lang='lat' dir='ltr'><em>non</em></span> <span class='ocrx_word' id='word_1_516' title='bbox 1815 3744 2094 3813; x_wconf 80' lang='lat' dir='ltr'><em>pmniten-</em></span> 
     </span>
    </p>
   </div>
   <div class='ocr_carea' id='block_1_71' title="bbox 446 3835 2089 3912">
    <p class='ocr_par' dir='ltr' id='par_1_71' title="bbox 446 3835 2089 3912">
     <span class='ocr_line' id='line_1_73' title="bbox 446 3835 2089 3912; baseline -0.004 -19"><span class='ocrx_word' id='word_1_517' title='bbox 446 3839 589 3895; x_wconf 85' lang='lat' dir='ltr'><em>tiam</em></span> <span class='ocrx_word' id='word_1_518' title='bbox 614 3836 1054 3912; x_wconf 80' lang='lat' dir='ltr'><em>egerit,difficile</em></span> <span class='ocrx_word' id='word_1_519' title='bbox 1069 3836 1182 3891; x_wconf 88' lang='lat' dir='ltr'><em>Deo</em></span> <span class='ocrx_word' id='word_1_520' title='bbox 1204 3835 1631 3890; x_wconf 82' lang='lat' dir='ltr'><em>vivet.Puriﬁca</em></span> <span class='ocrx_word' id='word_1_521' title='bbox 1651 3850 1786 3905; x_wconf 81' lang='lat' dir='ltr'><em>ergo</em></span> <span class='ocrx_word' id='word_1_522' title='bbox 1805 3850 1903 3888; x_wconf 91' lang='lat' dir='ltr'><em>cor</em></span> <span class='ocrx_word' id='word_1_523' title='bbox 1922 3838 2089 3887; x_wconf 90' lang='lat' dir='ltr'><em>tuum</em></span> 
     </span>
    </p>
   </div>
   <div class='ocr_carea' id='block_1_72' title="bbox 446 3922 2093 3993">
    <p class='ocr_par' dir='ltr' id='par_1_72' title="bbox 446 3922 2093 3993">
     <span class='ocr_line' id='line_1_74' title="bbox 446 3922 2093 3993; baseline -0.004 -9"><span class='ocrx_word' id='word_1_524' title='bbox 446 3945 481 3984; x_wconf 88' lang='lat' dir='ltr'><em>a</em></span> <span class='ocrx_word' id='word_1_525' title='bbox 498 3928 944 3993; x_wconf 85' lang='lat' dir='ltr'><em>dubitatione,et</em></span> <span class='ocrx_word' id='word_1_526' title='bbox 963 3925 1138 3980; x_wconf 91' lang='lat' dir='ltr'><em>indue</em></span> <span class='ocrx_word' id='word_1_527' title='bbox 1161 3925 1354 3993; x_wconf 82' lang='lat' dir='ltr'><em>fidem,</em></span> <span class='ocrx_word' id='word_1_528' title='bbox 1379 3929 1437 3979; x_wconf 90' lang='lat' dir='ltr'><em>et</em></span> <span class='ocrx_word' id='word_1_529' title='bbox 1457 3923 1623 3978; x_wconf 87' lang='lat' dir='ltr'><em>crede</em></span> <span class='ocrx_word' id='word_1_530' title='bbox 1650 3928 1758 3977; x_wconf 91' lang='lat' dir='ltr'><em>Deo</em></span> <span class='ocrx_word' id='word_1_531' title='bbox 1776 3966 1788 3989; x_wconf 93' lang='lat'><em>,</em></span> <span class='ocrx_word' id='word_1_532' title='bbox 1817 3926 1874 3977; x_wconf 91' lang='lat' dir='ltr'><em>et</em></span> <span class='ocrx_word' id='word_1_533' title='bbox 1895 3922 2093 3977; x_wconf 90' lang='lat' dir='ltr'><em>omnia</em></span> 
     </span>
    </p>
   </div>
   <div class='ocr_carea' id='block_1_73' title="bbox 443 4011 2090 4090">
    <p class='ocr_par' dir='ltr' id='par_1_73' title="bbox 443 4011 2090 4090">
     <span class='ocr_line' id='line_1_75' title="bbox 443 4011 2090 4090; baseline -0.004 -17"><span class='ocrx_word' id='word_1_534' title='bbox 443 4034 572 4090; x_wconf 68' lang='lat' dir='ltr'><em>quas</em></span> <span class='ocrx_word' id='word_1_535' title='bbox 594 4014 1241 4090; x_wconf 87' lang='lat' dir='ltr'><em>pelieris,accipies.Sed</em></span> <span class='ocrx_word' id='word_1_536' title='bbox 1266 4015 1311 4068; x_wconf 88' lang='lat' dir='ltr'><em>si</em></span> <span class='ocrx_word' id='word_1_537' title='bbox 1341 4016 1505 4084; x_wconf 85' lang='lat' dir='ltr'><em>petas</em></span> <span class='ocrx_word' id='word_1_538' title='bbox 1529 4011 1845 4083; x_wconf 85' lang='lat' dir='ltr'><em>aliquando</em></span> <span class='ocrx_word' id='word_1_539' title='bbox 1860 4011 2090 4082; x_wconf 86' lang='lat' dir='ltr'><em>petitio-</em></span> 
     </span>
    </p>
   </div>
   <div class='ocr_carea' id='block_1_74' title="bbox 442 4099 2089 4175">
    <p class='ocr_par' dir='ltr' id='par_1_74' title="bbox 442 4099 2089 4175">
     <span class='ocr_line' id='line_1_76' title="bbox 442 4099 2089 4175; baseline -0.004 -14"><span class='ocrx_word' id='word_1_540' title='bbox 442 4122 597 4175; x_wconf 87' lang='lat' dir='ltr'><em>nem,</em></span> <span class='ocrx_word' id='word_1_541' title='bbox 625 4112 681 4159; x_wconf 88' lang='lat' dir='ltr'><em>et</em></span> <span class='ocrx_word' id='word_1_542' title='bbox 711 4122 826 4160; x_wconf 91' lang='lat' dir='ltr'><em>non</em></span> <span class='ocrx_word' id='word_1_543' title='bbox 858 4104 1108 4175; x_wconf 86' lang='lat' dir='ltr'><em>accipias</em></span> <span class='ocrx_word' id='word_1_544' title='bbox 1141 4104 1275 4174; x_wconf 82' lang='lat'>(49),</span> <span class='ocrx_word' id='word_1_545' title='bbox 1309 4102 1425 4157; x_wconf 89' lang='lat' dir='ltr'><em>noli</em></span> <span class='ocrx_word' id='word_1_546' title='bbox 1458 4102 1748 4168; x_wconf 84' lang='lat' dir='ltr'><em>dubitare,</em></span> <span class='ocrx_word' id='word_1_547' title='bbox 1805 4099 1943 4171; x_wconf 86' lang='lat' dir='ltr'><em>quia</em></span> <span class='ocrx_word' id='word_1_548' title='bbox 1973 4116 2089 4155; x_wconf 90' lang='lat' dir='ltr'><em>non</em></span> 
     </span>
    </p>
   </div>
   <div class='ocr_carea' id='block_1_75' title="bbox 439 4188 2089 4265">
    <p class='ocr_par' dir='ltr' id='par_1_75' title="bbox 439 4188 2089 4265">
     <span class='ocr_line' id='line_1_77' title="bbox 439 4188 2089 4265; baseline -0.004 -15"><span class='ocrx_word' id='word_1_549' title='bbox 439 4194 552 4250; x_wconf 87' lang='lat' dir='ltr'><em>cito</em></span> <span class='ocrx_word' id='word_1_550' title='bbox 584 4193 874 4265; x_wconf 85' lang='lat' dir='ltr'><em>acceperis</em></span> <span class='ocrx_word' id='word_1_551' title='bbox 895 4192 1232 4265; x_wconf 88' lang='lat' dir='ltr'><em>petitionem</em></span> <span class='ocrx_word' id='word_1_552' title='bbox 1257 4192 1465 4246; x_wconf 79' lang='lat' dir='ltr'><em>animae</em></span> <span class='ocrx_word' id='word_1_553' title='bbox 1488 4195 1621 4245; x_wconf 63' lang='lat' dir='ltr'><em>tuas.</em></span> <span class='ocrx_word' id='word_1_554' title='bbox 1648 4188 1913 4245; x_wconf 88' lang='lat' dir='ltr'><em>Forsitan</em></span> <span class='ocrx_word' id='word_1_555' title='bbox 1931 4189 2089 4245; x_wconf 90' lang='lat' dir='ltr'><em>enim</em></span> 
     </span>
    </p>
   </div>
   <div class='ocr_carea' id='block_1_76' title="bbox 434 4278 2090 4356">
    <p class='ocr_par' dir='ltr' id='par_1_76' title="bbox 434 4278 2090 4356">
     <span class='ocr_line' id='line_1_78' title="bbox 434 4278 2090 4356; baseline -0.002 -19"><span class='ocrx_word' id='word_1_556' title='bbox 434 4286 669 4356; x_wconf 85' lang='lat' dir='ltr'><em>propter</em></span> <span class='ocrx_word' id='word_1_557' title='bbox 695 4283 1098 4353; x_wconf 89' lang='lat' dir='ltr'><em>tentationem,</em></span> <span class='ocrx_word' id='word_1_558' title='bbox 1126 4286 1228 4337; x_wconf 89' lang='lat' dir='ltr'><em>aut</em></span> <span class='ocrx_word' id='word_1_559' title='bbox 1257 4296 1358 4352; x_wconf 86' lang='lat' dir='ltr'><em>pro</em></span> <span class='ocrx_word' id='word_1_560' title='bbox 1391 4284 1625 4351; x_wconf 85' lang='lat' dir='ltr'><em>peccato</em></span> <span class='ocrx_word' id='word_1_561' title='bbox 1658 4282 1779 4348; x_wconf 90' lang='lat' dir='ltr'><em>tuo,</em></span> <span class='ocrx_word' id='word_1_562' title='bbox 1839 4278 1995 4349; x_wconf 90' lang='lat' dir='ltr'><em>quod</em></span> <span class='ocrx_word' id='word_1_563' title='bbox 2026 4282 2090 4334; x_wconf 91' lang='lat' dir='ltr'><em>tu</em></span> 
     </span>
    </p>
   </div>
   <div class='ocr_carea' id='block_1_77' title="bbox 1572 4393 2409 4452">
    <p class='ocr_par' dir='ltr' id='par_1_77' title="bbox 1572 4393 2409 4452">
     <span class='ocr_line' id='line_1_79' title="bbox 1572 4393 2409 4452; baseline 0.005 -4"><span class='ocrx_word' id='word_1_564' title='bbox 1572 4394 1813 4451; x_wconf 72' lang='grc' dir='ltr'><em>νΑΡιῐΑζ</em></span> <span class='ocrx_word' id='word_1_565' title='bbox 1867 4393 2256 4452; x_wconf 86' lang='lat' dir='ltr'><em>LECTIONES</em></span> <span class='ocrx_word' id='word_1_566' title='bbox 2318 4396 2409 4451; x_wconf 90' lang='lat' dir='ltr'><em>ET</em></span> 
     </span>
    </p>
   </div>
   <div class='ocr_carea' id='block_1_78' title="bbox 505 4493 1706 4568">
    <p class='ocr_par' dir='ltr' id='par_1_78' title="bbox 505 4493 1706 4568">
     <span class='ocr_line' id='line_1_80' title="bbox 505 4493 1706 4568; baseline -0.005 -17"><span class='ocrx_word' id='word_1_567' title='bbox 505 4495 619 4568; x_wconf 87' lang='grc'>(34)</span> <span class='ocrx_word' id='word_1_568' title='bbox 651 4496 730 4552; x_wconf 88' lang='lat' dir='ltr'><strong>Ex</strong></span> <span class='ocrx_word' id='word_1_569' title='bbox 756 4496 950 4568; x_wconf 72' lang='lat' dir='ltr'><em>Doctr.</em></span> <span class='ocrx_word' id='word_1_570' title='bbox 999 4494 1067 4550; x_wconf 91' lang='lat' dir='ltr'><em>ad</em></span> <span class='ocrx_word' id='word_1_571' title='bbox 1122 4494 1374 4568; x_wconf 71' lang='lat' dir='ltr'><em>Antioch.</em></span> <span class='ocrx_word' id='word_1_572' title='bbox 1432 4493 1706 4568; x_wconf 17' lang='lat' dir='ltr'><em>nu_m.‘_49,</em></span> 
     </span>
    </p>
   </div>
   <div class='ocr_carea' id='block_1_79' title="bbox 428 4563 2085 4638">
    <p class='ocr_par' dir='ltr' id='par_1_79' title="bbox 428 4563 2085 4638">
     <span class='ocr_line' id='line_1_81' title="bbox 428 4563 2085 4638; baseline -0.004 -14"><span class='ocrx_word' id='word_1_573' title='bbox 428 4563 643 4624; x_wconf 84' lang='lat' dir='ltr'><em>Eadem</em></span> <span class='ocrx_word' id='word_1_574' title='bbox 677 4566 983 4638; x_wconf 86' lang='lat' dir='ltr'><em>exscripsit</em></span> <span class='ocrx_word' id='word_1_575' title='bbox 1012 4566 1332 4621; x_wconf 83' lang='lat' dir='ltr'><em>Antiochus</em></span> <span class='ocrx_word' id='word_1_576' title='bbox 1362 4564 1564 4638; x_wconf 85' lang='lat' dir='ltr'><em>homil.</em></span> <span class='ocrx_word' id='word_1_577' title='bbox 1585 4565 1677 4638; x_wconf 62' lang='grc'><em>85,</em></span> <span class='ocrx_word' id='word_1_578' title='bbox 1702 4563 1892 4638; x_wconf 76' lang='lat' dir='ltr'><em>Hujus</em></span> <span class='ocrx_word' id='word_1_579' title='bbox 1922 4579 2085 4619; x_wconf 82' lang='lat' dir='ltr'><em>man-</em></span> 
     </span>
    </p>
   </div>
   <div class='ocr_carea' id='block_1_80' title="bbox 425 4635 2084 4712">
    <p class='ocr_par' dir='ltr' id='par_1_80' title="bbox 425 4635 2084 4712">
     <span class='ocr_line' id='line_1_82' title="bbox 425 4635 2084 4712; baseline -0.003 -17"><span class='ocrx_word' id='word_1_580' title='bbox 425 4640 547 4696; x_wconf 89' lang='lat' dir='ltr'><em>dati</em></span> <span class='ocrx_word' id='word_1_581' title='bbox 576 4635 968 4712; x_wconf 74' lang='lat' dir='ltr'><em>fragmentum</em></span> <span class='ocrx_word' id='word_1_582' title='bbox 1002 4639 1183 4692; x_wconf 86' lang='lat' dir='ltr'><em>edidit</em></span> <span class='ocrx_word' id='word_1_583' title='bbox 1212 4637 1461 4712; x_wconf 78' lang='lat' dir='ltr'><em>Grabius</em></span> <span class='ocrx_word' id='word_1_584' title='bbox 1484 4636 1539 4690; x_wconf 91' lang='lat' dir='ltr'><em>in</em></span> <span class='ocrx_word' id='word_1_585' title='bbox 1573 4635 2084 4712; x_wconf 29' lang='lat' dir='ltr'><em>SpicilegLPatrum</em></span> 
     </span>
    </p>
   </div>
   <div class='ocr_carea' id='block_1_81' title="bbox 421 4710 2081 4782">
    <p class='ocr_par' dir='ltr' id='par_1_81' title="bbox 421 4710 2081 4782">
     <span class='ocr_line' id='line_1_83' title="bbox 421 4710 2081 4782; baseline -0.004 -15"><span class='ocrx_word' id='word_1_586' title='bbox 421 4716 572 4768; x_wconf 89' lang='lat' dir='ltr'><em>tom.</em></span> <span class='ocrx_word' id='word_1_587' title='bbox 604 4711 651 4777; x_wconf 89' lang='grc' dir='ltr'>Ι,</span> <span class='ocrx_word' id='word_1_588' title='bbox 673 4710 812 4782; x_wconf 70' lang='lat' dir='ltr'><em>pag.</em></span> <span class='ocrx_word' id='word_1_589' title='bbox 846 4711 970 4779; x_wconf 85' lang='lat'><em>303,</em></span> <span class='ocrx_word' id='word_1_590' title='bbox 1002 4726 1070 4765; x_wconf 83' lang='lat' dir='ltr'><em>ex</em></span> <span class='ocrx_word' id='word_1_591' title='bbox 1101 4710 1457 4782; x_wconf 20' lang='lat' dir='ltr'><em>msiicatena</em></span> <span class='ocrx_word' id='word_1_592' title='bbox 1485 4712 1813 4782; x_wconf 68' lang='lat' dir='ltr'><em>Graecorum</em></span> <span class='ocrx_word' id='word_1_593' title='bbox 1837 4710 2081 4782; x_wconf 76' lang='lat' dir='ltr'><em>Patrum</em></span> 
     </span>
    </p>
   </div>
   <div class='ocr_carea' id='block_1_82' title="bbox 425 4777 2080 4853">
    <p class='ocr_par' dir='ltr' id='par_1_82' title="bbox 425 4777 2080 4853">
     <span class='ocr_line' id='line_1_84' title="bbox 425 4777 2080 4853; baseline -0.002 -16"><span class='ocrx_word' id='word_1_594' title='bbox 425 4782 488 4838; x_wconf 92' lang='lat' dir='ltr'><em>in</em></span> <span class='ocrx_word' id='word_1_595' title='bbox 521 4777 1091 4853; x_wconf 42' lang='lat' dir='ltr'><em>Acta‘apbstolorum</em></span> <span class='ocrx_word' id='word_1_596' title='bbox 1114 4786 1172 4836; x_wconf 88' lang='lat' dir='ltr'><em>et</em></span> <span class='ocrx_word' id='word_1_597' title='bbox 1201 4779 1489 4853; x_wconf 65' lang='lat' dir='ltr'><em>Epistolas</em></span> <span class='ocrx_word' id='word_1_598' title='bbox 1516 4777 1975 4853; x_wconf 8' lang='lat' dir='ltr'><em>qcalbqolicastubi</em></span> <span class='ocrx_word' id='word_1_599' title='bbox 2006 4778 2080 4834; x_wconf 88' lang='lat' dir='ltr'><em>ad</em></span> 
     </span>
    </p>
   </div>
   <div class='ocr_carea' id='block_1_83' title="bbox 431 4849 2080 4925">
    <p class='ocr_par' dir='ltr' id='par_1_83' title="bbox 431 4849 2080 4925">
     <span class='ocr_line' id='line_1_85' title="bbox 431 4849 2080 4925; baseline -0.004 -15"><span class='ocrx_word' id='word_1_600' title='bbox 431 4849 875 4925; x_wconf 79' lang='lat' dir='ltr'><em>explicationem</em></span> <span class='ocrx_word' id='word_1_601' title='bbox 903 4854 1208 4925; x_wconf 87' lang='lat' dir='ltr'><em>verborum</em></span> <span class='ocrx_word' id='word_1_602' title='bbox 1230 4849 1293 4925; x_wconf 74' lang='lat' dir='ltr'><em>S.</em></span> <span class='ocrx_word' id='word_1_603' title='bbox 1326 4851 1532 4925; x_wconf 74' lang='lat' dir='ltr'><em>Jacobi</em></span> <span class='ocrx_word' id='word_1_604' title='bbox 1551 4850 1683 4919; x_wconf 78' lang='lat'><em>11,6,</em></span> <span class='ocrx_word' id='word_1_605' title='bbox 1715 4850 1829 4925; x_wconf 76' lang='lat' dir='ltr'><em>ista</em></span> <span class='ocrx_word' id='word_1_606' title='bbox 1858 4849 2080 4925; x_wconf 78' lang='lat' dir='ltr'><em>Hermas</em></span> 
     </span>
    </p>
   </div>
   <div class='ocr_carea' id='block_1_84' title="bbox 430 4920 2081 4992">
    <p class='ocr_par' dir='ltr' id='par_1_84' title="bbox 430 4920 2081 4992">
     <span class='ocr_line' id='line_1_86' title="bbox 430 4920 2081 4992; baseline -0.004 -10"><span class='ocrx_word' id='word_1_607' title='bbox 430 4920 824 4983; x_wconf 79' lang='lat' dir='ltr'><em>adducuntur.</em></span> <span class='ocrx_word' id='word_1_608' title='bbox 852 4924 1041 4978; x_wconf 87' lang='lat' dir='ltr'><em>Latuit</em></span> <span class='ocrx_word' id='word_1_609' title='bbox 1062 4940 1201 4978; x_wconf 87' lang='lat' dir='ltr'><em>sane</em></span> <span class='ocrx_word' id='word_1_610' title='bbox 1218 4923 1495 4977; x_wconf 89' lang='lat' dir='ltr'><em>Grabium</em></span> <span class='ocrx_word' id='word_1_611' title='bbox 1522 4920 1627 4975; x_wconf 87' lang='lat' dir='ltr'><em>hoc</em></span> <span class='ocrx_word' id='word_1_612' title='bbox 1646 4921 2081 4992; x_wconf 84' lang='lat' dir='ltr'><em>pseudo-Atha-</em></span> 
     </span>
    </p>
   </div>
   <div class='ocr_carea' id='block_1_85' title="bbox 432 4990 2081 5068">
    <p class='ocr_par' dir='ltr' id='par_1_85' title="bbox 432 4990 2081 5068">
     <span class='ocr_line' id='line_1_87' title="bbox 432 4990 2081 5068; baseline -0.004 -15"><span class='ocrx_word' id='word_1_613' title='bbox 432 4997 585 5054; x_wconf 89' lang='lat' dir='ltr'><em>nasii</em></span> <span class='ocrx_word' id='word_1_614' title='bbox 616 5014 785 5068; x_wconf 90' lang='lat' dir='ltr'><em>opus,</em></span> <span class='ocrx_word' id='word_1_615' title='bbox 815 4995 951 5050; x_wconf 89' lang='lat' dir='ltr'><em>licet</em></span> <span class='ocrx_word' id='word_1_616' title='bbox 980 5002 1118 5068; x_wconf 84' lang='lat' dir='ltr'><em>tunc</em></span> <span class='ocrx_word' id='word_1_617' title='bbox 1143 4997 1269 5063; x_wconf 79' lang='lat' dir='ltr'><em>jam</em></span> <span class='ocrx_word' id='word_1_618' title='bbox 1299 4994 1539 5068; x_wconf 71' lang='lat' dir='ltr'><em>editum,</em></span> <span class='ocrx_word' id='word_1_619' title='bbox 1571 4990 1782 5068; x_wconf 41' lang='grc' dir='ltr'>θείου-ο</span> <span class='ocrx_word' id='word_1_620' title='bbox 1814 4991 1926 5068; x_wconf 78' lang='lat' dir='ltr'><em>alia</em></span> <span class='ocrx_word' id='word_1_621' title='bbox 1956 4990 2081 5063; x_wconf 89' lang='lat' dir='ltr'><em>ple-</em></span> 
     </span>
    </p>
   </div>
   <div class='ocr_carea' id='block_1_86' title="bbox 432 5062 2080 5140">
    <p class='ocr_par' dir='ltr' id='par_1_86' title="bbox 432 5062 2080 5140">
     <span class='ocr_line' id='line_1_88' title="bbox 432 5062 2080 5140; baseline -0.003 -16"><span class='ocrx_word' id='word_1_622' title='bbox 432 5085 613 5140; x_wconf 87' lang='lat' dir='ltr'><em>raque</em></span> <span class='ocrx_word' id='word_1_623' title='bbox 643 5062 1108 5140; x_wconf 80' lang='lat' dir='ltr'><em>hausisset.Nos</em></span> <span class='ocrx_word' id='word_1_624' title='bbox 1144 5062 1450 5140; x_wconf 67' lang='lat' dir='ltr'><em>fragmenti</em></span> <span class='ocrx_word' id='word_1_625' title='bbox 1484 5062 1755 5140; x_wconf 77' lang='lat' dir='ltr'><em>Grabiani</em></span> <span class='ocrx_word' id='word_1_626' title='bbox 1788 5062 2080 5140; x_wconf 71' lang='lat' dir='ltr'><em>yariantes</em></span> 
     </span>
    </p>
   </div>
   <div class='ocr_carea' id='block_1_87' title="bbox 431 5134 2080 5207">
    <p class='ocr_par' dir='ltr' id='par_1_87' title="bbox 431 5134 2080 5207">
     <span class='ocr_line' id='line_1_89' title="bbox 431 5134 2080 5207; baseline -0.005 -11"><span class='ocrx_word' id='word_1_627' title='bbox 431 5134 707 5197; x_wconf 79' lang='lat' dir='ltr'><em>lectiones</em></span> <span class='ocrx_word' id='word_1_628' title='bbox 752 5138 1183 5207; x_wconf 85' lang='lat' dir='ltr'><em>adnotabimus.</em></span> <span class='ocrx_word' id='word_1_629' title='bbox 1240 5134 1337 5191; x_wconf 91' lang='lat' dir='ltr'><em>Sic</em></span> <span class='ocrx_word' id='word_1_630' title='bbox 1386 5140 1581 5192; x_wconf 90' lang='lat' dir='ltr'><em>autem</em></span> <span class='ocrx_word' id='word_1_631' title='bbox 1628 5134 1873 5207; x_wconf 87' lang='lat' dir='ltr'><em>incipit:</em></span> <span class='ocrx_word' id='word_1_632' title='bbox 1914 5134 2080 5207; x_wconf 80' lang='grc' dir='ltr'>Ἀρον</span> 
     </span>
    </p>
   </div>
   <div class='ocr_carea' id='block_1_88' title="bbox 432 5203 1342 5281">
    <p class='ocr_par' dir='ltr' id='par_1_88' title="bbox 432 5203 1342 5281">
     <span class='ocr_line' id='line_1_90' title="bbox 432 5203 1342 5281; baseline -0.007 -16"><span class='ocrx_word' id='word_1_633' title='bbox 432 5214 678 5278; x_wconf 85' lang='grc' dir='ltr'>σεαυτοῦ,</span> <span class='ocrx_word' id='word_1_634' title='bbox 712 5211 931 5281; x_wconf 84' lang='lat' dir='ltr'><em>absque</em></span> <span class='ocrx_word' id='word_1_635' title='bbox 963 5203 1066 5262; x_wconf 85' lang='grc' dir='ltr'>ἀπό</span> <span class='ocrx_word' id='word_1_636' title='bbox 1099 5210 1342 5281; x_wconf 68' lang='grc' dir='ltr'><em>σεαυτοῦζ</em></span> 
     </span>
    </p>
   </div>
   <div class='ocr_carea' id='block_1_89' title="bbox 524 5274 1431 5355">
    <p class='ocr_par' dir='ltr' id='par_1_89' title="bbox 524 5274 1431 5355">
     <span class='ocr_line' id='line_1_91' title="bbox 524 5274 1431 5355; baseline -0.01 -17"><span class='ocrx_word' id='word_1_637' title='bbox 524 5285 612 5355; x_wconf 88' lang='grc'><em>35)</em></span> <span class='ocrx_word' id='word_1_638' title='bbox 642 5274 812 5337; x_wconf 86' lang='lat' dir='ltr'><em>Grab.</em></span> <span class='ocrx_word' id='word_1_639' title='bbox 838 5274 974 5355; x_wconf 56' lang='lat' dir='ltr'><em>enm</em></span> <span class='ocrx_word' id='word_1_640' title='bbox 1009 5281 1084 5335; x_wconf 84' lang='lat' dir='ltr'><em>al.</em></span> <span class='ocrx_word' id='word_1_641' title='bbox 1118 5279 1206 5332; x_wconf 83' lang='grc' dir='ltr'><em>καὶ</em></span> <span class='ocrx_word' id='word_1_642' title='bbox 1244 5274 1431 5355; x_wconf 62' lang='grc' dir='ltr'>μηδὲν,</span> 
     </span>
    </p>
   </div>
   <div class='ocr_carea' id='block_1_90' title="bbox 523 5350 1488 5422">
    <p class='ocr_par' dir='ltr' id='par_1_90' title="bbox 523 5350 1488 5422">
     <span class='ocr_line' id='line_1_92' title="bbox 523 5350 1488 5422; baseline -0.005 -13"><span class='ocrx_word' id='word_1_643' title='bbox 523 5350 613 5422; x_wconf 86' lang='grc'><em>36)</em></span> <span class='ocrx_word' id='word_1_644' title='bbox 645 5355 843 5408; x_wconf 85' lang='lat' dir='ltr'><em>Lamb.</em></span> <span class='ocrx_word' id='word_1_645' title='bbox 879 5354 1150 5422; x_wconf 80' lang='lat' dir='ltr'><em>Quoniam</em></span> <span class='ocrx_word' id='word_1_646' title='bbox 1177 5368 1280 5422; x_wconf 86' lang='lat' dir='ltr'><em>quo</em></span> <span class='ocrx_word' id='word_1_647' title='bbox 1310 5350 1488 5422; x_wconf 87' lang='lat' dir='ltr'><em>modo.</em></span> 
     </span>
    </p>
   </div>
   <div class='ocr_carea' id='block_1_91' title="bbox 524 5357 1775 5496">
    <p class='ocr_par' dir='ltr' id='par_1_91' title="bbox 524 5357 1775 5496">
     <span class='ocr_line' id='line_1_93' title="bbox 524 5357 1488 5422; baseline -0.005 -13"><span class='ocrx_word' id='word_1_648' title='bbox 524 5357 592 5409; x_wconf 86' lang='lat'><em>36</em></span> <span class='ocrx_word' id='word_1_649' title='bbox 645 5357 843 5408; x_wconf 85' lang='lat' dir='ltr'><em>Lamb.</em></span> <span class='ocrx_word' id='word_1_650' title='bbox 879 5357 1147 5421; x_wconf 85' lang='lat' dir='ltr'><em>Quoniam</em></span> <span class='ocrx_word' id='word_1_651' title='bbox 1177 5368 1280 5422; x_wconf 86' lang='lat' dir='ltr'><em>quo</em></span> <span class='ocrx_word' id='word_1_652' title='bbox 1310 5357 1488 5406; x_wconf 85' lang='lat' dir='ltr'><em>modo.</em></span> 
     </span>
     <span class='ocr_line' id='line_1_94' title="bbox 524 5357 1775 5496; baseline -0.003 -16"><span class='ocrx_word' id='word_1_653' title='bbox 524 5357 613 5496; x_wconf 72' lang='lat'><em>37)</em></span> <span class='ocrx_word' id='word_1_654' title='bbox 642 5424 812 5479; x_wconf 89' lang='lat' dir='ltr'><em>Grab.</em></span> <span class='ocrx_word' id='word_1_655' title='bbox 849 5425 1062 5494; x_wconf 81' lang='lat' dir='ltr'><em>aliique</em></span> <span class='ocrx_word' id='word_1_656' title='bbox 1094 5419 1323 5496; x_wconf 81' lang='grc' dir='ltr'>δύναμαι</span> <span class='ocrx_word' id='word_1_657' title='bbox 1348 5418 1676 5496; x_wconf 13' lang='grc' dir='ltr'>,αἰτήσασθαί</span> <span class='ocrx_word' id='word_1_658' title='bbox 1700 5439 1775 5476; x_wconf 89' lang='grc' dir='ltr'>τι.</span> 
     </span>
    </p>
   </div>
   <div class='ocr_carea' id='block_1_92' title="bbox 502 5492 1727 5568">
    <p class='ocr_par' dir='ltr' id='par_1_92' title="bbox 502 5492 1727 5568">
     <span class='ocr_line' id='line_1_95' title="bbox 502 5492 1727 5568; baseline -0.003 -17"><span class='ocrx_word' id='word_1_659' title='bbox 502 5492 612 5568; x_wconf 76' lang='lat'>(38)</span> <span class='ocrx_word' id='word_1_660' title='bbox 648 5500 843 5551; x_wconf 85' lang='lat' dir='ltr'><em>Lamb.</em></span> <span class='ocrx_word' id='word_1_661' title='bbox 876 5492 1139 5568; x_wconf 82' lang='lat' dir='ltr'><em>accipere,</em></span> <span class='ocrx_word' id='word_1_662' title='bbox 1172 5500 1237 5568; x_wconf 84' lang='lat' dir='ltr'><em>ut</em></span> <span class='ocrx_word' id='word_1_663' title='bbox 1268 5494 1485 5549; x_wconf 89' lang='lat' dir='ltr'><em>habent</em></span> <span class='ocrx_word' id='word_1_664' title='bbox 1514 5492 1727 5548; x_wconf 84' lang='lat' dir='ltr'><em>Graeca.</em></span> 
     </span>
    </p>
   </div>
   <div class='ocr_carea' id='block_1_93' title="bbox 502 5564 1356 5639">
    <p class='ocr_par' dir='ltr' id='par_1_93' title="bbox 502 5564 1356 5639">
     <span class='ocr_line' id='line_1_96' title="bbox 502 5564 1356 5639; baseline -0.002 -18"><span class='ocrx_word' id='word_1_665' title='bbox 502 5564 616 5639; x_wconf 86' lang='lat'>(39)</span> <span class='ocrx_word' id='word_1_666' title='bbox 646 5568 818 5639; x_wconf 79' lang='lat' dir='ltr'><em>Grab.</em></span> <span class='ocrx_word' id='word_1_667' title='bbox 849 5564 1104 5639; x_wconf 61' lang='grc' dir='ltr'>πρὸξτὸν</span> <span class='ocrx_word' id='word_1_668' title='bbox 1138 5564 1356 5639; x_wconf 40' lang='grc' dir='ltr'>Κύριον..</span> 
     </span>
    </p>
   </div>
   <div class='ocr_carea' id='block_1_94' title="bbox 500 5632 1613 5709">
    <p class='ocr_par' dir='ltr' id='par_1_94' title="bbox 500 5632 1613 5709">
     <span class='ocr_line' id='line_1_97' title="bbox 500 5632 1613 5709; baseline -0.001 -16"><span class='ocrx_word' id='word_1_669' title='bbox 500 5632 611 5709; x_wconf 79' lang='grc'>(40)</span> <span class='ocrx_word' id='word_1_670' title='bbox 643 5638 816 5709; x_wconf 88' lang='lat' dir='ltr'><em>Grab.</em></span> <span class='ocrx_word' id='word_1_671' title='bbox 848 5632 982 5694; x_wconf 78' lang='lat' dir='ltr'><em>cum</em></span> <span class='ocrx_word' id='word_1_672' title='bbox 1004 5638 1078 5695; x_wconf 86' lang='lat' dir='ltr'><em>al.</em></span> <span class='ocrx_word' id='word_1_673' title='bbox 1102 5632 1613 5709; x_wconf 80' lang='grc' dir='ltr'>πολυσπλαγχνίαν.</span> 
     </span>
    </p>
   </div>
   <div class='ocr_carea' id='block_1_95' title="bbox 504 5707 1410 5787">
    <p class='ocr_par' dir='ltr' id='par_1_95' title="bbox 504 5707 1410 5787">
     <span class='ocr_line' id='line_1_98' title="bbox 504 5707 1410 5787; baseline -0.006 -20"><span class='ocrx_word' id='word_1_674' title='bbox 504 5707 618 5787; x_wconf 85' lang='grc'>(41)</span> <span class='ocrx_word' id='word_1_675' title='bbox 648 5708 811 5767; x_wconf 90' lang='lat' dir='ltr'><em>Bodl.</em></span> <span class='ocrx_word' id='word_1_676' title='bbox 843 5713 902 5767; x_wconf 89' lang='lat' dir='ltr'><em>et</em></span> <span class='ocrx_word' id='word_1_677' title='bbox 928 5710 1129 5767; x_wconf 87' lang='lat' dir='ltr'><em>Lamb.</em></span> <span class='ocrx_word' id='word_1_678' title='bbox 1160 5707 1410 5781; x_wconf 87' lang='lat' dir='ltr'><em>replebit.</em></span> 
     </span>
    </p>
   </div>
   <div class='ocr_carea' id='block_1_96' title="bbox 2202 3564 3856 3651">
    <p class='ocr_par' dir='ltr' id='par_1_96' title="bbox 2202 3564 3856 3651">
     <span class='ocr_line' id='line_1_99' title="bbox 2202 3564 3856 3651; baseline 0.005 -30"><span class='ocrx_word' id='word_1_679' title='bbox 2202 3564 2537 3636; x_wconf 76' lang='grc' dir='ltr'>διστάζοντες</span> <span class='ocrx_word' id='word_1_680' title='bbox 2568 3568 2642 3631; x_wconf 81' lang='grc' dir='ltr'><em>εἰς</em></span> <span class='ocrx_word' id='word_1_681' title='bbox 2674 3569 2762 3623; x_wconf 91' lang='grc' dir='ltr'><em>τὸν</em></span> <span class='ocrx_word' id='word_1_682' title='bbox 2796 3569 2945 3641; x_wconf 85' lang='grc' dir='ltr'>Θεὸν,</span> <span class='ocrx_word' id='word_1_683' title='bbox 2980 3570 3129 3625; x_wconf 81' lang='grc' dir='ltr'>οὗτοί</span> <span class='ocrx_word' id='word_1_684' title='bbox 3169 3570 3300 3626; x_wconf 80' lang='grc' dir='ltr'>εἰσιν</span> <span class='ocrx_word' id='word_1_685' title='bbox 3350 3573 3426 3635; x_wconf 85' lang='grc' dir='ltr'><em>ὡς</em></span> <span class='ocrx_word' id='word_1_686' title='bbox 3484 3571 3744 3651; x_wconf 76' lang='grc' dir='ltr'>δίψυχοι,</span> <span class='ocrx_word' id='word_1_687' title='bbox 3777 3577 3856 3631; x_wconf 80' lang='grc' dir='ltr'>καὶ</span> 
     </span>
    </p>
   </div>
   <div class='ocr_carea' id='block_1_97' title="bbox 2202 3642 3859 3735">
    <p class='ocr_par' dir='ltr' id='par_1_97' title="bbox 2202 3642 3859 3735">
     <span class='ocr_line' id='line_1_100' title="bbox 2202 3642 3859 3735; baseline 0.006 -25"><span class='ocrx_word' id='word_1_688' title='bbox 2202 3654 2354 3711; x_wconf 77' lang='grc' dir='ltr'>οὐδὲν</span> <span class='ocrx_word' id='word_1_689' title='bbox 2404 3655 2551 3719; x_wconf 76' lang='grc' dir='ltr'>ὅλως</span> <span class='ocrx_word' id='word_1_690' title='bbox 2600 3652 2941 3730; x_wconf 81' lang='grc' dir='ltr'>λαμϐάνουσι</span> <span class='ocrx_word' id='word_1_691' title='bbox 2990 3664 3097 3713; x_wconf 79' lang='grc' dir='ltr'>τῶν</span> <span class='ocrx_word' id='word_1_692' title='bbox 3123 3660 3442 3735; x_wconf 82' lang='grc' dir='ltr'>αἰτημάτων</span> <span class='ocrx_word' id='word_1_693' title='bbox 3472 3642 3683 3720; x_wconf 48' lang='grc' dir='ltr'>αύτῶζ.</span> <span class='ocrx_word' id='word_1_694' title='bbox 3718 3642 3779 3719; x_wconf 67' lang='grc' dir='ltr'>ὁὶ</span> <span class='ocrx_word' id='word_1_695' title='bbox 3811 3664 3859 3720; x_wconf 71' lang='grc' dir='ltr'>δὲ</span> 
     </span>
    </p>
   </div>
   <div class='ocr_carea' id='block_1_98' title="bbox 2201 3740 3862 3827">
    <p class='ocr_par' dir='ltr' id='par_1_98' title="bbox 2201 3740 3862 3827">
     <span class='ocr_line' id='line_1_101' title="bbox 2201 3740 3862 3827; baseline 0.004 -27"><span class='ocrx_word' id='word_1_696' title='bbox 2201 3743 2482 3808; x_wconf 85' lang='grc' dir='ltr'>ὁλοτελεῖς</span> <span class='ocrx_word' id='word_1_697' title='bbox 2513 3740 2658 3807; x_wconf 73' lang='grc' dir='ltr'>ὄντες</span> <span class='ocrx_word' id='word_1_698' title='bbox 2712 3745 2762 3800; x_wconf 79' lang='grc' dir='ltr'><em>ἐν</em></span> <span class='ocrx_word' id='word_1_699' title='bbox 2794 3751 2862 3821; x_wconf 79' lang='grc' dir='ltr'>τῇ</span> <span class='ocrx_word' id='word_1_700' title='bbox 2895 3748 3069 3803; x_wconf 79' lang='grc' dir='ltr'>πίστει</span> <span class='ocrx_word' id='word_1_701' title='bbox 3102 3752 3276 3804; x_wconf 86' lang='grc' dir='ltr'>πάντα</span> <span class='ocrx_word' id='word_1_702' title='bbox 3333 3750 3636 3827; x_wconf 75' lang='grc' dir='ltr'>αἰτοῦνται,</span> <span class='ocrx_word' id='word_1_703' title='bbox 3684 3776 3862 3810; x_wconf 82' lang='grc' dir='ltr'>πεποι-</span> 
     </span>
    </p>
   </div>
   <div class='ocr_carea' id='block_1_99' title="bbox 2202 3833 3858 3913">
    <p class='ocr_par' dir='ltr' id='par_1_99' title="bbox 2202 3833 3858 3913">
     <span class='ocr_line' id='line_1_102' title="bbox 2202 3833 3858 3913; baseline 0.008 -26"><span class='ocrx_word' id='word_1_704' title='bbox 2202 3834 2351 3896; x_wconf 81' lang='grc' dir='ltr'>θότες</span> <span class='ocrx_word' id='word_1_705' title='bbox 2385 3835 2470 3889; x_wconf 78' lang='grc' dir='ltr'><em>ἐπὶ</em></span> <span class='ocrx_word' id='word_1_706' title='bbox 2500 3836 2591 3890; x_wconf 85' lang='grc' dir='ltr'><em>τὸν</em></span> <span class='ocrx_word' id='word_1_707' title='bbox 2626 3836 2775 3907; x_wconf 85' lang='grc' dir='ltr'>Θεὸν,</span> <span class='ocrx_word' id='word_1_708' title='bbox 2810 3837 2899 3890; x_wconf 80' lang='grc' dir='ltr'><em>καὶ</em></span> <span class='ocrx_word' id='word_1_709' title='bbox 2951 3833 3344 3913; x_wconf 87' lang='grc' dir='ltr'>λαμϐάνουσιν,</span> <span class='ocrx_word' id='word_1_710' title='bbox 3379 3840 3459 3895; x_wconf 82' lang='grc' dir='ltr'>ὅτι</span> <span class='ocrx_word' id='word_1_711' title='bbox 3520 3840 3858 3907; x_wconf 76' lang='grc' dir='ltr'>ἀδιστάκτως</span> 
     </span>
    </p>
   </div>
   <div class='ocr_carea' id='block_1_100' title="bbox 2198 3921 3862 4009">
    <p class='ocr_par' dir='ltr' id='par_1_100' title="bbox 2198 3921 3862 4009">
     <span class='ocr_line' id='line_1_103' title="bbox 2198 3921 3862 4009; baseline 0.005 -31"><span class='ocrx_word' id='word_1_712' title='bbox 2198 3923 2495 3997; x_wconf 83' lang='grc' dir='ltr'>αἰτοῦνται,</span> <span class='ocrx_word' id='word_1_713' title='bbox 2533 3921 2700 3997; x_wconf 77' lang='grc' dir='ltr'>μηδὲν</span> <span class='ocrx_word' id='word_1_714' title='bbox 2736 3922 3114 4000; x_wconf 82' lang='grc' dir='ltr'>διψυχοῦντες.</span> <span class='ocrx_word' id='word_1_715' title='bbox 3147 3934 3258 3990; x_wconf 78' lang='grc' dir='ltr'><em>Πᾶς</em></span> <span class='ocrx_word' id='word_1_716' title='bbox 3290 3930 3393 4005; x_wconf 79' lang='grc' dir='ltr'><em>γὰρ</em></span> <span class='ocrx_word' id='word_1_717' title='bbox 3426 3927 3675 4007; x_wconf 80' lang='grc' dir='ltr'>δίψυχος</span> <span class='ocrx_word' id='word_1_718' title='bbox 3708 3933 3862 4009; x_wconf 79' lang='grc' dir='ltr'>ἀνὴρ,</span> 
     </span>
    </p>
   </div>
   <div class='ocr_carea' id='block_1_101' title="bbox 2198 4011 3859 4100">
    <p class='ocr_par' dir='ltr' id='par_1_101' title="bbox 2198 4011 3859 4100">
     <span class='ocr_line' id='line_1_104' title="bbox 2198 4011 3859 4100; baseline 0.005 -34"><span class='ocrx_word' id='word_1_719' title='bbox 2198 4011 2285 4067; x_wconf 73' lang='grc' dir='ltr'><em>ἐὰν</em></span> <span class='ocrx_word' id='word_1_720' title='bbox 2323 4014 2397 4087; x_wconf 82' lang='grc' dir='ltr'>μή</span> <span class='ocrx_word' id='word_1_721' title='bbox 2462 4015 2802 4086; x_wconf 74' lang='grc' dir='ltr'>μετανοήσει,</span> <span class='ocrx_word' id='word_1_722' title='bbox 2857 4012 3139 4078; x_wconf 87' lang='grc' dir='ltr'>δυσκόλως</span> <span class='ocrx_word' id='word_1_723' title='bbox 3196 4019 3859 4100; x_wconf 79' lang='grc' dir='ltr'>σωθήσεται.Καθάρισον</span> 
     </span>
    </p>
   </div>
   <div class='ocr_carea' id='block_1_102' title="bbox 2199 4100 3859 4181">
    <p class='ocr_par' dir='ltr' id='par_1_102' title="bbox 2199 4100 3859 4181">
     <span class='ocr_line' id='line_1_105' title="bbox 2199 4100 3859 4181; baseline 0.007 -26"><span class='ocrx_word' id='word_1_724' title='bbox 2199 4102 2291 4157; x_wconf 79' lang='grc' dir='ltr'><em>οῦν</em></span> <span class='ocrx_word' id='word_1_725' title='bbox 2320 4103 2419 4170; x_wconf 75' lang='grc' dir='ltr'>τὴν</span> <span class='ocrx_word' id='word_1_726' title='bbox 2450 4100 2672 4177; x_wconf 88' lang='grc' dir='ltr'>καρδίαν</span> <span class='ocrx_word' id='word_1_727' title='bbox 2707 4124 2802 4157; x_wconf 91' lang='grc' dir='ltr'><em>σου</em></span> <span class='ocrx_word' id='word_1_728' title='bbox 2833 4102 2940 4158; x_wconf 86' lang='grc' dir='ltr'><em>ἀπὸ</em></span> <span class='ocrx_word' id='word_1_729' title='bbox 2968 4111 3069 4174; x_wconf 79' lang='grc' dir='ltr'>τῆς</span> <span class='ocrx_word' id='word_1_730' title='bbox 3105 4103 3387 4181; x_wconf 88' lang='grc' dir='ltr'>διψυχίας,</span> <span class='ocrx_word' id='word_1_731' title='bbox 3421 4105 3646 4165; x_wconf 82' lang='grc' dir='ltr'>ἔνδυσαι</span> <span class='ocrx_word' id='word_1_732' title='bbox 3681 4109 3742 4167; x_wconf 73' lang='grc' dir='ltr'>δὲ</span> <span class='ocrx_word' id='word_1_733' title='bbox 3769 4113 3859 4180; x_wconf 72' lang='grc' dir='ltr'>τήν</span> 
     </span>
    </p>
   </div>
   <div class='ocr_carea' id='block_1_103' title="bbox 2197 4189 3862 4271">
    <p class='ocr_par' dir='ltr' id='par_1_103' title="bbox 2197 4189 3862 4271">
     <span class='ocr_line' id='line_1_106' title="bbox 2197 4189 3862 4271; baseline 0.007 -26"><span class='ocrx_word' id='word_1_734' title='bbox 2197 4190 2394 4259; x_wconf 88' lang='grc' dir='ltr'>πίστιν,</span> <span class='ocrx_word' id='word_1_735' title='bbox 2427 4189 2509 4246; x_wconf 84' lang='grc' dir='ltr'>ὅτι</span> <span class='ocrx_word' id='word_1_736' title='bbox 2545 4191 2742 4266; x_wconf 84' lang='grc' dir='ltr'>ἰσχυρά</span> <span class='ocrx_word' id='word_1_737' title='bbox 2774 4191 2909 4259; x_wconf 80' lang='grc' dir='ltr'>ἐστι,</span> <span class='ocrx_word' id='word_1_738' title='bbox 2938 4193 3028 4248; x_wconf 78' lang='grc' dir='ltr'><em>καὶ</em></span> <span class='ocrx_word' id='word_1_739' title='bbox 3061 4194 3277 4250; x_wconf 88' lang='grc' dir='ltr'>πίστευε</span> <span class='ocrx_word' id='word_1_740' title='bbox 3305 4198 3385 4269; x_wconf 85' lang='grc' dir='ltr'>τῷ</span> <span class='ocrx_word' id='word_1_741' title='bbox 3415 4199 3661 4271; x_wconf 77' lang='grc' dir='ltr'>Θεῷ,8τι</span> <span class='ocrx_word' id='word_1_742' title='bbox 3695 4202 3862 4257; x_wconf 75' lang='grc' dir='ltr'>πάντα</span> 
     </span>
    </p>
   </div>
   <div class='ocr_carea' id='block_1_104' title="bbox 2196 4279 3864 4365">
    <p class='ocr_par' dir='ltr' id='par_1_104' title="bbox 2196 4279 3864 4365">
     <span class='ocr_line' id='line_1_107' title="bbox 2196 4279 3864 4365; baseline 0.007 -30"><span class='ocrx_word' id='word_1_743' title='bbox 2196 4281 2264 4335; x_wconf 78' lang='grc' dir='ltr'>τὰ</span> <span class='ocrx_word' id='word_1_744' title='bbox 2318 4279 2592 4354; x_wconf 68' lang='grc' dir='ltr'>αἰτήματά</span> <span class='ocrx_word' id='word_1_745' title='bbox 2646 4301 2764 4352; x_wconf 91' lang='grc' dir='ltr'>σου,</span> <span class='ocrx_word' id='word_1_746' title='bbox 2797 4280 3007 4357; x_wconf 74' lang='grc' dir='ltr'>ἆαίτῇ,</span> <span class='ocrx_word' id='word_1_747' title='bbox 3252 4285 3350 4340; x_wconf 86' lang='grc' dir='ltr'>Καὶ</span> <span class='ocrx_word' id='word_1_748' title='bbox 3411 4285 3499 4343; x_wconf 80' lang='grc' dir='ltr'>ἐὰν</span> <span class='ocrx_word' id='word_1_749' title='bbox 3558 4288 3864 4365; x_wconf 80' lang='grc' dir='ltr'>αἰτησάμε-</span> 
     </span>
    </p>
   </div>
   <div class='ocr_carea' id='block_1_105' title="bbox 2475 4395 2705 4453">
    <p class='ocr_par' dir='ltr' id='par_1_105' title="bbox 2475 4395 2705 4453">
     <span class='ocr_line' id='line_1_108' title="bbox 2475 4395 2705 4453; baseline 0.004 -1"><span class='ocrx_word' id='word_1_750' title='bbox 2475 4395 2705 4453; x_wconf 69' lang='lat' dir='ltr'><em>NOTAE.</em></span> 
     </span>
    </p>
   </div>
   <div class='ocr_carea' id='block_1_106' title="bbox 1767 4492 3863 4635">
    <p class='ocr_par' dir='ltr' id='par_1_106' title="bbox 1767 4492 3863 4635">
     <span class='ocr_line' id='line_1_109' title="bbox 1767 4492 3863 4578; baseline 0.009 -34"><span class='ocrx_word' id='word_1_751' title='bbox 1767 4507 1899 4575; x_wconf 76' lang='lat' dir='ltr'><em>pag.</em></span> <span class='ocrx_word' id='word_1_752' title='bbox 1956 4492 2083 4547; x_wconf 83' lang='lat'><em>256.</em></span> <span class='ocrx_word' id='word_1_753' title='bbox 2119 4497 2161 4561; x_wconf 71' lang='grc' dir='ltr'>ί)</span> <span class='ocrx_word' id='word_1_754' title='bbox 2264 4492 2378 4575; x_wconf 82' lang='lat'>(42)</span> <span class='ocrx_word' id='word_1_755' title='bbox 2408 4493 2609 4551; x_wconf 90' lang='lat' dir='ltr'><em>Lamb.</em></span> <span class='ocrx_word' id='word_1_756' title='bbox 2646 4493 2812 4552; x_wconf 77' lang='lat' dir='ltr'><em>homo</em></span> <span class='ocrx_word' id='word_1_757' title='bbox 2841 4513 3073 4554; x_wconf 90' lang='lat' dir='ltr'><em>memor.</em></span> <span class='ocrx_word' id='word_1_758' title='bbox 3106 4498 3271 4556; x_wconf 93' lang='lat' dir='ltr'><em>Bodl.</em></span> <span class='ocrx_word' id='word_1_759' title='bbox 3302 4501 3578 4559; x_wconf 81' lang='lat' dir='ltr'><em>malorum</em></span> <span class='ocrx_word' id='word_1_760' title='bbox 3612 4521 3728 4578; x_wconf 83' lang='lat' dir='ltr'><em>pro</em></span> <span class='ocrx_word' id='word_1_761' title='bbox 3777 4508 3863 4563; x_wconf 71' lang='lat' dir='ltr'><em>in-</em></span> 
     </span>
     <span class='ocr_line' id='line_1_110' title="bbox 1767 4563 2497 4635; baseline 0.003 -17"><span class='ocrx_word' id='word_1_762' title='bbox 1767 4580 1892 4634; x_wconf 72' lang='lat' dir='ltr'><em>JJUS</em></span> <span class='ocrx_word' id='word_1_763' title='bbox 1922 4579 2085 4619; x_wconf 82' lang='lat' dir='ltr'><em>man-</em></span> <span class='ocrx_word' id='word_1_764' title='bbox 2184 4563 2497 4635; x_wconf 72' lang='lat' dir='ltr'><em>furiarum.</em></span> 
     </span>
    </p>
   </div>
   <div class='ocr_carea' id='block_1_107' title="bbox 2262 4636 3866 4717">
    <p class='ocr_par' dir='ltr' id='par_1_107' title="bbox 2262 4636 3866 4717">
     <span class='ocr_line' id='line_1_111' title="bbox 2262 4636 3866 4717; baseline 0.005 -27"><span class='ocrx_word' id='word_1_765' title='bbox 2405 4636 2578 4717; x_wconf 72' lang='lat' dir='ltr'><em>Grab.</em></span> <span class='ocrx_word' id='word_1_766' title='bbox 2613 4636 2665 4717; x_wconf 65' lang='grc' dir='ltr'>οἱ</span> <span class='ocrx_word' id='word_1_767' title='bbox 2684 4638 3489 4717; x_wconf 15' lang='grc' dir='ltr'>,μνησικακοῦντεςἀλλήλους,</span> <span class='ocrx_word' id='word_1_768' title='bbox 3511 4714 3524 4717; x_wconf 81' lang='lat'><strong><em>_</em></strong></span> <span class='ocrx_word' id='word_1_769' title='bbox 3548 4649 3617 4717; x_wconf 67' lang='lat' dir='ltr'><em>In</em></span> <span class='ocrx_word' id='word_1_770' title='bbox 3674 4665 3866 4706; x_wconf 78' lang='lat' dir='ltr'><em>exem-</em></span> 
     </span>
    </p>
   </div>
   <div class='ocr_carea' id='block_1_108' title="bbox 2191 4706 3859 4842">
    <p class='ocr_par' dir='ltr' id='par_1_108' title="bbox 2191 4706 3859 4842">
     <span class='ocr_line' id='line_1_112' title="bbox 2191 4706 3859 4791; baseline 0.007 -30"><span class='ocrx_word' id='word_1_771' title='bbox 2191 4706 2340 4791; x_wconf 84' lang='lat' dir='ltr'><em>plari</em></span> <span class='ocrx_word' id='word_1_772' title='bbox 2360 4706 2931 4779; x_wconf 87' lang='lat' dir='ltr'><em>pseudo-Athanasii</em></span> <span class='ocrx_word' id='word_1_773' title='bbox 2985 4712 3195 4768; x_wconf 83' lang='lat' dir='ltr'><em>excidit</em></span> <span class='ocrx_word' id='word_1_774' title='bbox 3242 4706 3387 4771; x_wconf 79' lang='lat' dir='ltr'><em>forte</em></span> <span class='ocrx_word' id='word_1_775' title='bbox 3434 4714 3741 4786; x_wconf 77' lang='grc' dir='ltr'>ἀλλήλους</span> <span class='ocrx_word' id='word_1_776' title='bbox 3792 4721 3859 4777; x_wconf 84' lang='lat' dir='ltr'><em>ob</em></span> 
     </span>
     <span class='ocr_line' id='line_1_113' title="bbox 2191 4775 3859 4842; baseline 0.008 -12"><span class='ocrx_word' id='word_1_777' title='bbox 2191 4775 2317 4831; x_wconf 89' lang='grc' dir='ltr'>αΛλ’</span> <span class='ocrx_word' id='word_1_778' title='bbox 2339 4780 2615 4836; x_wconf 89' lang='lat' dir='ltr'><em>continuo</em></span> <span class='ocrx_word' id='word_1_779' title='bbox 2637 4798 2904 4842; x_wconf 85' lang='lat' dir='ltr'><em>sequens.</em></span> <span class='ocrx_word' id='word_1_780' title='bbox 2929 4785 3033 4839; x_wconf 88' lang='lat' dir='ltr'><em>Hic</em></span> <span class='ocrx_word' id='word_1_781' title='bbox 3054 4790 3248 4841; x_wconf 88' lang='lat' dir='ltr'><em>autem</em></span> <span class='ocrx_word' id='word_1_782' title='bbox 3268 4788 3548 4842; x_wconf 85' lang='lat' dir='ltr'><em>mendosa</em></span> <span class='ocrx_word' id='word_1_783' title='bbox 3567 4798 3634 4842; x_wconf 80' lang='lat' dir='ltr'><em>et</em></span> <span class='ocrx_word' id='word_1_784' title='bbox 3664 4792 3859 4842; x_wconf 72' lang='lat' dir='ltr'><em>hiulca</em></span> 
     </span>
    </p>
   </div>
   <div class='ocr_carea' id='block_1_109' title="bbox 2190 4792 3864 4928">
    <p class='ocr_par' dir='ltr' id='par_1_109' title="bbox 2190 4792 3864 4928">
     <span class='ocr_line' id='line_1_114' title="bbox 2191 4792 3864 4851; baseline 0.01 -20"><span class='ocrx_word' id='word_1_785' title='bbox 2191 4792 2315 4831; x_wconf 83' lang='grc' dir='ltr'><em>αΛΛ⁷</em></span> <span class='ocrx_word' id='word_1_786' title='bbox 2339 4792 2615 4836; x_wconf 80' lang='lat' dir='ltr'><em>continuo</em></span> <span class='ocrx_word' id='word_1_787' title='bbox 2637 4798 2904 4851; x_wconf 87' lang='lat' dir='ltr'><em>sequens.</em></span> <span class='ocrx_word' id='word_1_788' title='bbox 2929 4792 3033 4839; x_wconf 85' lang='lat' dir='ltr'><em>Hic</em></span> <span class='ocrx_word' id='word_1_789' title='bbox 3054 4792 3248 4841; x_wconf 89' lang='lat' dir='ltr'><em>autem</em></span> <span class='ocrx_word' id='word_1_790' title='bbox 3268 4792 3548 4844; x_wconf 85' lang='lat' dir='ltr'><em>mendosa</em></span> <span class='ocrx_word' id='word_1_791' title='bbox 3567 4798 3634 4845; x_wconf 80' lang='lat' dir='ltr'><em>et</em></span> <span class='ocrx_word' id='word_1_792' title='bbox 3664 4792 3864 4848; x_wconf 74' lang='lat' dir='ltr'><em>hiulca</em></span> 
     </span>
     <span class='ocr_line' id='line_1_115' title="bbox 2190 4849 3860 4928; baseline 0.007 -24"><span class='ocrx_word' id='word_1_793' title='bbox 2190 4849 2370 4928; x_wconf 74' lang='lat' dir='ltr'><em>editio</em></span> <span class='ocrx_word' id='word_1_794' title='bbox 2430 4850 2655 4928; x_wconf 61' lang='lat' dir='ltr'><em>Clerici,</em></span> <span class='ocrx_word' id='word_1_795' title='bbox 2696 4853 2814 4928; x_wconf 87' lang='lat' dir='ltr'><em>_u_bi</em></span> <span class='ocrx_word' id='word_1_796' title='bbox 2875 4855 2997 4910; x_wconf 91' lang='lat' dir='ltr'><em>sic:</em></span> <span class='ocrx_word' id='word_1_797' title='bbox 3058 4855 3110 4928; x_wconf 78' lang='grc' dir='ltr'>οἱ</span> <span class='ocrx_word' id='word_1_798' title='bbox 3169 4854 3496 4928; x_wconf 87' lang='grc' dir='ltr'>μνησίκακοί</span> <span class='ocrx_word' id='word_1_799' title='bbox 3571 4858 3687 4914; x_wconf 81' lang='grc' dir='ltr'>εἰσι</span> <span class='ocrx_word' id='word_1_800' title='bbox 3775 4862 3860 4916; x_wconf 70' lang='grc' dir='ltr'>καὶ</span> 
     </span>
    </p>
   </div>
   <div class='ocr_carea' id='block_1_110' title="bbox 2190 4918 3859 5004">
    <p class='ocr_par' dir='ltr' id='par_1_110' title="bbox 2190 4918 3859 5004">
     <span class='ocr_line' id='line_1_116' title="bbox 2190 4918 3859 5004; baseline 0.011 -32"><span class='ocrx_word' id='word_1_801' title='bbox 2190 4918 2647 5004; x_wconf 55' lang='grc' dir='ltr'>σπλαγχνίζεταιζ</span> <span class='ocrx_word' id='word_1_802' title='bbox 2696 4924 2867 5004; x_wconf 69' lang='lat' dir='ltr'><em>idem</em></span> <span class='ocrx_word' id='word_1_803' title='bbox 2925 4918 3204 5004; x_wconf 78' lang='lat' dir='ltr'><em>mendum</em></span> <span class='ocrx_word' id='word_1_804' title='bbox 3262 4918 3425 5002; x_wconf 77' lang='lat' dir='ltr'><em>apud</em></span> <span class='ocrx_word' id='word_1_805' title='bbox 3454 4954 3457 4959; x_wconf 55' lang='grc' dir='ltr'>ν</span> <span class='ocrx_word' id='word_1_806' title='bbox 3487 4931 3859 4991; x_wconf 84' lang='lat' dir='ltr'><em>Russelium.</em></span> 
     </span>
    </p>
   </div>
   <div class='ocr_carea' id='block_1_111' title="bbox 2190 4992 3853 5077">
    <p class='ocr_par' dir='ltr' id='par_1_111' title="bbox 2190 4992 3853 5077">
     <span class='ocr_line' id='line_1_117' title="bbox 2190 4992 3853 5077; baseline 0.009 -30"><span class='ocrx_word' id='word_1_807' title='bbox 2190 4992 2447 5077; x_wconf 53' lang='lat' dir='ltr'><em>[magna</em></span> <span class='ocrx_word' id='word_1_808' title='bbox 2476 4995 2617 5050; x_wconf 90' lang='lat' dir='ltr'><em>item</em></span> <span class='ocrx_word' id='word_1_809' title='bbox 2648 4996 3034 5077; x_wconf 39' lang='lat' dir='ltr'><em>editio&#39;inﬁda</em></span> <span class='ocrx_word' id='word_1_810' title='bbox 3073 5004 3161 5054; x_wconf 90' lang='lat' dir='ltr'><em>est</em></span> <span class='ocrx_word' id='word_1_811' title='bbox 3190 4992 3372 5077; x_wconf 73' lang='lat' dir='ltr'><em>supra</em></span> <span class='ocrx_word' id='word_1_812' title='bbox 3398 5003 3590 5058; x_wconf 82' lang='lat' dir='ltr'><em>Mand.</em></span> <span class='ocrx_word' id='word_1_813' title='bbox 3625 5022 3693 5077; x_wconf 65' lang='grc' dir='ltr'>γ,</span> <span class='ocrx_word' id='word_1_814' title='bbox 3730 5022 3853 5077; x_wconf 81' lang='lat' dir='ltr'><em>cap.</em></span> 
     </span>
    </p>
   </div>
   <div class='ocr_carea' id='block_1_112' title="bbox 2186 5065 3855 5191">
    <p class='ocr_par' dir='ltr' id='par_1_112' title="bbox 2186 5065 3855 5191">
     <span class='ocr_line' id='line_1_118' title="bbox 2186 5065 3855 5191; baseline 0.008 -73"><span class='ocrx_word' id='word_1_815' title='bbox 2186 5067 2244 5133; x_wconf 89' lang='lat'><em>2,</em></span> <span class='ocrx_word' id='word_1_816' title='bbox 2278 5065 2374 5119; x_wconf 86' lang='lat' dir='ltr'><em>ubi</em></span> <span class='ocrx_word' id='word_1_817' title='bbox 2404 5081 2511 5191; x_wconf 57' lang='lat' dir='ltr'><em>lpro</em></span> <span class='ocrx_word' id='word_1_818' title='bbox 2560 5066 2911 5139; x_wconf 72' lang='grc' dir='ltr'>συνισταμένη</span> <span class='ocrx_word' id='word_1_819' title='bbox 2964 5068 3190 5142; x_wconf 83' lang='grc' dir='ltr'>γίνεται,</span> <span class='ocrx_word' id='word_1_820' title='bbox 3244 5065 3459 5145; x_wconf 68' lang='lat' dir='ltr'><em>legitur</em></span> <span class='ocrx_word' id='word_1_821' title='bbox 3514 5065 3855 5132; x_wconf 66' lang='grc' dir='ltr'>συνίστατέι.</span> 
     </span>
     <span class='ocr_line' id='line_1_119' title="bbox 2259 5137 3853 5191; baseline 0 0"><span class='ocrx_word' id='word_1_822' title='bbox 2259 5137 2371 5191; x_wconf 73' lang='grc'>(44)</span> <span class='ocrx_word' id='word_1_823' title='bbox 2442 5137 2597 5191; x_wconf 90' lang='lat' dir='ltr'><em>amb.</em></span> <span class='ocrx_word' id='word_1_824' title='bbox 2630 5139 2892 5191; x_wconf 72' lang='lat' dir='ltr'><em>ﬁgmento</em></span> <span class='ocrx_word' id='word_1_825' title='bbox 2930 5156 3048 5191; x_wconf 82' lang='lat' dir='ltr'><em>suo.</em></span> <span class='ocrx_word' id='word_1_826' title='bbox 3088 5146 3399 5191; x_wconf 76' lang='lat' dir='ltr'><em>Hucusmm</em></span> <span class='ocrx_word' id='word_1_827' title='bbox 3447 5145 3853 5191; x_wconf 66' lang='lat' dir='ltr'><em>frnomnntnm</em></span> 
     </span>
    </p>
   </div>
   <div class='ocr_carea' id='block_1_113' title="bbox 2190 5137 3856 5263">
    <p class='ocr_par' dir='ltr' id='par_1_113' title="bbox 2190 5137 3856 5263">
     <span class='ocr_line' id='line_1_120' title="bbox 2259 5137 3856 5219; baseline 0.01 -29"><span class='ocrx_word' id='word_1_828' title='bbox 2259 5137 2371 5218; x_wconf 67' lang='lat'>(44)</span> <span class='ocrx_word' id='word_1_829' title='bbox 2404 5137 2597 5193; x_wconf 88' lang='lat' dir='ltr'><em>Lamb.</em></span> <span class='ocrx_word' id='word_1_830' title='bbox 2628 5137 2892 5211; x_wconf 77' lang='lat' dir='ltr'><em>ﬁgmento</em></span> <span class='ocrx_word' id='word_1_831' title='bbox 2930 5137 3048 5197; x_wconf 78' lang='lat' dir='ltr'><em>suo.</em></span> <span class='ocrx_word' id='word_1_832' title='bbox 3088 5137 3399 5216; x_wconf 68' lang='lat' dir='ltr'><em>Hucusque</em></span> <span class='ocrx_word' id='word_1_833' title='bbox 3447 5145 3856 5219; x_wconf 80' lang='lat' dir='ltr'><em>fragmentum</em></span> 
     </span>
     <span class='ocr_line' id='line_1_121' title="bbox 2190 5206 2569 5263; baseline 0 0"><span class='ocrx_word' id='word_1_834' title='bbox 2190 5206 2569 5263; x_wconf 79' lang='lat' dir='ltr'><em>Grabianum.</em></span> 
     </span>
    </p>
   </div>
   <div class='ocr_carea' id='block_1_114' title="bbox 2258 5251 3853 5366">
    <p class='ocr_par' dir='ltr' id='par_1_114' title="bbox 2258 5251 3853 5366">
     <span class='ocr_line' id='line_1_122' title="bbox 2258 5251 3853 5366; baseline 0.009 -32"><span class='ocrx_word' id='word_1_835' title='bbox 2845 5284 3303 5356; x_wconf 85' lang='lat' dir='ltr'><em>cogitationibus,</em></span> <span class='ocrx_word' id='word_1_836' title='bbox 3363 5290 3417 5343; x_wconf 80' lang='lat' dir='ltr'><em>et</em></span> <span class='ocrx_word' id='word_1_837' title='bbox 3470 5288 3537 5344; x_wconf 88' lang='lat' dir='ltr'><em>ab</em></span> <span class='ocrx_word' id='word_1_838' title='bbox 3581 5293 3853 5349; x_wconf 78' lang='lat' dir='ltr'><em>omnibus</em></span> 
     </span>
    </p>
   </div>
   <div class='ocr_carea' id='block_1_115' title="bbox 2186 5350 2853 5423">
    <p class='ocr_par' dir='ltr' id='par_1_115' title="bbox 2186 5350 2853 5423">
     <span class='ocr_line' id='line_1_123' title="bbox 2186 5350 2853 5423; baseline 0.006 -19"><span class='ocrx_word' id='word_1_839' title='bbox 2186 5350 2357 5423; x_wconf 78' lang='lat' dir='ltr'><em>hujus</em></span> <span class='ocrx_word' id='word_1_840' title='bbox 2382 5351 2578 5408; x_wconf 67' lang='lat' dir='ltr'><em>saeculi</em></span> <span class='ocrx_word' id='word_1_841' title='bbox 2597 5354 2853 5421; x_wconf 79' lang='lat' dir='ltr'><em>negotiis.</em></span> 
     </span>
    </p>
   </div>
   <div class='ocr_carea' id='block_1_116' title="bbox 2257 5423 3001 5491">
    <p class='ocr_par' dir='ltr' id='par_1_116' title="bbox 2257 5423 3001 5491">
     <span class='ocr_line' id='line_1_124' title="bbox 2257 5423 3001 5491; baseline 0.005 -14"><span class='ocrx_word' id='word_1_842' title='bbox 2257 5423 2371 5491; x_wconf 83' lang='grc'>(46)</span> <span class='ocrx_word' id='word_1_843' title='bbox 2406 5424 2602 5477; x_wconf 86' lang='lat' dir='ltr'><em>Lamb.</em></span> <span class='ocrx_word' id='word_1_844' title='bbox 2638 5424 2821 5489; x_wconf 89' lang='lat' dir='ltr'><em>deest,</em></span> <span class='ocrx_word' id='word_1_845' title='bbox 2854 5425 3001 5482; x_wconf 85' lang='lat' dir='ltr'><em>data.</em></span> 
     </span>
    </p>
   </div>
   <div class='ocr_carea' id='block_1_117' title="bbox 2258 5493 3268 5567">
    <p class='ocr_par' dir='ltr' id='par_1_117' title="bbox 2258 5493 3268 5567">
     <span class='ocr_line' id='line_1_125' title="bbox 2258 5493 3268 5567; baseline 0.011 -22"><span class='ocrx_word' id='word_1_846' title='bbox 2258 5493 2371 5567; x_wconf 73' lang='grc'>(47)</span> <span class='ocrx_word' id='word_1_847' title='bbox 2400 5498 2505 5549; x_wconf 88' lang='lat' dir='ltr'><em>Ms.</em></span> <span class='ocrx_word' id='word_1_848' title='bbox 2540 5494 2688 5567; x_wconf 75' lang='lat' dir='ltr'><em>Vict.</em></span> <span class='ocrx_word' id='word_1_849' title='bbox 2722 5497 2953 5567; x_wconf 87' lang='lat' dir='ltr'><em>desunt,</em></span> <span class='ocrx_word' id='word_1_850' title='bbox 2980 5515 3091 5554; x_wconf 84' lang='lat' dir='ltr'><em>non</em></span> <span class='ocrx_word' id='word_1_851' title='bbox 3119 5504 3268 5556; x_wconf 88' lang='lat' dir='ltr'><em>sunt.</em></span> 
     </span>
    </p>
   </div>
   <div class='ocr_carea' id='block_1_118' title="bbox 2255 5565 3262 5711">
    <p class='ocr_par' dir='ltr' id='par_1_118' title="bbox 2255 5565 3262 5711">
     <span class='ocr_line' id='line_1_126' title="bbox 2255 5565 3262 5711; baseline 0.01 -92"><span class='ocrx_word' id='word_1_852' title='bbox 2255 5565 2371 5711; x_wconf 51' lang='lat'>€48)</span> <span class='ocrx_word' id='word_1_853' title='bbox 2409 5566 2605 5621; x_wconf 91' lang='lat' dir='ltr'><em>Lamb.</em></span> <span class='ocrx_word' id='word_1_854' title='bbox 2637 5582 2709 5622; x_wconf 80' lang='lat' dir='ltr'><em>ea:</em></span> <span class='ocrx_word' id='word_1_855' title='bbox 2736 5565 3097 5639; x_wconf 86' lang='lat' dir='ltr'><em>petitionibus</em></span> <span class='ocrx_word' id='word_1_856' title='bbox 3124 5574 3262 5629; x_wconf 87' lang='lat' dir='ltr'><em>suis.</em></span> 
     </span>
     <span class='ocr_line' id='line_1_127' title="bbox 2279 5636 3228 5711; baseline 0.009 -18"><span class='ocrx_word' id='word_1_857' title='bbox 2279 5637 2369 5711; x_wconf 88' lang='grc'>49)</span> <span class='ocrx_word' id='word_1_858' title='bbox 2400 5636 2600 5710; x_wconf 86' lang='lat' dir='ltr'><em>Lamb,</em></span> <span class='ocrx_word' id='word_1_859' title='bbox 2628 5642 2680 5696; x_wconf 84' lang='lat' dir='ltr'><em>et</em></span> <span class='ocrx_word' id='word_1_860' title='bbox 2717 5639 2933 5698; x_wconf 80' lang='lat' dir='ltr'><em>tardius</em></span> <span class='ocrx_word' id='word_1_861' title='bbox 2985 5643 3228 5711; x_wconf 85' lang='lat' dir='ltr'><em>accipias</em></span> 
     </span>
    </p>
   </div>
   <div class='ocr_carea' id='block_1_119' title="bbox 2279 5636 3851 5720">
    <p class='ocr_par' dir='ltr' id='par_1_119' title="bbox 2279 5636 3851 5720">
     <span class='ocr_line' id='line_1_128' title="bbox 2279 5636 3851 5720; baseline 0.008 -27"><span class='ocrx_word' id='word_1_862' title='bbox 2279 5636 2369 5712; x_wconf 87' lang='lat'>49)</span> <span class='ocrx_word' id='word_1_863' title='bbox 2400 5636 2600 5710; x_wconf 85' lang='lat' dir='ltr'><em>Lamb,</em></span> <span class='ocrx_word' id='word_1_864' title='bbox 2628 5642 2680 5696; x_wconf 85' lang='lat' dir='ltr'><em>et</em></span> <span class='ocrx_word' id='word_1_865' title='bbox 2717 5636 2933 5698; x_wconf 76' lang='lat' dir='ltr'><em>tardius</em></span> <span class='ocrx_word' id='word_1_866' title='bbox 2985 5643 3228 5720; x_wconf 84' lang='lat' dir='ltr'><em>accipias</em></span> <span class='ocrx_word' id='word_1_867' title='bbox 3281 5647 3617 5719; x_wconf 78' lang='lat' dir='ltr'><em>petitionem</em></span> <span class='ocrx_word' id='word_1_868' title='bbox 3667 5650 3851 5705; x_wconf 65' lang='lat' dir='ltr'><em>tuan.</em></span> 
     </span>
    </p>
   </div>
  </div>
