4036 6356
180 386 295 456 98⁸7

1175 394 1508 456 PASTOR.
1550 427 1623 439 —
1653 389 1801 455 LIB.
1849 394 1923 468 II,
1974 395 2416 457 MANDATUM
2464 397 2568 456 IX.

3448 398 3567 460 938

174 522 267 585 νύς
309 544 444 579 ποτε
488 527 632 599 παρά
677 526 775 579 τοῦ
823 523 1025 599 Κυρίου
1065 521 1273 597 αἴτημά
1300 545 1371 591 τι,
1404 526 1491 578 καὶ
1524 526 1625 597 [μὴ
1676 523 1810 578 ἀπο-

1933 524 2179 596 ignoras,
2212 526 2436 581 tardius
2483 525 2729 597 accipies
2780 527 3118 597 petitionem
3150 531 3330 584 tuam.
3361 529 3470 585 Sed
3501 532 3566 584 tu

178 608 374 686 λήψῃ]
409 612 486 685 μή
519 610 863 688 διψυχήσεις,
897 610 978 667 ὅτι
1009 614 1200 688 τάχιον
1244 612 1342 668 οὐκ
1387 608 1578 674 ἔλαϐες
1624 614 1686 666 τὸ
1732 608 1819 665 αἶ’-

169 721 323 774 τημα
367 708 470 771 τῆς
518 705 704 777 ψυχῆς
751 719 866 756 σου⁶
917 702 1127 763 πάντως
1190 701 1292 777 γὰρ
1361 698 1449 756 διὰ
1512 698 1810 777 πειρασμόν

169 810 311 860 τινα,
344 791 380 859 ἢ
428 790 828 866 παράπτωμάτι
877 791 906 845 ὃ
962 789 1024 845 σὺ
1072 792 1307 867 ἀγνοεῖς,
1349 789 1448 845 οὐκ
1496 784 1707 852 ἔλαϐες.
1742 788 1817 843 Σὺ

1930 614 2047 668 noli
2077 616 2341 669 desinere
2371 618 2481 685 (50)
2514 616 2758 687 petendo
2790 615 3130 687 petitionem
3181 617 3393 672 animae
3422 622 3567 685 tuae;

1928 700 1982 755 ct
2014 702 2280 773 accipies.
2313 702 2370 757 Si
2399 707 2593 758 autem
2624 703 2938 758 cessaVeris
2961 704 3229 775 petendo,
3254 704 3326 761 de
3354 709 3408 761 te
3434 720 3570 776 que-

1928 790 2097 853 raris,
2130 807 2241 845 non
2276 791 2345 845 de
2376 790 2512 856 Deo,
2547 791 2699 861 quod
2733 807 2845 845 non
2876 790 3096 847 dederit
3119 792 3246 848 tibi.

170 876 264 931 οὖν
298 879 378 951 μὴ
410 876 663 947 bulla-{,4
694 878 995 955 εὐχόμενος
1022 879 1086 935 τὸ
1116 875 1325 952 αἴτημα
1352 886 1452 949 τῆς
1484 882 1668 955 ψυχῆς
1701 900 1816 948 σου,
1845 872 1947 939 ἕως
1978 877 2039 932 οῦ
2072 874 2333 951 ἀπολήψῃ
2364 876 2513 934 αὐτό.
2542 879 2661 933 Ἐὰν
2693 875 2749 932 δὲ
2780 878 3077 953 ἐκκακήσῃς
3117 878 3207 933 καὶ
3259 877 3565 955 διψυχήσῃς

169 966 518 1040 αἰτούμενος,
550 968 736 1023 ἑαυτὸν
769 968 950 1042 αἰτιῶ,
981 967 1071 1024 καὶ
1101 969 1178 1042 μὴ
1206 969 1297 1024 τὸν
1327 965 1544 1023 διδόντα
1575 989 1679 1022 σοι.

244 1081 424 1140 Βλέπε
452 1081 543 1138 οὖν
572 1084 672 1153 τὴν
706 1081 985 1159 διψυχίαν·
1019 1085 1234 1159 πονηρὰ
1263 1086 1364 1160 γὰρ
1395 1083 1506 1138 ἐστι
1534 1082 1622 1138 καὶ
1667 1080 1822 1137 ἀσύν-

169 1192 316 1242 ετος,
347 1170 436 1226 καὶ
482 1171 727 1234 πολλοὺς
776 1172 983 1250 ἐκριζοῖ
1028 1173 1133 1228 ἀπὸ
1183 1180 1285 1244 τῆς
1337 1173 1587 1245 πίστεως,
1619 1173 1709 1227 καί
1758 1191 1821 1246 γε

161 1257 286 1313 λίαν
319 1257 540 1321 πιστοὺς
570 1259 660 1313 καὶ
695 1258 974 1337 ἰσχυρούς.

168 1435 590 1514 Καταφρόνησον
646 1434 735 1491 οὖν
788 1437 956 1508 αὐτῆς
1002 1438 1055 1494 ἐν
1104 1437 1261 1493 παντὶ
1312 1437 1613 1515 πράγματι,
1668 1434 1816 1492 ἐνδυ-

165 1525 404 1597 σάμενος
459 1526 558 1594 τήν
604 1525 784 1581 πίστιν
832 1528 933 1596 τήν
1004 1525 1230 1601 ἴσχυρὰν
1297 1528 1385 1581 καὶ
1459 1524 1708 1596 δυνατήν.
1755 1527 1817 1580 Ἣ

165 1615 273 1689 γὰρ
322 1613 502 1676 πίστις
546 1616 717 1669 πάντα
765 1613 1175 1691 ἐπαγγέλλεται,
1209 1614 1382 1670 πάντα
1428 1614 1650 1670 τελειοῖ·
1692 1616 1729 1684 ἡ
1760 1612 1817 1669 δὲ

164 1699 422 1778 διψυχία,
482 1705 557 1775 μή
616 1704 1080 1761 καταπιστεύουσα
1134 1704 1351 1775 ἑαυτὴν,
1409 1706 1622 1760 πάντων
1681 1704 1815 1759 ἀπο-

156 1793 418 1871 τυγχάνει
445 1784 617 1868 ἔργων
648 1792 838 1864 αὐτῆς,
875 1794 949 1849 ὧν
980 1793 1224 1869 πράσσει.

162 2148 245 2201 Σὺ
275 2143 369 2201 οὖν
403 2144 625 2202 δούλευε
650 2151 720 2220 τῇ
753 2146 890 2223 εὐχῇ
923 2164 1044 2216 σου,
1174 2134 1398 2221 δυνάμει
1429 2154 1529 2218 τῆς
1558 2149 1817 2217 πίστεως,

158 2237 255 2290 καὶ
319 2238 455 2311 ζήσῃ
506 2235 591 2308 τῷ
643 2235 781 2308 Θεῷε
836 2238 929 2291 καὶ
994 2238 1185 2299 πάντες
1264 2238 1315 2291 οἱ
1376 2238 1815 2314 καταφρονήσαν-

156 2338 254 2388 τες
289 2326 421 2399 (55).

1846 1939 1895 2004 Β

1999 1082 2145 1139 Vide
2171 1099 2306 1156 ergo
2345 1084 2768 1139 dubitationem
2818 1084 2988 1149 hanc,
3015 1101 3187 1156 quam
3243 1086 3571 1157 perniciosa

1929 1171 2008 1228 sit
2031 1178 2088 1227 et
2116 1190 2286 1238 saeva,
2316 1180 2373 1228 et
2402 1172 2618 1227 multos
2640 1172 2917 1228 radicitus
2943 1172 3148 1228 evellat
3176 1190 3209 1227 a
3238 1172 3371 1242 ﬁde,
3389 1174 3566 1231 etiam

1926 1260 2091 1317 valde
2121 1260 2322 1317 ﬁdeles
2364 1265 2421 1316 et
2469 1262 2687 1317 ﬁrmos.
2722 1261 2947 1316 Etenim
2978 1262 3088 1333 (51)
3120 1261 3241 1317 ι]ωο
3281 1262 3568 1321 dubitatio

1928 1349 2048 1405 ﬁlia
2094 1354 2182 1405 est
2234 1349 2473 1415 diaboli,
2504 1355 2561 1405 et
2602 1349 2766 1405 valde
2813 1350 3077 1420 nequiter
3117 1351 3240 1423 agit
3269 1367 3401 1406 cum
3446 1368 3569 1407 ser-

1926 1438 2011 1494 vis
2042 1439 2151 1510 (52)
2184 1439 2300 1494 Dei.
2333 1441 2645 1494 Contemne
2688 1447 2827 1510 ergo
2857 1439 3280 1495 dubitationem
3315 1456 3328 1494 :
3358 1444 3417 1496 et
3460 1441 3569 1497 do-

1928 1526 2244 1582 minaberis
2267 1526 2424 1581 illius
2456 1527 2514 1581 in
2532 1528 2691 1581 omni
2729 1542 2808 1581 re.
2856 1526 3033 1581 Indue
3065 1527 3293 1582 ﬁrmam
3323 1528 3497 1585 ﬁdem
3514 1534 3569 1585 et

1927 1620 2240 1688 potentem.
2270 1616 2439 1671 Fides
2470 1615 2625 1670 enim
2658 1615 2857 1670 omnia
2886 1616 3258 1687 repromittit,
3290 1620 3345 1671 et
3374 1616 3572 1675 omnia

1925 1708 2334 1772 consummat;
2368 1703 2653 1759 dubitatio
2684 1708 2879 1760 autem
2912 1721 3028 1760 non
3059 1704 3242 1760 credit
3269 1720 3328 1762 se
3348 1704 3572 1777 aliquid

1924 1792 2366 1865 impetraturam
2389 1793 2663 1848 omnibus
2685 1793 2959 1866 operibus
2992 1792 3116 1849 suis
3138 1810 3266 1865 quae
3296 1794 3416 1867 agit
3436 1794 3568 1866 (53).

1923 1882 2100 1937 Vides
2130 1896 2286 1953 ergo,
2322 1881 2533 1952 inquit,
2563 1882 2717 1953 quod
2749 1881 2895 1936 ﬁdes
2924 1881 3235 1938 desursum
3259 1886 3348 1938 est
3377 1899 3411 1937 a
3431 1881 3569 1954 Deo,

1926 1974 1983 2026 et
2004 1970 2179 2025 habet
2199 1969 2473 2025 virtutem
2497 1985 2770 2041 magnam
2798 1987 2811 2037 ;
2845 1969 3132 2025 dubitatio
3163 1974 3361 2026 autem
3391 1974 3571 2028 terre-

1926 2074 2038 2115 nus
2069 2058 2310 2130 spiritus
2335 2062 2441 2125 est,
2466 2062 2525 2113 et
2553 2074 2587 2112 a
2615 2057 2867 2129 diabolo,
2893 2058 3165 2115 virtutem
3187 2075 3302 2114 non
3324 2058 3569 2116 habens.

1925 2148 2007 2204 Tu
2040 2147 2219 2219 igitur
2247 2164 2411 2203 serva
2459 2147 2731 2202 virtutem
2779 2147 2913 2201 ﬁdei
2940 2147 3053 2218 (54)
3084 2163 3098 2203 ;
3133 2163 3167 2201 a
3209 2147 3572 2203 dubitatione

1927 2241 2119 2293 autem
2171 2236 2394 2306 recede,
2425 2251 2551 2306 quas
2592 2251 2707 2291 non
2751 2235 2927 2291 habet
2969 2235 3279 2304 virtutem;
3312 2240 3368 2291 et
3413 2236 3569 2295 vives

1926 2329 2062 2380 Deo.
2095 2325 2163 2379 Et
2192 2340 2395 2381 omnes
2424 2323 2617 2380 vivent
2644 2324 2782 2391 Deo,
2814 2323 3144 2395 quicunque
3173 2324 3293 2380 Ιιιεο
3322 2325 3567 2397 egerint.

1497 2499 1851 2567 Amoenus,
1881 2494 2111 2551 homilia
2135 2493 2222 2548 85.

237 2617 495 2689 ’Ἂρωμεν
523 2612 615 2670 οὖν
660 2615 749 2694 ἀφ’
797 2618 955 2690 ἡμῶν
985 2618 1085 2686 τὴν
1114 2614 1369 2695 διψυχίαν
1409 2619 1499 2674 καὶ
1554 2618 1817 2694 ὀλιγοψυ-

162 2704 325 2781 χίαν,
355 2703 444 2759 καὶ
480 2701 607 2778 μηδ’
635 2703 779 2766 ὅλως
811 2701 1202 2781 διψυχήσωμεν
1234 2706 1551 2779 αἰτήσασθαί
1578 2730 1631 2763 τι
1676 2707 1822 2785 παρὰ

158 2799 267 2849 τοῦ
326 2798 480 2865 Θεοῦ,
540 2791 781 2870 λέγοντες
838 2793 890 2848 ἐν
945 2795 1177 2858 ἑαυτοῖςσ
1235 2798 1353 2852 Ὅτι
1410 2800 1529 2860 πῶς
1588 2795 1818 2872 δύναμαι

162 2882 492 2953 αἰτήσασθαι
522 2884 668 2958 παρὰ
698 2883 917 2959 Κυρίου,
948 2884 1037 2939 καὶ
1078 2879 1286 2955 λαϐεῖν,
1317 2888 1655 2963 ἡμαρτηκὼς
1699 2908 1819 2941 τοσ-

165 2976 309 3027 αῦτα
335 2970 410 3029 εἷς
439 2971 597 3026 αὐτόν
624 2990 638 3041 ;
674 2969 801 3026 ἀλλ’
822 2971 873 3043 ἐξ
902 2970 1038 3044 ὅλης
1066 2980 1165 3043 τῆς
1192 2970 1415 3047 καρδίας
1447 2996 1542 3029 σου
1574 2974 1816 3051 ἐπίστρε-

160 3063 270 3135 ψον
305 3058 392 3116 ἐπὶ
421 3052 513 3115 τὸν
541 3059 739 3137 Κύριον
793 3062 883 3116 καὶ
936 3060 1088 3117 αἰτοῦ
1118 3068 1243 3137 παρ’
1271 3062 1436 3117 αὐτοῦ
1467 3054 1818 3134 ἀδιστάκτως,

159 3149 253 3205 καὶ
289 3149 517 3225 γνώσεις
544 3150 642 3218 τὴν
703 3147 922 3217 πολλὴν
968 3149 1136 3205 αὐτοῦ
1179 3148 1597 3227 εύσπλαγχνίαν,
1630 3150 1712 3207 ὅτι
1758 3152 1819 3207 ού

2000 2615 2275 2672 Tollamus
2303 2631 2429 2684 ergo
2458 2632 2492 2669 a
2540 2614 2695 2670 nobis
2743 2614 3138 2670 dubitationem
3165 2620 3216 2671 et
3258 2616 3567 2688 pusillani-

1926 2707 2193 2774 mitatem,
2229 2708 2279 2760 et
2306 2700 2459 2759 nihil
2486 2704 2712 2760 omnino
2737 2703 3050 2759 dubitemus
3075 2711 3259 2776 petere
3288 2705 3502 2777 aliquid
3531 2722 3569 2763 a

1927 2794 2055 2860 Deo,
2098 2791 2340 2848 dicentes
2388 2793 2535 2847 intra
2582 2806 2681 2847 nos
2716 2807 2728 2846 :
2781 2791 3053 2859 Quomodo
3093 2798 3315 2863 possum
3361 2793 3573 2866 attqutd

1929 2886 2105 2955 petere
2134 2898 2167 2936 α
2201 2884 2430 2937 Domino
2476 2887 2525 2936 et
2569 2881 2832 2948 obtinere,
2865 2888 2989 2937 eum
3020 2882 3129 2936 sim
3172 2888 3423 2953 peccator
3448 2886 3575 2939 tan-

1928 2976 2111 3027 torum
2155 2972 2435 3025 malorum
2480 2971 2541 3023 in
2588 2972 2757 3024 eum?
2804 2968 2907 3025 Sed
2954 2984 3023 3023 ea:
3067 2971 3201 3025 totis
3246 2970 3572 3038 prwmdiis

1925 3064 2237 3117 convertere
2284 3059 2355 3113 ad
2400 3060 2713 3124 Dominum,
2744 3066 2937 3129 et‘pele
2981 3058 3050 3111 ab
3078 3072 3143 3113 eo
3188 3060 3309 3113 sine
3344 3060 3576 3116 dubita-

1926 3153 2125 3211 tione;
2173 3156 2229 3203 et
2278 3148 2411 3203 scies
2456 3162 2719 3215 magnam
2762 3148 2880 3215 eius
2926 3148 3384 3218 misericordiam,
3435 3149 3575 3218 quod

161 3239 249 3311 μή
301 3258 362 3292 σε
406 3235 760 3326 ἐγκαταλίπῃ,
786 3236 936 3326 άλλᾶ
975 3239 1038 3295 τὸ
1086 3236 1295 3312 α’ίτημα
1338 3243 1437 3309 τῆς
1486 3244 1671 3316 ψυχῆς
1720 3263 1814 3297 σου

1933 3254 2037 3293 ηοη
2068 3242 2118 3293 te
2164 3235 2457 3307 relinquet,
2489 3234 2586 3290 sed
2626 3235 2944 3306 petitionem
2991 3236 3192 3289 animae
3238 3243 3346 3290 tux
3394 3230 3572 3292 adim-

156 3326 610 3405 πληροφορήσει.
644 3324 753 3381 Ούκ
782 3323 893 3381 ἔστι
918 3326 1021 3403 γὰρ
1053 3329 1081 3382 ὁ
1119 3329 1266 3397 Θεὸς,
1302 3329 1375 3391 ὡς
1409 3329 1459 3383 οἱ
1516 3328 1812 3405 ἄνθρωποι,

1924 3325 2113 3398 plebit.
2146 3325 2261 3380 Non
2285 3332 2364 3379 est
2393 3324 2540 3379 enim
2573 3323 2727 3389 Deus,
2749 3324 2891 3377 sicut
2911 3321 3174 3393 homines,
3192 3332 3455 3380 memores
3483 3325 3572 3380 in-

161 3420 645 3489 μνησικακοῦντες,
702 3413 830 3470 ἀλλ’
885 3414 1045 3478 αὐτὸς
1110 3416 1478 3490 ἆμνησίοιακός
1538 3417 1672 3488 ἐστι,
1727 3419 1818 3474 καὶ

1933 3416 2205 3481 iuriaram
2222 3431 2241 3475 ;
2270 3412 2372 3469 sed
2399 3417 2477 3468 est
2507 3413 2792 3467 immemor
2818 3414 3177 3484 injuriarum,
3208 3419 3259 3467 et
3286 3413 3574 3469 miseretur

155 3502 593 3580 σπλαγχνίζεται
626 3502 714 3558 ἐπὶ
742 3504 839 3571 τήν
872 3503 1095 3574 ποίησιν
1126 3505 1310 3561 αὐτοῦ.
1342 3505 1416 3560 Σὺ
1466 3505 1557 3560 οὖν
1596 3508 1817 3584 καθάρι-

154 3614 258 3648 σον
289 3594 391 3660 τήν
424 3590 641 3667 καρδίαν
672 3613 766 3647 σου
796 3592 901 3647 ἀπὸ
927 3598 1024 3647 τοῦ
1057 3591 1340 3663 διστάζειν,
1366 3594 1453 3650 καὶ
1487 3596 1639 3650 αἰτοῦ
1692 3597 1818 3672 παρ’

155 3681 335 3752 αύτῷ,
369 3680 457 3734 καὶ
499 3679 650 3755 λήψῃ
697 3681 761 3735 τὸ
807 3679 1015 3753 α⁹ίτημά
1065 3696 1179 3739 σου.
1226 3684 1386 3737 Ἐτεᾶν
1430 3680 1487 3738 δὲ
1535 3681 1819 3753 διστάζεις,

157 3769 225 3825 οὗ
520 3770 581 3822 Οἱ
644 3769 747 3845 γὰρ
816 3766 1153 3839 διστάζοντες
1202 3770 1278 3833 εἰς
1325 3772 1415 3826 τὸν
1462 3772 1611 3840 Θεὸν,
1667 3772 1817 3827 οὗτοί

160 3857 301 3913 εἶσιν
329 3857 383 3912 o't
415 3855 658 3933 δίψυχοι,
701 3858 791 3912 καὶ
843 3857 993 3913 οὐδὲν
1049 3858 1197 3922 ὅλως
1248 3860 1664 3937 ἐπιτυγχάνουσι
1707 3864 1815 3915 τῶν

160 3942 491 4018 αῖτὴμάτων
524 3940 722 4002 αὐτῶν.
764 3948 825 4000 Οἱ
860 3944 916 4001 δὲ
948 3945 1223 4011 ὁλοτελεῖς
1255 3944 1403 4011 ὅντες
1436 3949 1486 4003 ἐν
1518 3953 1585 4023 τῇ
1619 3949 1816 4021 πίστει,

155 4028 345 4090 πάντα
404 4030 697 4105 αἰτοῦνται,
746 4036 1069 4098 πεποιθότες
1133 4030 1223 4090 ἐπῖ
1292 4036 1383 4092 τὸν
1450 4032 1669 4114 Κύριον,
1727 4038 1816 4092 καὶ

158 4117 568 4196 λαμϐάνουσιν,
600 4122 682 4177 ὅτι
733 4120 1063 4185 ἀδιστάκτως
1110 4124 1404 4181 αἰτοῦνται.
1454 4126 1573 4185 Ἐὰν
1626 4124 1685 4181 δὲ
1727 4126 1816 4181 καὶ

162 4209 507 4289 βραδύτερον
533 4206 851 4285 λαμϐάνεις,
887 4214 961 4286 μή
996 4210 1326 4290 διψυχήσῃς,
1359 4213 1440 4269 ὅτι
1474 4213 1573 4268 οὐκ
1628 4202 1817 4276 ἔλαϐες

154 4299 314 4376 ταχὺ
343 4300 407 4354 τὸ
438 4296 645 4372 αἵτημα
669 4306 769 4369 τῆς
801 4302 983 4375 ψυχῆς
1010 4314 1127 4358 σου.
1163 4303 1385 4364 Πάντως
1412 4303 1513 4379 γὰρ
1562 4294 1653 4358 διὰ
1696 4320 1815 4357 πει-

168 4387 391 4465 ρασμόν
421 4407 560 4457 τινα,
604 4388 639 4457 ἢ
692 4384 1039 4465 παράπτωμά
1081 4410 1157 4462 τι,
1189 4388 1217 4445 δ
1248 4391 1311 4445 σὺ
1357 4390 1593 4466 ἀγνοεῖς,
1627 4389 1818 4466 βραδύ-

154 4496 330 4553 τερον
364 4471 687 4549 λαμϐάνεις.
718 4476 794 4531 Σὺ
833 4475 924 4531 οὖν
960 4479 1039 4551 μή
1086 4475 1341 4553 διαλίπῃς
1388 4479 1709 4553 αἰτούμενος
1754 4480 1816 4535 τὸ

154 4564 510 4640 α’ίτηματῆς
542 4567 727 4640 ψυχῆς
772 4586 894 4636 σου,
926 4566 1015 4620 καὶ
1060 4563 1211 4641 λήψῃ
1258 4566 1406 4622 αύτό.
1459 4567 1583 4623 Ἐὰν
1632 4566 1690 4623 δὲ
1734 4567 1817 4623 ἐκ·

151 4655 430 4724 κακήσεις
475 4651 819 4725 αἰτούμενος,
849 4655 1065 4709 σεαυτὸν
1116 4654 1297 4726 αἰτιῶ,
1326 4656 1416 4710 καὶ
1468 4656 1544 4730 μὴ
1592 4656 1683 4711 τὸν
1736 4654 1820 4712 δι-

156 4740 341 4798 δόντα
388 4740 495 4798 σοί.
534 4742 596 4797 Ἡ
630 4740 732 4815 γὰρ
786 4737 1015 4819 διψυχία
1066 4742 1306 4818 θυγάτηρ
1356 4743 1466 4801 ἐστὶ
1502 4749 1599 4800 τοῦ
1646 4740 1826 4800 διαϐό-

165 4830 311 4903 λου,
341 4828 432 4884 καὶ
464 4828 583 4885 λίαν
612 4828 965 4906 πονηρεύεται
998 4829 1074 4893 εἷς
1102 4830 1230 4895 τοὺς
1263 4829 1492 4897 δούλους
1518 4838 1617 4889 τοῦ
1670 4838 1822 4891 Θεοῦ.

155 4920 246 4976 Σὺ
282 4916 379 4976 οὖν
411 4913 750 4988 ἔνδυσαι,τήν
784 4916 969 4975 πίστιν
997 4920 1095 4989 τήν
1131 4919 1379 4997 ἰσχυράν.

1924 3503 2168 3575 ﬁgmenti
2210 3504 2317 3557 sui.
2353 3500 2492 3571 Ergo
2536 3502 2774 3573 puriﬁca
2816 3516 2910 3556 cor
2940 3506 3101 3555 tuum
3124 3518 3161 3556 a
3207 3501 3569 3569 dubitatione,

1926 3602 1979 3647 et
2002 3601 2123 3663 pete
2151 3592 2220 3647 ab
2254 3606 2335 3657 eo,
2360 3597 2413 3645 et
2440 3588 2674 3660 accipies
2700 3591 3015 3661 petitionem
3039 3595 3207 3644 tuam.
3230 3593 3369 3646 Cum
3392 3598 3573 3646 autem

1927 3681 2278 3749 dubitaveris,
2312 3695 2422 3735 non
2452 3680 2712 3749 accipies.
2749 3679 2855 3746 Qui
2882 3680 3030 3733 enim
3075 3678 3326 3734 dubitant
3353 3679 3417 3735 de
3442 3681 3572 3748 Deo,

1926 3771 1985 3824 hi
2014 3774 2139 3824 sunt
2168 3769 2342 3834 dubii,
2374 3772 2426 3823 et
2451 3770 2673 3823 omnino
2717 3768 2862 3821 nihil
2893 3768 3189 3837 impetrant
3231 3783 3419 3823 eorum
3448 3782 3576 3838 qua

1925 3864 2134 3930 petunt.
2170 3860 2309 3913 Nam
2338 3859 2439 3929 qui
2460 3857 2617 3928 pleni
2655 3860 2785 3911 sunt
2812 3856 2939 3925 ﬁde,
2972 3871 3159 3912 omnia
3182 3861 3376 3926 petunt
3402 3856 3574 3927 ﬁden-

1926 3951 2003 4003 tes
2045 3949 2305 4013 Domino,
2331 3956 2384 4001 et
2435 3945 2736 4014 accipiunt,
2766 3946 2899 4015 quia
2944 3945 3066 4000 sine
3111 3944 3454 4000 dubitatione
3480 3960 3575 4015 pe-

1928 4040 2069 4091 tunt.
2100 4036 2207 4091 Sed
2234 4037 2284 4090 si
2311 4034 2531 4090 tardius
2569 4034 2823 4105 accipias,
2854 4033 2971 4088 noli
2997 4033 3268 4099 dubitare,
3299 4033 3429 4104 quia
3464 4045 3576 4090 non

1925 4127 2029 4181 cito
2056 4126 2329 4195 acceperis
2368 4125 2686 4195 petitionem
2732 4123 2939 4177 animte
2987 4129 3120 4178 tuae.
3153 4122 3385 4178 Omnino
3426 4123 3577 4177 enim

1924 4209 2142 4285 prapter
2171 4206 2549 4279 tentatioizem,
2580 4218 2680 4266 aut
2695 4226 2799 4282 pro
2824 4213 3059 4281 peccato,
3082 4208 3222 4281 quod
3239 4213 3300 4299 tu
3328 4211 3573 4299 ignoras,

1928 4303 2138 4358 tardius
2168 4301 2393 4372 accipis.
2425 4300 2524 4356 Sed
2555 4308 2615 4354 tu
2644 4300 2765 4354 noli
2807 4299 3054 4354 desinere
3096 4297 3327 4370 petendo
3346 4297 3574 4370 petitio;

1924 4408 2051 4447 nem
2080 4391 2291 4447 animse
2320 4396 2450 4455 tuae,
2483 4396 2537 4444 et
2564 4388 2815 4459 accipies.
2861 4387 2921 4442 Si
2948 4404 3021 4441 au
3033 4394 3136 4442 lem
3162 4389 3456 4444 cessaveris
3479 4396 3576 4460 pe-

1928 4480 2109 4545 tendo,
2139 4468 2205 4533 de
2236 4487 2286 4533 te
2321 4470 2595 4549 queraris,
2625 4492 2737 4531 non
2764 4476 2828 4530 de
2854 4491 2913 4531 eo
2939 4476 3039 4546 Qui
3084 4480 3193 4532 non
3222 4475 3431 4532 dederit
3453 4477 3570 4532 tibi.

1926 4570 2139 4624 Etenim
2183 4566 2455 4622 dubitatio
2485 4564 2613 4634 ﬁlia
2650 4568 2729 4620 est
2775 4554 3001 4631 diaboli,
3035 4567 3089 4620 et
3133 4564 3289 4621 valde
3325 4566 3577 4636 nequiter

1931 4660 2046 4729 agit
2069 4664 2192 4712 cum
2244 4657 2413 4711 servis
2440 4654 2556 4709 Dei.
2588 4654 2666 4708 Tu
2692 4668 2821 4723 ergo
2868 4652 3037 4710 indue
3063 4653 3285 4723 ﬁrmam
3328 4654 3499 4724 ﬁdem
3526 4657 3578 4711 et

1929 4748 2226 4819 potentem.

1351 5076 1596 5143 VARLE
1634 5085 2024 5145 LECTIONES
2062 5082 2154 5137 ET
2192 5080 2421 5137 NOTIE.

263 5207 366 5279 50)
397 5207 598 5264 Lamb.
630 5210 901 5266 deserere.

237 5210 376 5352 E51)
405 5278 631 5336 Laudat
657 5282 815 5337 hunc
862 5281 901 5336 1(

268 5280 376 5351 51)
405 5278 631 5336 Laudat
657 5282 815 5337 hunc
862 5281 1055 5337 locum
1106 5281 1461 5339 Athanasius
1508 5282 1605 5338 lib.
1641 5283 1713 5340 De
1741 5283 1832 5340 de-

150 5352 358 5426 cretis
381 5352 498 5426 IYic.
530 5368 651 5426 εμπ.
687 5368 849 5426 num.
884 5354 937 5424 4,
968 5358 1113 5409 tom.
1147 5354 1189 5422 Ι,
1218 5369 1349 5426 pag.
1371 5355 1498 5423 211,
1528 5354 1665 5410 edit.
1697 5360 1827 5410 B.B.

236 5421 365 5497 (ξξ)
394 5421 596 5497 Lamb.
630 5424 704 5479 ad
730 5421 928 5479 servos.

238 5492 368 5563 (53)
394 5493 598 5569 Lamb.
634 5498 744 5551 sibi
763 5496 1009 5551 omnium
1032 5497 1329 5567 impetrare
1353 5512 1581 5569 operum
1607 5513 1834 5553 suorum

151 5569 498 5709 θυὲὕθίίὲ.
549 5634 698 5693 Vict.
750 5639 896 5709 servi
943 5639 1209 5707 virtutem
1254 5638 1478 5709 habenti
1528 5636 1674 5709 ﬁdei.
1723 5639 1830 5694 Sed

152 5702 290 5768 mé.
326 5702 515 5764 Carm.
555 5724 711 5764 serva
756 5708 927 5778 ﬁdem
971 5702 1259 5767 habentem
1304 5702 1587 5767 virtutem.-
1618 5710 1821 5767 Lamb.

466 5836 741 5899 PATROL.‘
779 5835 890 5900 Gn.
936 5834 1015 5897 Il.

1942 5213 2162 5276 autem,
2193 5226 2351 5265 serva
2376 5210 2631 5263 virtutem
2660 5206 2865 5264 habita?
2892 5204 3041 5277 ﬁdei.

2014 5280 2125 5353 (55)
2148 5273 2335 5353 Vetus
2366 5280 2649 5350 interpres
2678 5273 2904 5353 videtur
2930 5277 3141 5350 legisse
3171 5273 3229 5353 oi__
3252 5276 3417 5330 ταῦτα
3445 5290 3577 5353 φρο-

1939 5348 2215 5422 νήσαντεςο
2267 5352 2326 5424 Si
2372 5348 2538 5424 vera'
2564 5355 2654 5424 est
2701 5349 2868 5405 lectio
2922 5348 3577 5424 καταφρονήσαντεςίίῑι-

1938 5416 2132 5494 tellige
2158 5428 2259 5504 τῆς
2289 5418 2569 5504 διιὶυχίας,
2612 5421 2689 5504 de
2718 5436 2834 5504 qu'a
2872 5416 3278 5504 paulo'ante}
3306 5416 3582 5504 auctiﬁc—

1939 5435 2132 5494 telllge
2158 5435 2259 5490 τῆς
2289 5435 2569 5504 οιιὲυχιας,
2618 5435 2689 5475 ae
2718 5436 2834 5491 qua
2920 5435 3052 5475 aulo
3100 5435 3233 5475 ante
3250 5436 3278 5502 οῖ
3306 5435 3578 5545 ματἭρο-

1939 5514 2101 5564 νησον
2134 5491 2223 5547 οὖν
2250 5491 2415 5559 αύτης
2458 5494 2578 5564 [της
2608 5435 2919 5564 διψυχίαςῖ
2964 5492 3047 5545 Ita
3097 5490 3412 5564 Fabrlclusr
3482 5492 3578 5547 ibt.

1944 5563 2030 5622 Gr.
2064 5566 2176 5620 vol.
2209 5565 2276 5629 V,
2310 5581 2441 5636 pag.
2467 5563 2556 5619 18.
2592 5563 2864 5636 Quamin
2897 5563 3242 5636 sententiam
3276 5563 3583 5636 prasiverat

1941 5638 2022 5693 Cl.
2054 5630 2495 5692 Montfauconus
2531 5651 2544 5689 :
2578 5634 2661 5690 sic
2711 5633 2868 5705 enim
2917 5630 3088 5705 vertit
3119 5649 3133 5688 :
3164 5633 3231 5688 Et
3272 5630 3385 5692 Deo
3412 5635 3579 5705 vives,

1939 5714 2102 5780 atque
2130 5722 2316 5765 omnes
2345 5708 2445 5779 qui
2473 5704 2942 5782 [dubitationem]
2969 5707 3410 5779 contempserint.

3226 5830 3305 5895 30
