2018 3178
1025 174 1058 203 S.
1084 171 1233 203 HERMIE

991 252 1196 280 MANDATUM
1216 252 1248 279 X.

602 302 639 329 De
653 303 741 329 animi
756 303 880 336 tristitia,
904 303 928 330 et
942 310 997 329 non
1011 302 1197 329 contristando
1210 302 1318 337 Spiritu
1333 304 1386 330 Dei
1399 303 1447 339 qui
1461 304 1491 330 in
1505 304 1584 331 nobis
1597 309 1646 332 est.

974 368 1088 397 CAPUT
1109 368 1260 396 PRIMUM.

1183 427 1241 463 (56)
1269 426 1350 464 Ἀρον
1377 426 1430 454 ἀπὸ
1458 429 1506 454 σοῦ
1534 429 1583 463 τὴν
1613 427 1716 464 λύπην·
1738 430 1783 456 καὶ
1819 431 1872 468 γὰρ
1905 430 1966 466 αὕτη

1150 469 1251 509 ἀδελφή
1270 470 1324 497 ἐστι
1340 473 1387 505 τῆς
1403 470 1532 510 διψυχίας
1557 472 1602 500 καὶ
1629 477 1680 509 τῆς
1709 474 1868 512 ὀξυχολίας.
1898 479 1968 509 Πῶς,

1149 514 1235 553 κύριε,
1266 514 1370 553 ἀδελφή
1396 516 1466 543 ἐστιν
1491 516 1594 552 αὖτῆς;
1621 517 1710 545 ’Δλλο
1734 519 1785 556 γάρ
1819 530 1868 555 μοι
1900 518 1970 547 δοκεῖ

1151 558 1293 596 ὀξυχολία,
1309 560 1353 586 καὶ
1370 558 1439 587 ἄλλο
1457 558 1580 598 διψυχία,
1596 561 1640 588 καὶ
1656 561 1726 589 ἄλλο
1742 561 1828 598 λύπη.
1845 562 1969 601 Λέγει“...

1150 602 1194 631 διὰ
1220 604 1247 631 τί
1262 604 1292 631 οὐ
1306 607 1376 635 νοεῖς
1389 604 1423 632 τὰ
1438 604 1573 643 λεγόμενά
1585 615 1646 641 σοις
1665 629 1672 635 .
1690 628 1697 635 .
1715 628 1721 634 .
1740 629 1747 635 .
1764 607 1795 635 οὐ
1810 611 1882 640 νοεῖς
1900 608 1970 643 ὅτιὴ

1149 647 1223 683 λύπη
1239 649 1346 676 πάντων
1361 651 1414 676 τῶν
1430 651 1523 681 παθῶν
1537 651 1709 689 πονηροτέρα
1724 651 1805 688 ἐστὶν,
1821 652 1867 680 καὶ
1886 652 1970 681 δεινο-

276 170 334 202 939

305 429 401 463 Longe
424 427 468 455 fac
493 429 551 455 ate
576 436 692 455 omnem
716 427 865 455 tristitiam
883 436 890 455 :
906 427 1014 455 etenim
1030 427 1090 454 hac
1105 427 1133 460 Α

270 479 352 500 soror
379 473 423 500 est
451 472 650 506 dubitationis,
681 474 709 500 et
731 472 898 500 iracundiae.
934 472 1094 506 Quomodo,

269 515 402 552 inquam,
418 516 544 552 domine,
561 525 643 545 soror
656 519 700 544 est
714 517 819 544 harum
831 516 845 543 ‘I
861 516 946 544 Aliud
963 516 1034 544 mihi
1052 517 1095 544 vi-

270 561 354 589 detur
368 560 498 595 tristitia,
516 560 595 588 aliud
620 561 773 588 dubitatio.
788 562 823 588 Et
838 561 879 588 ait
895 570 902 588 :
918 560 986 588 sine
1006 569 1094 588 sensu

268 613 327 633 non
352 604 502 641 intelligis.
523 605 654 633 Tristitia
677 605 754 632 enim
778 605 910 633 omnium
937 605 1094 641 spirituum

269 649 470 686 nequissimus
498 652 552 685 est,
568 652 597 678 et
622 650 770 686 pessimus
785 649 841 685 (57)
866 649 956 677 servis
978 649 1049 684 Dei;
1066 651 1095 677 et

269 694 401 722 omnium
427 694 549 730 spiritus
574 694 758 729 exterminat,
776 696 804 721 et
827 694 937 721 cruciat
959 694 1015 730 (58)
1030 693 1080 729 Spi

1151 693 1217 727 τάτη
1232 695 1289 723 τοῖς
1305 691 1416 724 δούλοις
1430 696 1479 720 τοῦ
1495 696 1572 728 Θεοῦ,
1587 694 1631 722 καὶ
1647 695 1720 733 παρὰ
1731 696 1819 724 πάντα
1837 697 1871 725 τὰ
1895 698 1971 726 πνεύ-

267 737 357 766 ritum
381 742 515 766 sanctum
530 747 536 772 ;
554 740 582 766 et
596 738 702 766 iterum
730 737 842 766 salvum
870 738 948 766 facit.
965 740 1033 774 Ego,
1051 738 1079 765 in

1152 747 1221 773 ματα
1237 737 1407 775 καταφθείρει
1421 738 1465 765 τὸν
1482 737 1623 775 ἄνθρωπον
1638 749 1645 774 ;
1763 736 1767 740 ”

271 791 370 818 quam,
386 782 513 818 domine,
530 783 671 818 insipiens
687 791 763 816 sum,
781 785 879 810 etnon
895 782 1026 818 intelligo
1051 783 1227 817 quaestiones
1250 783 1321 810 istas
1339 791 1346 810 :
1363 791 1419 818 quo
1436 783 1521 811 modo
1545 784 1639 820 possit
1654 785 1796 819 cruciare,
1811 789 1841 815 et
1863 787 1969 816 iterum

270 826 383 856 salvum
399 827 500 861 facere,
516 836 573 855 non
598 827 738 864 intelligo.
754 827 840 862 Audi,
866 826 971 863 inquit,
988 828 1016 854 et
1040 826 1180 863 intelligo.
1206 826 1239 854 Hi
1255 827 1305 862 qui
1328 827 1384 863 (59)
1409 835 1560 863 nunquam
1583 829 1969 867 exquisieruntlveritatem,

268 879 363 908 neque
377 872 574 907 inquisierunt
589 872 624 899 de
640 872 802 907 majestate,
819 871 868 899 sed
884 873 998 899 tantum
1022 871 1218 904 crediderunt,
1235 873 1304 899 sunt
1327 871 1384 907 (60)
1400 871 1521 900 involuti
1546 872 1576 900 in
1605 866 1729 910 negotiis
1742 875 1800 911 (61)
1815 866 1969 904 hominum

268 916 462 944 ethnicorum.
478 916 513 944 Et
527 916 601 944 alius
615 916 739 943 mendax
754 915 911 951 prophetes
925 918 978 950 est,
996 915 1046 951 qui
1061 915 1156 951 perdit
1171 924 1275 947 sensus
1290 924 1438 943 servorum
1456 917 1516 951 Dei,
1531 917 1688 946 dubiorum
1704 921 1813 954 autem,
1829 928 1891 948 non
1907 920 1971 949 illo-

267 969 334 990 rum
350 961 399 997 qui
415 961 510 988 ﬁdunt
525 960 554 988 in
569 960 692 988 Domino
709 960 802 996 plene.
821 960 865 987 Illi
878 968 945 996 ergo
962 960 1043 987 dubii
1063 960 1146 995 quasi
1163 961 1199 987 ad
1224 960 1353 988 divinum
1369 960 1510 996 Spiritum
1534 962 1666 998 veniunt,
1683 965 1712 991 et
1735 963 1921 1001 interrogant
1935 965 1969 993 il-

264 1005 339 1040 lum,
355 1006 425 1041 quid
441 1005 499 1033 illis
514 1005 646 1034 futurum
663 1006 711 1033 sit.
728 1006 763 1032 Et
777 1005 827 1032 ille
842 1005 966 1032 mendax
983 1004 1148 1040 prophetes,
1162 1004 1274 1031 nullam
1285 1004 1396 1041 habens
1412 1005 1442 1032 in
1455 1014 1486 1033 se
1497 1006 1640 1041 virtutem
1650 1007 1779 1043 Spiritus
1794 1009 1890 1037 divini
1907 1010 1969 1045 (62),

264 1050 394 1086 loquitur
408 1049 467 1077 illis
483 1050 646 1078 secundum
662 1049 919 1085 interrogationem
937 1048 1066 1084 illorum,
1082 1050 1111 1076 et
1127 1048 1229 1085 implet
1243 1049 1357 1077 animas
1382 1049 1498 1077 illorum
1519 1051 1683 1086 promissis,
1701 1052 1779 1080 sicut
1794 1053 1838 1080 illi
1853 1054 1965 1082 volunt.

264 1094 317 1122 me
332 1096 429 1122 autem
443 1094 597 1131 prophetes
614 1094 708 1122 inanis
725 1095 780 1128 est,
793 1096 821 1122 et
836 1093 934 1121 inania
949 1093 1106 1129 respondet
1120 1093 1266 1121 inanibus.
1280 1093 1426 1129 Quidquid
1442 1094 1519 1122 enim
1535 1094 1731 1132 interrogatur
1742 1105 1759 1124 a
1772 1097 1857 1126 vanis
1873 1098 1968 1127 homi‘

263 1139 362 1174 nibus,
376 1147 452 1167 vana
467 1139 623 1174 respondet
636 1138 705 1166 illis.
723 1138 859 1170 Quaedam
875 1139 973 1165 autem
988 1137 1077 1165 verba
1088 1146 1156 1166 vera
1170 1137 1310 1173 loquitur.
1327 1137 1466 1166 Diabolus
1484 1139 1563 1167 enim
1578 1139 1681 1176 implet
1695 1141 1751 1178 (63)
1774 1149 1844 1170 eum
1859 1143 1967 1179 spiritu

265 1191 330 1218 suo,
344 1184 377 1211 ut
392 1183 509 1219 dejiciat
522 1182 650 1219 aliquem
665 1190 700 1210 ex
710 1182 801 1218 justis
817 1182 884 1218 (64).

1025 1243 1141 1272 CAPUT
1160 1244 1196 1272 II.

302 1307 473 1343 Quicunque
487 1315 555 1343 ergo
570 1307 658 1335 fortes
674 1308 743 1334 sunt
758 1307 787 1334 in
803 1306 859 1334 ﬁde
875 1305 999 1341 Domini,
1015 1308 1043 1333 et
1066 1306 1162 1334 induti
1178 1308 1248 1333 sunt
1261 1306 1425 1340 veritatem,
1441 1306 1550 1335 talibus
1566 1307 1718 1343 spiritibus
1733 1318 1791 1338 non
1803 1311 1955 1348 juguntnr

267 1352 318 1381 sed
333 1352 487 1380 discedunt
500 1352 536 1379 ab
551 1351 620 1379 illis.
636 1353 782 1387 Quotquot
796 1352 893 1378 autem
908 1350 990 1378 dubii
1013 1352 1093 1383 sunt,
1109 1352 1138 1378 et
1152 1350 1277 1378 subinde
1299 1350 1501 1386 paenitentiam
1525 1355 1626 1387 agunt,
1642 1343 1968 1392 consulunt—tanquam.

270 1396 389 1429 ethnici,
405 1398 434 1424 et
447 1404 639 1432 permagnum
655 1395 711 1423 sibi
727 1397 877 1431 peccatum
893 1397 1054 1430 congerunt
1068 1395 1135 1430 (65),
1152 1394 1238 1422 idolis
1257 1394 1425 1423 servientes.
1443 1395 1614 1432 Quicunque
1637 1405 1705 1434 ergo
1720 1399 1794 1427 tales
1818 1403 1905 1434 sunt,
1919 1401 1965 1428 in-

268 1442 418 1477 terrogant
431 1449 483 1477 pro
499 1440 614 1476 negotio
630 1439 769 1476 quolibet,
785 1439 943 1467 simulacra
958 1439 1068 1475 colunt,
1083 1441 1112 1466 et
1125 1438 1208 1467 stulti
1223 1441 1301 1473 sunt,
1319 1441 1347 1467 et
1362 1439 1464 1467 inanes
1476 1448 1493 1468 a
1514 1440 1644 1469 veritate.
1661 1442 1763 1470 Omnis
1777 1444 1858 1471 enim
1875 1445 1962 1481 spiri-

266 1487 317 1513 tus
332 1494 349 1513 a
363 1485 420 1513 Deo
435 1486 522 1513 datus
536 1493 593 1512 non
607 1484 820 1520 interrogatur;
834 1484 885 1511 sed
901 1484 1012 1511 habens
1033 1483 1169 1511 virtutem
1192 1483 1248 1519 (66)
1264 1483 1434 1517 divinitatis,
1451 1492 1467 1511 a
1482 1493 1513 1512 se
1537 1485 1636 1513 omnia
1657 1485 1808 1522 loquitur;
1824 1489 1897 1524 quia
1912 1489 1964 1517 de-

266 1538 385 1558 sursum
399 1531 443 1558 est
456 1538 473 1558 a
486 1529 595 1557 virtute
620 1528 710 1556 divini
732 1528 867 1563 Spiritus.
884 1528 937 1560 Qui
961 1530 1059 1555 autem
1080 1527 1287 1563 interrogatus,
1303 1527 1434 1564 loquitur
1455 1530 1618 1557 secundum
1642 1530 1832 1568 desiderium,
1848 1535 1880 1560 et
1899 1533 1964 1561 aliis

264 1573 321 1610 (67)
337 1574 437 1602 multis
451 1574 539 1602 rebus
553 1574 643 1609 hujus
667 1573 774 1600 saeculi.
800 1572 991 1608 Hujusmodi.
1008 1572 1064 1608 (68)
1089 1580 1147 1600 non
1173 1571 1342 1608 intelligunt
1365 1573 1540 1608 qumstiones
1563 1574 1743 1609 divinitatis;
1767 1576 1966 1605 obscurantur

263 1619 341 1646 enim
357 1619 412 1655 (69)
427 1618 464 1647 iis
478 1618 611 1655 negotiis,
627 1619 656 1646 et
671 1619 940 1653 corrumpuntur,et
954 1616 1187 1652 confringantur.
1200 1616 1281 1644 Sicut
1293 1617 1367 1644 vites
1381 1617 1462 1644 bona:
1477 1626 1540 1653 quae
1556 1617 1754 1654 negliguntur,
1766 1620 1803 1648 ab
1819 1621 1923 1650 herbis
1937 1624 1964 1649 et

263 1663 357 1699 spinis
371 1665 545 1699 premuntur
558 1665 587 1691 et
601 1664 742 1690 necantur
756 1661 811 1697 (70)
826 1669 833 1689 :
850 1661 892 1689 sic
907 1663 935 1689 et
950 1661 1082 1689 homines
1097 1661 1147 1697 qui
1162 1660 1270 1689 talibus
1285 1661 1481 1695 crediderunt,
1494 1662 1514 1689 ii
1530 1662 1654 1698 negotiis
1664 1665 1692 1691 et
1706 1664 1874 1694 actionibus
1889 1666 1966 1693 mul-

261 1707 301 1736 tis
317 1707 493 1742 inciderunt,
509 1709 537 1735 et
550 1708 730 1735 evacuantur
743 1705 799 1742 (71)
819 1714 836 1734 a
849 1713 938 1734 sensu
962 1714 1025 1740 suo,
1042 1708 1070 1733 et
1094 1705 1166 1733 nihil
1190 1706 1308 1733 omnino
1332 1705 1507 1741 intelligunt,
1523 1706 1559 1734 de
1581 1706 1690 1735 divitiis
1713 1709 1878 1745 cogitantes
1893 1711 1963 1747 (7'2).

263 1751 319 1779 Sed
335 1751 360 1780 si
375 1752 491 1788 quando
506 1751 651 1779 audierint
664 1751 700 1778 de
715 1750 845 1783 Domino,
862 1758 966 1778 sensus
981 1758 1082 1778 eorum
1097 1749 1127 1777 in
1144 1749 1267 1786 negotiis
1281 1749 1412 1786 ipsorum
1428 1752 1481 1778 est.

297 1808 351 1841 Qui
367 1811 463 1837 autem
480 1809 614 1837 timorem
629 1808 745 1836 Domini
769 1807 887 1843 habent,
903 1809 932 1835 et
946 1809 1080 1835 scrutan-

1169 1807 1226 1843 (73)
1254 1807 1285 1833 Οἱ
1310 1805 1338 1834 δὲ
1366 1805 1449 1845 φόϐον
1477 1805 1586 1846 ἔχοντες
1614 1810 1691 1843 Θεοῦ,
1718 1809 1762 1837 καὶ
1796 1810 1962 1849 ἐρευνῶντες

261 1854 311 1880 tur
326 1853 361 1881 de
376 1853 434 1881 Deo
447 1853 608 1886 veritatem,
621 1852 823 1889 cogitationem
840 1860 956 1879 omnem
972 1851 1081 1879 habent

1151 1851 1196 1889 τερὶ
1223 1853 1289 1878 Θεοῦ
1317 1850 1403 1889 ἔργων
1433 1852 1478 1879 καὶ
1514 1851 1652 1888 ἀληθείας,
1676 1853 1720 1881 καὶ
1757 1856 1808 1889 τὴν
1844 1855 1962 1894 aeq-latro

262 1897 298 1925 ad
313 1897 481 1926 Dominum.
497 1896 601 1925 Omnia
611 1905 674 1932 quae
690 1896 826 1924 dicuntur
840 1895 893 1930 eis,
904 1895 1080 1931 percipiunt,

1151 1905 1243 1933 χοντες
1260 1895 1327 1933 πρὸς
1348 1895 1459 1933 Κύριον,
1476 1896 1562 1924 πάντᾶ
1585 1898 1618 1925 τὰ
1641 1897 1772 1936 λεγόμενα
1797 1893 1893 1931 αὖτοῖξ
1917 1902 1964 1929 ti-

1134 1949 1195 1977 χιον
1212 1942 1304 1967 νοοῦσι
1317 1940 1363 1968 καὶ
1378 1943 1522 1977 συνιοῦσιν,
1540 1940 1617 1971 ὅτι...
1636 1942 1682 1969 τὸν
1705 1940 1789 1981 φόϐον
1811 1947 1862 1971 τοῦ
1886 1945 1963 1974 θεοῦ

260 1943 289 1969 et
303 1942 402 1970 statim
417 1942 586 1978 intelligunt
598 1941 665 1977 (74),
677 1940 747 1977 quia
761 1940 869 1968 habent
879 1940 1013 1968 timorem
1023 1942 1079 1967 Do-

1134 1980 1243 2022 ἕχουσιν
1269 1984 1294 2011 ἐν
1324 1985 1439 2016 ἑαυτοῖς.
1460 1986 1545 2013 Ὅπου
1569 1985 1621 2024 γὰρ
1649 1986 1663 2013 ὁ
1694 1980 1793 2025 Κύριος
1822 1993 1964 2026 κατοικεῖ,

259 1984 332 2013 mini
347 1985 377 2014 in
393 1994 434 2015 se.
450 1986 504 2015 Ubi
519 1986 597 2014 enim
613 1985 740 2021 Spiritus
764 1983 879 2012 Domini
894 1984 949 2020 (75)
964 1984 1077 2012 inhabi-

831 2056 951 2085 VARIIE
971 2055 1167 2085 LECTIONES
1186 2055 1232 2083 ET
1252 2056 1367 2085 NOTIE.

292 2118 348 2154 (56)
361 2118 403 2157 Ex
425 2119 513 2157 Dat-tr.
598 2116 828 2157 Antiophxnum.
853 2115 897 2156 ll,
925 2122 992 2157 pag.
1011 2114 1074 2156 257.
1238 2114 1319 2157 bodi:
1336 2117 1364 2143 et
1378 2115 1566 2157 Lambini.»

292 2123 348 2154 (56)
363 2123 403 2145 Ex
425 2123 513 2146 Doctr.
539 2123 576 2144 aa
598 2123 722 2144 Antioch.
747 2123 828 2142 num.
853 2123 897 2156 '11,
925 2123 992 2177 pag.
1011 2123 1074 2156 κοί.
1176 2123 1222 2150 οιι)
1238 2123 1319 2142 noni.
1336 2123 1364 2143 et
1378 2123 1479 2143 Lamo.
1496 2124 1502 2143 1

256 2154 308 2193 Hic
320 2153 451 2193 ordinem
467 2152 584 2193 invertit
594 2150 909 2193 pseudo-Athanasius.
939 2159 985 2193 per
996 2158 1074 2178 enim
1235 2150 1335 2193 'Lamb.
1348 2151 1502 2193 con[_er_unt.

255 2192 300 2217 est
312 2189 483 2217 mandatum
500 2186 698 2220 undecimum,
712 2186 789 2222 quod
804 2186 834 2213 in
858 2186 950 2222 veteri
962 2186 1073 2214 Hermas
1163 2186 1220 2222 (66)
1234 2186 1334 2222 Lamb.
1350 2186 1501 2214 veritatem.

253 2225 386 2253 versione
408 2227 453 2253 est
475 2224 632 2252 decimum.
650 2223 680 2250 1d
707 2221 764 2250 non
781 2221 906 2250 advertit
928 2221 964 2249 cl.
980 2223 1072 2250 Mont-
1133 2256 1137 2262 _
1163 2221 1368 2262 (67)”Fortasse
1383 2222 1416 2250 de
1439 2222 1513 2250 aliis.
1531 2222 1627 2250 Fellus
1644 2231 1651 2251 :
1667 2224 1694 2251 et
1716 2223 1749 2252 de
1761 2225 1861 2254 aliis...
1882 2236 1892 2262 ;
1909 2228 1964 2256 hu-

1122 2256 1251 2292 jusmodi.

1162 2292 1216 2330 (68)
1242 2292 1339 2330 Lamb.
1364 2292 1602 2330 et‘Bodlrdeest
1628 2293 1794 2330 huiusmodi.
1820 2296 1967 2327 Pseudo-

1125 2327 1303 2369 Athanasius
1317 2328 1420 2369 _verbi_s_
1441 2327 1686 2369 ‘modo_recitatis_,
1713 2334 1778 2369 post
1807 2330 1964 2369 λεγρμεηά

1126 2372 1178 2406 got,
1196 2364 1254 2406 11335:
1270 2364 1351 2406 add‘it
1367 2373 1373 2391 :
1395 2363 1449 2406 ’Καὶ
1463 2364 1517 2406 γὰρ
1533 2364 1628 2406 ἐκεῖνοι
1652 2363 1812 2406 Div-005cm
1839 2363 1868 2395 ἐξ
1886 2363 1964 2406 ’βάλ-

1125 2397 1218 2428 λοντες
1243 2398 1352 2430 ἑαυτοὺς
1381 2399 1418 2430 εἷς
1443 2397 1477 2426 τᾶί
1502 2397 1625 2435 ’σαρκικὰ
1657 2400 1702 2428 καὶ
1730 2403 1848 2438 κοσμικᾶ
1884 2397 1963 2444 ἐῖρᾶ-

254 2262 458 2332 Τᾶῗὲξῖῐῗὲιηὶ).
476 2296 589 2330 nequior
611 2296 637 2332 et
659 2301 784 2329 pcsstma.
813 2292 910 2332 Greca
932 2293 974 2320 sic
991 2301 998 2320 :
1015 2293 1071 2332 Arz-

252 2329 306 2359 noiz
325 2329 454 2367 intelligis
470 2329 591 2359 omnium
607 2330 753 2391 alimmum
773 2329 922 2364 pessimum
937 2337 994 2355 esse
1009 2329 1071 2356 tris-

252 2369 346 2391 titiam
385 2369 482 2391 nm'mm
505 2367 588 2391 ,ςρνιείε
612 2366 810 2391 rarissimam:
825 2372 887 2391 quae
909 2365 968 2391 nlus
989 2373 1070 2391 auam

252 2369 357 2401 tiliam,
383 2365 482 2403 Deique
505 2367 588 2393 seruis
612 2365 887 2403 durissimamrquae
909 2365 968 2400 plus
989 2373 1070 2403 quam

251 2404 303 2431 alii
317 2412 407 2431 omnes
430 2400 588 2438 [nequitiae]
604 2402 716 2436 Spiritus
741 2400 877 2438 hominem
901 2401 1072 2438 corrumpit?

250 2439 301 2467 Hic
326 2440 399 2466 bene
424 2435 514 2465 multa
537 2435 635 2465 omisit
662 2435 970 2471 pseudo-Athanasius,
1001 2444 1068 2463 nam
1122 2444 1221 2471 γματα.

249 2478 315 2511 post
327 2475 475 2511 ἄνθρωπον,
491 2483 524 2501 ea
540 2473 637 2500 statim
655 2470 827 2511 sequuntur,
841 2473 873 2498 ut
887 2479 954 2499 mox
968 2471 1044 2498 infra
1060 2479 1067 2499 :
1129 2470 1132 2471 ⁷
1230 2470 1330 2511 Lamb.
1347 2478 1446 2511 ex_p_ro
1461 2472 1546 2499 enim.

250 2505 279 2537 ὒὶ
296 2509 323 2537 δὲ
339 2505 422 2546 edem
440 2505 558 2546 ἔχοντες.
575 2518 603 2546 κ.Δ
617 2518 641 2534 τ.
660 2505 705 2534 λ.“
839 2544 844 2546 Δ
868 2543 883 2546 __
916 2542 921 2546 _

1157 2505 1213 2546 (29)
1228 2505 1323 2546 Carm.
1340 2508 1368 2533 et
1383 2505 1458 2534 Vict.
1473 2509 1614 2535 uocentur.

1168 2541 1212 2570 71)
1228 2541 1301 2568 Vict.
1317 2546 1476 2570 evocantur.

704 2551 769 2570 mox
782 2542 979 2570 contribulare.

292 2581 337 2616 59)
356 2582 453 2610 Lamb.
470 2582 552 2609 deest
566 2581 623 2616 qui.

291 2614 337 2646 60)
352 2618 425 2646 Vict.
443 2617 538 2645 Carm.
555 2614 583 2643 et
598 2614 696 2642 Lamb.
713 2617 738 2641 et
752 2617 824 2641 sunt.

279 2649 335 2690 (61)
350 2653 421 2690 Vict.
439 2653 532 2681 Carm.
550 2654 578 2679 et
592 2650 691 2690 Lamb.
707 2649 824 2690 negotiis
837 2651 865 2690 et
876 2649 989 2690 divitiis.

277 2685 334 2723 (62)
349 2689 449 2717 Lamb.
464 2689 611 2716 veritatem
624 2687 655 2723 in
668 2694 697 2713 se
710 2686 812 2720 spiritu
832 2685 937 2723 divino.
953 2685 1062 2723 Lauda-

242 2720 291 2752 tur
305 2720 352 2752 hic
369 2725 449 2752 locus
465 2733 481 2752 a
508 2724 596 2761 Clem.
615 2721 700 2761 Αιθξι
717 2723 818 2761 Στρωμ
830 2720 921 2761 lib-31,
938 2729 1000 2761 cap.
1018 2721 1061 2753 17,

241 2768 307 2796 pag.
325 2761 394 2796 369η
401 2761 472 2795 Ejus
486 2760 572 2788 verba
586 2759 662 2785 inter
676 2756 811 2784 Veterum
828 2756 994 2784 testimonia
1009 2765 1060 2784 su-

242 2795 322 2831 periu
327 2804 340 2823 s
347 2795 455 2831 irelata.

277 2830 332 2873 (63)
346 2830 446 2860 Lamb.
462 2831 556 2858 autem
571 2828 709 2866 adimplet.

1167 2577 1212 2612 72)
1228 2576 1329 2605 Lamb.
1344 2580 1466 2612 agentes.

1154 2612 1405 2652 (73)Haac»habet
1437 2614 1741 2652 pseudo-Athanasius
1768 2619 1834 2652 post
1873 2628 1965 2648 κατι.

1118 2646 1279 2685 φθὲζρέιᾉτνὸν
1287 2646 1446 2685 γᾷνορωποί
1460 2650 1545 2678 modo
1562 2650 1662 2679 relata.

1152 2684 1209 2724 (774)
1225 2683 1272 2724 Sic
1287 2683 1361 2712 Vict.
1375 2687 1406 2724 et
1429 2687 1522 2724 Carm.
1540 2686 1586 2713 Sic
1605 2695 1725 2724 quoque
1740 2686 1859 2717 Graca.
1875 2686 1972 2724 m

1152 2695 1209 2719 (ut)
1225 2695 1272 2711 ciu
1293 2695 1361 2712 Vict.
1378 2695 1406 2712 ei.
1429 2695 1522 2713 uarm.
1540 2695 1586 2713 διο
1629 2695 1725 2723 uoque
1740 2695 1859 2717 uraca.
1883 2695 1975 2725 m

1115 2723 1231 2765 ρνςίοιει·Δ
1248 2719 1338 2765 Quen.
1368 2721 1575 2765 intelliguntur.
1605 2695 1658 2749 gro
1690 2726 1831 2759 sequente
1882 2734 1976 2765 quia

1116 2755 1189 2782 Vict.
1206 2757 1234 2782 et
1251 2755 1351 2782 Lamb.
1369 2756 1427 2791 qui.

1114 2826 1252 2854 mendose
1267 2826 1296 2854 in
1311 2827 1380 2855 edit.
1398 2826 1534 2864 Russelii,
1545 2827 1670 2867 Χριστός.

1976 2551 2018 2732 j

1150 2790 1623 2837 (ﬁliiﬁl--E§{V.19?:,993"£W-
1637 2793 1688 2837 ,δίο
1711 2795 1741 2822 et
1763 2794 1901 2836 amca.
1923 2806 1995 2837 ubi
