4036 6344
67 429 214 489 941
1114 426 1439 488 PASTOR.
1479 460 1552 471 -
1582 428 1729 488 LIB.
1778 429 1853 499 Il,
1901 430 2351 492 MANDATUM
2400 433 2466 489 X.
3371 436 3488 494 942

64 561 211 617 ἐκεῖ
257 560 345 616 καὶ
386 561 586 622 σύνεσις
634 558 842 631 πολλή.
892 559 1209 630 Κολλήθητι
1262 560 1351 613 οὖν
1387 556 1483 613 τοῦ
1514 558 1733 635 Κυρίου,

1868 567 1955 630 '.at,
1989 562 2067 617 ibi
2100 567 2156 617 et
2185 581 2395 618 sensus
2424 563 2645 619 multus
2672 564 3032 637 adjungitur.
3056 565 3321 636 Adjunge
3351 581 3487 638 ergo

56 651 175 706 καὶ
214 652 426 706 πάντων
457 654 571 723 (76)
601 652 830 719 νοήσεις.

1868 668 1901 705 e
1932 651 2177 706 Domino
2204 671 2215 720 ;
2250 658 2307 707 et
2337 653 2533 708 omnia
2565 652 2853 725 intelliges
2885 670 2949 709 ac
2982 653 3196 710 senties
3225 655 3385 725 (76').

1610 791 1839 848 CAPUT
1878 792 1974 847 Ill.

142 909 363 963 ’Δκουε
412 906 501 963 σύν
550 911 665 970 πῶς
719 909 754 977 ἡ
810 905 957 977 λύπη
1005 902 1237 984 ἐκτρίϐει
1287 906 1351 961 τὸ
1378 909 1617 979 Πνεῦμα,
1646 905 1735 960 καὶ

57 994 260 1052 πάλιν
312 998 491 1066 σώζει.
536 999 694 1052 Ὅταν
738 998 766 1051 ὁ
816 994 1046 1071 δίψυχος
1080 990 1406 1066 ἐπιϐάληται
1438 993 1633 1069 πρᾶξαί
1660 1015 1734 1063 τι,

57 1086 169 1141 καὶ
240 1086 490 1162 ἀποτύχῃ
537 1084 625 1140 διά
669 1087 767 1155 τὴν
816 1083 1072 1159 διψυχίαν
1114 1084 1297 1155 αὐτοῦ,
1329 1086 1364 1153 ἡ
1398 1083 1545 1153 λύπη
1572 1082 1738 1137 ἐκπο-

65 1174 305 1247 ρεύεται
358 1174 432 1236 εἰς
472 1175 563 1228 τὸν
623 1172 925 1248 ἅναρωπον,
976 1172 1065 1227 καὶ
1116 1171 1277 1227 λυπεῖ
1325 1171 1386 1226 τὸ
1434 1175 1647 1244 Πνεῦμα
1676 1170 1738 1224 τὸ

62 1263 274 1340 ἅγιον,
322 1261 413 1318 καί
462 1268 793 1337 στενοχωρεῖ
842 1260 993 1317 αὐτό.
1046 1261 1176 1315 Εἶτα
1223 1259 1386 1315 πάλιν
1470 1257 1739 1333 ὀξυχολία

65 1352 213 1409 ὅταν
283 1350 537 1426 κολληθῇ
584 1357 663 1423 τῷ
692 1352 963 1427 ἆναρώτεῳ
1016 1350 1139 1425 περὶ
1196 1347 1512 1424 πράγματός
1568 1368 1736 1408 τινος.

64 1444 172 1498 καὶ
253 1440 379 1497 λίαν
434 1443 700 1517 πικρανϐῇ
759 1441 847 1494 καὶ
904 1441 1107 1512 ποιήσῃ
1156 1459 1208 1493 τι
1258 1437 1440 1506 κακὸν,
1498 1436 1661 1491 πάλιν
1702 1437 1737 1503 ἠ

73 1530 244 1601 λύπη
318 1529 685 1605 εἶσπορεύνναι
744 1529 819 1590 εἷς
874 1530 973 1597 τὴν
1028 1524 1249 1603 καρδίαν
1305 1530 1403 1579 τοῦ
1459 1525 1739 1600 ἀνθρώπου

1916 909 2064 962 Audi
2125 925 2301 973 nunc,
2354 908 2656 980 insipiens,
2707 910 3204 980 quemadmodum
3252 911 3491 968 tristitia

1847 997 2069 1053 cruciat
2098 996 2376 1068 Spiritum
2405 1002 2696 1062 sanctum,
2729 1004 2783 1053 et
2814 1015 2927 1069 quo
2951 1000 3120 1054 modo
3152 998 3377 1056 salvum
3411 1001 3492 1057 fa-

1848 1085 1943 1140 cit.
1977 1085 2121 1141 Cum
2154 1086 2368 1141 dubius
2400 1086 2667 1140 inciderit
2708 1086 2766 1141 in
2818 1089 3114 1159 negotium
3147 1088 3402 1161 aliquod,
3435 1093 3493 1145 et

1848 1191 1963 1229 non
1997 1174 2258 1245 provenit
2288 1176 2400 1245 (77)
2432 1174 2515 1228 illi
2550 1179 2780 1245 prOpter
2827 1176 3271 1244 dubitationem,
3304 1178 3491 1233 tristi-

1848 1262 1930 1318 tia
1960 1262 2079 1317 haec
2112 1264 2287 1318 intrat
2324 1264 2379 1317 in
2429 1263 2748 1329 hominem,
2782 1268 2839 1318 et
2869 1265 3095 1321 tristem
3144 1266 3280 1321 facit
3309 1266 3490 1339 Spiri-

1849 1354 1976 1405 tum
2007 1357 2295 1421 sanctum,
2324 1358 2381 1407 et
2407 1356 2572 1407 vexat
2594 1369 2748 1407 eum.
2776 1353 2990 1409 Deinde
3022 1355 3230 1410 iterum
3256 1357 3493 1412 iracun-

1850 1440 1947 1495 dia
1979 1458 2110 1495 cum
2145 1441 2453 1496 accesserit
2484 1441 2704 1496 homini
2740 1458 2841 1513 pro
2890 1443 3120 1514 negotio
3148 1443 3365 1517 aliquo,
3397 1462 3493 1501 ve-

1852 1528 2150 1584 hementer
2181 1529 2452 1583 irascitur
2479 1547 2491 1595 ;
2526 1534 2581 1585 et
2611 1530 2729 1584 haec
2761 1530 2848 1585 ira
2878 1530 3056 1587 intrat
3086 1532 3143 1587 in
3177 1534 3493 1603 praeordia

68 1624 181 1675 τοῦ
246 1618 713 1695 ὀξυχολήσαντυς,
763 1617 852 1671 καὶ
886 1616 1131 1672 λυπεῖται
1164 1614 1250 1670 ἐπὶ
1306 1618 1373 1688 τῇ
1403 1612 1591 1690 πράξει
1646 1612 1740 1668 αύ-

1874 1618 2175 1685 rascentis,
2200 1624 2256 1672 et
2285 1623 2522 1673 vexatur
2573 1618 2630 1673 in
2679 1621 2903 1691 negotio
2924 1638 3027 1676 suo
3077 1623 3229 1693 quod
3266 1624 3404 1695 agit,
3436 1628 3494 1679 et

70 1714 203 1779 τοῖ’),
334 1708 576 1781 ἔπραξεν,
607 1708 696 1761 καὶ
734 1710 981 1779 μετανοεῖ
1010 1704 1094 1759 ὅτι
1141 1703 1379 1779 πονηρὸν
1435 1701 1737 1778 εἰργάσατο·

1868 1710 2053 1776 postea
2100 1706 2356 1777 poenitet,
2390 1707 2543 1778 quod
2592 1706 2744 1761 male
2795 1708 3008 1763 fecerit.
3044 1708 3311 1783 Utrisque
3356 1728 3491 1784 ergo

86 1760 203 1779 —'—,
242 1760 281 1781 ὁ,
340 1760 517 1781 "‘r""
563 1760 576 1775 ν
652 1760 655 1761 ν
734 1760 743 1779 δ
1270 1760 1298 1779 ⁸1
1485 1760 1494 1778 Ι
1532 1760 1541 1777 Ι

73 1797 223 1867 αὕτη
282 1794 374 1850 οὖν
426 1798 460 1865 ἡ
496 1794 639 1865 λύπη
680 1791 827 1849 δοκεῖ
858 1791 1128 1867 σωτηρίαν
1163 1791 1331 1867 ἔχειν,
1364 1790 1445 1845 ὅτι
1477 1792 1539 1845 τὸ
1570 1812 1741 1860 πονη-

1868 1760 1942 1850 7-...
1974 1760 2191 1849 ιεέάιέηι
2222 1760 2500 1867 Spiritum
2520 1760 2803 1851 animi.
2823 1760 3183 1868 ξ’ἁζιᾙίιᾷιίο,
3203 1760 3273 1855 ἒι
3304 1760 3491 1856 trist-i:

78 1886 178 1961 ρὸν
238 1884 448 1960 πράξας
505 1882 845 1956 μετενόησεν.
921 1880 1270 1959 [Ἄμφότεραι
1320 1878 1377 1935 δέ
1419 1882 1551 1953 τῶν]
1610 1880 1743 1954 πρά-

76 1976 223 2047 ξεων
260 1972 499 2029 λυποῦσι
556 1972 646 2027 τὸν
678 1970 977 2047 ἄνθρωπονο
1035 1971 1091 2043 [ἠ
1129 1970 1222 2041 μὲν
1257 1968 1427 2039 λύπη,
1462 1967 1566 2041 ὅτι]
1611 1968 1740 2023 ἀπέ-

76 2082 227 2138 τυχε
288 2067 391 2131 τῆς
440 2060 706 2135 πράξεως,
744 2062 799 2128 μή
860 2056 917 2113 δὲ
965 2056 1251 2133 ὀξυχολία,
1304 2056 1387 2112 ὅτι
1437 2052 1627 2131 ἔπραξε
1680 2056 1743 2110 τὸ

78 2148 365 2223 πονηρόν.
426 2148 734 2225 ’Δμφότερα
784 2145 873 2201 οὗν
928 2145 1153 2217 λυπηρά
1209 2145 1317 2200 ἐστι
1363 2150 1443 2217 τῷ
1474 2144 1743 2217 Πνεύματι

79 2244 164 2311 τῷ
194 2236 353 2313 ἆγίῳ
383 2239 517 2311 (78).
550 2238 713 2312 Ἃρον
773 2234 862 2290 οὖν
923 2234 1029 2290 ἀπὸ
1078 2239 1175 2289 σοῦ
1203 2236 1300 2303 τήν
1336 2233 1515 2304 λύπην
1545 2234 1633 2288 καί
1667 2236 1744 2307 μὴ

85 2322 255 2383 θλῖϐε
286 2328 353 2381 τὸ
385 2331 603 2399 Πνεῦμα
656 2326 719 2379 τὸ
774 2327 949 2399 ἅγιον,
977 2324 1040 2380 τὸ
1072 2324 1123 2378 ἐν
1156 2323 1241 2379 σοὶ
1274 2327 1580 2395 κατοικοῦν,
1635 2325 1741 2396 μή-

82 2438 225 2472 ποτε
272 2414 580 2485 ἐντεύξηται
626 2418 704 2485 τῷ
750 2418 885 2485 Θεῷ,
933 2414 1023 2467 καὶ
1074 2413 1280 2486 ἀποστῇ
1333 2412 1437 2466 ἀπὸ
1494 2416 1609 2467 σοῦ.
1668 2412 1746 2468 Τὸ

86 2507 197 2581 γάρ
238 2508 460 2576 πνεῦμα
488 2506 584 2557 τοῦ
615 2506 748 2557 Θεοῦ
778 2502 841 2556 τὸ
897 2499 1128 2565 δοθὲνεῖς
1185 2501 1285 2569 τὴν
1318 2501 1485 2574 σάρκα
1521 2498 1744 2571 ταύτην,

88 2592 281 2664 λύπην
340 2592 598 2668 σαρκικήν
645 2591 751 2666 ούχ
796 2591 1073 2668 ὑποφέρει,
1132 2588 1256 2645 οὐδὲ
1312 2588 1742 2665 στενοχωρίαν...

90 2681 358 2738 ’Ένδυσαι
411 2679 499 2735 οὖν
544 2681 642 2749 τήν
705 2679 1024 2756 ἱλαρότητα,
1074 2680 1173 2747 τὴν
1231 2680 1461 2733 πάντοτε
1519 2675 1746 2752 ἔχουσαν

90 2774 230 2848 χάρι
291 2771 443 2847 παρά
486 2774 565 2841 τῷ
619 2773 753 2841 Θεῷ,
803 2770 892 2822 καὶ
954 2765 1340 2844 εύπρόσδεκτον
1371 2765 1527 2822 οὖσαν
1582 2767 1746 2838 αὐτῷ,

92 2861 186 2916 καὶ
244 2859 582 2937 ἐντρύφησον
615 2857 665 2912 ἐν
700 2858 855 2931 αὐτῇ.
910 2863 1021 2918 Πᾶς
1049 2858 1150 2933 γὰρ
1180 2855 1377 2933 ἱλαρὸς
1403 2856 1539 2926 ἀνὴρ
1569 2855 1752 2931 ἀγαθὰ

98 2949 405 3026 ἐργάζεται,
465 2947 554 3001 καὶ
614 2946 786 3020 ἀγαθά
834 2951 1039 3024 φρονεῖ,
1100 2945 1189 2999 καὶ
1256 2949 1583 3022 καταφρονεῖ
1650 2951 1749 3013 τῆς

105 3036 341 3112 ματαίας
392 3035 593 3106 λύπης.
644 3041 697 3090 Ὁ
743 3032 799 3090 δὲ
842 3033 1090 3107 λυπηρὸς
1138 3034 1274 3107 ἀνὴρ
1329 3035 1555 3088 πάντοτε
1602 3030 1751 3108 ὀργί-

1852 1883 1933 1938 tia
1966 1901 1978 1938 :
2014 1883 2322 1948 dubitatio,
2355 1884 2491 1955 quia
2540 1902 2656 1939 non
2700 1885 2984 1941 successit
3032 1891 3195 1943 actus
3243 1889 3406 1958 ejus;
3441 1894 3497 1945 et

1852 1973 2112 2037 tristitia,
2146 1973 2286 2043 quia
2316 1972 2447 2028 fecit
2494 1973 2854 2029 iracundiam
2885 1974 3125 2045 Spiritui
3157 1976 3289 2047 (78).
3322 1978 3497 2033 Aufer

1854 2077 1989 2132 ergo
2020 2060 2317 2115 tristitiam
2350 2078 2382 2115 a
2412 2065 2486 2128 te,
2520 2065 2575 2117 et
2606 2060 2722 2115 noli
2745 2061 3032 2117 offendere
3054 2063 3333 2135 Spiritum
3367 2082 3497 2120 san-

1855 2155 2013 2217 ctum
2046 2149 2142 2220 qui
2178 2149 2234 2203 in
2266 2154 2321 2203 te
2353 2149 2611 2216 habitat;
2646 2166 2716 2203 ne
2745 2158 2902 2221 roget
2932 2150 3269 2219 Dominum,
3302 2158 3359 2208 et
3386 2153 3497 2209 dis-

1856 2239 2022 2294 cedat
2051 2255 2083 2292 a
2116 2243 2190 2292 te.
2221 2237 2476 2309 Spiritus
2506 2238 2663 2293 enim
2695 2238 2793 2293 Dei
2825 2238 2926 2309 qui
2959 2240 3131 2295 datus
3165 2246 3254 2296 est
3282 2241 3342 2296 in
3373 2259 3495 2298 car—

1855 2343 1987 2382 nem
2022 2326 2155 2398 (79),
2189 2326 2485 2381 tristitiam
2516 2343 2627 2381 non
2647 2326 2914 2382 sustinet.
2950 2328 3127 2384 Indue
3159 2334 3213 2385 te
3243 2344 3378 2402 ergo
3408 2330 3497 2386 hi-

1855 2415 2105 2483 laritate,
2141 2432 2269 2487 qua:
2317 2431 2545 2486 semper
2596 2415 2769 2470 habet
2817 2416 3067 2487 gratiam
3117 2419 3270 2490 apud
3303 2420 3497 2475 Domi-

1857 2521 2038 2571 num;
2072 2507 2127 2558 et
2156 2503 2441 2559 laetaberis
2488 2502 2547 2557 in
2579 2520 2664 2558 ea.
2717 2503 2917 2565 Omnis
2966 2504 3121 2560 enim
3172 2506 3373 2563 hilaris
3413 2508 3499 2564 vir

1856 2593 2003 2648 bene
2034 2596 2324 2663 operatur,
2356 2596 2411 2647 et
2440 2592 2592 2647 bona
2618 2591 2790 2664 sapit,
2821 2597 2877 2647 et
2907 2595 3227 2650 contemnit
3258 2596 3498 2667 injusti-

1857 2682 1999 2738 tiam
2032 2682 2164 2753 (80).
2200 2681 2292 2736 Vir
2340 2686 2535 2735 autem
2584 2680 2769 2736 tristis
2817 2681 2966 2737 male
3000 2683 3170 2751 facit;
3221 2685 3358 2757 quia
3396 2687 3499 2741 tri-

1861 2775 2009 2825 stem
2041 2770 2177 2824 facit
2206 2769 2485 2840 Spiritum
2520 2774 2808 2840 sanctum,
2836 2770 2932 2841 qui
2956 2771 3129 2827 datus
3159 2777 3247 2828 est
3275 2774 3501 2829 homini

1860 2858 2031 2914 hilari
2063 2859 2195 2930 (81).
2238 2862 2305 2912 Et
2336 2859 2545 2913 iterum
2580 2858 2731 2914 male
2772 2860 2924 2927 facit,
2958 2861 3112 2931 quod
3162 2861 3347 2918 tristis
3378 2867 3502 2919 orat

1862 2948 2196 3014 Dominum,
2228 2952 2283 3001 et
2314 2964 2428 3001 non
2478 2952 2613 3003 ante
2642 2947 2777 3001 facit
2822 2948 3270 3021 exomologesin,
3301 2955 3358 3006 et
3386 2968 3501 3006 non

1863 3036 2132 3109 impetrai
2165 3053 2198 3090 a
2227 3036 2342 3091 Deo
2375 3037 2527 3107 quod
2561 3036 2722 3107 petit.
2746 3040 2984 3108 Semper
3011 3037 3166 3091 enim
3197 3037 3378 3093 oratio
3406 3038 3506 3093 tri-

104 3132 246 3195 ζεται
308 3126 401 3181 καὶ
451 3124 676 3197 ἀνομίαν
724 3123 1021 3199 ἐργάζεται,
1080 3123 1155 3195 μὴ
1218 3120 1557 3197 ἐντυγχάνων
1613 3118 1752 3193 μηδὲ

1868 3126 1977 3181 stis
2020 3124 2277 3180 hominis
2311 3140 2425 3179 non
2472 3124 2647 3180 habet
2693 3126 2986 3190 virtutem,
3019 3130 3082 3180 ut
3130 3128 3364 3181 accedat
3391 3127 3502 3199 (82)

102 3213 615 3290 ἐξομολογούμενος
666 3217 745 3283 τῷ
791 3217 927 3283 Θεῷ.
981 3213 1214 3266 Πάντοτε
1243 3212 1342 3287 γάρ
1376 3210 1626 3286 λυπηροῦ
1656 3210 1746 3264 άν-

106 3302 230 3377 δρὸς
278 3307 315 3373 ἠ
368 3300 599 3371 ἔντευξις
654 3300 753 3355 ούκ
800 3297 913 3375 ἔχει
959 3296 1184 3373 δύναμιν
1213 3304 1311 3354 τοῦ
1342 3294 1602 3367 ἀναϐῆναι
1662 3297 1748 3352 ἐπὶ

102 3394 164 3447 τὸ
193 3394 700 3464 θυσιαστήριοντοῦ
731 3394 901 3445 Θεοῦ.
984 3432 995 3445 .
1076 3409 1089 3422 ⁸
1168 3432 1181 3444 .
1264 3431 1277 3443 .
1359 3430 1371 3443 .
1453 3430 1466 3444 .
1547 3431 1560 3445 .
1642 3430 1654 3442 .
1736 3430 1748 3442 .

104 3483 219 3536 ’Ότι
252 3484 287 3551 ἡ
321 3479 473 3550 λύπη
509 3479 799 3553 ἐγκάθηται
829 3477 905 3539 εἷς
957 3478 1056 3546 τὴν
1116 3474 1333 3553 καρδίαν
1365 3476 1549 3532 ῃύτοῦ.
1581 3482 1752 3547 Μεμι-

106 3570 278 3643 γμένη
334 3568 429 3625 οὖν
486 3570 521 3637 ἡ
574 3566 720 3635 λύπη
768 3569 803 3635 ἡ
856 3566 1091 3638 κοσμικὴ
1130 3566 1265 3637 μετά
1316 3572 1415 3634 τῆς
1449 3562 1750 3635 ἐντεύξεως,

109 3656 205 3711 οὐκ
234 3657 429 3735 ἀφιησι
485 3656 583 3723 την
618 3653 841 3724 ἔντευξιν
895 3648 1156 3722 ἀναϐῆναι
1194 3656 1427 3725 καθαράν
1461 3652 1535 3714 εἷς
1562 3652 1626 3707 τὸ
1657 3663 1753 3715 ου-

110 3746 446 3819 σιαστήρίον.
494 3747 697 3817 ’Ὠσπερ
743 3744 844 3819 γάρ
891 3742 1011 3815 ὅξος
1059 3738 1187 3814 οἴνῳ
1241 3742 1577 3816 μεμιγμένον
1651 3741 1750 3809 τὴν

113 3832 274 3902 αὐτὴν
323 3832 528 3904 ἡδονὴν
579 3831 678 3887 οὐκ
725 3831 963 3907 ἔχουσιν
1027 3830 1198 3892 οὕτως
1241 3830 1330 3884 καὶ
1390 3829 1536 3899 λύπη
1587 3850 1753 3901 μεμι-

112 3921 282 3997 γμένη
322 3922 459 3997 μετὰ
508 3926 604 3976 τοῦ
654 3920 805 3997 ἁγίου
855 3919 1187 3991 Πνεύματος,
1234 3920 1333 3987 τὴν
1380 3917 1545 3987 αὐτὴν
1582 3913 1753 3972 ἔντευ-

118 4008 194 4080 ξιν
241 4010 363 4085 [οὐκ
414 4008 577 4087 ἔχει.)
629 4010 922 4085 Καθάρισον
972 4006 1061 4063 οὖν
1096 4008 1280 4063 ἑαυτὸν
1309 4008 1414 4063 ἀπὸ
1442 4010 1539 4077 τῆς
1574 4005 1753 4078 λύπης

118 4106 357 4178 πονηρᾶς
383 4100 609 4172 ταύτης,
640 4100 730 4154 καὶ
764 4100 898 4173 ζήσῃ
925 4102 1004 4171 τῷ
1033 4102 1169 4171 Θεῷ.

1859 3214 1930 3270 ad
1964 3213 2143 3268 altare
2173 3213 2293 3268 Dei.
2327 3214 2395 3267 Et
2425 3213 2543 3267 dixi
2592 3212 2675 3267 illi
2703 3229 2717 3269 :
2754 3213 3012 3279 Domine,
3046 3231 3224 3286 quare
3254 3232 3368 3271 non
3400 3215 3502 3271 ha-

1861 3304 1958 3358 bet
1988 3302 2255 3356 virtutem
2290 3301 2473 3355 oratio
2504 3300 2691 3356 tristis
2721 3300 2997 3367 hominis,
3030 3307 3092 3356 ut
3122 3305 3397 3360 ascendat
3427 3306 3500 3361 ad

1860 3391 2039 3446 altare
2071 3389 2300 3445 Domini
2321 3389 2348 3443 ‘I
2388 3389 2690 3455 Quoniam,
2723 3389 2931 3460 inquit,
2964 3390 3204 3446 tristitia
3250 3393 3411 3450 sedet
3440 3394 3498 3450 in

1861 3480 2031 3535 corde
2063 3480 2208 3547 ejus.
2242 3479 2384 3533 Cum
2417 3494 2551 3549 ergo
2582 3477 2753 3532 mista
2800 3478 2974 3533 fuerit
3015 3481 3196 3536 oratio
3226 3482 3331 3537 viri
3364 3500 3497 3539 cum

1860 3567 2117 3631 tristitia,
2143 3583 2255 3621 non
2277 3566 2528 3637 patietur
2549 3566 2867 3621 orationem
2892 3569 3171 3624 mundam
3192 3573 3503 3629 ascendere

1862 3657 1932 3711 ad
1983 3656 2161 3710 altare
2214 3655 2332 3709 Dei.
2380 3654 2542 3709 Sicut
2594 3655 2749 3709 enim
2799 3655 2997 3711 vinum
3053 3664 3212 3714 aceto
3260 3662 3502 3716 mistum

1862 3744 2129 3800 eamdem
2162 3743 2505 3797 suavitatem
2540 3759 2654 3797 non
2686 3742 2895 3799 habet:
2920 3745 3003 3801 sic
3034 3750 3089 3801 et
3117 3746 3356 3804 tristitia
3378 3749 3507 3821 Spi—

1865 3833 2000 3888 ritui
2054 3838 2257 3887 sancto
2308 3832 2483 3886 mista
2538 3833 2801 3888 eamdem
2852 3834 3172 3891 orationem
3227 3840 3510 3893 mundam

1866 3938 1980 3976 non
2013 3920 2209 3975 habet.
2244 3920 2460 3975 Munda
2490 3936 2625 3992 ergo
2656 3925 2710 3975 te
2740 3938 2773 3975 a
2803 3922 3042 3978 tristitia
3071 3924 3243 3991 mala,
3271 3930 3327 3981 et
3354 3926 3511 3981 vives

1864 4015 2024 4065 Deo:
2061 4014 2119 4063 et
2169 4025 2372 4064 omnes
2422 4008 2614 4065 vivent
2664 4009 2806 4079 Deo,
2839 4011 2935 4081 qui
2972 4013 3321 4084 projecerint
3368 4031 3402 4070 a
3452 4030 3514 4071 se

1865 4097 2187 4167 tristitiam,
2220 4101 2280 4153 et
2311 4098 2607 4153 induerint
2638 4097 3014 4154 hilaritatem.

1439 4242 1789 4311 ANTIOCHUS,
1831 4240 2061 4297 homitia
2096 4240 2186 4296 25.

192 4354 347 4430 ’Δρον
395 4356 485 4412 οὖν
535 4357 641 4413 ἀπὸ
688 4360 783 4412 σοῦ
825 4355 1023 4426 ταύτην
1066 4357 1166 4425 τήν
1216 4354 1395 4426 λύπην
1426 4353 1515 4409 καί
1550 4355 1625 4428 μὴ
1660 4352 1752 4409 λύ-

1939 4357 2106 4427 Aufer
2132 4371 2256 4426 ergo
2286 4355 2426 4411 hanc
2463 4356 2754 4411 tristitiam
2801 4374 2836 4412 a
2876 4361 2947 4425 te,
2977 4362 3030 4414 et
3076 4360 3193 4416 noli
3239 4361 3516 4434 oﬁcndere

126 4459 213 4495 πει
256 4444 318 4498 τὸ
368 4450 584 4518 Πνεῦμα
627 4446 692 4500 τὸ
736 4442 908 4521 ἅγιον,
956 4445 1018 4499 τὸ
1066 4447 1350 4498 κατοικοῢν
1401 4442 1450 4498 ἐν
1488 4442 1588 4497 σοίσ
1652 4444 1759 4515 μή·

128 4548 254 4586 ποτε
305 4531 606 4605 ἐντεύξηται
653 4539 733 4605 τῷ
781 4532 918 4607 Θεῷ,
971 4534 1060 4587 καὶ
1110 4532 1319 4607 ἀποστῇ
1364 4532 1468 4586 ἀπὸ
1517 4536 1633 4587 σοῦ.
1691 4531 1761 4585 Τὸ

130 4618 228 4694 γὰρ
282 4628 490 4696 πνεῦμα
535 4627 631 4677 τοῦ
680 4627 835 4695 Θεοῦ,
889 4623 954 4678 τὸ
1002 4620 1150 4677 δοθὲν
1202 4622 1275 4683 εἰς
1312 4622 1412 4690 τήν
1444 4622 1613 4697 σάρκα
1640 4618 1763 4674 ταύ-

130 4725 223 4775 την
257 4707 429 4782 λύπην
487 4711 594 4787 ούχ
646 4711 921 4789 ὑποφέρει,
970 4710 1095 4766 οὐδὲ
1152 4730 1535 4784 στενοχωριαν.
1569 4705 1763 4765 Ἐνδυ-

140 4814 219 4849 σαι
262 4796 348 4853 οὖν
392 4803 490 4870 την
522 4800 840 4873 ἱλαρότητα,
898 4803 996 4870 τὴν
1057 4801 1290 4860 πάντοτς
1341 4795 1569 4873 ἔχουσαν
1601 4798 1763 4873 χάριν

142 4886 278 4958 παρὰ
322 4893 399 4959 τῷ
443 4895 576 4961 Θεῷ,
627 4891 715 4944 καὶ
766 4889 990 4967 ἐντρύιρα
1042 4888 1092 4943 ἐν
1132 4888 1265 4961 αὐτῇ
1334 4889 1390 4941 Ὀ
1448 4888 1551 4962 γάρ
1578 4884 1765 4962 ἱλαρὸς

148 4969 273 5046 ἀνὴρ
321 4976 489 5051 ἀγαθὰ
538 4978 835 5054 ἐργάζεται,
887 4978 975 5033 καὶ
1024 4982 1348 5055 καταφρονεῖ
1393 4980 1492 5050 τῇς
1562 4974 1765 5045 λύπης·

1869 4443 2137 4516 Spiritum
2166 4451 2415 4498 sanctum
2446 4445 2544 4513 qui
2573 4445 2629 4497 in
2677 4448 2728 4499 te
2778 4445 3011 4513 habitat,
3042 4463 3114 4502 ne
3156 4458 3302 4519 roget
3332 4450 3517 4504 Domi-

1870 4550 2023 4599 nam,
2057 4538 2109 4588 et
2143 4532 2358 4587 recedat
2391 4549 2426 4587 a
2454 4541 2526 4588 te.
2559 4532 2795 4605 Spiritus
2822 4537 2970 4590 enim
2998 4537 3095 4592 Dei
3123 4539 3219 4609 qui
3247 4538 3407 4594 datus
3440 4541 3520 4594 est

1871 4623 1929 4677 in
1980 4623 2118 4676 hanc
2169 4637 2409 4689 carnem,
2441 4624 2731 4677 tristitiam
2777 4640 2887 4677 non
2932 4627 3179 4696 sustinet,
3220 4642 3388 4697 neque
3419 4643 3521 4681 an-

1870 4712 2155 4766 xietatem.
2190 4710 2359 4765 Indue
2407 4718 2457 4765 te
2503 4726 2626 4780 ergo
2680 4712 2984 4779 hilaritate,
3036 4729 3162 4785 quae
3206 4715 3515 4786 semperho-

1876 4800 1959 4855 bet
2004 4800 2245 4869 gratiam
2291 4798 2435 4869 apud
2486 4800 2696 4862 Deum;
2746 4809 2796 4855 et
2843 4802 3035 4858 twtare
3079 4804 3135 4857 in
3184 4821 3270 4859 ea.
3322 4802 3525 4859 Hilaris

1876 4890 2022 4943 enim
2062 4890 2150 4942 vir
2182 4888 2311 4941 bene
2340 4895 2613 4956 opemtur,
2646 4894 2696 4943 et
2724 4893 3023 4946 contemnit
3067 4894 3362 4948 tristitiam
3394 4909 3405 4946 :
3442 4894 3530 4947 vir

1878 4986 2056 5032 autem
2087 4978 2262 5031 tristis
2292 4992 2499 5047 semper
2528 4978 2668 5032 male
2697 4981 2850 5049 facit.
2890 4981 3077 5037 Primo
3107 4982 3327 5053 quidem
3377 4981 3520 5036 male

1294 5119 1532 5175 VARI/E
1568 5118 1951 5175 LECTIONES
1991 5119 2081 5173 ET
2123 5118 2353 5175 ΝΟΤίΕ.

220 5229 328 5318 (76),
350 5234 439 5290 Sic
478 5237 812 5318 refragante
861 5236 1263 5310 grammatica,
1315 5252 1418 5309 pro
1462 5237 1542 5305 τῷ
1572 5232 1780 5306 Κυρίῳ,

155 5309 237 5350 και
266 5309 445 5361 πάντα.
478 5309 576 5363 En.
611 5310 851 5365 PATROL.

226 5370 354 5445 (ἴδ’)
388 5378 586 5434 Lamb.
617 5384 774 5435 scies.

227 5443 345 5510 (77)
362 5447 556 5506 Lamb.
589 5455 781 5507 evenit.

364 5518 486 5596 H_cec
515 5522 654 5596 item
686 5523 859 5579 habet
889 5521 1207 5596 Antiochus
1248 5517 1451 5596 h_om_il.
1480 5519 1569 5573 25.

238 5584 340 5667 (:79)
396 5591 1000 5667 Pseudo-Athanasius
1060 5600 1116 5667 et
1171 5592 1490 5667 antiochus
1563 5589 1788 5667 addunt

172 5660 379 5737 Ϊαῖθτζιν,
410 5665 469 5737 ia
493 5681 713 5721 carnem
743 5668 883 5722 hanc
912 5684 930 5719 :
962 5665 1113 5737 quod
1164 5663 1427 5734 δρτνίίαηι
1457 5661 1650 5737 dati"?!
1692 5660 1785 5717 λθ·

176 5728 398 5785 minibus
437 5734 696 5809 designat,
748 5742 812 5794 ut
876 5728 1029 5794 recte
1072 5728 1489 5807 interpretatur
1534 5730 1727 5791 Fellus
1772 5758 1787 5801 ς

1894 5234 2209 5309 mox_en_im
2230 5250 2255 5309 7:
2289 5234 2551 5309 Spiritum
2581 5241 2849 5309 saeclum,
2879 5240 2977 5309 qui
3003 5239 3157 5295 datus
3194 5244 3271 5295 est
3301 5238 3531 5294 homini.

1965 5306 2075 5377 (80)
2109 5306 2276 5381 Forte
2294 5306 2607 5381 tristitiam.
2645 5305 2729 5361 Ita
2766 5305 2961 5364 Graeca
2992 5326 3004 5364 :
3041 5312 3195 5381 quod
3228 5328 3367 5367 sane
3396 5327 3534 5366 con-

1894 5374 2086 5432 teXtus
2118 5375 2409 5446 postulare
2440 5374 2684 5431 videtur.

1964 5448 2075 5518 (81)
2110 5448 2295 5515 Forte,
2328 5447 2545 5499 hilaris.

1966 5520 2076 5597 (8‘2)
2096 5518 2395 5597 (Fortasse.
2419 5517 2693 5597 ascendat.
2734 5522 2879 5597 Sane
2928 5524 3534 5593 pseudo-Athanasius

1896 5590 2340 5669 etAntiochus,
2374 5590 2672 5669 ἀνᾳοῆναι..
2726 5592 2873 5669 Quin
2912 5590 2977 5669 ei
3026 5614 3157 5652 mox
3201 5598 3327 5669 ipse
3373 5602 3537 5652 vetus

1896 5666 2206 5742 Interpres,
2256 5659 2627 5742 asce‘ndatnad
2673 5663 2854 5720 altare
2901 5668 3136 5731 Domini.
3192 5659 3256 5725 Et
3303 5669 3551 5742 iterum,

1897 5731 2185 5789 ascendere
2214 5731 2285 5787 ad
2314 5731 2488 5789 altare
2516 5732 2615 5789 Dei
2624 5773 2636 5801 ._

118 6048 241 6169 lx
