4008 6350
194 414 315 477 945

1187 409 1517 472 PASTOR.
1545 406 1789 471 —LIB.
1834 408 1913 486 II,
1958 407 2412 473 MANDATUM
2455 409 2585 473 XII.

3466 410 3585 474 946

195 541 409 599 ἔνδυσαι
452 541 553 613 τήν
598 540 882 615 ἐπιθυμίαν
933 540 1032 610 τὴν
1070 541 1272 617 ἀγαθὴν
1322 541 1409 595 καὶ
1472 541 1693 612 σεμνήν.
1728 540 1835 593 Ἐν-

1960 540 2187 611 :nalam,
2218 546 2274 597 et
2319 543 2496 598 indue
2523 510 2901 614 cupiditatem
2939 541 3153 600 bonam
3184 543 3242 599 et
3292 543 3585 603 sanctam.

196 629 491 705 δεδομένος
538 632 641 707 γὰρ
687 631 786 700 τὴν
840 628 1123 703 ἐπιθυμίαν
1175 626 1396 700 ταύτην,
1461 631 1707 702 μισήσεις
1736 630 1835 698 τήν

193 721 441 795 πονηρὰν
492 718 800 793 ἐπιθυμίαν.
849 717 1035 793 Ἀγρία
1080 718 1183 793 γὰρ
1255 716 1511 791 ἐπιθυμία
1573 716 1648 779 εἷς
1711 715 1838 771 τάδε

192 810 517 884 ἆνεμπεσεῖ,
565 808 640 869 εἷς
684 807 860 879 λύπην
1044 807 1129 861 ἐὰν
1184 807 1260 880 μὴ
1407 806 1638 878 συνετὸς,
1672 805 1837 859 δαπα-

185 904 346 955 νᾶται
398 899 484 953 ὑπ’
529 896 696 966 αὐτῆς
747 895 955 959 δεινῶς’
990 894 1197 966 δαπανᾷ
1227 894 1283 949 δὲ
1311 895 1534 955 τούτους
1570 896 1644 967 μὴ
1678 893 1836 970 ἔχον-

185 1009 291 1051 τας
346 984 548 1059 ἔνδυμα
619 985 902 1058 ἐπιθυμίας
947 983 1175 1060 ἀγαθῆς,
1217 982 1342 1038 ἀλλ’
1392 982 1837 1060 ἐμπεφυρμὲνους

186 1082 274 1149 τῷ
318 1077 473 1131 αἰῶνι
513 1075 707 1148 τούτῳ·
758 1074 982 1137 τούτους
1032 1072 1122 1128 οὖν
1169 1070 1529 1149 παραδίδωσιν
1572 1072 1646 1133 εἷς
1679 1074 1834 1126 θάνα-

184 1187 404 1225 τον.....
456 1170 614 1232 Ποῖα,
659 1165 830 1240 κύριε,
877 1164 977 1218 εἶσὶ
1006 1167 1105 1232 τῆς
1128 1162 1412 1234 ἐπιθυμίας
1441 1168 1541 1230 τῆς
1573 1167 1835 1234 πονηρᾶς,

180 1256 263 1312 τὰ
306 1251 672 1331 παραδιδόντα
719 1252 845 1315 τοὺς
899 1252 1215 1327 ἀνθρώπους
1264 1252 1337 1313 εἷς
1389 1250 1655 1319 θάνατον;
1698 1254 1837 1304 Γνώ-

188 1343 345 1418 ρισόν
401 1363 515 1417 μοι,
560 1340 653 1397 ’ίνα
698 1339 853 1419 φύγω
899 1340 989 1395 ἀπ’
1038 1339 1234 1396 αὐτῶν.
1283 1346 1558 1394 Ἀκουσονο
1614 1342 1835 1415 Πρῶτον

1953 632 2195 687 lndutus
2226 632 2379 687 enim
2412 633 2788 705 cupiditatem
2819 633 3057 705 bonam,
3091 632 3282 689 oderis
3314 632 3425 705 (99)
3456 649 3583 688 ma«

1945 720 2084 787 lam,
2120 724 2176 776 et
2203 722 2519 777 refrenabis
2549 739 2675 778 eam
2706 722 2857 778 sicut
2885 721 3467 778 volueris.Horrenda
3493 724 3585 779 est

1946 811 2103 864 enim
2133 809 2421 881 cupiditas
2452 811 2626 875 mala,
2658 814 2716 865 et
2745 811 2980 864 difﬁcile
3034 810 3352 882 mitigatur.
3388 810 3582 866 Horri-

1944 898 2078 953 bilis
2108 904 2197 953 est
2224 899 2387 954 valde
2421 904 2478 954 et
2509 901 2645 967 fera,
2680 904 2737 954 et
2763 900 2988 954 feritate
3019 916 3127 955 sua
3156 900 3449 955 consumit
3476 900 3583 955 ho-

1946 987 2411 1058 mines,maxime
2442 989 2489 1042 si
2522 989 2788 1044 inciderit
2818 989 2875 1043 in
2908 1005 3033 1043 eam
3057 1005 3258 1044 servus
3286 988 3577 1061 Dei(100):

1946 1080 2002 1131 et
2032 1076 2142 1131 nisi
2196 1076 2427 1147 sapiens
2459 1078 2651 1143 fuerit,
2705 1080 3082 1132 consumatur
3110 1078 3189 1148 (1)
3220 1078 3291 1131 ab
3324 1077 3421 1133 illa
3453 1094 3583 1149 pes-

1945 1165 2112 1220 sime.
2144 1165 2446 1220 Consumit
2498 1170 2691 1221 autem
2722 1165 2888 1235 tales,
2922 1165 3021 1235 qui
3080 1182 3193 1220 non
3244 1165 3459 1220 habent
3486 1183 3584 1221 ve-

1948 1259 2097 1309 stem
2128 1254 2465 1326 cupiditatis
2499 1255 2746 1325 bonae,et
2776 1253 3039 1326 implicat
3066 1254 3197 1309 illos
3227 1254 3303 1326 (2)
3336 1255 3582 1327 negotiis

1948 1342 2125 1414 hujus
2155 1343 2370 1414 saeculi,
2402 1348 2459 1399 et
2488 1344 2665 1399 tradit
2693 1343 2767 1415 (3)
2798 1343 2927 1399 illos
2960 1343 3291 1408 morti.Quae
3325 1343 3582 1406 sunt,in-

1947 1432 2589 1503 quam,domine,opera
2614 1432 2952 1503 cupiditatis
2987 1431 3309 1503 malamque
3340 1433 3584 1487 tradunt

1948 1520 2217 1576 homines
2233 1520 2433 1575 morti?
2447 1521 2789 1575 Demonstra
2805 1519 3041 1588 mihi,ut
3061 1520 3325 1576 recedam
3349 1520 3420 1575 ab
3442 1519 3581 1578 iliis.

177 1611 362 1679 Audi,
391 1610 605 1683 inquit,
636 1609 697 1665 in
728 1609 944 1681 quibus
974 1609 1246 1680 operibus
1275 1607 1565 1679 cupiditas
1603 1607 1758 1663 mala
1787 1608 1961 1664 morti
1990 1610 2167 1665 tradit
2194 1625 2389 1665 servos
2435 1610 2551 1665 Dei.
2577 1609 2843 1680 [Spiritus
2874 1609 3139 1664 omnium
3171 1608 3245 1681 (4)
3277 1608 3584 1665 hominum

179 1699 488 1755 terrestris
516 1704 607 1755 est
635 1702 691 1754 et
717 1697 882 1764 levis,
913 1701 971 1752 et
999 1698 1271 1752 virtutem
1304 1713 1419 1753 non
1449 1696 1624 1751 habet
1654 1697 1711 1749 in
1743 1700 2030 1767 totum,et
2060 1696 2246 1752 multa
2276 1697 2631 1769 loquitur.Et
2659 1697 2803 1751 dixit
2836 1714 2847 1752 :
2881 1698 3001 1763 Quo
3034 1698 3204 1753 modo
3231 1698 3410 1770 igitur
3437 1697 3586 1754 scire

176 1791 381 1861 potest
408 1787 625 1860 aliquis
656 1803 755 1843 eos
777 1786 804 1842 7
832 1786 1003 1855 Audi,
1036 1786 1248 1858 inquit,
1282 1785 1351 1841 de
1383 1784 1647 1855 utrisque
1674 1784 1829 1840 vasis
1862 1802 1875 1840 ε
1910 1789 1967 1840 et
1987 1786 2138 1841 sicut
2167 1785 2294 1841 dico
2328 1786 2451 1857 tibi,
2486 1786 2571 1843 sic
2601 1785 2873 1859 probabis
2889 1786 3230 1858 prophetam
3262 1786 3447 1854 Dei,et
3476 1786 3584 1843 fal-

175 1893 321 1933 sum
354 1876 726 1949 prophetam.
761 1874 1021 1930 Primum
1055 1874 1253 1945 itaque
1292 1875 1368 1946 (5)
1399 1873 1580 1945 proba
1610 1873 1929 1941 hominem,
1963 1874 2064 1946 qui
2094 1874 2270 1930 habet
2304 1875 2585 1946 Spiritum
2617 1875 2717 1930 Dei
2752 1891 2765 1928 :
2801 1874 2937 1947 quia
2964 1874 3214 1946 Spiritus
3245 1875 3344 1948 qui
3375 1876 3584 1932 desur-

173 1982 321 2023 sum
355 1969 444 2021 est
471 1966 571 2035 (6),
605 1964 840 2037 quietus
872 1968 961 2019 est
990 1967 1046 2019 et
1072 1962 1335 2030 humilis,
1365 1967 1421 2018 et
1448 1962 1665 2017 recedit
1696 1963 1767 2017 ab
1800 1962 1958 2017 omni
1988 1962 2248 2034 nequitia
2278 1968 2336 2019 et
2363 1963 2653 2019 desiderio
2682 1980 2828 2018 vano
2860 1964 3038 2034 hujus
3069 1962 3264 2019 seaculi
3294 1989 3309 2031 ;
3338 1968 3396 2019 et
3424 1964 3584 2019 omni

172 2053 427 2112 homine
455 2054 531 2126 (7)
563 2070 624 2109 se
656 2053 793 2109 facit
836 2052 1211 2107 humiliorem
1238 2068 1251 2108 :
1280 2056 1338 2107 et
1385 2051 1605 2106 nemini
1637 2052 1949 2123 respondet
1995 2052 2386 2125 interrogatus
2416 2054 2531 2123 (8):
2568 2069 2673 2108 nec
2711 2052 2961 2124 singulis
3014 2053 3323 2125 respondet
3352 2070 3364 2107 :
3400 2069 3586 2123 neque

170 2160 321 2201 cum
350 2141 493 2210 vult,
523 2141 749 2199 homini
776 2141 1039 2213 loquitur
1083 2140 1335 2212 Spiritus
1365 2140 1467 2195 Dei
1496 2158 1509 2207 ;
1544 2141 1646 2195 sed
1676 2144 1815 2195 tunc
1864 2140 2123 2211 loquitur
2153 2158 2285 2197 cum
2315 2141 2438 2197 vult
2462 2142 2638 2197 Deus.
2671 2141 2816 2197 Cum
2849 2158 2984 2214 ergo
3014 2141 3236 2197 venerit
3265 2142 3440 2197 homo
3484 2142 3585 2213 qui

173 2232 366 2289 habet
392 2230 675 2304 Spiritum
710 2231 829 2299 Dei,
862 2231 922 2285 in
955 2229 1268 2285 Ecclesiam
1295 2230 1594 2299 justorum
1627 2228 1969 2284 habentium
2000 2229 2176 2284 ﬁdem
2210 2230 2326 2297 Dei,
2361 2234 2418 2285 et
2449 2230 2630 2285 oratio
2662 2230 2727 2285 fit
2755 2231 2825 2285 ad
2879 2230 3230 2298 Dominum;
3264 2235 3403 2286 tunc
3435 2247 3587 2285 nun-

170 2322 306 2378 tius
333 2320 410 2393 (9)
439 2324 680 2376 sanctus
731 2319 1051 2375 divinitatis
1080 2316 1286 2389 implet
1329 2315 1627 2371 hominem
1656 2315 1828 2371 illum
1872 2316 2091 2389 Spiritu
2125 2322 2326 2373 sancto
2375 2319 2527 2389 (10);
2562 2324 2619 2373 et
2648 2318 2907 2389 loquitur
2934 2319 2995 2372 in
3044 2319 3217 2374 turba
3247 2319 3400 2375 sicut
3428 2320 3584 2376 Deus

175 2410 333 2467 vult.
365 2409 457 2466 Sic
487 2425 623 2481 ergo
656 2409 1023 2482 dignoscitur
1050 2406 1301 2479 Spiritus
1329 2404 1672 2473 divinitatis,
1698 2405 1759 2460 in
1791 2421 2141 2477 quocunque
2171 2406 2426 2478 Spiritus
2456 2406 2776 2463 divinitatis
2806 2406 3064 2478 loquitur
3094 2406 3225 2480 (11).

1713 2547 1941 2604 CAPUT
1990 2547 2060 2603 ΙΙ.

268 2666 410 2723 Audi
440 2684 597 2723 nunc
628 2671 687 2723 et
714 2668 785 2723 de
816 2666 1026 2739 spiritu
1056 2664 1525 2732 terrestri,vacuo
1556 2668 1611 2719 et
1640 2665 1820 2735 fatuo,
1851 2663 2127 2720 virtutem
2166 2681 2281 2720 non
2312 2664 2851 2721 habente.Primum
2884 2668 3080 2721 autem
3109 2664 3266 2721 hunc
3291 2665 3463 2722 homo
3486 2683 3590 2738 pu-

176 2761 348 2815 tatur
375 2756 655 2829 spiritum
685 2756 897 2812 habere
921 2773 935 2823 ;
960 2754 1171 2811 exaltat
1201 2754 1357 2809 enim
1389 2770 1450 2809 se
1483 2754 1615 2825 (12),
1649 2758 1705 2808 et
1736 2752 1860 2808 vult
1887 2754 2139 2826 primam
2167 2753 2501 2810 cathedram
2528 2754 2740 2810 habere
2764 2771 2779 2823 ;
2807 2758 2864 2810 et
2888 2755 3193 2827 improbus
3222 2758 3329 2826 est,
3362 2760 3419 2811 et
3456 2773 3589 2812 ver-

176 2848 369 2903 bosus
397 2863 416 2915 ;
446 2849 503 2902 et
532 2846 591 2901 in
622 2844 847 2901 deliciis
878 2848 1275 2915 conversatur,
1308 2846 1367 2899 et
1396 2842 1456 2897 in
1485 2842 1885 2915 voluptatibus
1918 2842 2120 2899 multis
2145 2860 2158 2911 ;
2194 2849 2250 2898 et
2279 2844 2604 2899 mercedem
2636 2843 2845 2916 accipit
2875 2843 3249 2899 divinationis
3279 2844 3586 2909 suaeQuod

178 2936 240 2993 si
267 2951 383 2991 non
416 2934 725 3006 acceperit,
754 2950 870 2989 non
902 2932 1144 2989 divinat.
1167 2934 1328 2988 Itane
1358 2931 1469 3004 (13)
1500 2930 1756 3003 Spiritus
1786 2931 1887 2987 Dei
1917 2935 2108 3004 potest
2138 2932 2433 2987 mercedes
2464 2931 2723 3004 accipere
2750 2936 2807 2987 et
2833 2931 3134 2988 divinare?
3164 2933 3289 2990 Non
3319 2933 3587 2990 convenit

175 3025 311 3081 hac
343 3024 532 3079 facere
563 3023 664 3079 Dei
695 3022 1089 3096 prophetam.)

260 3132 481 3204 Πρῶτον
530 3128 744 3184 πάντων
804 3126 1053 3200 ἐκιθυμία
1105 3128 1379 3203 γυναικὸς,
1443 3127 1534 3181 καὶ
1597 3124 1829 3181 πολυτέ-

2012 3128 2122 3184 Sed
2174 3128 2465 3200 cupiditas
2514 3128 2669 3183 mala
2715 3132 2836 3196 est,
2888 3129 3295 3201 concupiscere
3345 3144 3581 3185 uxorem

174 3214 313 3275 λεια
348 3216 617 3286 πλούτου,
647 3218 682 3287 ἢ
717 3216 828 3272 ἐστι
885 3214 1232 3295 φιλαργυρία,
1258 3215 1345 3271 καὶ
1380 3213 1686 3289 ἐδεσμάτων
1706 3213 1836 3269 πολ-

1960 3216 2221 3283 alienam,
2266 3216 2352 3272 vel
2386 3216 2691 3271 mulierem
2741 3216 3146 3289 concupiscere
3191 3218 3381 3273 virum
3436 3217 3581 3273 alie-

175 3305 298 3362 λῶν
330 3302 418 3361 καί
451 3304 717 3380 ματαίων,
747 3308 837 3359 καὶ
875 3303 1217 3377 μεθύσματος
1265 3301 1500 3376 πολλοῦ,
1565 3301 1836 3381 διαφόρων

1960 3321 2089 3359 num
2114 3323 2127 3372 ;
2162 3310 2216 3359 et
2245 3304 2505 3360 lautitias
2534 3305 2941 3376 concupiscere
2970 3304 3324 3371 divitiarum,
3343 3310 3399 3361 et
3429 3306 3582 3362 mul—

175 3393 440 3471 γεύσεως,
496 3393 584 3449 καὶ
618 3393 814 3470 ἑτέρων
840 3398 1057 3472 τρυφῶν
1088 3390 1336 3464 πολλῶν,
1371 3392 1460 3447 καὶ
1496 3396 1716 3467 μωρῶν,
1749 3390 1836 3445 καὶ

1960 3393 2260 3449 :itudinem
2308 3393 2571 3449 ciborum
2605 3410 3120 3465 supervacuorum,
3153 3398 3211 3451 et
3247 3394 3585 3453 ebrietatem

182 3481 353 3557 δόξης
410 3482 757 3559 ἀνθρωπίνης
808 3482 899 3537 καὶ
954 3482 1207 3555 ματαίας.
1262 3486 1411 3536 Πᾶσα
1466 3482 1640 3559 τρυφή
1682 3481 1836 3556 μωρά

1960 3481 2217 3551 multam,
2250 3486 2308 3538 et
2339 3482 2576 3538 delicias
2606 3482 2844 3538 multas.
2868 3483 3057 3538 Fatum
3088 3484 3243 3539 enim
3275 3489 3416 3541 sunt
3444 3485 3588 3542 deli-

180 3571 301 3631 ἒστι
330 3571 419 3628 καὶ
448 3573 574 3643 κενὴ
603 3577 720 3636 τοῖς
753 3569 974 3634 δούλοις
1004 3575 1102 3627 τοῦ
1132 3574 1290 3627 Θεοῦ.

1960 3570 2043 3626 :ia:
2077 3570 2186 3642 (14)
2236 3570 2477 3640 multae;
2508 3576 2567 3627 et
2613 3570 2937 3643 voluptates
2967 3571 3164 3628 multa;
3214 3590 3584 3646 supervacua

1948 3662 2088 3715 sunt
2110 3658 2291 3715 servis
2320 3658 2443 3715 Dei.

263 3769 393 3826 Haec
424 3784 561 3842 ergo
594 3768 883 3841 cupiditas
914 3765 1071 3823 mala
1099 3769 1187 3823 est
1215 3770 1274 3822 et
1303 3764 1774 3838 perniciosa,quae
1808 3764 2120 3821 mortiﬁcat
2148 3765 2258 3837 (15)
2283 3781 2479 3821 servos
2509 3765 2767 3822 Dei.Haec
2795 3766 2950 3822 enim
2980 3768 3269 3841 cupiditas
3295 3786 3329 3825 a
3353 3770 3583 3828 diabolo

184 3862 302 3918 est.
335 3859 679 3930 Quicunque
708 3873 846 3929 ergo
876 3856 1223 3913 recesserint
1253 3872 1285 3910 a
1315 3854 1630 3926 cupiditate
1661 3854 1834 3925 mala,
1866 3854 2059 3910 vivent
2088 3854 2375 3910 Deo.Nam
2408 3854 2744 3926 quicunque
2771 3856 3018 3928 subjecti
3040 3858 3255 3915 fuerint
3278 3859 3585 3930 cupiditati

184 3965 253 4004 m
280 3946 406 4019 ala,
433 3946 493 4002 in
522 3950 873 4019 perpetuum
904 3943 1552 4000 morientur.Mortifera
1577 3944 1731 3999 enim
1762 3947 1851 3999 est
1874 3942 1994 3998 haec
2026 3942 2317 4014 cupiditas
2344 3942 2611 3999 mala.Tu
2640 3960 2775 4016 ergo
2806 3944 2983 4000 indue
3010 3946 3383 4017 cupiditatem
3404 3948 3582 4019 justi-

181 4039 327 4108 tias;
364 4041 424 4092 et
452 4041 715 4092 armatus
744 4035 954 4090 timore
983 4033 1237 4099 Domini,
1270 4033 1476 4089 resiste
1508 4033 1812 4104 cupiditati
1843 4031 2031 4087 malas.
2063 4032 2264 4088 Timor
2292 4032 2447 4087 enim
2478 4031 2701 4088 habitat
2728 4033 2787 4088 in
2818 4034 3134 4106 cupiditate
3158 4036 3405 4091 bona.Et
3428 4036 3588 4109 cupi-

183 4126 346 4183 ditas
376 4125 549 4196 mala,
580 4140 714 4181 cum
743 4123 954 4179 viderit
983 4129 1040 4179 te
1068 4127 1362 4179 armatum
1394 4122 1603 4177 timore
1634 4121 1868 4177 Domini
1900 4120 2207 4177 resistente
2237 4121 2351 4192 (16)
2381 4121 2517 4189 sibi,
2548 4122 2732 4193 fugiet
2760 4138 2795 4176 a
2823 4126 2878 4177 te
2906 4121 3096 4195 longe,
3125 4128 3183 4179 et
3215 4140 3327 4179 non
3359 4141 3587 4198 compa-

1362 4263 1598 4319 VARIZE
1636 4262 2024 4319 LECTIONES
2062 4262 2152 4318 ET
2189 4261 2415 4318 NOT/E.

1864 4380 1908 4447 C
1946 4378 2083 4452 hinc
2112 4379 2544 4452 removenda,et
2568 4379 2624 4433 in
2650 4381 2991 4452 mandatam
3014 4383 3344 4452 praecedens
3364 4384 3586 4440 immit-

185 1434 434 1505 πάντων,
467 1453 519 1488 κ.
549 1454 600 1489 τ,
633 1430 688 1488 λ.
722 1432 864 1489 Vide
892 1447 1028 1488 mox
1056 1430 1228 1499 infra,
1260 1447 1378 1503 cap.
1410 1432 1463 1486 2.

363 4384 379 4457 )
408 4382 937 4457 Lamb.gcup_iditate
969 4380 1147 4457 _bo_na,_
1169 4378 1333 4457 adies.

363 4385 379 4457 )
408 4385 611 4440 Lamb.
642 4385 937 4455 cupiditate
969 4385 1137 4449 bona,
1169 4385 1333 4435 adies.
1864 4385 1908 4447 ρ
1946 4385 2083 4434 hinc
2112 4385 2544 4444 removenda,et
2568 4385 2624 4433 in
2650 4385 2991 4435 mandatam
3014 4385 3344 4452 praecedens
3364 4385 3583 4440 immit-

265 4385 508 4531 ἕξω-1ο
539 4449 1496 4531 editishic.in_cip_iupt_g}rmca_sic
1540 4468 1572 4531 :_
1587 4446 1836 4531 Μάλιστα
1946 4450 2959 4531 teng‘aiex-‘Waliioinopuimusad
2997 4454 3195 4509 mand.
3225 4471 3306 4521 x1,
3341 4460 3459 4510 not.
3489 4456 3583 4511 84.

191 4526 240 4584 εί
270 4517 359 4581 ’ἄν
397 4517 643 4599 ’ἐμπεσεῖ
690 4523 765 4585 εἰς
813 4517 1039 4590 αότήνᾌ
1088 4517 1284 4582 δοῦλος
1314 4524 1412 4575 τοῦ
1444 4523 1603 4575 Θεοῦο
1628 4520 1719 4574 καὶ
1750 4519 1836 4574 ἐὰν

198 4600 273 4640 ινλ
306 4596 345 4640 ,π
374 4597 586 4640 συνίει-λι·
637 4616 670 4640 τι
720 4615 766 4640 τγ
804 4591 878 4640 λη
916 4611 1062 4640 num-
1097 4593 1145 4640 si
1184 4609 1378 4640 vnnem
1415 4593 1683 4640 ultimam
1738 4593 1836 4640 de-

2016 4522 2093 4640 (5)
2128 4522 2220 4576 Sic
2253 4520 2391 4577 Felli
2424 4522 2561 4604 edit.
2594 4524 2773 4577 Oxon.
2803 4521 2889 4577 Al.
2919 4524 3017 4578 ita.

2037 4594 2072 4640 ὃ
2124 4593 2327 4640 Lamb.
2361 4593 2600 4640 Smrmu
2624 4600 2933 4640 decursum-
2968 4611 3017 4640 m

197 4600 274 4673 μὴ
306 4596 345 4672 ᾖ
374 4591 605 4673 συνετὸς,
637 4616 690 4653 κ.
720 4615 771 4651 τ.
804 4591 882 4673 λέ,
916 4611 1064 4666 qua,
1097 4593 1146 4648 si
1184 4609 1383 4673 vocem
1415 4593 1685 4673 ultimam
1738 4593 1836 4648 de-

2123 4593 2327 4673 yamb:
2360 4593 2600 4673 Spiritus
2624 4600 2934 4673 desursum,
2968 4596 3224 4663 omissis,
3254 4598 3475 4670 quiest.

195 4662 349 4739 inus,
378 4662 603 4725 nullibi'
626 4662 1098 4739 exstant,ne_que
1127 4665 1280 4739 apud
1329 4665 1834 4739 pseudo-Athana-
2016 4662 2093 4739 (ἶ)
2124 4665 2280 4739 Mss._
2298 4662 2467 4739 Angl.
2499 4667 2745 4739 omnium
2771 4666 3073 4721 hominum.

195 4735 355 4827 sium
386 4758 575 4829 neque
591 4740 745 4829 apud
771 4735 1358 4829 Antipchru‘m..Efﬁcta
1388 4736 1568 4829 igitur
1593 4735 1838 4829 aFabri-
2122 4735 2324 4829 bamb.
2358 4735 2538 4829 dpest,
2572 4738 2964 4805 interrogatus.

195 4814 286 4871 cio
316 4830 385 4869 ex
413 4806 602 4869 vetere
628 4806 985 4880 'Interprete,
1014 4807 1270 4880 Clericus
1299 4813 1357 4862 et
1406 4806 1833 4880 Bussel_ius__ex-
2017 4806 2097 4880 (9)
2115 4806 2212 4880 ΔΑ).
2241 4806 2490 4880 angelus.

194 4885 496 4956 scripsere.
548 4883 665 4938 Nos
694 4877 827 4938 vero
878 4880 1055 4935 verba
1094 4878 1669 4956 pseudo-Athanasii,
1704 4878 1838 4933 licet
2162 4878 2361 4956 bamb.
2394 4877 2634 4956 Spiritus
2658 4886 2896 4956 sanctus.

194 4949 448 5012 Pastoris
475 4960 697 5011 textum
729 4956 924 5008 exacte
953 4966 1070 5005 non
1100 4950 1449 5021 exprimant,
1471 4949 1835 5021 exhibemus,

195 5026 772 5084 Montfauconianam
803 5023 1116 5079 editionem
1146 5020 1350 5091 secuti,
1383 5020 1712 5093 supplenda
1750 5026 1835 5075 ta-

194 5116 329 5169 men
359 5114 429 5155 ex
457 5098 529 5153 iis
559 5113 685 5170 qua:
718 5095 894 5170 habet
920 5093 1260 5170 An_tiochus.

198 5166 203 5169 “
265 5169 345 5244 (1)
378 5162 1086 5244 [.amb.fconsumitur_._1_ta
1118 5180 1256 5244 sane
1288 5162 1503 5244 Graeca.

292 5171 345 5244 1)
378 5171 574 5225 Lamb.
608 5171 967 5224 consumitur.
1003 5171 1086 5219 Ita
1118 5180 1256 5220 sane
1288 5171 1503 5218 Graeca.
1801 5234 1810 5243 _

265 5171 826 5321 €2)__I_n_quibusd_am
857 5236 1158 5321 codicibus
1190 5236 1438 5305 implicat
1466 5250 1682 5306 eos,pro
1714 5250 1839 5305 qui-

192 5310 583 5369 bu's'Wakius
614 5310 752 5382 legit
782 5310 1112 5382 implicatos.

264 5385 343 5457 (3)
393 5384 595 5457 Lamb.
653 5374 1001 5457 tradet-Sic
1045 5395 1199 5457 _m_ox
1246 5377 1485 5457 tradent,
1537 5380 1598 5457 et
1644 5374 1835 5457 tradet.

197 5446 356 5511 Hanc
408 5454 712 5510 lectionem
745 5450 1012 5511 sequitur
1041 5448 1229 5504 Fellus
1264 5450 1320 5502 in
1355 5465 1459 5503 sua
1491 5446 1627 5502 edit.
1655 5446 1835 5501 Oxon.

197 5528 264 5582 In
295 5525 467 5583 editis
498 5524 699 5582 Clerici
731 5528 788 5578 et
817 5519 1066 5577 Russelii
1098 5520 1387 5576 omittitur
1402 5519 1735 5589 conjunctio
1766 5520 1836 5588 et,

201 5597 484 5671 quamgal.
517 5596 810 5671 exhibent.

268 5670 350 5797 (14)
381 5669 521 5725 Mss.
571 5671 711 5740 Aug.
762 5667 1015 5721 Primum
1064 5665 1331 5719 omnium.
1388 5663 1512 5717 Haec
1541 5665 1735 5716 autem
1784 5664 1839 5714 et

293 5741 430 5797 'aua
456 5740 635 5797 huius
652 5737 859 5797 canitis
876 5735 1104 5797 aliaque
1123 5751 1376 5797 cap.seq.
1389 5733 1576 5797 ,uncis
1590 5733 1835 5797 inclusa,

203 5733 430 5813 reliqua
456 5740 635 5812 hujus
652 5733 859 5811 capitis
876 5735 1104 5807 aliaque
1123 5733 1576 5807 cap.seq.,uncis
1590 5733 1835 5801 inclusa,

2016 4948 2130 5023 (41)
2163 4947 2344 5023 Bodl._
2371 4947 2436 5002 et
2458 4948 2659 5023 Lamb.
2711 4952 2841 5020 quia
2870 4952 3176 5021 quicunque
3202 4954 3407 5023 spiritu
3434 4953 3583 5009 divi-

1944 5020 2139 5091 nitatis
2190 5020 2459 5091 loquitur,
2492 5020 2734 5091 loquitur
2781 5020 2921 5076 sicut
2953 5020 3391 5079 Dominus'vutt.
3424 5025 3584 5082 Hanc

1944 5089 2527 5145 lectionem‘retinuit
2554 5089 2748 5147 Fellus
2776 5092 2835 5147 in
2867 5110 2973 5148 sua
3003 5092 3138 5149 edit.
3172 5094 3351 5150 Oxon.

2046 5162 2129 5215 1‘2)
2161 5162 2359 5238 Lamb.
2412 5164 2659 5217 Primum
2685 5166 2839 5238 enim
2870 5166 3027 5220 homo
3068 5174 3293 5238 putatur
3321 5168 3586 5238 spiritum

1947 5232 2145 5287 habere
2198 5234 2533 5287 exaltantem
2559 5250 2633 5288 se.
2682 5234 2844 5289 Bodl.
2896 5232 3092 5290 autem
3141 5236 3268 5292 sic:
3322 5232 3582 5295 Primum

1946 5306 2094 5358 enim
2123 5305 2279 5357 homo
2310 5306 2407 5374 qui
2444 5308 2666 5375 putetur
2693 5307 2955 5375 spiritum
3000 5307 3216 5373 habere,
3249 5310 3462 5365 exaltat
3501 5327 3579 5366 se.

2018 5375 2129 5446 (13)
2162 5376 2364 5500 ξὶειωὺ.
2414 5381 2470 5430 et
2499 5376 2690 5431 Carm.
2722 5378 2804 5431 Ita
2832 5394 2995 5432 nunc.
3028 5379 3099 5433 Et
3128 5396 3259 5435 mox
3289 5396 3301 5436 :
3333 5380 3436 5437 Sed
3473 5399 3585 5439 non

2018 5463 2172 5500 nvem
2206 5490 2216 5500 .

1946 5462 2216 5501 convenat.

2018 5518 2129 5588 (14)
2158 5520 2241 5571 An
2273 5516 2488 5572 divitia:
2507 5520 2531 5569 ?

2017 5590 2129 5659 (15)
2161 5594 2295 5643 Mss.
2330 5589 2500 5659 Angl.
2533 5589 2697 5642 morti
2724 5588 2836 5644 dat.

2017 5654 2129 5731 (16)
2163 5659 2322 5715 Bodl.
2356 5654 2709 5715 resistentem.
