4036 6356
462 370 577 432 947

1957 384 2023 443 S.
2071 380 2372 443 HERME

3739 376 3841 438 918

461 501 614 561 rebit
642 503 755 577 (17)
785 508 920 561 ante
965 509 1042 576 te,
1073 506 1287 565 timens
1336 526 1500 567 arma
1532 517 1629 567 lua
1660 529 1674 567 :
1706 517 1764 567 et
1820 513 2109 568 obtinebis
2140 515 2254 584 (18)
2298 514 2623 585 victoriam,
2654 519 2712 571 et
2758 512 3127 569 coronaberis
3158 511 3229 568 ob
3259 510 3419 567 illam
3469 510 3602 583 (19),
3634 514 3692 566 et
3734 526 3841 583 per-

461 596 659 650 venies
710 595 782 651 ad
832 596 1211 668 cupiditatem
1263 598 1499 673 bonam,
1533 606 1590 656 et
1636 603 1829 659 trades
1861 604 2158 659 victoriam
2191 603 2307 659 Deo
2357 620 2534 675 quam
2566 603 2879 676 acceperis,
2910 606 2967 658 et
3017 601 3231 658 servies
3273 601 3326 658 ei
3374 600 3667 674 operando
3713 600 3842 656 sicut

464 680 589 753 ipse
618 681 890 739 volueris.

531 770 586 825 Si
619 775 809 827 autem
829 772 1096 828 servieris
1120 775 1421 846 cupiditati
1450 777 1696 845 bonae,et
1717 778 2101 851 subditus(20)
2132 786 2187 850 Α

462 857 513 913 ei
546 859 745 931 fueris,
780 861 994 932 poteris
1038 862 1323 918 dominari
1355 882 1529 937 super
1563 868 1942 938 cupiditatem
1987 885 2106 924 ma-

465 946 605 1018 lam,
638 954 694 1005 et
725 950 835 1006 erit
867 952 1103 1007 subdita
1134 953 1259 1024 tibi,
1293 954 1446 1009 sicut
1478 954 1750 1011 volueris.

2288 780 2407 833 Ἐὰν
2459 776 2515 834 δὲ
2556 776 2847 853 δουλεύσῃς
2891 782 2959 852 τῇ
2992 777 3246 850 ἐπιθυμίᾳ
3274 777 3344 851 τῇ
3376 778 3571 853 ἀγαθῇ,
3604 778 3694 831 καὶ
3728 777 3839 830 ὑπο-

2206 872 2378 943 ταγῇς
2412 867 2570 941 αὐτῇ,
2622 866 2839 922 δύνασαι
2870 871 3277 942 κατακυριεῦσαι
3308 873 3408 934 τῆς
3442 864 3730 938 ἐπιθυμίας
3757 872 3841 932 τῆς

2207 963 2474 1030 πονηρᾶς,
2505 956 2594 1011 καὶ
2627 956 2880 1026 ὑποτάξαι
2914 955 3078 1025 αὐτὴν
3110 956 3290 1016 καθὼς
3318 954 3530 1030 βούλει.

1975 1082 2206 1137 CAPUT
2245 1083 2340 1137 IIl.

538 1173 758 1229 Vellem
790 1174 900 1245 (21)
932 1175 1098 1243 scire,
1128 1177 1384 1247 domine,
1419 1194 1531 1247 quo
1566 1178 1735 1233 modo
1768 1179 1981 1234 servire
2011 1180 2107 1235 de-

468 1262 637 1317 beam
668 1263 973 1333 cupiditati
1004 1266 1363 1332 bonamtudi,
1385 1267 1575 1337 inquit
1604 1284 1616 1320 :
1653 1267 1808 1322 Habe
1840 1268 2108 1323 timorem

468 1351 591 1420 Dei,
624 1357 681 1406 et
712 1353 883 1406 {idem
917 1354 1029 1424 (22)
1060 1354 1117 1407 in
1152 1354 1289 1423 Deo,
1322 1360 1377 1409 et
1414 1356 1711 1410 veritatem
1748 1373 1900 1421 ama,
1933 1362 1987 1411 et
2010 1358 2112 1427 ju-

470 1437 690 1493 stitiam
739 1438 935 1511 dilige,
969 1458 1025 1495 et
1054 1443 1140 1495 fac
1188 1444 1402 1497 bonum
1436 1444 1568 1514 (23).
1616 1444 1742 1498 Haec
1796 1446 2111 1515 operando,

470 1528 750 1599 probatus
802 1528 916 1584 eris
947 1546 1148 1585 servus
1200 1532 1445 1600 Domini,
1497 1537 1553 1587 et
1597 1533 1810 1588 servies
1862 1534 2021 1589 Deo:
2059 1538 2114 1589 et

473 1630 677 1670 omnes
709 1618 1043 1688 quicunque
1074 1619 1377 1674 servierint
1399 1621 1703 1692 cupiditati
1737 1623 2116 1692 bonae,vivent

472 1703 611 1759 Deo.
646 1704 1081 1761 Consummatis
1126 1707 1218 1762 his
1271 1709 1561 1764 mandatis
1606 1710 1941 1777 duodecim,
1971 1712 2116 1765 dixit

477 1792 622 1847 mihi
655 1809 668 1848 :
702 1794 891 1851 Habes
923 1795 1041 1851 haec
1064 1797 1361 1863 mandata,
1395 1797 1633 1853 ambula
1662 1799 1721 1853 in
1759 1798 1888 1866 his;
1921 1804 1977 1854 et
2006 1816 2115 1854 au-

478 1880 705 1939 dientes
737 1882 1004 1940 homines
1034 1885 1285 1950 hortare,
1320 1890 1383 1941 ut
1414 1887 1812 1958 paenitentiam
1845 1893 2037 1959 agant,
2062 1893 2118 1943 ct

479 1971 820 2041 poenitentia
847 1989 1047 2030 eorum
1083 1976 1300 2031 munda
1332 1975 1434 2031 fiat
1465 1977 1575 2048 (25)
1621 1976 1861 2048 reliquis
1911 1977 2116 2033 diebus

480 2058 609 2115 vitae
641 2077 863 2117 eorum.

2289 1175 2520 1231 Ἤθελον
2578 1182 2773 1253 γνῶναι
2820 1176 3000 1237 ποίοις
3045 1175 3270 1250 τρόποις
3321 1173 3407 1230 δεῖ
3458 1197 3526 1248 με
3579 1173 3847 1230 δουλεῦσαι

2219 1271 2288 1341 τῇ
2331 1266 2587 1339 ἐπιθυμίᾳ
2631 1270 2699 1339 τῇ
2752 1266 2942 1341 ἀγαθῇ·
3002 1268 3217 1322 Ἄκουε
3270 1271 3533 1339 "Ep-{mat
3587 1262 3847 1319 esum-3.

2219 1377 2316 1425 νην
2370 1355 2459 1409 καὶ
2509 1355 2703 1431 ἀρετὴν
2775 1354 3048 1423 ἀληθείας,
3099 1353 3187 1407 καὶ
3247 1350 3413 1431 φόϐον
3492 1353 3711 1427 Κυρίου,
3772 1354 3847 1407 καὶ

2221 1444 2422 1512 πίστιν,
2481 1444 2571 1499 καὶ
2619 1444 2947 1519 ἀγάπην.....
3006 1447 3181 1497 Ταῦτα
3236 1441 3623 1517 ἐργαζόμενος,
3691 1441 3851 1518 εὐαρε-

2222 1554 2344 1594 στος
2402 1530 2492 1604 ἔσῃ
2545 1530 2741 1594 δοῦλος
2788 1536 3035 1589 Θεοῦ.....
3086 1534 3199 1606 (24)
3244 1532 3343 1585 Καὶ
3393 1531 3711 1593 συντελέσας
3765 1534 3848 1599 τᾲς

2224 1619 2433 1676 δώδεκα
2474 1621 2669 1683 ταύτας
2721 1618 2961 1689 ἐντολὰς,
3016 1619 3195 1695 λὲγνιο
3257 1620 3568 1696 ...Πορεύου
3628 1620 3680 1675 ἐν
3746 1625 3848 1680 ταῖς

2225 1710 2468 1773 ἐντολαῖς
2517 1710 2757 1782 ταύταις,
2804 1708 2891 1764 καί
2941 1707 3242 1785 παρακάλει
3284 1708 3375 1763 καὶ
3411 1708 3541 1772 τοὺς
3573 1709 3850 1769 ἀκούοντας

2222 1799 2538 1873 πορεύεσθαι
2572 1798 2622 1853 ἐν
2674 1798 2880 1867 αὐταῖς,
2924 1796 3013 1852 ’ἱνα
3061 1800 3095 1867 ἡ
3149 1798 3403 1871 μετάνοια
3444 1797 3622 1852 αὐτῶν
3664 1796 3853 1871 καθαρᾶ

2222 1888 2443 1964 γενηται
2470 1887 2564 1950 τὰς
2595 1885 2791 1949 λοιπὰς
2820 1887 3029 1963 ἡμέρας
3057 1893 3157 1956 τῆς
3189 1892 3333 1956 ζωῆς
3362 1885 3564 1943 αὐτῶν.

553 2148 622 2204 Et
651 2149 1043 2207 ministerium
1075 2153 1184 2208 hoc
1215 2154 1369 2225 quod
1399 2153 1504 2209 tibi
1536 2155 1630 2221 do,
1663 2153 1886 2226 explica
1921 2154 2250 2228 diligenter,
2284 2160 2338 2212 et
2369 2154 2623 2211 multum
2656 2155 3029 2228 consequeris
3060 2155 3312 2209 fructum
3344 2156 3479 2227 (26),
3511 2158 3569 2210 et
3615 2154 3857 2211 invenies

479 2237 726 2308 gratiam
757 2242 911 2311 apud
944 2257 1167 2309 omnes,
1200 2242 1297 2311 qui
1329 2242 1731 2314 paenitentiam
1760 2247 1929 2314 agent
1959 2248 2015 2299 et
2043 2245 2279 2301 credent
2306 2244 2498 2301 verbis
2529 2244 2796 2315 tuis.Ego
2825 2244 2982 2300 enim
3015 2248 3205 2300 tecum
3237 2261 3393 2312 sum,
3424 2250 3481 2300 et
3509 2260 3717 2317 cogam
3746 2244 3859 2300 illos

480 2327 732 2384 credere.

551 2419 619 2471 Et
647 2417 764 2473 dixi
797 2417 915 2472 illi:
953 2419 1339 2490 Domine,haec
1370 2421 1646 2476 mandata
1676 2437 1889 2493 magna
1911 2426 1966 2476 et
1984 2440 2124 2494 prm-

2304 2424 2423 2495 (27)
2479 2420 2662 2496 Κύριε,
2722 2420 2776 2476 αἱ
2834 2418 3048 2476 ἐντολαὶ
3107 2420 3263 2474 αὗται
3322 2418 3551 2496 μεγάλαι
3592 2420 3688 2476 καὶ
3718 2420 3859 2476 καλαὶ

479 2502 636 2560 clara
665 2512 823 2575 sunt,
858 2512 915 2562 et
943 2508 1262 2565 exhilarare
1292 2526 1391 2564 cor
1424 2510 1681 2564 hominis
1714 2515 1979 2580 possunt,
2012 2511 2112 2582 qui

476 2594 732 2664 potuerit
781 2597 1073 2653 custodire
1102 2599 1381 2653 mandata
1429 2598 1569 2653 haec.
1604 2599 1717 2655 Sed
1768 2599 1987 2668 nescio,
2018 2601 2117 2656 do-

478 2682 736 2749 mine,an
768 2686 992 2756 possint
1020 2687 1295 2742 mandata
1324 2686 1446 2743 haec
1465 2689 1535 2743 ab
1554 2687 1789 2743 homine
1813 2689 2113 2745 custodiri.

477 2770 573 2825 Ait
621 2772 765 2826 mihi
799 2789 812 2829 :
844 2777 975 2830 Hac
1026 2775 1300 2831 mandata
1349 2776 1513 2831 facile
1543 2777 1858 2847 custodies,
1891 2782 1948 2833 et
1998 2796 2111 2834 non

479 2864 652 2915 erunt
680 2862 969 2919 durazsed
999 2864 1044 2919 si
1078 2868 1272 2920 tamen
1304 2865 1362 2919 in
1394 2882 1493 2921 cor
1522 2870 1687 2921 tuum
1707 2867 2113 2938 posueris,non

479 2964 653 3020 posse
683 2951 754 3005 ab
787 2950 1022 3008 homine
1050 2954 1349 3021 custodiri,
1382 2972 1498 3010 non
1532 2956 1825 3010 custodies
1856 2957 2116 3011 ea.Nunc

480 3042 674 3093 autem
707 3039 836 3095 dico
866 3040 969 3095 tibi
1002 3057 1017 3097 :
1050 3042 1105 3096 Si
1141 3058 1253 3097 non
1287 3043 1634 3099 custodieris
1662 3044 1783 3098 haec
1817 3045 2118 3112 mandata,

492 3128 550 3181 et
579 3126 845 3184 omiseris
898 3129 1031 3201 (28),
1065 3147 1179 3185 non
1229 3132 1341 3186 eris
1389 3131 1605 3198 salvus,
1642 3150 1828 3202 neque
1861 3132 1959 3187 ﬁlii
2018 3135 2123 3201 tui,

494 3230 680 3286 neque
713 3217 923 3274 domus
954 3226 1051 3274 tua
1080 3237 1093 3287 ;
1129 3221 1267 3291 quia
1296 3221 1419 3291 ipse
1442 3221 1978 3293 judicaveris,quod
2012 3241 2125 3279 non

493 3304 721 3374 possint
750 3304 872 3362 hac
903 3310 1178 3365 mandata
1209 3311 1281 3364 ab
1312 3310 1549 3366 homine
1578 3312 1877 3366 custodiri.

2228 2509 2317 2564 καὶ
2366 2507 2583 2565 δυναταί
2624 2510 2776 2575 εἰσιν,
2828 2507 3118 2583 δυνάμεναι
3172 2508 3425 2586 εὐφρᾶναι
3484 2510 3585 2578 τὴν
3662 2507 3859 2585 καρδίαν

2225 2602 2323 2653 τοῦ
2375 2595 2670 2671 δυναμένου
2716 2605 2951 2674 τηρῆσαι
3000 2597 3186 2659 αὐτάς.
3254 2597 3369 2655 Οὐκ
3417 2595 3560 2669 οἶδα,
3609 2599 3780 2675 κόριε,
3823 2598 3859 2653 εἰ

2227 2683 2473 2742 δύνανται
2518 2686 2572 2742 αἱ
2618 2686 2834 2743 ἐντολαὶ
2891 2684 3046 2742 αὗται
3100 2686 3203 2741 ὑπὸ
3259 2684 3484 2742 πολλῶν
3540 2686 3859 2765 φυλαχῆναι,

2228 2773 2365 2831 διότι
2396 2774 2629 2853 σκληραί
2663 2776 2816 2833 εἶ’σιν.
2854 2771 3166 2849 Ἐμϐλὲψας
3201 2772 3258 2829 δὲ
3288 2775 3443 2829 αὐτὸν
3498 2776 3526 2829 ὁ
3558 2774 3755 2838 δοῦλος
3780 2781 3859 2831 τοῦ

2229 2870 2361 2921 Θεοῦ
2408 2862 2539 2920 λετά
2585 2864 2803 2935 πολλῆς
2860 2863 3156 2940 αὐστηρίας
3199 2864 3363 2920 εἶπεν.
3424 2863 3711 2939 νΑνανδρε,
3742 2866 3857 2934 ἀκη-

2231 2950 2438 3024 διαστὰ,
2492 2953 2715 3029 ῥᾴθυμε,
2766 2952 2855 3008 καὶ
2892 2952 3216 3028 ὀλιγόψυχε,
3251 2952 3348 3007 οὐκ
3378 2949 3549 3024 οἶδας,
3584 2952 3671 3007 ὅτι
3708 2952 3788 3007 ἐὰν
3814 2951 3854 3006 ἐν

2231 3042 2315 3097 σοὶ
2371 3042 2541 3097 ἑαυτῶ
2588 3049 2768 3119 προθῆ
2821 3042 2903 3097 ὃτι
2955 3039 3204 3096 δύνανται
3237 3040 3605 3118 φυλαχθῆναι,
3637 3040 3855 3100 εὐκόλως

2234 3131 2395 3193 αὐτὰς
2426 3130 2697 3209 φυλάξεις,
2726 3129 2816 3186 καί
2847 3130 2946 3185 οὐκ
2976 3127 3182 3185 ἔσονται
3215 3129 3486 3205 σκληραί;
3522 3130 3582 3184 Εἰ
3618 3128 3681 3186 δὲ
3710 3127 3859 3202 ἀναϐῇ

2236 3219 2323 3275 ἐπὶ
2351 3222 2450 3289 τὴν
2479 3218 2697 3296 καρδίαν
2732 3242 2848 3289 σου,
2880 3218 2941 3274 ού
2976 3218 3234 3282 δύνασθαι
3262 3218 3427 3281 αὐτὰς
3461 3220 3563 3273 ὑπὸ
3578 3219 3857 3295 ἀνθρώπων

2237 3307 2601 3388 φυλαχθῆναι,
2629 3309 2690 3364 ού
2721 3307 2973 3385 φυλάξεις
3001 3307 3187 3370 αὐτάς.

2002 3436 2231 3492 CAPUT
2278 3436 2366 3492 lV.

563 3524 693 3582 Haec
718 3528 862 3583 mihi
893 3530 1261 3587 vehementer
1292 3532 1567 3589 iracunde
1598 3533 1830 3589 locutus
1860 3534 2056 3599 est,ita
2086 3538 2151 3589 ut
2180 3537 2529 3590 conterreret
2559 3549 2653 3589 me
2680 3531 3113 3588 valde.Vultum
3147 3532 3303 3588 enim
3334 3548 3508 3588 suum
3544 3536 3865 3597 mutaverat,

492 3612 574 3668 ita
602 3620 665 3670 ut
696 3633 809 3672 non
843 3624 1038 3689 posset
1067 3621 1240 3677 homo
1271 3622 1557 3678 sustinere
1590 3623 1738 3679 iram
1771 3624 1919 3694 ejus.
1954 3624 2019 3677 Et
2048 3639 2181 3678 cum
2211 3623 2451 3679 vidisset
2479 3638 2572 3678 me
2600 3622 3013 3678 conturbatum
3048 3626 3237 3677 totum
3268 3628 3325 3678 et
3354 3624 3693 3694 confusum,
3724 3622 3869 3694 ccepit

490 3701 647 3773 loqui
680 3707 1035 3764 moderatius
1066 3715 1123 3766 et
1151 3711 1420 3777 hilarius,
1451 3713 1653 3768 dicens
1689 3731 1701 3768 :

488 3794 671 3849 Stulte
700 3800 757 3851 et
784 3796 1080 3854 insensate
1109 3800 1588 3872 (29),inconstans
1618 3806 1675 3857 et
1704 3802 1981 3873 ignorans
2020 3803 2124 3873 (30]

2249 3798 2318 3858 Οὐ
2375 3805 2517 3862 νοεῖς
2574 3801 2671 3868 τὴν
2719 3796 2871 3873 δόξαν
2928 3803 3026 3854 τοῦ
3061 3803 3217 3865 Θεοῦ,
3250 3803 3366 3861 πῶς
3398 3796 3608 3875 μεγάλη
3647 3799 3754 3854 ἐστὶ
3798 3796 3868 3852 καὶ

492 3884 858 3953 majestatem
891 3888 1193 3960 Dei,quam
1224 3906 1475 3962 magnus
1498 3891 1610 3961 (31)
1634 3907 1927 3963 quamque
1958 3891 2130 3946 mira-

492 3972 629 4029 bilis
659 3975 757 4041 sit,
795 3976 895 4047 qui
944 3979 1142 4033 orbem
1185 3980 1397 4034 creavit
1444 3984 1678 4052 propter
1725 3980 2045 4047 hominem,
2078 3986 2134 4036 et

499 4078 729 4117 omnem
755 4068 1079 4122 creaturam
1111 4067 1359 4138 subjecit
1386 4068 1693 4135 homini,et
1714 4086 1945 4124 omnem
1981 4073 2135 4140 pote-

502 4154 710 4207 statem
742 4154 1096 4223 deditilli,ut
1126 4158 1459 4213 dominetur
1476 4158 1682 4213 horum
1703 4159 2133 4213 mandatorum.

502 4237 819 4307 Dominari,
849 4241 1053 4313 inquit,
1088 4250 1277 4316 potest
1298 4246 1561 4301 omnium
1593 4246 1801 4301 horum
1834 4247 2137 4301 mandato-

506 4343 659 4398 rum,
697 4329 795 4400 qui
829 4329 1001 4387 habet
1032 4333 1343 4389 Doniinum
1376 4336 1431 4389 in
1464 4336 1636 4391 corde
1665 4335 1917 4401 suo.Qui
1946 4340 2140 4391 autem

2249 3888 2449 3964 ἰσχυρᾶ
2498 3887 2586 3943 καὶ
2635 3889 2935 3962 Θαυμαστή·
2987 3886 3075 3943 ὅτι
3114 3882 3315 3942 ἔκτισεν
3378 3888 3471 3941 τὸν
3530 3886 3739 3961 κόσμον
3798 3884 3869 3940 διὰ

2240 3977 2329 4033 τὸν
2427 3974 2729 4052 ἄνθρωπον,
2817 3977 2903 4031 καὶ
2955 3977 3053 4046 τήν
3114 3976 3349 4047 ἐξουσίαν
3405 3974 3610 4031 ἅπασαν
3698 3974 3866 4033 ἔδωκεν

2245 4065 2392 4139 αύτῷ
2422 4065 2686 4142 κυριεύειν
2719 4064 2930 4121 πάντων
2956 4069 3063 4119 τῶν
3094 4065 3180 4119 ἐπὶ
3210 4072 3311 4134 τῆς
3342 4067 3445 4139 γῆς
3472 4085 3490 4123 ,·
3521 4064 3585 4120 Εἰ
3636 4065 3728 4121 οὖν
3757 4066 3867 4120 πάνυ

2246 4178 2353 4211 των
2402 4154 2608 4211 τούτων
2660 4156 2688 4210 ὁ
2745 4156 3030 4231 ρνθρωπος
3088 4153 3274 4230 κύριος
3344 4153 3452 4209 ἐστι
3531 4154 3622 4208 καὶ
3679 4154 3868 4210 πάντων

2251 4242 2464 4301 δύναται
2516 4248 2949 4317 κατακυριεῦσαι,
3000 4247 3119 4305 πῶς
3171 4242 3233 4297 ού
3292 4240 3574 4314 δυνήσεται
3622 4243 3713 4299 καὶ
3766 4242 3870 4298 τού·

2249 4356 2357 4390 των
2413 4338 2521 4389 τῶν
2598 4331 2831 4389 ἐντολῶν
2908 4336 3433 4408 κατακυριεῦσαι;...
3486 4335 3647 4387 Ὥστε
3716 4336 3874 4387 πασῶν

505 4414 722 4472 habent
748 4417 1057 4476 Dominum
1092 4422 1151 4477 in
1182 4423 1354 4479 labiis
1384 4425 1508 4479 suis
1536 4424 1745 4496 (32),et
1778 4441 1876 4479 cor
1906 4424 2124 4479 illoruu

2251 4427 2356 4478 τῶν
2410 4422 2642 4479 ἐντολῶν
2701 4420 2907 4477 τούτῶν
2957 4426 3367 4497 κατακυριεῦσαι
3425 4422 3453 4475 ὁ
3510 4421 3809 4498 ἄνθρωπος,
3852 4421 3873 4473 ὁ

505 4506 779 4562 obtusum
811 4512 980 4577 est,et
1011 4511 1179 4585 longe
1210 4517 1349 4568 sunt
1377 4531 1410 4569 a
1442 4513 1685 4569 Domino
1714 4514 1756 4549 δι
1787 4532 1799 4581 ;
1833 4513 1950 4569 illis
1983 4529 2147 4569 man-

574 4621 615 4656 ⁸¹
648 4621 760 4678 Isa.
793 4640 946 4695 XXIX,
981 4627 1084 4697 13;
1116 4628 1284 4684 Joan.
1312 4646 1411 4697 XII,
1446 4629 1494 4685 II
1525 4628 1652 4684 Cor.
1686 4643 1774 4697 III,
1812 4629 1896 4684 14.

2258 4508 2401 4588 ἔχων
2457 4513 2549 4568 τὸν
2600 4510 2797 4587 Κύριον
2848 4510 2898 4566 ἐν
2956 4514 3025 4585 τῇ
3073 4508 3266 4584 καρδίᾳ
3303 4509 3485 4565 αὐτοῦ’
3546 4510 3596 4565 οἱ
3630 4509 3690 4567 δὲ
3718 4510 3875 4565 initi

1663 4753 1901 4809 VARUE
1941 4754 2335 4812 LECTIONES
2376 4755 2465 4811 ET
2504 4754 2733 4811 NOTZE.

574 4846 687 4921 (17)
717 4848 916 4921 Lamb.
946 4850 1180 4921 parebit.

575 4918 687 4993 (18)
718 4920 923 4993 Lamb.
946 4918 1206 4993 vaccipies.

575 4990 684 5055 (19)
717 4991 856 5047 Mss.
890 4990 1155 5055 Angl.—ab
1187 4993 1309 5047 illa.

574 5064 685 5136 (2Q)
714 5064 881 5136 Apud
914 5064 1135 5119 Fellum
1181 5064 1414 5136 vulgata
1443 5065 1612 5120 lectio
1666 5064 2046 5136 conﬁrmatur
2075 5081 2142 5119 ex

504 5150 615 5191 ms.
650 5135 811 5189 Bodl.
841 5136 931 5190 Sic
962 5141 1017 5190 et
1068 5152 1222 5201 mox,
1253 5135 1485 5192 subdita.
1523 5137 1650 5207 Ipse
1679 5141 1875 5191 tamen
1910 5135 2140 5205 maluit,

501 5207 838 5273 subjectus...
867 5207 1131 5274 subjecta.

569 5276 682 5348 (21)
714 5278 913 5333 Lamb.
954 5279 1215 5334 Volebam.
1249 5279 1317 5333 Et
1348 5294 1479 5333 mox
1514 5296 1525 5333 :
1559 5294 1764 5348 possem
1788 5281 2013 5333 servire.

571 5349 691 5423 (22)-
715 5354 851 5405 Mss.
898 5350 1068 5423 Angl.
1119 5351 1343 5420 conﬁde.
1377 5350 1467 5406 sic
1497 5356 1554 5405 et
1601 5351 1740 5406 edit.
1774 5350 1912 5405 Felli
1957 5349 2136 5405 Oxon.

498 5419 584 5474 Al.
618 5418 739 5487 ﬁde.
992 5418 1020 5423 “
1222 5418 1225 5420 ’

570 5491 683 5564 (23)
714 5491 847 5564 Mss.
883 5492 1043 5564 Angl.
1078 5493 1225 5548 bene.

496 5563 683 5687 25g24)
718 5562 846 5617 Haec
875 5562 1050 5619 habet
1081 5564 1686 5635 pseudo-Athanasius
1718 5581 1879 5618 num.
1910 5565 2135 5635 13,pag.

572 5703 683 5774 (25)
719 5704 800 5760 Ita
830 5721 977 5761 mss.
1016 5705 1379 5775 Vict.,Carm.
1412 5711 1467 5761 et
1501 5706 1694 5762 Lamb.
1723 5707 1806 5761 lta
1836 5710 1891 5761 et
1922 5704 2133 5762 Fellus.

2255 4853 2469 4919 Graeca,
2502 4849 2654 4910 ἵνα...
2688 4850 2933 4926 γένηται.
2969 4850 3142 4926 Editi,
3171 4851 3282 4919 ﬁet.

2322 4926 2436 4995 (26)
2466 4929 2602 4981 Mss.
2636 4923 2803 4997 Angl.
2834 4924 3001 4997 deest
3026 4925 3289 4997 fructum.

2463 4997 2543 5075 EX
2569 4992 3148 5075 Dpctrihad-Anticic'hz,
3178 5010 3337 5075 n_um.
3495 5010 3609 5075 pag
3660 4994 3806 5075 263..
3832 5063 3841 5074 .

2321 5068 2433 5138 (28)
2470 5068 2664 5123 Lamb.
2718 5067 3171 5123 dissimulaverit.
3212 5066 3273 5120 In
3327 5064 3511 5119 editis
3557 5064 3750 5122 Graeca
3792 5064 3870 5120 hic

2250 5139 2604 5335 ωῗέὸὲἃλίεειο
2637 5209 2807 5281 Angl.
2849 5212 3019 5280 fatue.
3052 5209 3328 5290 Sequitur
3375 5208 3865 5278 pseudo-Athana-

2250 5280 2373 5335 sius
2434 5324 2446 5335 .
2479 5298 2529 5335 ο.
2565 5281 3024 5335 praecedentibus
3055 5281 3310 5335 omissns.

2248 5280 2373 5337 sius
2408 5280 2446 5336 Ι.
2479 5298 2529 5335 c.
2565 5280 3024 5352 praecedentibus
3055 5280 3310 5335 omissis.

2319 5354 2433 5423 (30)
2463 5349 2903 5418 Car'm.,Victor.
2936 5358 2993 5407 et
3030 5349 3642 5423 [.amb.‘ignora.s.Vide
3671 5350 3862 5423 Greca.

2319 5421 2431 5495 (31)
2463 5424 2603 5479 Mss.
2655 5424 2851 5495 Angl.,
2881 5428 3070 5478 Carm.
3104 5428 3161 5477 et
3190 5421 3402 5495 Victor.
3448 5438 3674 5495 magna.
3707 5422 3795 5495 Sic
3819 5424 3863 5476 et

2247 5491 2457 5550 arma.
2494 5496 2594 5549 Hic
2628 5491 2903 5550 mendum
2936 5495 3171 5565 irrepsit
3204 5495 3257 5547 in
3293 5491 3723 5549 edit.0xon.ubi
3752 5492 3858 5549 sic:

2245 5581 2406 5636 quam
2439 5584 2697 5638 magnus,
2725 5582 2995 5638 quamque
3021 5566 3353 5620 miserabilis
3381 5565 3470 5638 sit.

2316 5638 2427 5709 (32)
2458 5632 2648 5693 Carm.
2687 5632 2761 5693 et
2796 5632 2989 5692 Lamb.
3042 5638 3223 5707 deest,
3254 5636 3522 5709 ξηιλ-*118
3563 5637 3620 5689 et
3663 5632 3854 5701 Graeca,

2248 5706 2349 5765 nec
2382 5706 2494 5765 non
2527 5727 2689 5765 sacer
2714 5712 2888 5765 codex
2919 5726 3089 5781 quem
3125 5706 3361 5780 respicit
3391 5706 3652 5762 Hermas.
