4036 6356
203 438 323 502 949
1204 442 1535 505 PASTOR.
1557 474 1635 490 —
1653 444 1797 505 LIB.

2002 444 2297 506 riANDAT
2307 443 2417 505 UM
2460 443 2599 506 ΧΙῙ.
3480 440 3596 503 950

192 570 361 647 χείλη
391 565 611 647 ἔχοντες
641 571 733 627 τὸν
782 570 1016 647 Κύμιον,
1047 576 1147 645 τήν
1200 575 1258 633 δὲ
1306 574 1530 652 καρδίαν
1583 596 1786 651 πεπωρι

2001 582 2089 632 ata
2126 578 2239 633 haec
2270 581 2416 635 dura
2441 582 2581 633 sunt
2612 582 2667 634 et
2694 576 2979 634 difﬁcilia.
3009 576 3212 633 Ponite
3241 588 3377 647 ergo
3406 572 3595 646 vobis,

194 660 384 733 μένην,
429 662 518 716 καὶ
570 664 774 739 μακρὰν
826 658 973 724 ὄντες
1024 665 1128 720 ἀπὸ
1195 671 1292 721 τοῦ
1340 666 1561 740 ηΚυρίου
1627 664 1788 720 διὰ-τὶ

1997 666 2045 720 ui
2077 668 2241 721 vacui
2272 674 2329 724 et
2358 668 2509 723 leves
2560 668 2703 723 estis
2754 666 2813 722 in
2858 667 2990 734 ﬁde,
3042 665 3357 720 Dominum
3407 663 3591 721 Deum

191 751 395 805 ἑαυτῶν
447 749 727 826 ῥᾳθυμίαν,
761 752 986 814 ἐκείνοις
1039 754 1089 807 αἰ
1138 754 1352 809 ἐντολαὶ
1404 755 1555 808 αὗται
1611 752 1783 826 σκληρ

1995 762 2209 811 astrum
2244 757 2300 811 in
2333 758 2503 812 corde
2533 757 2744 811 habere
2775 756 2887 827 (33)
2914 773 2926 822 ;
2960 760 3015 811 et
3045 754 3402 827 intelligetis,
3436 753 3589 825 quod

191 838 349 908 εἰσιν,
389 840 477 893 καὶ
509 837 963 917 δυσκατόρθωτοι.
996 843 1157 897 Θὲσθε
1189 843 1301 913 οὖν,
1338 845 1493 916 ὑμεῖς
1544 843 1595 897 οἷ
1658 842 1784 917 ὀλιγ

1996 844 2096 898 ihil
2134 845 2357 901 facilius
2388 850 2476 901 est
2506 846 2597 900 his
2628 844 2940 911 mandatis,
2990 860 3175 915 neque
3205 842 3453 907 dulcius,
3488 859 3588 899 ne-

189 930 390 1003 ψυχοι,
418 927 507 982 καὶ
541 926 769 1007 ἐλαφροὶ
798 930 867 1003 τῇ
894 930 1093 999 πίστει,
1123 933 1215 985 τὸν
1251 932 1443 1007 Κύριον
1477 930 1783 987 άδιαλείπτι

1994 951 2064 989 ue
2092 934 2482 998 mansuetius,
2517 950 2703 1005 neque
2729 933 3026 988 sanctius:
3060 936 3117 987 et
3144 933 3455 987 convertite
3484 948 3587 987 vos

190 1016 273 1078 εἷς
303 1017 396 1078 τὰς
424 1014 647 1090 καρδίας
698 1018 869 1091 ὑμῶν,
913 1019 1002 1073 καὶ
1049 1021 1312 1095 γνώσεσθε
1358 1020 1439 1076 ὅτι
1502 1017 1654 1074 οὐδέν
1703 1020 1784 1073 ἐστ

1995 1023 2021 1076 d
2056 1023 2364 1078 Dominum
2390 1024 2590 1089 Deum,
2616 1027 2671 1076 et
2693 1021 3001 1092 relinquite
3032 1020 3330 1075 diabolum
3358 1024 3411 1074 et
3432 1018 3589 1075 volu-

188 1104 557 1181 εὐκολώτερον
608 1111 713 1161 τῶν
766 1105 998 1162 ἐντολῶν
1058 1109 1288 1177 τούτων,
1323 1107 1444 1163 οὔτε
1487 1107 1782 1183 γλυκύτερο

1994 1115 2139 1165 tates
2170 1111 2281 1180 (34)
2312 1112 2439 1183 ejus
2465 1130 2477 1177 ;
2502 1110 2636 1181 quia
2666 1108 2831 1164 malae
2859 1113 3014 1175 sunt,
3047 1113 3104 1164 et
3130 1125 3359 1174 amares,
3393 1112 3449 1163 et
3476 1107 3588 1163 im-

184 1190 313 1248 οὗτε
341 1195 807 1270 ἡμερώτερον.....
977 1196 1149 1252 Βλέπε
1181 1202 1431 1273 στερεῶς,
1464 1197 1552 1252 καὶ
1596 1197 1644 1267 ἐξ
1700 1196 1778 1251 δλι

1994 1199 2202 1252 iundae.
2239 1198 2303 1253 Et
2355 1198 2532 1253 nolite
2562 1198 2765 1253 timere
2813 1196 3133 1265 diabolum,
3177 1196 3314 1268 quia
3341 1196 3400 1251 in
3423 1196 3588 1252 vobis

177 1290 286 1352 τῆς
317 1281 541 1356 καρδίας
576 1283 857 1363 ἐπίστρεφε
896 1286 1033 1361 πρὸς
1086 1287 1302 1361 Κύριον,
1328 1287 1415 1341 καὶ
1469 1289 1544 1359 μὴ
1587 1281 1771 1363 φοϐηοί

1994 1292 2294 1342 otestatem
2326 1304 2440 1341 non
2490 1286 2683 1341 habet.
2740 1286 2854 1357 Ego
2903 1285 3056 1341 enim
3114 1285 3415 1340 vobiscum
3456 1302 3588 1341 sum

152 1368 273 1427 (τὸν
320 1367 603 1427 διάϐολον
649 1371 875 1447 δύναμις
924 1375 1028 1451 γὰρ
1074 1375 1124 1430 ἐν
1174 1376 1319 1448 αὐτῷ
1366 1375 1465 1430 οὐκ
1512 1374 1652 1429 ἔστιν
1702 1396 1746 1429 κς

1995 1376 2188 1431 untius
2222 1375 2589 1447 poenitentia,
2640 1374 2741 1446 qui
2772 1374 3041 1429 dominor
3090 1373 3268 1429 illius.
3312 1373 3589 1431 Diabolus

173 1464 289 1516 τῶν
340 1459 551 1517 δούλων
599 1466 698 1518 τοῦ
747 1468 900 1518 Θεοῦ’
936 1464 964 1519 ὁ
1011 1464 1140 1527 Θεὸς
1186 1464 1289 1541 γάρ
1340 1464 1481 1519 ἐστιν
1520 1466 1547 1519 ὁ
1578 1464 1767 1540 παρέχι

1989 1469 2140 1519 utem
2172 1465 2441 1519 timorem
2477 1463 2648 1530 facit;
2700 1464 2799 1518 sed
2841 1463 3016 1518 timor
3060 1461 3218 1517 illius
3260 1480 3446 1520 vanus
3476 1468 3583 1520 est.

173 1552 282 1620 τὴν
308 1550 487 1621 νίκην.
518 1552 576 1605 Ὀ
608 1546 866 1614 διάϐολος
917 1552 1079 1626 μόνον
1127 1549 1293 1632 φόϐον
1346 1550 1482 1629 ἔχει’
1517 1555 1545 1608 ὁ
1579 1553 1637 1608 δὲ
1665 1548 1767 1631 φόϐ

1688 1548 1834 1615 >όϐος
1943 1554 2133 1609 Nolite
2163 1569 2298 1625 ergo
2328 1553 2535 1608 timere
2563 1568 2719 1623 eum,
2752 1555 2809 1607 et
2832 1551 3014 1624 fugiet
3046 1568 3079 1607 a
3101 1550 3282 1608 vobis.

176 1639 347 1695 αὐτοῦ
398 1639 586 1702 τόνους
637 1640 737 1696 οὐκ
780 1638 917 1717 ἔχει.
952 1644 1040 1712 Μὴ
1093 1638 1339 1718 φοϐηθῇς
1386 1641 1476 1698 οὖν
1529 1642 1708 1715 αὐτὸν,
1741 1643 1830 1697 καὶ

178 1728 427 1808 φεύξεται
457 1728 565 1785 ἀπὸ
594 1733 711 1787 σοῦ.

1712 1856 1947 1914 CAPUT
1982 1860 2049 1911 V.

252 1953 324 2009 Et
351 1952 468 2009 dixi
497 1952 624 2009 illi:
656 1953 921 2026 Domine,
955 1955 1091 2011 audi
1126 1972 1218 2012 me
1246 1973 1434 2028 pauca
1462 1957 1635 2012 verba
1684 1956 1971 2011 dicentem
2001 1956 2113 2027 (36)
2143 1955 2271 2010 tibi.
2306 1954 2430 2025 Dio,
2482 1953 2691 2024 inquit.
2730 1953 2935 2019 Homo,
2984 1952 3227 2024 inquam
3258 1953 3417 2025 cupit
3445 1953 3580 2025 qui-

174 2042 312 2097 dem
346 2043 625 2098 mandata
651 2042 755 2098 Dei
786 2044 1118 2112 custodire;
1150 2049 1204 2100 et
1236 2062 1406 2101 nemo
1436 2050 1525 2101 est
1555 2045 1655 2117 qui
1680 2061 1793 2100 non
1828 2048 1989 2116 petat
2014 2061 2048 2099 a
2081 2044 2342 2114 Domino,
2386 2047 2448 2099 ut
2478 2043 2663 2115 possit
2692 2043 2970 2097 mandata
3010 2043 3138 2113 ejus
3187 2058 3435 2098 servare.
3464 2043 3575 2098 Sed

172 2130 452 2185 diabolus
482 2130 666 2186 durus
694 2135 819 2199 est;
851 2136 910 2187 et
940 2132 1195 2203 potentia
1226 2149 1333 2188 sua
1364 2134 1699 2188 dominatur
1727 2133 1787 2188 in
1818 2132 1913 2188 Dei
1947 2149 2165 2188 servos.

246 2216 467 2290 (37)οὗ
499 2214 716 2272 δύναται
754 2219 856 2294 γάρ
911 2216 1383 2274 καταδυναστεύειν
1440 2224 1546 2275 τῶν
1608 2217 1817 2275 δούλων

1999 2222 2066 2276 Et
2097 2220 2277 2275 dixit:
2318 2220 2441 2278 Non
2472 2223 2674 2291 potest
2703 2217 2990 2274 dominari
3014 2218 3071 2273 in
3104 2218 3204 2274 Dei
3229 2235 3445 2287 servos,
3479 2219 3580 2291 qui

165 2310 272 2361 τοῦ
303 2309 458 2375 Θεοῦ,
488 2308 596 2360 τῶν
629 2305 681 2377 ἐξ
714 2304 852 2375 ὅλης
883 2304 1104 2383 καρδίας
1138 2306 1468 2377 ἐλπιζόντων
1529 2308 1609 2362 ἐπ’
1640 2307 1759 2363 αὖτέ

1986 2310 2169 2364 {totis
2200 2308 2535 2381 praecordiis
2568 2309 2627 2362 in
2672 2307 2989 2364 Dominum
3038 2308 3283 2363 credunt
3310 2308 3442 2379 (38).
3477 2308 3580 2364 Po-

168 2395 402 2450 Δύναται
435 2393 525 2449 οὖν
558 2396 586 2449 ὁ
619 2390 881 2458 διάϐολος
916 2396 1200 2469 παλαῖσαι,
1233 2395 1633 2452 καταπαλαῖσαι
1674 2396 1730 2452 δὲ
1760 2428 1762 2440 ε

1976 2403 2047 2454 εει
2068 2402 2262 2454 autem
2287 2396 2556 2454 diabolus
2577 2397 2785 2452 luctari
2815 2422 2828 2463 ;
2860 2396 2960 2452 sed
2984 2396 3208 2451 vincere
3229 2413 3343 2451 non
3363 2400 3570 2469 potest.

164 2482 413 2539 δύναται.
445 2484 566 2539 Ἐὰν
620 2482 711 2539 οὖν
761 2486 1014 2559 ἀντιστῇς
1067 2485 1249 2555 αὐτὸν,
1279 2487 1518 2557 νικηθεὶς
1577 2486 1758 2564 φεύξετ

1974 2488 1989 2541 i
2020 2488 2176 2543 enim
2208 2486 2485 2543 resistitis
2535 2485 2639 2553 illi,
2693 2486 2874 2558 fugiet
2903 2502 2937 2540 a
2982 2484 3147 2540 vobis
3194 2486 3471 2540 confusus
3500 2484 3568 2540 ⁸².

161 2572 276 2628 ἀπὸ
309 2576 405 2627 σοῦ
435 2574 915 2648 κατῃσχυμμὲνος.

1983 2594 2076 2631 am
2089 2576 2423 2648 quicunque
2436 2575 2549 2630 ﬁde
2564 2574 2717 2648 pleni
2732 2592 2845 2630 non
2860 2577 3019 2643 sunt,
3033 2572 3544 2629 timentdiabolum
3557 2616 3570 2643 ,

158 2663 339 2738 quasi
368 2668 715 2736 potestatem
747 2664 1078 2720 habentem.
1113 2665 1394 2722 Diabolus
1423 2666 1577 2721 enim
1627 2670 1813 2722 tentat
1844 2683 2040 2722 servos
2091 2666 2208 2731 Dei,
2241 2669 2320 2735 et,
2352 2664 2402 2720 si
2452 2663 2734 2719 invenerit
2776 2679 3009 2730 vacuos,
3046 2662 3413 2717 exterminat.
3448 2662 3577 2718 Sic-

158 2757 233 2808 ut
254 2752 369 2824 (39)
395 2751 548 2808 enim
570 2751 767 2821 homo,
792 2770 926 2808 cum
957 2752 1219 2825 implevit
1242 2755 1552 2826 amphoras
1577 2757 1727 2810 bono
1751 2756 1904 2822 vino,
1937 2758 1996 2810 et
2017 2754 2168 2809 inter
2188 2753 2317 2809 illas
2342 2752 2655 2824 amphoras
2677 2769 2891 2824 paucas
2910 2750 3263 2823 semiplenas
3282 2751 3496 2824 posuit,
3515 2754 3572 2807 et

156 2841 327 2898 venit
358 2844 422 2896 ut
450 2845 634 2897 tentet
661 2846 718 2896 et
742 2846 939 2914 gustet
957 2842 1271 2914 amphoras
1300 2861 1314 2911 ;
1348 2859 1462 2899 non
1493 2848 1679 2899 tentat
1699 2843 1900 2916 plenas
1924 2862 1938 2912 ;
1973 2844 2084 2899 scit
2107 2843 2261 2898 enim
2293 2843 2441 2913 quod
2477 2843 2642 2897 bonae
2664 2846 2803 2896 sunt
2825 2859 2838 2908 ;
2858 2840 3210 2912 semiplenas
3241 2845 3433 2896 autem
3459 2857 3565 2912 gu-

158 2934 303 3001 stat,
336 2946 408 2986 ne
435 2929 554 2985 sint
584 2930 761 2986 acidis
795 2931 954 2986 factaa
990 2949 1002 2986 :
1036 2932 1148 2987 cito
1178 2932 1333 2987 enim
1364 2933 1699 3005 semiplenae
1730 2932 2013 3005 amphora
2042 2936 2338 2997 acescunt,
2373 2934 2428 2986 et
2458 2930 2710 3002 perdunt
2763 2946 3029 3002 saporem
3059 2928 3197 2986 vini.
3229 2929 3323 2985 Sic
3354 2934 3410 2985 et
3438 2930 3566 2985 dia-

157 3018 338 3076 bolus
359 3017 516 3073 venit
546 3020 616 3075 ad
650 3019 917 3075 homines
950 3037 1144 3076 servos
1174 3021 1299 3089 Dei,
1322 3025 1387 3077 ut
1417 3026 1601 3077 tentet
1625 3022 1776 3078 illos.
1812 3021 2157 3093 Quicunque
2178 3027 2372 3076 autem
2404 3020 2559 3092 pleni
2592 3024 2731 3076 sunt
2750 3019 2883 3088 ﬁde,
2917 3018 3198 3075 resistunt
3225 3019 3276 3075 ei
3308 3019 3565 3089 fortiter);

158 3109 225 3164 et
253 3106 352 3163 ille
381 3107 594 3163 recedit
620 3107 692 3163 ab
740 3108 848 3176 eis,
906 3108 1044 3179 quia
1075 3124 1189 3163 non
1223 3107 1398 3164 habet
1454 3109 1647 3165 locum
1681 3110 1959 3166 intrandi.
2020 3110 2181 3165 Tunc
2209 3109 2368 3165 vadit
2421 3110 2492 3163 ad
2524 3108 2656 3164 illos
2712 3108 2810 3179 qui
2844 3125 2958 3163 non
2993 3112 3131 3163 sunt
3159 3108 3272 3163 ﬁde
3302 3106 3479 3180 pleni,
3514 3111 3571 3164 et

157 3196 447 3268 quoniam
478 3196 655 3252 habet
681 3195 897 3265 locum,
928 3197 1065 3253 inde
1092 3197 1271 3253 intrat
1300 3197 1359 3252 in
1393 3198 1526 3255 illos
1552 3218 1565 3269 ;
1599 3204 1658 3256 et
1688 3216 2048 3272 quascunque
2078 3198 2221 3270 vult,
2254 3199 2393 3254 facit
2423 3197 2565 3265 illis,
2597 3202 2653 3253 et
2680 3198 2831 3253 ﬁunt
2863 3196 3066 3253 famuli
3094 3197 3243 3268 ejus.

1687 3325 1917 3381 CAPUT
1954 3324 2051 3379 VI.

230 3419 343 3475 Sed
371 3418 534 3476 vobis
565 3418 694 3475 dico
751 3435 856 3493 ego
889 3419 1133 3476 nuntius
1164 3420 1521 3492 poenitentia
1551 3439 1564 3479 :
1618 3422 1701 3478 Ne
1730 3422 1988 3478 timeatis
2020 3421 2342 3478 diabolum.
2372 3422 2589 3477 Missus
2613 3420 2770 3477 enim
2801 3436 2955 3487 sum,
2988 3423 3053 3475 ut
3100 3418 3403 3476 vobiscum
3429 3420 3566 3492 sim,

150 3508 497 3582 quicunque
529 3525 599 3564 ex
626 3507 764 3564 totis
822 3509 1157 3580 praecordiis
1214 3509 1449 3581 egeritis
1499 3511 1924 3583 paenitentiam,
1957 3514 2021 3566 ut
2076 3513 2413 3566 conﬁrmem
2446 3526 2548 3566 vos
2598 3510 2656 3564 in
2688 3510 2819 3565 fide.
2878 3508 3104 3564 Credite
3132 3525 3269 3582 ergo
3300 3508 3433 3581 (40),
3467 3510 3569 3581 qui

147 3601 395 3671 propter
424 3596 639 3653 delicta
661 3602 855 3653 vestra
885 3597 1051 3653 obliti
1082 3597 1222 3653 estis
1252 3598 1458 3668 Deum,
1492 3604 1547 3655 et
1568 3599 1667 3671 qui
1699 3598 1949 3655 salutem
1980 3603 2231 3655 vestram
2260 3597 2598 3669 objicientes
2628 3598 2741 3670 (41)
2774 3596 3024 3669 peccatis
3055 3597 3280 3665 vestris,
3308 3597 3564 3669 gravatis

146 3687 338 3743 vitam
367 3690 645 3753 vestram,
678 3687 830 3757 quod
862 3686 912 3741 si
944 3686 1205 3743 conversi
1236 3687 1462 3743 fueritis
1490 3689 1561 3744 ad
1594 3688 1908 3743 Dominum
1941 3704 2009 3743 ex
2039 3687 2177 3743 totis
2209 3687 2545 3759 praacordiis
2575 3686 2804 3754 vestris,
2845 3690 2903 3741 et
2932 3685 3246 3742 servieritis
3276 3686 3327 3741 ei
3358 3703 3566 3743 secun-

148 3776 300 3831 dum
332 3773 693 3830 voluntatem
724 3773 933 3845 ipsius,
967 3774 1129 3830 dabit
1158 3776 1483 3830 remedium
1533 3776 1843 3832 animabus
1893 3776 2103 3832 vestris
2133 3777 2271 3849 (42),
2300 3775 2653 3847 posthabitis
2703 3774 2955 3847 peccatis
2993 3775 3201 3831 vestris
3233 3774 3564 3847 prioribus;

146 3872 209 3921 et
238 3864 533 3920 habebitis
564 3867 915 3935 potestatem
947 3864 1286 3920 dominandi
1319 3866 1596 3921 omnibus
1627 3866 1903 3938 operibus
1935 3866 2037 3937 (43)
2070 3866 2308 3921 diaboli.

226 3953 346 4025 (44)
375 3952 462 4021 Μὴ
522 3948 591 4005 δὲ
630 3952 731 4021 τήν
792 3948 1023 4019 ἀπειλὴν
1078 3951 1243 4006 αὐτοῦ
1294 3949 1589 4026 δειλιάσῃς·
1626 3954 1814 4015 ἄτονος

1996 3954 2181 4010 Minas
2213 3958 2407 4010 autem
2438 3953 2596 4009 illius
2627 3954 2684 4008 in
2717 3957 2904 4009 totum
2954 3952 3160 4009 timere
3192 3952 3404 4008 nolite:
3437 3953 3564 4010 sine

148 4042 262 4116 γὰρ
315 4039 390 4102 ὡς
437 4043 625 4114 νεκροῦ
669 4043 850 4115 νεῦρα.
991 4038 1216 4095 Μᾶλλον
1252 4036 1526 4119 φοϐήθητι
1575 4042 1665 4097 τὸν
1712 4046 1742 4098 li

1966 4045 2135 4099 irtute
2166 4043 2320 4099 enim
2355 4046 2513 4111 sunt,
2540 4042 2691 4098 sicut
2719 4040 2974 4097 hominis
2998 4042 3210 4097 mortui
3241 4042 3421 4097 nervi.
3444 4046 3560 4097 Au-

150 4149 274 4205 ριον
308 4128 399 4183 τὸν
429 4125 721 4201 δυνάμενον
752 4132 918 4182 σῶσαι
952 4129 1041 4183 καὶ
1072 4128 1355 4187 ἀπολέσαι.

1967 4133 2038 4188 ite
2066 4149 2202 4206 ergo
2231 4149 2362 4200 me;
2394 4138 2452 4188 et
2497 4133 2695 4187 timete
2742 4131 3054 4187 Dominum
3105 4130 3561 4203 omnipotentem

146 4219 255 4293 qui
289 4223 478 4292 potest
502 4236 605 4275 vos
636 4218 828 4275 salvos
859 4220 1045 4275 facere
1094 4221 1206 4292 (45)
1238 4226 1293 4276 et
1325 4222 1562 4291 perdere
1591 4222 1637 4257 ⁸³
1663 4240 1676 4290 ;
1710 4226 1767 4277 et
1824 4223 2111 4278 custodite
2143 4223 2419 4277 mandata
2458 4222 2608 4292 ejus,
2641 4224 2707 4276 ut
2762 4221 2965 4276 vivatis
2996 4226 3128 4277 Deo.
3188 4221 3254 4275 Et
3283 4220 3399 4275 dixi
3433 4218 3559 4276 illi:

142 4310 421 4375 Domine,
453 4309 628 4365 modo
661 4310 1044 4365 confirmatus
1077 4327 1207 4365 sum
1240 4311 1300 4365 in
1354 4311 1625 4366 omnibus
1658 4312 1953 4367 mandatis
2001 4311 2253 4377 Domini,
2288 4312 2551 4383 quandiu
2605 4326 2836 4366 mecum
2868 4326 2968 4377 es;
3000 4313 3057 4366 et
3085 4309 3203 4365 scio
3234 4310 3388 4381 quod
3420 4325 3563 4365 con-

140 4398 371 4470 fringes
400 4414 634 4453 omnem
664 4397 936 4453 virtutem
961 4398 1174 4454 diaboli
1199 4399 1331 4472 (46).
1357 4400 1464 4455 Sed
1498 4406 1553 4455 et
1580 4417 1686 4455 nos
1708 4400 2193 4472 exsuperabimus
2215 4399 2405 4467 illum,
2431 4399 2481 4454 si
2504 4415 2822 4471 possumus
2852 4399 2965 4471 (47)
2988 4399 3262 4454 mandata
3290 4398 3411 4454 hanc
3433 4414 3562 4469 ques

140 4486 499 4560 praecepisti,
530 4485 776 4541 Domino
806 4487 1210 4554 conﬁrmante,
1243 4488 1555 4543 custodire.
1617 4488 1944 4554 Custodies,
1978 4488 2189 4561 inquit,
2252 4488 2301 4544 si
2332 4505 2430 4544 cor
2456 4493 2629 4543 tuum
2691 4486 3088 4559 puriﬁcaveris
3120 4488 3189 4543 ad
3222 4487 3561 4544 Dominum.

142 4576 262 4634 Sed
293 4581 353 4633 et
382 4592 584 4632 omnes
614 4575 969 4644 custodient,
999 4576 1102 4647 qui
1132 4576 1567 4648 puriﬁcaverint
1597 4578 1772 4633 corda
1801 4594 1909 4633 sua
1938 4594 1973 4633 a
1999 4577 2165 4634 vanis
2197 4577 2620 4649 cupiditatibus
2651 4576 2831 4647 hujus
2859 4576 3075 4646 saeculi,
3117 4581 3174 4632 et
3200 4578 3393 4633 vivent
3420 4577 3559 4634 Deo.

294 4690 341 4728 ⁸³
367 4691 490 4749 Jac.
525 4706 605 4759 Iv,
637 4692 693 4746 7.
769 4690 815 4725 ⁸³
842 4690 1046 4745 Matth.
1080 4708 1136 4759 x,
1168 4691 1276 4761 28;
1309 4692 1446 4748 Luc.
1476 4710 1578 4760 x11,
1608 4693 1661 4746 5.

1322 4807 1566 4863 VARI/E
1604 4808 1984 4865 LECTIONES
2022 4809 2109 4863 ET
2146 4808 2378 4864 NOTIE.

221 4906 339 4977 (33)
369 4903 470 4988 ΑΙ..
490 4907 731 4960 vestrum
775 4908 827 4959 et
881 4904 945 4959 in
974 4902 1130 4960 corde
1186 4904 1400 4960 habere.
1464 4905 1602 4961 Felii
1654 4906 1791 4961 edit.
1976 4907 2090 5045 (4οξ
2122 4906 2240 4961 Ista
2271 4905 2581 5031 exscripsit
2609 4905 2927 4961 Antiochus
2960 4905 3163 4961 homil.
3195 4907 3282 4963 77.

221 4993 335 5033 :on.
366 4984 419 5032 et
446 4992 506 5031 tn
536 4975 699 5030 corde
727 4975 933 5031 habete.
1976 4978 2062 5045 (41
2144 4981 2281 5033 Mss.
2342 4980 2469 5045 Ang
2498 5019 2510 5031 .
2569 4986 2619 5032 et
2674 4978 2907 5033 salutem
2964 4986 3199 5032 vestram
3253 4996 3282 5034 α

144 4975 335 5060 0x21}.
366 4984 419 5060 et
446 4975 699 5060 ini'corde
727 4975 959 5060 habete._
1011 5055 1020 5060 _
1158 5046 1218 5060 τ’,
1444 5047 1464 5060 1
1586 5048 1599 5060 ⁸
1912 4975 2109 5060 “(41)
2144 4981 2302 5060 Mss.‘
2342 4975 2510 5060 Angl.
2533 5048 2545 5060 ‘
2569 4986 2619 5032 et
2674 4978 2907 5060 salutem
2964 4986 3199 5060 vest‘ragn

222 5048 337 5119 (34)
366 5051 471 5103 Ms.
504 5046 722 5101 Victor.
768 5047 1098 5103 voluntates.
1158 5046 1227 5102 Et
1258 5063 1391 5101 mox
1441 5047 1642 5103 Lamb.
1675 5064 1799 5119 qua:
1912 5046 2189 5105 Wackius
2213 5052 2405 5104 autem
2430 5046 2511 5103 ita
2533 5048 2689 5103 hunc
2711 5048 2903 5103 locum
2926 5048 3182 5103 restituit
3206 5066 3218 5103 :
3242 5046 3548 5109 Oblz'tz'estis

143 5120 441 5195 prognta.
490 5194 495 5195 γ
849 5189 864 5195 _
964 5193 970 5195 _
1003 5188 1037 5195 Α-
1213 5188 1225 5195 _
1544 5190 1567 5195 _
1594 5194 1597 5195 ν
1906 5121 2076 5195 Deum
2096 5124 2145 5174 et
2169 5122 2402 5174 salutem
2431 5128 2666 5195 vestram
2686 5136 2705 5179 .·
2735 5128 2786 5175 et
2833 5122 2928 5190 qui
2972 5120 3288 5192 adjicientes
3310 5128 3549 5195 peccatis

220 5188 339 5263 (35)
366 5190 655 5245 Hactenus
686 5188 1304 5264 pseudo-Athanasius
1345 5206 1508 5244 num.
1539 5190 1630 5259 21,
1664 5206 1795 5261 pag.
1906 5192 2115 5264 rastris,
2146 5194 2399 5264 grauatis
2428 5194 2598 5264 vitam
2631 5188 2882 5264 restrain.

140 5264 277 5340 254.
310 5261 672 5340 QuieAautern
732 5266 1063 5340 sequuntur
1113 5261 1344 5340 exhibet
1389 5267 1593 5340 auctor
1632 5279 1795 5317 num.
1924 5262 2089 5340 __(42)
2125 5261 2429 5340 lta_Fellus
2459 5263 2516 5316 in
2550 5279 2657 5340 sua
2686 5262 2823 5317 edit.
2876 5261 3054 5318 Oxon.
3088 5278 3156 5317 ex
3200 5281 3342 5322 mss.
3375 5266 3542 5340 Angl.

147 5337 241 5404 12,
275 5333 564 5405 pag.258,
593 5331 966 5405 aliquantum
1000 5332 1246 5397 diversa,
1283 5336 1345 5387 ut
1375 5333 1608 5388 assolet.
1906 5334 1995 5388 Al.
2030 5333 2329 5388 remedium
2354 5335 2609 5404 peccatis.

222 5376 241 5404 ,
275 5350 349 5405 pa
394 5375 407 5387 .
439 5350 564 5397 seu,
599 5350 966 5402 aliquantum
1000 5350 1246 5397 diversa,
1283 5350 1345 5387 nt
1375 5350 1608 5388 assoxet.
1906 5350 1995 5388 AI.
2030 5350 2329 5388 remeazum
2354 5350 2609 5404 peccans.

221 5350 461 5474 (36)%ic
494 5402 657 5457 Bodl.
691 5402 883 5475 Fellus
915 5408 1130 5471 autem,
1167 5405 1492 5475 loquentem.
1979 5405 2091 5475 (43)
2123 5410 2258 5460 Mss.
2292 5404 2485 5475 Angl.,
2520 5404 2765 5458 omnium
2797 5420 3039 5475 operum.

366 5476 448 5560 id}
478 5474 1056 5560 ps'eu‘dofAt’hanasio
1083 5491 1247 5560 num.
1288 5476 1367 5560 l2,
1389 5492 1540 5560 pag.
1561 5476 1689 5529 258.
1786 5551 1795 5560 _
1980 5477 2252 5560 (4-4)_Hnazc
2284 5474 2885 5560 pseudo-Athanasius
2932 5492 3095 5560 num.
3143 5478 3239 5560 12,.
3274 5479 3384 5535 sub
3410 5481 3547 5560 init.

245 5548 336 5620 38)
365 5546 656 5620 Ms._Vict.
691 5547 748 5599 in
779 5547 971 5620 LDeum
1012 5556 1254 5619 sperant.
1305 5547 1550 5602 Exhibet
1579 5551 1798 5617 sperant
1908 5546 2040 5619 pag.
2073 5550 2198 5617 258,
2232 5564 2478 5620 quorum
2513 5546 2748 5618 quidem
2796 5546 2987 5617 priora
3025 5548 3098 5603 ab
3147 5546 3276 5605 aliis
3305 5552 3545 5612 omissa.

218 5565 336 5631 (se)
365 5565 474 5602 MS.
520 5565 656 5600 Vict.
691 5565 748 5599 ιη
798 5565 971 5601 ueum
1012 5565 1254 5619 sperant.
1306 5565 1550 5602 nxnioet
1579 5565 1798 5617 sperant
1908 5565 2040 5619 pag.
2073 5565 2198 5617 ωδ,
2232 5565 2478 5671 quorum
2513 5565 2748 5618 quidem
2796 5565 2944 5617 prior

148 5625 334 5676 etiam
367 5616 524 5673 Bodl.
560 5619 645 5673 Ita
674 5621 733 5672 et
767 5617 982 5673 Graeca.
1542 5680 1545 5681 ν
1978 5620 2091 5687 (45)
2126 5620 2234 5673 Bod
2270 5659 2282 5671 .
2315 5622 2481 5688 potest
2509 5622 2722 5673 salvum
2748 5620 2944 5687 facere.

228 5691 343 5763 (39)
369 5694 539 5745 Hunc
560 5688 754 5745 locum
775 5688 976 5745 laudat
1004 5690 1301 5761 Origenes,
1326 5694 1492 5745 tract.
1519 5680 1605 5755 3i,
1633 5690 1796 5743 Com-
1980 5680 2092 5833 (46)
2126 5680 2329 5745 Lamb:
2358 5691 2593 5745 inimici.

228 5766 328 5820 νηί.
357 5762 421 5819 in
445 5760 630 5819 Matth.
663 5776 817 5832 xxxv,
848 5760 934 5816 42.
2003 5762 2094 5833 47)
2122 5766 2257 5820 Mss.
2286 5760 2458 5833 Angl.
2478 5766 2529 5819 et
2553 5778 2593 5833 pi

150 5760 333 5821 ment.
357 5762 421 5819 in
445 5760 630 5819 Matth.
663 5776 817 5832 xxxv,
848 5760 934 5816 42.
1116 5760 1129 5761 ί
1980 5760 2094 5835 (47)
2122 5766 2257 5820 Mss.
2286 5760 2458 5834 Angl.
2478 5766 2529 5819 et
2553 5777 2856 5833 possumus.
