4036 6356
1990 399 2058 462 S.
2103 398 2405 468 HERMJE

1393 557 1740 624 Amoenus,
1773 556 2002 611 homilia
2029 557 2121 626 74,
2152 572 2222 612 ea:
2249 573 2366 628 cap.
2402 556 2454 628 1,
2485 555 2651 626 huius
2675 557 2864 614 mund.
2893 574 2995 612 ιιι.

574 670 715 732 Dicit
742 670 886 726 enim
910 687 929 725 :
962 670 1103 726 Tolle
1132 688 1165 726 a
1194 674 1246 725 te
1273 688 1488 726 omnem
1517 672 1867 742 cupiditatem
1908 672 2140 738 malam,
2171 674 2224 739 Α

2326 671 2470 742 Φησὶ
2501 671 2625 748 γάρ·
2658 674 2822 744 Ἀρον
2853 671 2957 726 ἀπὸ
2986 674 3081 726 σοῦ
3107 676 3274 725 πᾶσαν
3310 665 3595 741 ἐπιθυμίαν
3628 665 3884 738 πονηράν·

502 762 554 816 et
580 758 744 814 indue
771 759 1130 830 cupiditatem
1160 760 1354 815 bonam
1376 764 1424 814 et
1454 766 1722 816 sanctam.
1755 761 1978 816 Indutus
1998 762 2145 815 enim

505 847 857 920 cupiditatem
889 849 1049 917 hanc,
1098 848 1276 905 oderis
1322 850 1526 904 malum
1571 849 1946 921 cupiditatem,
1975 858 2026 904 et
2057 865 2143 904 re-

503 939 750 1009 frenabis
782 954 928 1004 eam,
957 939 1100 993 sicut
1130 939 1383 994 volueris.
1417 940 1551 992 Fera
1590 939 1737 992 enim
1763 943 1840 993 est
1870 939 2147 1010 cupiditas

504 1027 678 1095 mala,
708 1031 759 1081 et
805 1025 1014 1096 diﬁcile
1069 1027 1378 1098 mitigatur.
1430 1028 1722 1082 Horribilis
1767 1029 1916 1082 enim
1945 1031 2041 1095 est,
2096 1035 2150 1082 et

503 1115 664 1171 valde
711 1116 942 1185 feritate
997 1131 1101 1170 sua
1153 1118 1420 1171 consumit
1473 1117 1739 1171 homines.
1800 1117 1933 1172 Cum
1961 1126 2147 1171 autem

507 1204 659 1272 dicit,
694 1204 838 1259 Fera
867 1208 922 1258 et
951 1204 1244 1276 cupiditas
1287 1204 1460 1276 mala,
1505 1207 1796 1276 signiﬁcat,
1845 1206 2004 1276 quod,
2035 1210 2146 1260 etc.

512 1293 776 1370 Qmam
815 1307 944 1348 vero
996 1296 1047 1347 et
1087 1293 1268 1364 qualis
1322 1296 1413 1363 sit,
1463 1310 1570 1348 non
1631 1295 1802 1348 solum
1853 1294 2026 1364 mala,
2057 1294 2150 1348 sed

509 1384 559 1450 et
591 1380 729 1436 bona
755 1380 1026 1451 cupiditas
1055 1383 1118 1436 in
1144 1383 1392 1454 sequenti
1427 1397 1681 1438 sermone
1728 1383 2019 1454 diligenter
2047 1399 2148 1438 ea:-

507 1469 681 1540 ponit.

2255 756 2464 814 ἕνδυσαι
2523 757 2580 814 δὲ
2629 760 2914 834 ἐπιθυμίαν
2984 759 3186 835 ἀγαθὴν
3251 757 3339 821 καὶ
3408 758 3632 830 σεμνήν.
3697 751 3888 809 ἐνδεδυ,

2256 847 2519 921 σχόμενος
2573 851 2684 923 (48)
2734 849 2836 924 γὰρ
2883 849 2982 916 τὴν
3034 846 3317 920 ἐπιθυμίαν
3364 843 3590 914 ταύτην,
3649 846 3889 913 μισήσεις

2254 937 2352 1006 τὴν
2403 938 2642 1012 πονηρὰν
2693 935 3000 1010 ἐπιθυμίαν,
3050 937 3139 994 καὶ
3189 933 3659 1011 χαλιναγωγτςσεις
3707 932 3888 1000 αὐτὴν,

2255 1026 2432 1087 καθὼς
2485 1024 2692 1100 βούλει.
2749 1025 2942 1108 Ἀγρία
2987 1024 3088 1102 γάρ
3132 1022 3271 1079 ἐστιν
3405 1021 3662 1094 ἐπιθυμία
3709 1023 3744 1090 ἡ
3801 1041 3892 1076 πο·

2255 1114 2415 1189 νηρὰ,
2445 1114 2534 1169 καὶ
2575 1106 2855 1176 δυσκόΛως
2892 1116 3212 1190 ἡμεροῦται.
3260 1106 3620 1186 Φοϐερωτέρα
3674 1110 3780 1185 γὰρ
3819 1109 3893 1167 ἐσ-

2256 1223 2360 1272 τιν,
2392 1203 2482 1257 καὶ
2531 1201 2651 1257 λίαν
2697 1207 2767 1279 τῇ
2817 1204 3012 1272 ἑαυτῆς
3060 1201 3348 1279 ἀγριότητι
3395 1198 3604 1270 ὃάπανᾷ
3647 1198 3774 1260 τοὺς
3813 1199 3893 1252 ἀν-

2259 1293 2529 1368 Θρώπους.
2563 1293 2647 1346 Ἐν
2710 1289 2768 1346 δὲ
2811 1296 2890 1364 τῷ
2937 1289 3137 1367 λέγειν,
3168 1289 3356 1366 Ἀγρία
3396 1288 3536 1346 ἐστὶν
3576 1289 3612 1358 ἡ
3646 1286 3895 1360 ἐπιθυμία

2257 1383 2294 1450 ἡ
2326 1382 2560 1462 πονηρὰ,
2587 1381 2861 1457 σημαίνει,
2893 1379 3000 1451 ὅτι,
3029 1401 3083 1438 κ.
3113 1402 3166 1437 τ.
3199 1378 3254 1440 λ.
3297 1378 3387 1440 Τίς
3439 1375 3498 1433 δὲ
3538 1376 3632 1432 καὶ
3677 1379 3894 1446 ποταπή

2259 1471 2420 1540 ἐστιν,
2451 1468 2512 1524 οὐ
2574 1468 2737 1543 μόνον
2873 1469 3128 1546 πονηρία,
3177 1466 3324 1527 ἀλλὰ
3371 1467 3462 1530 καὶ
3503 1467 3674 1543 ἀγαθὴ
3722 1465 3898 1529 ἐπιθυ-

2264 1556 2362 1636 μία
2426 1559 2561 1640 (49),
2619 1557 2670 1615 ἐν
2726 1544 2823 1630 τῷ,
2861 1544 3089 1629 καθεξῆς
3144 1554 3390 1641 διαλόγῳ
3446 1550 3685 1636 ἀκριϐῶς
3761 1553 3896 1610 ἐκτί-

2262 1658 2432 1712 θεται.

1385 1769 1532 1824 Idem
1563 1772 1915 1834 ANTIOCHUS,
1950 1768 2188 1834 homilia
2214 1771 2305 1838 77,
2335 1786 2404 1836 ea:
2430 1786 2554 1842 cap.
2586 1772 2622 1826 6
2648 1771 2811 1843 hujus
2838 1770 3024 1826 mand.

581 1864 880 1935 Credamus
910 1880 1036 1940 ergo
1065 1866 1192 1944 Deo,
1223 1868 1319 1942 qui
1357 1874 1582 1937 propter
1608 1866 1810 1922 delicta
1853 1871 2038 1930 nostra
2067 1867 2161 1922 de-
2193 1870 2224 1935 Ῑ

2342 1866 2721 1940 Πιστεύσωμεν
2759 1864 2850 1921 οὗν
2913 1871 2995 1939 τῷ
3051 1871 3184 1940 Θεῷ,
3239 1864 3291 1920 oi
3344 1862 3435 1928 8ιᾲ
3485 1865 3581 1926 τὰς
3640 1861 3899 1939 ἁμαρτίας

509 1953 824 2028 spondimus
853 1955 1022 2009 vitam
1051 1963 1294 2010 nostram
1317 1973 1336 2009 :
1366 1965 1416 2010 et
1460 1964 1843 2011 convertamur
1872 1955 1941 2009 ad
1971 1957 2152 2020 Domi-

510 2059 646 2097 num
675 2043 844 2097 Deum
877 2051 1122 2098 nostram
1177 2061 1246 2099 ea:
1293 2046 1416 2100 totis
1466 2045 1788 2116 praecordiis
1831 2045 2034 2100 nostris
2056 2063 2075 2100 :
2105 2049 2156 2100 et

512 2147 801 2204 operemur
839 2132 1117 2199 iustitiam
1165 2133 1394 2204 reliquis
1423 2132 1610 2188 diebus
1657 2135 1782 2190 vitm
1829 2138 2026 2188 nostra:
2055 2151 2074 2188 :
2105 2137 2156 2188 et

513 2207 814 2282 serviamus
839 2221 894 2276 ei
919 2224 1082 2288 recte,
1131 2222 1429 2276 secundum
1477 2222 1814 2277 voluntatem
1855 2224 2048 2294 ipsius.
2080 2224 2156 2277 Et

516 2307 667 2364 dabit
691 2309 994 2364 remedium
1027 2312 1258 2384 peccatis
1304 2311 1504 2366 nostris
1549 2310 1867 2380 prioribus:
1915 2319 1965 2366 et
1993 2311 2154 2366 habe-

519 2398 702 2466 bimus
726 2402 1043 2471 potestatem
1081 2399 1412 2456 dominandi
1437 2402 1690 2472 cperibus
1716 2399 1948 2455 diaboli.
1985 2401 2156 2456 Minas

518 2495 702 2558 autem
730 2488 888 2543 illius
918 2488 978 2542 in
1018 2492 1190 2548 totum
1238 2491 1428 2544 timere
1477 2489 1716 2545 nolimus
1742 2508 1761 2542 :
1808 2491 1929 2545 sine
1957 2491 2158 2545 virtute

515 2577 662 2632 enim
691 2584 837 2650 sunt,
865 2577 1012 2633 sicut
1036 2576 1273 2632 hominis
1302 2580 1507 2634 mortui
1525 2581 1699 2633 nervi.
1730 2577 1833 2633 Sed
1863 2580 2157 2634 timeamus

509 2665 806 2734 Dominum
862 2667 1299 2740 omnipotentem,
1357 2669 1410 2722 et
1465 2667 1832 2723 custodiamus
1894 2666 2156 2722 mandata

509 2753 628 2834 ejus
649 2771 667 2808 :
693 2757 746 2810 et
773 2753 1015 2810 vivemus
1045 2755 1105 2810 in
1133 2771 1216 2810 eo.

2227 1937 2422 2029 ’ἡμῶν
2452 1937 2828 2032 ἀπεγνὼκότες
2871 1937 2976 2024 τῆςν
3013 1937 3381 2030 ζωῆςνὴμῶν·
3435 1953 3524 2008 καὶ
3571 1937 3900 2032 ἐπιστρξψωο

2268 2064 2361 2116 μεν
2389 2045 2526 2119 πρὸς
2577 2044 2773 2118 Κύριον
2833 2043 2922 2098 τὸν
2979 2043 3106 2099 Θεὸν
3162 2045 3321 2116 ἡμῶν
3354 2041 3404 2113 ἐξ
3435 2042 3573 2110 ὅλης
3626 2047 3730 2110 τῆς
3783 2060 3905 2114 καρ-

2266 2129 2381 2194 δίας
2413 2133 2601 2206 ἡμῶνο
2627 2133 2717 2186 καὶ
2749 2131 3100 2208 ἐργασώμεθα
3126 2132 3225 2200 τήν
3255 2129 3598 2201 δικαιοσύνην
3645 2130 3745 2202 τὰς
3797 2129 3905 2185 λοι-

2261 2222 2364 2282 πὰς
2395 2219 2602 2296 ἡμέρας
2630 2224 2730 2290 τῆς
2758 2207 2904 2290 ζώῆς
2944 2207 3126 2294 ἧμῶνο
3176 2221 3267 2274 καὶ
3325 2217 3704 2291 δουλεύσωμεν
3765 2217 3905 2288 αὖτῷ

2265 2309 2438 2386 ὀρθῶς
2467 2309 2602 2372 κατὰ
2626 2311 2689 2364 τὸ
2720 2309 2938 2382 θέλημα
2983 2309 3165 2366 αὐτοῦ.
3209 2308 3308 2366 Καὶ
3343 2311 3559 2379 ποιήσει
3603 2306 3753 2362 ’ίασιν
3796 2312 3904 2368 τοῖς

2263 2397 2546 2476 προτέροις
2610 2401 2768 2473 ἡμῶν
2821 2399 3243 2477 παραπτώμασι·
3300 2397 3389 2458 καὶ
3445 2394 3634 2471 ἕξομεν
3682 2394 3906 2470 δύναμιν

2262 2491 2360 2542 τοῦ
2391 2492 2799 2562 κατακυριεῦσαι
2847 2487 2955 2542 τῶν
3002 2483 3174 2564 ἔργων
3221 2491 3319 2548 τοῦ
3365 2482 3647 2542 διαϐόλου.
3687 2487 3802 2556 Τὴν
3853 2482 3906 2546 δι

2265 2575 2494 2646 ἀπειλὴν
2528 2575 2691 2632 αὐτοῦ
2722 2575 2870 2642 ὅλως
2921 2577 2996 2650 μή
3048 2570 3397 2655 φοϐηθῶμεν·
3442 2575 3633 2637 ἄτονος
3676 2575 3782 2658 γάρ
3831 2573 3906 2629 ἑσ-

2262 2687 2368 2736 τιν,
2425 2663 2605 2743 ὥσπερ
2656 2668 2848 2744 νεκροῦ
2903 2668 3084 2742 νεῦρα.
3161 2664 3337 2721 Ἀλλὰ
3409 2659 3743 2748 φοϐηθῶμεν
3818 2663 3903 2718 τὸν

2265 2751 2676 2836 πανταδῦναμον
2718 2753 2932 2830 Κύριον,
2965 2757 3055 2808 καί
3096 2755 3193 2817 τὰς
3243 2751 3465 2817 ἐντολὰς
3513 2751 3676 2809 αὐτοῦ
3733 2752 3902 2833 φυλά-

2268 2844 2461 2918 ξωμεν·
2494 2842 2583 2899 καὶ
2626 2845 2876 2919 ζήσωμεν
2909 2840 2960 2897 ἐν
2992 2841 3159 2916 αὐτῷ.

1553 3097 2058 3222 LIBER
2153 3097 2869 3222 TERTIUS

1940 3283 2044 3364 cm
2095 3310 2471 3357 mscmmrua

1771 3435 2654 3528 SIMILITUDINES.

1933 3693 2389 3762 SIMILITUDO
2433 3692 2484 3754 Ι.

661 3819 810 3895 Nos,
853 3821 998 3902 q‘uia
1040 3821 1103 3881 in
1146 3819 1251 3880 hoc
1290 3819 1506 3881 mundo
1543 3828 1986 3901 permanentem
2029 3817 2332 3886 civitatem
2371 3837 2491 3880 non
2532 3816 2829 3893 habemus,
2875 3817 3079 3880 debere
3121 3819 3419 3901 inquirere
3457 3821 3760 3901 futuram.

1922 3951 2152 4008 CAPUT
2191 3951 2482 4012 UNICUM.

580 4053 647 4109 Et
677 4052 821 4110 dixit
851 4052 994 4110 mihi
1024 4051 1193 4110 Scitis
1221 4067 1324 4114 vos
1354 4052 1582 4108 Domini
1615 4068 1811 4108 servos
1840 4051 1899 4106 in
1931 4051 2398 4124 peregrinatione
2424 4051 2538 4123 (50)
2565 4048 2828 4106 morari?
2870 4049 3086 4107 Civitas
3113 4051 3270 4107 enim
3307 4056 3497 4108 vestra
3526 4051 3698 4128 longe
3727 4057 3818 4110 est
3840 4054 3903 4108 ab

503 4142 614 4202 hac
644 4141 892 4198 civitate.
923 4142 977 4196 Si
1012 4158 1147 4214 ergo
1178 4141 1344 4197 scitis
1374 4142 1667 4198 civitatem
1706 4145 1964 4196 vestram
1999 4140 2059 4195 in
2089 4157 2206 4212 qua
2236 4139 2558 4196 habitaturi
2591 4140 2702 4218 (51)
2725 4138 2888 4211 estis,
2911 4140 3050 4214 quid
3081 4139 3178 4196 hic
3208 4140 3402 4196 emitis
3425 4157 3621 4214 agros,
3648 4145 3706 4197 et
3737 4159 3905 4217 appa-

504 4230 650 4298 ratis
677 4228 936 4286 lautitias
966 4234 1024 4286 et
1053 4229 1317 4296 aediﬁcia,
1352 4235 1409 4285 et
1438 4229 1826 4286 habitationes
1867 4230 1977 4300 (52)
2011 4245 2402 4300 supervacuas
2426 4227 2454 4282 Ἰ
2484 4227 2613 4283 Haec
2642 4227 2800 4283 enim
2831 4229 2932 4299 qui
2963 4234 3264 4302 comparat
3289 4228 3344 4284 in
3378 4229 3488 4285 hac
3519 4229 3774 4299 civitate,
3799 4246 3908 4288 non

506 4318 720 4390 cogitat
747 4318 807 4374 in
839 4335 1007 4375 suam
1042 4318 1336 4374 civitatem
1368 4318 1575 4374 redire.
1613 4318 1657 4374 Ο
1697 4317 1895 4385 stulte,
1927 4335 1959 4373 ο
2003 4315 2178 4373 dubie
2201 4322 2260 4372 et
2290 4316 2470 4372 miser
2515 4315 2710 4388 homo,
2745 4317 2845 4388 qui
2877 4333 2990 4374 non
3039 4316 3316 4391 intelligis
3347 4317 3468 4373 hzec
3495 4319 3697 4374 omnia
3727 4318 3911 4376 aliena

500 4423 649 4476 esse,
681 4412 738 4463 et
767 4407 877 4464 sub
902 4406 1144 4463 alterius
1171 4410 1476 4478 potestate.
1512 4406 1664 4463 Dicit
1693 4406 1850 4462 enim
1881 4405 1986 4461 tibi
2017 4405 2131 4480 (53)
2160 4405 2448 4463 Dominus
2479 4401 2730 4462 civitatis
2765 4404 2978 4477 hujus:
3010 4410 3129 4462 Aut
3154 4405 3382 4480 legibus
3414 4411 3579 4472 utere
3609 4408 3781 4480 meis,
3814 4411 3907 4464 aut

503 4497 706 4552 recede
736 4495 808 4552 de
836 4495 1065 4552 civitate
1095 4513 1260 4570 mea.)
1279 4497 1364 4551 Tu
1395 4511 1531 4569 ergo
1560 4496 1699 4568 quid
1723 4493 1919 4567 facies,
1945 4483 2044 4570 qui
2075 4495 2255 4550 habes
2281 4493 2468 4568 legem
2492 4493 2550 4556 in
2582 4493 2813 4551 civitate
2841 4499 2943 4550 tua
2969 4494 3079 4578 (54)
3097 4493 3125 4550 ?
3152 4497 3450 4568 Numquid
3475 4501 3713 4572 propter
3744 4513 3908 4570 agros

503 4589 658 4655 tuos,
691 4589 792 4641 aut
810 4588 1045 4658 propter
1077 4585 1304 4657 aliquos
1325 4589 1642 4657 apparatus
1672 4588 1827 4652 tuos,
1852 4584 2068 4656 poteris
2090 4599 2303 4656 negare
2320 4582 2505 4656 legem
2537 4587 2696 4638 tuam
2720 4582 2749 4638 ‘l
2779 4583 2940 4648 Quod
2963 4584 3011 4640 si
3027 4585 3346 4657 negaveris,
3377 4588 3436 4641 et
3453 4585 3707 4643 volueris
3727 4587 3905 4644 redire

505 4673 568 4730 in
599 4673 889 4730 civitatem
911 4679 1096 4743 tuam,
1121 4691 1235 4730 non
1261 4674 1576 4745 recipieris,
1599 4675 1698 4730 sed
1728 4673 2055 4730 excluderis
2083 4673 2240 4729 inde.
2267 4672 2412 4728 Vide
2437 4689 2571 4745 ergo
2593 4677 2656 4729 tu
2685 4672 2798 4746 (55)
2821 4673 2970 4729 sicut
2993 4690 3230 4746 peregre
3258 4675 3610 4742 consistens,
3633 4673 3782 4732 nihil
3799 4691 3906 4732 am-

507 4762 662 4836 plius
691 4780 995 4836 compares
1023 4763 1151 4832 tibi,
1185 4779 1361 4834 quam
1395 4763 1505 4834 (56)
1537 4762 1612 4818 sit
1642 4762 2034 4819 necessarium
2067 4767 2126 4818 et
2179 4761 2478 4822 sufﬁciens
2507 4761 2654 4830 tibi;
2700 4767 2757 4818 et
2785 4767 3024 4834 paratus
3080 4767 3226 4828 esto,
3257 4780 3328 4819 ne
3357 4765 3469 4836 (57)
3500 4781 3635 4820 cum
3665 4765 3904 4820 voluerit

505 4852 787 4910 Dominus
819 4853 933 4925 (58)
964 4851 1213 4910 civitatis
1242 4851 1421 4922 hujus
1449 4851 1735 4924 expellere
1773 4856 1830 4907 te
1880 4851 2246 4912 contradicas
2274 4849 2388 4924 legi
2418 4853 2586 4922 ejus;
2619 4855 2676 4906 et
2703 4868 2802 4908 eas
2847 4851 2907 4915 in
2937 4851 3226 4914 civitatem
3257 4857 3443 4923 tuam,
3477 4859 3545 4916 ut
3574 4855 3762 4918 utaris
3790 4853 3904 4926 lege

1674 4976 1909 5033 VARle
1952 4975 2337 5032 LECTIONES
2375 4975 2468 5031 ET
2505 4975 2738 5034 NOTAE.

581 5077 694 5148 (48)
726 5075 820 5148 Sic
852 5075 1027 5132 editio
1082 5073 1293 5148 Paris,
1343 5075 1628 5148 animi.
1689 5074 1868 5148 Editt.
1901 5074 2149 5145 Hermm,
2333 5073 2448 5148 (53)
2479 5073 2684 5148 Lamb.
2721 5073 2886 5148 deest
2918 5073 3043 5129 tibi.

507 5141 910 5217 ἐνδεδυσμὲνος.
944 5141 1416 5202 Ρεθιιάο-Αἶίὶιὶῐι.
1450 5141 1818 5217 ἐνδεδυμένοςε
1873 5216 1878 5217 γ
1983 5215 1991 5217 _
2135 5141 2144 5145 ⁷

2335 5141 2447 5217 (54)
2479 5145 2681 5217 Lamb.
2713 5146 2990 5217 civitatem
3018 5150 3189 5217 mm.

579 5221 692 5293 (49)
722 5214 870 5293 Edit.
904 5219 1087 5293 Paris.
1119 5219 1215 5273 cit.
1245 5218 1281 5284 ἡ
1329 5214 1680 5293 πονηρίαωξ.
1800 5214 2046 5293 ἐκθυμία.
2081 5220 2154 5272 At

2265 5287 2277 5293 _
2333 5214 2446 5293 (55)
2469 5215 2735 5293 namss.
2768 5215 2986 5293 Carm?
3018 5216 3167 5274 Vict.
3198 5221 3257 5274 et
3285 5217 3485 5275 Lamb.
3511 5236 3614 5292 pro
3644 5223 3730 5288 ut,
3761 5219 3904 5293 quod

507 5287 686 5348 Ed'itt.
721 5291 941 5346 Hermae
974 5291 1042 5345 ad
1105 5306 1290 5344 unum
1339 5287 1563 5353 omnes,
1606 5291 1642 5357 ἡ
1703 5287 1995 5360 ἐπιθυμίας
2031 5306 2154 5343 ma-
2264 5287 2492 5360 habent
2511 5287 2676 5360 editi,
2709 5293 2916 5360 praeter
2948 5287 3129 5344 Oxon.

509 5364 775 5434 luntqoe,
808 5361 955 5434 duce
986 5359 1316 5434 “Cotelerio,
1374 5361 1484 5433 leg.
1520 5360 1582 5414 οὐ
1643 5359 1805 5432 μόνον
1838 5359 1874 5428 ἡ
1916 5360 2154 5434 πονηρὰ,

511 5430 771 5506 ἆλλὰίκαὶ
803 5433 838 5500 ἡ
870 5431 1043 5506 ἀγαθή
1076 5430 1352 5502 ἐπιθυμία.

583 5505 694 5576 (50)
754 5504 1255 5576 Ιιειωῦηρενιξυνατ
1331 5506 1395 5559 Et
1468 5521 1637 5576 mox:
1698 5504 1901 5576 Civitas
1957 5507 2153 5571 vestra,

514 5575 731 5633 omisso
760 5577 934 5630 enim.
969 5575 1095 5630 Haec
1126 5575 1324 5630 laudat
1360 5575 1680 5632 Antiochus
1711 5575 1914 5631 homil.
1951 5577 2036 5630 15.

587 5648 698 5718 (51)
722 5647 862 5701 Mss.
893 5644 1062 5716 Angl.
1095 5645 1360 5718 habituri.

589 5717 701 5791 (52)
734 5718 934 5773 Lamb.
963 5717 1380 5786 aediﬁcationes.

2336 5359 2446 5430 (56)
2476 5357 2615 5414 Mss.
2647 5357 2817 5427 Angl.
2852 5361 2967 5416 nisi
2995 5360 3154 5430 quod.
3189 5360 3282 5416 Sic
3309 5364 3365 5416 et
3397 5360 3610 5420 Fellus.

2334 5430 2446 5504 (57)
2476 5430 2665 5487 Carm.
2698 5430 2846 5504 Vict.
2879 5436 2935 5504 et
2977 5431 3158 5504 angi.
3192 5440 3256 5490 ut.
3306 5449 3409 5504 pro
3439 5450 3507 5491 ne
3535 5434 3722 5499 Quam
3767 5450 3896 5492 mss.

2267 5499 2572 5556 lecticnem
2605 5501 2870 5572 sequitur
2905 5499 3112 5560 Fellus'.

2337 5572 2448 5644 (58)
2509 5573 2708 5627 Lamb.
2771 5574 2908 5628 Deus
2955 5581 3014 5628 ut
3071 5575 3359 5632 Dominus.
3412 5578 3486 5631 Αι
3546 5576 3684 5638 Falli
3736 5575 3902 5640 editi

2267 5651 2448 5724 qxon.
2485 5649 2628 5702 Deus
2655 5645 2743 5699 vel
2796 5646 3061 5704 Dominus
3082 5664 3101 5699 :
3151 5647 3306 5716 quod
3363 5663 3478 5705 non
3509 5649 3762 5710 advertit
3784 5647 3900 5713 Glo-

2270 5731 2444 5770 1⁵1ου8.
