4036 6356
228 412 349 481 953
1346 390 1689 488 pAs'roa.
1713 459 1791 477 ——
1810 428 1856 495 L

2006 424 2114 502 III,
2159 424 2392 487 SIMIL.
2438 426 2515 487 ll.
3506 424 3627 489 95‘

226 548 355 617 tua,
386 546 511 604 sine
532 547 750 621 injuria
780 550 1004 610 hilaris.
1040 553 1154 611 Vos
1186 555 1368 627 igitur
1393 558 1583 615 videte
1617 558 1714 627 qui
1748 557 1976 613 servitis
2006 557 2142 627 Deo,
2176 563 2232 613 et
2253 558 2477 613 habetis
2499 574 2632 615 eum
2657 558 2715 612 in
2738 557 3013 614 cordibus
3031 555 3242 615 vestris
3269 554 3628 630 :operamini

228 651 402 709 Opera
430 636 552 704 Dei,
587 656 872 697 memores
904 644 1314 701 mandatorum
1347 652 1402 701 et
1434 648 1856 718 promissorum
1888 648 2014 717 ejus
2032 665 2156 717 quau
2181 648 2290 718 (59)
2316 647 2582 719 promisit
2609 664 2621 714 ;
2648 651 2701 702 et
2724 645 3031 713 crediteei,
3059 646 3212 717 quod
3238 644 3407 699 faciet
3430 644 3617 715 vobis,

227 724 278 787 si
313 726 587 781 mandata
616 729 743 798 ejus
776 732 1188 789 custodieritis.
1222 740 1330 790 Pro
1362 737 1515 808 agris
1542 753 1675 808 ergo
1710 754 1856 807 quos
1886 753 2077 791 emere
2106 736 2425 801 volueritis,
2458 736 2724 790 redimite
2756 736 2983 791 animas
3022 735 3092 789 de
3142 733 3610 799 necessitatibus,

227 819 403 884 prout
433 816 680 887 quisque
712 825 901 889 potest
922 827 1022 893 ;.et
1054 824 1318 879 viduas“
1336 826 1637 890 absolvite,
1667 826 2356 897 orphanis(60)judicate,
2377 832 2431 880 et
2451 844 2588 897 opes
2608 843 2672 881 ac
2694 826 3156 880 divitiasvestras
3180 824 3235 879 in
3271 823 3614 895 hujusmodi

226 902 1064 976 operibus(6t)consumitc.ln
1087 912 1194 967 hoc
1218 914 1370 968 enim
1395 932 1496 969 vos
1522 914 1805 970 Dominus
1827 914 2637 987 locupletavit,uthujusmodi
2654 914 2977 969 ministeria
2990 912 3475 986 expleatis.Multo
3496 929 3615 967 me-

225 987 341 1045 lius
367 995 455 1045 est
484 991 603 1047 haec
639 995 843 1067 facere,
877 1015 1053 1069 quam
1085 1017 1253 1072 agros
1281 1008 1383 1057 aut
1413 1003 1615 1057 domos
1649 1019 1837 1058 emere
1863 1021 1875 1072 ;
1909 1004 2187 1074 quoniam
2222 1003 2341 1058 haec
2363 1002 2560 1059 omnia
2588 1003 2857 1075 peribunt
2888 1002 2946 1058 in
2977 1002 3223 1058 saeculo:
3260 1006 3320 1057 at
3349 1003 3461 1074 (62)
3491 1018 3620 1073 qua)

226 1095 332 1151 pro
366 1080 600 1137 nomine
631 1082 729 1139 Dei
762 1085 983 1155 feceris,
1013 1087 1267 1144 invenies
1300 1090 1357 1144 in
1390 1090 1617 1146 civitate
1650 1096 1771 1157 tua,
1803 1097 1858 1146 et
1888 1092 2128 1148 habebis
2160 1092 2439 1164 gaudium
2471 1093 2597 1147 sine
2630 1092 2865 1148 tristitia
2888 1096 2944 1147 et
2973 1092 3200 1147 timore.
3225 1091 3465 1146 Divitias
3486 1107 3622 1163 ergo

224 1167 491 1239 gentium
526 1169 703 1226 nolite
734 1189 964 1245 cupere.
990 1176 1325 1247 perniciosa:
1349 1184 1487 1234 sunt
1518 1180 1671 1234 enim
1703 1180 1885 1235 servis
1914 1180 2013 1235 Dei
2040 1199 2053 1249 ;
2089 1182 2158 1235 de
2188 1181 2437 1253 propriis
2467 1185 2665 1235 autem
2692 1197 2837 1252 quas
2858 1180 3104 1247 habetis,
3125 1197 3191 1236 ea
3212 1180 3382 1251 agite,
3408 1179 3622 1251 quibus

222 1255 468 1342 possitis
498 1261 774 1331 consequi
808 1263 1111 1333 gaudium.
1144 1270 1211 1319 Et
1242 1266 1419 1322 nolite
1451 1268 1795 1337 adulterare,
1824 1285 1928 1325 nec
1958 1269 2198 1326 alterius
2248 1270 2356 1341 (53)
2388 1286 2623 1325 uxorem
2654 1273 2910 1342 tangere,
2962 1286 3150 1342 neque
3198 1267 3626 1341 concupiscere.

221 1340 584 1416 Concupisce
618 1351 787 1404 tuum
818 1366 987 1423 opus,
1021 1356 1079 1408 et
1108 1353 1303 1410 salvus
1334 1355 1468 1411 eris.

991 1495 1075 1550 Ea:
1097 1497 1210 1552 ista
1240 1498 1606 1555 similitudine
1635 1499 1753 1558 haec
1778 1502 1941 1558 verba
1967 1503 2104 1574 facit
2133 1508 2481 1559 Asmocnus.
2515 1504 2742 1559 homilia
2771 1503 2857 1559 15.

295 1600 365 1656 Εἰ
390 1599 502 1692 οὖν
555 1603 642 1692 ἐπὶ
693 1607 843 1678 ξένης
883 1614 1263 1684 κατοικοῦμεν,
1294 1612 1383 1666 καὶ
1414 1615 1448 1685 ἡ
1507 1613 1671 1676 πόλις
1702 1617 1856 1688 ἡμῶν

2047 1617 2107 1673 Si
2132 1634 2257 1688 ergo
2280 1620 2337 1673 in
2365 1620 2804 1692 peregrinatione
2832 1634 3134 1684 moramur,
3167 1622 3217 1673 et
3262 1619 3455 1675 civitas
3508 1632 3607 1673 no-

228 1689 444 1779 piaxpavi
472 1691 667 1768 ἀπέχει
718 1695 821 1749 ἀπὸ
874 1699 973 1765 τῆς
1015 1697 1231 1761 πόλεως
1278 1700 1498 1775 ταύτης,
1531 1703 1619 1757 καὶ
1652 1701 1856 1779 οἳδαμεπ

1983 1714 2099 1761 stra
2128 1707 2287 1776 longe
2314 1689 2390 1762 est
2412 1707 2479 1762 ab
2501 1689 2513 1692 ⁷
2537 1707 2636 1761 hac
2688 1707 2927 1769 civitate,
2988 1714 3038 1761 et
3089 1707 3289 1762 scimus
3336 1704 3621 1761 civitatem

360 1778 521 1834 πόλιν
554 1783 711 1854 ἡμῶν
758 1783 809 1838 ἐν
914 1784 1193 1863 μέλλομεν
1223 1796 1516 1845 κατοικεῖν·
1552 1791 1604 1846 τί
1654 1792 1728 1855 εἷς
1774 1795 1856 1863 rip

1982 1799 2224 1849 nostram
2248 1797 2307 1850 in
2363 1812 2475 1868 qua
2528 1795 2834 1851 habitaturi
2888 1812 3094 1861 sumus,
3155 1793 3287 1865 quid
3325 1794 3386 1848 in
3438 1793 3622 1847 aliena

220 1864 521 1956 ἀλλοτρίαν
587 1868 944 1945 ἒτοιμάζομεν
1018 1874 1203 1952 ἃγροὺ,
1263 1878 1350 1932 καὶ
1422 1878 1737 1953 οἰκοδομὰς,
1785 1903 1851 1936 κα

1982 1901 2311 1956 apparamus
2365 1864 2544 1955 agros,
2605 1893 2657 1939 et
2706 1885 2960 1954 mdiﬁcia,
3008 1892 3063 1939 et
3106 1864 3468 1941 habitationes
3528 1898 3621 1937 su-

221 1954 504 2027 οἷκῆματα
537 1959 757 2033 μάταια,
791 1961 880 2014 καὶ
929 1964 1254 2039 παρατάξεις
1301 1964 1660 2038 πολυτελεῖς;
1694 1973 1856 2026 Ταῦτι

1975 1954 2298 2045 pervacuas,
2330 1954 2607 2029 etilautas
2657 1974 3134 2031 constructiones?
3192 1974 3313 2028 Haec
3360 1987 3484 2043 ergo
3531 1973 3627 2045 qui

221 2040 317 2096 οὖν
350 2043 648 2119 ἐτοιμάζων
693 2048 767 2109 εἷς
810 2047 1106 2128 ἀλλοτρίαν
1156 2053 1338 2127 πόλιν,
1373 2054 1545 2126 δῆλός
1594 2058 1755 2129 ἐστιν,
1790 2058 1871 2114 ὅτι

220 2130 287 2186 οὐ
329 2130 607 2206 προσδοκᾷ
634 2135 1011 2213 ἐπανακάμψαι
1046 2140 1120 2203 εἷς
1161 2144 1259 2212 τήν
1314 2142 1451 2199 ἰδίαν
1502 2146 1685 2220 πόλιν,
1716 2169 1870 2203 τουτ-

219 2218 390 2311 έστιν,
414 2222 488 2283 εἰς
516 2225 614 2292 τήν
647 2224 758 2280 ἄνω
792 2228 1101 2303 Ἰερουσαλή
1115 2254 1172 2303 μ.
1192 2233 1250 2286 Ὀ
1280 2234 1380 2309 γὰρ
1413 2218 1680 2311 λογισμὸς
1713 2237 1870 2302 οὗτος

218 2310 491 2387 ἀφρόνων,
540 2314 629 2367 καὶ
681 2312 951 2391 διψύχων,
1003 2319 1089 2373 καὶ
1138 2320 1503 2400 ταλαιπώρων
1575 2325 1871 2403 ἀνθρώπων

216 2397 384 2454 ἐστίν.
416 2400 487 2455 Ού
514 2404 617 2477 γὰρ
640 2404 826 2477 συνίει⁷
844 2406 928 2460 ὅτι
957 2412 1122 2462 ταῦτα
1155 2407 1322 2466 πάντα
1354 2397 1619 2490 ἀλλότρια
1642 2397 1867 2489 εῖσι,καὶ

216 2487 323 2542 ὑπὸ
356 2488 590 2561 ἐξουσίας
641 2494 825 2568 ἑτέρου
870 2494 992 2564 eici,
1023 2500 1265 2555 τουτέστι
1314 2506 1409 2555 τοῦ
1459 2487 1868 2579 ἄρχοντοςτοῦ

211 2576 419 2640 αἰῶνος
448 2579 792 2638 τούτου.οὼι
819 2585 913 2639 οὗν
944 2585 1257 2664 ὀφείλομεν,
1282 2592 1358 2652 ὡς
1386 2590 1472 2646 ἐπὶ
1504 2576 1661 2664 ξένης
1693 2616 1870 2651 κατοι-

214 2670 460 2735 κοῦντες,
496 2666 663 2741 μηδὲν
714 2670 881 2727 πλέον
937 2670 1239 2749 ἑτοιμάζειν
1286 2680 1514 2753 ἑαυτοῖς,
1550 2682 1595 2736 εί
1640 2685 1713 2757 μὴ
1769 2685 1869 2754 τήν

210 2753 531 2829 αὐτάρκειαν
588 2759 690 2826 τήν
768 2760 1020 2834 ἀρκετήν.
1075 2766 1137 2819 Οἱ
1206 2768 1306 2842 γὰρ
1386 2753 1701 2844 ἀγαπῶντες
1775 2775 1865 2830 τὸν

210 2844 420 2903 ἑαυτῶν
466 2844 681 2921 Κύριον,
733 2850 820 2905 καὶ
871 2849 1095 2926 ἔχοντες
1136 2854 1294 2911 αὐτὸν
1344 2857 1426 2913 ἀεὶ
1467 2857 1517 2914 ἐν
1551 2865 1616 2933 τῇ
1663 2862 1864 2919 ἑαυτῶν

209 2930 429 3021 καρδίᾳ,
460 2933 514 2989 ὲν
540 2940 661 2999 ταῖς
706 2936 948 3005 ἐντολαῖς
992 2941 1156 2999 αὐτοῦ
1204 2930 1699 3021 πορεύσονταιρκαὶ
1748 2958 1863 3015 ταῖς

210 3020 561 3098 ἐπαγγελίαις
640 3024 806 3082 αὐτοῦ
890 3031 1225 3103 πιστεύουσι,
1301 3035 1390 3091 καὶ
1480 3020 1863 3113 καραδοκοῦσι.

210 3108 390 3169 Καλὸν
422 3110 513 3167 οὖν
544 3111 684 3169 ἐστιν
717 3116 833 3172 ἀντὶ
880 3123 987 3173 τῶν
1036 3122 1343 3196 κτισμάτων
1396 3125 1484 3180 καὶ
1532 3108 1859 3203 χρημάτων,

207 3203 328 3294 τῶν.
379 3202 617 3294 σήμερον
676 3204 770 3277 μὲν
817 3207 1117 3294 ἡμετέρων,
1174 3207 1357 3286 αὔριον
1413 3212 1469 3270 δὲ
1526 3202 1858 3294 ἀλλοτρίων,

210 3286 522 3360 ὠνήσασθαι
574 3295 757 3369 ψυχὰς
813 3291 1166 3371 θλιϐομένας,
1226 3303 1403 3366 καθώς
1475 3326 1557 3367 τις
1615 3286 1855 3363 δύναταιλ

205 3378 521 3469 καὶ-χήρας
572 3382 661 3441 καὶ
713 3383 980 3462 ὀρφανοὺς
1031 3386 1463 3462 ἐπισκέπτεσθαι,
1493 3395 1583 3450 καί
1636 3398 1711 3469 μὴ
1754 3419 1856 3453 πα-

206 3461 500 3540 ραϐλέπειν
556 3461 798 3533 αύτούς(
833 3473 1090 3538 ὡσαύτως
1162 3478 1251 3533 καὶ
1327 3478 1378 3534 ἐν
1450 3461 1855 3561 μοναστηρίοις,

207 3556 301 3611 καὶ
349 3554 493 3612 οὕτω
547 3558 731 3623 καλῶς
781 3558 1003 3618 διοικεῖν
1050 3567 1117 3620 τὰ
1161 3570 1278 3631 καθ’
1326 3554 1567 3634 ἑαυτούς·
1763 3554 1855 3630 τὸν

206 3642 478 3739 πλοῦτονΔ
524 3648 601 3739 ’ὀν-
632 3649 779 3739 παρὰ
825 3656 958 3707 Θεοῦ
1009 3652 1312 3733 εἰλήφαμεν
1361 3657 1414 3714 ἐν
1453 3658 1592 3732 τῷδε
1616 3666 1695 3733 τῷ
1728 3663 1854 3739 βίῳ,

204 3733 283 3827 εἰς
331 3734 908 3827 αὐτουςῗάναλίσκειν.
942 3741 1041 3805 Εἷς
1087 3749 1248 3801 τοῦτο
1294 3746 1398 3823 γὰρ
1447 3749 1536 3804 καὶ
1584 3733 1855 3827 παρέσχεν

202 3824 349 3896 ἡμῖν
377 3822 511 3879 αὐτὰ
542 3826 571 3880 ὁ
600 3825 803 3902 ἀγαθὸς
834 3831 995 3903 ἡμῶν
1032 3834 1324 3906 Δεσπότης,
1352 3822 1441 3891 ἵνα
1470 3838 1547 3900 είς
1742 3822 1855 3897 δια-

200 3911 393 3967 κονίαν
444 3913 645 3985 ταύτην
700 3913 1070 3990 δαπανηθῶσι,
1101 3923 1190 3977 καὶ
1243 3923 1354 3979 ἀντ’
1393 3926 1567 3981 αὐτῶν
1617 3931 1855 4003 κομισώ-

201 4001 348 4092 μεθα
393 4003 671 4092 Θησαυρὸν
708 4005 1080 4066 ἀνέκλειπτον.
1114 4011 1265 4067 Πολὺ
1313 4012 1403 4068 οὖν
1459 4001 1848 4092 βέλτιόν-ἐστι,

194 4090 481 4179 τοιούτους
527 4091 747 4168 ἀγροὺς,
778 4096 870 4150 καὶ
916 4100 1169 4173 κτήματα
1216 4104 1328 4173 (64)
1368 4090 1671 4179 ἀγοράζειν,
1703 4090 1853 4165 ἅτινα

191 4176 289 4232 καὶ
343 4180 632 4255 παράμονά
687 4182 809 4256 εἷ’σι,
868 4186 956 4241 καὶ
1014 4189 1344 4265 προάγουσιν
1533 4176 1848 4271 τήν-ἡμῶν

1980 2072 2262 2133 comparat
2286 2066 2343 2118 in
2373 2065 2556 2119 aliena
2585 2066 2831 2129 civitate,
2863 2064 3053 2136 palam
3079 2072 3181 2129 est,
3214 2062 3353 2134 quod
3378 2078 3490 2117 non
3529 2077 3623 2118 co—

1979 2155 2114 2223 gitat
2146 2155 2204 2207 in
2232 2170 2391 2208 suam
2414 2154 2691 2208 civitatem
2718 2153 2917 2220 redire,
2952 2153 3048 2207 hoc
3085 2156 3162 2206 est
3212 2154 3274 2205 in
3322 2167 3620 2224 supernam

1980 2242 2433 2315 Hierosolymam.
2471 2244 2557 2297 Est
2587 2243 2734 2298 enim
2766 2243 2883 2300 haec
2914 2241 3279 2296 consideratio
3317 2241 3621 2296 stultorum

1979 2340 2031 2385 et
2058 2332 2367 2399 dubiorum,
2398 2337 2452 2386 et
2481 2334 2805 2388 miserorum
2835 2330 3137 2387 hominum.
3170 2330 3287 2385 Non
3327 2330 3476 2384 enim
3522 2330 3615 2383 in-

1978 2419 2212 2491 telligit,
2246 2421 2362 2477 haec
2390 2424 2573 2477 omnia
2605 2422 2796 2477 aliena
2824 2437 2957 2487 esse,
2991 2431 3041 2476 et
3087 2420 3183 2474 sub
3240 2419 3468 2474 alterius
3518 2433 3619 2490 po-

1978 2516 2191 2576 testate,
2224 2511 2321 2566 hoc
2344 2516 2420 2566 est
2440 2513 2711 2583 principis
2732 2510 2921 2567 saeculi
2942 2510 3125 2581 hujus.
3152 2509 3407 2564 Debemus
3427 2508 3617 2579 igitur,

1975 2600 2114 2654 sicut
2143 2616 2367 2671 peregre
2394 2601 2760 2669 consistentes,
2806 2599 2951 2654 nihil
3001 2599 3245 2669 amplius
3292 2611 3620 2668 comparant

1976 2690 2155 2755 nobis,
2186 2705 2352 2759 quam
2380 2690 2452 2743 sit
2483 2690 2847 2743 necessarium
2875 2696 2926 2743 et
2969 2688 3268 2758 sufficiens.
3319 2686 3424 2755 Qui
3469 2687 3617 2741 enim

1976 2787 2165 2835 amant
2195 2779 2489 2832 Dominum
2538 2794 2721 2841 sunm,
2764 2782 2817 2832 et
2869 2777 3067 2833 habent
3112 2792 3240 2831 eum
3282 2791 3503 2847 semper
3553 2776 3616 2829 in

1984 2866 2235 2922 cordibus
2264 2868 2401 2937 suis,
2425 2870 2485 2922 in
2512 2868 2791 2923 mandatis
2820 2868 2939 2937 eius
2960 2865 3228 2936 incedant,
3282 2868 3336 2922 et
3382 2866 3443 2921 in
3480 2879 3611 2935 pro-

1975 2958 2145 3011 missa
2172 2958 2288 3028 ejus
2318 2956 2564 3027 credunt,
2593 2966 2755 3028 atque
2793 2961 3128 3028 exqmctant.
3186 2957 3397 3013 Bonum
3436 2954 3616 3025 igitur

1974 3049 2074 3111 est,
2100 3062 2199 3116 pro
2230 3045 2478 3102 domibus
2508 3049 2556 3101 et
2595 3047 2869 3117 pecuniis,
2917 3044 3340 3115 hodiejjquidem
3382 3044 3607 3113 nostris,

1974 3149 2095 3188 cras
2124 3150 2246 3191 vero
2284 3135 2503 3202 alienis,
2539 3135 2808 3192 redimere
2827 3136 3042 3191 animas
3063 3134 3128 3190 de
3169 3131 3605 3200 necessitatibus,

1964 3231 2129 3296 prout
2158 3226 2382 3295 quisque
2408 3229 2578 3296 potest
2590 3242 2611 3286 ;
2641 3234 2693 3280 et
2722 3224 2912 3281 viduas
2940 3240 3004 3280 ac
3039 3223 3308 3294 orphanos
3361 3222 3608 3291 visitare,

1968 3328 2069 3367 nec
2112 3313 2428 3383 despicere:
2469 3314 2728 3370 similiter
2782 3320 2832 3373 et
2888 3314 2944 3367 in
3001 3311 3367 3378 monasteriis,
3418 3310 3607 3381 sicque

1964 3405 2111 3458 recte
2140 3418 2243 3457 sua
2269 3402 2712 3463 administrare:
2742 3407 2797 3459 et
2846 3400 3087 3470 divitias,
3133 3416 3269 3471 quas
3295 3415 3334 3457 α
3361 3399 3469 3455 Deo
3515 3413 3607 3457 ac-

1965 3492 2210 3561 cepimus
2238 3492 2299 3546 in
2328 3491 2430 3546 hac
2475 3493 2607 3559 vita,
2656 3493 2718 3545 in
2765 3489 3076 3562 hujusmodi
3122 3488 3365 3545 homines
3405 3502 3605 3546 consu-

1964 3596 2132 3638 mere.
2163 3584 2230 3635 In
2259 3580 2357 3636 hoc
2402 3582 2556 3636 enim
2580 3584 2630 3636 et
2655 3581 2899 3653 praebuit
2926 3579 3081 3635 nobis
3110 3594 3174 3635 ea
3205 3578 3377 3634 bonus
3428 3580 3610 3633 noster

1975 3670 2258 3740 Dominus,
2288 3672 2428 3725 utin
2456 3669 2723 3741 ejusmodi
2752 3670 3064 3727 ministeria
3117 3670 3510 3737 insumantur;
3557 3672 3608 3723 et

1971 3774 2077 3829 pro
2105 3759 2176 3813 iis
2202 3762 2538 3830 reportemus
2569 3759 2892 3815 thesaurum
2924 3773 3032 3813 non
3060 3756 3418 3827 deﬁcientem.
3444 3756 3610 3811 Multo

1964 3849 2149 3920 itaque
2172 3848 2367 3903 melius
2395 3852 2494 3913 est,
2526 3848 2666 3904 tates
2694 3847 2857 3903 villas
2903 3856 2953 3903 et
3000 3846 3200 3903 domos
3230 3860 3427 3912 emere,
3476 3858 3604 3917 quae

1962 3938 2182 3993 stabiles
2220 3945 2351 3991 sunt
2407 3945 2460 3991 et
2512 3937 2785 3992 deducunt
2842 3938 2900 3991 in
2945 3939 3197 3991 nostram
3237 3934 3599 4004 metropolim,

1961 4027 2177 4097 quando
2206 4029 2263 4081 in
2295 4042 2414 4081 eam
2472 4026 2853 4097 migrabimus.
2903 4026 3260 4097 Negligamus
3308 4038 3436 4093 ergo
3485 4024 3603 4090 [seu

1958 4114 2206 4170 nolimus
2234 4115 2471 4187 cupere],
2520 4116 2857 4180 charissimi,
2907 4113 3249 4185 temporalia,
3289 4114 3349 4167 ut
3392 4118 3606 4167 ιῈιεντιιι

1962 4205 2230 4274 possimus
2258 4220 2531 4275 consequi.

198 4267 568 4369 [δεητιξόπολινι
601 4270 726 4327 ὅταν
759 4272 1210 4351 ἀποδημήσωμεν
1248 4279 1325 4342 εἷς
1356 4280 1545 4353 αὐτήν.
1578 4267 2069 4364 Ἀμεριμνήσωμεν
2099 4290 2211 4364 οὖν,
2242 4267 2541 4367 ἀγαπητοὶ,
2572 4294 2678 4347 τῶν
2722 4290 3089 4369 προσκαίρων,
3116 4287 3211 4344 ’ίνα
3254 4292 3363 4344 τῶν
3412 4284 3601 4344 ἀϊδίων

194 4354 444 4434 ἐπιτύχω
452 4378 546 4431 μεν
557 4403 569 4415 .

1602 4484 2059 4551 SIMILITUDO
2100 4490 2179 4550 II.

908 4572 988 4635 Ut
1012 4574 1145 4634 vitis
1174 4575 1333 4637 ulmo
1361 4578 1638 4659 fulcitur,
1682 4584 1767 4643 sic
1794 4582 1952 4645 dives
1981 4588 2249 4648 oratione
2287 4602 2575 4670 pauperis
2613 4590 2884 4671 juvatur.

1614 4706 1703 4763 CA

265 4776 411 4832 Cum
446 4778 806 4876 ambularem
838 4782 895 4837 in
927 4801 1133 4876 agrum
1160 4792 1217 4844 et
1247 4707 2226 4873 οοηεὶἁθνοτθῗηΑιῇῐὲιἸίιὲῗίῗῗὲω,
2246 4806 2304 4857 et
2322 4804 2639 4875 cogitarem
2667 4806 2783 4876 (65)
2809 4805 2963 4861 intra
2983 4822 3077 4862 me
3099 4807 3172 4861 de
3192 4804 3480 4862 lructibus
3504 4820 3598 4859 ea-

181 4868 621 4939 rum,apparuit
660 4870 805 4933 mihi
832 4874 1163 4947 angelus,et
1194 4878 1339 4935 dixit
1368 4882 1511 4938 mihi
1538 4900 1551 4938 :
1581 4883 1729 4952 Quid
1759 4886 1859 4941 diu
1891 4888 2003 4959 (66)
2036 4888 2189 4945 intra
2214 4868 2283 4946 {te
2313 4868 2533 4965 cogitas
2560 4893 2589 4948 Ἰ
2702 4868 2846 4950 dixit
2872 4894 2957 4949 illi
2985 4912 2999 4962 ;
3026 4899 3105 4950 De
3134 4894 3243 4950 hac
3272 4894 3385 4950 vite
3422 4897 3481 4949 et
3513 4891 3599 4948 ul-

260 4982 309 5017 ⁸⁴
336 4982 447 5040 Isa.
490 5001 525 5052 ι,
560 4986 647 5041 17.

1370 5095 1616 5152 VARUE
1653 5098 2045 5159 LECTIONES
2080 5105 2172 5159 ET
2210 5104 2420 5161 NOT/E

402 5178 486 5260 ξι.
515 5184 946 5260 promissionum
975 5188 1115 5257 ejus,
1146 5205 1302 5260 quas.

404 5250 593 5337 Earm.
810 5261 867 5337 et
893 5250 1479 5337 ‘Lambéjfustiﬁcate,
1534 5266 1828 5337 orphanos.

401 5320 590 5404 parm.
624 5324 773 5380 Vict.
807 5334 863 5404 e_t
891 5332 1088 5387 Lamb.
1115 5320 1276 5388 déest
1299 5320 1579 5404 bperibus.

256 5393 369 5469 ((5:3)
402 5396 599 5469 Lamb.
631 5412 779 5469 nam.
816 5399 882 5459 Et
913 5418 1066 5469 mox,
1098 5393 1375 5460 civitatem
1404 5416 1578 5464 tuam.

239 5465 368 5551 ,((ξ3)
403 5466 600 5551 bamb.
654 5468 985 5551 adulterari,
1045 5465 1095 5528 et
1174 5476 1409 5533 alterius
1474 5481 1693 5551 altquid
1760 5484 1832 5538 At

178 5533 333 5590 νισι.
353 5533 423 5591 et
452 5542 639 5592 Carm.
673 5541 905 5601 alterius
935 5533 1068 5599 rem.

254 5606 371 5695 (64)
389 5608 886 5695 Fortem-tionem,
933 5621 1004 5695 ut
1052 5618 1225 5695 paulo
1272 5621 1545 5695 superius
1598 5624 1825 5695 κτισμά-

176 5679 532 5765 “enimid-que
563 5679 828 5765 insinuat
858 5679 1026 5765 vetus
1052 5679 1277 5765 Hegmaa
1309 5679 1614 5763 interpres.

257 5749 368 5821 (65)
397 5749 533 5808 Mss.
564 5753 733 5825 Angi.
760 5749 1115 5827 disputarem.
1152 5761 1220 5817 Et
1248 5779 1381 5819 mox
1421 5749 1590 5834 intra,
1651 5765 1830 5839 dispu-

1943 5204 2026 5285 tas
2055 5205 2110 5256 et
2138 5202 2375 5285 disputo.
2398 5207 2592 5285 .Quem
2622 5207 2683 5262 in
2715 5206 2907 5285 locum
2937 5206 3081 5265 Cler.
3108 5224 3120 5264 :
3176 5228 3204 5257 «
3233 5206 3593 5285 Ciceroniani

1940 5275 2221 5357 temporis
2250 5280 2361 5337 est,
2395 5276 2610 5357 inquit,
2642 5294 2750 5335 vox
2778 5278 3085 5357 disputare,
3113 5294 3302 5357 proeo
3327 5280 3600 5357 quodest

1941 5360 2109 5423 agere
2130 5346 2214 5423 de
2233 5362 2291 5400 re
2312 5346 2596 5423 quapiam
2625 5392 2637 5413 ,
2657 5366 2783 5420 quae
2800 5346 3021 5423 (legitur
3042 5346 3292 5406 in'codd.
3332 5346 3597 5423 Anglica-

1941 5418 2053 5492 nis,
2089 5422 2145 5470 et
2168 5418 2387 5492 passim
2410 5418 2647 5492 mutata
2674 5418 2765 5475 est
2794 5418 3120 5492 in'cogitare
3145 5447 3159 5487 ;
3191 5423 3343 5492 quod
3369 5418 3589 5477 exscri-

1940 5490 2134 5611 pltfres
2148 5506 2261 5615 man
2283 5490 2815 5563 intelligerenteam
2837 5490 3032 5550 vocem
3051 5493 3164 5549 alio
3184 5490 3382 5561 sensu,
3404 5510 3584 5566 quam

1941 5574 1974 5611 a
2025 5575 2196 5614 ercan
2244 5578 2280 5615 ι.
2309 5584 2335 5609 ι)
2984 5606 2987 5609 .

2062 5576 2280 5615 Γοᾶηαι.
2309 5584 2335 5609 ))
2984 5606 2987 5609 -

1936 5699 1995 5754 di
1995 5630 2125 5754 1((36)
2157 5632 2241 5687 Ita
2271 5648 2381 5689 ms.
2415 5632 2561 5690 Vict.
2600 5634 2683 5689 Ita
2713 5637 2771 5689 et
2799 5635 2937 5693 edit.
2974 5634 3154 5693 Oxon.
3189 5636 3270 5693 Al.
3307 5636 3585 5694 omittunt

1975 5717 2053 5755 ιιι.
