4036 6356
490 411 605 473 955
1977 432 2041 493 S.

2279 432 2393 495 ΜΕ
3764 438 3873 500 956

490 560 585 602 mo
603 547 867 647 disputo,
903 552 1155 647 domine,
1188 558 1465 647 quoniam
1497 561 1721 620 fructus
1751 564 1984 621 illarum
2013 565 2205 621 decori
2245 568 2479 622 suntEt
2508 567 2652 624 dixit
2682 568 2829 624 mihi
2854 585 2869 626 :
2901 567 3001 626 Hm
3031 569 3159 625 dua
3183 568 3421 627 arbores
3442 568 3503 625 in
3533 569 3874 643 exemplum

490 640 863 737 positae-sunt
890 642 1072 737 servis
1101 645 1222 737 Dei.
1247 648 1315 703 Et
1335 649 1453 705 dixi
1476 650 1561 706 illi
1588 669 1599 708 :
1625 653 1844 709 Vellem
1868 654 2036 725 scire,
2061 656 2313 725 domine,
2339 656 2551 713 harum
2577 658 2850 714 arborum
2878 658 3208 732 exemplum
3237 660 3390 732 quod
3413 659 3579 715 dicis.
3603 640 3783 727 Audi,
3801 661 3875 716 in-

489 728 649 820 quit:
686 728 860 784 Vides
890 728 1036 787 hanc
1067 734 1241 791 vitem
1274 741 1331 793 et
1361 738 1511 795 hanc
1542 741 1766 798 ulmum
1793 758 1811 800 :
1845 744 2047 807 Video,
2082 744 2343 816 inquam,
2377 747 2631 803 domine.
2667 748 2795 803 Hac
2827 747 2938 820 (67)
2968 728 3126 819 vitis,
3159 728 3370 820 inquit,
3403 749 3701 805 fructifera
3751 754 3866 807 est:

489 811 685 869 ulmus
708 821 925 911 autem,
950 820 1173 911 lignum
1200 826 1325 882 sine
1347 830 1536 884 fructu
1555 837 1670 900 est;
1693 833 1793 888 sed
1814 833 1949 888 vitis
1972 834 2110 899 haec,
2137 811 2246 889 nisi
2272 835 2543 906 applicita
2565 837 2738 892 fuerit
2760 811 3001 893 ulmo'et
3015 811 3192 910 super
3208 811 3368 894 illam
3391 838 3873 911 requieverit(68),

487 918 603 1000 non
628 908 821 975 potest
853 909 1105 966 multum
1138 914 1389 970 fructum
1418 918 1618 975 facere.
1652 922 1862 977 Jacens
1894 922 2049 977 enirn
2084 924 2142 977 in
2182 927 2355 991 terra,
2407 925 2593 981 malos
2626 928 2848 982 fructus
2905 927 3027 991 dat,
3087 908 3225 999 quia
3272 943 3387 982 non
3444 908 3657 1000 pendet
3705 908 3875 1000 super

486 990 715 1092 ulmum
738 1000 842 1092 z-et
870 1014 973 1092 pro
1005 1017 1065 1055 se
1096 1006 1152 1055 et
1182 1021 1283 1074 pro
1317 1005 1474 1062 ulmo
1509 1009 1762 1065 fructum
1786 1012 1902 1066 dat.
1936 1012 2078 1067 Vide
2106 1028 2264 1083 ergo,
2299 990 2451 1084 quod
2479 1015 2588 1086 (69)
2612 1015 2809 1070 ulmus
2835 990 3210 1070 fructumdat
3228 1033 3342 1071 non
3362 990 3675 1085 minorem,
3700 990 3871 1088 quam

484 1085 643 1148 vitis,
676 1086 775 1176 sed
808 1088 1004 1158 potius
1036 1092 1339 1163 majorem.
1373 1098 1694 1167 Quomodo,
1727 1100 1990 1171 inquam,
2024 1102 2278 1168 domine,
2322 1105 2601 1174 majorem
2634 1120 2811 1175 quam
2842 1104 3017 1159 vitis?
3047 1105 3363 1176 Suspensa,
3401 1104 3615 1176 inquit,
3664 1085 3740 1161 ad
3794 1105 3874 1160 ul-

486 1186 663 1270 {I'mrn‘
680 1173 813 1270 (70),
848 1177 1100 1270 fructum
1134 1182 1384 1239 multum
1418 1190 1474 1242 et
1507 1187 1724 1243 bonum
1746 1191 1843 1245 dat
1869 1192 2104 1260 ;jacens
2126 1196 2320 1246 autem
2344 1191 2402 1245 in
2418 1197 2590 1259 terra,
2614 1173 2889 1264 eniguum
2912 1198 2970 1249 et
3004 1173 3326 1264 pessimum
3351 1173 3606 1250 fructum
3628 1194 3732 1249 dat
3750 1194 3873 1266 (71).

487 1257 631 1359 Haec“
650 1260 834 1359 igitur
860 1265 1182 1359 similitudo
1215 1271 1401 1342 posita
1423 1279 1511 1330 est
1545 1277 1725 1333 servis
1756 1279 1875 1342 Dei,
1901 1257 2140 1350 pauperi
2162 1284 2218 1333 et
2240 1279 2402 1333 diviti
2425 1280 2557 1352 (72).
2578 1257 2899 1352 Respondi,
2924 1257 3223 1352 inquiens:
3253 1281 3519 1348 Domine,
3543 1257 3875 1339 demonstra

687 1352 858 1423 Audi,
882 1354 1111 1427 inquit:
1144 1359 1312 1417 Dives
1342 1361 1516 1420 habet
1547 1382 1702 1435 opes,
1737 1384 1769 1421 a
1797 1348 2041 1423 Domino
2072 1384 2206 1423 vero
2238 1348 2457 1440 pauper
2486 1348 2612 1424 est:
2646 1348 3178 1426 distrahitur—enim
3197 1369 3351 1425 circa
3379 1370 3615 1427 divitias
3633 1388 3795 1440 suas,
3816 1376 3871 1428 et

483 1435 948 1538 valde.esiguam
980 1444 1154 1502 habet
1185 1450 1502 1508 orationem
1536 1455 1605 1509 ad
1638 1455 1977 1522 Dominum;
2011 1461 2069 1511 et
2096 1435 2273 1528 quam
2304 1435 2499 1525 habet,
2537 1458 2783 1513 inertem
2804 1459 3000 1525 habet,
3023 1463 3081 1514 et
3102 1475 3215 1514 non
3240 1458 3552 1514 habentem
3574 1435 3874 1516 virtutem.

485 1526 629 1582 Cum
661 1528 839 1600 igitur
869 1533 1029 1590 dives
1085 1543 1320 1607 praestat
1348 1543 1611 1613 pauperi,
1645 1561 1769 1616 quae
1801 1544 1883 1599 illi
1910 1546 2020 1617 (73)
2045 1526 2190 1616 opus
2221 1550 2379 1614 sunt,
2412 1562 2633 1618 pauper
2663 1553 2789 1602 orat
2817 1548 2889 1603 ad
2920 1548 3231 1603 Dominum
3262 1564 3365 1619 pro
3395 1547 3592 1615 divite,
3628 1552 3687 1603 et
3729 1548 3875 1605 Deus

483 1620 724 1716 praestat
738 1620 922 1716 diviti
948 1625 1145 1680 omnia
1172 1627 1361 1698 bona;
1395 1631 1533 1702 quia
1563 1650 1783 1705 pauper
1812 1635 1970 1690 dives
2000 1639 2091 1690 est
2120 1635 2179 1689 in
2201 1636 2481 1702 oratione,
2513 1640 2570 1691 et
2584 1636 2856 1692 virtutem
2877 1653 3151 1712 magnam
3174 1637 3350 1693 habet
3370 1638 3525 1709 apud
3564 1636 3877 1694 Dominum

486 1708 674 1804 oratio.
698 1708 845 1804 ejus.
877 1711 1039 1804 Tunc
1069 1731 1206 1787 ergo
1236 1717 1396 1775 dives
1427 1727 1662 1792 praestat
1694 1723 1890 1778 omnia
1921 1724 2183 1796 pauperi,
2216 1725 2354 1796 quia
2386 1725 2566 1780 sentit
2596 1724 2763 1781 illum
2786 1708 3049 1782 exaudiri
3074 1743 3109 1782 a
3136 1726 3491 1793 Domino;et
3519 1725 3799 1783 libentius
3818 1742 3877 1782 ac

484 1795 613 1894 sine
643 1795 1001 1894 dubitatione
1032 1810 1269 1875 praestat
1299 1808 1351 1863 ei
1381 1810 1595 1879 omnia,
1629 1816 1685 1867 et
1714 1818 1880 1868 curat
1910 1830 1980 1869 ne
2010 1795 2149 1884 quid
2176 1795 2426 1869 eiidesit.
2462 1814 2685 1886 Pauper
2715 1820 2828 1871 Deo
2849 1815 3067 1888 gratias
3090 1815 3209 1886 agit
3232 1831 3335 1887 pro
3357 1815 3552 1883 divite,
3572 1814 3715 1887 quia
3733 1831 3875 1887 opus

484 1880 705 1940 faciunt
731 1903 765 1942 a
795 1890 1056 1948 Domino.
1087 1895 1253 1967 Apud
1286 1896 1553 1955 homines
1582 1916 1717 1973 ergo
1746 1901 1940 1957 ulmus
1972 1880 2085 1957 non
2117 1905 2353 1973 putatur
2381 1903 2519 1959 dare
2548 1880 2807 1959 fructum
2829 1880 2942 1975 (74)
2969 1921 2984 1973 ;
3017 1907 3075 1959 et
3105 1880 3398 1971 nesciunt,
3439 1880 3628 1974 neque
3658 1880 3875 1959 intelli-

482 1977 646 2044 gunt,
692 1978 845 2048 quod
876 1979 925 2035 si
948 1983 1192 2039 societas
1223 1987 1519 2043 advenerit
1547 1990 1661 2059 (75)
1688 1991 1828 2059 viti;
1861 1996 1917 2046 et
1943 1991 2078 2046 vitis
2107 1990 2352 2063 duplum
2384 1992 2485 2047 dat
2516 1992 2769 2048 fructum
2803 1992 2937 2065 (76),
2970 1996 3025 2048 et
3054 2009 3158 2065 pro
3191 2008 3253 2049 se
3281 1996 3339 2048 et
3384 2008 3489 2065 pro
3542 1991 3729 2048 ulmo.
3788 1992 3875 2049 Sic

481 2065 539 2116 et
567 2079 852 2136 pauperes
883 2085 985 2141 pro
1016 2070 1403 2145 locupletibus
1433 2078 1546 2151 (77)
1576 2084 1806 2135 orantes
1837 2080 1908 2135 ad
1939 2080 2275 2148 Dominum,
2308 2081 2729 2150 exaudiuntur;
2762 2086 2819 2137 et
2851 2086 3143 2154 augentur
3171 2098 3310 2154 opes
3352 2097 3577 2152 eorum,
3597 2081 3873 2152 quoniam

478 2158 758 2250 praestant
788 2160 1143 2230 pauperibus
1173 2179 1240 2219 ex
1270 2165 1477 2236 opibus
1510 2167 1653 2223 suis.
1688 2167 1837 2223 Sunt
1867 2168 2048 2241 igitur
2076 2169 2246 2224 ambo
2279 2173 2578 2225 consortes
2610 2169 2897 2225 honorum
2931 2185 3178 2241 operum
3210 2185 3476 2225 suorum.
3535 2169 3875 2242 Quicunque

479 2242 660 2311 igitur
688 2242 809 2300 haec
841 2247 1055 2321 fecerit,
1087 2269 1201 2307 non
1234 2254 1531 2311 deseretur
1559 2274 1593 2312 a
1624 2258 1883 2328 Domino,
1914 2275 1980 2313 ac
2010 2259 2119 2313 erit
2144 2257 2397 2329 seriptus
2426 2257 2486 2311 in
2535 2257 2683 2314 libro
2714 2258 2860 2314 vitae.
2895 2257 3113 2315 Felices
3162 2257 3341 2329 igitur
3396 2256 3501 2329 qui
3553 2258 3875 2328 possident,

479 2332 538 2385 et
565 2332 828 2390 sentiunt
857 2353 919 2393 se
947 2336 1286 2412 locupletari
1321 2361 1334 2411 ;
1370 2345 1470 2416 qui
1500 2345 1610 2401 hoc
1640 2346 1795 2402 enim
1828 2347 2095 2411 senserit,
2125 2345 2337 2418 poterit
2367 2345 2588 2417 aliquid
2621 2346 3052 2403 administrare.

1870 2465 2324 2528 SIMILITUDO
2370 2465 2471 2526 ΙΙΙ.

483 2548 563 2612 Ut
629 2550 811 2613 hieme
881 2554 1096 2617 virides
1152 2556 1393 2620 arbores
1460 2559 1535 2621 ab
1624 2561 1830 2635 aridis,
1918 2563 2001 2622 sic
2075 2563 2136 2622 in
2221 2562 2329 2623 hoc
2403 2561 2609 2622 saeculo
2678 2562 2845 2642 justi
2919 2561 2996 2624 ab
3071 2562 3309 2645 injustts
3364 2563 3686 2625 internosci
3756 2581 3871 2624 non

2038 2652 2301 2723 possunt.

1880 2758 2118 2814 CAPUT
2158 2758 2453 2814 UNICUM.

545 2834 813 2893 Ostendit
839 2839 984 2895 mihi
1014 2841 1250 2900 arbores
1280 2845 1493 2903 multas
1525 2847 1767 2917 abjectis
1798 2846 1973 2913 foliis,
2008 2864 2133 2919 quas
2164 2847 2309 2902 mihi
2338 2848 2497 2903 velut
2527 2846 2701 2902 aridae
2730 2846 3084 2903 videbantur
3110 2865 3125 2918 ;
3181 2864 3385 2904 omnes
3440 2847 3599 2904 enim
3646 2846 3871 2903 similes

474 2928 657 2981 erant.
692 2926 763 2982 Et
792 2928 937 2984 dixit
966 2930 1111 2985 mihi
1135 2948 1148 2986 :
1182 2932 1357 2989 Vides
1387 2935 1622 2991 arbores
1661 2935 1807 2991 has?
1836 2935 2038 3001 Video,
2069 2936 2332 3007 inquam,
2366 2934 2621 3007 domine,
2650 2934 2874 2992 similes
2897 2936 3099 2994 aridis.
3128 2936 3507 3010 Respondens
3524 2936 3670 2992 dixit
3690 2937 3867 2993 mihi:

471 3012 572 3070 Ha;
603 3016 716 3088 (78)
747 3018 982 3075 arbores
1010 3019 1070 3074 in
1101 3020 1552 3080 similitudinem
1574 3029 1714 3080 sunt
1744 3025 1854 3096 (79)
1888 3024 2215 3091 hominum,
2267 3024 2369 3097 qui
2412 3024 2473 3079 in
2531 3023 2740 3080 seculo
2799 3029 3122 3080 morantur.
3181 3024 3498 3098 Respondi,
3553 3025 3864 3097 inquiens:

468 3104 734 3172 Domine,
765 3122 869 3162 cur
895 3108 1052 3164 velut
1078 3110 1257 3167 aridis
1289 3111 1512 3170 similes
1542 3113 1726 3169 sunt?
1757 3114 2064 3184 Quoniam,
2095 3113 2305 3185 inquit,
2342 3128 2448 3168 nec
2471 3113 2622 3184 justi
2654 3130 2758 3169 nec
2787 3113 2996 3185 injusti
3026 3119 3481 3186 cognoscuntur,
3506 3115 3607 3170 sed
3635 3113 3860 3170 similes

468 3195 687 3249 suntin
719 3195 830 3251 hoc
861 3198 972 3270 (80)
996 3199 1225 3256 saeculo.
1261 3201 1373 3273 (81)
1403 3201 1521 3258 Ηοο
1550 3204 1705 3257 enim
1738 3202 2018 3258 saeculum
2040 3204 2219 3275 justis
2250 3202 2439 3258 hiems
2471 3206 2597 3270 est;
2631 3203 2732 3274 qui
2763 3202 2875 3274 (82)
2907 3219 3021 3259 non
3066 3208 3485 3276 agnoscuntur,
3544 3219 3682 3258 cum
3734 3217 3864 3275 pec-

466 3283 763 3340 catoribus
785 3285 1133 3344 habitantes.
1159 3289 1322 3345 Sicut
1347 3292 1406 3346 in
1426 3290 1620 3346 hieme
1638 3308 1843 3348 omnes
1864 3292 2118 3362 arbores,
2143 3290 2385 3362 abjectis
2407 3289 2582 3359 foliis,
2607 3289 2785 3346 aridis
2807 3290 3029 3347 similes
3051 3295 3210 3361 sunt,
3234 3307 3339 3348 nec
3371 3294 3565 3364 potest
3590 3291 3863 3363 cognosci

466 3387 597 3443 quae
624 3377 764 3429 sunt
790 3375 986 3445 aridae,
1019 3382 1121 3433 aut
1149 3394 1275 3450 qua
1306 3379 1558 3436 virides:
1592 3380 1675 3437 sic
1704 3385 1760 3436 et
1786 3385 1847 3436 in
1878 3379 1986 3435 hoc
2019 3379 2251 3448 saeculo,
2285 3395 2389 3434 nec
2409 3378 2561 3449 justi
2591 3394 2696 3434 nec
2724 3377 2932 3450 injuSti
2962 3384 3398 3452 cognoscuntur
3424 3404 3440 3448 ;
3470 3379 3574 3436 sed
3634 3379 3862 3436 similes

465 3467 607 3517 sunt
636 3478 864 3521 omnes.

1860 3559 2317 3623 SIMILlTUDO
2360 3559 2461 3619 IV.

480 3645 564 3709 Ut
613 3658 813 3711 astate
867 3651 1082 3714 vividae
1136 3654 1387 3716 arbores
1426 3656 1502 3717 ab
1558 3655 1767 3738 aridis,
1824 3657 2027 3738 fructu
2074 3664 2149 3738 et_
2177 3654 2509 3738 virentibus
2564 3653 2739 3738 foliis
2788 3655 3312 3718 internascuntur:
3392 3655 3476 3717 sic
3543 3654 3611 3715 in
3664 3656 3869 3735 fatum

1410 3736 1624 3798 saeculo
1655 3733 1916 3818 justz'ab
1939 3736 2172 3817 injustis
2204 3733 2571 3797 beatitudine
2596 3733 2897 3814 different.

1877 3860 2112 3918 CAPUT
2150 3859 2451 3916 UNICUM.

538 3952 805 4010 Ostendit
836 3955 979 4011 mihi
1012 3956 1223 4013 iterum
1254 3959 1489 4015 arbores
1520 3958 1756 4029 multas,
1789 3976 2038 4033 quarum
2071 3958 2195 4014 aliae
2226 3958 2463 4014 frondes
2484 3956 2847 4023 emittebant,
2877 3956 3001 4013 alia:
3032 3957 3206 4014 aridaa
3226 3958 3488 4014 erant.Et
3508 3956 3655 4013 dixit
3683 3956 3864 4012 mihi:

466 4042 717 4100 Videsne
748 4044 852 4100 bas
882 4047 993 4119 (83)
1025 4044 1266 4104 urberes
1291 4048 1319 4102 ?
1349 4049 1639 4121 Respondi
1666 4066 1679 4106 :
1712 4049 1917 4117 Video,
1947 4048 2210 4115 Domine,
2247 4046 2393 4102 alias
2426 4046 2642 4114 aridas,
2678 4050 2736 4101 et
2754 4045 2902 4103 alias
2935 4047 3267 4103 frondentes
3290 4047 3424 4120 (84).
3458 4050 3555 4102 Has
3606 4046 3863 4114 arbores,

476 4131 690 4204 inquit,
723 4150 850 4206 quae
873 4134 1086 4192 virides
1115 4143 1276 4205 sunt,
1298 4138 1447 4209 justi
1479 4144 1617 4194 sunt
1644 4139 1744 4210 qui
1775 4138 2095 4195 habitaturi
2126 4141 2264 4193 sunt
2293 4136 2355 4191 in
2390 4136 2585 4190 futuro
2616 4134 2827 4191 saeculo
2858 4135 2989 4207 (85).
3024 4134 3173 4191 Illud
3205 4136 3361 4192 enim
3393 4136 3660 4191 futurum
3685 4152 3869 4191 sacu-

475 4219 601 4276 lum
631 4226 801 4278 testas
832 4228 920 4280 est
939 4225 1156 4296 justis;
1191 4226 1589 4298 peccatoribus
1619 4232 1813 4283 autem
1845 4227 2051 4284 hiems.
2087 4228 2232 4283 Cum
2263 4241 2398 4298 ergo
2427 4223 2688 4279 illuxerit
2735 4222 3133 4280 misericordia
3169 4224 3423 4292 Domini,
3453 4228 3593 4281 tunc
3614 4224 3870 4281 declara-

475 4308 696 4365 buntur
725 4312 823 4383 qui
856 4314 1114 4370 serviunt
1143 4315 1280 4385 Deo,
1313 4320 1370 4372 et
1401 4316 1676 4371 omnibus
1707 4317 1819 4389 (86)
1849 4315 2143 4389 perspicui
2173 4318 2363 4370 erunt.
2395 4313 2555 4367 Sicut
2584 4311 2744 4368 enim
2774 4311 2833 4366 in
2864 4316 3065 4368 aestate
3121 4312 3348 4370 fructus
3398 4314 3622 4370 arboris
3664 4315 3870 4385 cuiue-

477 4414 707 4473 cunque
737 4401 1085 4472 declaratur,
1117 4409 1173 4461 et
1201 4409 1359 4477 patet
1386 4404 1542 4477 (87):
1575 4405 1658 4462 sic
1689 4410 1745 4462 et
1768 4407 2064 4477 justorum
2099 4404 2319 4460 factum
2352 4400 2766 4471 declarabitur,
2796 4404 2853 4457 et
2901 4401 3156 4474 patebit;
3188 4407 3245 4459 et
3290 4418 3496 4459 omnes
3551 4401 3773 4459 hilares
3820 4404 3874 4458 et

1648 4528 1881 4586 VARI/E
1920 4528 2309 4587 LECTIONES
2347 4527 2439 4582 ET
2478 4525 2710 4583 NOTIE.

641 4974 659 5187 ἒ

548 4613 663 4686 (67)
697 4615 917 4697 Laudat
944 4616 1101 4697 hunc
1130 4616 1323 4697 lgc_um
1356 4617 1632 4697 Origepes
1659 4617 1869 4697 homil‘.
1915 4619 2002 4685 10,
2057 4619 2120 4672 in
2444 4614 2647 4697 Lamb.
2680 4614 3157 4697 locuptetantibus.

386 4730 389 4731 ν
472 4685 1127 4773 ,Ιοξςὶιτιξῃκθᾶίιιειιογὶειδἶ
1156 4689 1264 4745 BB.
1296 4685 1570 4773 tom.lll,
1601 4705 1734 4773 pag.
1769 4690 1893 4773 423.
1924 4762 1964 4773 ﬂ
2004 4760 2036 4773 η
2441 4686 2647 4773 Lamb.
2679 4685 2906 4773 addidit
2931 4687 3139 4773 aridae.

549 4757 661 4845 (68)
690 4757 831 4815 Mss.
854 4760 1129 4845 .Angl.‘u_t
1157 4761 1509 4845 superillam
1555 4756 2116 4845 'rbfrigeret.uli‘ellus
2440 4759 2524 4845 ita
2554 4756 2754 4845 Lamb;
2785 4758 2874 4845 Ita
2890 4762 2950 4842 et
2981 4759 3196 4817 Fellus.
3228 4758 3320 4815 Al.
3351 4758 3568 4817 harum.

475 4827 652 4906 paulo
673 4831 944 4906 superius
957 4827 1198 4890 Exhibet
1216 4827 1517 4906 applicata,
1540 4827 1807 4905 rejiciens
1827 4833 2114 4889 editorum
2296 4827 2408 4906 (80)
2440 4828 2778 4906 Mss._A_n_gl.
2802 4827 2948 4906 huic.

481 4899 773 4973 applicita'.
1246 4899 1263 4906 ’
1286 4899 1303 4906 ’
1504 4899 1513 4905 ⁷
1595 4899 1618 4905 “
2297 4899 2409 4973 (81)
2443 4900 2663 4956 Laudat
2692 4899 2845 4956 hanc
2875 4901 3325 4958 similitudinem
3361 4900 3638 4973 Origenes
3692 4906 3862 4958 tract.

567 4974 657 5047 69)
689 4975 839 5047 Mss.
861 4973 1032 5047 Agngl.
1055 4976 1206 5047 quia,
1230 4984 1301 5032 et.
1422 5045 1431 5047 4
1544 5046 1554 5047 ί
2223 4972 2315 5030 30.
2347 4975 2644 5047 Comment.
2674 4972 2736 5027 in
2768 4974 2962 5030 Matth.
2982 4990 3135 5042 xxxv,
3163 4974 3253 5041 32,
3282 4972 3499 5029 noviss.
3531 4973 3696 5044 edit.,
3719 4979 3766 5029 t.
3800 4973 3866 5041 ΙΙ,

688 5047 773 5129 Ita
805 5045 994 5129 [tellus
1023 5045 1091 5129 ei}
1124 5063 1267 5102 mss.
1289 5045 1459 5129 tingi.
1616 5049 1677 5103 in
1705 5047 1873 5129 ulmo.
1920 5119 1930 5129 .
2016 5125 2025 5129 _
2224 5045 2516 5129 paggﬁ‘872.

568 5112 659 5187 71)
691 5116 798 5172 Ms.
828 5117 1030 5173 Lamb.
1063 5118 1186 5173 haec
1214 5112 1466 5174 omittit:
1488 5119 1677 5190 jacens
1706 5126 1885 5175 autem
1908 5119 1969 5173 in
2007 5125 2115 5173 τεν-
2224 5112 2245 5119 ’
2297 5112 2410 5190 (82)
2444 5120 2577 5171 Mss.
2609 5112 2760 5169 Vict.
2793 5117 2851 5170 et
2878 5114 3069 5173 Carm.
3098 5118 3255 5189 quia.
3289 5114 3429 5172 Felli
3456 5114 3636 5172 editio
3683 5115 3866 5173 Oxon.

473 5204 563 5261 ra,
589 5190 853 5261 exiguum
882 5192 932 5245 et
967 5191 1266 5261 pessimum
1291 5192 1538 5261 fructum
1557 5190 1671 5247 dat.
2224 5192 2504 5261 quoniam.

2319 5263 2409 5331 83)
2446 5264 2643 5319 Lamb.
2667 5261 2832 5319 deest
2859 5258 2982 5331 has.

548 5260 657 5331 (72)
688 5265 824 5334 Mss.
859 5260 1028 5334 angi.
1057 5262 1116 5315 in
1145 5260 1324 5318 servos
1359 5265 1481 5334 Dei,
1508 5264 1570 5318 in
1616 5277 1912 5334 pauperem
1952 5264 2003 5317 et
2026 5260 2117 5317 di-

2318 5330 2408 5407 84)
2438 5338 2575 5390 Mss.
2608 5333 2779 5407 Angli.
2801 5330 3162 5407 frondescere.

472 5331 654 5386 vitem.
686 5332 844 5387 Hanc
875 5331 1183 5389 lectionem
1242 5333 1508 5406 sequitur
1558 5331 1772 5406 Fellus,
1822 5332 2117 5405 vulgatam

2296 5261 2320 5601 Ξ

472 5418 775 5473 respuens.
1324 5401 1343 5406 “
1754 5401 1766 5406 ⁷
1927 5401 1953 5405 ”
2296 5401 2408 5473 (85)
2445 5407 2640 5462 Lamb.
2673 5401 2924 5461 habituri
2952 5405 3080 5458 sunt
3106 5404 3364 5473 futurum
3384 5401 3669 5459 saeculum.

544 5419 775 5526 εξυθηεο
2318 5407 2389 5459 85
2445 5407 2640 5462 Lamb.
2673 5407 2924 5461 habituri
2952 5407 3080 5458 sunt
3106 5407 3364 5473 futurum
3384 5407 3669 5459 saeculum.
3776 5470 3788 5481 .

544 5476 658 5549 (μὲ)
688 5475 827 5549 Μεθ’·
857 5475 1021 5549 Αοεῖο
1054 5475 1219 5549 (ξθθεῖ
1248 5476 1355 5532 '51“-
2230 5546 2263 5549 _
2296 5407 2408 5549 (ὅδὲ
2439 5478 2523 5533 Ita
2553 5494 2696 5549 mss.
2728 5473 2879 5546 Angl
2912 5478 2991 5530 .et
3036 5474 3227 5530 Carm.
3282 5473 3367 5529 Ita
3412 5489 3641 5544 quoque
3694 5469 3867 5528 editio

547 5546 658 5620 (74)
690 5547 828 5620 Mss.
864 5545 1024 5619 Angl.
1058 5545 1276 5620 [ructus
1304 5549 1459 5605 dare.
2230 5545 2365 5603 Fell.
2391 5545 2575 5604 Oxon.
2609 5548 2700 5603 Al.
2732 5562 2934 5604 omnes.

546 5618 654 5692 (75)
689 5618 848 5673 Bodl.
880 5616 1099 5675 siccitas
1135 5638 1251 5676 non
1278 5621 1581 5677 advenerit.
1646 5620 1843 5676 Lamb.
1902 5622 2117 5677 siccitas
2297 5619 2407 5692 (87)
2434 5621 2572 5677 Mss.
2597 5621 2790 5677 Carm.
2810 5622 2868 5674 et
2894 5616 3090 5672 Lamb.
3115 5625 3293 5689 paret.
3323 5619 3565 5684 Etmox,
3599 5616 3863 5688 parebunt

474 5690 714 5766 acati._
841 5761 852 5766 _
972 5761 984 5766 _
1098 5761 1110 5766 _
1213 5764 1224 5766 _
2224 5690 2409 5748 onmcs
2441 5709 2543 5764 pro
2580 5692 2809 5766 patebit;
2837 5693 2887 5747 et
2915 5705 3119 5745 omnes.

548 5759 663 5833 (76)
697 5761 896 5818 Lamb.
928 5761 1167 5818 abundat
1194 5764 1399 5833 fructu.
