4036 6356
194 481 313 543 957
1302 485 1399 544 PA
1411 484 1635 545 STOR.
1667 514 1745 528 —

1994 485 2081 559 ΠΙ,
2129 485 2366 547 SIMIL.
2412 486 2487 547 V.
3470 471 3588 535 958

191 613 518 686 gaudentes
539 611 600 668 in
630 611 729 669 illo
762 612 975 669 saeculo
1006 614 1405 670 restituentur.
1432 615 1577 671 Nam
1602 619 1815 670 canterze
1844 617 1955 687 (88)
1977 621 2198 687 gentes,
2226 621 2553 688 peccatores
2585 614 2805 671 scilicet
2826 613 2960 686 (89),
2993 610 3145 667 sicut
3177 608 3412 663 arbores
3441 622 3588 679 quas

189 702 387 758 vidisti
416 702 630 772 aridas,
664 702 811 758 tales
842 702 1211 759 invenientur
1240 705 1386 759 aridi
1413 712 1469 759 et
1498 705 1624 760 sine
1652 706 1846 761 fructu
1878 706 1936 760 in
1966 707 2067 761 illo
2099 708 2307 762 saeculo
2333 725 2346 774 ;
2380 711 2437 763 et
2460 708 2613 762 sicut
2642 705 2804 761 arida
2829 703 3007 775 ligna,
3039 700 3457 757 comburantur
3489 713 3502 750 :
3534 698 3592 751 et

191 793 385 865 palam
419 793 522 847 ﬁet
550 792 688 863 (90),
722 793 999 864 quoniam
1030 793 1182 848 male
1216 795 1474 849 fecerunt
1504 795 1562 849 in
1596 794 1754 849 omni
1786 799 2044 867 tempore
2077 796 2206 851 vitae
2237 813 2354 851 suae
2382 814 2394 863 ;
2428 801 2485 851 et
2516 795 2933 851 comburentur
2969 791 3117 859 ideo,
3150 787 3287 860 quia
3316 801 3591 859 peccave—

191 888 331 938 runt
360 888 417 937 et
445 888 814 953 peccatorum
846 899 1085 937 suorum
1119 900 1232 937 non
1266 889 1510 955 egerunt
1540 884 1938 954 pmnitentiam
1970 886 2034 939 ⁸⁵.
2065 887 2173 940 Sed
2208 892 2263 940 et
2294 890 2507 940 caetera
2554 888 2756 955 gentes
2805 881 3221 937 comburantur
3264 877 3415 941 ideo,
3451 875 3590 945 quia

191 989 308 1028 non
342 976 700 1043 agnoverunt
727 972 909 1026 Deum
944 978 1270 1027 creatorum
1303 990 1498 1027 suum.
1532 973 1615 1027 Tu
1646 990 1780 1044 ergo
1813 975 1901 1029 fac
1933 975 2184 1029 fructum
2212 976 2451 1039 bonum,
2484 978 2549 1029 ut
2579 975 2635 1028 in
2660 976 2860 1027 aestate
2891 970 3002 1042 (91)
3032 969 3417 1040 cognoscatur
3442 965 3591 1019 fruc-

190 1067 289 1116 tus
318 1066 460 1116 tuus
485 1079 497 1128 ;
531 1067 585 1115 et
615 1060 842 1115 abstine
872 1066 927 1115 te
956 1078 988 1115 a
1018 1062 1219 1116 multis
1250 1062 1523 1133 negotiis,
1555 1066 1613 1116 et
1643 1062 1789 1116 nihil
1820 1062 2143 1134 delinquas.
2168 1064 2510 1135 Quicunque
2535 1062 2690 1118 enim
2721 1060 2906 1115 multa
2929 1058 3159 1130 negotia
3179 1059 3379 1128 agunt,
3403 1053 3594 1109 multa

189 1150 579 1221 delinquunt;
614 1149 753 1221 quia
780 1150 1077 1204 constricti
1104 1154 1242 1205 sunt
1267 1151 1420 1205 circa
1449 1156 1680 1223 negotia
1709 1169 1835 1219 sua,
1869 1156 1925 1207 et
1963 1170 2077 1207 non
2107 1153 2369 1208 serviunt
2396 1152 2528 1207 Deo.
2562 1152 2705 1206 Nam
2737 1149 3023 1220 quomodo
3052 1150 3240 1217 potest
3284 1144 3458 1199 homo
3490 1142 3591 1214 qui

190 1256 304 1294 non
344 1240 518 1294 servit
547 1240 683 1306 Deo,
718 1238 937 1310 aliquid
970 1246 1161 1310 petere
1191 1244 1246 1294 et
1279 1240 1536 1310 accipere
1569 1258 1601 1295 a
1630 1240 1745 1296 Deo
1766 1240 1794 1295 ?
1823 1241 1930 1305 Qui
1958 1242 2111 1297 enim
2147 1242 2405 1297 serviunt
2434 1244 2558 1307 deo,
2594 1242 2797 1312 petunt
2825 1245 2881 1294 et
2905 1237 3197 1308 accipiunt
3225 1251 3333 1289 sua
3361 1232 3593 1288 deside~

187 1329 297 1384 ria.
332 1330 491 1392 Quod
534 1329 582 1383 si
637 1346 817 1383 unum
872 1329 1167 1400 negotium
1199 1334 1409 1385 tractat
1441 1329 1671 1401 aliquis,
1706 1330 1950 1402 posterit
1978 1332 2190 1386 servire
2226 1333 2373 1398 Deo;
2416 1331 2692 1403 quoniam
2724 1345 2837 1384 non
2870 1328 3156 1383 alienatur
3200 1323 3433 1379 animus
3462 1322 3592 1392 ejus

188 1435 223 1474 a
252 1418 523 1480 Domino,
554 1420 654 1473 sed
685 1436 830 1489 pura
860 1425 1053 1473 mente
1086 1419 1261 1473 servit
1286 1419 1418 1475 Deo.
1454 1419 1570 1475 Hoc
1601 1435 1736 1491 ergo
1768 1420 1817 1475 si
1845 1420 2069 1488 feceris,
2100 1421 2314 1493 poteris
2346 1421 2403 1475 in
2423 1423 2662 1477 venturo
2686 1417 2895 1474 saeculo
2918 1415 3131 1472 habere
3161 1415 3412 1470 fructum
3441 1429 3455 1481 ;
3489 1410 3588 1467 sed

186 1509 245 1562 et
272 1523 479 1562 omnes
509 1506 608 1579 qui
640 1506 879 1562 fecerint
910 1507 1053 1572 haec,
1088 1507 1341 1562 fructum
1375 1508 1575 1563 ferent.

1630 1624 2049 1681 SIMILITUDO
2089 1625 2156 1682 V.

921 1712 994 1767 De
1021 1712 1409 1783 vrro’jeiunio,
1443 1716 1496 1768 et
1523 1713 1638 1784 ejus
1664 1714 1914 1771 mercede
1932 1732 1954 1777 ;
1985 1720 2105 1769 tum
2135 1722 2187 1769 et
2212 1714 2276 1770 de
2302 1715 2544 1787 corporis
2572 1712 2869 1769 munditia.

1594 1837 1821 1894 CAPUT
1875 1839 2182 1895 PRIMUM.

264 1943 412 1998 Cum
436 1944 766 2014 jejunarem
798 1946 857 1998 et
886 1944 1147 1999 sederem
1178 1944 1237 1999 in
1271 1948 1467 2000 monte
1497 1945 1773 2016 quodam,
1808 1949 1865 2001 et
1891 1946 2109 2018 gratias
2132 1963 2362 2019 agerem
2384 1946 2499 2002 Deo
2522 1962 2624 2019 pro
2648 1944 2923 2001 omnibus
2946 1958 3072 2014 quae
3096 1942 3309 1996 fecerat
3330 1952 3594 2005 mecum;

186 2032 358 2089 video
392 2039 685 2105 pastorem
717 2032 883 2088 illum
916 2034 1211 2089 sedentem
1238 2036 1408 2104 juxta
1438 2050 1550 2103 me,
1587 2050 1652 2089 ac
1683 2035 1795 2106 (92)
1823 2035 2111 2091 dicentem
2146 2036 2289 2092 mihi
2323 2052 2335 2091 :
2370 2037 2516 2101 Quid
2551 2041 2668 2091 tam
2701 2049 2873 2089 mane
2903 2032 3016 2087 huc
3045 2028 3304 2086 venisti?
3334 2032 3591 2100 Respon-

189 2122 251 2177 di
290 2140 303 2177 ε
340 2122 646 2189 Quoniam,
679 2122 935 2191 domine,
968 2123 1275 2178 stationem
1309 2122 1515 2179 habeo.
1548 2122 1699 2187 Quid
1730 2127 1838 2193 est,
1870 2125 2081 2196 inquit,
2113 2126 2287 2181 statio
2308 2126 2335 2180 ?
2378 2127 2445 2181 Et
2470 2125 2585 2180 dixi
2617 2122 2936 2195 Jejunium.
2970 2125 3037 2176 Et
3086 2119 3232 2175 dixit
3263 2136 3276 2173 :
3324 2116 3471 2182 Quid
3505 2118 3598 2171 est

188 2209 345 2266 illud
370 2212 672 2283 Jejunium
696 2211 724 2266 ?
754 2210 917 2266 Sicut
946 2211 1228 2282 solebam,
1259 2212 1523 2283 inquam,
1558 2212 1641 2268 sic
1662 2214 1887 2285 jejuno.
1922 2214 2187 2283 Nescitis,
2219 2215 2431 2286 inquit,
2466 2216 2577 2269 Deo
2602 2214 2906 2285 jejunare;
2940 2226 3128 2282 neque
3165 2212 3255 2264 est
3295 2206 3590 2279 jejunium

190 2301 305 2357 hoc
364 2301 517 2373 quod
560 2302 868 2371 jejunatis,
899 2306 1012 2356 Deo
1063 2301 1208 2356 nihil
1264 2303 1654 2372 proficientes.
1687 2306 1875 2369 Quare
1920 2303 2185 2376 inquam,
2218 2305 2471 2369 domine,
2504 2305 2588 2359 ita
2635 2302 2827 2358 dicis?
2855 2302 2993 2357 Dico
3024 2306 3198 2367 certe,
3231 2297 3444 2368 inquit,
3479 2311 3595 2350 non

186 2407 322 2447 esse
343 2390 764 2463 (93)jejunium
796 2390 1087 2462 hoc,quod
1122 2392 1342 2462 putatis
1370 2409 1471 2448 vos
1492 2394 1761 2464 jejunare
1784 2411 1798 2462 ;
1825 2395 1926 2449 sed
1958 2410 2063 2465 ego
2084 2399 2139 2450 te
2169 2394 2384 2450 docebo
2414 2395 2567 2465 quod
2592 2392 2976 2465 sitjejunium
3008 2390 3243 2462 plenum
3267 2390 3599 2458 acceptum-

191 2496 311 2552 que
339 2484 473 2534 Deo.
504 2480 679 2545 Audi,
712 2480 904 2552 inquit
935 2498 949 2535 :
982 2480 1262 2535 Dominus
1294 2498 1408 2536 non
1441 2482 1733 2538 desiderat
1762 2482 1877 2538 tale
1904 2484 2197 2553 jejunium
2250 2500 2712 2555 supervacuum:
2766 2481 2848 2537 sic
2895 2480 3051 2536 enim
3095 2478 3415 2557 jejunando
3456 2475 3602 2532 nihil

187 2572 441 2640 praestas
475 2568 754 2639 aequitati.
795 2570 1007 2639 Jejuna
1036 2574 1186 2624 certe
1216 2586 1417 2625 verum
1442 2570 1741 2641 jejunium
1771 2571 1886 2627 tale
1915 2571 2048 2643 (94).
2081 2571 2238 2626 Nihil
2286 2572 2346 2627 in
2392 2573 2510 2627 vita
2556 2576 2660 2626 tua
2711 2569 2977 2641 nequiter
3007 2568 3223 2635 facias;
3257 2566 3356 2622 sed
3406 2568 3600 2621 mente

183 2672 340 2728 pura
371 2656 518 2711 servi
546 2656 682 2724 Deo,
718 2656 1054 2712 custodiens
1087 2658 1364 2713 mandata
1392 2660 1519 2728 ejus
1549 2664 1605 2713 et
1628 2659 1685 2712 in
1715 2665 2001 2731 praecepta
2040 2661 2168 2731 ejus
2195 2660 2309 2728 (95)
2356 2658 2723 2732 ingrediaris,
2774 2673 2961 2728 neque
3012 2655 3322 2712 admiseris
3368 2652 3600 2709 deside-

182 2743 348 2798 rium
372 2760 586 2799 nocens
617 2743 676 2797 in
709 2743 902 2799 animo
933 2750 1055 2799 tuo.
1091 2744 1267 2800 Crede
1301 2754 1492 2800 autem
1526 2745 1795 2815 Domino,
1828 2746 1877 2801 si
1910 2746 2031 2803 hec
2061 2747 2286 2818 feceris,
2320 2747 2707 2818 timoremque
2735 2748 2863 2817 ejus
2914 2744 3208 2811 habueris,
3243 2746 3419 2814 atque
3464 2741 3597 2797 abs-

180 2831 436 2888 tinueris
465 2834 537 2887 ab
565 2833 722 2888 omni
757 2832 988 2905 negotio
1022 2834 1195 2905 malo,
1229 2834 1342 2889 Deo
1378 2839 1431 2890 te
1460 2834 1773 2890 victurum.
1806 2836 1935 2891 Hac
1968 2836 2015 2892 si
2048 2836 2272 2903 feceris,
2292 2836 2582 2909 jejunium
2616 2851 2893 2909 magnum
2926 2832 3363 2891 consummabis
3394 2844 3597 2903 accep-

183 2923 440 2993 tumque
471 2923 735 2977 Domino.

1718 3039 1945 3096 CAPUT
2000 3041 2069 3095 II.

262 3152 411 3207 Audi
445 3152 893 3208 similitudinem
925 3170 1100 3225 quam
1133 3153 1398 3208 dicturus
1431 3170 1561 3209 sum
1591 3155 1698 3210 tibi
1733 3156 1803 3211 ad
1826 3156 2125 3227 jejunium
2158 3157 2568 3229 pertinentem.
2603 3157 2847 3221 Quidam
2885 3157 3037 3229 quod
3077 3156 3316 3211 haberet
3346 3154 3595 3210 fundum

194 3257 519 3313 servosque
550 3242 788 3310 multos,
825 3243 881 3295 in
916 3243 1169 3313 quadam
1199 3246 1360 3313 parte
1392 3243 1551 3297 fundi
1585 3245 1675 3299 sui
1709 3245 1906 3315 posuit
1930 3246 2159 3299 vineam
2185 3246 2620 3301 successoribus
2642 3247 2752 3318 (96)
2779 3270 2793 3312 ;
2821 3245 3027 3301 deinde
3047 3260 3281 3317 peregre
3302 3242 3596 3314 profectus

189 3329 374 3401 elegit
402 3346 631 3385 servum
665 3346 840 3401 quem
870 3329 1124 3384 habebat
1152 3329 1560 3385 fidelissimum
1586 3348 1651 3386 ac
1669 3331 1780 3387 sibi
1814 3333 2124 3403 probatum
2154 3351 2167 3400 ;
2200 3334 2369 3405 eique
2401 3333 2719 3406 assignavit
2750 3333 2997 3401 vineam,
3025 3331 3360 3405 praecipiens
3381 3335 3447 3386 ut
3469 3329 3598 3386 viti-

184 3419 306 3475 bus
334 3419 606 3491 jungeret
636 3418 836 3491 palos;
871 3420 1025 3491 quod
1057 3420 1103 3475 si
1140 3420 1372 3475 fecisset
1400 3424 1458 3475 et
1483 3421 1828 3476 mandatum
1878 3439 2053 3477 suum
2104 3428 2594 3488 consummasset,
2628 3423 2955 3479 libertatem
2987 3423 3173 3478 eidem
3205 3438 3266 3477 se
3314 3422 3594 3476 daturum

182 3510 481 3581 promisit.
516 3510 629 3565 Nec
660 3514 935 3581 praeterea
965 3509 1286 3581 quidquam
1317 3509 1474 3564 aliud
1510 3511 1779 3582 praecepit
1808 3510 1913 3582 illi,
1948 3513 2101 3583 quod
2134 3511 2192 3566 in
2225 3527 2293 3567 ea
2321 3512 2536 3569 faceret
2565 3514 2698 3585 (97),
2725 3518 2897 3585 atque
2925 3513 3007 3569 ita
3036 3527 3275 3585 peregre
3302 3511 3594 3584 profectus

181 3603 299 3655 est.
334 3598 649 3671 Postquam
683 3604 874 3654 autem
899 3616 1099 3654 servus
1130 3598 1228 3654 ille
1258 3616 1456 3653 curam
1491 3600 1877 3671 apprehendit
1906 3602 2041 3674 (98),
2073 3601 2210 3656 fecit
2241 3618 2607 3675 quaecunque
2644 3608 2989 3675 praeceperat
3008 3602 3301 3658 dominus.
3332 3600 3597 3672 Cumque

180 3686 522 3759 depalasset
549 3688 775 3743 vineam
810 3687 993 3753 illam,
1026 3695 1081 3742 et
1111 3687 1616 3744 animadvertisset
1644 3705 1772 3744 eam
1805 3689 2003 3746 herbis
2031 3689 2309 3761 repletan,
2342 3692 2513 3763 cmpit
2556 3708 2755 3747 secum
2787 3692 2869 3748 ita
2897 3692 3151 3764 cogitare
3180 3690 3313 3763 (99),
3343 3689 3546 3746 dicens
3580 3707 3594 3745 :

177 3776 391 3849 Peregi
425 3778 579 3849 quod
610 3777 755 3832 mihi
788 3782 1139 3849 praeceperat
1166 3776 1442 3832 dominus
1470 3802 1484 3843 ;
1517 3777 1730 3833 fodiam
1762 3795 1919 3834 nunc
1948 3779 2178 3834 vineam
2211 3779 2381 3849 hanc,
2416 3784 2473 3836 et
2501 3780 2610 3837 erit
2657 3781 2966 3837 formosior
3019 3796 3153 3837 cum
3208 3778 3382 3835 fuerit
3437 3779 3597 3835 fossa

180 3865 344 3939 (100)
372 3884 385 3935 ;
417 3870 473 3922 et
502 3867 769 3923 extractis
800 3866 1017 3937 herbis,
1051 3867 1333 3937 majorem
1360 3867 1520 3922 dabit
1540 3867 1820 3937 fructum,
1849 3871 1906 3923 et
1934 3884 2050 3922 non
2082 3868 2462 3924 suifocabitur
2492 3869 2562 3925 ab
2588 3869 2804 3926 herbis.
2836 3871 3162 3943 Aggressus
3193 3868 3402 3924 deinde
3426 3867 3591 3938 fodit,

180 3958 250 4011 et
279 3972 485 4011 omnes
517 3954 725 4011 herbas
759 3972 883 4027 qua:
916 3955 973 4009 in
1009 3970 1076 4010 ea
1106 3959 1292 4023 erant,
1329 3956 1576 4011 extraxit
1603 3973 1616 4023 ;
1652 3960 1825 4028 atque
1855 3956 1936 4011 ita
1964 3956 2148 4012 evasit
2178 3957 2346 4013 vinea
2379 3958 2811 4029 speciosissima
2854 3976 2920 4014 ac
2966 3957 3114 4023 lata,
3149 3975 3262 4013 non
3313 3957 3596 4013 sull'ocata

181 4043 267 4099 ab
300 4043 518 4100 herbis.
561 4045 696 4100 Post
726 4044 1095 4115 aliquantum
1130 4059 1261 4098 vero
1291 4044 1574 4115 temporis
1605 4044 1762 4099 venit
1791 4044 2066 4100 dominus
2096 4048 2243 4116 ejus,
2278 4049 2335 4099 et
2362 4045 2663 4118 ingressus
2695 4050 2785 4102 est
2813 4046 3040 4102 vineam
3076 4064 3089 4102 :
3123 4061 3300 4117 quam
3327 4061 3458 4100 cum
3491 4045 3592 4099 de-

182 4131 449 4205 palatam
477 4133 719 4189 vidisset
749 4134 1036 4201 decenter,
1068 4149 1135 4188 ac
1160 4132 1602 4187 circumfossam
1644 4132 1741 4203 (1),
1774 4138 1830 4188 et
1860 4138 2144 4189 extractas
2175 4133 2386 4189 herbas
2418 4137 2488 4189 ab
2519 4152 2607 4200 ea,
2638 4139 2693 4190 et
2722 4134 2884 4190 laetas
2915 4151 3042 4190 esse
3088 4136 3271 4201 vites;
3322 4149 3391 4188 ex
3441 4132 3590 4188 tacto

182 4222 305 4277 hoc
335 4223 482 4277 servi
511 4224 600 4278 sui
634 4222 915 4295 gaudium
949 4223 1121 4293 cepit.
1156 4222 1432 4276 Adhibito
1465 4222 1661 4293 itaque
1682 4222 1802 4278 ﬁlio
1834 4239 2005 4293 quem
2034 4223 2276 4279 charum
2307 4228 2361 4279 et
2392 4224 2680 4280 heredem
2713 4224 2983 4290 habebat,
3017 4227 3075 4279 et
3104 4222 3308 4279 amicis
3355 4239 3504 4295 quos
3532 4221 3592 4277 in

180 4310 439 4367 concilio
471 4313 805 4383 advocabat,
838 4312 1060 4366 indicat
1089 4328 1156 4367 ea
1184 4328 1309 4382 quae
1344 4328 1508 4367 servo
1541 4328 1646 4366 suo
1682 4312 1947 4367 facienda
1977 4315 2291 4381 madasset,
2327 4330 2451 4385 quae
2486 4319 2761 4385 praeterea
2790 4313 2886 4369 ille
2915 4314 3164 4369 fecisset.
3196 4314 3266 4368 At
3292 4312 3376 4367 illi
3406 4311 3589 4385 proti-

180 4417 306 4456 nus
337 4401 615 4472 gratulati
651 4407 787 4457 sunt
819 4418 982 4457 servo
1013 4400 1116 4470 illi,
1150 4402 1304 4471 quod
1352 4405 1472 4455 tam
1522 4399 1761 4472 plenum
1808 4402 2212 4457 testimonium
2262 4403 2485 4457 domini
2534 4404 2627 4459 sui
2672 4408 2974 4459 assecutus
3006 4403 3234 4458 fuisset.
3267 4402 3355 4457 Ait
3381 4402 3592 4457 deinde

177 4488 347 4544 illis:
379 4490 498 4562 Ego
531 4490 768 4562 quidem
799 4490 936 4545 huic
968 4506 1132 4545 servo
1178 4489 1506 4545 libertatem
1539 4488 1801 4561 promisi,
1835 4489 1885 4545 si
1935 4490 2287 4547 custodisset
2338 4493 2682 4547 mandatum
2732 4508 2928 4547 meum
2976 4491 3132 4563 quod
3186 4491 3501 4557 dederam;
3535 4493 3593 4546 et

174 4578 505 4635 oustodivit
534 4578 678 4634 illud
710 4584 767 4634 et
791 4583 1068 4652 praeterea
1097 4595 1245 4650 opus
1276 4578 1493 4634 bonum
1526 4576 1739 4649 adjecit
1779 4576 1839 4633 in
1878 4578 2128 4647 vineam,
2179 4580 2331 4651 quod
2378 4579 2523 4634 mihi
2574 4578 3075 4652 quamplurimum
3106 4579 3180 4651 (2)
3212 4577 3450 4650 placuit.
3482 4578 3591 4634 Pro

254 4686 304 4721 ⁸⁵
333 4685 537 4742 Matth.
571 4704 657 4753 III,
692 4687 796 4755 10;
825 4704 924 4753 v11,
958 4686 1045 4742 19.

1356 4775 1595 4831 VARI/E
1634 4775 2014 4834 LECTlONES
2053 4778 2145 4833 ET
2184 4777 2417 4834 NOTIE.

255 4878 276 5092 ἓ

280 4877 375 4949 88)
406 4876 746 4949 ΜεεεΑιιεΙ.
779 4879 838 4930 et
865 4877 1059 4949 Garm.
1092 4883 1324 4931 exterae.
1943 4875 2215 4949 exhibere
2244 4878 2304 4931 in
2330 4877 2624 4949 praeceptis
2652 4875 2789 4947 ejus.
2822 4874 2908 4931 Al.
2943 4877 3002 4931 in
3025 4875 3320 4947 praeceptis
3349 4875 3473 4946 ejus
3499 4876 3588 4930 in-

280 4947 374 5016 89)
408 4948 611 5003 Lamb.
641 4949 802 5003 deest
828 4948 1053 5002 scilicet.
1943 4947 2214 5016 grediens.

280 4952 354 5002 89
408 4952 611 5003 Lamb.
641 4952 802 5003 deest
828 4952 1053 5002 scilicet.
1943 4952 2214 5016 grediens.

409 5020 493 5075 Ita
524 5036 665 5075 mss.
696 5018 867 5091 Angl.
919 5019 1004 5073 Ita
1046 5022 1103 5074 et
1150 5015 1289 5073 Felli
1333 5016 1472 5073 edit.
1507 5016 1689 5073 Oxon.
1741 5015 1828 5072 Al.
1942 5019 2297 5159 ruggsltiss.
2328 5017 2499 5105 Angl.
2560 5017 2861 5088 adfuturis.
2893 5018 2987 5073 Sic
3016 5023 3074 5074 et
3104 5018 3247 5074 Vict.
3279 5020 3351 5073 At
3380 5016 3583 5073 Lamb.

556 5162 567 5166 _
656 5163 665 5166 -
1942 5092 2210 5166 Γαξπέζξδε-
2352 5098 2367 5166 Γ

281 5163 375 5233 91)
409 5162 608 5218 Lamb.
642 5163 703 5217 in
729 5169 975 5233 eoistare.
1943 5158 1949 5159 9
2014 5161 2125 5233 (97)
2152 5161 2297 5233 Mss.
2332 5159 2499 5233 Angl.
2532 5162 2712 5228 facere
2740 5160 2968 5233 deberet.
3002 5158 3092 5233 Sic
3140 5162 3200 5233 et
3235 5159 3355 5233 edit
3402 5159 3584 5233 Oxon.

278 5229 370 5303 92)
405 5233 566 5288 Bodl.
601 5234 761 5288 addit
791 5232 931 5289 haec.
1298 5301 1306 5303 _
1500 5301 1538 5303 _
1743 5299 1781 5303 ,Α
1942 5229 2115 5302 Apud
2140 5229 2589 5287 Clericum‘vero
2619 5248 2729 5287 ms.
2770 5232 2961 5286 Lamb.
2989 5230 3072 5284 sic
3103 5247 3165 5285 se
3187 5229 3400 5303 habet:
3434 5230 3589 5303 quid-

277 5299 372 5374 93)
408 5306 602 5359 Lamb.
638 5307 787 5360 enim
818 5306 957 5374 quia
987 5318 1097 5357 non
1127 5304 1223 5357 est.
1255 5301 1346 5356 Sic
1392 5306 1449 5355 et
1500 5299 1639 5355 Felli
1692 5299 1831 5374 edit.
1943 5299 2108 5373 quam
2135 5305 2397 5374 praecepit
2428 5304 2539 5371 illi,
2572 5312 2631 5357 ut
2662 5303 2793 5374 quid
2822 5306 2882 5357 in
2910 5318 2973 5357 ea
2998 5304 3178 5371 facere
3206 5299 3442 5358 deberet.

162 5372 365 5437 Oxon.
398 5392 526 5446 quae
574 5381 770 5432 tamen
822 5372 996 5430 habet
1043 5375 1312 5444 quoniam
1352 5374 1655 5446 pro_qu_z'a.
1692 5372 1833 5446 Hinc
1952 5372 1965 5373 ί
2014 5372 2239 5446 (98)Al.
2275 5372 2705 5446 ded.iaddun't
2734 5377 2897 5446 cwpit
2925 5375 2996 5429 ei.

166 5392 365 5437 Uxon.
442 5394 526 5430 uae
574 5392 770 5432 tamen
822 5392 996 5430 habet
1043 5392 1312 5444 quoniam
1352 5392 1453 5443 pro
1505 5392 1655 5442 quia.
1693 5392 1833 5427 mne
2034 5392 2124 5444 νδ)
2155 5392 2239 5428 Ai.
2275 5392 2451 5429 uoca.
2486 5392 2705 5429 acuunt
2734 5392 2897 5446 cwpu
2925 5392 2996 5429 ei.

166 5392 471 5509 nonnulla
503 5448 789 5518 excerpsit
820 5445 1437 5518 pseudo-Athanasius
1469 5443 1527 5497 in
1560 5444 1738 5498 Doctr.
1760 5443 1833 5518 ad
2013 5392 2124 5516 (99)
2158 5450 2291 5501 Mss.
2324 5445 2490 5517 Angl.
2524 5446 2820 5517 disputare,
2855 5449 2919 5500 ut
2968 5444 3142 5499 modo
3192 5460 3324 5517 sup.
3385 5460 3512 5517 cap.
3545 5460 3587 5511 ι,

164 5520 429 5579 Antioch.
464 5535 626 5574 num.
673 5514 759 5584 16,
808 5514 940 5589 pag.
991 5517 1117 5583 260,
1176 5533 1425 5588 quorum
1466 5532 1602 5586 pars
1645 5514 1831 5586 profe-
1942 5514 2227 5589 notatum.

165 5591 366 5652 renda
399 5608 533 5645 mox
574 5591 725 5644 infra
765 5586 976 5674 cap—.3.
1039 5660 1048 5672 .
1094 5660 1104 5671 .
2012 5588 2160 5721 (100)
2192 5593 2325 5642 Mss.
2361 5586 2527 5658 Angl.
2560 5589 2853 5657 formosior
2879 5590 3054 5658 fossa.

257 5664 372 5721 (94)
406 5662 603 5717 Lamb.
648 5664 785 5716 Leve
830 5677 981 5715 enim
1028 5676 1306 5721 muniam
1350 5659 1457 5713 tale
1501 5660 1597 5712 est.
1649 5656 1833 5712 Habet
2036 5660 2087 5721 1)
2122 5660 2322 5714 Lamb.
2353 5661 2576 5721 fossam.

257 5664 372 5732 (94)
406 5662 603 5717 Lamb.
648 5664 785 5716 Leve
830 5656 981 5715 enim
1007 5660 1306 5732 jejunium
1350 5659 1457 5713 tale
1501 5660 1597 5712 est.
1649 5656 1833 5712 Habet
2012 5656 2087 5732 (1)
2122 5656 2322 5732 Lamb.
2352 5656 2576 5732 fossam.

166 5729 730 5811 quoqueenilnpro
760 5741 898 5788 certe
926 5729 1233 5811 Felliiedit.
1267 5731 1447 5811 O_xon.
1596 5803 1605 5811 _
1668 5800 1703 5811 __
1763 5800 1801 5811 η
2012 5730 2090 5801 (2)
2124 5731 2260 5788 Mss.
2292 5729 2466 5802 Angl.
2500 5730 2859 5786 validissime.

256 5800 373 5877 (95)
402 5805 495 5860 Sic
528 5800 719 5861 Fellus
750 5821 817 5860 ex
858 5820 1001 5859 mss.
1053 5801 1221 5874 Angl.
1270 5801 1369 5858 ubi
1420 5803 1614 5856 monet
1663 5800 1826 5857 Bodl.
