4036 6356
495 408 612 477 959
1980 417 2043 479 s.
2090 416 2390 481 HERME
3772 412 3897 474 960

496 542 607 599 hoc
634 542 814 618 igitur
842 560 1013 618 opere
1041 548 1195 619 quod
1228 548 1384 619 fecit,
1413 549 1540 606 volo
1571 564 1706 607 eum
1736 551 1855 608 ﬁlio
1881 566 2011 607 meo
2042 552 2225 607 facere
2264 551 2619 608 cohzeredem
2646 569 2661 621 ;
2713 551 2993 625 quoniam
3036 566 3172 608 cum
3219 547 3501 609 sensisset
3548 545 3696 620 quid
3740 550 3899 603 esset

497 634 739 708 bonum,
772 654 885 694 non
918 638 1116 694 omisit
1142 640 1241 712 (3),
1273 642 1373 698 sed
1406 642 1540 699 fecit
1568 642 1732 698 illud.
1766 648 1883 699 Hoc
1913 643 2223 699 consilium
2255 644 2495 715 domini,
2527 647 2584 699 et
2613 643 2771 700 ﬁlius
2794 643 2868 717 (4)
2889 647 2946 700 et
2979 642 3149 698 amici
3179 642 3307 714 ejus
3337 639 3895 713 comprobaverunt;

499 729 564 779 ut
588 724 748 780 ﬁeret
778 726 998 782 scilicet
1029 727 1124 784 hic
1157 734 1358 785 servu's
1390 731 1641 786 cohzeres
1671 731 1956 787 filio.Post
1986 732 2110 787 dies
2143 731 2350 787 deinde
2381 750 2493 787 non
2520 732 2736 788 multos
2757 733 2833 803 (5)
2856 731 3185 788 convocatis
3214 729 3443 796 amicis,
3467 726 3898 799 paterfamilias

500 814 661 870 misit
689 817 764 888 (6)
798 818 869 872 de
898 835 1062 874 omna
1090 836 1197 875 sua
1226 837 1388 876 servo
1419 821 1503 875 illi
1535 822 1692 876 cibos
1724 822 2073 892 complures.
2106 822 2261 885 Quos
2290 839 2424 877 cum
2458 824 2778 894 accepisset
2807 822 2923 893 ille,
2960 821 3203 876 sustulit
3231 836 3299 876 ex
3336 819 3420 875 eis
3450 819 3606 891 quod
3638 818 3898 873 sufﬁcie-

500 904 600 960 bat
627 905 704 977 (7)
735 907 848 962 sibi
874 934 887 977 ;
918 908 1208 980 reliquum
1242 917 1436 966 autem
1468 913 1758 967 conservis
1791 913 1913 967 suis
1945 912 2265 967 distribuit.
2298 912 2521 976 Quibus
2553 915 2826 985 acceptis,
2859 912 2941 967 illi
2974 911 3148 967 laetati
3179 916 3338 976 sunt,
3372 916 3431 966 et
3461 913 3765 982 coeperunt
3814 907 3898 962 illi

497 1001 718 1069 optare,
753 1005 817 1054 ut
848 1002 1129 1071 majorem
1160 1003 1411 1074 gratiam
1442 1005 1594 1074 apud
1628 1004 1930 1058 dominum
1962 1004 2268 1069 inveniret,
2299 1004 2370 1059 ob
2392 1021 2459 1059 ea
2481 1021 2608 1075 quaa
2631 1005 2843 1059 fecerat
2876 1002 3046 1073 ipsis.
3077 1002 3208 1057 Haec
3238 1001 3436 1057 omnia
3464 1016 3600 1055 cum
3634 1000 3901 1055 audisset

495 1085 769 1143 dominus
800 1088 948 1159 ejus,
980 1090 1236 1161 percepit
1266 1091 1476 1146 iterum
1509 1092 1828 1147 maximum
1860 1093 2179 1163 gaudium;
2212 1096 2267 1147 et
2298 1091 2625 1147 convocatis
2656 1108 2888 1147 rursum
2922 1090 3126 1147 amicis
3156 1094 3213 1145 et
3245 1090 3385 1157 ﬁlio,
3406 1088 3654 1161 exponit
3676 1089 3899 1143 factum

492 1174 643 1229 servi
673 1176 766 1231 sui
797 1178 866 1231 de
898 1176 1044 1232 cibis
1071 1177 1194 1233 suis
1222 1195 1369 1251 quos
1400 1179 1451 1234 ei
1485 1179 1741 1236 miserat.
1778 1179 1863 1235 Illi
1894 1180 2092 1251 itaque
2122 1184 2284 1236 tanto
2315 1180 2501 1253 magis
2534 1185 2914 1237 assenserunt
2947 1177 3374 1252 patrifamilias,
3410 1177 3607 1250 ipsum
3654 1194 3900 1233 servum

492 1263 849 1321 cohaeredem
881 1264 999 1322 ﬁlio
1031 1267 1239 1323 debere
1269 1267 1414 1324 ﬁeri.
2344 1288 2347 1289 '

2032 1384 2259 1441 CAPUT
2316 1385 2411 1441 III.

564 1496 701 1553 Dico
730 1497 781 1554 ei
812 1515 826 1554 :
862 1498 1124 1568 Domine,
1155 1499 1262 1556 has
1295 1500 1711 1557 similitudines
1743 1518 1856 1556 non
1902 1500 2057 1569 novi,
2089 1517 2277 1572 neque
2324 1500 2647 1573 intelligere
2694 1516 2959 1573 possum,
2992 1499 3107 1555 nisi
3159 1515 3259 1555 eas
3306 1502 3369 1553 tu
3420 1496 3567 1553 mihi
3614 1510 3877 1568 exponas

496 1586 724 1653 Omnia,
759 1587 973 1659 inquit,
1006 1604 1291 1660 exponam
1316 1590 1423 1645 tibi
1455 1606 1814 1661 quaecunque
1844 1590 2073 1646 locutus
2104 1590 2266 1647 fuero
2296 1593 2511 1660 tecum,
2535 1595 2636 1646 aut
2656 1590 2961 1646 ostendero
2983 1589 3113 1645 tibi.
3141 1580 3425 1644 Mandata
3438 1585 3670 1642 Domini
3702 1588 3903 1641 custo-

495 1676 576 1746 di,
607 1679 663 1731 et
692 1675 807 1732 eris
836 1677 1136 1749 probatus,
1171 1682 1227 1733 et
1257 1678 1528 1736 scriberis
1560 1679 1619 1735 in
1650 1696 1892 1736 numero
1925 1696 2125 1736 eorum
2177 1680 2280 1751 qui
2332 1679 2671 1736 custodiunt
2718 1680 2995 1736 mandata
3040 1678 3188 1750 ejus.
3220 1677 3279 1733 Si
3327 1680 3524 1733 autem
3573 1679 3787 1748 prater
3834 1689 3905 1728 ea

497 1782 622 1838 quae
652 1766 729 1837 (8)
761 1767 1060 1821 mandavit
1089 1768 1391 1840 Dominus,
1425 1767 1644 1841 aliquid
1676 1769 1811 1825 boni
1841 1769 2123 1839 adjeceris
2154 1769 2252 1840 (9),
2287 1771 2568 1841 majorem
2602 1768 2948 1841 dignitatem
2978 1767 3086 1823 tibi
3116 1766 3429 1839 conquiras
3459 1764 3595 1838 (10),
3626 1768 3686 1820 et
3714 1763 3907 1819 hono-

494 1857 675 1913 ratior
704 1858 814 1929 (11)
842 1859 995 1930 apud
1028 1859 1340 1915 Dominum
1373 1860 1508 1925 eris,
1542 1877 1712 1931 quam
1746 1878 1874 1917 eras
1906 1861 2157 1916 futurus.
2190 1861 2374 1934 Igitur
2420 1860 2469 1915 si
2520 1859 2868 1916 custodieris
2913 1859 3190 1915 mandata
3223 1856 3478 1925 Domini,
3510 1861 3569 1911 et
3615 1854 3907 1927 adjeceris

494 1947 669 2005 etiam
703 1950 773 2004 ad
804 1966 872 2004 ea
900 1950 1178 2005 stationes
1210 1950 1337 2017 has,
1369 1950 1652 2023 gaudebis
1680 1969 1693 2020 ;
1725 1952 1996 2021 maxime,
2030 1952 2078 2007 si
2127 1952 2448 2007 secundum
2502 1952 2847 2006 mandatum
2896 1966 3095 2005 meum
3143 1948 3461 2005 servaveris
3510 1962 3598 2001 ea.
3634 1945 3775 2001 Dico
3807 1944 3865 2000 ei
3893 1959 3910 1997 :

496 2036 791 2109 Quidquid
824 2038 966 2093 mihi
999 2040 1359 2111 praeceperis,
1393 2041 1646 2109 domine,
1679 2043 1953 2100 servabo:
1987 2043 2107 2097 scio
2138 2042 2293 2098 enim
2326 2046 2380 2097 te
2411 2057 2639 2098 mecum
2673 2041 2958 2097 futurum.
2993 2042 3123 2109 Ero,
3155 2039 3372 2111 inquit,
3403 2042 3623 2105 tecum,
3660 2036 3764 2110 qui
3797 2035 3917 2092 tale

495 2128 862 2201 propositum
892 2130 1091 2186 habes.
1126 2131 1234 2186 Sed
1266 2137 1323 2187 et
1350 2148 1484 2187 cum
1516 2134 1789 2188 omnibus
1819 2149 1935 2200 ero,
1970 2132 2309 2204 quicunque
2339 2133 2494 2188 idem
2529 2133 2893 2204 propositum
2926 2131 3240 2187 habuerint
3269 2130 3404 2202 (12).
3435 2127 3741 2201 Jejunium
3763 2127 3909 2196 hoc,

498 2217 710 2289 inquit,
743 2219 1050 2275 custoditis
1082 2220 1377 2276 mandatis
1407 2221 1659 2291 Domini,
1690 2221 1857 2277 valde
1890 2222 2105 2277 bonum
2135 2226 2245 2276 est.
2279 2220 2373 2277 Sic
2404 2222 2587 2293 igitur
2616 2220 2875 2277 servabis
2904 2220 3051 2275 illud
3080 2220 3225 2294 (13).

569 2333 831 2391 Primum
862 2336 1126 2391 omnium
1157 2353 1295 2392 cave
1325 2337 1396 2392 ab
1424 2338 1584 2393 omni
1614 2339 1845 2410 probro,
1879 2342 1935 2394 et
1980 2338 2135 2410 turpi

2319 2338 2432 2411 (14)
2487 2339 2708 2410 Πρῶτον
2757 2332 2969 2390 πάντων
3003 2334 3252 2412 φύλαξαι
3303 2332 3579 2403 νηστεύειν
3609 2330 3717 2387 ἀπὸ
3766 2351 3915 2385 παν-

492 2423 688 2493 verbo,
720 2426 777 2479 et
823 2423 894 2480 ab
945 2424 1106 2480 omni
1155 2426 1328 2480 noxia
1375 2426 1728 2498 cupiditate;
1780 2431 1837 2482 et
1890 2426 2135 2499 puriﬁca

2265 2426 2334 2486 τὸς
2368 2423 2612 2500 ῥήματος
2641 2427 2910 2498 πονηροῦ,
2969 2422 3058 2478 καὶ
3109 2420 3278 2492 ἀκοῆς
3321 2426 3567 2497 πονηρᾶς
3600 2439 3613 2453 ·
3661 2419 3753 2475 καὶ
3806 2438 3907 2473 κα-

494 2528 736 2569 sensum
785 2519 953 2568 tuum
1002 2514 1076 2568 ab
1122 2514 1282 2569 omni
1331 2516 1584 2571 vanitate
1615 2515 1813 2572 saeculi
1848 2515 2045 2586 hujus.
2078 2514 2134 2570 Si

2265 2511 2463 2590 ιάρισόν
2514 2534 2610 2568 σου
2650 2514 2750 2582 τήν
2786 2510 3005 2588 καρδίαν
3061 2510 3169 2567 ἀπὸ
3197 2508 3397 2573 παντὸς
3428 2508 3737 2584 μολυσμοῦ,
3800 2507 3904 2563 καὶ

493 2600 616 2656 haec
645 2601 1009 2671 custodieris,
1042 2602 1152 2659 erit
1184 2603 1293 2659 hoc
1314 2604 1612 2675 jejunium
1630 2606 1881 2674 justum.
1916 2605 2009 2660 Sic
2040 2619 2134 2659 er-

498 2704 570 2762 go
601 2688 795 2746 facies.
829 2691 1085 2747 Peractis
1115 2708 1240 2764 quae
1278 2709 1457 2765 supra
1478 2694 1696 2765 scripta
1726 2697 1886 2761 sunt,
1918 2692 2016 2749 illo
2046 2693 2138 2749 die

502 2794 617 2853 quo
639 2778 962 2850 jejunabis,
995 2780 1141 2835 nihil
1173 2781 1411 2836 omnino
1452 2782 1743 2855 gustabis,
1777 2782 1889 2838 nisi
1930 2798 2136 2855 panem

499 2871 558 2923 et
588 2884 799 2939 aquam
828 2886 841 2935 ;
870 2873 926 2924 et
946 2874 1278 2940 computata
1299 2872 1620 2942 quantitate
1636 2871 1750 2927 cibi
1783 2888 1956 2943 quem
1981 2876 2141 2927 caete-

500 2955 583 3013 ris
612 2956 819 3013 diehus
849 2962 1217 3014 comesturus
1264 2976 1415 3031 eras,
1465 2965 1768 3032 sumptum
1820 2960 1933 3017 diei
1981 2960 2140 3017 illius

497 3061 672 3118 quem
704 3046 966 3102 facturus
996 3063 1151 3118 eras,
1183 3064 1450 3119 repones,
1482 3053 1538 3105 et
1569 3049 1737 3105 dabis
1768 3050 1902 3119 (15),
1932 3049 2138 3119 viduae,

495 3134 741 3209 pupillo,
757 3141 859 3192 aut
880 3136 1068 3206 inopi;
1094 3143 1150 3193 et
1179 3136 1265 3193 sic
1294 3138 1735 3195 consummabis
1749 3138 2140 3194 humilitatem

503 3223 716 3281 animas
743 3227 900 3283 tuae:
932 3228 997 3281 ut
1024 3226 1122 3295 qui
1152 3241 1223 3281 ex
1249 3242 1316 3281 eo
1347 3227 1651 3297 acceperit,
1684 3227 1856 3282 satiet
1884 3226 2141 3282 animam

503 3328 692 3381 suam,
724 3318 779 3369 et
808 3330 913 3385 pro
950 3318 1007 3371 te
1039 3314 1208 3371 adeat
1231 3315 1545 3371 Dominum
1572 3320 1755 3371 Deum
1786 3315 1969 3371 oratio
1990 3316 2138 3387 ejus.

503 3401 564 3460 Si
595 3401 775 3474 igitur
794 3402 878 3459 sic
904 3404 1401 3461 consummaveris
1415 3405 1711 3476 jejunium
1733 3408 1923 3477 tuum,
1947 3421 2145 3477 quem-

501 3490 823 3549 admodum
874 3492 1145 3565 praecipio
1196 3492 1327 3563 tibi,
1362 3493 1473 3549 erit
1522 3493 1715 3550 hostia
1762 3498 1862 3550 tua
1909 3498 2146 3565 accepta

2250 2602 2627 2677 μνησικακίας,
2688 2601 2780 2656 καὶ
2828 2598 3266 2679 αἰσχροκερδίας.
3337 2599 3439 2656 Καὶ
3505 2597 3566 2655 ἐκ
3626 2599 3820 2672 ἡμέρᾳ
3869 2598 3912 2668 ἦ

2245 2691 2540 2763 νηστεύεις,
2591 2691 2878 2767 ἀρκεσθητι
2926 2688 3074 2766 ἄρτῳ
3123 2688 3215 2745 καὶ
3262 2686 3527 2766 λαχάνοις
3575 2686 3665 2745 καὶ
3713 2683 3909 2757 ὕδατι,

2248 2780 2585 2857 εὐχαριστῶν
2637 2780 2727 2852 τῷ
2762 2783 2915 2853 Θεῷ’
2963 2777 3312 2857 συμψηφίσας
3362 2775 3421 2834 δὲ
3472 2783 3574 2847 τῆν
3616 2774 3912 2846 ποσότητα

2246 2877 2349 2939 τῆς
2401 2867 2642 2939 δαπάνης
2696 2873 2796 2924 τοῦ
2853 2867 3094 2943 ἀρίστου,
3149 2865 3213 2923 οὗ
3266 2864 3499 2941 ἔμελλες
3548 2864 3736 2930 ἐσθίειν
3782 2864 3913 2919 κατ’

2251 2957 2455 3028 ἐκείνην
2486 2959 2586 3027 τήν
2614 2957 2851 3033 ἠμάραν,
2869 2955 2960 3020 δὸς
2982 2959 3158 3033 χήρᾳ,
3180 2956 3215 3026 ἢ
3239 2956 3456 3034 ὀρφανῷ
3471 2956 3509 3024 ἢ
3531 2953 3910 3030 στερουμένῳ,

2251 3048 2386 3123 πρὸς
2412 3046 2468 3102 ὅν
2502 3044 2569 3115 δὴ
2604 3050 2786 3124 σαφῶς
2817 3045 3105 3120 ἐμπλήσας
3132 3047 3232 3115 τὴν
3258 3046 3452 3100 ἑαυτοῦ
3474 3040 3912 3120 ψυχὴν,εὗξεται

2251 3136 2383 3212 ὑπὲρ
2445 3140 2542 3191 σοῦ
2576 3136 2712 3213 πρὸς
2768 3135 2982 3212 Κύριον.
3035 3136 3156 3190 Ἐὰν
3205 3131 3295 3189 οὖν
3343 3133 3571 3207 τελέσῃς
3632 3134 3734 3201 τήν
3816 3155 3915 3203 νη-

2252 3224 2454 3292 στείαν,
2486 3225 2560 3287 ὡς
2591 3223 2940 3299 ἐνετειλάμην
2977 3245 3084 3297 σοι,
3116 3222 3265 3279 ἔσται
3292 3226 3328 3293 ἡ
3386 3222 3542 3277 θυσία
3588 3241 3687 3277 σου
3732 3218 3908 3290 δεκτή

2252 3314 2482 3369 ἐνώπιον
2514 3312 2734 3390 Κυρίου,
2765 3313 2855 3368 καὶ
2895 3313 3311 3390 ἐγγεγραμμὲνη
3358 3310 3412 3366 ὲν
3457 3316 3574 3373 τοῖς
3624 3309 3917 3387 οὐρανοῖς,

2253 3399 2306 3458 ἐν
2356 3401 2539 3478 ἡμέρᾳ
2585 3409 2687 3473 τῆς
2740 3399 3150 3465 ἀνταποδόσεως
3179 3404 3288 3457 τῶν
3321 3398 3745 3474 ἡτοιμασμένων
3771 3398 3914 3475 ἁγα-

2253 3493 2360 3547 θῶν
2392 3496 2512 3554 τοῖς
2542 3489 2795 3554 δικαίοις.

503 3578 771 3654 Domino,
802 3584 861 3638 et
915 3564 1203 3639 scribetur
1252 3582 1363 3639 hoc
1409 3582 1705 3655 jejunium
1760 3587 1950 3639 tuum.
1984 3564 2115 3639 Haec
2160 3582 2335 3640 statio
2391 3582 2476 3639 sic
2530 3586 2660 3639 acta
2715 3564 2827 3654 (1'6)
2880 3584 2966 3637 est
3016 3582 3189 3649 bona,
3216 3578 3420 3637 hilaris
3448 3582 3507 3636 et
3534 3581 3774 3652 accepta
3801 3578 3917 3638 Do-

503 3667 685 3730 mino.

1768 3762 1917 3817 Hinc
1945 3764 2299 3831 Amocaus,
2329 3760 2567 3817 homitza
2582 3762 2638 3816 7.

564 3864 847 3937 Jejunium
882 3867 1034 3922 enim
1059 3881 1247 3922 verum
1293 3871 1391 3939 est,
1441 3882 1552 3923 non
1598 3866 1760 3923 modo
1796 3883 1852 3921 se
1898 3866 2144 3922 tabidum

496 3956 708 4027 facere,
738 3954 831 4010 sed
867 3959 922 4010 et
967 3957 1329 4027 quantitatem
1377 3959 1627 4027 sumptu:
1673 3972 1833 4027 quem
1877 3960 2141 4011 comestu-

500 4060 598 4098 rus
628 4047 765 4115 erat,
796 4046 938 4100 dare
966 4043 1145 4100 viduae
1175 4046 1229 4099 ét
1257 4045 1414 4115 inopi
1442 4063 1460 4100 :
1492 4048 1553 4099 ut
1603 4046 1699 4116 qui
1736 4045 2021 4115 acceperit,
2049 4060 2144 4099 sa-

503 4133 701 4201 tiatus,
731 4135 846 4189 oret
872 4148 971 4204 pro
992 4149 1071 4205 eo,
1101 4142 1155 4189 et
1184 4142 1401 4205 accepta
1429 4133 1531 4205 ﬁat
1561 4139 1676 4190 Deo
1704 4134 1879 4189 hostia
1907 4134 2047 4203 ejus.

2321 3864 2564 3936 Νηστεία
2608 3865 2712 3941 γὰρ
2762 3860 3001 3933 ἀληθινή
3060 3862 3199 3917 ἐστιν
3248 3861 3311 3917 οὐ
3374 3859 3537 3935 μόνον
3580 3861 3645 3917 τὸ
3706 3860 3911 3917 ἑαυτὸν

2254 3953 2512 4026 ἐκτήξειν,
2563 3951 2709 4008 ἀλλὰ
2766 3952 2857 4009 καὶ
2912 3955 3011 4022 τὴν
3062 3951 3339 4021 ποσότητα
3386 3956 3490 4021 τῆς
3537 3948 3810 4022 δαπάνης⁷
3845 3952 3912 4021 ἢν

2255 4041 2485 4115 ἔμελλεν
2518 4041 2730 4111 ἐσθίειν,
2792 4039 2973 4096 δοῦναι
3008 4042 3181 4117 χήρᾳ,
3212 4040 3249 4110 ἢ
3282 4043 3493 4116 πτωχῷ
3522 4060 3535 4073 -
3570 4036 3663 4093 ἵνα
3693 4038 3721 4093 ὁ
3754 4038 3918 4110 sur,-

2257 4132 2390 4207 φὼς,
2425 4130 2783 4204 ἐμπλησθεὶς,
2817 4128 3032 4203 εὔξηται
3066 4129 3196 4206 ὑπὲρ
3228 4128 3413 4200 αὐτοῦ,
3445 4128 3535 4183 καὶ
3568 4124 3727 4197 δεκτῆ
3749 4128 3917 4203 γέν-η-

2256 4240 2342 4275 ται
2372 4222 2407 4289 ἡ
2440 4218 2594 4274 θυσία
2616 4219 2783 4274 αὐτοῦ
2814 4219 2958 4295 παρὰ
2986 4222 3066 4290 τδρ
3096 4214 3231 4290 Θεῷ.

506 4316 641 4367 Haec
669 4315 736 4368 tu
762 4312 812 4368 si
843 4311 1159 4369 servaveris
1189 4330 1323 4369 cum
1356 4311 1556 4369 liberis
1585 4311 1704 4368 tuis
1733 4314 1790 4368 et
1816 4314 1941 4367 tota
1969 4311 2143 4367 domo
2171 4314 2297 4377 tua,
2328 4308 2633 4365 custoditis
2674 4308 2766 4363 his
2797 4307 2933 4364 felix
2983 4309 3090 4383 (17)
3122 4307 3258 4364 eris.
3289 4308 3361 4364 Et
3411 4307 3746 4380 quicunque
3796 4308 3925 4367 haec

508 4401 708 4459 audita
736 4401 1134 4474 custodierint,
1165 4402 1361 4459 felices
1390 4406 1600 4471 erunt;
1632 4405 1689 4458 et
1717 4400 1999 4474 quidquid
2034 4399 2307 4472 petierint
2338 4416 2373 4454 a
2409 4397 2677 4469 Domino,
2701 4396 3067 4454 obtinebunt.

2038 4532 2269 4591 CAPUT
2309 4533 2395 4591 IV.

580 4643 653 4700 Et
677 4647 946 4716 precatus
975 4643 1088 4716 (18)
1118 4660 1251 4700 sum
1281 4660 1438 4715 eum,
1470 4646 1537 4699 ut
1567 4642 1711 4698 mihi
1744 4641 2079 4715 explanaret
2106 4640 2258 4697 hanc
2303 4638 2753 4696 similitudinem
2784 4638 2856 4693 de
2904 4636 3084 4693 fundo
3132 4640 3190 4694 et
3235 4635 3496 4705 domino,
3528 4653 3594 4693 ac
3643 4636 3823 4693 vinea
3869 4642 3925 4694 et

512 4750 677 4792 servo
706 4732 804 4805 qui
839 4731 1208 4805 depalaverat
1229 4732 1564 4790 vineamzet
1589 4730 1787 4788 herbis
1817 4747 1945 4803 quas
1974 4733 2242 4786 extractis
2272 4730 2345 4787 de
2374 4728 2544 4785 vinea
2572 4732 2769 4797 erant;
2794 4730 2849 4783 et
2870 4726 2940 4783 de
2962 4725 3079 4782 filio
3109 4730 3167 4782 et
3187 4725 3259 4782 de
3283 4724 3674 4797 amicis,quod
3695 4725 3755 4781 in
3778 4743 3919 4784 con-

1683 4847 1928 4905 VARIZE
1967 4845 2356 4902 LECTIONES
2394 4845 2487 4901 ET
2525 4843 2764 4901 NOTAE.

692 4957 893 5014 Lamb.
926 4955 1318 5014 dissimulavit.

690 5030 893 5085 Lamb.
926 5036 978 5085 et
1001 5029 1137 5098 fecit
1165 5025 1344 5098 ﬁlius.

694 5102 834 5158 Mss.
866 5100 1034 5173 Angl.
1066 5100 1189 5155 dies
1216 5113 1445 5170 paucos.

581 4957 639 5041 (ἓ

641 4957 663 5245 ἓ

516 5247 661 5315 quis,
689 5247 862 5300 misit.

589 5318 665 5388 (7)
696 5316 896 5372 Lamb.
926 5313 1220 5388 sufficeret.

612 5382 667 5455 8')
700 5388 900 5443 Lamb.
934 5382 1034 5441 Sin
1062 5382 1247 5441 autem
1271 5391 1479 5457 praeter
1503 5399 1568 5439 ea
1596 5398 1761 5454 quam
1789 5382 1949 5454 quod.

611 5460 669 5527 9)
700 5459 899 5514 Lamb.
931 5459 1143 5528 feceris.

614 5530 703 5600 10)
734 5530 873 5585 Mss.
907 5527 1074 5600 Angl.
1107 5528 1375 5600 nequires.

615 5595 703 5655 11)
738 5601 931 5655 Lamb.
965 5595 1265 5655 hbnestior.
1299 5599 1393 5655 Sic
1421 5600 1481 5653 et
1510 5595 1719 5652 Fellus.

613 5666 701 5728 12)
732 5672 825 5728 Sic
856 5687 998 5726 mss.
1029 5670 1176 5727 Vict.
1209 5673 1399 5726 Carm.
1439 5673 1497 5725 et
1539 5668 1737 5724 Lamb.
1770 5668 1863 5724 Sic
1913 5672 1971 5723 et
2015 5666 2152 5723 edit.

518 5739 697 5802 Oxon.
728 5742 818 5799 Al.
851 5742 1067 5798 habent.

587 5389 607 5742 Ξ

607 5031 639 5085 4

607 5044 639 5085 4
691 5044 893 5085 Lamb.
926 5044 978 5085 et
993 5044 1137 5153 {em
1165 5044 1344 5098 nitus.

584 5044 663 5241 25%
694 5102 834 5158 Mss.
866 5102 993 5173 Ang
1022 5143 1034 5155 .
1066 5100 1189 5155 dies
1216 5113 1445 5182 paucos.
1596 5170 1605 5180 .
1643 5169 1654 5179 .
1868 5168 1877 5179 ⁸
1922 5169 1934 5181 _
2113 5168 2126 5181 .

608 5175 643 5229 6
694 5173 897 5229 Lamb.
956 5179 1260 5228 convocatis
1308 5169 1716 5241 paterfamilias
1761 5183 1959 5223 amicis
2006 5171 2152 5223 anti-

2359 4952 2447 5021 13)
2479 4951 2683 5008 Lamb.
2717 4950 2778 5006 Si
2805 4951 2978 5020 igitur
3003 4948 3310 5005 servaveris
3334 4947 3482 5021 illud
3510 4950 3787 5021 primum.

2359 4952 2425 5007 13
2479 4952 2683 5008 Lamb.
2717 4952 2778 5006 Si
2805 4952 2978 5020 igitur
3003 4952 3310 5005 servaveris
3337 4952 3482 5004 illud
3510 4952 3786 5021 primum.

2334 4952 2447 5165 (14)
2479 5021 3090 5078 Pseudo-Athanasius
3123 5035 3285 5101 num.
3322 5019 3580 5103 1§,_pag.
3610 5020 3737 5104 251.
3774 5094 3786 5105 .

2361 5096 2448 5165 15)
2481 5095 2684 5150 Lamb.
2719 5093 2873 5165 apud
2906 5092 3129 5148 Fellum
3162 5108 3249 5165 sic
3275 5109 3291 5165 ι
3321 5092 3786 5165 αὑτά-ιεωγζισάι

2361 5092 2448 5165 15)
2481 5095 2684 5150 Lamb.
2719 5093 2873 5166 apud
2906 5092 3129 5148 Fellum
3162 5092 3249 5166 sic
3275 5109 3293 5166 :_
3321 5092 3699 5166 cibantur};
3719 5092 3919 5166 diebus

2266 5163 2392 5239 quap
2418 5163 2816 5239 eomesturusin
2850 5179 3139 5239 reponens,
3198 5163 3599 5239 dabis.__Apud
3624 5163 3915 5221 Geticum

2267 5234 2462 5294 antem
2494 5238 2575 5292 ita
2606 5254 2619 5293 :
2652 5237 2781 5305 cibi,
2811 5237 3148 5307 ueterisque,
3182 5250 3308 5307 quae
3335 5234 3586 5291 editurus
3822 5252 3918 5292 rc-

2261 5311 2425 5436 fonis
2454 5317 2504 5365 et
2533 5308 2710 5389 dabis_.
2742 5310 2814 5362 At
2841 5306 2979 5389 edit.
3012 5306 3199 5362 Oxon.
3227 5322 3451 5389 sepone:
3472 5310 3524 5362 et
3543 5306 3720 5363 dabis.
3741 5308 3915 5364 Hunc

2291 5397 2460 5436 ccum
2493 5383 2729 5436 resmcit
2757 5378 3077 5434 Antiochus
3108 5378 3312 5434 homil.
3343 5378 3399 5432 7.

2291 5397 2460 5436 ccum
2493 5380 2729 5450 respicit
2757 5378 3077 5434 Antiochus
3108 5378 3312 5434 homil.
3343 5378 3399 5432 7.

2366 5453 2452 5519 16)
2487 5453 2684 5506 Lamb.
2708 5454 2875 5522 gesta.

2302 5454 2470 5607 in).
2507 5523 2707 5578 Lamb.
2737 5522 2940 5577 salvus.
2975 5521 3045 5576 Et
3072 5519 3247 5593 paulo
3295 5524 3446 5593 post,
3474 5517 3626 5577 salvi
3672 5535 3780 5593 pro
3826 5523 3912 5593 {6-

2268 5596 2373 5737 hc:
2366 5610 2447 5738 138.)
2475 5665 2615 5722 Mss.
2648 5663 2819 5739 Angl.
2848 5664 3195 5737 deprecatus.
