4036 6356
178 416 293 480 98!
1297 417 1625 478 PASTOR.
1659 450 1735 460 —
1779 416 1929 477 LIB.
1975 418 2076 490 ΙΙΙ,
2123 416 2356 479 SIMIL.
2408 419 2482 479 V.
3464 427 3581 492 962

178 566 318 623 silio
357 566 723 623 adhbiuerat.
762 566 1021 623 Intellexi
1044 566 1220 635 enim,
1254 583 1381 623 esse
1408 566 1548 622 illud
1583 566 2047 621 similitudinem.
2090 567 2183 622 Ait
2230 567 2412 623 mihi:
2445 568 2624 623 Valde
2656 570 2844 624 audax
2874 587 2936 626 es
2967 573 3039 627 ad
3078 573 3577 649 interrogandum.

172 656 331 713 Nihil
354 656 510 712 enim
534 657 711 712 debes
772 656 1134 729 interrogare
1166 675 1179 712 :
1214 674 1351 712 nam
1383 658 1432 712 si
1490 656 1810 728 oportuerit
1854 657 2265 723 demonstrari,
2308 658 2801 714 demonstrabitur
2831 660 2958 715 tibi.
2992 662 3128 718 Dico
3159 663 3210 719 ei
3244 681 3258 720 :
3316 667 3581 740 Domine,

174 761 537 818 quascunque
567 745 892 801 ostenderis
922 744 1088 810 mihi,
1125 761 1229 801 nec
1255 744 1659 809 declaraveris,
1694 746 1909 799 frustra
1951 744 2143 799 videro
2193 745 2300 816 (19)
2332 744 2451 810 illa,
2486 746 2535 801 si
2562 764 2677 801 non
2726 746 3058 806 intellexero
3102 752 3383 819 quidnam
3440 756 3580 826 sint,

172 838 236 890 et
266 832 684 890 similitudines
714 833 762 888 si
794 850 941 904 quas
974 834 1365 905 proposueris,
1398 837 1455 889 et
1485 851 1598 889 non
1639 834 1996 905 exposueris,
2036 833 2257 888 frustra
2287 834 2523 889 audiero
2545 835 2655 906 (20)
2678 852 2798 890 eas.
2828 836 3148 908 Respondit
3176 841 3322 896 mihi
3353 861 3584 915 rursus,

174 922 420 978 dicens:
453 922 799 993 Quicunque
828 922 929 978 Dei
959 939 1159 978 servus
1190 927 1297 989 est,
1326 922 1757 993 Dominamque
1790 921 1902 994 (21)
1935 921 2109 976 habet
2150 922 2207 976 in
2240 922 2571 993 praecordiis
2602 924 2746 989 suis,
2798 925 2941 996 petit
2970 926 3043 980 ab
3074 942 3139 983 eo
3198 928 3581 1004 intellectum,

172 1013 237 1066 et
268 1010 519 1066 obtinet:
553 1015 611 1065 et
641 1026 875 1085 omnem
907 1010 1357 1066 similitudinem
1388 1010 1637 1082 explicat
1667 1011 1807 1079 (22);
1837 1016 1893 1065 et
1924 1010 2198 1081 intelligit
2226 1011 2400 1065 verba
2429 1011 2683 1080 Domini,
2716 1030 2841 1084 quae
2863 1012 3237 1084 inquisitione
3258 1025 3429 1092 egent
3448 1023 3584 1094 (23).

178 1097 550 1169 Quicumque
573 1115 706 1155 vero
737 1098 952 1155 inertes
983 1103 1123 1155 sunt
1144 1104 1201 1155 et
1231 1099 1379 1171 pigri
1411 1100 1482 1155 ad
1507 1100 1816 1165 orandum,
1850 1098 1934 1153 illi
1966 1099 2236 1153 dubitant
2266 1104 2457 1169 petere
2480 1116 2513 1154 a
2544 1100 2783 1155 Domino
2811 1118 2823 1157 :
2859 1117 2991 1156 cum
3024 1104 3100 1158 sit
3133 1106 3410 1163 Dominus
3468 1113 3591 1166 tam

171 1187 481 1260 profundas
513 1187 813 1255 bonitatis,
840 1193 908 1243 ut
930 1188 1265 1259 petentibus
1296 1206 1329 1244 a
1349 1204 1409 1243 se
1441 1192 1652 1243 cuncta
1680 1187 1794 1259 (24)
1816 1188 1943 1242 sine
1974 1186 2407 1243 intermissione
2438 1188 2674 1245 tribuat.
2710 1190 2792 1243 Tu
2818 1206 2974 1262 ergo,
3000 1192 3098 1263 qui
3122 1196 3503 1254 confirmatus
3528 1216 3589 1256 es

172 1276 255 1333 ab
287 1274 386 1332 illo
406 1275 720 1332 venerabili
742 1278 947 1331 nuntio
978 1277 1112 1349 (25),
1136 1282 1193 1333 et
1223 1277 1494 1350 accepisti
1552 1276 1874 1333 orationem
1916 1280 2051 1332 tam
2093 1281 2409 1347 potentem,
2440 1294 2574 1332 cum
2608 1277 2769 1349 piger
2797 1296 2911 1333 non
2956 1280 3059 1347 sis,
3117 1298 3221 1338 cur
3241 1284 3367 1355 jam
3400 1304 3433 1342 a
3478 1289 3595 1345 Do-

173 1364 344 1422 mino
379 1363 740 1420 intellectum
772 1381 887 1420 non
919 1365 1091 1438 petis,
1126 1370 1181 1421 et
1210 1365 1423 1438 accipis
1451 1365 1479 1420 ?
1510 1364 1641 1421 Dico
1672 1366 1723 1421 ei
1758 1365 1922 1421 :Cum
1953 1368 2007 1420 te
2040 1369 2384 1437 praesentem
2417 1365 2686 1433 habeam,
2721 1382 2955 1422 necesse
2984 1373 3072 1425 est
3101 1376 3165 1426 ut
3208 1389 3241 1427 a
3289 1377 3344 1429 te
3373 1379 3594 1448 petam,

173 1458 239 1520 et
264 1455 667 1527 interrogem;
700 1457 765 1509 tu
796 1454 953 1511 enim
985 1454 1183 1511 omnia
1214 1455 1357 1510 mihi
1388 1455 1675 1519 ostendis,
1700 1459 1753 1510 et
1779 1454 2054 1526 loqueris.
2088 1470 2221 1509 cum
2253 1455 2411 1510 ades.
2448 1454 2592 1512 Nam
2616 1455 2727 1527 (26)
2759 1455 2808 1510 si
2837 1456 2963 1512 sine
2995 1462 3050 1513 te
3081 1475 3149 1515 ea
3187 1460 3464 1535 viderem,
3507 1465 3600 1525 vel

196 1543 489 1613 audirem,
522 1548 662 1600 tunc
688 1540 1001 1601 Dominum
1033 1560 1320 1619 rogarem,
1352 1548 1417 1600 ut
1445 1544 1777 1601 ostenderet
1805 1543 1919 1616 (57)
1950 1541 2117 1598 mihi.

1720 1640 1949 1699 CAPUT
2007 1639 2069 1697 V.

258 1730 330 1786 Et
351 1730 653 1804 respondit
678 1747 691 1787 :
723 1728 994 1787 Dixeram
1026 1729 1131 1787 tibi
1158 1728 1331 1801 paulo
1353 1734 1507 1801 ante,
1540 1727 1820 1785 callidum
1841 1731 1899 1784 te
1926 1744 2054 1783 esse
2085 1731 2143 1783 et
2163 1727 2467 1796 audacem,
2516 1728 2615 1800 qui
2647 1728 2967 1787 solutiones
2996 1732 3451 1794 similitudinum
3508 1739 3597 1795 in-

182 1823 477 1894 terrogas.
510 1820 620 1876 Sed
652 1818 791 1892 quia
820 1820 932 1893 (28)
953 1820 1034 1875 ita
1063 1835 1193 1877 esse
1217 1819 1501 1891 pertinax,
1525 1817 1746 1875 solvam
1766 1817 1874 1873 tibi
1906 1816 2058 1873 hanc
2082 1833 2259 1889 quam
2291 1816 2585 1874 desideras
2616 1818 3085 1890 similitudinem,
3110 1828 3173 1879 ut
3192 1826 3467 1885 omnibus
3498 1846 3597 1886 no-

184 1911 314 1965 tam
349 1907 529 1965 facias
557 1923 708 1964 eam.
744 1906 888 1964 Audi
919 1925 1095 1975 nunc,
1128 1907 1339 1980 inquit,
1371 1912 1428 1964 et
1456 1906 1686 1980 percipe
1706 1906 1922 1962 animo.
1959 1906 2169 1961 Orbem
2202 1909 2488 1961 terrarum
2521 1907 2739 1963 fundus
2770 1907 2865 1964 ille
2898 1910 3205 1983 significat,
3231 1915 3411 1986 quiin
3431 1917 3597 1975 simi-

185 1997 503 2054 litudinem
534 2000 621 2054 est
651 1996 899 2070 positus.
930 1996 1213 2054 Dominus
1243 2000 1441 2053 autem
1476 1996 1636 2051 fundi
1663 1996 2098 2051 demonstratur
2126 2011 2255 2050 esse
2284 1994 2356 2062 is,
2389 1996 2489 2066 qui
2521 1997 2738 2053 creavit
2776 2003 2986 2054 cuncta
3040 2004 3099 2056 et
3146 2006 3596 2078 consummavit,

182 2091 246 2143 et
274 2086 551 2142 virtutem
581 2084 701 2142 illis
731 2086 909 2141 dedit.
936 2084 1115 2141 Filius
1144 2088 1361 2153 autem,
1396 2084 1647 2156 Spiritus
1671 2088 1910 2139 sanctus
1942 2087 2068 2151 est;
2102 2100 2303 2139 servus
2339 2100 2472 2139 vero
2503 2084 2621 2155 ille,
2648 2084 2827 2141 Filius
2862 2087 2962 2143 Dei
2988 2092 3116 2151 est;
3164 2090 3333 2147 vinea
3380 2100 3598 2166 autem,

186 2172 451 2248 populus
472 2178 560 2230 est
590 2190 762 2245 quem
798 2177 989 2229 servat
1018 2173 1142 2245 ipse
1176 2192 1188 2241 ;
1223 2172 1339 2246 pali
1366 2190 1519 2241 vero,
1552 2173 1745 2228 nuntii
1770 2175 1930 2239 sunt,
1957 2172 2056 2243 qui
2088 2189 2122 2227 a
2150 2171 2395 2227 Domino
2428 2174 2721 2245 praepositi
2754 2181 2893 2231 sunt
2926 2176 2995 2231 ad
3030 2181 3447 2238 continendum
3492 2200 3601 2256 po-

184 2262 398 2335 pulum
421 2264 549 2335 ejus
582 2262 814 2329 ;herbze
845 2266 1037 2318 autem
1072 2279 1198 2333 quas
1230 2263 1441 2318 evulsas
1474 2266 1613 2318 sunt
1643 2263 1714 2317 de
1742 2262 1929 2326 vinea,
1952 2261 2211 2317 admissa
2234 2262 2349 2333 (29)
2379 2267 2517 2317 sunt
2541 2280 2838 2319 servorum
2870 2264 2967 2319 Dei
3004 2281 3016 2320 :
3051 2266 3163 2321 cibi
3188 2285 3320 2325 vero
3352 2287 3496 2342 quos
3528 2274 3599 2331 de

186 2368 353 2408 caena
382 2352 541 2408 misit
568 2351 675 2419 illi,
710 2352 987 2407 mandata
1017 2356 1302 2422 suntquae
1338 2368 1438 2423 per
1459 2352 1671 2407 Filium
1704 2350 1862 2406 dedit
1885 2350 2097 2422 populo
2119 2367 2224 2405 suo
2251 2368 2263 2417 ;
2300 2350 2470 2405 amici
2502 2357 2695 2406 autem
2724 2352 2805 2406 illi
2830 2370 2977 2423 quos
2998 2354 3055 2408 in
3088 2356 3330 2413 consilio
3353 2360 3595 2418 advoca-

185 2440 295 2509 vit,
333 2440 523 2513 angeli
562 2441 675 2513 (30)
706 2446 846 2496 sunt
871 2441 1058 2496 sancti
1081 2456 1228 2511 quos
1255 2441 1442 2512 primo
1466 2441 1579 2512 (31)
1609 2440 1839 2495 creavit.
1878 2439 2157 2494 Absentia
2187 2455 2317 2494 vero
2352 2439 2508 2495 illius
2541 2440 2996 2511 patrisfamilias,
3031 2448 3263 2516 tempus
3300 2452 3388 2503 est
3435 2452 3592 2521 quod

188 2528 255 2584 in
290 2529 601 2585 adventum
633 2531 763 2600 ejus
792 2535 993 2587 restat.
1024 2529 1160 2585 Dico
1190 2530 1241 2585 ei
1266 2546 1279 2584 :
1304 2530 1568 2596 Domine,
1601 2530 1908 2601 magnifice
1938 2534 1993 2583 et
2023 2528 2167 2583 mire
2197 2529 2394 2583 omnia
2424 2529 2542 2583 haec
2573 2547 2635 2585 se
2665 2530 2897 2597 habent,
2931 2536 3105 2603 atque
3121 2534 3383 2603 honeste,
3417 2522 3595 2596 ntim-

188 2618 335 2689 quid
366 2633 522 2691 ergo,
553 2619 810 2686 domine,
833 2620 1097 2691 inquam,
1151 2619 1275 2675 huic
1308 2624 1569 2692 poteram
1601 2618 1959 2691 intelligere?
1976 2622 2055 2673 Ne
2078 2618 2311 2689 quidem
2338 2619 2627 2690 quispiam
2653 2624 2928 2691 praeterea
2952 2621 3145 2691 homo,
3168 2626 3402 2681 tametsi
3431 2629 3597 2687 valde

186 2707 451 2779 prudens
482 2707 580 2778 sit,
612 2708 825 2780 poterit
844 2708 957 2779 (32)
1004 2707 1329 2781 intelligere
1388 2724 1475 2764 ea.
1511 2708 1622 2763 Sed
1655 2724 1812 2763 nunc
1843 2706 1987 2761 mihi
2045 2707 2399 2773 demonstra,
2434 2708 2688 2778 domine,
2720 2709 2874 2779 quod
2943 2725 3156 2781 quaero.
3187 2712 3385 2776 Quaere
3442 2719 3597 2789 quod

194 2796 289 2851 vis
319 2796 455 2868 (33),
484 2796 695 2869 inquit.
722 2798 930 2863 Quare,
962 2796 1228 2869 inquam,
1259 2797 1438 2854 Filius
1468 2797 1569 2853 Dei
1590 2796 1649 2852 in
1681 2795 2065 2853 similitudine
2094 2796 2222 2861 hac,
2255 2796 2449 2851 servili
2478 2796 2602 2852 loco
2633 2797 2868 2869 ponitur
2889 2798 2918 2854 ?

994 2944 1001 2955 .
1711 2893 1943 2951 CAPUT
1985 2892 2077 2947 VI.

263 2982 437 3050 Audi,
470 2982 705 3056 inquit:
738 2982 798 3038 in
825 2982 1019 3039 servili
1053 2983 1384 3040 conditione
1414 3000 1528 3039 non
1562 2983 1796 3056 ponitur
1826 2982 2008 3037 Filius
2038 2982 2161 3051 Dei,
2221 2983 2320 3037 sed
2380 2999 2593 3055 magna
2623 2988 2905 3055 potestate
2962 2989 3017 3041 et
3059 2987 3304 3060 imperio
3354 2992 3482 3063 (34).
3532 2993 3597 3049 Ei

184 3072 349 3128 dixi:
381 3073 679 3137 Quomodo
708 3072 841 3145 (35),
875 3073 1141 3144 inquam,
1173 3073 1407 3129 domine
1430 3073 1601 3129 ?Non
1634 3072 1914 3145 intelligo.
1973 3071 2277 3135 Quoniam,
2339 3071 2549 3142 inquit,
2582 3078 2665 3128 eis
2691 3091 2838 3144 quos
2868 3076 2978 3145 (36)
3010 3076 3151 3132 Filio
3186 3095 3293 3133 suo
3331 3081 3595 3155 tradidit,

191 3160 293 3217 Fil
311 3160 403 3217 ius
424 3161 552 3233 ejus
576 3162 813 3217 nuntios
833 3162 1168 3234 praeposuit,
1190 3163 1261 3218 ad
1276 3163 1705 3219 conservandos
1724 3161 1834 3233 (37)
1867 3158 2131 3232 singulos
2152 3179 2171 3225 ;
2203 3158 2327 3230 ipse
2349 3165 2540 3215 autem
2567 3159 2887 3232 plurimum
2913 3162 3214 3230 laboravit,
3240 3167 3593 3239 plurimum-

196 3265 314 3322 que
347 3266 655 3322 perpessus
685 3252 793 3318 est,
824 3253 890 3305 ut
916 3250 1172 3307 aboleret
1201 3250 1413 3307 delicta
1440 3268 1662 3307 eorum.
1694 3249 1868 3305 Nulla
1892 3249 2048 3304 enim
2091 3248 2259 3303 vinea
2307 3252 2497 3319 potest
2555 3249 2673 3303 fodi
2713 3250 2838 3305 sine
2876 3249 3074 3308 labore
3116 3271 3182 3309 ac
3239 3255 3454 3314 dolore.
3488 3258 3596 3315 De-

192 3337 331 3394 letis
358 3337 543 3410 igitur
571 3338 821 3411 peccatis
853 3338 1053 3411 populi
1087 3338 1205 3407 sui,
1238 3339 1365 3411 ipse
1392 3340 1611 3395 eisdem
1646 3336 1991 3394 monstravit
2020 3336 2229 3391 itinera
2259 3336 2407 3404 vitae,
2442 3337 2578 3392 data
2607 3338 2691 3394 eis
2722 3338 2847 3409 lege
2876 3356 3053 3411 quam
3079 3358 3112 3397 a
3139 3342 3307 3399 Patre
3363 3362 3595 3419 accepe-

191 3430 308 3483 rat.
338 3426 513 3482 Vides
542 3427 741 3499 igitur,
774 3443 901 3483 esse
930 3426 1245 3482 Dominum
1296 3427 1518 3500 populi,
1550 3432 1788 3499 accepta
1816 3443 1849 3481 a
1878 3429 2047 3481 Patre
2078 3440 2184 3480 suo
2217 3424 2376 3479 omni
2420 3430 2721 3496 potestate.
2755 3430 2942 3493 Quare
2971 3434 3164 3485 autem
3196 3432 3480 3491 Dominus
3537 3435 3597 3493 in

186 3512 435 3570 consilio
458 3514 789 3571 adhibuerit
810 3514 1018 3570 Filium
1041 3515 1113 3570 de
1128 3514 1548 3583 haereditate,et
1568 3516 1750 3571 bonos
1771 3515 1883 3586 (38)
1906 3512 2143 3585 angelos
2162 3512 2189 3566 ?
2220 3512 2363 3578 Quia
2389 3514 2629 3569 nuntius
2650 3516 2813 3570 audit
2830 3515 2995 3572 illum
3020 3519 3132 3589 (39)
3154 3520 3433 3592 Spiritum
3460 3541 3596 3580 san-

195 3607 380 3670 ctum,
396 3604 497 3674 qui
512 3603 867 3675 infusus(40)
890 3609 987 3660 est
1016 3605 1280 3659 omnium
1299 3605 1597 3677 primusin
1614 3620 1872 3676 corpore,
1889 3604 1946 3658 in
1963 3618 2073 3672 quo
2097 3600 2383 3657 habitaret
2405 3607 2576 3658 Deus.
2601 3603 2914 3661 Collocavit
2934 3606 3089 3662 enim
3113 3625 3245 3664 eum
3269 3610 3596 3673 intellectus

187 3693 252 3747 in
283 3708 543 3763 corpore,
578 3695 645 3747 ut
672 3691 725 3747 ei
754 3692 1209 3764 videbatur(41).
1245 3694 1363 3749 Hoc
1419 3710 1554 3767 ergo
1586 3710 1820 3765 corpus,
1852 3693 1909 3747 in
1945 3691 2099 3763 quod
2132 3690 2406 3745 inductus
2454 3692 2567 3763 (42)
2626 3698 2716 3748 est
2762 3693 3005 3766 spiritus
3038 3703 3300 3763 sanctus,
3360 3702 3594 3759 servivit

188 3779 279 3835 illi
309 3780 599 3852 Spiritui,,
632 3784 787 3837 recte
817 3781 877 3836 in
910 3781 1198 3837 modestia
1220 3782 1530 3838 ambulans
1560 3787 1617 3838 et
1645 3785 1823 3849 caste,
1858 3796 2045 3850 neque
2075 3778 2312 3833 omnino
2344 3779 2659 3835 maculavit
2685 3778 2966 3854 spiritum
2998 3783 3186 3840 illum.
3237 3789 3381 3844 Cum
3413 3791 3597 3861 igitur

189 3885 406 3941 corpus
437 3868 578 3924 illud
611 3869 904 3942 paruisset
930 3870 1090 3925 omni
1124 3876 1382 3943 tempore
1410 3872 1651 3943 Spiritui
1683 3875 1904 3937 sancto,
1940 3873 2207 3938 recteque
2229 3874 2286 3923 et
2305 3874 2461 3924 caste
2490 3868 2813 3927 laborasset
2838 3887 2972 3927 cum
2995 3889 3082 3939 eo,
3110 3891 3213 3929 nec
3244 3879 3595 3935 succubuis-

188 3961 284 4014 set
327 3958 388 4012 in
422 3958 583 4013 omni
611 3962 907 4031 tempore:
942 3958 1251 4031 fatigatum
1274 3976 1485 4031 corpus
1515 3958 1660 4015 illud
1690 3957 1976 4015 serviliter
2023 3961 2427 4011 conversatum
2477 3958 2591 4027 (43)
2623 3965 2731 4021 est.
2790 3959 2890 4015 sed
2949 3961 3175 4017 fortiter
3220 3980 3353 4019 cum
3383 3966 3597 4036 Spiritu

188 4049 403 4102 sancto
428 4046 875 4119 comprobatum
906 4046 1021 4103 Deo
1053 4052 1348 4119 receptum
1379 4048 1492 4121 (44)
1522 4054 1629 4104 est.
1663 4047 1885 4104 Placuit
1912 4045 2091 4118 igitur
2121 4050 2232 4100 Deo
2258 4044 2597 4115 hujusmodi
2626 4048 2738 4117 (45)
2769 4052 2973 4120 potens
3025 4065 3233 4107 cursus
3259 4076 3273 4121 ;
3306 4053 3444 4125 quia
3472 4072 3599 4112 ma-

1333 4145 1579 4201 VARle
1638 4144 2025 4201 LECTIONES
2083 4143 2174 4197 ET
2222 4142 2457 4198 ΝΟΤίΕ.

366 5371 385 5585 Ξ

266 5371 289 5658 ξ

266 4231 381 4306 (19)
411 4228 613 4306 Lamb.
650 4233 1142 4300 demonstraveris,
1169 4236 1383 4306 [rustra
1411 4235 1621 4290 videbo.
1951 4230 2088 4306 teret
2115 4235 2350 4306 peccata.

261 4303 616 4430 (392mLamb.
647 4306 962 4377 exposueris
989 4310 1042 4361 et
1087 4303 1198 4362 non
1253 4307 1575 4375 absolveris,
1631 4308 1841 4377 frustra
1947 4304 2132 4428 Α
2154 4304 2496 4441 δίῶἒίΑηεΙ.
2517 4303 2892 4377 honestosque.
2926 4305 3063 4362 Fell.
3097 4311 3150 4363 et
3172 4308 3333 4365 bonos
3350 4313 3593 4369 nuntios.

190 4389 457 4429 audiam.
1947 4389 2088 4428 Λααι
2100 4391 2118 4427 ,⁵
2154 4389 2310 4429 uuza.
2680 4422 2684 4428 λ

229 4390 457 4431 uatum.
1947 4390 2118 4428 auat:
2154 4390 2310 4441 quia.
2680 4422 2684 4428 λ

263 4446 382 4589 (21)
413 4446 617 4501 Lamb.
645 4449 941 4530 Dominum
971 4464 1147 4520 quem.
2163 4445 2361 4499 Lamb.
2395 4446 2557 4502 deest
2587 4444 2776 4502 illum.

282 4516 380 4589 22)
412 4517 611 4589 Lamb.
652 4519 897 4589 exsolvit.
2050 4518 2125 4589 i707
2163 4516 2510 4589 Mss.7Angl.
2541 4522 2597 4573 et
2615 4522 2802 4573 Carm.
2836 4524 3048 4575 creatus

284 4587 379 4662 23)
412 4587 1141 4662 Mss._Angl7.77qu$stionem
1167 4592 1377 4662 ferunt.
2020 4588 2133 4656 (41)
2168 4588 2363 4662 Lamb.
2399 4587 2459 4642 in
2488 4604 2705 4662 corpore
2751 4592 2889 4661 quod
2915 4607 2944 4645 e
2999 4591 3305 4647 videbatur.
3363 4595 3471 4649 Hoc
3515 4611 3598 4650 er-

287 4659 381 4733 24)
414 4658 617 4733 Lamb.
646 4658 708 4716 et
727 4658 869 4733 Vict.
903 4664 1136 4718 cunctis.
1167 4658 1176 4662 ’
1562 4732 1570 4733 7
1670 4732 1685 4733 7
1954 4675 2018 4729 go
2049 4674 2242 4733 corpus
2267 4660 2327 4711 in
2374 4675 2476 4728 quo
2532 4658 2803 4715 habitaret
2850 4664 3007 4733 Deus,
3039 4665 3320 4719 collocavit
3376 4667 3592 4722 intelle-

287 4729 381 4803 25)
414 4729 509 4803 Sic
539 4748 682 4788 mss.
716 4731 881 4803 Angl.
913 4737 970 4789 et
1001 4733 1190 4789 Carm.
1224 4733 1316 4789 Sic
1374 4736 1431 4789 et
1484 4732 1624 4788 edit.
1656 4732 1837 4788 Oxon.
1946 4730 2318 4803 ctus77sciiicet
2346 4746 2567 4803 corpore
2595 4733 2739 4802 quod
2757 4735 2813 4788 ei
2838 4729 3146 4789 videbatur.
3182 4740 3256 4790 At
3286 4752 3397 4792 ms.
3441 4736 3589 4793 Vict.

187 4799 382 4873 Al.7a77b
412 4801 568 4857 illius
596 4799 833 4858 nuntio."
1946 4799 2458 4873 intellectosciizwt
2486 4799 2707 4873 corpore
2743 4806 2882 4873 quod
2911 4814 2964 4860 et
2990 4806 3293 4861 videbatur.
3327 4838 3397 4848 ——
3424 4808 3589 4865 Hunc

264 4872 378 4945 (26)
411 4874 614 4945 Lamb.
650 4874 890 4945 loqueris
917 4874 1079 4930 mihi.
1110 4874 1267 4931 Ades.
1298 4874 1439 4931 Nam
1461 4878 1568 4931 etc.
1948 4872 2150 4945 locum
2164 4871 2327 4945 valde
2350 4871 2711 4945 corruptum,
2743 4871 2811 4931 ex
2832 4893 2975 4931 mss.
2999 4883 3055 4931 et
3076 4878 3396 4934 editionum
3419 4879 3591 4935 colla-

410 4944 572 5026 Dodl.
604 4942 1024 5026 demonstraret.
1082 4949 1283 5003 Lamb.
1351 4947 1836 5004 demonstraretur.
1946 4942 2485 5026 tione77sic7corrigit
2516 4942 3238 5026 doctissimus77Grabius
3268 4953 3456 5026 Quare
3482 4967 3585 5026 au-

283 5015 377 5088 2787)
413 5017 614 5088 Lamb.
655 5019 931 5088 quamuis.
1948 5020 2055 5088 tem
2084 5016 2344 5088 Dominus
2403 5015 2462 5069 in
2515 5019 2742 5072 consitio
2770 5019 3079 5073 adhibuerit
3130 5015 3332 5075 Filium
3380 5022 3445 5077 de
3476 5022 3589 5079 hae-

286 5086 383 5161 39)
412 5086 945 5161 Lambwommissa.
1034 5159 1069 5161 77
1262 5159 1298 5161 77
1400 5160 1411 5161 7
1946 5086 2577 5161 reditate,7honestosque
2620 5092 2865 5160 nuntios,
2926 5092 3094 5145 audi:
3126 5090 3396 5161 Spiritum
3450 5109 3587 5149 san-

289 5158 383 5234 30)
415 5157 560 5234 Mss.
580 5160 747 5234 Angl.
775 5161 983 5217 nuntii.
1016 5159 1108 5216 Sic
1128 5163 1184 5217 et
1212 5159 1351 5216 edit.
1383 5160 1561 5218 Oxon.
1946 5158 2220 5234 ctum7qui7
2239 5162 2451 5234 creatus
2480 5157 2559 5213 est
2589 5157 2860 5234 omnium'
2883 5164 3122 5234 primus,
3152 5157 3213 5216 in
3258 5178 3482 5234 corpore
3528 5166 3590 5220 in

261 5228 378 5307 (731)
402 5231 605 5307 Lamb.
637 5228 862 5307 primos.
904 5306 910 5307 7
1947 5228 2361 5307 quo7ha7bit7a7ret
2394 5228 2920 5307 7Deu._s_,_eoilocavit';
2971 5234 3031 5288 in
3089 5232 3285 5289 delecto
3340 5228 3585 5307 corpore,

416 5304 614 5376 Lamb.
637 5298 744 5376 'qui
759 5306 951 5376 possit.
1105 5372 1114 5376 λ
1141 5373 1150 5376 _
1948 5298 2496 5376 WQdFiﬂidebatu’?
2520 5301 2689 5376 WA“-

407 5372 558 5451 Mss.
591 5370 771 5451 Anglf
791 5376 912 5441 Dic,
941 5376 995 5430 si
1022 5372 1151 5444 quid
1180 5377 1279 5451 vis.
1532 5447 1542 5451 7
1712 5447 1719 5451 7
2018 5371 2130 5451 (4‘37)
2165 5370 2303 5426 Mss.
2335 5371 2503 5443 Angl.
2536 5374 2597 5427 in
2625 5390 2726 5444 quo
2753 5374 3029 5430 deductus.
3063 5374 3157 5431 Sic
3187 5379 3243 5431 et
3268 5375 3424 5432 Vict.
3456 5378 3591 5434 abs-

288 5443 383 5517 34)
407 5444 547 5500 Mss.
590 5443 752 5517 Angl.
786 5443 1043 5517 magnam
1069 5450 1392 5516 potestatem
1420 5454 1470 5501 et
1520 5447 1836 5516 imperium.
1949 5459 2064 5517 que
2084 5444 2169 5517 _in.

291 5512 381 5585 35)
413 5517 613 5571 Lamb.
672 5512 737 5571 Et
767 5512 896 5579 dixi
913 5535 932 5571 :
954 5512 1440 5588 Quemadmodum.
1603 5512 1613 5516 ⁷
1969 5512 1981 5514 ⁷
2018 5514 2123 5588 (43)
2161 5512 2369 5588 Lamb;
2390 5523 2779 5570 conservatum.

294 5583 614 5708 Lamb.
647 5604 772 5644 eum
799 5583 987 5660 quem:
1036 5590 1105 5643 Et
1160 5605 1329 5644 mox:
1386 5598 1436 5644 et
1491 5590 1664 5644 Filius
1720 5590 1839 5660 ejus
1946 5583 2522 5708 co(-’i:1)7vltlts:’.nGerm.
2576 5592 2631 5640 et
2678 5588 2824 5642 Vict.
2858 5598 3233 5661 receptunque.
3265 5592 3338 5646 At
3392 5590 3584 5653 Carm.

294 5674 315 5708 ι
363 5674 430 5708 is-
2008 5672 2071 5708 ns
2168 5672 2200 5708 a
2327 5696 2340 5708 .

192 5659 430 5713 nuntiis.
807 5659 814 5660 “
1746 5659 1750 5660 “
1946 5659 2340 5712 conservatum.

270 5727 384 5802 (37)
414 5730 618 5788 Lamh.
649 5728 1077 5804 conﬁrmandos.
1118 5727 1187 5787 Et
1213 5727 1387 5802 paulo
1416 5734 1587 5803 post:
1618 5738 1684 5787 ut
1708 5730 1839 5787 abo-
2018 5725 2128 5799 (45)
2160 5725 2270 5784 Ms.
2300 5725 2446 5782 Vict.
2478 5725 2639 5800 hujus
2668 5744 2798 5787 esse.
