4036 6356
457 334 573 395 963
1942 329 2003 389 S.
2054 331 2084 388 Ε

2228 330 2353 389 MIE
3733 337 3861 398 964

455 464 686 521 culatus
716 479 831 519 non
861 465 1015 518 esset
1045 462 1102 517 in
1134 466 1309 531 terra,
1340 459 1647 532 possidens
1680 460 1735 514 in
1768 476 1829 515 se
1849 460 2127 532 Spiritum
2157 464 2447 517 sanctum.
2480 465 2542 516 In
2578 461 2817 517 consilio
2850 462 3151 517 advocavit
3178 479 3312 536 ergo
3344 464 3574 533 Filium,
3606 472 3667 523 et
3699 485 3859 523 nun-

453 555 567 610 tios
599 555 781 609 bonos
808 553 941 622 (46),
968 556 1031 605 ut
1058 555 1116 606 et
1146 550 1280 605 huic
1312 549 1535 603 scilicet
1565 549 1789 619 corpori
1821 550 1975 620 quod
2020 550 2257 604 servivit
2312 551 2421 621 (47)
2456 550 2696 621 Spiritui
2728 556 2929 606 sancto
2964 552 3089 606 sine
3122 552 3377 623 querela,
3429 553 3590 610 locus
3640 555 3863 627 aliquis

454 640 814 699 consistendi
846 640 1103 704 daretur,
1137 654 1207 692 ne
1237 638 1530 692 videretur
1556 637 1878 693 mercedem
1913 638 2208 693 servitutis
2242 654 2360 693 sua:
2392 639 2737 710 perdidisse.
2792 639 3050 711 Accipiet
3078 640 3235 695 enim
3291 644 3617 699 mercedem
3680 662 3866 702 omne

453 746 667 802 corpus
697 744 906 801 parum
941 743 1006 783 ao
1036 726 1162 782 sine
1192 723 1423 780 macula
1453 728 1768 797 repertum,
1816 724 1873 778 in
1908 742 2022 795 quo
2064 725 2367 782 habitandi
2427 726 2617 799 gratia
2661 726 3015 783 constitutus
3056 728 3230 784 fuerit
3284 729 3539 801 Spiritus
3588 740 3863 790 sanctus.

454 819 645 876 Habes
683 822 741 875 et
761 816 941 889 hujus
973 814 1380 871 similitudinis
1411 812 1828 886 expositionem
1861 814 1995 885 (48).

1957 929 2189 985 CAPUT
2212 929 2332 985 VII.

523 1023 780 1096 Percepi,
810 1021 1073 1092 inquam,
1101 1018 1355 1083 domine,
1385 1022 1548 1073 tuam
1578 1017 1957 1086 voluntatem,
1993 1019 2191 1073 audita
2219 1019 2327 1074 hoc
2382 1020 2759 1091 expositione.
2820 1020 2969 1076 Audi
3004 1019 3269 1090 ulterius,
3320 1022 3512 1095 inquit
3548 1042 3561 1078 :
3622 1024 3863 1098 Corpus

344 1158 347 1161 .
450 1111 563 1169 hoc
591 1116 760 1166 tuum
791 1108 1021 1165 custodi
1046 1106 1331 1161 mundum
1357 1111 1529 1177 atque
1560 1122 1803 1177 purum;
1834 1110 1897 1160 ut
1918 1106 2169 1176 Spiritus
2192 1106 2287 1162 ille
2311 1107 2410 1178 qui
2432 1107 2783 1163 inhabitabit
2808 1108 2867 1163 in
2889 1126 2975 1176 eo,
3001 1110 3402 1166 testimonium
3428 1112 3636 1168 referat
3658 1114 3771 1176 illi.
3798 1120 3863 1171 et

447 1204 643 1258 tecum
670 1200 850 1255 fuisse
871 1196 1185 1269 judicetur.
1209 1200 1392 1266 Atque
1411 1194 1581 1249 etiam
1613 1195 1759 1261 vide,
1795 1211 1865 1250 ne
1896 1197 2126 1266 quando
2160 1197 2580 1268 persuadeatur
2608 1198 2733 1265 tibi,
2756 1198 2997 1253 interire
3028 1215 3234 1269 corpus
3257 1199 3384 1268 hoc,
3411 1205 3467 1255 et
3494 1202 3758 1258 abuteris
3786 1221 3859 1260 eo

449 1288 511 1345 in
543 1287 784 1345 libidine
806 1286 1021 1357 aliqua.
1052 1284 1111 1339 Si
1152 1284 1307 1338 enim
1340 1299 1551 1354 corpus
1590 1288 1752 1337 tuum
1790 1284 2192 1355 maculaveris,
2223 1285 2546 1341 maculabis
2576 1285 2748 1340 etiam
2782 1287 2985 1341 eodem
3013 1292 3273 1358 tempore
3293 1293 3349 1343 et
3377 1289 3658 1361 Spiritum
3709 1309 3858 1347 san-

450 1382 610 1435 ctum
646 1394 661 1446 ;
692 1381 748 1433 et
788 1374 834 1431 si
868 1372 1248 1429 maculaveris
1278 1371 1557 1443 Spiritum
1590 1376 1879 1436 sanctum,
1913 1389 2026 1427 non
2057 1372 2169 1444 (49)
2200 1374 2375 1429 vives.
2400 1375 2467 1428 Et
2498 1374 2613 1428 dixi
2639 1391 2651 1429 :
2677 1374 2822 1437 Quid
2857 1375 2905 1429 si
2929 1392 3029 1446 per
3058 1376 3445 1447 ignorantiam
3488 1379 3750 1451 aliquam
3796 1382 3859 1437 id

450 1467 776 1525 admissum
807 1465 919 1536 (50)
950 1466 1057 1532 est,
1090 1465 1404 1532 antequam
1436 1460 1776 1515 audirentur
1803 1462 1979 1515 verba
2008 1462 2130 1517 haec
2150 1462 2177 1516 ?
2209 1464 2329 1527 Quo
2352 1468 2518 1534 pacto
2550 1464 2883 1534 assequitur
2911 1464 3160 1519 salutem
3186 1466 3235 1520 is
3262 1466 3363 1537 qui
3387 1468 3699 1524 maculavit
3721 1487 3861 1526 coro

450 1573 563 1631 pus
584 1571 759 1612 suum
780 1554 808 1608 ‘I
840 1552 1155 1614 Prioribus,
1189 1550 1401 1621 inquit,
1428 1550 1621 1617 rebus,
1654 1548 1753 1620 qui
1784 1549 1896 1619 (51)
1930 1566 2031 1621 per
2052 1550 2437 1622 ignorantiam
2464 1551 2847 1617 admiserunt,
2882 1553 3205 1607 remedium
3232 1555 3487 1610 tribuere
3517 1556 3859 1614 solusDeus

449 1648 677 1718 potest:
704 1643 832 1715 qius
860 1640 1014 1697 enim
1047 1645 1136 1694 est
1157 1638 1348 1694 omnis
1370 1642 1647 1708 potestas.
1680 1638 1791 1693 Sed
1824 1654 1977 1692 nunc
2008 1639 2233 1693 custodi
2267 1644 2357 1695 te:
2390 1643 2447 1693 et
2484 1655 2617 1694 cum
2652 1640 2730 1694 sit
2780 1640 3058 1695 Dominus
3117 1644 3488 1714 omnipotens
3520 1651 3576 1700 et
3614 1647 3860 1702 miseri-

449 1750 600 1798 cors,
640 1731 934 1804 prioribus
962 1726 1237 1785 admissis
1267 1726 1588 1781 remedium
1620 1726 1802 1791 dabit,
1829 1726 1879 1781 si
1910 1727 1968 1780 in
2000 1727 2113 1798 (52)
2142 1726 2404 1782 futurum
2438 1745 2551 1782 non
2586 1728 2961 1784 maculaveris
2992 1746 3201 1802 corpus
3232 1736 3419 1803 tuum,
3452 1738 3508 1787 et
3537 1734 3858 1805 Spiritum.

447 1823 757 1877 Consortes
778 1822 919 1874 sunt
948 1816 1105 1873 enim
1126 1813 1319 1882 ambo,
1352 1818 1407 1868 et
1438 1812 1712 1869 alteruter
1745 1814 1871 1869 sine
1909 1815 2086 1869 altero
2127 1814 2239 1886 (55)
2270 1832 2384 1870 non
2433 1815 2866 1887 coinquinatur.
2929 1816 3252 1890 Utrumque
3281 1836 3417 1892 ergo
3466 1838 3629 1877 serva
3670 1839 3861 1877 mun-

448 1910 590 1967 dum
616 1926 631 1968 :
662 1911 718 1964 et
745 1907 901 1962 vives
923 1906 1059 1962 Deo.

1842 1994 2297 2055 SIMILITUDO
2342 1994 2444 2053 VI.

766 2094 855 2155 De
882 2092 1112 2175 duplici
1132 2110 1341 2172 genere
1368 2090 1667 2151 hominum
1700 2089 2188 2231 voluptarflorum,
2220 2095 2275 2151 et
2302 2110 2499 2151 eorum
2521 2102 2724 2167 morte,
2756 2092 3100 2172 defectione,
3136 2106 3193 2155 et
3218 2116 3519 2176 pxnarum

2018 2180 2308 2231 uratzone.

2018 2190 2130 2231 ura
2137 2180 2308 2230 tione.

1858 2294 2090 2350 CAPUT
2118 2293 2430 2350 PRIMUM.

520 2390 664 2447 Cum
697 2391 956 2445 sederem
992 2384 1171 2451 domi,
1200 2388 1255 2439 et
1276 2383 1657 2457 glorificarem
1691 2383 2003 2438 Dominum
2030 2384 2142 2455 (54)
2174 2401 2276 2455 pro
2307 2383 2581 2439 omnibus
2625 2401 2751 2455 quae
2790 2385 3066 2449 videram,
3109 2392 3167 2443 et
3196 2389 3265 2443 de
3299 2390 3591 2445 mandatis
3620 2390 3863 2462 cogita-

450 2488 575 2535 rem
605 2478 739 2550 (55),
770 2493 838 2531 ea
857 2474 1021 2530 valde
1054 2474 1205 2528 bona
1234 2490 1361 2527 esse
1391 2477 1449 2527 et
1469 2489 1703 2544 magna,
1735 2479 1791 2526 et
1811 2471 2055 2527 honesta
2084 2488 2149 2526 ac
2178 2471 2324 2540 laeta,
2360 2477 2418 2527 et
2446 2490 2575 2544 quae
2597 2473 2823 2543 possint
2852 2474 3099 2530 salutem
3133 2475 3439 2531 hominum
3473 2478 3585 2550 (56)
3605 2479 3862 2547 afferre;

449 2566 605 2622 intra
634 2583 727 2621 me
756 2565 950 2636 ipsum
983 2563 1101 2617 haec
1124 2561 1387 2616 dicebam
1415 2577 1426 2615 :
1465 2560 1615 2615 Felix
1653 2577 1771 2627 ero,
1805 2559 1853 2615 si
1885 2560 1943 2614 in
1970 2559 2063 2615 his
2112 2561 2403 2614 mandatis
2435 2559 2840 2629 ambulavero,
2887 2566 2944 2617 et
2974 2564 3309 2635 quicunque
3339 2566 3397 2620 in
3440 2567 3531 2621 his
3577 2568 3857 2622 ambula-

448 2656 615 2726 verit,
643 2655 791 2710 vivet
824 2655 953 2708 Deo.
992 2652 1139 2707 Dum
1166 2651 1287 2705 haec
1313 2650 1581 2721 loquerer
1608 2650 1721 2721 (57)
1758 2665 2005 2715 mecum,
2038 2649 2201 2705 video
2232 2666 2364 2703 eum
2413 2666 2585 2720 quem
2618 2656 2674 2704 et
2706 2650 2866 2721 prius
2901 2653 3033 2723 (58),
3068 2654 3363 2708 sedentem
3400 2656 3567 2724 juxta
3617 2673 3728 2722 me,
3799 2662 3864 2713 et

448 2746 571 2803 hac
602 2741 745 2799 mihi
766 2741 1051 2797 dicentem
1078 2757 1091 2795 :
1127 2739 1274 2802 Quid
1306 2738 1542 2793 dubitas
1572 2739 1641 2792 de
1668 2737 1956 2792 mandatis
1986 2738 2284 2808 meis,quae
2317 2737 2420 2791 tibi
2452 2738 2694 2809 precepi
2716 2738 2743 2793 ‘I
2764 2744 2923 2795 Bona
2952 2745 3125 2796 sunt:
3162 2741 3307 2795 nihil
3342 2743 3579 2799 omnino
3609 2744 3857 2800 dubita-

447 2833 638 2901 veris;
666 2831 765 2887 sed
799 2829 975 2884 indue
1005 2828 1177 2882 {idem
1200 2826 1452 2893 Domini,
1491 2833 1547 2881 et
1576 2826 1905 2881 ambulabis
1929 2826 1984 2880 in
2016 2826 2119 2881 eis.
2154 2826 2271 2898 Ego
2293 2827 2448 2881 enim
2481 2826 2537 2880 in
2569 2827 2684 2881 illis
2716 2828 2864 2883 dabo
2895 2830 2996 2883 tibi
3030 2831 3200 2886 vires.
3230 2832 3357 2886 Haec
3381 2833 3655 2887 mandata
3678 2834 3863 2890 utilia

448 2927 591 2981 sunt
621 2921 738 2988 his,
759 2918 858 2990 qui
890 2916 1233 2973 delictorum
1265 2932 1503 2970 suorum
1537 2921 1669 2969 ante
1691 2914 2079 2970 admissorum
2112 2915 2293 2970 acturi
2320 2919 2458 2969 sunt
2489 2916 2911 2986 pmnitentiam,
2936 2919 2984 2971 si
3018 2918 3075 2973 in
3108 2919 3370 2975 futurum
3400 2921 3457 2975 in
3481 2921 3552 2977 iis
3573 2922 3857 2979 ambula-

448 3012 654 3071 verint.
677 3008 1019 3078 Quicunque
1056 3005 1236 3077 igitur
1264 3003 1434 3075 agitis
1466 3003 1888 3075 paenitentiam,
1920 3003 2151 3073 abjicite
2181 3022 2214 3058 a
2255 3004 2419 3058 vobis
2467 3004 2787 3076 nequitiam
2820 3005 2998 3078 hujus
3029 3007 3242 3063 seaculi.
3313 3010 3537 3066 lnduite
3566 3027 3697 3066 vero
3725 3013 3859 3085 (59)

451 3115 665 3158 omnen
694 3097 969 3153 virtutem
1019 3098 1074 3149 te
1103 3092 1457 3164 aaquitatem,
1489 3097 1546 3147 et
1578 3092 1841 3163 poteritis
1874 3092 2164 3146 custodire
2193 3091 2313 3146 haec
2344 3094 2648 3161 mandata;
2681 3110 2869 3166 neque
2917 3095 3188 3167 deinceps
3244 3097 3516 3169 peccetis.
3571 3099 3629 3155 Si
3685 3100 3859 3155 enim

450 3189 728 3260 deinceps
750 3202 865 3241 non
897 3181 1288 3256 peccaveritis,
1322 3180 1639 3253 plurimum
1673 3181 1784 3252 (60)
1814 3197 1883 3236 ex
1911 3180 2202 3252 prioribus
2236 3180 2521 3236 recidetis.
2565 3182 2626 3236 In
2660 3183 2952 3239 mandatis
2983 3186 3129 3240 meis
3162 3186 3475 3257 ambulate,
3534 3192 3590 3243 et
3636 3188 3862 3246 vivetis

449 3278 589 3336 Deo.
624 3276 753 3332 Haac
783 3290 816 3329 a
845 3289 937 3328 me
966 3271 1122 3326 dicta
1151 3276 1290 3325 sunt
1308 3270 1489 3325 vobis.
1521 3269 1835 3341 Postquam
1869 3269 1987 3324 hinc
2018 3285 2245 3324 mecum
2276 3268 2504 3325 locutus
2527 3273 2634 3331 est.
2667 3271 2747 3326 ait
2775 3270 2918 3326 mihi
2945 3288 2958 3328 :
2991 3273 3206 3328 Eamus
3232 3275 3289 3328 in
3309 3291 3535 3347 agrum,
3559 3282 3615 3331 et
3646 3284 3862 3349 pasto-

453 3383 547 3423 res
573 3366 684 3437 (61)
716 3377 990 3436 pecorum
1020 3359 1124 3414 tibi
1153 3358 1477 3413 ostendam.
1512 3359 1747 3421 Eamus,
1781 3357 2040 3428 inquam,
2063 3356 2317 3412 domine.

525 3454 636 3526 (62)
666 3448 868 3513 Ἦλθον
903 3446 977 3509 εἷς
1008 3444 1208 3501 πεδίον
1240 3446 1329 3500 καὶ
1363 3443 1619 3518 [δείκνυσί
1653 3446 1766 3517 μοι]
1786 3441 1951 3497 παῖδα
1977 3465 2092 3497 νεα-

454 3541 630 3597 νίσκον
662 3536 1003 3610 ἐνδεδυμένον
1036 3538 1147 3609 (63)
1180 3535 1417 3598 σύνθεσιν
1448 3531 1752 3605 ἐνδυμάτων
1798 3532 2089 3605 κροκαίων,

459 3628 724 3706 βόσκοντα
750 3620 995 3700 πρόϐατα
1022 3622 1208 3678 πολλᾶ
1236 3623 1375 3677 λίαν·
1410 3622 1498 3676 καὶ
1529 3624 1593 3676 τὰ
1624 3616 1868 3695 πρόϐατα
1926 3626 2093 3675 ταῦτα

454 3722 521 3788 ἦν
552 3714 680 3771 ὡσεὶ
708 3718 1012 3791 τρυφῶντα,
1062 3712 1150 3766 καὶ
1202 3711 1319 3767 λίαν
1374 3708 1727 3765 σπαταλῶντα
1769 3711 1857 3763 καὶ
1907 3709 2091 3783 ἱλαρὰ,

456 3810 757 3884 σκιρτῶντα
783 3800 890 3857 ὧδε
918 3803 1089 3857 κάκεῖ.
1125 3800 1221 3854 Καὶ
1252 3799 1411 3861 αὐτὸς
1451 3801 1479 3854 ὁ
1528 3800 1737 3871 ποιμὴν
1788 3798 1926 3853 πάνυ
1974 3798 2091 3853 ἱλα-

457 3896 551 3973 ρὸς
580 3894 668 3949 ἐπὶ
694 3896 773 3965 τῷ
808 3889 1053 3964 ποιμνίῳ
1074 3888 1227 3973 αὐτῷ
1256 3888 1345 3960 ἦν,
1376 3889 1465 3942 καὶ
1499 3890 1813 3963 περιέτρεχε
1849 3888 1916 3941 τὰ
1962 3886 2094 3963 πρό-

456 3972 610 4039 6am.-
644 3980 743 4037 Καὶ
773 3978 918 4035 ἄλλα
946 3972 1193 4053 πρόϐατα
1224 3974 1581 4032 σπαταλῶντα
1608 3976 1699 4031 καὶ
1727 3981 2011 4054 τρυφῶντα
2040 3974 2091 4031 ἐν

453 4072 608 4146 τόπῳ
638 4068 738 4140 ἐνὶ,
770 4067 833 4124 οὐ
867 4067 1053 4141 μέντοι
1080 4069 1379 4143 σκιρτῶντα
1409 4067 1539 4139 (64).

2273 3448 2341 3502 Et
2370 3446 2636 3503 venimus
2668 3448 2725 3502 in
2757 3450 3070 3519 quemdam
3096 3465 3370 3523 campum
3394 3470 3406 3507 :
3430 3457 3487 3507 et
3508 3452 3627 3507 illic
3647 3459 3859 3510 osten-

2203 3535 2287 3589 dit
2334 3534 2476 3589 mihi
2518 3536 2795 3605 juvenem
2847 3542 3157 3609 pastorem,
3228 3542 3505 3596 vestitum
3576 3542 3857 3614 synthesi

2201 3624 2677 3680 vestimentorum
2698 3624 2887 3681 colore
2911 3626 3485 3685 coccineo.Pascebat
3508 3638 3703 3686 autem
3739 3649 3852 3704 pe-

2201 3729 2334 3767 cora
2382 3713 2650 3783 copiosa:
2707 3718 2762 3768 et
2793 3730 2996 3785 pecora
3041 3715 3141 3770 illa
3168 3716 3324 3772 velut
3354 3718 3411 3772 in
3443 3718 3854 3791 voluptatibus

2200 3806 2365 3855 erant
2386 3804 2442 3855 et
2466 3802 2738 3872 plurimis
2761 3802 3018 3870 deliciis;
3052 3810 3109 3858 et
3132 3804 3420 3861 hilaritate
3437 3808 3845 3879 exsultabant,

2200 3893 2257 3944 et
2285 3889 2635 3944 exsultantis
2663 3890 3069 3947 discurrebant
3097 3893 3211 3947 huc
3230 3898 3404 3966 atque
3432 3895 3592 3953 illuc.
3622 3898 3690 3952 Et
3713 3899 3852 3968 ipse

2200 3981 2400 4049 pastor
2421 3977 2823 4034 vehementem
2854 3996 2923 4033 ex
2952 3996 3127 4051 grege
3157 3998 3262 4037 suo
3289 3984 3647 4055 percipiebat
3673 3986 3844 4041 volu-

2201 4070 2419 4137 ptatem
2445 4082 2459 4133 ;
2489 4071 2546 4122 et
2582 4065 2778 4121 vultus
2807 4067 3057 4138 pastoris
3089 4069 3247 4126 illius
3276 4070 3441 4128 valde
3470 4071 3672 4129 hilaris
3693 4082 3847 4144 erat,

2202 4154 2355 4211 inter
2383 4170 2594 4228 pecora
2624 4155 3029 4213 discurrentis.

1626 4270 1862 4327 VARIIE
1918 4268 2300 4326 LECTIONES
2332 4271 2421 4326 ET
2452 4270 2679 4326 NOTAE.

662 4371 827 4430 Bodl.
860 4372 1128 4428 honestos.

677 4444 874 4499 Lamb.
905 4444 1200 4499 serviisset.
1234 4440 1332 4497 Sic
1362 4445 1418 4496 et
1438 4441 1575 4495 edit.
1609 4440 1787 4494 Oxon.

552 4511 641 4577 48)
669 4516 848 4571 Lamb
877 4516 1260 4570 exsolutiones.
1297 4514 1364 4567 Et
1386 4529 1538 4577 mox,
1569 4511 1901 4566 exolutione.

552 4580 641 4653 49)
672 4588 768 4643 Sic
791 4586 984 4642 Fellus
1006 4586 1062 4639 in
1086 4602 1195 4640 sua
1214 4585 1353 4639 edit.
1384 4584 1562 4640 Oxon.
1584 4589 1641 4637 et
1659 4598 1803 4637 mss.
1821 4580 1988 4653 Angl.
2010 4580 2100 4636 ΑΙ.

459 4678 652 4725 corpus
684 4663 862 4725 tuum,
894 4674 1023 4713 non.

550 4682 551 4690 ‘
590 4680 652 4716 us
684 4680 862 4725 tuum,
894 4680 1023 4713 non.

550 4680 626 4786 go
682 4730 843 4785 Bold.
877 4727 1089 4799 aliquid
1118 4727 1439 4782 admissum.

555 4806 620 4860 51
683 4802 883 4856 Lamb.
917 4807 973 4855 et
1003 4800 1192 4855 Carm.
1224 4814 1367 4868 quat.
1401 4802 1435 4850 S

552 4878 621 4931 52
674 4873 770 4929 Sic
804 4888 944 4927 mss.
966 4872 1130 4927 Carm
1155 4876 1210 4925 et
1233 4869 1430 4923 Lamb.

552 4376 618 4431 46

553 4448 619 4502 47

528 4376 545 4662 l

625 4374 641 4661 ἓ

555 4794 647 4868 51)
683 4802 883 4856 Lamb.
917 4794 981 4855 et
1003 4800 1192 4855 Carm.
1224 4814 1367 4868 quat.
1401 4800 1492 4851 Sic
1518 4800 1573 4851 et
1604 4794 1818 4868 Fellus.

674 4873 944 4957 Sicomss.
966 4872 1130 4927 Carm
1155 4876 1210 4925 et
1233 4865 1430 4923 Lamb.
1456 4868 1549 4923 Sic
1573 4874 1630 4922 et
1649 4867 1783 4921 edit.
1807 4866 1985 4921 Oxon.
2013 4865 2102 4921 Al.

913 5013 1068 5095 arnoo
1098 5012 1447 5093 altemlrunz,
1479 5014 1529 5065 et
1575 5010 1715 5064 alter
1741 5010 1859 5063 sine
1915 5009 2104 5063 altero.

469 5092 542 5144 Fe
570 5089 609 5144 li
642 5092 837 5144 autem
894 5085 1071 5140 editio
1129 5083 1308 5139 Oxon.
1352 5097 1474 5137 sm:
1507 5089 1558 5136 et
1606 5082 1937 5137 alterutrum
1991 5095 2104 5136 sine

469 5082 609 5170 Felli
630 5082 837 5170 autem
894 5084 1071 5170 editio
1129 5083 1308 5139 Oxon.
1352 5082 1474 5137 sic:
1507 5089 1558 5136 et
1606 5082 1937 5137 alterutrum
1991 5095 2111 5136 sine

464 5164 639 5219 altero
666 5175 776 5216 non
798 5164 1138 5228 inquinatur.

469 5306 481 5319 .
540 5230 883 5319 (5t)‘Lamb.
935 5228 1123 5283 Deum.
1182 5224 1485 5281 Alternant
1540 5224 1681 5278 Deus
1738 5226 1795 5278 et
1849 5222 2111 5278 Dominus

468 5302 821 5443 mggitiss.
855 5371 1026 5443 Angl.
1059 5370 1417 5443 disputarem,
1443 5364 1665 5443 utualibi
1701 5368 1983 5419 notatum.

562 5436 653 5501 56)
687 5444 885 5500 Lamb.
919 5436 1265 5498 hinnimISic
1296 5440 1469 5495 etiam
1502 5436 1711 5492 Fellus.

564 5516 654 5583 57)
682 5517 877 5570 Lamb.
912 5516 1123 5585 loquor.
1668 5577 1681 5590 ,
1756 5576 1767 5589 ,

565 5587 656 5661 58)
686 5586 825 5644 Mss.
859 5586 1027 5659 Angl.
1068 5602 1194 5643 eum
1219 5584 1509 5651 sedentem,
1568 5594 1823 5647 omissis,
1873 5592 2033 5648 quem
2060 5586 2115 5636 et

467 5675 648 5736 prius.

2282 4368 2395 4509 (59)
2430 4368 2629 4423 Lamb.
2662 4384 2810 4438 ergo.

2282 4440 2368 4509 (60
2424 4439 2623 4495 Lamb.
2650 4456 2747 4495 nec
2773 4457 2808 4509 ρ

2279 4439 2398 4516 (60)
2424 4439 2747 4516 Lamb._nec
2773 4444 2890 4516 post
2920 4440 3037 4516 haec
3082 4442 3378 4516 adficiatis.
3404 4444 3554 4500 Nihil
3597 4464 3724 4516 ergo
3755 4451 3865 4505 ad-

2200 4512 2460 4583 jicientes
2488 4512 2813 4583 plurimum.
2850 4512 2933 4567 Ita
2963 4512 3239 4583 Clericus,
3274 4515 3464 4571 Fellus
3496 4512 3690 4574 autem
3726 4521 3865 4579 sic:

2211 4582 2332 4658 alii,
2353 4590 2468 4658 post
2496 4582 2914 4658 ltocadjicietis.
2945 4582 3275 4658 [Vz'lii'lieninz
3329 4588 3673 4658 adjicientes.

2283 4654 2393 4733 (61)
2427 4653 2571 4717 Quia
2592 4653 2828 4733 hiscejn
2852 4655 3364 4733 visionibus_multi
3390 4653 3652 4730 pastores
3672 4678 3859 4733 appa-

2213 4729 2361 4815 Sent,
2394 4725 2952 4815 egpropter‘llermzle
2981 4725 3434 4815 opus"0rigent3:s
3485 4725 3867 4815 appellat-di-

2213 4796 2384 4873 brum
2417 4798 2488 4851 De
2504 4798 2833 4873 pastoribus,
2866 4796 2965 4873 lib.
3000 4796 3082 4861 lii,
3118 4796 3456 4873 Hsp‘i'a‘zisy‘aw
3485 4796 3713 4858 2:31:20
3739 4804 3865 4861 Co-

2212 4867 2469 4947 telerius.
2493 4865 2564 4921 At
2586 4884 2851 4947 nuperus
2868 4869 3054 4947 edith
3073 4865 3418 4947 Parisiensis
3440 4891 3571 4945 opp.
3588 4876 3865 4947 Origenis

2215 4944 2356 4994 tom.
2395 4940 2432 4993 Ι.
2467 4955 2596 5010 pag.
2624 4939 2745 5002 140,
2770 4939 2875 4993 col.
2900 4941 2953 5001 2,
2983 4941 3048 5009 D,
3084 4943 3273 4997 locum
3306 4960 3373 4998 ex
3399 4939 3540 5001 mss.
3577 4948 3659 5002 sic
3686 4939 3865 5005 resti-

2216 5010 2328 5065 tuit
2354 5027 2365 5064 :
2394 5010 2496 5065 Sed
2516 5021 2566 5065 et
2597 5012 2845 5065 Pastoris
2877 5011 3032 5076 liber,
3077 5014 3345 5081 rejiciens
3401 5017 3551 5072 hanc
3582 5018 3719 5073 edit.
3772 5019 3863 5075 leo

2216 5082 2465 5137 ctionem
2494 5098 2505 5135 :
2539 5082 2643 5137 Sed
2670 5090 2723 5136 et
2746 5087 2822 5137 De
2847 5084 3156 5152 pastoribus
3188 5086 3346 5141 liber.

2288 5154 2399 5223 (62)
2429 5152 2556 5206 Haec
2576 5153 3175 5223 pseudo-Athanasius
3197 5158 3255 5212 in
3278 5158 3455 5213 Doctr.
3482 5158 3559 5216 ad
3582 5161 3838 5218 Antioch.

2288 5170 2399 5223 (οι)
2429 5170 2556 5206 τιωο
2568 5170 3175 5277 gssuao-mnanasms
3197 5174 3255 5212 in
3278 5170 3455 5213 uoctr.
3482 5170 3559 5216 ad
3582 5170 3864 5233 Antioch.,

2218 5241 2380 5279 num.
2412 5225 2501 5289 28,
2537 5226 2561 5278 1
2609 5266 2622 5291 ,
2656 5240 2787 5296 pag.
2811 5225 2935 5296 261²
2966 5226 3091 5281 262.

2286 5270 2643 5367 ἷξε-ιον
2654 5270 3231 5367 ἓὲοᾴιῖἓέὶλῖὄῖἇαδει
3271 5299 3607 5367 Cotelerius,
3661 5303 3867 5361 Greca

2218 5366 2463 5447 hujusce
2492 5365 2598 5447 loci
2632 5365 2884 5447 illustrat
2913 5367 2992 5447 cl;
3011 5368 3466 5447 _Montfauconus
3495 5373 3555 5447 in
3596 5365 3860 5447 ‘Hexapl.

2220 5437 2463 5505 0rigen.,
2494 5443 2636 5492 tom.
2671 5439 2893 5563 [1,(pag.
2930 5440 3050 5505 181,
3086 5442 3155 5522 ad
3188 5447 3461 5527 Isa..Lvu,
3492 5445 3547 5499 9.

2289 5510 2400 5563 (64)
2436 5510 2550 5563 Ista
2606 5526 2745 5563 nseu
2793 5510 3151 5563 o-Athanasn
3187 5531 3198 5563 :
3236 5515 3491 5563 Αὶιαςωω

2289 5510 2550 5589 (64)_Ista
2604 5510 3151 5589 pseudo-athenasii
3187 5515 3491 5589 :_Al_iasque
3549 5517 3659 5572 vidi
3716 5534 3866 5589 oves,

2220 5580 2569 5654 luauriantes
2595 5580 2648 5635 et
2697 5581 3019 5654 deliciantes
3039 5599 3157 5654 uno
3196 5585 3257 5640 in
3294 5580 3427 5654 loco,
3454 5604 3553 5644 nec
3578 5596 3762 5646 tamen
3793 5580 3870 5646 es}

2218 5652 2504 5722 saltantes,
2536 5651 2715 5709 veteri
2749 5652 3051 5725 Interpreti
3074 5651 3452 5729 restituenda,
3483 5675 3517 5715 ο
3539 5660 3711 5731 cuius
3732 5676 3865 5718 ver-
