4008 6350
60 477 175 536 969

1133 473 1467 534 PASTOR.
1499 505 1576 516 —
1606 473 1755 532 LIB.
1801 473 1902 532 Ill.
1952 473 2189 533 SIMIL.
2236 474 2364 532 Vll.

3332 472 3449 531 970

1590 603 1818 658 CAPUT
1856 604 1921 657 V.

119 695 245 750 Dixi
274 695 358 750 ei:
391 694 654 757 Domine,
686 692 959 764 quoniam
991 710 1106 748 non
1138 691 1397 764 intelligo
1427 693 1627 747 omnia
1647 693 1758 760 (95)
1790 697 2053 763 tempora
2087 693 2202 746 haec
2236 692 2562 748 dulcedinis
2590 692 2906 765 voluptatis
2938 710 3003 748 ac
3045 710 3249 764 pcenaa,
3309 692 3449 748 luci-

52 784 180 838 dius
212 783 354 838 mihi
387 784 456 838 de
490 783 579 838 his
610 799 852 853 expone.
886 782 1210 853 Respondit
1234 781 1397 845 mihi,
1431 780 1632 836 dicens
1667 798 1679 835 :
1718 781 2055 852 [nsipientia
2089 782 2202 853 (96)
2234 788 2337 837 tua
2360 782 2465 836 tibi
2498 787 2930 854 perseveranter
2948 782 3211 837 inhaeret.
3246 782 3450 839 Nonne

51 873 134 927 vis
164 873 353 944 potius
385 877 639 927 mentem
671 876 833 926 tuam
867 871 1194 942 purificare,
1228 874 1285 924 et
1315 870 1430 925 Deo
1462 870 1723 926 servire?
1753 870 1916 939 Vide,
1952 887 2022 924 ne
2044 870 2187 925 forte
2214 872 2325 941 (97)
2356 875 2613 943 tempore
2645 875 2937 939 exacto,tu
2970 871 3252 943 insipiens
3285 888 3448 943 repe-

50 961 235 1018 riaris.
267 961 415 1016 Audi
442 977 620 1026 nunc,
657 961 1149 1029 quemadmodum
1182 959 1289 1026 vis,
1324 976 1435 1029 quo
1465 959 1695 1014 facilius
1723 958 2033 1030 intelligas.

116 1052 231 1122 (98)
268 1050 323 1103 Ὀ
368 1053 582 1126 τρυφῶν
642 1048 731 1105 καὶ
786 1048 1165 1119 ἀπατώμενος,
1206 1047 1295 1101 καὶ
1355 1048 1603 1121 πράσσων
1658 1046 1689 1099 ἃ

54 1136 325 1212 βούλεται,
376 1136 593 1206 πολλὴν
672 1135 973 1214 ἀφροσύνην
1054 1134 1342 1190 ἐνδέδυται·
1406 1136 1521 1189 ἀντὶ
1590 1137 1690 1210 γάρ

1872 1050 1976 1112 Qui
2004 1065 2117 1103 uno
2150 1049 2240 1104 die
2274 1050 2631 1104 commiserit
2652 1067 2712 1105 se
2746 1048 3229 1120 voluptatibus,et
3250 1050 3452 1105 fecerit

1804 1137 2093 1208 quidquid
2118 1138 2337 1209 appetit
2393 1139 2625 1192 animus
2683 1139 2831 1208 ejus,
2894 1137 3149 1209 plurima
3195 1138 3453 1211 repletur

49 1235 145 1296 τῆς
202 1233 408 1303 τρυφῆς
460 1227 551 1280 καὶ
610 1226 811 1287 ἀπάτνς
870 1225 1097 1295 ἑκάστης
1157 1224 1386 1300 ἡμέρας,
1447 1224 1688 1279 ἀποτίσει

1834 1226 2182 1291 tultitia,nec
2213 1226 2485 1298 intelligit
2513 1227 2651 1297 quid
2676 1227 2982 1293 admittat;
3007 1244 3073 1282 ac
3096 1228 3187 1282 die
3218 1233 3447 1299 postero

56 1317 276 1391 βάσανον
314 1313 579 1391 μεγάλην,
614 1314 850 1370 ἐνιαυτὸν
881 1319 949 1387 τῇ
982 1314 1180 1388 ἡμέρᾳ.

1832 1315 2331 1385 ιῦἰίνὶδοίῐυΐ,συὶ(1
2367 1316 2680 1387 fecerit(99)
2713 1316 2897 1387 pridie
2932 1334 2945 1383 ;
2997 1316 3242 1372 dulcedo
3292 1317 3449 1372 enim

53 1410 106 1461 et
131 1405 401 1477 voluptas
434 1406 732 1461 mundana
758 1405 906 1478 (100)
942 1404 1164 1459 nullam
1198 1404 1539 1459 memoriam
1578 1403 2050 1475 habent,propter
2079 1403 2388 1459 stultitiam
2420 1422 2545 1474 quos
2574 1405 2754 1459 insita
2802 1409 2888 1459 est
2938 1403 3074 1460 illis.
3124 1405 3268 1460 Cum
3322 1421 3451 1459 vero

54 1511 163 1549 uno
200 1494 290 1550 die
322 1494 630 1551 accesserit
661 1494 886 1549 homini
918 1494 1212 1549 cruciatus
1242 1508 1307 1545 ac
1329 1508 1520 1563 paena,
1556 1496 1675 1547 toto
1707 1508 1857 1545 anno
1889 1496 2191 1562 torquetur
2221 1511 2233 1560 ;
2262 1510 2535 1565 magnam
2584 1493 2739 1547 enim
2800 1493 3136 1548 memoriam
3194 1493 3455 1565 possidet

53 1584 389 1655 pcsna.Toto
419 1583 599 1655 igitur
624 1600 776 1638 anno
804 1582 1009 1638 dolens
1039 1580 1309 1637 meminit
1347 1598 1360 1647 ;
1392 1586 1447 1636 et
1476 1585 1616 1635 tunc
1650 1580 1988 1635 recordatur
2018 1580 2409 1636 dulcedininis
2434 1582 2591 1637 illius
2622 1599 2781 1637 vanae
2807 1584 2884 1651 (1)
2918 1599 2982 1636 ac
3012 1581 3353 1653 voluptatis,
3395 1585 3453 1637 et

52 1673 229 1728 sentit
256 1676 561 1744 propterea
591 1688 653 1727 se
685 1688 885 1743 pmnas
920 1669 1057 1742 pati.
1092 1670 1437 1739 Quicunque
1486 1668 1664 1740 igitur
1721 1685 1782 1723 se
1833 1668 2126 1722 dulcedini
2187 1674 2242 1723 et
2298 1669 2581 1741 voluptati
2634 1670 3001 1735 tradiderint,
3057 1670 3139 1724 sic
3197 1671 3458 1741 puniun-

50 1766 141 1816 tur
169 1761 249 1831 (2)
284 1779 299 1829 ;
325 1761 604 1833 quoniam
634 1761 814 1815 vitam
848 1760 1155 1824 habentes,
1187 1758 1300 1830 ipsi
1333 1775 1390 1813 se
1410 1758 1663 1813 reddunt
1683 1757 1963 1812 obnoxios
1993 1758 2184 1812 morti.

115 1847 215 1901 Καὶ
270 1846 412 1923 λέγω
448 1851 529 1919 τῷ
586 1845 820 1923 ἀγγέλῳ·
874 1851 1032 1900 Ποῐαι
1092 1844 1287 1921 τροφαί
1347 1844 1447 1899 εἶσι
1498 1838 1690 1918 βλαϐε-

48 1936 166 2010 ραίς
206 1934 331 2009 λέγε
384 1957 498 2009 μοι.
561 1940 710 1989 Πᾶσα
761 1937 950 2008 πρᾶξις
1011 1934 1238 2007 σαρκική
1288 1935 1461 2010 τρυφή
1527 1932 1689 2001 ἐστιν,

46 2029 130 2078 νῦν
179 2026 260 2097 (3)
314 2022 491 2093 ἡδέως
549 2028 697 2077 ποιεῖ
751 2023 940 2092 αὐτήν.
976 2024 1054 2091 ΓΟ
1112 2023 1238 2096 γὰρ]
1304 2020 1571 2095 ὀξύχολος
1620 2026 1698 2093 τῷ

48 2115 237 2168 ἑαυτοῦ
285 2115 442 2176 πάθει
486 2115 549 2167 τὸ
608 2112 787 2165 ἱκανὸν
858 2116 1029 2165 ποιῶν
1080 2116 1272 2188 τρυφᾷ·
1306 2110 1514 2183 ὁμοίως
1546 2111 1635 2164 καὶ
1668 2112 1695 2163 ὁ

53 2202 272 2277 μοιχός,
304 2203 393 2257 καὶ
426 2204 453 2256 ὁ
490 2204 741 2274 μέθυσος,
773 2202 861 2254 καὶ
921 2202 943 2255 5
1000 2199 1327 2267 κατάλαλος,
1360 2200 1449 2253 καὶ
1499 2202 1525 2254 ὁ
1574 2200 1698 2273 ψεύ-

50 2312 194 2363 στης,
232 2292 321 2345 καὶ
372 2292 399 2343 ὁ
454 2288 809 2359 πλεονέκτης,
843 2288 931 2343 καὶ
972 2290 999 2342 ὁ
1034 2288 1428 2362 ἀποστερητὴς,
1462 2288 1549 2342 καὶ
1600 2287 1697 2342 ὅσα

49 2384 289 2434 τοιαῦτα·
343 2383 585 2456 τρυφῶσι
645 2378 747 2454 γὰρ
790 2377 839 2431 ἐν
898 2381 965 2450 τῇ
1026 2376 1200 2431 αὐτῶν
1256 2376 1464 2451 πράξει.
1529 2375 1694 2431 Αὗται

54 2466 106 2522 δὲ
168 2470 221 2522 αἱ
279 2468 497 2542 πράξεις
561 2461 821 2541 βλαϐεραί
870 2466 970 2520 εἱσι
1002 2471 1117 2527 τοῖς
1156 2463 1380 2526 δούλοις
1411 2470 1509 2519 τοῦ
1540 2471 1693 2522 Θεοῦ.

53 2557 169 2610 Εἰσὶ
202 2554 261 2611 δὶ
286 2557 375 2611 καὶ
406 2556 600 2633 τρυφαὶ
632 2556 899 2623 σώζουσαι
944 2554 1073 2617 τοὺς
1114 2555 1450 2628 ἀνθρώπους.
1487 2553 1697 2609 Πολλοὶ

49 2645 147 2720 γὰρ
179 2645 358 2720 ἀγαθά
390 2643 740 2720 ἐργαζόμενοι
771 2647 1063 2718 τρυφῶσιν.
1097 2642 1247 2711 Αὕτη
1281 2640 1372 2695 οὖν
1427 2645 1461 2711 ἡ
1518 2644 1696 2720 τρυφὴ

48 2740 161 2795 τοῖς
221 2731 443 2794 δούλοις
512 2737 608 2787 τοῦ
682 2736 815 2787 Θεοῦ
874 2737 1232 2808 περιποιεῖται
1306 2733 1469 2801 ζωήν·
1530 2733 1585 2786 αἱ
1643 2729 1699 2786 δὲ

50 2821 443 2897 προειρημέναι
474 2822 670 2899 τρυφαὶ
699 2821 950 2895 βάσανον.

1871 1845 1997 1900 Dixi
2029 1846 2116 1901 ei:
2152 1847 2285 1909 Quaa
2317 1851 2474 1917 sunt,
2508 1848 2763 1913 domine,
2818 1847 3150 1919 voluptates
3209 1848 3391 1905 noxiae
3421 1849 3450 1903 τι

1802 1933 1992 2004 Omni,
2037 1934 2248 2004 inquit,
2308 1934 2531 1989 homini
2590 1936 2861 2007 voluptas
2919 1941 3006 1991 est
3064 1936 3453 2009 quodcunque

1806 2023 2055 2078 libenter
2086 2023 2239 2077 facit.
2274 2024 2501 2078 Etenim
2535 2024 2852 2080 iracundus
2878 2025 3241 2082 satisfaciens
3272 2027 3454 2083 mori-

1806 2112 1916 2166 bus
1939 2112 2063 2166 suis
2086 2113 2335 2183 percipit
2362 2112 2721 2185 voluptatem
2765 2131 2933 2169 suam
2963 2133 2974 2181 ;
3010 2119 3066 2170 et
3103 2116 3351 2183 adulter,
3399 2120 3456 2173 et

1808 2200 2074 2256 ebriosus
2108 2202 2207 2273 (4),
2239 2208 2293 2255 et
2318 2202 2629 2269 detractor,
2661 2208 2717 2257 et
2749 2204 2997 2258 mendax
3027 2208 3083 2259 et
3107 2204 3373 2275 cupidus,
3400 2210 3456 2261 et

1807 2289 2128 2355 fraudator,
2161 2293 2217 2345 et
2245 2290 2575 2361 quicunque
2606 2292 2679 2346 iis
2711 2291 2903 2347 simile
2926 2292 3148 2361 aliquid
3174 2293 3451 2359 admittit,

1809 2378 2010 2433 morbo
2043 2395 2149 2433 suo
2179 2380 2663 2451 parens,percipit
2693 2397 2756 2434 ex
2790 2397 2858 2435 ea
2889 2398 2948 2435 re
2970 2381 3452 2453 voluptatemﬂaa

1808 2482 2011 2521 omnes
2041 2466 2381 2523 dulcedines
2410 2485 2474 2523 ac
2506 2468 2833 2540 voluptates
2866 2470 3052 2525 noxiae
3084 2475 3223 2525 sunt
3271 2471 3453 2526 servis

1808 2555 2197 2627 Dei.Propter
2242 2556 2348 2611 has
2405 2558 2600 2627 itaque
2655 2558 2991 2613 cruciantur
3047 2564 3103 2614 et
3151 2559 3456 2631 patiuntur

1808 2661 2032 2714 pmnas.
2064 2645 2216 2700 Sunt
2246 2646 2420 2701 etiam
2452 2646 2799 2717 voluptates,
2834 2649 3085 2703 salutem
3115 2647 3457 2704 hominibus

1809 2734 2134 2789 afferentes.
2168 2734 2333 2789 Multi
2384 2735 2541 2789 enim
2598 2752 2775 2806 opera
2816 2735 3095 2791 bonitatis
3153 2736 3454 2807 facientes,

1809 2822 2537 2895 percipiuntvoluptatem,
2560 2824 2867 2879 dulcedine
2915 2842 3023 2880 sua
3078 2827 3269 2881 tracti.
3325 2829 3458 2882 Haec

52 2931 183 2987 ergo
212 2913 483 2986 voluptas
507 2912 674 2967 utilis
705 2915 792 2967 est
821 2910 1002 2966 servis
1034 2911 1155 2977 Dei,
1188 2916 1246 2966 et
1273 2912 1455 2966 vitam
1485 2916 1651 2983 parat
1681 2910 2023 2982 hujusmodi
2060 2912 2539 2968 hominibulelaa
2570 2931 2702 2969 vero
2725 2914 2906 2969 noxiae
2938 2931 3061 2985 qua
3094 2932 3273 2987 supra
3292 2915 3459 2969 dictae

54 3007 209 3072 sunt,
244 3006 540 3058 tormenta
570 3006 628 3056 et
656 3017 857 3071 pcenas
887 3004 1144 3071 pariunt.
1179 3000 1524 3072 Quicunque
1545 3017 1677 3056 vero
1710 3000 2144 3073 permanserint
2174 3001 2235 3056 in
2262 3001 2512 3071 illis,nec
2529 3003 2925 3059 admissorum
2957 3021 3200 3060 suorum
3234 3004 3460 3076 egerint

55 3092 480 3163 paenitentiam,
521 3093 770 3145 mortem
802 3089 914 3145 sibi
947 3090 1270 3162 acquirent.

1468 3187 1889 3244 SIMILITUDO
1928 3189 2050 3243 VII.

908 3276 1309 3333 Pamitentibus
1337 3275 1621 3347 faciendos
1652 3294 1765 3334 esse
1796 3280 2139 3349 poenitentia
2165 3277 2355 3348 dignos
2383 3278 2611 3348 fructus.

1477 3374 1707 3431 CAPUT
1749 3374 2047 3431 UNICUM.

128 3478 269 3531 Post
297 3473 422 3529 dies
454 3489 670 3546 paucos
698 3473 866 3529 video
898 3472 1070 3527 illum
1099 3472 1159 3527 in
1192 3488 1258 3528 eo
1291 3489 1518 3544 campo,
1542 3473 1599 3527 in
1632 3490 1745 3544 quo
1776 3478 2038 3545 pastores
2068 3472 2199 3529 illos
2229 3476 2362 3528 ante
2390 3473 2649 3529 videram
2681 3475 2777 3546 (5).
2832 3474 2900 3527 Et
2949 3474 3030 3529 ait
3078 3473 3262 3530 mihi:
3323 3474 3472 3541 Quid

64 3562 321 3635 inquiris
342 3560 546 3629 ?Veni,
580 3562 843 3633 inquam,
876 3576 1082 3632 rogare
1108 3565 1183 3627 te,
1218 3560 1469 3627 domine,
1505 3565 1570 3633 ut
1596 3567 1886 3632 pastorem
1918 3560 2086 3616 illum
2120 3563 2495 3633 prapositum
2521 3580 2702 3634 poenae
2726 3563 2939 3633 jubeas
2991 3564 3062 3618 de
3122 3580 3246 3619 mea
3304 3565 3475 3620 domo

61 3652 238 3721 exire,
271 3651 418 3723 quia
442 3650 817 3706 vehementer
844 3666 937 3706 me
968 3649 1196 3721 afﬂigit.
1229 3650 1295 3704 Et
1324 3650 1715 3720 respondens:
1751 3650 1997 3705 Necesse
2027 3655 2132 3721 est,
2163 3651 2373 3721 inquit,
2399 3650 2639 3723 patiaris
2682 3652 3058 3707 incommoda
3104 3658 3161 3708 et
3217 3654 3476 3709 vexatio-

60 3757 161 3796 nes
193 3742 272 3812 (6)
309 3758 322 3807 ;
357 3741 441 3795 sic
470 3743 629 3795 enim
660 3741 935 3811 praecepit
960 3739 1031 3794 de
1058 3743 1114 3794 te
1144 3738 1241 3794 ille
1274 3738 1518 3793 nuntius
1550 3739 1875 3810 bonus(7):
1910 3739 2048 3809 quia
2088 3744 2310 3794 tentare
2360 3744 2415 3794 te
2455 3739 2597 3795 vult.
2661 3742 2845 3806 Quod,
2894 3741 3158 3812 inquam,
3218 3742 3473 3809 dmino,

53 3833 173 3883 tam
210 3844 389 3901 grave
416 3834 718 3900 peccatum
748 3828 1060 3899 admisi,ut
1090 3828 1226 3882 huic
1257 3828 1465 3883 nuntio
1494 3828 1757 3882 traderer
1782 3827 1810 3881 ?
1838 3829 2101 3898 Adverte,
2138 3828 2348 3899 inquit.
2381 3828 2699 3899 Cumplura
2719 3830 2959 3900 quidem
2984 3829 3167 3884 habes
3198 3835 3473 3901 peccata;

52 3920 157 3973 sed
188 3936 310 3974 non
340 3923 462 3973 tam
497 3916 707 3985 multa,
737 3922 803 3973 ut
834 3917 969 3972 huic
998 3917 1204 3972 nuntio
1236 3916 1449 3971 debeas
1481 3917 1629 3971 tradi
1657 3917 1768 3987 (8):
1804 3918 1904 3972 sed
1934 3916 2119 3971 multa
2147 3917 2358 3972 delicta
2388 3921 2444 3971 et
2474 3917 2692 3972 scelera
2732 3919 2945 3973 domus
3005 3923 3106 3973 tua
3156 3917 3471 3988 commisit,

48 4007 301 4080 ideoque
331 4007 497 4062 factis
527 4023 731 4063 eorum
765 4006 862 4061 ille
882 4007 1071 4061 bonus
1092 4007 1338 4061 nuntius
1361 4006 1790 4071 exarcerbatus,
1815 4006 1999 4076 jussit
2028 4011 2081 4061 te
2105 4005 2473 4075 aliquantum
2498 4006 2777 4077 temporis
2805 4008 3170 4063 vexationem
3200 4007 3469 4078 experiri;

52 4102 116 4151 ut
148 4102 205 4152 et
236 4096 325 4152 illi
355 4096 755 4152 admissorum
789 4111 1031 4150 suorum
1063 4099 1240 4167 agant
1271 4095 1692 4165 pcenitentiam,
1725 4099 1782 4149 et
1812 4094 2051 4149 abluant
2082 4111 2143 4149 se
2176 4097 2246 4149 ab
2262 4095 2420 4150 omni
2453 4095 2772 4166 cupiditate
2819 4096 3000 4166 hujus
3051 4095 3268 4151 saeculi.
3329 4099 3471 4149 Cum

54 4186 257 4256 itaque
288 4185 513 4257 egerint
534 4184 939 4256 paenitentiam
973 4188 1038 4238 ut
1065 4183 1355 4255 puriﬁcati
1388 4183 1625 4247 fuerint,
1657 4189 1797 4238 tunc
1828 4184 2087 4239 discedet
2117 4201 2150 4238 a
2180 4190 2234 4238 te
2259 4185 2501 4238 nuntius
2533 4183 2628 4238 ille
2659 4184 2758 4255 qui
2790 4185 3136 4257 praepositus
3159 4190 3247 4239 est
3269 4200 3470 4255 pmnaa.

54 4274 197 4329 Dico
229 4274 283 4329 ei
311 4291 323 4328 :
358 4274 619 4342 Domine,
654 4273 704 4328 si
732 4273 815 4328 ita
844 4272 923 4327 illi
959 4289 1019 4328 se
1048 4276 1377 4344 gesserunt,
1411 4276 1475 4327 ut
1503 4272 1899 4344 exasperarint
1930 4273 2203 4327 nuntium
2236 4274 2454 4327 bonum
2478 4299 2491 4340 ;
2515 4290 2619 4344 ego
2651 4274 2790 4344 quid
2822 4274 2926 4329 feci
2959 4274 2986 4327 ‘2
3045 4273 3423 4345 Respondens
3455 4287 3468 4327 :

54 4362 263 4431 Aliter,
296 4362 512 4433 inquit,
544 4378 659 4417 non
681 4365 929 4433 possunt
957 4359 1041 4414 illi
1073 4360 1435 4415 vexationem
1469 4361 1611 4431 pati,
1633 4360 1745 4415 nisi
1775 4365 1837 4415 tu
1871 4361 1971 4431 qui
2022 4365 2197 4432 caput
2225 4377 2285 4415 es
2342 4361 2522 4416 totius
2582 4363 2815 4428 domus,
2872 4362 3118 4417 labores.
3176 4359 3473 4432 Quidquid

56 4450 218 4505 enim
246 4454 313 4505 tu
334 4466 547 4522 passus
577 4448 777 4520 fueris,
811 4465 1046 4504 necesse
1074 4454 1165 4504 est
1194 4454 1258 4503 ut
1287 4448 1445 4504 etilli
1476 4449 1731 4504 sentiant
1764 4468 1776 4517 ;
1812 4449 2073 4521 quandiu
2106 4466 2239 4503 vero
2270 4454 2329 4504 tu
2362 4450 2510 4504 bene
2542 4450 2841 4505 stabilitus
2874 4451 3072 4519 fueris,
3106 4449 3190 4504 illi
3252 4448 3473 4503 nullam

54 4538 422 4594 vexationem
450 4543 700 4610 possunt
728 4538 994 4610 experiri.
1028 4539 1096 4592 Et
1126 4538 1243 4592 dixi
1278 4555 1289 4592 :
1322 4538 1431 4593 Sed
1463 4554 1594 4593 ecce
1617 4540 1743 4608 jam
1776 4555 1948 4605 nunc,
1983 4538 2237 4609 domine,
2287 4544 2470 4611 agunt
2518 4539 2921 4610 paenitentiam
2958 4540 3096 4594 totis
3144 4537 3475 4608 praecordiis

54 4629 203 4685 suis.
229 4629 301 4683 Et
329 4644 434 4700 ego
466 4628 605 4695 scio,
638 4628 854 4699 inquit,
884 4627 1021 4682 totis
1044 4626 1376 4698 prtecordiis
1407 4643 1506 4682 eos
1537 4642 1705 4699 agere
1734 4627 2156 4698 paenitentiam.
2190 4627 2467 4699 Nunquid
2500 4644 2659 4698 ergo,
2699 4627 2799 4695 ait,
2833 4628 3102 4699 protinus
3135 4630 3305 4699 putas
3336 4625 3475 4680 abo-

46 4718 156 4790 leri
190 4717 410 4773 delicta
439 4733 644 4773 eorum
676 4718 977 4789 quiagunt
1004 4716 1441 4788 paenitentiam?
1461 4716 1585 4771 Non
1615 4718 1858 4787 proinde
1891 4716 2169 4772 continuo
2207 4735 2219 4785 ;
2254 4718 2357 4772 sed
2388 4720 2613 4789 oportet
2632 4734 2767 4771 eum
2794 4717 2892 4787 qui
2920 4717 3041 4788 agit
3069 4714 3474 4788 paenitentiam

1225 4832 1467 4887 VABIE
1505 4831 1895 4888 LECTIONES
1934 4833 2020 4887 ET
2058 4832 2294 4887 NOTJE.

118 4932 235 5002 (95)
268 4931 473 4987 Lamb.
508 4932 689 4986 deest.
722 4932 930 4986 omnia.
964 4934 1090 4985 Mox
1120 4929 1293 4986 fellus
1328 4948 1339 4984 :
1376 4932 1434 4985 α.
1494 4947 1557 4985 ac
1609 4947 1699 4985 υο-

49 5005 312 5075 luptatis,
335 5013 412 5057 et.

121 5076 237 5145 (96)
270 5075 413 5129 Mss.
445 5072 617 5144 Angl.
643 5074 909 5145 stultitia.
942 5073 1011 5127 Et
1061 5072 1233 5144 paulo
1284 5077 1436 5144 post,
1487 5075 1709 5128 stultus.

123 5146 240 5218 (97)
268 5145 474 5218 Lamb.
499 5145 733 5218 quando.
759 5144 859 5218 Sic
890 5149 946 5198 et
977 5145 1117 5218 edit.
1146 5149 1327 5218 Oxon.

126 5212 246 5289 (98)
266 5216 407 5289 Post
434 5212 605 5272 verba
638 5214 867 5289 βασάνου
899 5212 1095 5282 πολύς,
1123 5217 1296 5289 modo
1321 5213 1532 5289 relata,
1577 5216 1714 5289 haec

53 5287 261 5343 statim
288 5288 488 5342 subdit
508 5286 1443 5358 pseudo-Athanasius,paululum
1464 5287 1709 5342 variata.

50 5360 280 5431 caeteris
310 5359 546 5413 interim
578 5358 834 5431 omissis.
869 5359 963 5413 Sic
994 5365 1058 5431 et
1085 5375 1217 5431 mox
1255 5358 1425 5431 infra,
1463 5364 1593 5431 post
1621 5361 1710 5431 ’τῇ

52 5430 260 5503 ἡμέρᾳ,
305 5431 581 5503 continuo
621 5430 883 5502 sequitur
916 5447 927 5485 :
964 5426 1063 5481 Καί
1090 5426 1237 5503 λέγω
1266 5430 1345 5498 τῷ
1369 5426 1609 5503 ἀγκξὲλῳ.

118 5503 239 5573 (99)
267 5502 465 5557 Lamb.
494 5503 688 5572 fuerit.

119 5571 271 5646 (100)
304 5574 396 5628 Sic
428 5573 616 5646 Fellus
646 5575 704 5628 in
732 5572 869 5628 edit.
903 5576 1083 5627 Oxon.
1107 5588 1174 5628 ex
1208 5589 1351 5627 mss.
1396 5571 1561 5645 Angl.
1613 5572 1699 5628 Al.

46 5645 338 5701 omittunt
359 5645 659 5700 mundana.

141 5719 193 5789 1)
216 5717 341 5772 Mss
356 5757 369 5769 .
384 5716 567 5789 _Angl.
603 5718 783 5785 deest,
822 5732 995 5771 vanae.

141 5720 164 5772 1
216 5720 369 5772 Mss.
398 5720 567 5789 Angl.
603 5720 783 5785 deest,

114 5720 195 5863 (2)
231 5787 437 5844 Lamb.
467 5790 785 5860 patiuntur.

352 5915 610 5976 ΡΑι-ιηοι..
660 5915 769 5978 Ga.
820 5916 895 5979 ll.

1881 4931 1955 5001 (3)
1990 4932 2075 4984 ita
2103 4934 2297 4985 Grzeca
2328 4930 2487 5001 edita
2518 4948 2551 4985 a
2588 4930 2658 4984 cl.
2696 4931 3125 4986 Montfaucono.
3177 4928 3477 4985 Fabricius

1820 5006 2015 5074 tamen
2048 5019 2150 5073 pro
2171 5005 2260 5053 νῦν
2296 5002 2439 5074 legit
2459 5000 2563 5069 ὅτι,
2588 5004 2761 5056 veteri
2794 5002 3095 5074 interpreti
3123 5072 3142 5074 ﬂ
3161 5002 3471 5074 inhaerens.

1821 5072 2075 5128 Clericus
2107 5078 2300 5128 autem
2326 5072 2524 5127 omisit
2554 5077 2663 5143 νῦν,
2698 5090 2802 5128 nec
2861 5072 3075 5145 recepit
3115 5072 3217 5127 δτι.
3267 5072 3360 5127 Sic
3419 5081 3475 5127 et

1822 5145 2127 5199 Russelius
2162 5146 2355 5215 ipsum
2391 5148 2648 5199 secutus.

1893 5217 1968 5286 (4)
2004 5214 2201 5270 Lamb.
2227 5216 2430 5270 ebrius.
2461 5216 2527 5270 Et
2558 5233 2690 5271 mox
2752 5232 2882 5271 cum
2942 5214 3101 5270 Bodl.
3164 5216 3473 5286 infamator

1823 5304 1926 5358 pro
1948 5287 2245 5342 detractor.

1894 5360 1970 5430 (5)
2002 5359 2198 5413 Lamb.
2229 5362 2505 5430 pastorem
2534 5358 2695 5412 illum
2724 5357 3000 5412 videram.
3034 5358 3218 5414 Editio
3269 5362 3466 5413 autem

1825 5428 1961 5484 Felli
1995 5432 2178 5484 Oxon.
2215 5428 2434 5484 emittit
2459 5431 2605 5484 illos.

1895 5502 1970 5572 (6)
2004 5502 2204 5556 Lamb.
2240 5504 2297 5554 ut
2326 5501 2673 5556 incommoda
2701 5508 2750 5555 et
2778 5502 3094 5555 vexationes
3123 5503 3254 5556 sint.

1915 5573 1970 5641 7)
2004 5573 2164 5627 Bodl.
2198 5572 2477 5626 honestus.
2513 5572 2607 5625 Sic
2640 5577 2695 5625 et
2725 5572 2896 5626 infra.

1916 5645 1971 5714 8)
2002 5644 2201 5699 Lamb.
2230 5644 2469 5713 desunt,
2497 5643 2586 5697 sed
2618 5643 2688 5697 ad
2721 5643 2885 5699 tradi.
2910 5642 3196 5699 Videntur
3224 5642 3460 5700 librario

1823 5716 2105 5777 excidisse
2161 5715 2488 5787 obsequens
2523 5714 2637 5771 sed.

3114 5916 3183 5977 31
