4036 6356
534 373 647 432 971
2039 374 2102 431 S.

2350 375 2450 435 UE
3851 379 3944 436 972

539 508 797 579 afﬂigere
836 509 912 579 (9)
946 507 1204 563 animam
1226 521 1417 575 suam,
1454 507 1510 559 et
1537 502 1822 558 humilem
1854 505 2050 559 animo
2082 521 2143 561 se
2176 511 2453 577 praestare
2482 512 2595 582 (10)
2624 513 2683 567 in
2715 514 2875 569 omni
2934 512 3187 586 negotio,
3244 516 3301 568 et
3345 511 3681 567 vexationes
3742 509 3946 566 multa:

538 599 845 669 variasque
876 598 986 668 (11)
1018 596 1302 669 perferre;
1340 610 1591 665 cumque
1622 609 1936 665 perpessus
1970 594 2143 649 fuerit
2194 599 2392 653 omnia
2441 616 2567 670 qua:
2628 601 2710 656 illi
2758 603 3030 659 instituta
3078 602 3294 658 fuerint
3345 602 3475 673 (12),
3521 605 3666 656 tunc
3712 600 3945 655 forsitan

546 687 646 760 qui
669 704 802 741 eum
834 687 1048 741 creavit
1076 692 1133 741 et
1163 686 1262 755 qui
1295 684 1566 738 formavit
1594 683 1867 737 universa
1896 683 2031 754 (13),
2064 688 2526 743 commovebitur
2556 708 2693 763 erga
2721 710 2857 749 eum
2889 692 3196 748 clementia
3227 708 3356 759 sua,
3379 696 3435 747 et
3475 690 3715 762 aliquod
3781 705 3947 743 reme

547 779 710 832 dium
742 776 905 830 dabit
936 793 949 841 ;
985 776 1161 846 idque
1190 774 1291 837 ita,
1323 773 1371 828 si
1402 771 1611 826 viderit
1642 773 1771 841 ejus
1794 772 1895 842 qui
1920 773 2323 843 paenitentiam
2346 777 2488 848 agit,
2538 796 2636 834 cor
2677 798 2890 851 purum
2938 798 3066 836 esse
3097 782 3170 835 ab
3192 780 3351 835 omni
3374 796 3545 851 opere
3560 779 3946 851 nequissima.

545 867 672 923 Tibi
704 871 899 921 autem
925 869 981 919 et
1010 864 1211 918 domui
1242 869 1353 917 tuae
1384 861 1572 915 vexari
1592 877 1746 914 nunc
1772 861 2084 931 expedit,et
2114 862 2358 918 multam
2375 869 2734 924 vexationem
2759 870 2874 941 pati
2910 886 3149 926 necesse
3200 875 3290 926 est
3318 870 3430 941 (14)
3462 888 3476 936 ;
3507 869 3589 925 sic
3628 874 3694 924 ut
3742 884 3947 940 prace-

546 957 633 1028 pit
657 955 899 1009 nuntius
934 953 1161 1008 Domini
1195 952 1295 1023 qui
1328 957 1383 1005 te
1414 950 1559 1004 mihi
1581 949 1842 1003 tradidit.
1877 949 2025 1011 Quin
2057 950 2251 1022 potius
2280 956 2500 1024 gratias
2536 974 2674 1029 agas
2714 958 2958 1014 Domino
2988 978 3001 1027 ;
3053 959 3207 1031 quod
3267 959 3544 1030 praescius
3603 958 3796 1012 futuri
3860 958 3945 1026 (15]

546 1047 792 1117 dignum
814 1050 869 1098 te
896 1042 1121 1107 habuit,
1150 1042 1243 1095 cui
1277 1040 1611 1113 praediceret
1640 1038 2075 1094 tribulationem
2108 1041 2325 1098 instare
2352 1044 2679 1103 valentibus
2710 1065 2836 1103 eam
2878 1050 3187 1104 sustinere.
3249 1048 3386 1103 Dico
3446 1048 3527 1102 ei:
3581 1048 3646 1102 Et
3704 1052 3803 1114 tu,
3866 1049 3950 1102 do-

544 1135 724 1201 mine,
756 1148 987 1187 mecum
1012 1136 1134 1186 esto
1171 1148 1183 1198 ;
1218 1135 1273 1184 et
1305 1130 1472 1185 facile
1502 1144 1736 1183 omnem
1765 1128 2125 1183 vexationem
2158 1132 2479 1189 sustinebo.
2513 1137 2651 1207 Ego,
2684 1136 2897 1207 inquit,
2931 1154 3027 1193 ero
3058 1143 3251 1192 tecum
3285 1155 3298 1189 :
3330 1138 3432 1192 sed
3463 1140 3521 1193 et
3551 1136 3776 1209 rogabo
3814 1152 3949 1190 nun-

540 1223 691 1279 tium
725 1222 893 1276 illum
926 1220 1026 1292 qui
1057 1221 1405 1291 praepositus
1428 1223 1516 1273 est
1545 1234 1746 1288 paenae,
1782 1222 1846 1270 ut
1877 1215 2060 1271 levius
2094 1224 2148 1271 te
2178 1217 2396 1291 affligat
2431 1241 2443 1290 ;
2479 1225 2578 1278 sed
2607 1229 2663 1279 et
2691 1227 2899 1295 exiguo
2930 1231 3192 1297 tempore
3222 1225 3460 1297 patieris
3518 1226 3795 1291 adversa,
3858 1225 3951 1278 ite-

541 1327 793 1383 rumque
822 1315 923 1364 tuo
956 1308 1080 1364 loco
1112 1307 1440 1363 restitueris
1473 1324 1487 1373 ;
1520 1305 1927 1360 tantummodo
1959 1305 2016 1359 in
2048 1305 2381 1365 humilitate
2408 1328 2733 1382 persevera.
2766 1318 2908 1369 Pare
2939 1314 3185 1369 Domino
3204 1320 3397 1370 mente
3427 1330 3591 1385 pura,
3623 1314 3949 1383 domusque

538 1404 641 1455 tua
670 1417 736 1454 ac
765 1399 887 1452 nati
917 1398 1029 1468 (16)
1065 1422 1078 1463 ;
1110 1402 1165 1450 et
1194 1396 1253 1449 in
1286 1395 1580 1451 mandatis
1602 1394 1729 1463 ejus
1759 1392 2016 1459 ambula,
2047 1410 2174 1464 quae
2207 1399 2480 1471 prcecepit
2510 1402 2621 1472 (17)
2654 1402 2761 1456 tibi
2791 1418 2803 1455 :
2837 1407 2896 1457 et
2927 1401 3269 1474 paenitentia
3328 1402 3541 1473 poterit
3595 1416 3726 1457 esse
3794 1401 3951 1455 firma

539 1494 715 1561 atque
744 1505 910 1559 pura.
945 1491 1013 1540 Et
1041 1486 1088 1540 si
1120 1485 1241 1539 haec
1273 1482 1622 1540 custodieris
1654 1499 1786 1536 cum
1819 1482 1990 1537 domo
2016 1489 2139 1551 tua,
2163 1484 2536 1544 incommoda
2559 1507 2591 1544 a
2621 1495 2675 1546 te
2705 1492 2974 1547 recedent
3006 1510 3019 1548 :
3054 1492 3154 1547 sed
3188 1496 3243 1547 et
3276 1492 3347 1547 ab
3379 1491 3656 1547 omnibus
3704 1490 3953 1562 quicun-

541 1596 655 1651 que
677 1579 739 1633 in
769 1577 863 1632 his
895 1575 1189 1630 mandatis
1220 1572 1651 1629 ambulaverint
1681 1570 1874 1625 omnis
1906 1572 2126 1626 vexatio
2160 1576 2408 1633 recedet.

1938 1695 2361 1757 SIMILITUDO
2400 1702 2546 1759 VIII.

633 1791 964 1857 Electorum,
1006 1794 1058 1844 et
1080 1790 1457 1859 paenitentiam
1481 1792 1830 1860 peccatorum
1859 1784 2036 1837 multa
2064 1788 2426 1867 sunt-genera
2447 1810 2467 1867 ς
2495 1808 2682 1849 omne;
2725 1799 2939 1867 autem,
2967 1810 3074 1865 ρνο
3097 1796 3437 1867 paenitentia
3478 1802 3531 1851 ει
3583 1797 3868 1852 bonorum

1565 1872 1787 1928 operum
1814 1871 2039 1911 suorum
2083 1860 2266 1929 modo,
2299 1862 2574 1920 habebunt
2603 1866 2925 1923 mercedem.

1963 1982 2195 2037 CAPUT
2237 1980 2543 2036 PRIMUM.

614 2081 879 2137 Ostendit
900 2079 1045 2135 mihi
1077 2079 1315 2135 salicem
1347 2083 1639 2151 tegentem
1667 2096 1904 2151 campos
1932 2096 1997 2135 ac
2028 2079 2392 2147 montes,sub
2415 2080 2585 2151 cujus
2615 2081 2886 2136 umbram
2907 2084 3194 2136 venerunt
3224 2097 3429 2137 omnes
3458 2081 3558 2153 qui
3582 2081 3781 2137 vocati
3804 2093 3957 2137 erant

539 2171 598 2225 in
631 2169 864 2224 nomine
889 2167 1140 2223 Domini.
1176 2172 1239 2220 Et
1262 2169 1433 2237 juxta
1462 2166 1698 2222 salicem
1730 2168 1923 2222 stabat
1952 2168 2199 2223 nuntius
2221 2166 2453 2222 Domini
2483 2167 2648 2223 valde
2678 2168 2993 2242 praeclarus
3022 2173 3077 2224 et
3108 2168 3418 2236 sublimis;
3464 2175 3521 2225 et
3549 2170 3800 2225 secabat
3834 2188 3956 2225 cum

539 2258 681 2314 falce
707 2274 924 2330 magna
953 2257 1024 2311 ab
1060 2256 1162 2311 illa
1187 2255 1363 2311 salice
1386 2256 1497 2325 (18)
1528 2272 1722 2310 ramos
1759 2274 1770 2323 ;
1807 2260 1863 2311 et
1892 2256 2107 2328 populo
2139 2255 2223 2310 illi
2252 2256 2349 2325 qui
2377 2260 2501 2310 erat
2532 2256 2640 2312 sub
2673 2257 2881 2311 umbra
2912 2256 3111 2313 salicis
3142 2257 3321 2323 illius,
3382 2258 3622 2330 exiguas
3670 2263 3731 2313 et
3792 2260 3958 2330 quasi

539 2347 825 2404 cubitales
855 2346 1049 2419 virgas
1080 2345 1433 2418 porrigebat.
1470 2349 1786 2414 Postquam
1818 2350 2012 2400 autem
2047 2342 2407 2415 accepissent
2438 2345 2714 2415 universi,
2746 2344 3019 2416 deposuit
3054 2344 3255 2401 falcem
3286 2371 3300 2412 ;
3333 2350 3389 2402 et
3418 2348 3590 2401 arbor
3613 2345 3962 2419 illaintegra

538 2437 879 2509 permansit,
903 2438 1056 2491 sicut
1088 2440 1259 2489 antea
1286 2434 1547 2488 videram
1569 2450 1697 2488 eam
1734 2452 1745 2488 :
1781 2450 1955 2504 quam
1989 2450 2093 2506 ego
2127 2450 2249 2488 rem
2274 2432 2534 2488 mirabar
2562 2434 2695 2505 (19),
2719 2439 2895 2504 atque
2930 2434 3083 2489 intra
3113 2451 3207 2489 me
3262 2435 3635 2506 disputabam
3692 2436 3823 2506 (20)
3887 2437 3962 2490 Ai:

536 2527 608 2581 ad
642 2542 733 2581 me
762 2529 960 2597 pastor
990 2523 1087 2579 ille
1119 2540 1132 2577 :
1170 2522 1375 2578 Desine
1407 2522 1604 2576 mirari
1636 2523 1792 2592 quod
1818 2522 1989 2577 arbor
2010 2521 2110 2577 illa
2132 2526 2217 2576 tot
2236 2521 2346 2593 (21)
2374 2522 2553 2578 ramis
2575 2522 2831 2593 praecisis
2854 2524 3243 2594 permanserit
3286 2524 3510 2596 integra
3546 2542 3559 2591 ;
3600 2524 3703 2579 sed
3757 2540 3966 2596 exspe-

539 2620 850 2670 ctaznunc
871 2611 1375 2669 demonstrabitur
1395 2611 1498 2664 tibi
1521 2611 1675 2682 quod
1695 2610 1985 2682 signiﬁcet
2006 2610 2251 2683 angelus
2282 2609 2378 2665 ille
2401 2612 2498 2682 qui
2541 2610 2755 2683 populo
2810 2612 3065 2683 porrexit
3112 2613 3323 2685 virgas.
3378 2613 3444 2667 Et
3489 2629 3694 2668 rursus
3747 2629 3859 2669 eas
3898 2616 3959 2668 ab

542 2702 635 2758 bis
662 2703 998 2774 reposcebat
1030 2701 1143 2774 (22)
1178 2719 1191 2768 ;
1232 2704 1288 2755 et
1317 2716 1430 2771 quo
1464 2699 1714 2770 quisque
1743 2716 1842 2755 eas
1869 2704 2205 2771 perceperat
2234 2700 2455 2770 ordine,
2488 2701 2691 2756 eodem
2732 2701 2907 2756 etiam
2936 2702 3253 2758 vocabatur
3282 2703 3353 2757 ad
3385 2701 3573 2771 illum,
3632 2702 3958 2774 virgasque

538 2792 655 2864 (23)
687 2791 968 2846 reddebat
999 2807 1185 2861 ;quas
1201 2806 1335 2844 cum
1366 2794 1668 2860 acceperat
1697 2787 1816 2853 ille,
1843 2789 2268 2844 considerabat.
2292 2790 2338 2843 A
2370 2789 2725 2860 quibusdam
2747 2790 2904 2845 enim
2949 2790 3272 2863 accipiebat
3319 2791 3513 2846 aridas
3555 2795 3611 2846 et
3654 2792 3958 2863 putridas.

538 2881 701 2937 velut
730 2898 764 2936 a
793 2880 951 2935 tinea
981 2883 1201 2933 tactas:
1237 2882 1293 2932 et
1313 2877 1559 2947 jubebat
1587 2894 1684 2932 eos
1716 2877 1815 2948 qui
1846 2877 2189 2949 bujusmodi
2216 2877 2408 2950 virgas
2438 2878 2819 2948 tradiderant,
2853 2879 3147 2934 secerniet
3171 2896 3438 2935 seorsum
3468 2879 3801 2935 statui.Alii
3835 2898 3965 2951 por-

541 2970 811 3043 rigebant
840 2968 1036 3025 aridas
1068 2968 1326 3039 quidem,
1362 2967 1461 3022 sed
1496 2983 1609 3021 non
1640 2971 1825 3021 tactas
1848 2983 1881 3021 a
1911 2966 2068 3021 tinea
2099 2984 2112 3021 :
2138 2974 2191 3021 et
2220 2967 2327 3021 hos
2357 2984 2622 3023 seorsum
2673 2969 2851 3023 statui
2877 2968 3148 3038 jubebat.
3212 2966 3317 3023 Alii
3348 2967 3722 3040 porrigebant
3789 2970 3961 3025 semi-

548 3060 741 3116 aridas
770 3059 965 3131 virgas
998 3074 1011 3112 :
1043 3061 1101 3112 et
1130 3056 1189 3111 hi
1208 3072 1441 3128 quoque
1471 3072 1734 3110 seorsum
1766 3056 2189 3111 statuebantur.
2224 3056 2471 3119 Quidam
2494 3060 2689 3112 autem
2722 3057 2940 3112 dabant
2966 3057 3159 3129 virgas
3189 3074 3329 3113 suas
3349 3056 3690 3112 semiaridas
3719 3062 3790 3112 et
3823 3060 3961 3113 scis—

544 3166 714 3205 suras
747 3148 1062 3203 habentes:
1098 3150 1154 3201 et
1174 3144 1235 3199 hi
1262 3162 1526 3200 seorsum
1560 3144 1989 3199 statuebantur.
2021 3143 2132 3198 Alii
2161 3143 2354 3217 virgas
2385 3162 2523 3200 suas
2545 3145 2657 3217 (24)
2691 3145 3031 3213 afferebant,
3063 3161 3316 3217 quarum
3345 3145 3589 3201 dimidia
3610 3162 3757 3216 pars
3795 3148 3961 3201 arida

546 3242 687 3305 erat,
711 3236 953 3292 dimidia
982 3236 1095 3307 (25)
1124 3252 1257 3290 vero
1288 3234 1490 3289 viridis
1522 3252 1540 3287 :
1568 3239 1623 3289 et
1653 3233 1714 3287 hi
1745 3248 2014 3289 seorsum
2046 3234 2473 3288 statuebantur.
2505 3232 2617 3288 Alii
2646 3233 2839 3305 virgas
2889 3251 3025 3289 suas
3080 3234 3397 3290 afferebant
3430 3252 3443 3301 ;
3505 3250 3773 3306 quarum
3838 3238 3957 3291 dua:

546 3333 742 3400 partes
772 3325 967 3381 viridis
998 3328 1180 3391 erant,
1214 3324 1388 3379 tertia
1408 3340 1539 3379 vero
1571 3323 1735 3378 arida
1767 3340 1779 3378 :
1813 3327 1869 3377 et
1890 3321 1948 3376 hi
1980 3339 2245 3378 seorsum
2272 3324 2700 3378 statuebantur.
2734 3322 2848 3377 Alii
2871 3323 3066 3396 virgas
3097 3341 3235 3379 suas
3290 3324 3628 3390 aiferebant,
3687 3339 3958 3395 quarum

543 3420 671 3473 dum
704 3419 898 3488 partes
924 3418 1090 3470 erant
1119 3413 1316 3479 aridae,
1346 3413 1519 3468 tertia
1546 3429 1679 3467 vero
1709 3410 1910 3467 viridis
1936 3428 1947 3466 :
1982 3416 2038 3466 et
2058 3411 2119 3464 hi
2150 3427 2414 3467 seorsum
2446 3412 3130 3477 statuebantur.Quidam
3153 3413 3527 3485 porrigebant
3556 3412 3761 3484 virgas
3828 3431 3961 3469 suas

543 3505 850 3580 paululum
882 3504 992 3574 (26)
1024 3502 1217 3557 aridas
1247 3501 1716 3573 (exiguissimum
1734 3500 1888 3555 enim
1921 3500 2153 3555 aridum
2184 3504 2308 3556 erat
2335 3500 2395 3554 in
2424 3500 2603 3572 virgis
2629 3518 2850 3570 eorum,
2877 3501 2935 3555 id
2991 3506 3080 3557 est
3137 3501 3399 3573 ipsarum
3457 3517 3747 3556 cacumen
3810 3504 3966 3574 [27:],

543 3597 833 3654 scissuras
862 3608 994 3647 vero
1026 3591 1320 3647 habebant
1351 3609 1363 3645 :
1397 3595 1454 3646 et
1487 3590 1542 3644 bi
1573 3606 1837 3645 seorsum
1858 3588 2284 3644 statuebantur.
2316 3587 2578 3643 Aliorum
2611 3594 2805 3644 autem
2844 3590 2901 3643 in
2922 3590 3104 3662 virgis
3134 3589 3411 3662 exiguum
3444 3596 3567 3645 erat
3595 3590 3964 3655 viride.reli-

544 3698 894 3757 quum-vero
926 3680 1156 3735 aridum
1185 3697 1196 3732 :
1233 3684 1289 3734 et
1316 3679 1376 3733 hi
1410 3695 1671 3734 seorsum
1706 3678 2133 3733 statuebantur.
2166 3676 2280 3732 Alii
2339 3678 2648 3733 veniebant
2706 3678 3009 3733 afferentes
3035 3678 3230 3751 virgas
3262 3695 3399 3735 suae
3431 3679 3580 3734 sicut
3610 3687 3968 3752 acceperant

543 3774 779 3837 virides,
815 3770 1185 3841 maximaque
1220 3785 1352 3839 pars
1377 3767 1575 3839 populi
1607 3766 1946 3835 bujusmodi
1966 3767 2158 3838 virgas
2181 3766 2546 3839 porrigebat;
2570 3772 2628 3822 et
2658 3783 2938 3838 magnum
2960 3784 3028 3823 ex
3053 3767 3147 3823 his
3178 3766 3529 3823 nuntiusille
3560 3768 3867 3839 gaudium
3889 3787 3969 3825 ωε

546 3867 667 3938 pit:
701 3867 757 3917 et
786 3860 843 3916 hi
876 3875 1142 3915 seorsum
1167 3857 1590 3912 statuebantur.
1622 3855 1734 3910 Alii
1765 3855 2079 3911 afferebant
2103 3857 2294 3928 virgas
2315 3872 2453 3911 suas
2481 3855 2694 3911 virides
2727 3861 2785 3911 et
2818 3857 3126 3929 pampinos
3157 3856 3437 3912 habentes
3469 3873 3482 3910 :
3517 3860 3573 3911 et
3596 3856 3657 3911 hi
3686 3874 3965 3915 seorsum

548 3952 959 4011 statuebantur
991 3974 1004 4016 ;
1039 3953 1095 4003 et
1124 3947 1231 4001 hos
1260 3962 1493 4017 quoque
1521 3944 1763 4000 nuntius
1794 3944 1891 3999 ille
1922 3961 2135 4017 magna
2164 3960 2296 3999 cum
2328 3943 2620 4000 hilaritate
2649 3945 2968 4017 excipiebat
3026 3945 3162 4017 (28).
3214 3944 3327 4000 Alii
3388 3944 3710 4000 afferebant
3777 3949 3966 4021 virgas

549 4059 688 4100 suas
726 4039 959 4103 virides,
991 4052 1060 4091 ex
1094 4035 1307 4107 quibus
1338 4039 1711 4090 excreverant
1741 4034 2218 4105 pampiniearum
2252 4033 2363 4105 (29)
2396 4052 2409 4102 ;
2444 4032 2544 4104 qui
2575 4033 2839 4105 pampini
2870 4034 3148 4105 quosdam
3185 4034 3409 4089 fructus
3453 4033 3807 4090 efferebant.
3870 4040 3965 4102 Qui

553 4127 889 4202 bujusmodi
934 4126 1045 4197 (30)
1093 4124 1287 4196 virgas
1337 4123 1710 4196 porrigebant
1756 4122 1920 4178 valde
1970 4122 2186 4178 hilares
2244 4128 2412 4178 erant
2463 4121 2660 4183 vultu;
2713 4122 2812 4178 sed
2877 4127 2934 4179 et
2983 4124 3228 4179 nuntius
3278 4122 3405 4195 ipse
3455 4122 3691 4194 quidem
3754 4142 3831 4181 ex
3894 4128 3969 4182 eis

1729 4246 1968 4301 VARIZE
2009 4247 2397 4303 LECTIONES
2438 4248 2526 4302 ET
2566 4247 2780 4302 NOT/E

625 4351 698 4421 (9)
730 4350 869 4421 Mss.
900 4347 1071 4421 Angl.
1105 4350 1387 4421 cruciare.
1503 4419 1511 4421 _
1772 4416 1783 4421 _
1849 4416 1857 4421 _
2037 4416 2071 4421 _
2136 4417 2173 4421 __
2382 4344 2492 4421 (ἓξ)
2524 4345 2609 4421 [ζει
2638 4343 2831 4421 Fellus
2856 4360 3111 4421 ρι’-φῇς.
3143 4345 3339 4412 Editi.,
3371 4350 3506 4421 tota.

624 4415 735 4493 (10)
769 4420 861 4476 Sic
896 4415 1085 4474 Fellus
1116 4420 1349 4493 iLamb.
1410 4419 1600 4493 animo
1654 4432 1712 4493 se
1764 4416 1985 4471 habere.
2036 4416 2196 4493 Bodl.
2384 4415 2498 4493 (22)
2526 4417 2614 4471 Sio
2645 4416 2821 4471 editio
2853 4415 2991 4472 Felli
3022 4416 3201 4473 Oxon.
3230 4435 3297 4474 ex
3325 4417 3521 4472 Lamb.
3552 4416 3641 4471 ΑΙ.
3694 4420 3835 4474 illi:
3894 4438 3969 4475 re

550 4488 797 4551 animose
861 4508 1069 4561 gerere.
1102 4492 1292 4545 Carm.
1326 4494 1383 4544 et
1410 4488 1558 4543 Vict.
1593 4490 1849 4543 animam
1879 4504 2055 4555 agere.
2085 4488 2194 4561 7A1.
2306 4491 2498 4561 poscit.
2530 4558 2553 4561 _
2671 4558 2685 4561 Α
2774 4559 2784 4561 _
3499 4546 3503 4550 _

550 4570 797 4622 animose
852 4558 1041 4630 agere.
1100 4562 1386 4616 Exhibent
1436 4576 1663 4631 quoque
1697 4561 1966 4632 animose
2032 4560 2194 4615 editt.
2310 4558 2313 4559 ⁷
2383 4559 2498 4632 (23)
2530 4558 2733 4632 Lamb.
2764 4559 2883 4614 ista
2911 4575 3030 4630 quae
3056 4572 3335 4632 acceperat
3363 4564 3579 4630 ordine,
3611 4562 3819 4619 eodem
3882 4580 3965 4619 ro-

550 4639 700 4695 Cler.
736 4641 792 4691 et
824 4628 1052 4689 Russel.
1089 4634 1285 4688 minus
1312 4628 1483 4701 recte,
1519 4628 1588 4685 ut
1612 4630 1845 4701 quidem
1877 4630 2123 4685 videtur.
2312 4628 2544 4685 cabatur
2572 4628 2849 4702 adilium,
2882 4628 3221 4702 virgamque.

656 4710 739 4778 11)
772 4705 860 4760 Al.
896 4707 1198 4776 sa’piusque
1233 4722 1331 4775 pro
1363 4700 1670 4775 variasque.
2356 4702 2493 4778 _(24)
2526 4700 2765 4770 Conjicit
2785 4701 2857 4756 cl.
2894 4700 3158 4778 Wahius,
3193 4710 3339 4778 ante
3391 4706 3505 4762 ista
3559 4706 3745 4761 verba
3780 4723 3800 4757 :
3864 4708 3972 4762 Atti

648 4774 737 4846 12)
772 4774 980 4832 Lamb.
1005 4774 1130 4846 qua:
1160 4774 1485 4831 inatituerit.
1566 4774 1569 4775 ⁷
1649 4846 1658 4848 Α
1859 4846 1866 4848 _
2008 4846 2017 4848 _
2308 4774 2500 4848 virgas
2525 4777 2844 4848 sa_as,_etc.,
2876 4774 3162 4848 excidisse
3193 4774 3428 4848 librario
3459 4778 3775 4848 sequentia
3810 4796 3832 4832 :
3866 4782 3967 4833 Ali;

652 4852 736 4915 13)
765 4849 961 4903 Lamb.
995 4845 1092 4918 qui
1111 4850 1315 4903 creavit
1337 4849 1524 4901 omnia
1553 4854 1601 4900 et
1626 4846 1887 4915 formavit
1913 4846 2195 4899 universa.
2308 4845 2491 4918 uirgas
2520 4845 2835 4918 efferebant,
2866 4845 3068 4900 virides
3096 4846 3335 4918 quidem,
3385 4850 3478 4904 sed
3534 4845 3823 4907 scissum
3876 4851 3967 4903 ha-

622 4915 735 4995 (14)
765 4920 913 4974 Edit.
944 4915 1125 4975 Oxon.
1158 4929 1207 4974 et
1238 4919 1381 4989 quod
1420 4918 1650 4971 multam
1716 4918 2057 4970 vexationem
2095 4933 2197 4986 pa-
2310 4915 2512 4995 benies.
2543 4915 2669 4969 Haec
2700 4916 2856 4995 enim
2878 4915 3177 4995 _memorat
3204 4922 3448 4976 Hermas
3480 4922 3540 4976 in
3574 4921 3679 4976 hac
3718 4921 3864 4992 ipsa
3885 4922 3969 4975 Si-

551 4986 955 5052 tia‘ris'necesse
984 4994 1078 5045 est.
1245 4986 1259 4989 ’
2309 4986 2504 5051 milit.,
2528 5002 2693 5056 capp.
2726 4987 2761 5038 5
2792 4991 2849 5040 et
2878 4988 2932 5041 7.

620 5066 733 5135 (15)
762 5065 900 5119 Mss.
936 5066 1105 5135 Angl.
1140 5061 1279 5132 quod
1309 5062 1539 5135 dignum
1566 5067 1614 5114 te
1644 5057 1869 5135 liabait,_
1889 5073 2013 5111 cum
2033 5072 2195 5135 Δρνθεα
2516 5058 2717 5135 _L_amb.
2747 5059 2863 5135 alia
2886 5058 3288 5135 vero_dim_idia.

550 5128 754 5194 diceret
783 5128 1186 5190 incommodum
1206 5134 1313 5187 tibi
1341 5134 1550 5187 instare
1579 5131 1782 5185 valenti
1813 5129 1869 5184 id
1898 5130 2197 5196 sustinere,
2379 5129 2493 5271 (26)
2516 5129 2655 5183 Mss.
2690 5128 2861 5201 Angl.
2892 5130 3058 5201 paulo
3084 5132 3282 5187 minus.
3314 5134 3409 5187 Sic
3447 5139 3505 5189 et
3558 5133 3742 5189 editio
3780 5134 3967 5189 Oxon.

554 5211 820 5271 praescius
848 5208 1041 5271 tutari.
2400 5202 2488 5270 27)
2513 5201 2603 5254 Sic
2635 5198 2845 5255 Fellus.
2883 5200 2972 5255 ΑΙ.
3008 5204 3189 5271 ipsum
3209 5220 3491 5260 cacumen.
3544 5207 3627 5260 Ita
3674 5210 3739 5260 et
3800 5207 3967 5261 Bodl.

553 5211 820 5282 praesciiis
847 5208 1041 5282 [ut_uri_.
1207 5281 1211 5282 ί
1479 5276 1487 5282 Α
2307 5275 2353 5282 __
2379 5198 2488 5271 (27)
2513 5201 2603 5281 Sic
2635 5198 2845 5282 Fellu's.
3008 5204 3189 5272 ipsum
3209 5220 3491 5282 cqcamen.
3544 5207 3627 5282 Ita
3664 5210 3739 5282 _et
3800 5207 3967 5282 Bodl.

624 5282 735 5350 (16)
779 5272 979 5333 Lamb.
1008 5278 1241 5350 desunt,
1274 5292 1339 5329 ac
1365 5276 1505 5350 nali.
1678 5346 1686 5350 _
1869 5344 1878 5350 _
1943 5344 1954 5350 _
2305 5272 2707 5350 _Ilermasjpse
2736 5272 2846 5350 sub
2882 5272 3010 5327 init.
3040 5291 3165 5350 cap.
3214 5276 3279 5328 1O
3309 5276 3513 5350 hujus
3544 5276 3785 5344 similit,
3850 5279 3965 5333 hac

622 5342 736 5423 (17)
760 5354 897 5423 Mss.
929 5348 1191 5423 Anglain
1228 5347 1508 5423 mandatis
1578 5346 1712 5399 meis
1766 5344 2012 5410 ambula,
2073 5358 2200 5414 qua?
2305 5342 2518 5423 habet:
2551 5343 2807 5423 Exceptis
2836 5342 3221 5423 cacuminibus
3242 5342 3802 5423 earuriaSicArursus
3836 5366 3965 5420 cap.

552 5414 810 5494 praecepi.
844 5421 937 5494 Sic
968 5414 1188 5474 etvedit.
1212 5419 1411 5494 Oxon.
1582 5490 1617 5494 __
2311 5414 2569 5494 113AI1in_c
2602 5414 3177 5494 confirmatur-lectio
3203 5434 3375 5485 quam
3410 5420 3741 5493 sequimur.

619 5486 962 5566 (18)'L_amb.
989 5508 1115 5566 cum
1142 5492 1283 5561 falce
1313 5491 1377 5545 dc
1403 5506 1471 5566 ea
1510 5490 1695 5566 salice.
1816 5557 1854 5566 ﬂ
2059 5557 2097 5566 ﬂ
2518 5486 2723 5566 ,ἓίὶῐέᾌδ-
2748 5502 2960 5558 magna
2990 5486 3579 5566 Ιιίιανιίαιεραρίεδὶιτ-

623 5555 734 5633 (19)
759 5563 898 5617 Mss.
933 5563 1099 5633 Angl.
1126 5555 1229 5634 quo
1258 5563 1480 5616 nomine
1505 5560 1778 5614 mirabar.
1816 5556 1998 5613 Editio
2058 5555 2195 5612 Felli
2375 5555 2489 5634 (29)
2510 5558 2681 5634 _Bodl_.
2705 5555 3013 5634 earumque
3038 5564 3316 5632 pampini.

550 5628 729 5691 Oxon.
764 5636 848 5708 Ea:
875 5650 977 5708 quo
998 5628 1159 5708 opere
1188 5635 1495 5708 mirabar._
1534 5701 1569 5708 __
2349 5630 2486 5708 _(30)
2510 5629 2730 5708 Lamb._
2770 5628 3053 5708 quemdam
3105 5628 3347 5705 fractum
3403 5635 3711 5708 aﬂ‘erebant
3764 5650 3967 5692 eorum

620 5707 733 5779 (20)
764 5705 850 5761 Αι.
878 5701 1210 5775 cogitabam.
1244 5705 1337 5759 Sic
1367 5709 1422 5759 et
1456 5701 1669 5759 Fellus.
2303 5703 2549 5758 virorum
2576 5703 2673 5776 qui
2709 5701 3041 5775 huiusmodi.
