4036 6356
183 396 301 454 973
1251 395 1581 456 PASTOR.
1618 427 1693 439 —
1722 394 1871 453 LIB.
1922 396 2028 455 III.
2077 395 2314 456 SIMIL.
2359 396 2521 455 VIII.
3465 404 3586 462 974

181 542 459 600 magnam
488 525 749 583 laetitiam
780 526 1173 599 percipiebat;
1208 544 1313 584 nec
1342 528 1541 584 minus
1573 531 1772 599 pastor
1820 525 1916 582 ille
1946 543 2077 581 cum
2110 544 2175 582 eo
2218 528 2325 599 (31)
2358 546 2424 584 ex
2454 529 2656 584 eadem
2689 546 2868 585 causa
2898 529 3257 588 hilaritatem
3291 532 3575 605 capiebat.

1710 642 1940 698 CAPUT
1979 642 2047 697 ll.

253 741 418 797 Tunc
448 740 693 796 nuntius
726 740 954 796 Domini
986 757 1229 796 coronas
1253 741 1436 812 jussit
1466 741 1676 797 afferri.
1713 739 1915 795 Allata;
1945 745 2083 794 sunt
2112 746 2308 796 autem
2357 758 2581 797 coronae
2632 742 2785 798 velut
2823 762 2890 799 ex
2920 744 3137 816 palmis
3168 747 3332 803 factae
3359 766 3372 815 ;
3406 754 3462 804 et
3488 766 3582 805 co-

181 829 411 885 ronavit
440 846 537 885 eos
567 830 722 884 viros
753 828 1018 896 nuntius,
1050 830 1107 883 in
1142 846 1391 900 quorum
1423 830 1600 901 virgis
1651 828 1961 899 pampinos
2003 829 2303 883 invenerat
2348 834 2404 885 et
2450 832 2703 885 fructum
2736 833 2887 901 (32);
2928 838 2984 887 et
3018 834 3202 904 jussit
3250 852 3349 892 eos
3389 836 3472 893 ire
3519 838 3578 894 in

180 918 417 973 turrim.
451 918 560 972 Sed
594 922 649 973 et
677 917 808 972 illos
836 917 990 972 viros
1022 918 1183 972 misit
1212 917 1268 972 in
1302 918 1533 983 turrim,
1568 919 1628 971 in
1661 933 1911 987 quorum
1960 916 2137 987 virgis
2186 918 2312 972 sine
2342 919 2536 973 fructu
2576 921 2687 989 (33)
2736 921 3035 976 invenerat
3066 925 3395 994 pampinos,
3447 927 3580 983 dato

181 1008 271 1062 eis
297 1006 512 1079 sigillo.
544 1006 688 1061 Nam
719 1011 940 1061 vestem
973 1007 1236 1061 eamdem
1266 1007 1574 1072 habebant,
1610 1006 1666 1060 id
1701 1011 1787 1060 est
1816 1005 2123 1060 candidam
2154 1006 2306 1060 sicut
2336 1007 2525 1061 nivem
2552 1025 2563 1074 ;
2598 1025 2729 1062 cum
2764 1026 2880 1079 qua
2900 1011 3147 1080 jubebat
3176 1012 3334 1083 ipsos
3354 1013 3438 1069 ire
3468 1016 3580 1087 (34)

182 1096 244 1150 in
276 1095 507 1151 turrim.
536 1096 650 1151 Nec
686 1094 882 1150 minus
911 1100 967 1149 et
998 1111 1094 1149 eos
1126 1096 1225 1166 qui
1260 1095 1631 1150 reddiderant
1658 1095 1852 1166 virgas
1882 1111 2041 1164 suas,
2075 1095 2244 1149 sicuti
2278 1101 2619 1167 acceperant
2662 1097 2893 1165 virides,
2950 1100 3082 1153 data
3126 1100 3209 1155 eis
3256 1106 3413 1157 veste
3442 1120 3579 1165 can-

180 1184 359 1251 dida;
395 1190 451 1240 et
483 1186 567 1240 sic
597 1201 693 1239 eos
726 1183 952 1239 dimisit
980 1185 1063 1238 ire
1094 1184 1205 1255 (35)
1236 1184 1295 1238 in
1329 1185 1556 1238 turrim.
1591 1184 1693 1239 His
1726 1184 2172 1246 consummatis,
2206 1183 2284 1238 ait
2314 1185 2383 1238 ad
2426 1189 2719 1255 pastorem
2752 1186 2919 1241 illum
2946 1203 2959 1242 :
2996 1188 3110 1260 Ego
3140 1190 3318 1258 vado;
3351 1196 3415 1246 tu
3446 1208 3580 1248 vero

180 1274 414 1330 dimitte
444 1274 550 1329 hos
580 1274 733 1328 intra
764 1290 986 1340 muros,
1016 1273 1074 1327 in
1108 1291 1172 1328 eo
1204 1273 1327 1328 loco
1359 1290 1473 1345 quo
1505 1273 1755 1345 quisque
1790 1272 1996 1327 metuit
2025 1272 2311 1343 habitare,
2348 1274 2731 1329 consideratis
2776 1276 2941 1347 prius
2990 1277 3167 1350 virgis
3215 1294 3415 1336 eorum
3456 1281 3586 1336 dili-

179 1368 421 1436 genter:
454 1368 669 1433 tamen,
702 1379 773 1418 ne
803 1363 935 1433 quis
966 1367 1021 1416 te
1051 1362 1235 1427 fallat,
1266 1363 1588 1417 considera.
1621 1363 1727 1417 Sed
1764 1368 1820 1416 et
1870 1362 1917 1417 si
1955 1362 2087 1433 quis
2118 1367 2172 1416 te
2205 1363 2561 1433 praeterierit,
2612 1364 2825 1434 inquit,
2885 1381 2990 1436 ego
3048 1383 3145 1421 eos
3197 1384 3374 1438 super
3418 1387 3581 1426 aram

178 1453 461 1524 probabo.
497 1452 597 1507 His
629 1452 698 1507 ad
755 1462 1043 1523 pastorem
1080 1451 1272 1519 dictis,
1308 1451 1562 1506 recessit.
1618 1452 1935 1521 Postquam
1970 1450 2063 1505 ille
2093 1451 2465 1517 discesserat,
2498 1453 2577 1506 ait
2626 1453 2768 1506 mihi
2829 1461 3061 1524 pastor:
3103 1457 3468 1529 Accipiamus
3510 1460 3581 1515 ab

182 1540 461 1595 omnibus
492 1541 716 1613 virgas;
745 1544 800 1595 et
830 1540 1163 1610 plantemus
1193 1538 1342 1605 illas,
1376 1540 1423 1593 si
1469 1540 1695 1611 possint
1736 1540 2089 1594 revirescere
2112 1540 2243 1610 (36).
2279 1541 2412 1595 Dico
2445 1540 2495 1594 ei
2524 1558 2535 1593 :
2594 1541 2848 1608 Domine,
2896 1543 3021 1598 istae
3065 1560 3190 1615 quae
3238 1551 3379 1601 sunt
3410 1549 3583 1603 aridas

181 1629 381 1701 virgae,
418 1646 530 1700 quo
562 1629 732 1683 modo
763 1634 1010 1699 possunt
1040 1628 1382 1683 revirescere
1400 1630 1426 1681 ‘?
1455 1630 1567 1699 (37)
1593 1629 1687 1683 Ait
1718 1629 1861 1682 mihi
1889 1646 1900 1683 :
1936 1630 2121 1683 Arbor
2154 1630 2265 1685 ista
2288 1630 2432 1684 salix
2455 1635 2560 1691 est,
2596 1638 2653 1685 et
2674 1648 2905 1703 semper
2928 1637 3087 1687 amat
3106 1633 3303 1689 vitam.
3330 1635 3389 1691 Si
3420 1636 3585 1707 plan-

184 1722 323 1774 tatae
350 1734 485 1789 ergo
508 1717 723 1773 fuerint
753 1716 838 1770 hae
875 1718 1075 1788 virgea,
1122 1717 1515 1789 exiguumque
1542 1716 1808 1772 humoris
1860 1718 2186 1787 acceperint
2215 1718 2346 1789 (38),
2380 1718 2649 1789 plurimae
2678 1735 2747 1773 ex
2801 1720 2885 1775 eis
2909 1721 3278 1778 revirescent.
3326 1724 3583 1781 Tentabo

182 1807 363 1875 enim,
399 1811 455 1862 et
485 1805 813 1861 suffundam
843 1805 957 1875 (39)
987 1805 1069 1860 eis
1101 1822 1314 1877 aquam
1343 1822 1354 1860 :
1390 1811 1446 1861 et
1477 1806 1525 1860 si
1562 1823 1677 1877 qua
1702 1823 1902 1861 earum
1954 1806 2206 1877 potuerit
2234 1807 2441 1874 vivere,
2476 1807 2815 1879 gratulabor
2846 1809 2896 1864 ei
2922 1836 2935 1875 ;
2978 1811 3130 1881 quod
3185 1812 3234 1866 si
3266 1829 3400 1883 non,
3434 1818 3585 1870 certe

181 1913 304 1952 non
334 1894 575 1951 videbor
604 1910 709 1966 ego
742 1892 1041 1965 negligens
1072 1895 1273 1950 fuisse.
1314 1895 1501 1950 Jussit
1526 1896 1736 1951 deinde
1768 1912 1860 1951 me
1889 1912 2092 1951 vocare
2116 1913 2233 1951 eos.
2264 1897 2331 1951 Et
2362 1896 2513 1951 sicut
2544 1902 2831 1953 steterunt
2878 1899 3125 1971 quisque
3155 1917 3378 1969 eorum,
3410 1919 3584 1959 vene-

182 1989 327 2040 runt
356 1983 557 2040 ordine
578 1999 706 2050 suo,
739 1984 1049 2053 virgasque
1078 2000 1217 2038 suas
1260 1984 1661 2039 tradiderunt:
1704 2001 1852 2055 quas
1903 1989 2168 2055 acceptas
2202 1985 2298 2039 ille
2347 1985 2613 2057 singulas
2646 1986 2930 2057 plantavit
2985 1988 3291 2045 ordinibus
3336 1991 3481 2046 suis.
3515 1993 3584 2047 Et

181 2079 502 2147 postquam
534 2072 853 2144 plantasset
883 2089 1107 2136 omnes,
1131 2089 1343 2143 aquam
1376 2073 1625 2128 multam
1657 2074 2041 2144 supereli'udit
2074 2075 2185 2145 (40)
2215 2074 2371 2139 illis;
2404 2074 2485 2129 ita
2511 2079 2573 2128 ut
2601 2079 2938 2146 tegerentur
2967 2076 3039 2130 ab
3080 2094 3254 2147 aqua,
3287 2094 3477 2150 neque
3509 2082 3582 2135 ab

180 2180 252 2218 ea
282 2165 593 2218 exstarent.
626 2160 842 2214 Deinde
872 2176 1005 2215 curn
1036 2160 1338 2231 irrigasset
1369 2160 1521 2229 illas,
1556 2161 1637 2215 ait
1668 2161 1846 2216 mihi:
1894 2162 2140 2227 Eamus;
2177 2166 2233 2216 et
2262 2169 2392 2233 post
2439 2179 2654 2233 paucos
2704 2164 2827 2218 dies
2876 2170 3253 2233 revertamur,
3283 2172 3339 2222 et
3385 2167 3581 2223 visite-

182 2269 323 2307 mus
354 2267 473 2307 eas.
497 2251 602 2314 Qui
632 2250 845 2304 creavit
872 2249 1027 2303 enim
1059 2249 1209 2304 hanc
1240 2250 1528 2317 arborem,
1561 2251 1751 2305 vivere
1782 2249 1906 2304 vult
1937 2252 2047 2321 (41)
2079 2268 2283 2305 omnes
2313 2268 2433 2316 eos,
2466 2252 2564 2322 qui
2598 2269 2664 2306 ex
2712 2268 2779 2307 ea
2826 2259 3174 2324 acceperunt
3220 2255 3432 2327 virgas.
3464 2256 3582 2328 Ego

181 2346 383 2397 autem
414 2356 604 2412 spero,
636 2354 769 2393 cum
800 2339 919 2394 sint
947 2355 1101 2410 aqua
1132 2338 1515 2410 superinfusaa
1545 2338 1631 2393 hae
1661 2340 1773 2411 (42)
1804 2339 1997 2410 virgae,
2032 2339 2315 2412 plurimas
2345 2340 2603 2396 victuras
2634 2341 2879 2397 humore
2910 2346 3073 2413 capto
3104 2344 3235 2413 (43).

1707 2472 1937 2528 CAPUT
1972 2473 2067 2528 III.

252 2589 393 2645 Dico
426 2589 476 2644 ei
510 2606 523 2644 :
554 2589 743 2644 Arbor
769 2588 910 2659 haec,
943 2588 1207 2659 Domine,
1260 2590 1596 2645 demonstra
1646 2588 1811 2654 mihi,
1855 2588 1995 2660 quid
2029 2588 2141 2643 sit:
2192 2588 2357 2643 valde
2406 2589 2561 2643 enim
2595 2606 2845 2658 moveor,
2895 2592 3048 2661 quod
3084 2595 3167 2646 tot
3209 2591 3390 2647 ramis
3438 2591 3582 2647 reci-

182 2679 273 2734 sis
322 2680 433 2750 (44)
486 2678 711 2749 integra
759 2678 1027 2733 videatur
1073 2695 1238 2745 esse;
1297 2694 1402 2733 nec
1432 2678 1669 2733 omnino
1720 2678 2041 2749 quidquam
2078 2678 2147 2732 de
2181 2695 2248 2732 ea
2280 2679 2474 2732 minus
2522 2678 2750 2733 videtur
2795 2696 2959 2745 esse;
3011 2696 3126 2751 quo
3170 2680 3422 2735 maxime
3469 2680 3583 2751 (45)

179 2773 413 2839 stupeo.
446 2767 617 2833 Audi,
666 2767 894 2837 inquit:
944 2767 1135 2822 Arbor
1164 2768 1286 2823 haec
1336 2784 1549 2839 magna
1587 2784 1717 2839 qua:
1760 2784 1999 2837 campos
2051 2766 2195 2838 tegit
2226 2784 2291 2821 ac
2340 2772 2566 2822 montes
2616 2773 2914 2839 totamque
2960 2772 3194 2835 terram,
3246 2768 3336 2824 lex
3366 2773 3456 2823 est
3482 2769 3583 2824 Dei

173 2856 243 2911 in
282 2860 471 2911 totum
529 2856 727 2911 orbem
782 2861 1071 2911 terrarum
1126 2857 1279 2911 data.
1342 2856 1458 2911 Hac
1506 2860 1704 2911 autem
1738 2855 1861 2927 lege
1892 2855 2073 2909 Filius
2107 2855 2203 2910 Dei
2236 2855 2587 2926 praedicatus
2616 2858 2729 2925 (46)
2783 2861 2873 2911 est
2918 2856 2976 2909 in
3037 2857 3313 2912 omnibus
3366 2856 3587 2912 ﬁnibus

180 2945 346 3000 orbis
376 2944 768 3016 terrapopuli
802 2962 933 2999 vero
966 2949 1186 3000 stantes
1220 2945 1327 2999 sub
1360 2945 1589 3011 umbra,
1624 2945 1660 2998 ii
1693 2949 1831 2999 sunt
1859 2944 1958 3016 qui
1991 2943 2302 2998 audierunt
2319 2944 2756 3015 praedicationes
2787 2947 2998 3013 ejus,et
3021 2945 3410 3000 crediderunt.
3434 2946 3589 3000 Nun-

184 3033 312 3089 tius
342 3038 535 3088 autem
562 3032 659 3087 ille
692 3032 1039 3105 magnificus
1067 3038 1123 3088 et
1150 3035 1340 3089 bonus
1370 3034 1483 3104 (47)
1512 3032 1758 3088 Michael
1789 3038 1896 3099 est,
1928 3033 2027 3103 qui
2061 3032 2258 3103 populi
2292 3032 2471 3102 hujus
2494 3033 2668 3087 habet
2698 3038 3042 3104 potestatem
3074 3038 3130 3087 et
3148 3034 3434 3105 gubernat
3460 3050 3581 3089 eos.

179 3122 291 3177 Hic
321 3122 474 3176 enim
506 3122 565 3176 in
595 3121 764 3175 corde
786 3137 988 3175 eorum
1015 3121 1112 3191 qui
1142 3121 1536 3187 crediderunt,
1572 3120 1778 3175 inserit
1808 3119 2027 3192 legem.
2055 3121 2167 3190 (48)
2216 3120 2427 3175 Visitat
2471 3121 2649 3187 igitur
2694 3139 2811 3190 eos,
2855 3121 3069 3192 quibus
3101 3120 3258 3175 dedit
3287 3119 3495 3192 legem,
3530 3120 3580 3175 si

178 3228 317 3267 eam
349 3210 959 3266 custodierunt.Videt
988 3214 1180 3265 autem
1215 3210 1679 3281 uniuscujusque
1706 3210 1950 3281 virgam,
1982 3215 2038 3264 et
2068 3226 2135 3264 ex
2157 3209 2239 3264 eis
2272 3209 2487 3264 multas
2518 3209 2847 3265 labefactas.
2883 3208 2997 3263 Illas
3041 3209 3197 3264 enim
3244 3208 3437 3280 virga),
3472 3213 3579 3263 Do-

178 3300 332 3357 mini
361 3300 453 3355 lex
482 3304 641 3355 sunt.
677 3299 982 3371 Cognoscit
1015 3305 1207 3354 autem
1229 3300 1342 3369 (49)
1375 3300 1584 3353 deinde
1616 3315 1820 3353 omnes
1852 3315 1976 3361 eos,
1999 3298 2098 3369 qui
2132 3315 2247 3352 non
2277 3302 2648 3353 servaverunt
2679 3299 2861 3369 legem
2888 3324 2900 3364 ;
2932 3298 3122 3353 sciens
3152 3298 3349 3353 sedem
3382 3297 3586 3352 unius-

178 3391 473 3462 cujusque
495 3406 717 3444 eorum.
751 3389 886 3443 Dico
906 3388 994 3444 ei:
1030 3389 1235 3459 Quare,
1270 3389 1534 3460 inquam,
1580 3389 1839 3455 Domine,
1875 3388 2019 3455 alios
2068 3387 2295 3442 dimisit
2342 3386 2399 3441 in
2450 3387 2682 3454 turrim,
2723 3386 2866 3442 alios
2917 3387 3021 3441 tibi
3054 3387 3147 3441 hic
3179 3385 3455 3457 reliquit?
3484 3385 3577 3455 Hi,

175 3478 398 3550 inquit,
430 3479 767 3550 quicunque
789 3477 1153 3549 supergressi
1185 3482 1322 3531 sunt
1350 3477 1536 3548 legem
1562 3494 1735 3546 quam
1770 3478 1841 3531 ab
1870 3493 1935 3531 eo
1968 3480 2336 3546 acceperunt,
2370 3475 2428 3529 in
2462 3492 2591 3529 mea
2633 3475 2817 3530 relicti
2861 3480 3000 3529 sunt
3029 3479 3349 3546 potestate;
3387 3478 3451 3529 ut
3482 3475 3584 3529 ad-

174 3566 499 3622 missorum
530 3567 641 3638 (50)
673 3583 915 3621 suorum
946 3571 1123 3637 agant
1153 3566 1554 3637 paenitentiam
1582 3583 1594 3633 ;
1631 3566 1731 3636 qui
1763 3569 1959 3620 autem
2006 3564 2414 3619 satisfecerunt
2442 3562 2553 3635 legi
2593 3567 2650 3617 et
2694 3567 3067 3618 servaverunt
3095 3580 3244 3629 eam,
3280 3562 3390 3618 sub
3421 3561 3584 3617 illius

169 3660 465 3728 potestate
496 3661 657 3710 sunt.
691 3655 797 3721 Qui
829 3659 967 3710 sunt
984 3671 1143 3727 ergo,
1175 3654 1439 3722 Domine,
1474 3654 1739 3725 inquam,
1770 3655 1828 3709 in
1854 3655 2064 3709 turrim
2094 3658 2296 3708 euntes
2327 3652 2625 3708 coronati?
2654 3653 2748 3707 Ait
2787 3652 2930 3707 mihi
2957 3671 2970 3707 :
3004 3653 3351 3723 Quicunque
3380 3651 3583 3707 luctati

174 3761 318 3799 cum
351 3743 578 3799 diabolo
608 3744 872 3799 vicerunt
900 3760 1057 3814 eum,
1078 3742 1160 3797 illi
1192 3744 1643 3813 suntcoronati.
1679 3742 1763 3797 Illi
1800 3749 1994 3798 autem
2027 3747 2183 3808 sunt,
2218 3741 2316 3812 qui
2350 3746 2414 3795 ut
2445 3747 2741 3796 servarent
2768 3742 2977 3814 legem,
3008 3743 3268 3814 perpessi
3302 3744 3441 3796 sunt
3468 3740 3585 3794 ini-

171 3850 301 3904 qua
330 3832 465 3904 (51).
500 3832 587 3887 Illi
616 3848 772 3897 vero,
804 3832 905 3904 qui
935 3832 1150 3887 virides
1178 3833 1373 3903 virgas
1406 3831 1835 3903 pampinosque
1867 3832 1993 3887 sine
2048 3832 2239 3885 fructu
2284 3830 2565 3885 habentes
2611 3830 2998 3898 tradiderunt,
3055 3833 3293 3901 propter
3320 3829 3585 3885 eamdem

177 3922 425 3993 quidem
455 3920 641 3993 legem
670 3921 1033 3978 vexationem
1065 3920 1492 3988 sustinuerunt,
1526 3938 1641 3976 non
1674 3921 1945 3977 obierunt
1976 3925 2172 3975 autem
2204 3924 2449 3974 mortem
2500 3919 2648 3990 (52);
2682 3921 2782 3975 sed
2832 3936 2935 3975 nec
2987 3920 3422 3990 abnegaverunt
3452 3933 3587 3973 san-

178 4015 343 4066 ctam
374 4011 486 4081 (53)
519 4010 725 4082 legem.
758 4010 829 4064 Hi
858 4026 1013 4079 vero,
1046 4009 1146 4080 qui
1177 4009 1412 4076 virides,
1447 4009 1603 4065 sicut
1624 4014 1985 4081 acceperant,
2018 4008 2423 4075 tradiderunt;
2457 4007 2705 4063 modesti
2754 4013 2893 4064 sunt
2940 4013 3116 4078 atque
3159 4006 3327 4076 justi,
3378 4008 3435 4059 et
3482 4003 3587 4075 qui

177 4097 355 4153 valde
383 4115 531 4170 pura
560 4103 753 4154 mente
782 4098 1124 4154 vixeruntet
1151 4099 1560 4154 custodierunt
1600 4100 1877 4155 mandata
1910 4098 2026 4153 Dei.
2062 4096 2307 4169 Reliqua
2354 4100 2549 4151 autem
2599 4098 2768 4167 scies,
2808 4114 2943 4153 cum
2972 4095 3407 4152 consideravero
3456 4091 3591 4149 illas

181 4187 381 4258 virgas
413 4204 561 4260 quas
591 4188 846 4260 plantavi
875 4192 933 4244 et
960 4187 1214 4259 irrigavi.

1694 4285 1923 4341 CAPUT
1964 4285 2057 4339 IV.

265 4383 403 4441 Post
430 4400 648 4457 paucos
677 4400 811 4441 vero
842 4384 969 4440 dies
991 4382 1206 4440 reversi
1232 4400 1440 4440 sumus
1464 4402 1477 4451 ;
1507 4385 1828 4456 eodemque
1848 4384 1972 4439 loco
1998 4381 2259 4438 consedit
2280 4380 2525 4437 nuntius
2550 4380 2649 4436 ille
2678 4381 3029 4453 magniﬁcus
3056 4398 3069 4449 ;
3094 4395 3198 4453 ego
3220 4381 3416 4435 autem
3435 4375 3594 4433 astiti

1363 4527 1606 4584 VARI/E
1644 4527 2033 4584 LECTIONES
2073 4527 2163 4581 ET
2199 4524 2426 4580 NOT/E.

260 4642 381 4713 (31)
404 4642 494 4697 Sic
527 4642 720 4700 Fellus
751 4661 821 4699 ex
851 4643 1052 4699 Lamb.
1072 4641 1162 4697 Al.
1197 4642 1500 4707 omittunt,
1532 4659 1659 4698 cum
1688 4660 1766 4699 eo.
2026 4642 2137 4711 (43)
2170 4640 2371 4713 Lamb.
2406 4640 2570 4713 hamo
2592 4646 2850 4712 receptas.
2886 4640 3041 4696 Bodl.
3076 4639 3302 4713 humore
3319 4637 3588 4707 percepto.

266 4709 384 4784 (32)
418 4715 618 4770 Lamb.
650 4731 737 4771 eos
768 4717 931 4785 viros,
966 4717 1024 4769 in
1067 4729 1298 4785 quorum
1346 4716 1515 4784 virgis
1551 4718 1841 4786 pampino-
2024 4709 2136 4786 (44)
2170 4712 2306 4765 Mss.
2341 4711 2513 4786 Angl.
2544 4709 2815 4781 prazcz‘sis.
2850 4713 2943 4768 Sic
2974 4717 3029 4767 et
3059 4710 3196 4766 edit.
3229 4709 3405 4763 Oxon.

194 4782 645 4859 rmginvenerat
669 4782 950 4859 fructum}
984 4782 1224 4849 omisso,
1258 4782 1503 4840 nuntias.
1552 4782 1563 4784 ⁷
1681 4782 1694 4786 ’
2023 4782 2134 4859 (45)
2164 4782 2497 4859 Mss._1\ngl.
2530 4786 2813 4859 nominem
2926 4856 3025 4859 ____
3128 4853 3156 4859 _
3209 4852 3218 4859 _
3310 4853 3318 4859 ,
3521 4843 3559 4859 ,.

293 4856 387 4925 33)
420 4858 622 4927 Lamb.
658 4843 728 4914 de
776 4863 936 4922 sunt,
968 4860 1089 4912 sine
1115 4843 1319 4927 fructu.
2024 4843 2134 4925 (46)
2165 4854 2364 4907 Lamb.
2400 4843 2536 4910 Haec
2565 4860 2745 4911 autem
2797 4856 2888 4911 lea:
2919 4856 3088 4909 Filius
3120 4852 3218 4906 Dei
3245 4853 3340 4915 est,
3384 4843 3588 4918 pradi-

294 4928 387 4994 34)
419 4929 623 4986 Lamb.
656 4932 850 5000 quibus
880 4929 1110 4999 jubebat
1138 4930 1242 4982 ire.
1294 4932 1367 4981 At
1419 4928 1543 4983 Vic.
1579 4929 1846 4985 habebant
1954 4936 2123 5000 cuius.

200 4994 309 5071 Ρῐέ)
330 5000 583 5070 Ῑαθεὸαε·
663 4994 680 5000 ’
882 4994 899 4999 ⁷
2027 4998 2139 5122 (47)
2173 4995 2310 5075 Mss.
2358 4994 2526 5066 Angl.
2561 5014 2794 5069 magnus
2825 5003 2877 5052 et
2905 4998 3174 5051 honestus.
3222 4995 3312 5073 ita
3358 5000 3590 5058 quoque

274 5070 392 5122 (35)
426 5071 627 5122 Lamb.
663 5073 844 5122 deest-
872 5074 975 5122 ire.
1704 5098 1711 5103 -
1958 5070 2031 5122 Fe
2062 5069 2097 5122 li
2130 5067 2267 5122 edit.
2300 5072 2479 5120 Oxon.
2512 5066 2674 5122 Hunc
2699 5070 2891 5122 locum
2924 5067 3123 5122 laudat
3143 5064 3407 5122 Origines
3440 5057 3590 5112 Com-

274 5057 392 5143 (δί)
426 5071 627 5127 [δειῐῐὼο
663 5073 845 5143 deest,
872 5074 975 5127 ἱνθο
1328 5142 1341 5143 7
1704 5098 1724 5143 χ
1958 5057 2097 5123 Felli
2126 5057 2267 5124 edit.
2300 5057 2482 5143 Oxon”.
2512 5057 2903 5143 Hunclocum,
2924 5067 3123 5122 laudat
3143 5057 3407 5143 Origines
3440 5057 3592 5112 Com-

424 5144 585 5198 Bodl.
618 5149 674 5199 et
710 5130 902 5199 Lamb.
936 5143 1277 5197 reviviscere.
1322 5142 1407 5195 Ita
1453 5158 1621 5213 saepe.
1673 5141 1762 5195 Sic
1793 5148 1850 5197 et
1955 5149 2121 5205 ment,
2154 5143 2215 5195 in
2247 5137 2438 5194 Matth.
2471 5141 2611 5196 tom.
2646 5142 2786 5207 XIV,
2818 5141 2955 5197 edit.
2993 5154 3124 5193 nov.
3177 5130 3320 5189 tom.
3353 5130 3423 5196 II,
3456 5142 3588 5201 pag-

203 5228 351 5267 mss.
386 5213 533 5269 Vict.
566 5221 623 5269 et
651 5215 838 5271 Carm.
874 5213 1067 5269 Fellus
1103 5218 1294 5268 autem
1325 5214 1384 5267 in
1418 5212 1553 5267 edit.
1588 5212 1767 5268 Oxon.
1800 5216 1849 5267 si
1955 5212 2079 5265 644.

199 5284 343 5355 forte
378 5288 589 5355 possint
618 5288 962 5342 revirescere.
2029 5284 2139 5353 (48)
2173 5287 2373 5341 Lamb.
2409 5288 2583 5355 legem
2614 5301 2791 5339 suam.

424 5357 626 5413 Lamb.
662 5360 911 5413 desunt:
946 5357 1070 5411 Dico
1102 5357 1221 5411 ei...
1252 5355 1590 5410 revirescere.
2029 5343 2143 5423 (49)
2176 5358 2369 5412 Lamb.
2404 5343 2486 5411 είέ
2502 5358 2571 5411 iis
2590 5357 2791 5410 multas
2820 5357 3061 5410 vexatas.
3094 5349 3214 5404 Illae
3250 5345 3396 5401 enim
3424 5343 3591 5412 virgae

301 5426 393 5497 38)
425 5428 627 5486 Lamb.
662 5430 965 5485 humorem.
1960 5427 2049 5479 lex
2076 5431 2172 5483 est.
2209 5429 2539 5497 Cognoscens
2568 5428 2778 5482 deinde.

279 5498 395 5573 (3?)
427 5501 624 5573 Lamb.
655 5501 953 5573 effundam.
1013 5569 1049 5573 __
1188 5568 1222 5573 _
1276 5567 1313 5573 μ
2176 5500 2387 5573 Lamb.
2409 5502 2838 5573 commissorum.

304 5570 398 5645 4Q)
430 5572 635 5645 Lamb.
669 5567 880 5645 effudit.
913 5569 1075 5626 Bodl.
1108 5567 1355 5639 suffudit.
2029 5568 2143 5645 ({3})
2175 5569 2335 5645 Bodl,
2367 5571 2592 5645 injasta.

306 5641 397 5713 41)
429 5643 632 5700 Lamb.
660 5639 841 5711 ivssit.
1140 5711 1147 5713 _
2032 5640 2142 5713 (52)
2174 5642 2372 5696 Lamb.
2404 5639 2638 5696 oderunt
2668 5656 2788 5697 vero
2820 5639 3006 5709 legem.

296 5711 400 5793 :42)
429 5713 573 5773 Μεεο
605 5716 774 5793 Αηειο
809 5714 1099 5788 αάαίιααιάν
1129 5711 1230 5769 Ῑιεε·
2033 5711 2144 5788 (53)
2172 5716 2309 5772 Mss.
2341 5713 2533 5789 Angl.,
2565 5714 2713 5772 Vict.
2747 5716 2804 5769 et
2831 5725 3011 5768 carm.
3051 5721 3225 5765 suam.
