4036 6356
531 410 647 467 975
2023 410 2083 466 S.
2136 405 2434 465 HERMIE
3819 416 3937 474 976

528 539 792 594 ei.Tunc
822 539 904 594 ait
933 538 1118 594 mihi:
1174 537 1454 608 Suocinge
1484 538 1596 608 (54)
1654 542 1710 593 te
1776 539 2014 607 sabano,
2075 542 2130 593 et
2187 537 2456 592 ministra
2517 537 2979 594 mihi.Succinxi
3040 556 3133 596 me
3193 542 3411 597 sabano
3470 545 3714 612 mundo,
3777 548 3934 616 quod

528 633 653 683 erat
691 629 904 683 factum
947 645 1013 682 ex
1043 643 1230 681 sacco.
1263 625 1336 680 Ut
1365 631 1556 680 autem
1597 626 1738 680 vidit
1769 643 1860 681 me
1892 627 2172 690 cinctum,
2205 631 2261 680 et
2303 631 2568 697 paratum
2602 625 2683 680 illi
2712 628 2823 697 (55)
2858 627 3216 695 ministrare,
3255 630 3370 684 ait:
3408 630 3563 686 Voca
3590 633 3748 688 viros
3776 633 3930 702 illos,

526 734 776 789 quorum
817 717 985 788 virgae
1018 716 1283 787 plantam:
1324 721 1480 778 sunt,
1523 732 1628 770 suo
1670 732 1960 787 quemque
2001 715 2222 778 ordine,
2264 715 2415 769 sicut
2456 721 2838 786 porrexerunt
2878 715 3029 771 illas.
3067 717 3134 772 Et
3165 718 3329 772 duxit
3370 735 3460 774 me
3503 720 3561 774 in
3595 737 3880 788 campum
3917 741 3928 790 ;

526 812 584 862 et
615 806 807 861 vocavi
837 807 946 877 (56)
973 821 1211 871 omnes;
1243 804 1343 875 qui
1375 805 1550 859 etiam
1588 805 1839 858 universi
1872 805 2256 859 constiterunt
2285 804 2588 858 ordinibus
2619 805 2728 874 (57)
2757 805 2900 860 suis.
2935 806 3029 859 Ait
3060 806 3270 862 deinde
3317 808 3389 862 ad
3433 807 3602 863 illos:
3664 810 3929 882 Quisque

524 895 744 966 virgam
797 911 964 949 suam
1005 893 1284 962 extrahat,
1341 899 1397 947 et
1425 893 1495 946 ad
1532 910 1621 947 me
1652 893 1872 947 afferat.
1916 894 1983 947 Et
2042 891 2226 963 primo
2258 893 2650 958 tradiderunt,
2685 893 2784 963 qui
2843 893 3035 948 aridas
3079 901 3135 949 et
3176 897 3436 966 putridas
3465 896 3824 954 habuerunt.
3871 900 3934 954 Et

522 999 769 1055 quorum
803 983 912 1052 (58)
964 982 1208 1052 putridze
1239 986 1294 1035 et
1323 982 1497 1035 aridae
1556 988 1790 1052 reperta
1841 985 1977 1034 sunt
2019 981 2216 1052 virgze,
2252 981 2436 1050 jussit
2484 997 2580 1034 eos
2634 987 2787 1036 stare
2827 999 3117 1046 seorsum,
3159 984 3377 1040 Deinde
3408 993 3796 1056 porrexerunt
3823 989 3927 1058 qui

523 1074 716 1128 aridas
748 1072 1004 1143 quidem,
1035 1070 1133 1124 sed
1164 1087 1273 1124 non
1309 1069 1572 1140 putridas
1605 1070 1954 1123 habuerunt.
1981 1069 2172 1139 Aliqui
2203 1085 2401 1123 eorum
2442 1069 2808 1124 tradiderunt
2839 1071 3033 1142 virgas
3071 1072 3182 1142 (59)
3227 1074 3482 1130 virides:
3519 1077 3765 1145 quidam
3799 1093 3930 1132 vero

524 1163 716 1220 aridas
767 1165 824 1216 et
878 1160 1161 1232 putridas,
1202 1159 1356 1214 velut
1407 1176 1440 1212 a
1491 1161 1647 1213 tinea
1677 1163 1880 1213 tactas.
1941 1159 2050 1212 Eos
2081 1159 2180 1229 qui
2207 1159 2424 1213 virides
2455 1159 2845 1226 tradiderunt,
2868 1161 3059 1229 jussit
3088 1178 3354 1218 seorsum
3386 1168 3579 1218 stare:
3617 1165 3751 1221 illos
3796 1183 3927 1222 vero

524 1253 624 1324 qui
656 1252 849 1308 aridas
871 1255 926 1305 et
955 1249 1219 1321 putridas
1249 1247 1636 1316 tradiderunt,
1669 1264 1800 1301 cum
1834 1246 2040 1318 primis
2063 1251 2216 1302 stare
2249 1247 2358 1317 (60)
2386 1247 2585 1318 jussit.
2621 1248 3004 1303 Porrexerunt
3044 1249 3251 1305 deinde
3297 1251 3380 1305 illi
3426 1253 3526 1323 qui
3577 1254 3934 1310 semiaridas

522 1343 865 1411 habuerant,
896 1344 952 1395 et
977 1339 1265 1394 scissuras
1295 1337 1576 1391 habentes
1611 1355 1622 1391 :
1659 1335 1828 1391 multi
1861 1353 1928 1390 ex
1959 1335 2076 1390 illis
2117 1335 2330 1390 virides
2377 1342 2777 1408 porrexerunt,
2812 1354 2916 1393 nec
2975 1340 3264 1395 scissuras
3323 1340 3606 1397 habentes
3635 1359 3649 1410 ;
3679 1343 3926 1414 quidam

519 1449 651 1488 vero
682 1430 917 1496 virides,
949 1428 1254 1500 pampinos
1285 1426 1586 1496 habentes,
1619 1429 1675 1480 et
1700 1426 1756 1479 in
1787 1425 2079 1496 pampinis
2132 1425 2404 1492 fructum,
2439 1426 2592 1480 sicut
2633 1424 2714 1479 illi
2750 1426 2851 1497 qui
2881 1427 2942 1482 in
2981 1429 3193 1484 turrim
3226 1430 3456 1485 iverunt
3487 1433 3774 1487 coronati.
3809 1433 3928 1488 Alii

519 1523 897 1592 porrexerunt
928 1517 1142 1587 aridas,
1170 1522 1225 1571 et
1254 1532 1367 1570 non
1398 1515 1683 1586 putridas.
1717 1514 1960 1577 Quidam
1990 1529 2123 1568 vero
2155 1513 2307 1568 sicut
2337 1514 2586 1580 fuerant,
2619 1515 2964 1570 semiaridas
2994 1521 3052 1571 et
3075 1518 3365 1574 scissuras
3392 1519 3697 1576 habentes.
3724 1521 3920 1579 Jussit

518 1623 997 1680 unumquemque
1027 1622 1227 1661 eorum
1261 1621 1524 1659 seorsum
1557 1608 1746 1669 stare;
1779 1601 1923 1658 alios
1955 1619 2062 1657 suo
2095 1619 2388 1674 quemque
2415 1604 2616 1659 ordine
2644 1604 2779 1674 (61),
2811 1603 2956 1660 alios
2988 1621 3274 1662 seorsum.

2045 1717 2272 1775 CAPUT
2309 1717 2374 1772 V.

585 1821 802 1878 Deinde
832 1821 1210 1892 porrexerunt
1234 1817 1334 1888 qui
1366 1817 1690 1871 habuerant
1721 1817 1831 1887 (62)
1862 1816 2076 1871 virides
2107 1817 2345 1887 quidem
2376 1816 2560 1888 virga,
2593 1817 2694 1872 sed
2726 1818 3016 1874 scissuras
3063 1818 3368 1876 habentes.
3425 1820 3494 1876 Hi
3544 1837 3759 1879 omnes
3798 1826 3911 1879 viri

513 1912 614 1968 des
642 1910 1024 1975 tradiderunt,
1059 1923 1280 1979 suoque
1313 1905 1512 1961 ordine
1542 1910 1844 1960 steterunt.
1875 1905 2164 1960 Gaudium
2193 1910 2384 1960 autem
2416 1922 2485 1960 ex
2514 1905 2608 1960 his
2639 1907 2894 1978 percepit
2924 1907 3017 1962 hic
3059 1907 3283 1975 Pastor,
3317 1911 3474 1980 quod
3511 1927 3721 1967 omnes
3769 1913 3919 1984 poli-

510 2004 579 2055 ιω
612 2000 722 2071 (63)
754 2003 968 2063 essent,
1001 2002 1055 2051 et
1084 1995 1491 2067 deposuissent
1519 1993 1805 2049 scissuras
1836 2011 1992 2049 suas.
2028 1994 2246 2049 Deinde
2290 1999 2689 2065 porrexerunt,
2723 1997 2821 2067 qui
2862 1996 3168 2052 dimidiam
3198 1997 3460 2068 viridem,
3508 2003 3566 2054 et
3606 2001 3918 2058 dimidiam

508 2090 732 2145 aridam
763 2089 1114 2143 habuerant:
1149 2085 1538 2156 quorumdam
1567 2101 1696 2138 vero
1728 2086 1971 2138 inventae
1999 2088 2138 2138 sunt
2165 2088 2294 2138 tota:
2317 2084 2529 2138 virides
2556 2102 2568 2151 ;
2594 2084 2845 2139 aliorum
2876 2087 3208 2141 semiaridaa
3235 2105 3248 2142 :
3305 2087 3558 2144 aliorum
3609 2090 3832 2146 virides
3863 2096 3916 2145 et

509 2179 816 2250 pampinos
836 2175 1258 2244 habentes(6l’i).
1283 2174 1348 2228 Hi
1373 2191 1574 2228 omnes
1606 2173 1832 2228 dimissi
1857 2179 1995 2228 sunt
2013 2173 2422 2244 unusquisque
2447 2174 2504 2227 in
2522 2191 2696 2229 suum
2720 2176 3006 2246 ordinem(
3029 2176 3142 2246 65).
3158 2177 3547 2232 Tradiderunt
3565 2179 3681 2249 (66)
3702 2179 3915 2234 deinde

508 2268 607 2339 qui
630 2267 1117 2322 habuerantduas
1141 2268 1333 2336 partes
1355 2264 1645 2334 virgarum
1670 2280 1911 2318 suarum
1938 2263 2171 2327 virides,
2187 2262 2536 2333 tertiamque
2561 2263 2783 2318 aridam
2812 2282 2825 2318 :
2860 2263 3026 2318 multi
3048 2281 3118 2320 ex
3146 2266 3230 2320 eis
3259 2266 3472 2321 virides
3496 2275 3914 2338 porrexerunt;

510 2357 679 2412 multi
709 2355 1090 2420 semiaridas;
1123 2352 1312 2408 caeteri
1342 2367 1474 2406 vero
1506 2353 1699 2406 aridas
1723 2357 1777 2406 et
1808 2369 1920 2406 non
1953 2352 2237 2423 putridas.
2270 2351 2340 2404 Hi
2373 2368 2574 2406 omnes
2605 2351 2834 2407 dimissi
2866 2358 3005 2409 sunt
3030 2354 3088 2408 in
3119 2371 3294 2409 suum
3327 2356 3578 2426 quisque
3613 2358 3909 2414 ordinem.

509 2445 728 2501 Deinde
758 2444 1150 2517 porrigebant,
1184 2441 1282 2513 qui
1315 2442 1597 2496 abuerant
1625 2441 1684 2494 in
1717 2441 1895 2512 virgis
1927 2441 2049 2495 suis
2080 2441 2226 2496 duas
2257 2446 2448 2511 partes
2492 2441 2706 2509 aridas,
2757 2443 3108 2513 tertiamque
3153 2443 3434 2499 viridem:
3469 2443 3642 2499 multi
3673 2462 3911 2519 quoque

507 2551 576 2589 ex
605 2534 689 2590 eis
719 2538 1096 2605 porrexerunt
1126 2531 1498 2597 semiaridas;
1532 2530 1770 2601 quidam
1801 2546 1932 2584 vero
1965 2529 2158 2584 aridas
2180 2534 2236 2583 et
2257 2528 2521 2599 putridas
2546 2554 2560 2596 ;
2595 2528 2689 2583 alii
2713 2534 2908 2584 autem
2941 2531 3286 2586 semiaridas
3302 2536 3359 2587 et
3384 2535 3675 2589 scissuras
3694 2534 3913 2590 haben.

507 2627 594 2678 tes
632 2641 643 2678 :
677 2622 845 2694 pauci
878 2638 1008 2676 vero
1039 2620 1272 2675 virides.
1306 2619 1376 2672 Hi
1423 2619 1600 2690 igitur
1630 2635 1832 2673 omnes
1890 2619 2276 2673 constiterunt
2333 2618 2390 2672 in
2421 2634 2526 2672 suo
2566 2619 2815 2689 quisque
2854 2618 3056 2674 ordine
3087 2621 3220 2688 (67).
3254 2620 3469 2677 Deinde
3501 2630 3907 2692 porrexerunt,

507 2711 606 2783 qui
635 2713 873 2766 tertium
905 2711 1016 2782 (68)
1039 2709 1364 2764 habuerant
1402 2707 1602 2777 viride,
1637 2708 1926 2778 reliquum
1957 2723 2089 2762 vero
2121 2707 2383 2762 aridum:
2438 2707 2648 2762 horum
2693 2707 2867 2779 virgae
2915 2709 3121 2778 majori
3174 2726 3242 2764 ex
3269 2714 3430 2781 parte
3479 2711 3732 2766 inventae
3767 2718 3910 2767 sunt

502 2799 737 2867 virides,
770 2797 1135 2854 ramusculos
1167 2797 1470 2863 habentes,
1503 2801 1560 2851 et
1589 2797 1647 2850 in
1697 2796 1780 2851 eis
1829 2796 2178 2851 ramusculis
2213 2796 2464 2850 fructum
2491 2814 2504 2862 ;
2539 2800 2595 2851 et
2624 2796 3087 2866 reliquaevirides
3118 2802 3269 2853 tota.
3305 2799 3385 2853 Ex
3417 2798 3509 2855 his
3539 2801 3722 2872 virgis
3753 2818 3904 2873 gau-

505 2891 667 2946 dium
697 2888 1068 2944 vehementer
1097 2887 1352 2959 percepit
1381 2890 1578 2957 pastor
1607 2885 1723 2951 ille,
1756 2886 1894 2956 quia
1924 2886 2007 2941 sic
2037 2886 2337 2940 invenerat
2365 2902 2482 2940 eas.
2517 2885 2800 2941 Abierunt
2829 2891 2886 2942 et
2915 2886 2999 2941 illi
3027 2887 3083 2941 in
3118 2887 3352 2944 ordines
3374 2905 3535 2945 suos.

2016 3001 2244 3056 CAPUT
2283 3001 2376 3056 VI.

577 3104 888 3174 Postquam
918 3105 1112 3156 autem
1141 3100 1404 3156 omnium
1437 3099 1547 3170 (69)
1577 3099 1768 3171 virgas
1799 3099 2242 3166 considerasset,
2276 3099 2356 3153 ait
2386 3098 2524 3154 mihi
2552 3115 2564 3151 :
2602 3099 2865 3154 Dixeram
2895 3099 3021 3166 tibi,
3056 3101 3324 3157 arborem
3356 3101 3505 3158 hanc
3533 3103 3777 3175 diligere
3811 3107 3889 3159 vi-

501 3196 642 3247 tam.
676 3191 867 3260 Vides,
899 3190 1053 3260 quod
1086 3189 1194 3259 (70)
1228 3187 1396 3242 multi
1430 3191 1672 3258 egerunt
1702 3186 2124 3257 paenitentiam,
2157 3192 2214 3242 et
2242 3188 2490 3242 assecuti
2522 3192 2660 3242 sunt
2689 3187 2959 3243 salutem.
2995 3188 3194 3256 Video,
3229 3190 3492 3260 inquam,
3527 3193 3788 3248 domine.
3829 3194 3898 3250 Ut

502 3280 672 3348 scias,
704 3279 916 3351 inquit,
946 3278 1268 3334 bonitatem
1299 3281 1355 3331 et
1386 3275 1752 3332 clementiam
1784 3276 2014 3331 Domini
2037 3293 2332 3348 magnam,
2366 3280 2422 3332 et
2452 3276 2852 3331 honorandam
2880 3277 2992 3348 (71)
3026 3294 3174 3348 esse,
3206 3279 3307 3350 qui
3338 3280 3494 3335 dedit
3527 3281 3804 3351 spiritum
3828 3283 3896 3338 iis

503 3369 603 3439 qui
636 3368 798 3439 digni
828 3371 993 3422 erant
1023 3382 1193 3437 agere
1222 3365 1333 3436 (72)
1366 3364 1786 3436 paenitentiam.
1815 3365 1885 3418 Et
1913 3364 2030 3419 dixi
2057 3382 2068 3419 :
2104 3366 2290 3430 Quare
2319 3381 2475 3437 ergo,
2513 3366 2772 3435 Domine,
2805 3383 2920 3421 non
2951 3382 3152 3423 omnes
3184 3375 3426 3440 egerunt
3444 3371 3894 3440 pmnitentiam?

499 3457 598 3510 Ait
625 3456 806 3512 mihi:
841 3457 1098 3520 Quorum
1128 3454 1350 3509 viderat
1379 3455 1491 3524 (73)
1523 3453 1804 3508 Dominus
1830 3470 2009 3524 puras
2041 3458 2265 3508 mentes
2290 3455 2540 3519 futuras,
2574 3459 2632 3509 et
2661 3454 2978 3510 servituros
3008 3457 3058 3510 ei
3091 3473 3161 3512 ex
3196 3457 3335 3513 totis
3367 3459 3739 3529 praecordiis;
3777 3459 3894 3516 illis

495 3545 702 3600 tribuit
732 3543 1151 3617 pmnitentiam.
1185 3548 1259 3598 At
1306 3560 1557 3615 quorum
1591 3542 1816 3614 aspexit
1854 3542 2052 3598 dolum
2084 3548 2141 3597 et
2191 3543 2502 3615 nequitias,
2552 3548 2609 3598 et
2659 3543 3074 3599 animadvertit
3102 3546 3174 3600 ad
3207 3563 3267 3601 se
3316 3545 3598 3602 fallaciter
3628 3564 3892 3604 reversu-

494 3649 588 3688 ros
616 3634 746 3704 (74),
772 3632 1000 3704 negavit
1027 3633 1096 3687 iis
1128 3649 1192 3687 ac
1220 3632 1616 3704 pmnitentiam
1650 3649 2000 3704 regressum,
2027 3649 2097 3687 ne
2118 3649 2322 3687 rursus
2345 3631 2529 3704 legem
2562 3633 2689 3703 ejus
2721 3632 2985 3688 nefandis
3017 3633 3429 3690 maledicerent
3480 3636 3696 3692 verbis.
3749 3637 3888 3692 Dico

492 3723 542 3777 ei
568 3741 580 3778 :
616 3722 780 3778 Nunc
813 3721 975 3792 mihi,
1011 3721 1266 3788 domine,
1297 3722 1652 3786 demonstra,
1691 3721 1881 3792 qualis
1915 3721 1989 3776 sit
2018 3722 2130 3792 (75)
2160 3722 2321 3776 locus
2347 3722 2633 3792 cujusque
2654 3737 2854 3776 eorum
2876 3722 2976 3792 qui
2996 3722 3186 3794 virgas
3216 3723 3617 3795 reddiderunt,
3641 3729 3699 3780 et
3721 3727 3886 3781 sedes

488 3827 690 3867 eorum
712 3811 850 3881 (76):
887 3815 952 3864 ut
981 3810 1198 3864 auditis
1231 3809 1322 3864 his
1353 3815 1409 3864 et
1438 3810 1690 3874 creditis,
1723 3810 1762 3863 ii
1797 3809 1896 3881 qui
1927 3827 2042 3864 non
2076 3810 2480 3864 custodierunt
2505 3810 2819 3881 integrum,
2847 3811 2948 3866 sed
2976 3811 3407 3883 dissipaverunt
3432 3812 3697 3883 sigillum
3730 3815 3884 3886 quod

485 3904 851 3971 acceperunt,
886 3899 1099 3971 agnitis
1130 3899 1252 3954 suis
1280 3899 1467 3967 factis,
1498 3899 1895 3970 paenitentiam
1927 3905 2142 3972 agant;
2175 3904 2231 3954 et
2253 3904 2485 3970 accepto
2534 3917 2568 3954 a
2599 3904 2654 3953 te
2699 3899 2914 3970 sigillo,
2950 3900 3193 3955 Domino
3242 3901 3381 3956 dent
3431 3901 3712 3958 honorem
3743 3905 3879 3973 (77),

487 3990 640 4060 quod
671 3989 749 4044 sit
773 4005 949 4060 super
978 3989 1089 4058 (78)
1117 4004 1214 4043 eos
1247 3992 1440 4043 motus
1471 3986 1918 4055 clementiasua,
1952 3993 2008 4043 et
2032 3987 2256 4043 miserit
2279 3993 2353 4053 te,
2387 3992 2451 4042 ut
2475 3987 2714 4059 spiritus
2746 4003 2948 4044 eorum
2982 3990 3436 4055 renoves.Audi,
3471 3991 3701 4062 inquit;
3731 3993 3878 4057 Quo~

489 4095 618 4133 rum
650 4079 824 4150 virga
854 4077 1029 4132 aridis
1059 4081 1115 4133 et
1146 4077 1388 4148 putrida
1412 4081 1648 4148 reperta
1677 4081 1832 4145 sunt,
1866 4081 1923 4132 et
1945 4076 2102 4132 velut
2130 4094 2164 4131 a
2189 4076 2347 4132 tinea
2371 4081 2537 4132 tacta:
2563 4094 2576 4142 ;
2610 4076 2669 4131 hi
2696 4081 2836 4132 sunt
2863 4078 3200 4151 transfugae,
3231 4084 3290 4135 et
3321 4079 3434 4150 (79)
3456 4078 3726 4136 Ecclesiae
3756 4098 3877 4153 pro—

1650 4210 1887 4265 VARIIE
1923 4209 2313 4265 LECTIONES
2353 4211 2443 4264 ET
2483 4209 2711 4265 NOTE.

559 4308 671 4378 (54)
703 4308 842 4363 Mss.
893 4309 1065 4380 Angl.
1113 4310 1351 4378 incinge.
1385 4310 1454 4364 Et
1473 4325 1617 4380 (mox
1682 4310 1917 4364 incinxi.
1984 4308 2112 4364 Usi-
2236 4308 2608 4380 Tradiderunt.

485 4374 668 4434 tatam
698 4391 891 4434 autem
924 4374 1135 4435 Gr'aecis
1189 4374 1387 4436 vocem
1420 4374 1670 4449 σᾴϐανον,
1703 4397 1828 4451 quae
1879 4380 2124 4435 linteum
2305 4381 2415 4450 (67)
2446 4379 2689 4449 Conjicit
2733 4377 3015 4451 Wakius,
3043 4377 3269 4434 librarii
3298 4378 3532 4436 incuria
3571 4380 3667 4436 hic
3698 4381 3872 4438 fuisse

485 4451 604 4506 sive
633 4451 947 4506 linteamen
981 4451 1236 4518 denotat,
1289 4458 1452 4507 vetus
1496 4449 1778 4523 interpres
1810 4451 1902 4506 hic
1928 4451 1983 4505 in
2018 4468 2125 4506 sua
2234 4451 2453 4505 omissa
2483 4450 2821 4523 sequentia;
2875 4449 3111 4523 Quidam
3153 4452 3506 4520 porrigebant
3537 4458 3717 4522 virga:
3746 4471 3870 4508 sua:

485 4523 750 4578 versione
781 4523 1038 4577 retinuit.
1648 4521 1664 4523 “
2228 4523 2522 4593 paululum
2550 4521 2743 4576 aridas
2763 4538 2782 4583 ;
2800 4521 3041 4592 (aridum
3073 4523 3218 4593 enim
3246 4530 3363 4577 erat
3388 4523 3568 4593 ipsum
3595 4521 3868 4588 cacumen)

578 4595 670 4663 55)
701 4595 903 4648 Lamb.
936 4595 1061 4649 sibi.
2227 4592 2491 4648 Scissuras
2520 4609 2643 4648 vero
2675 4593 2967 4648 habebant.
3003 4595 3078 4648 De
3109 4592 3201 4648 his
3251 4592 3417 4648 enim
3441 4595 3508 4648 fit
3561 4595 3782 4651 mentio
3816 4598 3864 4650 in

577 4666 667 4736 56)
702 4667 902 4721 Lamb.
936 4667 1000 4719 Et
1027 4667 1221 4722 eduxit
1260 4669 1319 4720 in
1349 4682 1556 4736 campo,
1588 4673 1640 4720 et
1669 4666 1895 4720 vocavit.
2227 4664 2406 4734 hujus
2438 4664 2662 4736 similit.
2694 4681 2820 4736 cap.
2854 4665 2876 4719 4
2917 4669 2974 4719 et
3003 4666 3088 4719 10.

578 4734 668 4808 57)
702 4738 840 4791 Mss.
875 4736 1044 4807 Angl.
1078 4739 1408 4809 agminibus.
1467 4734 1481 4736 “
1543 4734 1546 4735 ν
2235 4736 2520 4809 7_(68)_E_1_x
2554 4734 2704 4790 Fello
2737 4734 2878 4791 mss.
2928 4735 3100 4808 Angl.
3143 4737 3437 4792 minimum
3485 4753 3590 4808 pro
3618 4740 3859 4794 tertium.

553 4807 666 4878 (58)
701 4809 902 4862 Lamb.
937 4824 1080 4878 qua}.
1115 4807 1126 4809 ἡ
1943 4877 1949 4878 ί
2225 4807 2314 4861 Sic
2345 4813 2402 4862 et
2425 4807 2641 4862 Victor.

550 4877 660 4946 (59)
694 4880 892 4934 Lamb.
927 4877 1106 4935 addit.
1139 4897 1286 4935 suas.
1325 4881 1393 4934 Et
1424 4896 1555 4934 mox
1585 4878 1804 4932 omittit
1831 4877 2015 4933 aridas
2043 4883 2111 4933 et.
2295 4880 2406 4946 (69)
2436 4879 2640 4933 Lamb.
2674 4892 2877 4932 omnes.

547 4948 658 5023 (60)
715 4951 917 5006 Lamb.
975 4954 1260 5022 primariis
1303 4951 1534 5006 tradere.
1601 4949 1761 5004 Bodl.
1815 4951 2115 5019 primariis
2295 4948 2406 5023 (70)
2438 4950 2575 5004 Mss.
2610 4948 3000 5023 Angl._quam.

479 5020 648 5078 stare;
976 5020 986 5022 “
2292 5020 2405 5087 (74)
2437 5025 2539 5075 Ms.
2574 5020 2745 5087 Angl.
2779 5020 3073 5076 honestam.

547 5039 648 5078 ire.
1555 5094 1562 5102 _
2292 5036 2405 5091 (Μ)
2437 5036 2539 5075 ms.
2574 5036 3073 5145 angisnonestam.

547 5095 660 5166 (61)
695 5093 981 5165 Ms.Angl.
1027 5108 1648 5166 suorquoqueiagmme.
1677 5092 1760 5146 Ita
1791 5109 1961 5163 sape.
1998 5092 2112 5148 Ha-
2293 5093 2404 5166 (72)
2437 5093 2637 5147 Lamb.
2705 5091 2903 5166 itigunt
2932 5109 3113 5163 agere.

477 5161 616 5221 bent
643 5161 817 5220 etiam
851 5161 1081 5233 agmine
1109 5161 1346 5220 Vi'ctfet
1375 5161 1561 5220 Carm.
1874 5161 1890 5163 ’
2291 5164 2404 5234 (73)
2436 5169 2535 5218 Ms.
2571 5161 2740 5233 Angl.
2776 5163 2929 5218 vidit.

545 5238 656 5307 (62)
691 5238 890 5292 Lamb.
927 5237 1255 5292 habuerunt.
1290 5237 1385 5291 Sic
1419 5242 1474 5291 et
1505 5234 1676 5308 paulo
1708 5238 1857 5306 post,
1891 5239 1947 5289 et
1977 5252 2109 5306 pas-
2291 5235 2401 5308 (74)
2437 5235 2640 5308 Lamb.
2673 5250 2930 5308 reversos.

479 5305 651 5386 sima;
696 5380 722 5386 _
782 5378 829 5386 __
1068 5380 1076 5386 ἢ
1321 5381 1331 5386 _
1397 5379 1410 5386 _
1477 5305 1522 5386 ς
1598 5382 1604 5386 Α
1643 5380 1651 5386 _
1804 5385 1808 5386 ν
2036 5380 2044 5386 _
2269 5305 2520 5386 _(75)Sic
2552 5323 2695 5386 mss,
2729 5305 2903 5386 Angl..
2931 5310 2985 5386 et
3016 5306 3160 5361 Vict.
3195 5307 3289 5362 Sic
3315 5312 3372 5362 et
3399 5308 3539 5364 edit.
3571 5307 3751 5364 Oxon.
3783 5313 3852 5362 At

545 5379 657 5448 (63)
689 5378 933 5442 Quidam
961 5395 1033 5452 ex
1065 5380 1367 5452 impressis
1397 5379 1874 5452 habentimitataz.
1899 5377 1987 5432 Al.
2023 5380 2109 5432 in-
2219 5377 2754 5452 edit.,Paris._quis,_
2775 5377 2903 5446 quid
2935 5379 2999 5431 is.

473 5447 678 5504 vitatas.
708 5455 781 5502 At
814 5467 923 5504 ms.
959 5447 1168 5505 Lamb:
1194 5453 1418 5506 mutati.
1452 5451 1544 5504 Sic
1577 5455 1632 5504 et
1660 5449 1869 5504 Victor.
2289 5450 2400 5515 (76)
2436 5450 2630 5504 Lamb.
2663 5447 2916 5502 sederunt
2943 5449 3190 5502 δεον-δίνη.

544 5453 678 5504 tntae.
708 5455 781 5502 At
814 5467 923 5504 ms.
959 5451 1165 5505 Lamb.’
1194 5453 1418 5506 mutati.
1452 5451 1544 5504 Sic
1577 5455 1632 5504 et
1660 5451 1869 5504 Victor.
2289 5451 2379 5515 (76
2436 5451 2630 5504 Lamb.
2663 5451 2916 5502 sederunt
2943 5451 3190 5502 δεον-δίνη.

544 5520 657 5593 (64)
688 5519 826 5593 Mss.
853 5522 1021 5592 Angl.
1055 5525 1294 5578 aliorum
1321 5523 1609 5593 pampinos
1641 5521 1938 5593 habebant.
2102 5531 2104 5535 '
2289 5451 2400 5591 (77)
2431 5521 2632 5577 Lamb.
2674 5527 2887 5586 accepto
2918 5522 2998 5573 ait
3043 5521 3248 5590 sigillo,
3280 5522 3529 5590 Domine,
3579 5521 3708 5578 dent
3754 5522 3847 5577 ho-

704 5589 791 5645 Al.
850 5589 1218 5666 unusquisque
1277 5589 1338 5649 in
1393 5589 1488 5648 suo
1563 5592 1751 5647 ordine
1823 5597 2104 5648 steterunt.
2216 5589 2422 5648 norem.
2788 5661 2800 5674 ο

541 5677 614 5715 2m
656 5676 701 5715 e.
2289 5665 2399 5715 (78)
2433 5664 2540 5715 Ms.
2575 5661 2748 5715 Angl.
2780 5678 2797 5715 ι

473 5661 701 5720 Deinde.
800 5733 835 5734 ί
876 5731 906 5734 __
1000 5661 1015 5664 ⁷
1126 5661 1139 5666 “
2289 5665 2399 5734 (78)
2433 5664 2540 5720 Ms.
2575 5661 2748 5734 Angl.
2780 5661 2839 5716 in
2870 5677 2972 5732 pro
3002 5677 3183 5731 super.

541 5734 650 5807 (66)
686 5733 767 5789 Ita
800 5731 937 5789 Felli
967 5737 1140 5792 editio
1174 5737 1352 5792 Oxon.
1384 5752 1450 5790 ex
1482 5735 1678 5790 Lamb.
1709 5734 1793 5790 Al.
1828 5734 2108 5791 omittunt
2286 5731 2396 5808 (79)
2427 5735 2516 5792 Al.
2550 5731 2828 5791 omittunt
2851 5731 2920 5803 et,
2955 5734 3110 5806 quod
3139 5734 3369 5792 exhibet
3397 5736 3536 5792 edit.
3568 5740 3754 5795 Oxon.
