4008 6350
175 492 315 552 977
1296 489 1630 552 PASTOR.
1664 520 1741 533 —-
1774 488 1916 547 LIB.
1966 487 2072 547 III.
2120 486 2356 547 SIMIL.
2404 486 2505 547 IX.
3522 483 3603 541 '78

176 623 441 694 ditores,
477 623 580 696 qui
613 623 767 680 inter
797 623 1023 696 reliqua
1054 641 1163 680 sua
1189 622 1417 692 delicta,
1450 622 1721 678 nefandis
1751 621 1941 677 verbis
1968 620 2285 676 Dominum
2329 618 2597 675 insectati
2638 618 2751 690 (80)
2793 635 3003 675 nomen
3052 619 3181 689 ejus
3225 620 3601 689 negaverunt,

182 714 363 784 quod
391 730 571 786 super
598 730 697 769 eos
730 718 853 770 erat
880 714 1231 770 invocatum.
1266 714 1334 769 Hi
1368 713 1549 786 igitur
1577 727 1780 768 omnes
1812 710 2023 765 mortui
2058 714 2198 765 sunt
2237 710 2351 765 Deo
2379 727 2392 777 ;
2424 714 2599 781 atque
2646 708 2822 763 etiam
2866 708 3161 763 neminem
3209 707 3602 775 eorumﬁvides

178 802 389 874 egisse
420 802 845 875 penitentiam,
877 804 1110 859 tametsi
1144 802 1437 859 audierint
1465 802 1743 858 mandata
1772 817 1920 866 mea,
1958 815 2084 870 quae
2112 804 2175 854 tu
2207 799 2289 853 eis
2326 798 2623 869 protulisti
2652 815 2664 852 :
2701 799 2773 852 ab
2805 797 3147 868 hujusmodi
3178 813 3313 870 ergo
3346 796 3599 852 homini-

179 891 313 947 bus
345 893 511 947 abest
539 892 654 947 vita
683 893 817 964 (81).
854 892 918 947 Hi
949 908 1180 964 quoque
1213 892 1312 963 qui
1344 892 1537 947 aridas
1569 896 1625 946 et
1655 907 1769 946 non
1800 889 2068 962 putridas
2097 888 2489 954 tradiderunt,
2520 904 2634 942 non
2668 887 2871 958 procul
2918 888 2990 942 ab
3041 888 3153 957 (82)
3194 886 3312 941 illis
3343 887 3598 953 fuerunt,

183 981 325 1036 ﬁcti
357 981 515 1037 enim
556 987 742 1049 erant,
778 986 834 1037 et
863 981 1158 1038 doctrinas
1188 998 1394 1053 pravas
1422 980 1764 1047 intulerunt,
1789 984 1845 1034 et
1867 982 2269 1050 perverterunt
2294 993 2489 1032 servos
2512 977 2607 1032 Dei
2635 995 2647 1044 ;
2673 975 2961 1048 praecipue
2983 992 3081 1031 eos
3102 975 3201 1048 qui
3221 980 3563 1047 peccassent
3586 993 3599 1031 ε

182 1088 316 1126 non
350 1070 612 1127 sinentes
643 1087 743 1127 eos
772 1072 844 1125 ad
876 1070 1279 1142 penitentiam
1310 1071 1519 1137 redire,
1552 1070 1653 1125 sed
1685 1068 1968 1125 doctrinis
1995 1068 2173 1123 fatuis
2207 1067 2551 1122 detinentes.
2588 1066 2655 1120 Hi
2689 1082 2825 1137 ergo
2855 1066 3074 1121 habent
3095 1066 3167 1121 ad
3190 1082 3353 1138 spem
3377 1081 3600 1137 regres-

187 1176 338 1217 sum
364 1176 378 1215 :
412 1165 589 1231 atque
618 1160 794 1216 etiam
824 1160 1044 1216 multos
1074 1160 1235 1216 vides
1263 1176 1432 1233 agere
1462 1158 1885 1232 penitentiam,
1914 1174 1983 1213 ex
2014 1174 2128 1228 quo
2160 1158 2243 1211 eis
2276 1157 2552 1211 mandata
2591 1172 2722 1211 mea
2760 1154 3050 1227 protulisti
3079 1173 3091 1222 ;
3124 1159 3181 1210 et
3209 1155 3399 1210 adhuc
3431 1159 3606 1227 agent

185 1248 625 1321 penitentiam.
660 1249 1007 1322 Quicunque
1035 1266 1169 1305 vero
1200 1266 1317 1305 non
1348 1250 1575 1321 egerint
1604 1247 2028 1320 penitentiam,
2062 1247 2102 1300 ii
2132 1250 2188 1301 et
2219 1246 2558 1318 patientiam
2591 1244 2990 1317 perdiderunt,
3022 1249 3077 1300 et
3097 1243 3272 1299 vitam
3296 1244 3405 1313 (83)
3432 1260 3599 1300 suam

184 1338 496 1394 amittent.
526 1340 599 1394 At
630 1338 725 1395 bis
755 1338 857 1411 qui
886 1340 1135 1411 egerint,
1167 1356 1378 1395 murus
1410 1338 1469 1394 in
1496 1338 1706 1411 primis
1736 1337 1911 1409 cepit
1940 1352 2067 1391 esse
2100 1336 2268 1391 sedes
2298 1336 2411 1405 (84)
2455 1351 2655 1390 eorum
2685 1360 2699 1402 ;
2750 1334 2987 1406 quidam
3033 1350 3164 1389 vero
3194 1334 3369 1389 etiam
3401 1334 3511 1406 (85)
3541 1334 3601 1389 in

181 1428 411 1482 turrim
443 1429 854 1484 ascenderunt.
889 1429 1065 1485 Vides
1091 1430 1291 1502 igitur,
1326 1429 1541 1501 inquit,
1574 1429 1632 1484 in
1660 1427 2027 1501 penitentia,
2058 1425 2434 1499 peccantium
2465 1425 2656 1481 inesse
2702 1426 2880 1480 vitam
2910 1442 2924 1493 ;
2974 1440 3090 1479 non
3143 1424 3441 1496 agentium
3469 1439 3603 1480 vero

177 1516 615 1587 penitentiam,
651 1521 900 1573 mortem
930 1522 1215 1590 paratam.

1694 1633 1931 1689 CAPUT
1969 1631 2089 1687 VII.

260 1751 339 1802 De
368 1746 463 1803 his
492 1763 626 1804 vero
657 1748 759 1820 qui
789 1749 1135 1805 semiaridas
1166 1750 1361 1821 virgas
1392 1753 1792 1823 porrexerunt,
1825 1752 1882 1803 et
1932 1747 2222 1802 scissuras
2274 1746 2629 1814 habuerunt,
2681 1745 2837 1801 audi.
2889 1744 3147 1809 Quorum
3174 1747 3599 1811 ,tantummodo

186 1834 523 1892 semiaride
555 1842 726 1892 erant
751 1837 968 1909 virgea;
1002 1838 1061 1893 bi
1093 1838 1256 1893 dubii
1288 1843 1426 1894 sunt
1454 1856 1469 1907 ;
1503 1854 1609 1893 nec
1640 1838 1796 1893 enim
1828 1836 1938 1891 vivi
1970 1840 2130 1906 unt,
2163 1852 2267 1891 nec
2299 1834 2533 1889 mortui.
2565 1837 2634 1889 At
2662 1834 2721 1889 hi
2743 1834 2843 1905 qui
2864 1834 3210 1890 semiaridas
3236 1839 3294 1889 et
3312 1834 3601 1891 scissuras

178 1922 475 1980 habentes
508 1925 914 1995 tradiderunt;
947 1931 1004 1983 et
1033 1927 1194 1983 dubii
1228 1932 1385 1995 sunt,
1419 1932 1477 1982 et
1505 1926 1797 1992 maledici,
1829 1926 1901 1980 de
1932 1925 2277 1981 absentibus
2308 1924 2700 1991 detrahentes,
2733 1929 2789 1979 et
2818 1940 3120 1995 nunquam
3144 1924 3296 1979 inter
3315 1940 3377 1980 se
3396 1940 3599 1996 pacem

176 2012 493 2082 habentes,
529 2018 588 2068 et
614 2014 767 2070 inter
796 2031 858 2070 se
890 2016 1005 2085 (86)
1036 2015 1381 2071 invidentes.
1415 2015 1484 2070 Et
1513 2015 1587 2071 iis
1618 2015 1855 2086 quidem
1890 2014 2190 2086 proposita
2218 2018 2275 2069 et
2304 2012 2681 2085 penitentia:
2720 2013 2879 2068 vides
2928 2013 3084 2068 enim
3134 2029 3203 2069 ex
3248 2013 3339 2069 his
3372 2012 3600 2085 aliquos

176 2101 485 2173 penitere.
518 2103 863 2175 Quicunque
892 2120 1027 2160 vero
1057 2121 1260 2160 eorum
1292 2105 1404 2159 cito
1450 2108 1696 2176 egerunt
1744 2105 1856 2175 (87)
1903 2101 2326 2175 penitentiam,
2376 2102 2437 2157 bi
2485 2101 2546 2156 in
2594 2101 2741 2157 turri
2791 2102 3008 2157 habent
3054 2102 3287 2158 sedem:
3340 2102 3467 2158 atii
3497 2104 3597 2174 qui

177 2191 355 2247 tarde
379 2196 644 2262 egerunt,
672 2192 734 2247 in
766 2192 956 2249 muris
986 2193 1257 2249 habitant
1285 2194 1417 2265 (88).
1444 2193 1552 2258 Qui
1572 2209 1707 2248 vero
1730 2210 1844 2248 non
1868 2198 2117 2265 egerunt
2136 2191 2560 2263 penitentiam,
2584 2192 2684 2246 sed
2706 2191 2765 2245 in
2788 2191 2915 2246 suis
2936 2196 3385 2262 permanserunt
3404 2191 3593 2257 factis,

179 2284 376 2335 morte
406 2280 751 2337 morientur.
786 2287 857 2337 At
879 2298 1012 2338 vero
1035 2283 1093 2337 bi
1118 2283 1219 2354 qui
1240 2283 1458 2337 virides
1485 2282 1721 2351 quidem
1744 2282 1959 2354 virgas,
1978 2282 2080 2337 sed
2104 2282 2393 2337 scissuras
2414 2281 2694 2336 habentes
2714 2280 3079 2335 tradiderunt
3104 2298 3117 2347 ;
3142 2280 3340 2335 ﬁdeles
3363 2295 3596 2352 semper

182 2368 427 2424 fuerunt
456 2373 513 2424 et
541 2370 702 2437 boni,
734 2371 835 2426 sed
866 2370 1151 2427 habentes
1183 2372 1336 2426 inter
1366 2388 1428 2426 se
1460 2371 1776 2442 quamdam
1800 2370 2079 2426 invidiam
2102 2374 2160 2425 et
2187 2369 2370 2424 zelum
2396 2370 2507 2440 (89)
2528 2369 2599 2424 de
2622 2368 2950 2440 principatu
2977 2369 3352 2441 etdignitate.
3374 2368 3591 2425 Verum

180 2473 392 2513 omnes
422 2458 767 2529 hujusmodi
800 2459 1142 2531 insipientes
1174 2461 1290 2531 (90)
1322 2465 1463 2515 sunt
1483 2465 1541 2515 et
1562 2460 1727 2526 fatui,
1758 2461 1859 2531 qui
1886 2459 2105 2515 habent
2135 2459 2287 2514 inter
2307 2474 2369 2514 se
2392 2458 2827 2513 aemulationem
2849 2459 2920 2513 de
2941 2458 3289 2530 principatu.
3317 2462 3591 2515 Attamen

174 2545 267 2611 hi,
308 2563 442 2603 cum
476 2547 597 2603 sint
628 2547 843 2618 alioqui
877 2549 1034 2616 boni,
1068 2550 1115 2604 si
1151 2550 1371 2605 auditis
1404 2550 1699 2606 mandatis
1730 2550 1859 2605 istis
1889 2551 2002 2621 (91)
2032 2549 2471 2605 emendaverint
2514 2565 2595 2615 se,
2628 2548 2840 2617 et.cito
2888 2563 2991 2620 per
3035 2548 3370 2604 suasionem
3402 2564 3593 2605 meam

180 2633 301 2706 (92)
333 2634 556 2705 egerint
586 2636 1024 2707 penitentiam;
1058 2637 1118 2692 in
1150 2638 1298 2693 turri
1325 2638 1579 2710 denique
1609 2638 1891 2710 incipient
1920 2638 2204 2704 habitare,
2239 2637 2389 2693 sicut
2417 2641 2473 2692 et
2500 2637 2558 2691 hi
2590 2638 2690 2709 qui
2721 2640 2965 2709 egerunt
2985 2637 3157 2709 digne
3178 2638 3289 2708 (93)
3309 2638 3592 2711 peniten-

176 2722 352 2777 tiam.
387 2724 548 2789 Quod
580 2724 630 2779 si
660 2724 794 2795 quis
825 2741 1029 2781 eorum
1062 2743 1269 2783 rursus
1300 2728 1372 2782 ad
1404 2727 1834 2783 dissensionem
1866 2726 2122 2793 redierit,
2156 2726 2467 2799 repelletur
2496 2726 2608 2797 (94)
2643 2743 2677 2781 a
2708 2726 2877 2794 turri,
2901 2730 2958 2781 et
2978 2726 3154 2781 vitam
3176 2743 3345 2781 suam
3368 2727 3589 2797 perdet.

185 2809 319 2867 Vita
347 2812 503 2867 enim
535 2829 737 2869 eorum
770 2814 870 2885 qui
902 2816 1245 2871 custodiunt
1274 2818 1554 2872 mandata
1595 2816 1845 2884 Domini,
1878 2816 1936 2870 in
1970 2816 2267 2871 mandatis
2299 2814 2602 2881 consistit;
2636 2831 2750 2869 non
2800 2815 2861 2869 in
2904 2814 3231 2887 principatu
3264 2818 3365 2870 aut
3394 2815 3592 2887 aliqua

180 2898 489 2973 dignitate.
523 2904 631 2957 Per
659 2902 1002 2974 patientiam
1033 2905 1191 2960 enim
1222 2909 1279 2961 et
1306 2905 1698 2961 humilitatem
1729 2904 1936 2960 animae
1966 2905 2144 2961 vitam
2176 2903 2443 2960 homines
2476 2909 2945 2975 consequentur:
2980 2920 3082 2977 per
3109 2904 3424 2961 seditiones
3452 2922 3587 2963 vero

178 2990 241 3042 et
269 2992 671 3062 contemptum
702 2989 849 3064 legis
878 2997 1129 3050 mortem
1159 2993 1271 3049 sibi
1309 2994 1631 3066 acquirent.

1673 3117 1901 3173 CAPUT
1939 3119 2083 3174 VIII.

256 3228 367 3295 Qui
394 3246 528 3286 vero
556 3230 619 3286 in
646 3230 827 3305 virgis
858 3232 984 3289 suis
1016 3233 1327 3291 dimidium
1358 3234 1587 3289 aridum
1616 3234 1933 3304 habebant,
1966 3238 2023 3289 et
2051 3234 2363 3289 dimidium
2392 3233 2601 3302 viride,
2641 3232 2702 3288 hi
2734 3235 2874 3289 sunt
2904 3232 3395 3305 negotiationibus
3424 3235 3585 3292 invo-

182 3318 322 3385 luti,
352 3335 544 3392 neque
576 3320 833 3393 appliciti
866 3323 1085 3378 sanctis
1112 3341 1125 3378 :
1160 3323 1407 3395 ideoque
1436 3324 1613 3379 etiam
1644 3322 1955 3378 dimidium
1985 3340 2186 3378 eorum
2218 3323 2377 3391 vivit,
2410 3322 2720 3377 dimidium
2760 3338 2893 3377 vero
2937 3327 3235 3378 mortuum
3277 3328 3386 3379 est.
3423 3324 3589 3379 Multi

178 3407 367 3484 igitur
394 3425 461 3463 ex
486 3408 625 3479 illis,
660 3410 877 3466 auditis
907 3411 1223 3483 mandatis,
1256 3417 1500 3484 egerunt
1528 3412 1953 3484 penitentiam,
1988 3416 2045 3466 et
2076 3412 2133 3465 in
2154 3412 2303 3466 turri
2325 3411 2591 3466 habitare
2612 3415 2939 3483 coeperunt:
2967 3412 3207 3483 quidam
3230 3429 3364 3468 vero
3386 3429 3589 3469 eorum

180 3482 248 3552 in
278 3500 465 3552 totum
501 3498 873 3554 destiterunt.
906 3499 1007 3555 His
1038 3500 1218 3572 igitur
1247 3482 1361 3557 non
1393 3506 1482 3556 est
1510 3482 1673 3556 locus
1705 3500 2090 3573 poenitentiae:
2125 3519 2157 3556 a
2179 3500 2569 3572 negotiatione
2590 3500 2747 3555 enim
2772 3517 2899 3565 sua,
2925 3500 3174 3556 nefanda
3196 3502 3253 3556 in
3279 3502 3592 3558 Dominum

181 3584 364 3640 locuti
397 3591 554 3657 sunt,
588 3591 644 3643 et
672 3604 809 3643 eum
842 3588 1298 3660 abnegaverunt.
1332 3593 1575 3661 Propter
1604 3590 1753 3644 hanc
1799 3590 1979 3662 igitur
2028 3589 2347 3661 nequitiam
2399 3589 2725 3643 amiserunt
2772 3588 2972 3643 vitam.
3023 3588 3190 3644 Multi
3241 3608 3373 3646 vero
3403 3608 3472 3646 ex
3502 3591 3595 3647 his

183 3673 428 3729 dubiam
461 3680 719 3732 mentem
751 3675 1095 3733 induerunt.
1125 3678 1331 3734 Adhuc
1362 3683 1418 3733 et
1446 3678 1517 3733 iis
1550 3683 1639 3733 est
1668 3695 1969 3749 regressus
2002 3697 2013 3747 ;
2051 3678 2151 3750 qui
2183 3678 2231 3733 si
2281 3678 2393 3733 cito
2425 3677 2824 3749 penitentiam
2858 3678 3100 3750 egerint,
3128 3680 3187 3733 in
3218 3679 3365 3733 turri
3397 3680 3595 3736 sedem

180 3762 528 3831 habebunt;
564 3765 609 3820 si
642 3781 778 3821 vero
813 3765 1039 3821 tardius
1072 3766 1318 3838 egerint,
1349 3766 1409 3821 in
1442 3766 1628 3822 muris
1657 3767 2009 3823 habitabunt
2034 3793 2048 3834 ;
2074 3768 2124 3823 si
2156 3771 2351 3823 autem
2384 3784 2499 3822 non
2531 3767 2755 3838 egerint
2785 3766 2918 3839 (95),
2954 3772 3199 3823 mortem
3250 3768 3363 3824 sibi
3393 3770 3593 3841 acqui-

180 3854 333 3906 rent.
371 3852 449 3907 Ad
478 3852 537 3908 hi
567 3852 666 3925 qui
699 3854 851 3909 duas
884 3859 1078 3926 partes
1107 3854 1408 3927 virgarum
1440 3872 1682 3910 suarum
1712 3856 1928 3911 virides
1960 3856 2311 3924 habuerunt,
2341 3860 2398 3911 et
2427 3855 2657 3912 tertiam
2690 3855 2911 3911 aridam
2938 3875 2950 3923 ;
2975 3856 3377 3928 compluribus
3399 3859 3589 3915 modis

185 3940 488 4011 depravati
520 3941 657 4013 (96),
692 3948 1051 4014 negaverunt
1080 3942 1415 3998 Dominum.
1450 3943 1529 3996 Ex
1559 3942 1652 3999 his
1684 3944 1862 4015 igitur
1892 3944 2060 3999 multi
2093 3949 2338 4016 egerunt
2364 3944 2787 4016 penitentiam,
2821 3950 2995 4016 atque
3040 3945 3121 3999 ita
3150 3945 3208 3999 in
3238 3946 3385 4000 turri
3416 3946 3588 4001 habi-

176 4033 307 4083 tare
341 4035 677 4100 ceperunt;
711 4035 769 4086 et
798 4029 965 4086 multi
998 4048 1031 4087 a
1061 4035 1173 4087 Deo
1203 4031 1262 4086 in
1290 4035 1635 4103 perpetuum
1668 4036 2069 4088 recesserunt:
2104 4032 2187 4087 illi
2221 4032 2401 4104 igitur
2428 4033 2486 4087 in
2519 4038 2705 4089 totum
2737 4033 3060 4089 amiserunt
3088 4032 3265 4089 vitam
3289 4034 3421 4105 (97).
3445 4035 3582 4100 Qui-

180 4116 320 4171 dam
346 4134 478 4173 vero
511 4118 689 4174 dubia
721 4124 915 4175 mente
946 4126 1247 4193 concepta,
1281 4120 1677 4177 dissensiones
1708 4123 2180 4179 concitaverunt:
2215 4123 2286 4178 iis
2315 4123 2508 4178 adhuc
2533 4138 2836 4195 regressus
2865 4128 2975 4189 est,
3008 4122 3056 4178 si
3088 4124 3200 4179 cito
3229 4123 3453 4196 egerint
3474 4142 3585 4197 pe-

179 4205 512 4277 nitentiam,
549 4224 654 4263 nec
695 4206 1091 4281 voluptatibus
1122 4211 1234 4279 (98)
1264 4210 1391 4266 suis
1429 4211 1700 4266 remorati
1733 4212 1985 4279 fuerint;
2020 4213 2071 4267 si
2115 4216 2309 4268 autem
2355 4212 2782 4282 permanserint
2827 4211 2887 4266 in
2943 4211 3110 4268 factis
3160 4213 3305 4280 suis,
3334 4217 3581 4269 mortem

180 4294 297 4350 sibi
322 4294 641 4367 acquirent.

1697 4398 1929 4454 CAPUT
1967 4398 2060 4455 IX.

254 4507 359 4573 Qui
386 4524 521 4565 vero
549 4514 941 4581 porrexerunt
969 4511 1163 4583 virgas
1195 4529 1355 4581 suas,
1386 4529 1639 4585 quarum
1672 4514 1799 4569 due
1831 4518 2024 4586 partes
2053 4515 2226 4570 aride
2258 4515 2506 4581 fuerant,
2537 4518 2594 4569 et
2620 4514 2795 4569 tertia
2822 4514 3026 4570 viridis
3051 4533 3064 4584 ;
3114 4516 3317 4572 ﬁdeles
3341 4516 3581 4588 quidem

182 4598 443 4666 fuerunt,
475 4599 576 4654 sed
609 4598 945 4671 locupletati
975 4604 1033 4655 et
1062 4602 1379 4657 exsaturati
1410 4602 1521 4674 (99)
1554 4602 1743 4669 bonis,
1777 4604 1933 4674 apud
1982 4608 2208 4660 exteras
2256 4608 2457 4675 gentes
2506 4603 2851 4659 celebriores
2898 4619 3027 4660 esse
3075 4605 3384 4677 cupierunt
3413 4605 3579 4677 (100),

1332 4752 1575 4809 VARUE
1627 4754 2011 4811 LECTIONES
2059 4755 2149 4810 ET
2188 4755 2411 4811 NOTIE.

252 4875 363 4953 (8Q)
390 4874 496 4953 Ms.
531 4874 702 4953 ang].
724 4876 991 4953 insecuti.
2005 4879 2117 4953 (90)
2147 4880 2354 4953 _L_amb.
2386 4880 2620 4953 desunt,
2653 4882 2979 4953 insipientes
3006 4886 3079 4937 et.

394 4946 596 5024 Lamb.
623 4946 685 5001 tu
700 4946 881 5024 _habes
907 4949 1031 5024 ita._
2002 4946 2115 5024 (91)
2146 4951 2286 5024 Mss.
2320 4951 2493 5024 Angl.
2523 4946 2682 5008 meis.

275 5017 362 5105 ἐξ)
390 5018 537 5105 ἔ(εῆ
566 5017 949 5105 ΑΠῌῂῆρνορρ
974 5018 1117 5105 1b,".
1360 5090 1399 5105 Λ
1593 5090 1642 5105 ﬂ
1716 5094 1749 5105 η
1811 5096 1821 5105 _
1936 5017 2289 5105 M(9g))‘lss.
2323 5017 2493 5105 Angl.
2521 5024 3279 5105 persuasionisfsue;Edi-tt'.
3302 5024 3487 5091 Paris,
3516 5029 3573 5081 et

275 5034 361 5072 δτι
395 5034 534 5100 Mss.
566 5034 652 5073 an
699 5034 737 5072 ι.
774 5034 949 5100 prope
974 5034 1064 5074 ao.
1105 5089 1117 5101 .
1248 5089 1259 5101 ι
1716 5094 1723 5100 _
2004 5034 2289 5103 (92;)'Mss.
2323 5034 2493 5105 Angl.
2521 5034 3068 5094 persuasionzszsua‘z.
3098 5034 3279 5105 Editt'.
3302 5034 3487 5091 Paris,
3516 5034 3573 5081 et

390 5088 484 5177 Sic
516 5034 721 5177 Lami.
746 5093 844 5177 "Sic
875 5095 933 5145 et
978 5089 1121 5146 Felli
1171 5090 1310 5145 edit.
1358 5090 1541 5145 Oxon.
1577 5090 1668 5145 Al.
1702 5094 1749 5147 τί
1775 5096 1823 5147 et
1932 5091 2148 5177 Clerici
2190 5111 2617 5177 persuasionem,
2653 5095 2973 5177 .mendose:
3040 5096 3293 5177 Fabrieu.
3340 5112 3573 5169 quoque

166 5164 587 5237 penitentiam,
617 5164 887 5237 etvitam.
1494 5235 1501 5237 _
1631 5234 1642 5237 _
1933 5165 2108 5219 editio
2136 5164 2444 5237 ty'potheta:
2476 5166 2705 5221 incuria
2736 5166 2829 5221 hic
2860 5167 3011 5222 male
3038 5185 3099 5223 se
3128 5166 3321 5223 habet.

241 5232 358 5309 (84)
391 5231 593 5309 Lamb.
628 5232 687 5287 hi
723 5236 821 5304 qui
871 5237 1371 5309 egermyumurus
1418 5234 1719 5309 eritsedes.
1752 5238 1824 5289 At
2000 5236 2115 5309 (93)
2149 5231 2345 5309 Lamb.
2379 5238 2563 5303 deest,
2595 5239 2776 5309 digne.

170 5303 387 5359 Victor.
448 5306 619 5360 mutis
648 5320 753 5375 pro
790 5321 1003 5359 murus.
1055 5303 1191 5359 Felli
1242 5310 1438 5360 autem
1468 5306 1607 5361 edit.
1639 5306 1818 5362 Oxon.
2002 5303 2114 5436 (94)
2146 5308 2234 5362 Al.
2267 5309 2587 5379 expelletur,

174 5376 260 5433 sic
287 5392 299 5430 :
331 5376 393 5429 At
423 5377 471 5430 ii
498 5377 592 5436 aui
620 5378 925 5436 egerint.z'n
953 5376 1150 5436 primis
1178 5379 1386 5436 muris.
1416 5379 1593 5436 uenit.
1628 5384 1737 5432 etc.
2000 5380 2093 5436 (933
2146 5380 2348 5435 Lamb.
2385 5380 2516 5436 add.
2551 5398 2583 5436 υ

174 5376 471 5452 sic:_At_ii
498 5377 592 5446 qui
620 5378 935 5452 egerint,in_
945 5376 1150 5452 primis
1178 5379 1386 5452 mu‘ris,
1416 5379 1593 5448 cepit,
1628 5384 1737 5452 etc.
2000 5376 2114 5452 (933)
2146 5376 2348 5435 Lamb.
2385 5380 2516 5452 add.
2546 5382 2949 5452 penitentiam.

246 5447 477 5529 (85)Alta
506 5464 647 5529 mss.
683 5447 879 5529 A_ngl.,
913 5447 1130 5503 Victor.
1167 5453 1224 5503 et
1252 5448 1443 5503 Carm.
1479 5447 1564 5503 Ita
1594 5454 1650 5504 et
1681 5449 1817 5504 Felli
2141 5455 2282 5529 1313s:
2315 5447 2959 5529 Anglsqq’uomplurimis
3006 5452 3296 5523 generibus
3338 5453 3572 5523 inﬁceti.

178 5518 529 5593 editLOgton.
562 5518 655 5593 AI.
689 5518 858 5574 etiam
886 5536 981 5593 qui
1011 5536 1141 5574 non.
1269 5590 1280 5593 _
2001 5518 2111 5591 (97)
2148 5522 2307 5577 Bodl.
2346 5518 2750 5593 penitentiam.

249 5590 359 5663 (86)
391 5590 549 5645 Bodl.
586 5591 799 5663 desunt
831 5592 978 5645 inter
1006 5607 1078 5645 se.
1124 5590 1324 5646 Lamb.
1359 5592 1511 5647 intra
1539 5608 1614 5647 se.
2002 5594 2114 5663 (98)
2146 5590 2357 5647 LambI
2377 5597 2435 5647 in
2464 5596 2856 5649 voluntatibus.

271 5661 356 5731 87)
385 5665 522 5717 Mss.
552 5661 722 5733 Angl.
754 5670 1050 5733 gesserunt.
1874 5722 1877 5725 ν
1999 5661 2112 5733 (99)
2144 5665 2338 5719 Lamb.
2371 5669 2571 5720 exarti.

271 5733 360 5810 88)
386 5733 988 5810 Lam_b.__habitab_unt._
1089 5804 1133 5810 __
1427 5808 1434 5810 _
1997 5737 2143 5805 (100)
2178 5736 2315 5791 Mss.
2354 5737 2524 5807 Angl.
2558 5739 2885 5793 honestiores
2914 5754 3029 5794 esse
3056 5740 3297 5810 cupiere.

273 5805 358 5877 89)
388 5804 478 5860 Sic
506 5803 700 5861 Fellus
730 5822 799 5862 ex
828 5803 1031 5861 Lamb.
1071 5804 1159 5860 Al.
1192 5808 1611 5862 contentionem.

248 5663 266 5875 ἓ
