4036 6356
433 462 551 523 979
1930 462 1993 522 S.
2040 460 2343 523 ΗΕΒΜᾹΞ
3723 462 3839 523 980

432 600 490 651 et
518 594 578 650 in
611 594 945 667 superbiam
979 611 1252 667 magnam
1285 593 1614 650 inciderunt
1643 594 1744 665 (1),
1790 599 1846 649 et
1875 593 2152 649 sublimia
2203 597 2502 666 coeperunt
2550 594 2771 667 spirare
2818 595 2917 666 (2),
2968 599 3025 650 et
3068 594 3368 651 veritatem
3418 594 3690 650 deserere
3724 595 3837 663 (3);

434 701 624 756 neque
654 686 908 757 appliciti
943 690 1081 740 sunt
1104 684 1303 754 justis,
1337 686 1437 739 sed
1468 687 1544 753 (4)
1577 702 1710 740 cum
1744 684 1953 739 exteris
1983 683 2255 754 gentibus
2296 684 2709 751 convixerunt;
2745 688 2801 739 et
2830 684 2948 739 hac
2988 684 3104 739 illis
3134 685 3252 739 vita
3299 683 3526 739 dulcior
3554 685 3683 739 visa
3715 691 3838 739 est:

434 791 469 829 a
496 775 612 830 Deo
643 780 838 829 tamen
870 791 983 829 non
1016 778 1404 840 recesserunt,
1438 779 1494 827 et
1525 774 1583 826 in
1618 774 1730 827 ﬁde
1778 777 2294 843 perseveraverunt
2345 772 2459 842 (5);
2512 773 2612 827 sed
2663 789 2836 843 opera
2883 773 3019 827 fidei
3071 790 3183 827 non
3234 777 3638 828 exercuerunt.
3675 772 3844 827 Multi

434 862 615 935 igitur
643 880 710 918 ex
742 862 857 918 illis
888 868 1131 935 egerunt
1161 863 1560 935 paenitentiam
1588 883 1602 927 ς
1638 866 1692 915 et
1723 864 1889 916 sedes
1920 877 2121 915 eorum
2153 860 2209 913 in
2244 860 2391 913 turri
2424 876 2551 915 esse
2580 865 2897 931 cmperunt.
2932 860 3041 914 Alii
3075 877 3206 916 vero
3237 860 3492 916 viventes
3522 878 3655 915 cum
3693 868 3849 916 exte-

434 952 515 1007 ris
542 952 837 1023 gentibus,
872 958 928 1007 et
957 952 1090 1007 elati
1121 952 1476 1005 vanitatibus
1510 950 1632 1005 suis
1665 950 1760 1020 (6),
1796 950 1851 1003 in
1901 954 2246 1020 perpetuum
2281 965 2315 1002 a
2343 948 2459 1002 Deo
2508 948 2844 1003 defecerunt
2890 950 2989 1021 (7),
3043 950 3348 1004 nationum
3397 948 3767 1004 facinoribus
3795 956 3848 1004 et

434 1041 707 1113 operibus
740 1042 1075 1096 servientes.
1105 1042 1454 1111 IIujusmodi
1488 1056 1623 1111 ergo
1655 1040 1924 1093 homines
1954 1038 2323 1093 adnumerati
2354 1042 2493 1092 sunt
2530 1038 2740 1093 exteris
2790 1038 3145 1093 nationibus.
3199 1037 3307 1092 Alii
3353 1055 3421 1093 ex
3467 1039 3560 1093 his
3591 1039 3843 1093 dubiam

433 1135 687 1184 mentem
716 1129 929 1185 habere
959 1135 1280 1202 cmperunt,
1312 1147 1425 1183 non
1462 1133 1763 1200 sperantes
1794 1144 1854 1182 se
1894 1132 2128 1198 propter
2158 1128 2307 1181 facta
2334 1143 2442 1181 sua
2475 1127 2708 1197 assequi
2740 1143 2910 1198 posse
2941 1127 3016 1198 (8)
3050 1126 3334 1182 salutem:
3362 1126 3456 1182 alii
3484 1128 3647 1182 dubii
3676 1128 3845 1192 facti,

436 1218 830 1274 dissensiones
861 1220 1274 1274 excitaverunt.
1307 1219 1407 1272 His
1440 1218 1618 1288 igitur
1657 1224 1711 1272 et
1746 1216 1859 1270 illis
1893 1216 1992 1286 qui
2028 1220 2265 1287 propter
2299 1216 2452 1270 facta
2481 1232 2589 1271 sua
2618 1216 2778 1270 dubii
2805 1232 2933 1271 esse
2954 1220 3269 1288 caeperunt,
3292 1216 3480 1271 adhuc
3500 1222 3591 1273 est
3612 1233 3848 1289 regres-

435 1324 537 1363 sus
565 1322 580 1367 :
609 1309 709 1363 sed
741 1308 861 1363 hac
893 1308 1231 1379 pmnitentia
1262 1308 1377 1362 cita
1406 1307 1483 1378 (9)
1510 1324 1637 1362 esse
1668 1307 1856 1372 debet,
1893 1311 1954 1359 ut
1987 1305 2062 1359 sit
2085 1306 2141 1359 in
2178 1305 2325 1359 turri
2359 1305 2526 1360 sedes
2556 1321 2778 1361 eorum.
2812 1304 2911 1360 His
2950 1321 3082 1361 vero
3133 1307 3233 1377 qui
3284 1322 3398 1362 non
3445 1311 3627 1379 agunt
3654 1307 3848 1379 paeni-

433 1397 698 1468 tentiam,
734 1399 833 1453 sed
866 1402 1211 1469 permanent
1239 1397 1295 1450 in
1324 1397 1724 1467 voluptatibus
1764 1394 1910 1461 suis,
1945 1410 2103 1449 mors
2136 1410 2315 1465 prope
2340 1399 2447 1449 est.

1973 1519 2199 1574 CAPUT
2236 1520 2301 1573 X.

510 1622 585 1672 At
611 1618 669 1673 hi
702 1619 802 1690 qui
832 1618 1023 1691 virgas
1055 1619 1269 1674 virides
1298 1622 1698 1691 porrexerunt,
1731 1617 1983 1688 exceptis
2028 1616 2432 1673 cacuminibus
2475 1633 2677 1672 earum
2726 1633 2853 1687 qua:
2898 1617 3022 1673 sola
3052 1618 3212 1673 arida
3240 1620 3353 1691 (10)
3386 1624 3573 1687 erant,
3605 1624 3662 1675 et
3696 1621 3848 1675 scis-

438 1722 609 1763 suras
640 1708 964 1775 habebant;
995 1725 1226 1779 semper
1253 1709 1389 1763 boni
1420 1714 1596 1779 atque
1627 1706 1825 1761 ﬁdeles
1857 1711 1913 1761 et
1946 1706 2106 1777 probi
2132 1722 2269 1776 erga
2305 1711 2481 1761 Deum
2514 1706 2624 1777 (11)
2657 1705 2932 1775 fuerunt;
2966 1708 3066 1762 sed
3116 1724 3433 1781 parumper
3462 1708 3854 1782 deliquerunt

440 1801 676 1869 propter
706 1798 909 1853 inanes
938 1797 1286 1869 voluptates,
1321 1802 1377 1853 et
1406 1798 1663 1852 minutas
1695 1796 2079 1867 cogitationes
2110 1796 2243 1866 (12),
2278 1812 2426 1866 quas
2455 1794 2610 1850 intra
2640 1796 2749 1865 (13)
2780 1812 2841 1850 se
2863 1796 3213 1852 habuerunt.
3236 1798 3466 1853 Auditis
3488 1816 3621 1871 ergo
3642 1800 3858 1855 verbis

442 1885 609 1953 meis,
641 1886 881 1957 plurimi
912 1892 1157 1959 egerunt
1184 1887 1581 1959 pcenitentiam
1617 1885 1910 1950 celeriter;
1946 1890 2001 1939 et
2032 1885 2090 1938 in
2126 1884 2274 1938 turri
2309 1883 2571 1939 habitare
2600 1891 2918 1955 coeperunt.
2947 1886 3195 1951 Quidam
3219 1892 3414 1942 autem
3437 1904 3506 1943 ex
3524 1888 3617 1943 his
3638 1905 3857 1945 evase-

441 1979 581 2029 runt
609 1975 770 2029 dubii
797 1994 809 2045 ;
845 1976 1081 2047 quidam
1114 1976 1452 2046 adjecerunt
1483 1976 1552 2029 ad
1587 1974 1824 2029 dubiam
1859 1978 2135 2042 mentem,
2167 1973 2342 2027 etiam
2377 1973 2777 2028 dissensiones
2810 1990 3059 2031 movere.
3086 1976 3149 2031 In
3176 1975 3264 2031 his
3285 1975 3468 2048 igitur
3489 1978 3660 2032 etiam
3690 1995 3861 2033 nunc

442 2079 576 2136 spes
610 2069 697 2120 est
727 2080 1048 2137 regressus,
1084 2066 1222 2136 quia
1252 2065 1388 2119 boni
1418 2081 1649 2135 semper
1688 2066 1960 2130 fuerunt;
1995 2062 2229 2117 difficile
2270 2066 2465 2117 autem
2517 2064 2906 2118 movebuntur
2954 2065 3085 2136 (14).
3138 2066 3245 2130 Qui
3293 2082 3424 2121 vero
3470 2066 3661 2137 virgas
3710 2084 3863 2122 suas

437 2154 631 2209 aridas
662 2159 1058 2225 porrexerunt,
1092 2154 1343 2225 exceptis
1375 2152 1780 2208 cacuminibus
1814 2168 2015 2205 earum
2061 2168 2187 2221 qua:
2220 2150 2347 2205 sola
2386 2157 2552 2205 erant
2596 2151 2806 2206 viridia
2855 2154 2986 2223 (15),
3015 2154 3387 2209 crediderunt
3434 2155 3670 2226 quidem
3712 2156 3864 2221 Deo,

440 2243 500 2296 in
532 2242 846 2298 sceleribus
878 2259 1008 2297 vero
1040 2243 1364 2298 conversati
1400 2248 1538 2297 sunt
1569 2242 1681 2313 (1(3)
1709 2259 1721 2307 ;
1760 2258 2062 2311 nunquam
2091 2246 2288 2294 tamen
2322 2257 2355 2294 a
2385 2240 2500 2295 Deo
2530 2246 2913 2307 recesserunt,
2958 2243 3057 2297 sed
3110 2260 3340 2315 semper
3372 2259 3583 2299 nomen
3610 2244 3865 2299 Domini

440 2331 692 2387 libenter
722 2332 1007 2399 tulerunt,
1040 2338 1098 2387 et
1125 2333 1370 2387 libenter
1399 2332 1455 2385 in
1488 2330 1761 2402 hospitiis
1795 2329 1918 2385 suis
1949 2330 2049 2384 Dei
2083 2346 2280 2384 servos
2311 2334 2695 2400 susceperunt
2716 2330 2849 2401 (17).
2875 2331 3282 2402 Auditoigitur
3303 2332 3689 2405 hoc,regressi
3716 2335 3865 2404 (18),

441 2421 565 2476 sine
595 2437 759 2477 mora
790 2428 1035 2493 egerunt
1063 2422 1487 2492 paanitentiam,
1520 2426 1577 2475 ct
1610 2436 1845 2475 omnem
1876 2419 2110 2473 virtutis
2140 2419 2472 2489 aequitatem
2504 2420 2617 2489 (19)
2646 2424 3047 2474 exercuerunt.
3082 2420 3272 2493 Aliqui
3302 2438 3434 2478 vero
3464 2438 3666 2478 eorum
3694 2440 3868 2479 moro

441 2515 557 2566 tem
591 2511 863 2566 obierunt
890 2530 902 2579 ;
936 2518 993 2566 et
1021 2511 1119 2565 alii
1151 2511 1399 2566 libenter
1422 2512 1664 2565 adversa
1696 2508 1851 2580 passi
1886 2514 2044 2577 sunt,
2079 2524 2365 2563 memores
2394 2508 2507 2579 (20)
2539 2508 2823 2563 factorum
2865 2525 3129 2564 suorum.

1957 2623 2183 2679 CAPUT
2232 2623 2324 2677 XI.

514 2726 831 2796 Postquam
860 2725 1088 2781 finisset
1117 2726 1379 2781 omnium
1412 2726 1710 2796 virgarum
1742 2722 2178 2794 explanationes
2210 2722 2341 2791 (21),
2392 2722 2474 2776 ait
2524 2721 2705 2777 mihi:
2758 2723 2936 2793 Vade,
2985 2729 3043 2780 et
3088 2725 3177 2780 dic
3228 2726 3520 2793 omnibus,
3571 2730 3635 2780 ut
3667 2730 3872 2799 agant

445 2814 847 2886 pmnitentiam
877 2833 890 2881 ;
926 2820 982 2869 et
1004 2814 1199 2869 vivent
1231 2820 1363 2881 Deo,
1396 2815 1533 2884 quia
1554 2818 1748 2868 motus
1778 2811 2063 2867 Dominus
2092 2827 2307 2882 magna
2336 2810 2647 2866 clementia
2677 2829 2785 2867 sua
2823 2814 2959 2885 (22),
3005 2813 3169 2869 misit
3213 2831 3305 2870 me
3348 2820 3413 2869 ut
3443 2814 3874 2887 paenitentiam

444 2903 779 2959 nuntiarem
811 2903 1107 2969 omnibus,
1135 2903 1226 2957 his
1249 2904 1422 2957 etiam
1456 2902 1554 2973 qui
1580 2919 1695 2956 non
1738 2905 2033 2955 merentur
2085 2901 2195 2971 (23)
2243 2904 2479 2972 pr0pter
2526 2902 2677 2955 facta
2724 2919 2833 2956 sua
2874 2903 3109 2974 assequi
3156 2902 3426 2959 salutem.
3474 2904 3583 2959 Sed
3617 2903 3874 2973 patiens

445 2997 537 3047 est
586 2992 889 3059 Dominus,
939 2996 996 3046 et
1044 2990 1446 3045 invitationem
1496 3006 1597 3059 per
1647 2990 1857 3044 Filium
1908 3005 2083 3043 suum
2136 2988 2348 3043 factam
2396 2987 2521 3043 vult
2581 3005 2941 3045 conservare.
3014 2990 3148 3046 Dico
3196 2991 3288 3047 ei:
3333 2996 3531 3064 Spero,
3585 2993 3873 3056 Domine,

446 3082 568 3136 fore
600 3086 665 3135 ut
725 3079 946 3134 auditis
998 3080 1090 3135 his
1140 3078 1394 3134 universi
1445 3082 1620 3150 agant
1668 3078 1778 3148 (24)
1829 3076 2250 3147 paenitentiam.
2302 3077 2480 3131 Credo
2532 3077 2713 3143 enim,
2760 3096 3244 3151 unumquemque
3292 3080 3506 3152 agnitis
3556 3081 3668 3151 (25)
3732 3081 3871 3135 suis

448 3170 618 3226 factis
647 3175 705 3225 et
735 3174 969 3241 accepto
1002 3170 1101 3224 Dei
1134 3168 1363 3234 timore,
1396 3168 1465 3222 ad
1499 3166 1899 3239 paenitentiam
1932 3182 2359 3237 regressurum.
2393 3165 2489 3220 Ait
2518 3166 2659 3220 mihi
2688 3185 2699 3222 :
2751 3167 3094 3239 Quicunque
3123 3173 3241 3223 toto
3272 3170 3443 3224 corde
3475 3169 3709 3239 egerint
3743 3186 3875 3241 pa-

448 3260 781 3327 nitentiam,
816 3264 879 3313 ut
909 3259 1346 3331 puriﬁcaverint
1376 3273 1436 3312 se
1467 3258 1538 3311 ab
1571 3256 1728 3311 omni
1761 3255 2019 3325 nequitia
2048 3272 2175 3325 qua
2206 3271 2385 3325 supra
2432 3255 2589 3309 dicta
2635 3260 2724 3310 est
2770 3259 2902 3325 (26),
2936 3263 2992 3312 et
3040 3274 3154 3313 non
3203 3260 3521 3328 adjecerint
3550 3258 3759 3313 adhuc
3793 3259 3870 3313 ad

444 3349 655 3405 delicta
685 3367 793 3404 sua
823 3350 1139 3419 quidquam
1168 3366 1180 3414 ;
1214 3347 1499 3419 accipient
1529 3364 1562 3401 a
1594 3345 1835 3399 Domino
1871 3342 2192 3398 remedium
2226 3344 2485 3414 priorum
2516 3344 2629 3416 (27)
2663 3351 3031 3417 peccatorum
3066 3364 3327 3415 suorum,
3352 3348 3402 3402 si
3430 3346 3576 3402 nihil
3608 3348 3865 3403 dubita-

443 3439 631 3493 verint
662 3439 733 3493 de
764 3438 1060 3493 mandatis
1092 3437 1184 3491 his
1214 3440 1363 3508 (‘28);
1397 3441 1453 3491 et
1480 3436 1673 3489 vivent
1703 3434 1838 3488 Deo.
1872 3432 1979 3496 Qui
2028 3448 2160 3486 vero
2210 3433 2549 3503 adjecerint,
2600 3434 2813 3505 inquit,
2864 3440 2932 3489 ad
2985 3436 3195 3491 delicta
3238 3454 3364 3507 sua,
3416 3442 3474 3493 et
3517 3439 3870 3492 conversati

443 3526 663 3581 fuerint
691 3526 751 3580 in
774 3526 1199 3597 cupiditatibus
1230 3526 1341 3597 (29)
1374 3523 1571 3579 saeculi
1602 3523 1781 3592 hujus
1807 3540 1819 3589 ;
1855 3522 2221 3575 damnabunt
2252 3520 2477 3592 seipsos
2508 3523 2577 3577 ad
2613 3527 2884 3579 mortem.
2918 3525 3002 3579 Tu
3028 3542 3161 3580 vero
3191 3525 3430 3581 ambula
3458 3525 3519 3581 in
3550 3526 3873 3581 mandatis

440 3614 611 3681 istis;
643 3620 698 3670 et
725 3617 881 3670 vives
909 3615 1062 3670 Deo:
1095 3620 1151 3669 et
1180 3616 1515 3685 quicunque
1546 3610 1973 3667 ambulaverint
2001 3610 2060 3664 in
2105 3610 2218 3676 his,
2252 3616 2308 3664 et
2352 3614 2505 3665 recte
2555 3627 2623 3666 ea
2667 3613 3050 3681 exercuerint,
3102 3615 3293 3670 vivent
3334 3615 3469 3671 Deo.
3521 3619 3868 3686 Postquam

438 3720 574 3759 vero
606 3703 727 3759 haec
758 3704 956 3758 omnia
987 3702 1132 3757 mihi
1164 3703 1439 3768 ostendit,
1472 3702 1553 3756 ait
1582 3700 1725 3755 mihi
1754 3718 1766 3754 :
1800 3698 2043 3769 Reliqua
2070 3703 2203 3769 post
2232 3696 2357 3752 dies
2387 3714 2604 3769 paucos
2632 3700 2737 3755 tibi
2767 3702 3095 3758 ostendam.

1841 3850 2297 3911 SIMILITUDO
2342 3848 2444 3911 IX.

1012 3951 1421 4033 ﬁdi/{caudae
1454 3949 1772 4011 militantis
1800 3959 1854 4008 et
1900 3944 2323 4026 triumphantis
2350 3946 2630 4008 Ecclesia:
2659 3952 2938 4030 mysteria
2966 3952 3250 4013 maxima.

1850 4097 2082 4154 CAPUT
2124 4097 2432 4155 PRIMUM.

516 4232 832 4301 Postquam
865 4229 1071 4300 scripsi
1104 4228 1374 4282 Mandata
1406 4232 1461 4281 et
1490 4224 1919 4281 Similitudines
1952 4221 2201 4295 pastoris
2233 4221 2414 4290 illius,
2447 4225 2692 4281 nuntius
2743 4227 3093 4298 paenitentiae
3139 4229 3295 4284 venit
3340 4230 3411 4285 ad
3466 4246 3580 4296 me,
3614 4235 3672 4286 et
3710 4233 3883 4290 dixit

449 4320 592 4375 mihi
620 4336 632 4373 :
666 4318 808 4373 Volo
839 4319 1142 4373 ostendere
1172 4316 1276 4372 tibi
1308 4333 1669 4388 quaecunque
1701 4314 1955 4385 Spiritus
1986 4311 2091 4366 tibi
2137 4313 2414 4379 ostendit,
2462 4314 2559 4384 qui
2601 4316 2658 4369 in
2706 4316 2874 4388 efﬁge
2926 4316 3185 4373 Ecclesia:
3235 4317 3464 4375 locutus
3511 4326 3599 4375 est
3626 4325 3879 4380 tecum.

445 4407 549 4464 Ille
579 4408 736 4463 enim
767 4407 1042 4479 Spiritus,
1074 4405 1253 4461 Filius
1284 4406 1375 4460 Dei
1410 4412 1517 4461 est.
1554 4406 1619 4459 Et
1648 4404 1787 4475 quia
1816 4400 2107 4456 inﬁrmior
2136 4416 2261 4455 eras
2294 4418 2551 4474 corpore,
2586 4421 2698 4459 non
2743 4409 2876 4460 ante
2908 4422 3009 4477 per
3055 4406 3329 4463 nuntium
3362 4409 3739 4467 declaratum
3780 4422 3885 4471 est

1600 4538 1847 4593 VARIJE
1897 4533 2284 4591 LECTIONES
2324 4536 2413 4590 ET
2450 4537 2681 4593 NOTAE.

518 4660 593 4729 (1)
625 4658 826 4713 Lamb.
858 4658 1175 4728 superbiam
1204 4674 1463 4729 magnam
1489 4656 1807 4729 induerunt.
2278 4653 2387 4729 (1])
2420 4652 2561 4729 Mss.
2606 4653 2767 4729 Angl.
2803 4659 3134 4729 receperunt.

521 4724 598 4798 (2)
634 4736 716 4783 lta
744 4724 1139 4785 BodlfLamb.
1175 4734 1232 4782 et
1258 4728 1407 4783 Vict.
1443 4728 1615 4794 Editi,
1649 4740 1893 4797 sperare.
2278 4725 2388 4798 (Ψ)
2421 4724 2562 4798 Mss.
2597 4724 2765 4797 Angl.
2801 4727 2898 4781 hoc
2918 4724 3190 4798 regressu.

542 4795 597 4871 3)
630 4802 768 4855 Mss.
800 4799 968 4871 Angl.
1002 4800 1375 4854 deseruerunt.
1810 4868 1829 4871 _
2020 4863 2063 4871 __
2420 4796 2636 4871 Yictor.
2670 4795 2931 4853 virtutem
2967 4795 3277 4869 aequitatis.

545 4863 598 4939 4)
630 4874 723 4927 Sic
756 4863 1075 4927 mssiVict.
1110 4876 1165 4925 et
1196 4873 1383 4925 Carm.
1418 4871 1511 4924 Sic
1538 4875 1593 4923 ct
1622 4870 1760 4924 edit.
1799 4868 1977 4922 Oxon.
2004 4863 2089 4918 Al.
2277 4867 2387 4935 (20)
2421 4868 2624 4923 Lamb.
2657 4872 2707 4923 et
2740 4870 2974 4924 libenter
3010 4863 3317 4941 patiuntur,
3350 4888 3635 4929 memores.

553 4944 750 5007 ittunt,
784 4944 897 4997 sed.
2277 4938 2387 5007 (21)
2421 4938 2502 4991 Al.
2535 4941 2919 4995 exsolutiones.

449 4938 750 5007 omittunt,
784 4944 897 4997 sed.
2277 4938 2387 5009 (21)
2421 4938 2502 4991 ΑΙ.
2535 4941 2919 4995 exsolutiones.

521 5016 598 5086 (5)
629 5016 829 5072 Lamb.
864 5014 1043 5086 ﬁdeles
1072 5017 1555 5084 perseveraverant
1586 5028 1716 5066 esse.
2277 5010 2385 5086 (22)
2440 5010 2641 5065 Lamb.
2694 5016 2881 5067 mortis
2944 5015 3206 5069 Dominus
3267 5016 3327 5068 in
3373 5016 3548 5071 multa.
3593 5033 3709 5073 sua
3772 5024 3893 5080 cu.

521 5082 598 5158 (6)
632 5088 772 5142 Mss.
806 5082 975 5157 Angl.
1007 5082 1176 5139 evecti
1194 5086 1531 5139 vanitatibus
1561 5099 1771 5139 eorum.
2205 5082 2439 5158 ineptia.

634 5152 962 5259 MssiAnfgl.
995 5158 1345 5259 institerunt.
2212 5224 2226 5259 1
2279 5152 2389 5259 (ΣΡ)
2424 5153 2562 5207 Mss.
2615 5152 3082 5259 Angl.'qmnilius
3127 5155 3334 5222 darem,
3383 5166 3438 5214 et
3476 5157 3705 5229 quidem
3746 5168 3891 5235 qui-

547 5223 601 5298 8)
635 5231 835 5285 Lamb.
868 5223 1033 5283 deest.
1069 5244 1240 5299 posse.
2210 5223 2436 5299 busdam
2466 5242 2575 5299 izon
2606 5223 2958 5281 merentibus.

547 5231 601 5298 8)
635 5231 835 5285 Lamb.
868 5231 1033 5283 deest.
1069 5244 1240 5299 posse.
2210 5231 2436 5277 busdam
2466 5242 2575 5279 non
2606 5231 2958 5281 merentibus.
3757 5231 3777 5235 ‘

526 5231 599 5371 (9)
628 5301 788 5357 Bodl.
823 5302 1021 5355 citata.
1211 5371 1216 5373 _
1244 5370 1251 5373 _
2212 5365 2247 5373 _‘
2281 5294 2393 5373 (24)
2426 5296 2507 5350 Al.
2540 5300 2824 5373 quoniam,
2857 5299 3060 5373 auditis
3090 5297 3193 5367 his,
3226 5302 3476 5355 universi
3502 5308 3686 5372 agent.
3736 5305 3894 5363 Edit

528 5365 640 5443 (10)
666 5373 865 5427 Lamb.
898 5373 1101 5427 solida?
1130 5370 1323 5425 arida).
1474 5442 1477 5443 ν
2212 5365 2392 5443 Paris.
2426 5365 2705 5443 guoﬁiam,
2741 5370 2968 5443 eruditis
2997 5371 3102 5426 his.

564 5438 641 5514 I1)
678 5445 878 5497 Lamb.
913 5445 1123 5498 honesti
1153 5458 1280 5508 erga
1318 5442 1631 5514 Dominum.
2426 5440 2623 5514 Lamb.
2649 5440 2871 5514 auditis.

564 5446 641 5514 I1)
678 5446 878 5497 Lamb.
913 5446 1123 5498 honesti
1153 5458 1280 5508 erga
1318 5446 1631 5495 Dominum.
2281 5446 2393 5505 (25)
2426 5446 2623 5494 Lamb.
2649 5446 2871 5495 auditis.

528 5446 640 5584 (12)
672 5514 872 5587 Lamb.
906 5517 1171 5587 inanesret
1198 5514 1457 5567 minimas
1486 5512 1895 5583 disputationes.
2283 5511 2394 5587 (2(3)
2428 5512 2627 5587 _l._amb.
2660 5512 2892 5587 desunt,
2921 5526 3047 5583 qua:
3073 5528 3239 5583 supra
3264 5514 3411 5571 dicta
3429 5520 3527 5570 est.

528 5582 639 5654 (13)
674 5586 835 5639 Bmll.
872 5589 930 5639 in
962 5586 1159 5639 Lamb.
1187 5587 1351 5639 inter.
1574 5582 1579 5583 7
1722 5654 1727 5655 ί
2283 5583 2396 5651 (2⁸7)
2428 5582 2773 5655 Mss.Angl.
2815 5582 2995 5639 deest.
3028 5582 3300 5655 priorum.

531 5658 571 5725 (t
598 5659 639 5724 ’1)
679 5657 867 5709 Lamb.
905 5658 1031 5711 boni
1058 5673 1268 5725 semper
1297 5656 1529 5723 difﬁcile
1558 5654 1933 5707 movebuntur.
2282 5656 2392 5725 ('28)
2428 5654 2626 5708 Lamb.
2663 5657 2813 5709 meis.
2850 5655 2939 5709 Sic
2972 5660 3027 5711 et
3057 5655 3196 5710 edit.
3232 5655 3372 5713 Felli
3400 5656 3580 5713 Oxon.

530 5730 644 5797 (15)
682 5730 874 5782 Lamb.
913 5743 1037 5799 qua:
1064 5727 1189 5781 solae
1219 5732 1374 5781 erant
1404 5727 1623 5781 virides.
2281 5728 2391 5795 (29)
2425 5726 2513 5781 Al.
2547 5726 2851 5781 desideriis.

528 5799 641 5872 (16)
674 5800 755 5856 Al.
786 5801 888 5856 etsi
915 5800 985 5856 ad
1011 5800 1217 5855 scelera
1244 5799 1434 5869 aliqua
1456 5799 1706 5869 prolapsi
1735 5802 1883 5852 sunt.
