4008 6350
100 437 239 497 981
1236 432 1563 495 PASTOR.
1597 465 1674 478 —
1702 433 1853 494 LIB.
1902 431 2009 492 IlI.
2054 430 2289 492 SlMlL.
2337 431 2437 492 ΙΧ.
3421 431 3538 493 982

98 570 257 638 tibi,
296 584 475 641 quam
508 567 776 623 firmatus
806 583 869 623 es
894 583 928 622 a
958 565 1198 639 Spiritu,
1242 569 1567 637 auctusque
1612 565 1857 631 viribus,
1894 569 1957 619 ut
1994 564 2167 619 etiam
2220 565 2490 618 nuntium
2524 564 2716 635 possis
2761 564 2974 630 videre,
3024 563 3179 619 hunc
3210 564 3366 620 enim
3391 564 3538 619 bene

107 661 376 733 quidem
409 674 474 714 ac
506 657 814 729 magnifice
847 656 956 727 (30)
989 655 1293 710 aediﬁcatio
1324 654 1502 709 turris
1534 656 1606 709 ab
1638 654 1888 710 Ecclesia
1917 653 2022 708 tibi
2053 658 2288 709 ostensa
2317 658 2444 720 est;
2478 654 2578 709 sed
2612 658 2677 709 ut
2727 671 2761 709 a
2789 654 3011 725 virgine
3041 654 3151 724 (31)
3186 658 3533 719 monstrata,

105 754 345 806 cuncta
364 746 583 803 vidisti.
618 746 783 801 Nunc
814 750 1009 800 autem
1043 761 1142 815 per
1172 744 1445 798 nuntium
1478 742 1813 809 illustraris,
1849 758 1950 814 per
1980 743 2249 797 eumdem
2275 742 2509 813 quidem
2542 744 2845 815 Spiritum.
2871 744 2980 798 Sed
3002 747 3228 814 Oportet
3256 748 3310 798 te
3340 742 3537 798 omnia

104 839 444 911 diligenter
465 836 688 890 videre:
721 834 934 889 idcirco
959 833 1114 889 enim
1138 833 1195 887 in
1214 833 1455 887 domum
1482 836 1641 887 tuam
1676 832 1894 887 missus
1926 848 2057 887 sum
2088 831 2349 886 habitare
2379 832 2449 885 ab
2471 831 2569 887 illo
2614 834 2821 886 nuntio
2847 833 3296 903 venerando(32)
3320 838 3533 887 utcum

105 930 335 983 omnia
387 930 649 998 potenter
692 924 925 989 videris,
965 921 1110 977 nihil
1160 926 1223 976 ut
1272 922 1433 993 prius
1470 938 1835 993 expavescas.
1890 926 1956 975 Et
2013 921 2174 976 duxit
2204 938 2296 975 me
2328 921 2385 975 in
2413 938 2723 976 ascensum
2758 922 2973 977 montis
3006 922 3260 976 Arcadiae
3292 922 3443 992 (33);
3478 926 3535 976 et

104 1016 509 1073 consedimus
539 1016 596 1069 in
639 1014 941 1069 cacumine
970 1014 1115 1083 ejus.
1153 1013 1219 1066 Et
1248 1012 1503 1066 ostendit
1534 1012 1678 1066 mihi
1711 1028 1983 1081 campum
2017 1027 2295 1083 magnum
2324 1036 2337 1075 ς
2369 1015 2424 1064 et
2453 1012 2604 1065 circa
2631 1028 2764 1065 eum
2795 1011 3101 1066 duodecim
3149 1016 3378 1066 montes
3419 1010 3534 1066 alia

103 1111 309 1179 atque
339 1104 450 1160 alia
474 1104 680 1175 ﬁgura.
714 1104 970 1167 Quorum
1006 1101 1259 1171 primus,
1287 1099 1452 1171 niger
1474 1105 1596 1154 erat
1627 1101 1779 1155 sicut
1812 1099 2011 1171 fuligo.
2063 1101 2368 1154 Secundus
2390 1099 2649 1170 glabrus,
2686 1100 2810 1155 sine
2833 1101 3045 1155 herbis.
3082 1100 3312 1154 Tertius
3344 1098 3530 1171 spinis

104 1200 174 1251 et.
208 1193 452 1250 tribulis
482 1192 711 1265 plenus.
746 1192 999 1255 Quartus
1030 1190 1282 1244 habebat
1313 1188 1657 1243 semiaridas
1689 1189 1931 1256 herbas;
1966 1206 2213 1259 quarum
2247 1189 2510 1259 superior
2543 1206 2677 1259 pars
2708 1194 2832 1243 erat
2870 1189 3095 1254 viridis,
3131 1190 3395 1260 proxima
3426 1206 3528 1243 au-

102 1288 242 1338 tem
281 1300 318 1337 a
356 1282 651 1337 radicibus
681 1280 874 1345 arida;
906 1279 1175 1350 quaedam
1202 1278 1377 1333 etiam
1412 1278 1623 1343 herbae,
1649 1294 1779 1331 cum
1813 1277 1899 1333 sol
1930 1276 2350 1343 incanduisset,
2384 1278 2557 1331 aridae
2592 1278 2826 1332 fiebant.
2861 1277 3108 1340 Quintus
3131 1295 3298 1333 mons
3327 1295 3530 1349 asper-

103 1372 320 1427 rimus
351 1375 477 1427 erat
509 1387 522 1435 ;
557 1369 656 1424 sed
690 1368 902 1423 herbas
931 1367 1144 1422 virides
1166 1366 1437 1421 habebat.
1470 1366 1679 1421 Sextus
1710 1383 1881 1422 mons
1913 1366 2187 1421 scissuris
2216 1371 2338 1421 erat
2370 1366 2599 1438 plenus,
2632 1367 2985 1437 quibusdam
3018 1366 3364 1434 minoribus,
3399 1366 3527 1438 qui-

104 1461 381 1517 busdam
411 1475 545 1514 vero
579 1457 934 1528 majoribus;
967 1457 1068 1511 sed
1102 1456 1163 1510 in
1194 1454 1307 1510 illis
1341 1456 1617 1511 scissuris
1648 1461 1813 1511 erant
1844 1455 2052 1522 herbae,
2086 1473 2199 1511 non
2230 1455 2395 1511 valde
2423 1456 2661 1527 quidem
2703 1456 2843 1510 laatae
2876 1458 3006 1527 (34),
3040 1457 3141 1511 sed
3187 1455 3342 1511 velut
3372 1471 3525 1510 mar-

108 1550 269 1605 cida:
300 1564 427 1604 esse
449 1547 818 1603 videbantur.
852 1545 1148 1617 Septimus
1194 1561 1328 1599 vero
1360 1561 1529 1599 mons
1578 1543 1949 1599 delectabiles
2001 1545 2113 1615 (35)
2153 1544 2406 1599 habebat
2452 1544 2686 1613 herbas,
2719 1550 2776 1600 et
2822 1549 2979 1601 totus
3027 1545 3233 1601 fertilis
3285 1548 3436 1612 erat;
3470 1548 3527 1600 et

107 1654 303 1693 omne
333 1653 518 1709 genus
548 1635 839 1707 pecudum
878 1638 936 1689 et
960 1632 1264 1689 volucrum
1295 1634 1408 1702 (36)
1441 1632 1566 1687 caeli
1597 1634 1877 1704 pabulum
1911 1634 2020 1704 (37)
2073 1634 2389 1704 carpebant
2436 1651 2505 1688 ex
2534 1633 2665 1689 illo:
2725 1638 2781 1689 et
2811 1639 3097 1706 quantum
3145 1636 3528 1690 vescebantur

107 1745 185 1784 ex
216 1727 325 1783 illo
355 1727 488 1798 (38),
521 1729 682 1781 tanto
702 1723 953 1779 laetiores
973 1722 1165 1777 herbae
1196 1722 1556 1778 crescebant.
1590 1721 1836 1778 Octavus
1877 1739 2047 1777 mons
2079 1722 2339 1777 fontibus
2386 1728 2510 1778 erat
2541 1723 2833 1794 repletus;
2890 1728 2947 1778 et
2986 1740 3053 1778 ex
3102 1722 3218 1778 illis
3268 1724 3526 1778 fontibus

107 1816 533 1888 adaquabatur
562 1829 734 1868 omne
762 1828 945 1883 genus
976 1815 1250 1866 creatura
1276 1811 1398 1866 Dei.
1430 1811 1631 1866 Nonus
1662 1827 1831 1865 mons
1854 1810 2077 1865 nullam
2109 1810 2345 1866 omnino
2380 1827 2592 1881 aquam
2624 1811 2892 1875 habebat,
2927 1816 2983 1867 et
3020 1815 3179 1866 totus
3211 1811 3527 1867 destitutus

107 1910 250 1960 erat
284 1923 299 1972 ;
333 1904 434 1960 sed
467 1911 519 1959 et
550 1902 880 1958 mortiferos
910 1904 1209 1973 serpentes
1239 1899 1432 1955 alebat
1460 1900 1593 1971 (39),
1636 1904 1692 1955 et
1721 1900 2062 1955 hominibus
2092 1899 2471 1971 perniciosos.
2508 1898 2780 1954 Decimus
2808 1916 2979 1955 mons
3001 1917 3269 1972 proceras
3291 1901 3528 1955 arbores

106 1992 460 2050 continebat
479 1992 616 2065 (40),
638 1995 913 2062 totusque
944 1994 1068 2046 erat
1097 1990 1413 2045 umbrosus
1435 1990 1547 2060 (41)
1573 2010 1586 2055 ;
1620 1995 1677 2044 et
1706 1990 1818 2043 sub
1852 1989 2061 2043 umbra
2084 1989 2335 2060 pecudes
2358 1989 2634 2059 jacebant
2664 1989 3093 2059 requiescentes
3128 2006 3193 2045 ac
3226 1991 3529 2047 ruminan-

110 2089 233 2138 tes.
268 2081 627 2137 Undecimus
658 2096 826 2135 mons
855 2077 1227 2134 densissimis
1253 2077 1561 2133 arboribus
1593 2076 1850 2149 repletus
1881 2082 2040 2132 erat:
2078 2082 2135 2132 et
2165 2078 2402 2133 arbores
2433 2076 2545 2132 illa:
2578 2077 2709 2132 aliis
2739 2082 2910 2149 atque
2940 2078 3068 2133 aliis
3099 2085 3352 2135 oneratas
3375 2080 3531 2134 vide-

112 2172 346 2227 bantur
402 2170 513 2241 (42)
574 2167 859 2223 fructibus
905 2184 918 2234 ;
971 2171 1035 2221 ut
1093 2164 1362 2236 quisquis
1417 2166 1658 2235 videret,
1719 2171 1957 2237 cuperet
2013 2166 2127 2236 (43)
2176 2167 2344 2221 edere
2397 2167 2466 2221 de
2522 2168 2813 2221 fructibus
2870 2183 3092 2221 earum.
3142 2168 3534 2224 Duodecimus

114 2275 302 2314 mons
332 2258 618 2313 candidus
648 2261 771 2311 erat
799 2259 977 2321 totus,
1012 2258 1069 2309 et
1115 2257 1419 2326 aspectum
1466 2254 1721 2309 habebat
1774 2253 2362 2311 delectabilissimum
2419 2256 2551 2327 (44),
2603 2260 2661 2310 et
2707 2255 2833 2327 ipse
2881 2255 2991 2311 sibi
3051 2272 3354 2312 summum
3387 2274 3531 2330 pra:-

114 2346 326 2402 stabat
355 2347 641 2401 decorem.

1666 2458 1901 2514 CAPUT
1944 2459 2012 2514 II.

192 2582 263 2633 In
296 2577 488 2633 medio
515 2592 651 2632 vero
682 2590 887 2646 campo
917 2573 1227 2629 candidam
1258 2577 1313 2629 et
1342 2574 1637 2647 ingentem
1671 2578 1893 2646 petram
1926 2575 2071 2629 mihi
2094 2576 2373 2643 ostendit,
2407 2592 2532 2646 quae
2564 2576 2633 2631 de
2664 2576 2790 2647 ipso
2820 2592 3027 2647 campo
3073 2582 3432 2647 surrexerat;
3474 2583 3532 2635 et

116 2672 295 2740 petra
314 2666 417 2721 illa
455 2664 625 2720 altior
655 2663 955 2719 montibus
984 2661 1100 2717 illis
1132 2666 1278 2730 erat,
1310 2668 1367 2717 et
1397 2664 1685 2735 quadrata
1713 2668 1854 2731 erat,
1888 2662 1968 2718 ita
1999 2668 2064 2718 ut
2092 2668 2290 2735 posset
2320 2668 2509 2719 totum
2548 2666 2747 2720 orbem
2787 2666 3097 2722 sustinere.
3132 2671 3312 2723 Vetus
3334 2672 3530 2724 autem

116 2756 276 2811 mihi
305 2755 613 2811 videbatur
641 2770 769 2809 esse
794 2771 808 2820 ;
842 2753 943 2807 sed
966 2751 1221 2807 habebat
1242 2768 1451 2807 novam
1475 2757 1726 2823 portam,
1760 2769 1889 2824 quae
1916 2770 2102 2825 nuper
2125 2753 2429 2809 videbatur
2457 2754 2777 2826 exsculpta.
2808 2756 2879 2809 Et
2907 2761 3073 2827 porta
3100 2755 3199 2812 illa
3226 2757 3529 2813 clariorem

116 2846 498 2920 splendorem
529 2860 706 2915 quam
739 2841 825 2897 sol
856 2841 1109 2897 habebat
1135 2859 1148 2907 ;
1182 2840 1263 2895 ita
1287 2844 1351 2896 ut
1390 2842 1635 2897 mirarer
1662 2842 2038 2897 vehementer
2059 2842 2258 2898 lumen
2290 2845 2436 2913 ejus.
2467 2844 2631 2899 Circa
2660 2860 2793 2899 vero
2840 2850 3064 2916 portam
3104 2846 3267 2901 illam
3299 2847 3535 2902 stabant

118 2934 384 3007 virgines
415 2931 720 2987 duodecim
751 2929 900 3001 (45):
935 2946 1002 2985 ex
1033 2928 1249 3001 quibus
1282 2934 1532 2999 quatuor
1564 2946 1690 3000 quae
1721 2929 2063 2985 obtinebant
2120 2930 2367 3003 angulos
2417 2937 2615 3004 portae,
2673 2932 2967 3005 digniores
3025 2934 3136 3005 (46)
3195 2935 3337 2989 mihi
3368 2935 3533 2989 vide-

120 3025 351 3079 bantur
379 3038 535 3087 esse;
560 3020 659 3075 sed
695 3023 751 3075 et
778 3023 995 3073 cetera
1026 3017 1215 3089 dignae
1241 3022 1438 3083 erant;
1473 3020 1706 3073 stabant
1737 3023 1931 3074 autem
1964 3019 2023 3073 in
2056 3024 2309 3090 quatuor
2343 3022 2613 3091 partibus
2644 3026 2842 3093 portae.
2878 3023 3013 3077 Erat
3051 3027 3246 3077 autem
3278 3027 3336 3077 et
3375 3024 3430 3079 id
3462 3023 3534 3078 ad

123 3112 386 3186 gratiam
414 3110 645 3166 illarum
671 3107 990 3180 virginum,
1024 3107 1179 3178 quod
1206 3105 1316 3161 illa;
1348 3106 1496 3162 binae
1527 3112 1585 3161 et
1603 3107 1749 3162 binis
1771 3108 1991 3163 vestitas
2023 3114 2188 3163 erant
2216 3108 2412 3165 linteis
2438 3110 2552 3181 (47)
2574 3110 2809 3179 tunicis,
2841 3116 2898 3166 et
2927 3111 3198 3166 decenter
3225 3112 3535 3167 succinctae

123 3202 343 3258 exertis
373 3198 629 3255 brachiis
657 3198 770 3269 (48)
796 3195 1037 3261 dextris,
1069 3201 1351 3266 tanquam
1386 3197 1599 3251 fascem
1634 3196 1889 3268 aliquem
1929 3196 2231 3265 levatum;
2291 3200 2374 3253 sic
2432 3203 2597 3253 erant
2652 3205 2893 3270 paratae:
2953 3199 3324 3255 vehementer
3377 3200 3535 3255 enim

123 3290 349 3346 hilares
379 3292 565 3351 erant,
598 3292 770 3357 atque
800 3289 1103 3357 promptis.
1137 3284 1267 3339 Haec
1298 3301 1431 3339 cum
1462 3284 1767 3351 vidissem,
1799 3302 2030 3341 mecum
2064 3287 2187 3357 ipse
2219 3288 2495 3357 mirabar,
2527 3289 2682 3358 quod
2713 3293 2833 3342 tam
2865 3304 3110 3359 magnas
3141 3292 3198 3342 et
3228 3288 3536 3359 praeclaras

124 3396 225 3435 res
256 3378 535 3433 viderem.
568 3377 639 3431 Et
666 3391 873 3430 rursus
910 3373 1168 3427 mirabar
1198 3373 1309 3445 (49)
1342 3378 1577 3445 propter
1605 3374 1859 3446 virgines
1892 3374 2045 3440 illas,
2075 3376 2225 3446 quod
2273 3383 2391 3430 tam
2426 3377 2645 3431 decorae
2675 3381 2731 3431 et
2768 3378 2879 3446 (50)
2911 3376 3169 3431 delicata:
3217 3380 3427 3444 essent,
3479 3379 3537 3431 et

122 3468 214 3523 ita
245 3468 581 3521 constanter
612 3479 677 3518 ac
702 3460 928 3517 fortiter
955 3464 1180 3517 starent
1208 3464 1492 3531 tanquam
1525 3464 1714 3515 totum
1746 3462 1955 3517 cmlum
1989 3467 2296 3533 portatura;
2328 3464 2460 3534 (51).
2494 3464 2561 3518 Et
2588 3481 2722 3518 cum
2755 3464 2875 3519 hac
2912 3464 3065 3519 intra
3095 3481 3188 3519 me
3217 3464 3533 3536 cogitarem

126 3559 276 3624 (52),
309 3555 390 3609 ait
408 3555 479 3609 ad
504 3569 595 3608 me
629 3552 831 3607 Pastor
850 3549 980 3605 ille:
1017 3549 1163 3615 Quid
1184 3549 1341 3604 intra
1367 3554 1423 3605 te
1453 3550 1721 3621 disputas
1756 3556 1931 3622 atque
1961 3552 2272 3622 torqueris,
2306 3558 2362 3607 et
2391 3553 2515 3623 ipse
2537 3552 2643 3608 tibi
2675 3552 3130 3608 sollicitudinem
3155 3553 3360 3625 adjicis
3392 3554 3536 3625 (53)?
3565 3558 3573 3567 '

125 3648 501 3713 Quaecunque
533 3656 648 3695 non
679 3642 844 3711 potes
870 3636 1220 3709 intelligere,
1252 3637 1369 3692 noli
1402 3639 1700 3693 attendere
1720 3640 1857 3709 (54),
1887 3644 2171 3711 tanquam
2205 3640 2250 3695 si
2285 3641 2521 3712 sapiens
2551 3642 2660 3707 sis;
2690 3642 2791 3695 sed
2826 3658 2965 3713 roga
2994 3642 3327 3712 Dominum,
3352 3647 3418 3697 ut
3445 3660 3535 3699 ac-

127 3738 299 3806 cepto
335 3748 513 3788 sensu
546 3726 840 3799 intelligas
870 3743 958 3781 ea.
992 3728 1363 3798 Quaecunque
1393 3732 1525 3799 post
1567 3732 1623 3782 te
1656 3732 1817 3795 sunt,
1859 3745 1975 3783 non
2004 3734 2168 3800 potes
2196 3729 2417 3795 videre;
2466 3746 2592 3801 quae
2623 3747 2754 3786 vero
2794 3735 2932 3785 sunt
2960 3735 3091 3785 ante
3129 3736 3205 3799 te,
3254 3732 3435 3787 vides.
3468 3734 3531 3788 In

125 3824 225 3880 his
256 3822 434 3895 igitur
465 3836 593 3891 quis
627 3834 744 3873 non
776 3819 941 3887 potes
971 3815 1186 3881 videre,
1217 3814 1335 3871 noli
1369 3816 1655 3887 torqueri;
1689 3822 1745 3871 et
1774 3833 1976 3873 eorum
2008 3817 2455 3890 intelligentiam
2488 3835 2627 3890 cape
2657 3820 2790 3890 (55),
2839 3836 2969 3891 qua:
3014 3824 3077 3874 tu
3109 3820 3289 3876 vides.
3322 3820 3532 3877 Desine

1302 3984 1547 4040 VARIIE
1587 3985 1979 4042 LECTIONES
2019 3987 2111 4042 ET
2149 3987 2361 4043 NOT/E

296 4189 313 4471 ἓ

297 5045 313 5327 Ξ

205 5046 230 5385 ἓ

225 4118 317 4184 30)
345 4115 484 4171 Mss.
516 4108 683 4184 Angl.
706 4107 973 4184 modeste.
1948 4110 2069 4184 (46)
2096 4112 2304 4184 Lamb.
2337 4111 2748 4184 dignitosiores.
2772 4112 2841 4165 Et
2888 4127 3060 4184 mox,
3085 4111 3388 4182 dignitosaz.
3439 4113 3533 4170 Sic

224 4181 313 4255 31)
344 4184 547 4241 Lamb.
578 4181 647 4255 ad
678 4181 971 4255 virginem.
1883 4182 2059 4237 etiam
2091 4182 2242 4255 infra
2270 4181 2407 4255 cap.
2427 4185 2462 4237 6
2484 4183 2593 4237 sub
2625 4182 2881 4255 initium,
2905 4182 3334 4255 dignitosospro
3358 4184 3533 4255 digni-

225 4252 313 4325 32)
342 4258 483 4313 Mss.
505 4252 674 4324 Angl.
700 4252 1060 4325 dignissimo.
1881 4258 2001 4307 tate
2028 4252 2359 4323 splendidos:
2388 4260 2573 4325 Atque
2605 4254 2684 4307 ita
2705 4253 3013 4325 legendum
3045 4252 3250 4310 statuit
3278 4252 3529 4313 Cleri—cus

340 4328 537 4384 Lamb.
568 4324 822 4401 Arcadiae
848 4326 1143 4401 montem.‘
1186 4391 1219 4401 Α
1427 4392 1464 4401 ἰ
1882 4340 1913 4378 e
1944 4340 2055 4379 ms.
2081 4325 2319 4401 _optimaa
2352 4324 2497 4379 notae
2529 4324 2950 4401 L_amb_e_thang._
2978 4326 3313 4401 «Voxenim
3344 4329 3529 4399 digni-

342 4401 428 4455 Ita
458 4415 600 4453 mss.
635 4395 863 4469 Lam_l_).,
896 4395 1048 4469 Yict_.
1090 4391 1373 4469 _et_C_arm.
1426 4392 1772 4469 I_ta_quoque
1880 4403 2047 4469 tosus,
2079 4391 2288 4469 inquit,
2326 4412 2441 4449 non
2480 4397 2580 4469 aevi
2617 4397 2853 4467 quidem
2892 4396 3250 4469 Ciceroniani
3282 4391 3523 4469 est,'sed

131 4463 272 4532 Falli
296 4463 439 4528 'edit.
473 4469 649 4526 Oxon.
682 4472 739 4539 et
767 4465 975 4521 Hamb.
1011 4463 1275 4519 Fabricii.
1310 4464 1398 4517 Al.
1439 4463 1591 4519 latae.
1881 4483 1985 4539 nec
2016 4463 2222 4539 intimi.
2248 4463 3517 4539 VeteresGlossse:Dignitosus,&szmpnzi6c..

204 4544 315 4618 (35)
344 4548 478 4618 Mss.
512 4539 683 4618 Angl.
715 4538 942 4618 hilares.
1878 4538 2188 4618 Vid.e_‘ite_m
2219 4540 2289 4618 de
2328 4539 2436 4618 hac
2465 4539 2997 4618 voce_Dhuc_angiur_n
3030 4540 3087 4594 in
3120 4538 3410 4618 Glossario.

205 4609 312 4684 (36)
346 4614 486 4670 Mss.
518 4609 689 4684 Angl.
721 4610 987 4684 uolucres.
1951 4610 2062 4680 (47)
2092 4614 2228 4663 Mss.
2262 4609 2433 4680 Angl.
2463 4611 2620 4684 apud
2657 4609 2907 4684 Fellum:
2948 4614 3132 4667 Inerat
3162 4617 3346 4668 autem
3375 4615 3521 4669 inter

227 4680 316 4755 37)
348 4686 547 4741 Lamb.
577 4680 817 4755 pabula:
902 4750 925 4755 _
1046 4749 1058 4755 _
1165 4751 1173 4755 _
1234 4748 1246 4755 _
1356 4753 1363 4755 Α
1460 4754 1465 4755 γ
1668 4749 1704 4755 __
1878 4696 2295 4755 generaearam
2324 4680 2605 4755 virginum
2640 4685 2691 4737 et
2730 4682 2816 4755 hae
2866 4682 3007 4755 bime
3054 4686 3261 4755 vestita?
3308 4686 3515 4739 linteis.

343 4758 480 4813 Mss.
520 4748 689 4827 Angl.
723 4750 867 4806 inde.
902 4749 1102 4805 Lamb.
1152 4748 1303 4818 inde,
1342 4753 1500 4803 tanto
1531 4749 1770 4819 amplius
1878 4748 2044 4822 Apud
2076 4752 2362 4827 Clericum
2400 4768 2533 4827 vero
2584 4754 2784 4807 Lamb.
2838 4754 2921 4827 sic
2966 4770 3026 4807 se
3050 4754 3286 4827 habet:
3336 4756 3518 4810 Inerat

134 4824 386 4890 [git-ores.
618 4824 660 4901 '.
726 4894 739 4901 _
800 4894 813 4901 ι
864 4894 877 4901 -
934 4894 945 4901 Δ
1210 4891 1234 4901 ο
1356 4890 1369 4901 ε
1490 4890 1542 4901 Δ.
1663 4892 1671 4901 ,
1877 4824 3520 4901 auteminter‘gratiamearumyirginumhxbinaevestitz

205 4903 311 4973 (39)
344 4894 685 4973 Mss.‘Angl.
720 4894 967 4949 habebat.
1000 4890 1179 4945 Addit
1210 4890 1415 4945 Lamb.
1451 4896 1502 4945 et
1524 4890 1770 4946 homines
1879 4896 2049 4973 lineis
2073 4890 2297 4973 tunicis,
2326 4899 2381 4949 et
2407 4890 2870 4973 decemjncincfae
2897 4898 3116 4973 exerti.s_.

135 4967 634 5049 proliovpinibasf
661 5036 673 5049 ‘
740 5036 752 5049 ν
812 5036 823 5049 ¹
875 5034 888 5049 ἱ
944 5036 955 5049 ⁸
1053 5033 1101 5049 ,γ
1160 5048 1169 5049 7
1950 4968 2070 5049 (48).
2096 4968 2183 5049 Ita
2209 4984 2350 5021 mss.
2383 4967 2554 5039 Angl.
2592 4969 2676 5049 Ita
2709 4972 2765 5022 et
2794 4967 2939 5020 Vict.
2973 4972 3052 5049 et‘
3074 4967 3519 5049 (‘l_arm._il‘or_ur_n

227 5045 313 5109 40)
355 5043 494 5098 Mss.
527 5034 958 5109 Angl.habebat
978 5033 1199 5087 arbores
1226 5049 1474 5103 magnas.
1880 5033 2022 5091 mas.
2056 5036 2361 5092 lectionem
2390 5033 2720 5109 seqvuuntur
2749 5054 2982 5109 quoque
3013 5038 3201 5095 Fellus
3230 5047 3286 5094 et
3324 5040 3521 5096 Fabri-

228 5108 313 5172 41)
344 5113 543 5169 Lamb.
580 5108 906 5164 tenebrosus.
1878 5109 2022 5163 cius.
2057 5108 2147 5162 Al.
2178 5112 2421 5164 exterius
2452 5108 2710 5165 brachiis.

227 5173 312 5247 42)
342 5182 503 5240 Bodl.
535 5182 807 5237 ordinatae
836 5183 1013 5233 erant.
1048 5173 1244 5247 Lamb.
1276 5180 1489 5230 ornata
1518 5180 1695 5230 erant.
1949 5179 2061 5247 (49)
2094 5180 2295 5235 Lamb.
2324 5182 2594 5237 movebar.

228 5246 313 5326 43)
363 5256 502 5311 Mss.
552 5251 739 5326 Angl.
787 5251 843 5326 si
886 5248 1009 5319 quis
1056 5246 1308 5326 vidisset,
1353 5248 1765 5326 concupisceret.
1948 5246 2065 5326 (50)
2094 5252 2232 5306 Mss.
2264 5251 2431 5322 Angl.
2464 5254 2697 5316 desunt,
2728 5252 2935 5308 decora
2964 5262 3034 5308 et.
3070 5257 3136 5307 Et
3164 5270 3297 5309 mox
3319 5256 3522 5312 Lamb.

136 5318 325 5390 Fellus
353 5328 413 5382 in
462 5342 571 5381 sua
618 5318 755 5379 edit.
806 5318 987 5377 OXOD.
1020 5318 1143 5388 quis
1198 5318 1438 5371 retinuit
1474 5335 1576 5389 pro
1625 5320 1770 5389 quis-
1878 5318 2116 5387 omittit,
2149 5318 2580 5378 constan'terac.

134 5404 304 5477 quis)“
346 5470 396 5477 Π
536 5473 543 5477 Δ
649 5464 662 5477 ‘
890 5464 899 5473 ι
965 5463 974 5473 1
2094 5394 2233 5477 Mss.
2271 5394 2440 5477 Angl.
2474 5394 2801 5477 portandum
2827 5394 3114 5477 haberent.

229 5473 311 5540 44)
345 5470 483 5524 Mss.
518 5464 686 5540 Angl.
720 5463 1146 5540 hilarissimum:
1358 5530 1370 5540 ι
1502 5530 1533 5540 η
1599 5532 1652 5540 ,Α
1721 5534 1730 5540 _
1879 5534 1918 5540 _
1948 5465 2060 5540 (52)
2094 5463 2447 5540 Mss.AAngl._
2471 5463 2827 5540 disputarem.
2850 5467 2919 5520 Et
2950 5484 3101 5536 mox,
3133 5468 3526 5540 disputas;ubi

229 5474 289 5527 44
345 5473 483 5524 Mss.
518 5473 686 5592 Angll.
720 5473 1146 5540 hilarissimum:
1502 5530 1511 5541 _
1948 5473 2060 5533 (5L5)
2094 5473 2232 5519 Mss.
2270 5473 2437 5536 Angl.
2471 5473 2872 5532 dixputureml

207 5473 312 5617 l45)
339 5541 599 5617 Laudant
620 5610 644 5617 Α
672 5554 783 5617 unc
814 5530 1558 5617 locumnorigenes'homil.
1588 5532 1769 5617 43,an
1878 5534 2189 5617 Felliaedit.
2222 5536 2413 5617 0xon._
2434 5537 2609 5617 habet
2644 5539 2872 5617 cogitas.

136 5600 343 5680 Bacch,”
377 5616 577 5668 auctor
609 5610 795 5681 Opera}
834 5600 1176 5681 imperfecti
1204 5600 1482 5681 in_Mo_tth.
1529 5620 1644 5671 XIX,
1678 5604 1766 5681 ‘2_8,
1949 5608 2060 5681 (53)
2094 5608 2233 5681 Mss.
2269 5608 2437 5679 Angl.
2472 5600 2719 5681 adducis;

141 5673 718 5751 etscriptoraVitaa'S.
753 5673 1050 5751 Genovefae
1091 5688 1214 5742 cap.
1350 5673 1568 5729 Horum
1596 5677 1770 5731 verba
1950 5680 2061 5744 (.31.)
2094 5680 2295 5751 Lamb,
2328 5673 2673 5751 p‘érpemiem

141 5742 285 5818 inter
314 5742 496 5816 Veter.
530 5752 770 5811 Testim.
803 5746 1075 5821 superius
1100 5742 1371 5815 reperies.

1183 5742 1371 5800 ieries.
1950 5742 2060 5821 (55)
2093 5750 2230 5807 Mss.
2265 5742 2435 5824 Angli
2467 5751 2766 5806 dominare.
