4036 6356
496 304 616 366 983
1613 242 1631 265 ⁶
1998 307 2037 367 S
2050 350 2063 364 .

2310 306 2411 366 UE
3794 305 3904 365 984

498 452 628 493 esse
658 436 947 493 curiosus.
980 438 1099 509 Ego
1138 440 1333 493 autem
1364 437 1780 494 demonstrabo
1802 437 1909 493 tibi
1939 443 2170 504 cuncta,
2220 454 2587 511 quaecunque
2617 438 2797 495 debeo
2829 437 2939 510 (56;
2973 437 3304 495 ostendere:
3352 452 3511 494 nunc
3540 437 3748 493 autem
3777 436 3907 492 reli-

507 543 624 599 qua
654 526 980 582 considera.

2015 644 2246 699 CAPUT
2289 644 2386 699 III.

568 786 635 840 Et
665 802 798 839 cum
829 784 949 840 haec
979 786 1224 842 dixisset
1252 786 1417 854 mihi,
1453 787 1692 858 suspexi
1730 786 1870 859 (57):
1907 791 1963 841 et
1985 804 2115 842 ecce
2145 786 2262 840 vidi
2282 787 2515 841 venisse
2542 803 2641 841 sex
2663 786 2816 842 viros
2846 785 3104 842 excelsos
3129 803 3194 841 ac
3214 785 3597 851 venerandos,
3620 788 3683 840 et
3715 801 3911 839 omnes

499 873 721 930 similes
746 875 857 943 (58)
888 876 1083 943 vultu;
1121 881 1177 929 et
1206 893 1441 930 vocasse
1476 878 1791 946 quamdam
1829 876 2267 930 multitudinem
2299 877 2554 930 virorum
2586 882 2681 943 ;et
2712 875 2770 929 hi
2805 876 2903 947 qui
2935 879 3211 930 venerant
3240 874 3421 930 vocati
3445 876 3515 929 ab
3540 873 3684 945 illis,
3720 880 3781 928 et
3809 874 3911 945 ipsi

499 980 730 1035 quoque
759 963 968 1018 excelsi
997 969 1052 1017 et
1077 966 1253 1018 fortes
1276 969 1457 1018 erant.
1492 966 1807 1019 Jusserunt
1838 970 2033 1019 autem
2088 965 2172 1018 illi
2216 982 2313 1020 sex
2345 982 2443 1020 eos
2474 966 2683 1018 turrim
2718 965 3032 1035 quamdam
3095 965 3205 1036 (59)
3258 980 3435 1035 super
3491 980 3621 1017 eam
3685 968 3911 1035 portam

498 1052 807 1109 aedificare.
835 1053 1083 1123 Magnus
1114 1070 1245 1106 vero
1277 1059 1414 1106 tunc
1450 1053 1717 1106 fremitus
1748 1054 1921 1123 cmpit
1952 1070 2078 1107 esse
2110 1053 2543 1108 decurrentium
2575 1053 2726 1108 circa
2756 1060 2985 1124 portam
3018 1052 3130 1107 huc
3163 1056 3333 1122 atque
3361 1051 3499 1106 illuc
3546 1052 3688 1123 (6U),
3713 1069 3911 1106 eorum

493 1141 749 1196 virorum
766 1142 947 1212 quiad
986 1142 1389 1195 aedificandam
1424 1141 1629 1195 turrim
1649 1142 2469 1213 convcnerant(61).Virgines
2491 1158 2622 1196 vero
2654 1140 2767 1195 illae
2800 1142 3176 1212 quaestabant
3195 1141 3348 1195 circa
3364 1141 3915 1212 portam,jubebant

493 1229 1033 1284 eisaediﬁcationem
1054 1230 1870 1301 turrisaccelerare(62).lpsae
1903 1237 2095 1284 autem
2116 1235 2973 1301 exporrexeruntmanussuas,
3002 1234 3282 1300 tanquam
3324 1228 3544 1300 aliquid
3592 1235 3914 1300 acceptura

497 1318 569 1373 ab
601 1317 740 1373 illis.
775 1319 939 1372 Tunc
974 1317 1057 1371 illi
1093 1320 1544 1389 sexjusserunt,
1568 1322 1631 1372 ut
1668 1320 1781 1388 (63)
1830 1336 1895 1373 ex
1928 1320 2181 1390 quodam
2233 1319 2519 1390 profundo
2572 1318 2795 1389 lapides
2845 1316 3195 1383 attollerent,
3255 1322 3312 1371 et
3352 1318 3410 1371 in
3470 1317 3917 1372 aediﬁcationem

496 1406 678 1461 turris
710 1411 1123 1479 praepararent.
1160 1408 1227 1462 Et
1252 1407 1455 1461 elevati
1491 1412 1626 1461 sunt
1657 1408 1855 1463 decem
1888 1408 2107 1479 lapides
2152 1409 2406 1473 candidi,
2430 1408 2696 1479 quadrati
2733 1408 2863 1478 (64),
2896 1406 3247 1461 circumcisi.
3284 1404 3605 1476 Postquam
3636 1422 3777 1460 vero
3830 1423 3917 1459 se:

496 1493 579 1548 illi
611 1496 1041 1550 advocaverunt
1072 1496 1179 1550 has
1213 1496 1492 1568 virgines,
1521 1497 1834 1566 jusserunt
1862 1513 1961 1552 eas
1994 1499 2296 1553 universos
2326 1497 2569 1569 lapides,
2612 1496 2946 1567 quicunque
2977 1496 3038 1549 in
3086 1496 3267 1550 turris
3300 1494 3751 1549 aedificationem
3782 1496 3917 1549 mit-

496 1583 657 1638 tendi
690 1589 907 1652 essent,
943 1589 1176 1655 portare
1209 1586 1351 1657 (65);
1384 1591 1440 1641 et
1471 1585 1783 1640 translatos
1801 1603 1903 1657 per
1933 1592 2159 1657 portam
2192 1587 2420 1642 tradere
2463 1587 2576 1657 (66)
2626 1585 2711 1640 eis
2743 1572 2844 1656 qui
2894 1583 3235 1640 mdificaturi
3278 1588 3443 1639 erant
3469 1584 3688 1638 turrim
3736 1583 3916 1639 illam.

495 1671 782 1728 Continuo
812 1672 898 1727 ha:
928 1673 1182 1745 virgines
1212 1675 1446 1729 eosdem
1471 1674 1694 1745 lapides
1720 1674 1818 1745 qui
1852 1675 2013 1746 prius
2043 1674 2247 1730 elevati
2279 1680 2443 1730 erant
2495 1676 2607 1744 (67)
2630 1674 2700 1729 de
2732 1674 3041 1746 profundo,
3073 1673 3228 1729 inter
3254 1690 3316 1729 se
3345 1672 3571 1728 elevare
3592 1672 3712 1743 (68)
3734 1689 3917 1744 cmpe-

496 1764 639 1816 runt
668 1762 890 1833 pariter
918 1778 1143 1817 omnes.

2010 1879 2238 1935 CAPUT
2277 1878 2371 1933 IV.

574 2020 680 2087 Qui
713 2024 907 2076 autem
937 2023 1223 2076 steterunt
1252 2021 1405 2076 circa
1434 2025 1683 2093 portam,
1718 2021 1801 2077 sic
1834 2021 2009 2077 etiam
2043 2022 2381 2093 portabant:
2434 2025 2498 2077 ut
2529 2021 2628 2093 qui
2662 2021 3019 2077 videbantur
3064 2036 3193 2077 esse
3225 2019 3514 2090 fortiores,
3566 2020 3639 2075 ad
3670 2018 3919 2091 angulos

506 2114 895 2182 ponerentur:
931 2111 1120 2165 caeteri
1150 2128 1289 2165 vero
1320 2110 1543 2182 lapides
1575 2113 1645 2166 ad
1678 2111 1861 2167 latera
1893 2111 2358 2183 subjiciebantur
2387 2111 2499 2182 (69)
2536 2129 2548 2165 :
2584 2113 2759 2182 atque
2800 2111 2881 2165 ita
2910 2109 3214 2166 universos
3255 2110 3479 2181 lapides
3525 2107 3918 2181 pertulerunt.

502 2215 721 2271 eosque
754 2216 854 2270 per
884 2205 1114 2271 portam
1151 2201 1263 2271 (70)
1295 2200 1612 2255 translatos
1643 2201 2087 2268 aediﬁcantibus,
2121 2202 2274 2256 sicut
2295 2202 2477 2272 jussa
2496 2204 2661 2255 erant
2690 2200 2826 2271 (71),
2856 2200 3246 2255 tradiderunt.
3271 2199 3359 2254 Illi
3386 2215 3518 2254 vero
3540 2197 3921 2270 excipientes.

501 2293 920 2344 exstruxerunt
952 2288 1103 2343 illos.
1140 2289 1269 2342 Haec
1301 2294 1495 2343 autem
1527 2290 1834 2344 aediﬁcatio
1861 2306 2038 2359 super
2066 2288 2227 2343 illam
2262 2294 2488 2361 petram
2522 2305 2800 2361 magnam
2829 2294 2887 2343 et
2916 2292 3141 2360 portam
3166 2288 3367 2353 fiebat;
3402 2292 3578 2357 atque
3609 2286 3786 2342 abiis
3813 2292 3923 2341 tota

500 2377 689 2431 turris
720 2378 1180 2431 sustentabatur.
1214 2377 1436 2432 Horum
1470 2383 1662 2431 autem
1698 2378 1895 2432 decem
1944 2378 2205 2449 lapidum
2242 2381 2538 2433 structura
2556 2382 2737 2432 totam
2776 2382 3003 2448 portam
3039 2375 3197 2432 illam
3229 2375 3487 2447 replevit,
3520 2393 3649 2447 qua
3701 2375 3769 2431 in
3802 2376 3922 2430 fun-

512 2466 790 2520 damento
820 2466 1001 2519 turris
1025 2465 1184 2520 illius
1216 2483 1342 2521 esse
1365 2467 1551 2537 coepit.
1587 2467 1723 2521 Post
1754 2465 1885 2521 illos
1924 2483 2057 2521 vero
2086 2467 2284 2522 decem
2318 2467 2560 2537 lapides,
2609 2465 2707 2520 alii
2736 2465 2943 2538 viginti
2992 2465 3252 2536 quinque
3294 2463 3503 2520 elevati
3531 2470 3677 2521 sunt
3710 2465 3829 2536 (72)
3863 2466 3923 2517 de

510 2553 834 2625 profundo;
869 2558 926 2608 et
956 2553 1014 2607 hi
1041 2555 1247 2609 structi
1280 2560 1419 2609 sunt
1450 2556 1507 2608 in
1532 2555 1972 2611 mdiﬁcationem
2000 2555 2180 2609 turris
2212 2556 2501 2625 ejusdem,
2534 2570 2638 2626 per
2666 2554 2800 2610 illas
2827 2554 3083 2627 virgines
3101 2554 3292 2621 levati,
3324 2554 3481 2609 sicut
3507 2553 3765 2626 priores.
3800 2558 3925 2608 Post

508 2642 639 2711 hos,
674 2640 775 2696 alii
807 2642 1047 2714 triginta
1077 2643 1337 2715 quinque
1364 2644 1567 2699 elevati
1601 2649 1758 2711 sunt,
1791 2649 1847 2700 et
1877 2644 1939 2698 hi
1969 2643 2238 2699 similiter
2272 2643 2330 2698 in
2363 2645 2564 2699 eodem
2593 2659 2765 2715 Opere
2796 2644 2975 2715 aptati
3006 2648 3164 2699 sunt.
3203 2644 3340 2699 Post
3361 2642 3489 2710 hos,
3532 2643 3923 2715 quadraginta

507 2728 735 2801 lapides
767 2732 1181 2799 ascenderunt;
1218 2737 1275 2786 et
1312 2732 1371 2787 hi
1407 2749 1610 2787 omnes
1637 2733 1847 2803 adjecti
1879 2737 2017 2786 sunt
2039 2733 2097 2787 in
2129 2737 2487 2787 structuram
2514 2730 2891 2787 turrisillius.
2920 2734 3177 2796 Quatuor
3196 2748 3330 2804 ergo
3362 2731 3598 2787 ordines
3624 2735 3923 2803 coeperunt
3996 2736 3997 2743 ‘

511 2834 640 2874 esse
661 2819 719 2873 in
750 2820 1133 2875 fundamento
1160 2821 1340 2875 turris
1372 2820 1530 2876 illius
1554 2822 1699 2893 (73);
1725 2822 2023 2877 desierunt
2051 2821 2208 2876 enim
2237 2820 2460 2893 lapides
2491 2820 2715 2877 extrahi
2736 2822 2807 2876 de
2832 2821 2947 2893 (74)
2977 2821 3296 2893 profundo:
3330 2819 3631 2892 paulisper
3655 2825 3720 2875 et
3742 2820 3807 2875 hi
3831 2819 3921 2891 qui

513 2908 901 2973 aedificabant,
934 2908 1293 2980 quieverunt.
1325 2912 1537 2965 Iterum
1572 2910 1655 2965 illi
1687 2927 1786 2966 sex
1812 2911 1918 2965 viri
1953 2910 2314 2965 multitudini
2342 2911 2423 2965 illi
2448 2910 2900 2981 imperaverunt,
2933 2915 2997 2964 ut
3026 2911 3098 2965 de
3129 2909 3246 2965 illis
3278 2910 3587 2965 duodecim
3614 2909 3919 2965 montibus

510 3001 889 3068 apportarent
919 2998 1033 3067 (75)
1055 2996 1279 3069 lapides
1302 2999 1371 3053 ad
1406 2999 1849 3054 aedificationem
1881 2998 2060 3054 turris
2090 2999 2374 3068 ejusdem.
2403 2998 2489 3053 Illi
2520 3003 2711 3054 autem
2745 2998 3088 3054 excidebant
3115 2998 3491 3054 deuniversis
3506 2998 3823 3054 montibus
3842 3016 3919 3053 va-

512 3087 734 3142 riorum
768 3085 1024 3141 colorum
1059 3086 1283 3158 lapides
1314 3088 1426 3159 (76)
1454 3106 1465 3153 ;
1500 3092 1555 3141 et
1586 3089 1905 3144 deferentes
1935 3105 2033 3143 eos
2074 3089 2185 3159 (77)
2219 3088 2594 3160 porrigebant
2630 3088 2983 3160 virginibus:
3021 3104 3168 3158 quos
3194 3087 3305 3142 ille
3336 3088 3689 3159 accipientes
3729 3093 3918 3142 trans~

511 3175 779 3230 ferebant
809 3177 943 3246 (i8),
978 3181 1035 3229 et
1064 3176 1123 3230 in
1156 3177 1602 3232 aedificationem
1635 3178 1816 3232 turris
1847 3178 2241 3250 porrigebant.
2298 3178 2357 3231 In
2416 3194 2533 3247 qua
2579 3192 2714 3231 cum
2744 3176 2951 3231 structi
3010 3180 3208 3231 essent
3236 3177 3348 3247 (79)
3376 3175 3484 3242 illi,
3531 3176 3805 3242 candidi,
3842 3193 3922 3229 va-

508 3264 701 3335 riique
736 3263 990 3320 fiebant:
1022 3269 1078 3319 et
1100 3264 1373 3320 similiter
1398 3282 1603 3321 omnes
1634 3267 1857 3337 priores
1883 3268 1997 3337 (80)
2030 3266 2342 3321 mutabant
2371 3266 2611 3321 colores.
2644 3265 2893 3328 Quidam
2924 3281 3059 3320 vero
3103 3266 3174 3320 ab
3206 3266 3351 3337 ipsis
3378 3264 3519 3320 viris
3547 3266 3923 3339 porrigeban-

505 3357 639 3419 tur;
674 3352 773 3424 qui
808 3368 940 3407 cum
973 3352 1031 3407 in
1060 3370 1188 3408 eam
1220 3354 1665 3410 mdiﬁcationem
1700 3355 2018 3425 venissent,
2055 3355 2257 3426 quales
2288 3356 2677 3426 ponebantur,
2709 3353 2855 3409 tales
2887 3358 2945 3409 et
2974 3354 3414 3425 permanebant.
3450 3354 3514 3408 Hi
3556 3371 3665 3410 nec
3694 3355 3921 3410 candidi

508 3440 750 3509 ﬁebant,
786 3458 890 3496 nec
921 3442 1100 3509 varii;
1136 3443 1416 3514 quoniam
1448 3460 1562 3497 non
1598 3448 1765 3498 erant
1793 3443 2173 3515 avirginibus
2206 3460 2309 3515 per
2339 3448 2564 3514 portam
2593 3441 2883 3497 translati.
2916 3442 2983 3497 Hi
3009 3458 3148 3513 ergo
3187 3442 3408 3513 lapides
3438 3442 3743 3500 deformes
3776 3448 3923 3499 erant

509 3530 571 3584 in
602 3529 983 3585 aediﬁcatione
1014 3531 1155 3602 (81);
1189 3548 1337 3601 quos
1370 3550 1505 3587 cum
1540 3518 2088 3588 animadvertissent
2139 3532 2224 3586 illi
2277 3550 2377 3587 sex
2420 3532 2547 3599 viri,
2573 3533 2884 3602 jusserunt
2911 3530 3036 3585 tolli
3095 3536 3153 3586 et
3199 3548 3306 3587 suo
3352 3530 3478 3587 loco
3530 3533 3747 3604 reponi
3787 3533 3922 3588 unde

512 3617 689 3672 delati
721 3617 949 3673 fuerant
979 3618 1110 3690 (82).
1144 3621 1216 3674 Et
1246 3621 1450 3675 dicunt
1482 3622 1553 3675 ad
1590 3621 1721 3676 illos
1754 3622 1850 3693 qui
1885 3620 2111 3693 lapides
2143 3620 2276 3676 illos
2325 3621 2671 3676 aﬁ‘erebant:
2715 3620 2965 3676 Omnino
3007 3637 3109 3676 vos
3163 3620 3332 3676 nobis
3380 3622 3451 3676 ad
3481 3621 3921 3678 aediﬁcationem

511 3706 663 3762 hanc
694 3706 916 3779 lapides
948 3708 1245 3779 porrigere
1266 3710 1475 3777 nolite;
1509 3711 1608 3765 sed
1625 3712 1797 3781 juxta
1828 3711 2036 3765 turrim
2070 3710 2265 3782 ponite
2282 3727 2401 3780 eos,
2436 3716 2499 3765 ut
2529 3709 2615 3764 hae
2644 3708 2905 3781 virgines
2931 3708 3247 3765 translatos
3276 3710 3604 3782 porrigant;
3632 3710 3761 3768 nisi
3784 3711 3922 3767 enim

510 3796 586 3851 ab
618 3794 711 3851 his
733 3796 1061 3868 virginibus
1093 3798 1362 3853 translati
1398 3797 1615 3855 fuerint
1661 3816 1762 3870 per
1790 3800 1941 3854 hanc
2000 3803 2247 3870 portam,
2306 3798 2526 3855 colores
2578 3815 2716 3854 suos
2766 3802 2998 3853 mutare
3031 3814 3146 3853 non
3200 3802 3477 3870 possunt:
3512 3799 3695 3855 nolito
3761 3800 3924 3873 igitur

511 3884 730 3941 frustra
756 3885 1047 3942 laborare.

1685 4013 1923 4068 VARIIE
1965 4012 2360 4069 LECTIONES
2402 4013 2489 4068 ET
2527 4011 2742 4070 NOTAE

605 4135 696 4209 56)
726 4135 927 4209 Lamb.
957 4138 1205 4207 potueris
1229 4154 1332 4209 pro
1361 4137 1551 4193 debeo.
2347 4138 2457 4209 (68)
2490 4138 2644 4209 Mss.‘
2663 4135 2835 4209 Angl.
2862 4136 3121 4209 allevare.

604 4206 693 4279 57)
728 4208 930 4262 Lamb.
959 4206 1247 4278 inspexi.‘
2342 4206 2453 4279 (69)
2510 4207 2671 4262 Bodl.
2708 4206 3061 4263 a‘lateribus
3110 4207 3392 4263 subibant.
3445 4206 3541 4262 Sic
3598 4211 3656 4262 et
3709 4209 3925 4269 Lamb.

582 4278 694 4352 (58)
739 4279 942 4333 Lamb.
984 4282 1196 4336 venisse
1262 4282 1409 4335 viros
1458 4281 1715 4351 excelsos,
1767 4280 2070 4350 dignitosos
2113 4284 2163 4334 et
2272 4278 2673 4352 praepositione
2697 4284 2951 4334 tamena
2980 4278 3040 4352 in
3073 4295 3102 4334 e
3159 4282 3405 4352 mutata.

511 4348 753 4424 similes:
875 4421 887 4424 _
1112 4422 1136 4424 η
1662 4422 1673 4424 ἓ
1700 4348 1709 4351 ’
1836 4348 1845 4350 ⁷
2272 4348 2292 4352 ’
2344 4348 2454 4423 (70)
2496 4351 2698 4406 Lamb.
2745 4354 2952 4422 portas.
2984 4351 3053 4405 Et
3100 4348 3273 4423 paulo
3302 4354 3455 4422 post,
3484 4357 3647 4422 porta
3674 4366 3796 4423 pro
3823 4368 3926 4424 par-

584 4419 696 4494 (59)
730 4421 1051 4494 Lamb.ieos
1072 4422 1169 4477 illi
1195 4439 1268 4477 ex
1297 4427 1451 4477 turre
1472 4422 1791 4494 quamdam.
2273 4419 2402 4477 tam.

582 4490 695 4561 (60)
728 4492 887 4565 Bodl.
920 4493 1348 4548 discurrentium
1392 4490 1537 4549 circa
1577 4503 1795 4565 portam
1844 4495 1971 4548 hinc
2006 4499 2166 4565 atque
2346 4495 2457 4565 (71)
2488 4495 2627 4548 Mss.
2663 4490 2832 4565 Angl.
2862 4494 3162 4565 jusserunt.

512 4554 689 4637 illinc;
722 4564 921 4637 Lamb.
957 4582 1183 4635 quoque
1212 4566 1549 4637 habethinc
1577 4554 1740 4637 atque
1768 4567 1945 4620 illinc.
2072 4554 2085 4565 ’
2490 4567 2627 4619 Mss.
2664 4554 3346 4637 Angl._ascenderunt.iut
3376 4578 3547 4637 saepe.

583 4635 695 4707 (61)
727 4636 821 4690 Sic
855 4634 1060 4691 Lamb.
1094 4634 1189 4692 Sic
1228 4643 1284 4691 et
1316 4635 1455 4691 Felli
1487 4639 1627 4693 edit.
1650 4634 1843 4693 Oxon.
1877 4639 1968 4694 Al.
2002 4654 2161 4693 vene-
2343 4634 2454 4707 (73)
2489 4637 2688 4691 Lamb.
2719 4635 3095 4707 fundamentis
3123 4636 3303 4707 turris
3319 4634 3500 4707 hujus.

511 4705 683 4778 rant.
2343 4705 2454 4778 (74)
2486 4708 2845 4778 Lamb.ergo
2876 4705 3085 4777 lapides
3113 4705 3398 4778 ascendere
3416 4706 3499 4760 de.

583 4714 657 4760 nt.
1010 4782 1018 4790 ⁸
1376 4782 1384 4791 1
1526 4783 1534 4791 ⁸
2343 4714 2458 4841 (74)
2486 4714 2687 4789 Lamb:
2721 4722 2845 4776 ergo
2876 4714 3085 4788 lapides
3113 4714 3398 4789 ascendere
3416 4714 3518 4787 αθ..
3591 4775 3602 4786 ⁸
3638 4775 3651 4786 .

583 4776 693 4849 (62)
726 4778 928 4833 Lamb.
961 4780 1218 4834 videbant
1271 4780 1693 4849 .rdzﬁcatzonem
1733 4782 1913 4835 turris
1957 4781 2160 4835 accele-
2344 4781 2435 4849 (75
2487 4779 2566 4833 De
2593 4777 2807 4849 quibus
2829 4782 3048 4832 mentio
3067 4794 3193 4849 cap.
3216 4779 3240 4832 1
3267 4777 3449 4848 huius
3470 4775 3699 4832 sumht.
3744 4776 3917 4834 Fellus
3996 4806 3997 4811 η

509 4848 633 4903 rari
656 4848 918 4919 Oportere.
956 4850 1095 4904 Felli
1127 4856 1322 4905 autem
1366 4848 1503 4905 edit.
1556 4852 1733 4906 Oxon.
1770 4852 1885 4905 sic:
1918 4852 2162 4921 Agnove—
2272 4848 2470 4905 autem
2505 4848 2725 4913 statim,
2775 4850 3050 4919 deferrent
3087 4848 3189 4919 pro
3233 4851 3611 4920 apportarent,
3644 4849 3814 4920 quod
3841 4866 3917 4905 ex-

509 4929 641 4971 runt
668 4922 735 4971 ab
765 4924 842 4971 eis
862 4922 1281 4971 mdiﬁmtinnem
1336 4926 1508 4971 turris
1555 4924 1852 4971 nceelemri
1898 4927 2157 4971 onortere-
2271 4922 2471 4971 bibent
2506 4938 2647 4971 mss.
2674 4919 2841 4971 Antzl.
2936 4948 2942 4954 -

508 4929 641 4975 runt
668 4922 735 4974 ab
765 4924 842 4975 cis
862 4922 1281 4991 aediﬁcationem
1336 4926 1508 4977 turris
1555 4924 1852 4978 accelerari
1898 4927 2102 4992 Oporter

579 4992 694 5061 (63)
724 4993 863 5047 Mss.
899 4994 1072 5065 A‘ngl.
1107 4995 1289 5063 deest,
1320 5002 1396 5047 ut.
1433 4995 1500 5048 Et
1543 5012 1677 5049 mox
1709 5011 1810 5065 pro
1858 4996 2101 5049 attollere

511 5066 568 5117 et
593 5074 992 5133 prwpararent,
1028 5067 1245 5119 habent
1276 5066 1564 5120 ascendere
1595 5072 1652 5121 et
1680 5068 1877 5133 aptari.
1921 5066 2102 5121 Statin

2004 4927 2158 4977 rtere.
2271 4922 2471 4976 bibent
2506 4938 2647 4975 mss.
2674 4922 2841 5043 Angll.
2936 4948 2976 5001 -υ

2004 4997 2162 5074 'erent
2342 4994 2455 5133 (76)
2487 4993 2626 5046 Mss.
2662 5000 2790 5061 Ang
2821 5032 2831 5043 .
2860 4989 3065 5061 lapides
3094 4992 3266 5075 variis
3303 4990 3598 5047 coloribus.

2004 5071 2161 5120 illm-
2342 5067 2431 5133 (77
2489 5064 2631 5118 Mss.
2666 5062 2834 5133 Angl.
2866 5065 3199 5132 apportutos.

511 5066 568 5117 et
593 5062 1245 5134 prapararentfbabent
1276 5062 1564 5120 ascendere
1595 5072 1652 5121 et
1680 5062 1877 5133 aptari.
1921 5066 2161 5121 Statim-
2342 5062 2453 5134 (77)
2489 5064 2631 5118 Mss.
2666 5062 2834 5134 Angl.
2866 5065 3217 5132 apportatos.’

509 5132 649 5205 que:
685 5137 748 5191 Et
775 5137 1133 5192 ascenderunt
1156 5138 1355 5193 decem.
2341 5132 2453 5207 (78)
2488 5135 2627 5207 Mss.
2664 5132 2839 5207 ang],
2863 5133 3237 5203 porrigebant,
3256 5139 3311 5188 et
3331 5149 3465 5188 mox
3493 5133 3911 5204 transferebant.

580 5207 690 5277 (64)
723 5207 921 5262 Lamb.
982 5208 1200 5278 quidem
1258 5214 1315 5263 et
1363 5208 1638 5278 quadrati.
1698 5209 1790 5262 Sic
1842 5214 1897 5263 et
1950 5208 2159 5263 Fellus.
2270 5204 2366 5263 Sic
2391 5204 2447 5262 et
2474 5206 2611 5261 Felli
2644 5204 2783 5260 edit.
2808 5204 2988 5259 Oxon.

509 5274 650 5351 Voci
675 5274 873 5334 autem
900 5274 1189 5351 sequenti,
1217 5274 1551 5345 circumcisi,
1572 5281 2044 5351 praemittendum
2068 5296 2163 5334 nec
2343 5281 2455 5350 (79)
2483 5278 2686 5351 Lamb.
2718 5292 2883 5351 quam
2907 5291 3034 5351 (eum
3064 5274 3339 5329 instructi.

504 5348 674 5419 jubet
706 5347 1023 5406 Coteleriu—s
1052 5369 1116 5405 ex
1150 5369 1274 5421 cap.
1308 5353 1342 5404 5
1372 5358 1427 5405 et
1459 5354 1541 5405 16.
1572 5347 1588 5351 ⁷
2342 5347 2453 5419 (80)
2491 5347 3197 5421 Lamb.et_simitesomnes
3220 5347 3905 5419 etpriores.Mss.qnoque

583 5421 694 5489 (65)
737 5422 935 5478 Lamb.
971 5440 1086 5493 ejus
1144 5419 1565 5493 :edi/icationem
1614 5424 1750 5476 ituri
1804 5431 1981 5477 essent
2026 5439 2159 5492 por-
2268 5421 2414 5475 Vict.
2449 5425 2507 5476 et
2536 5420 2726 5493 Carm.
2760 5419 2994 5493 habent,
3027 5426 3078 5472 et
3103 5420 3339 5488 priores.

512 5497 645 5566 tare.
686 5564 689 5566 η
991 5489 1002 5493 ’
1228 5565 1231 5566 ν
1259 5489 1265 5493 ⁷
1974 5554 1985 5566 ,
2027 5489 2035 5492 ⁷
2340 5494 2453 5563 (81)
2487 5492 2687 5566 Lamb.
2718 5489 3164 5566 aediﬁcationem.

586 5563 698 5637 (66)
730 5565 923 5637 bamb.
962 5582 1095 5637 cum
1125 5565 1305 5620 Folio:
1344 5566 1527 5620 itidem
1557 5566 1789 5621 trudere.
1974 5559 1985 5566 ’
2343 5559 2455 5637 (82)
2485 5565 2623 5619 Mss.
2659 5561 2832 5633 Angl.
2868 5562 3068 5631 referri
3090 5559 3234 5616 unde
3262 5560 3556 5633 deportati.

587 5634 697 5704 (67)
730 5634 867 5689 Mss.
904 5636 1074 5708 Angl.
1106 5638 1278 5707 primi
1304 5638 1678 5693 ascenderunt.
