4036 6356
466 411 579 473 987
1959 425 2022 486 8.

2262 429 2367 490 LE
3738 431 3856 494 988

465 545 634 636 longe
665 563 699 603 a
730 550 877 605 turri
908 550 1199 623 projicies.
1232 554 1360 610 Haec
1390 572 1521 611 cum
1554 558 1922 630 praecepisset
1949 560 2025 627 ei,
2057 577 2190 616 cum
2221 563 2496 619 omnibus
2537 580 2671 620 cum
2724 564 2942 636 quibus
2994 568 3228 621 venerat
3268 565 3340 620 ad
3392 565 3621 631 turrim,
3675 564 3857 619 abiit:

462 635 720 708 virgines
751 643 944 695 autem
975 640 1085 695 illas
1112 647 1400 699 steterunt
1421 646 1573 701 circa
1596 648 1825 715 turrim,
1852 649 2247 706 custodientes
2274 670 2423 707 eam.
2448 654 2515 707 Et
2548 654 2663 708 dixi
2695 635 2764 709 ad
2818 659 3109 725 pastorem
3158 654 3357 709 illum:
3386 656 3648 719 Quonam
3683 654 3859 708 modo

462 732 711 796 possunt
735 727 961 799 lapides
991 730 1049 784 hi
1076 730 1134 784 in
1168 737 1521 789 structuram
1547 735 1724 805 hujus
1747 738 1945 803 turris,
1977 755 2110 794 cum
2143 742 2432 812 reprobati
2464 742 2582 798 sint
2614 743 2847 799 redire?
2870 744 2935 797 Et
2966 743 3110 797 dixit
3160 742 3339 798 mihi:
3390 748 3503 814 Ego
3548 743 3619 797 de
3649 741 3859 813 lapidi-

459 814 569 869 bus
592 815 720 871 istis
748 819 1028 889 majorem
1063 826 1287 891 partem
1317 824 1729 879 circumcidam
1761 832 1817 881 et
1847 828 2116 897 adjiciam
2148 829 2203 883 in
2246 836 2624 899 structuram,
2656 836 2713 887 et
2742 832 3086 886 convenient
3137 847 3269 885 cum
3314 830 3556 885 caeteris.
3602 831 3671 885 Et
3701 831 3857 884 dixi:

459 902 579 966 Quo
612 906 803 973 modo,
830 908 1088 975 domine,
1115 917 1361 981 possunt
1382 913 1708 969 circumcisi
1737 917 2004 971 eumdem
2039 917 2229 973 locum
2256 920 2495 991 implere
2529 922 2686 991 (11)?
2709 922 3075 991 Quicunque,
3107 920 3317 990 inquit,
3350 920 3604 974 minores
3635 919 3858 973 inventi

462 992 696 1081 fuerint,
731 994 790 1048 in
824 998 1077 1051 mediam
1113 1006 1463 1055 structuram
1488 1002 1823 1074 ibunt(12);
1859 1007 2107 1076 majores
2140 1024 2271 1062 vero
2302 1009 2371 1063 de
2405 1010 2544 1063 foris
2578 1016 2891 1081 ponuntur,
2918 1015 2973 1063 et
2993 1008 3373 1063 continebunt
3402 1025 3520 1063 eos.
3557 1012 3689 1062 Haec
3722 1024 3855 1061 cum

463 1080 705 1137 dixisset
724 1084 863 1139 mihi
889 1103 907 1138 :
975 1087 1208 1151 Eamus,
1260 1090 1474 1161 inquit,
1532 1096 1589 1146 et
1633 1098 1762 1163 post
1808 1094 2066 1149 triduum
2117 1102 2510 1164 revertamur;
2545 1105 2601 1153 et
2629 1099 2977 1153 emundatos
3010 1097 3116 1151 hos
3147 1096 3367 1167 lapides
3400 1097 3457 1151 in
3492 1102 3853 1151 structuram

463 1171 763 1241 adjiciam.
796 1178 873 1229 Ea
894 1176 1049 1229 enim
1082 1194 1207 1247 qua
1231 1184 1364 1233 sunt
1412 1180 1564 1234 circa
1593 1182 1821 1251 turrim,
1855 1186 2257 1239 commundari
2289 1186 2500 1240 debent
2530 1187 2765 1255 omnia;
2798 1203 2870 1241 ne
2902 1186 3046 1241 forte
3077 1186 3273 1239 subito
3305 1182 3726 1256 paterfamilias
3758 1201 3859 1239 su-

460 1261 778 1330 perveniat,
802 1270 858 1317 et
888 1263 1194 1320 immunda
1211 1284 1276 1322 ea
1305 1285 1431 1338 quas
1463 1270 1614 1323 circa
1642 1271 1851 1325 turrim
1885 1277 2040 1337 sunt,
2070 1272 2342 1343 inveniat,
2372 1279 2427 1329 et
2458 1274 2540 1329 ita
2571 1280 2916 1346 aspernetur
2944 1274 3054 1345 (13)
3081 1294 3094 1337 Ï‚
3127 1280 3184 1328 et
3209 1274 3268 1327 hi
3301 1274 3527 1345 lapides
3561 1290 3678 1328 non
3716 1273 3850 1327 mit-

459 1351 660 1405 tantur
687 1351 802 1423 (14)
824 1352 884 1406 in
916 1358 1269 1411 structuram
1290 1357 1468 1413 turris
1499 1358 1699 1429 hujus,
1722 1364 1777 1414 et
1805 1377 1909 1431 ego
1932 1361 2229 1433 negligens
2259 1364 2677 1433 paterfamilias
2707 1364 2819 1436 (15)
2848 1364 3047 1418 videar
3076 1378 3226 1417 esse.
3275 1366 3415 1417 Post
3442 1362 3708 1417 triduum
3745 1361 3855 1432 (16)

458 1441 652 1493 autem
673 1455 807 1495 cum
839 1442 1204 1498 venissemus
1236 1445 1306 1499 ad
1331 1448 1594 1501 eamdem
1620 1448 1850 1514 turrim,
1885 1449 1965 1503 ait
1997 1449 2140 1503 mihi
2165 1467 2179 1505 :
2210 1450 2661 1507 Consideremus
2688 1451 2793 1507 hos
2824 1450 3051 1523 lapides
3081 1466 3305 1519 omnes,
3334 1455 3391 1505 et
3418 1449 3721 1506 videamus
3753 1448 3852 1521 qui

457 1540 525 1581 ex
572 1528 658 1583 eis
688 1536 938 1601 possunt
968 1532 1025 1586 in
1057 1536 1412 1589 structuram
1443 1536 1525 1590 ire
1556 1538 1687 1607 (17).
1721 1536 1858 1592 Dico
1889 1537 1976 1592 ei:
2010 1538 2475 1602 Consideremus,
2508 1539 2761 1595 domine.

1942 1654 2173 1710 CAPUT
2214 1655 2363 1710 VIII.

536 1743 798 1801 Primum
830 1747 1092 1803 omnium
1124 1748 1405 1820 coepimus
1438 1750 1801 1806 considerare
1831 1769 1929 1808 eos
1952 1754 2051 1824 qui
2083 1754 2233 1824 nigri
2266 1753 2731 1818 fuerant.Quales
2764 1754 2917 1809 enim
2951 1771 2985 1809 a
3014 1756 3310 1809 structura
3330 1753 3580 1826 depositi
3611 1754 3859 1824 fuerant,

461 1830 608 1887 tales
637 1839 779 1889 sunt
799 1837 1027 1907 reperti.
1059 1838 1249 1894 Jussit
1279 1855 1376 1894 eos
1406 1858 1439 1895 a
1468 1842 1614 1895 turri
1645 1842 1882 1908 moveri,
1917 1847 1974 1896 et
2004 1860 2268 1898 seorsum
2301 1843 2498 1914 reponi
2529 1844 2665 1915 (18).
2697 1844 2915 1899 Deinde
2947 1842 3331 1898 consideravit
3350 1859 3449 1898 eos
3470 1841 3571 1913 qui
3596 1842 3859 1898 scabrosi

460 1919 719 1977 fuerant:
762 1928 819 1978 et
850 1926 1066 1981 multos
1098 1943 1165 1981 ex
1196 1927 1277 1982 eis
1309 1928 1643 1984 circumcidi
1668 1930 1870 1999 jussit,
1898 1934 1953 1985 et
1985 1947 2085 2002 per
2115 1932 2367 2004 virgines
2400 1949 2499 1987 eos
2532 1933 2590 1986 in
2633 1936 2988 1987 structuram
3020 1932 3201 1987 turris
3250 1931 3438 2003 aptari
3469 1948 3481 1986 :
3514 1929 3629 1985 illae
3658 1936 3854 1986 autem

460 2010 723 2067 sublatos
755 2029 852 2068 eos
882 2019 1228 2086 aptaverunt
1256 2018 1314 2072 in
1348 2018 1537 2073 media
1568 2024 1880 2074 structura.
1917 2020 2189 2092 Reliquos
2230 2027 2422 2077 autem
2452 2022 2636 2091 jussit
2683 2038 2817 2076 cum
2865 2021 2985 2076 illis
3032 2020 3217 2093 nigris
3264 2020 3466 2092 reponi
3494 2037 3512 2074 :
3542 2037 3680 2075 nam
3707 2026 3767 2075 et
3797 2019 3856 2075 hi

461 2106 774 2156 evaserunt
804 2102 978 2174 nigri.
1011 2104 1227 2160 Deinde
1259 2108 1660 2163 considerabat
1689 2127 1787 2165 eos
1817 2110 1917 2181 qui
1949 2110 2235 2165 scissuras
2262 2111 2556 2166 habebant
2585 2129 2597 2167 :
2634 2115 2690 2165 et
2718 2127 2786 2165 ex
2814 2110 2932 2166 illis
2964 2110 3180 2165 multos
3210 2108 3547 2165 circumcidi
3573 2110 3780 2180 jussit,
3805 2116 3861 2164 et

460 2203 561 2259 per
589 2188 721 2246 illas
751 2190 1005 2263 virgines
1035 2194 1207 2265 adjici
1240 2195 1298 2249 in
1326 2202 1703 2253 structuram.
1740 2200 1807 2254 Hi
1834 2200 1905 2254 de
1933 2199 2073 2255 foris
2103 2198 2273 2270 positi
2308 2205 2470 2265 sunt,
2501 2200 2779 2270 quoniam
2813 2199 2925 2271 (19)
2954 2199 3164 2270 integri
3196 2198 3415 2253 inventi
3440 2202 3618 2253 sunt:
3648 2197 3859 2268 reliqui

460 2281 655 2332 autem
691 2285 924 2352 prOpter
953 2282 1393 2340 multitudinem
1426 2286 1815 2342 scissurarum
1850 2305 1963 2342 non
1994 2292 2312 2359 potuerunt
2339 2288 2633 2343 afformari
2665 2288 2798 2359 (20),
2824 2292 3131 2359 propterea
3152 2286 3393 2359 projecti
3415 2292 3553 2341 sunt
3576 2286 3648 2340 ab
3674 2286 3857 2340 editi-

463 2367 691 2423 cationc
722 2370 923 2426 turris.
949 2370 1165 2427 Deinde
1192 2374 1599 2430 considerabat
1629 2393 1727 2432 eos
1759 2377 1858 2448 qui
1888 2377 2038 2432 curti
2068 2376 2204 2432 facti
2233 2382 2434 2433 erant:
2468 2376 2640 2431 multi
2672 2394 2740 2432 ex
2768 2375 2881 2432 illis
2912 2377 3200 2431 scissuras
3254 2375 3572 2439 habebant,
3622 2380 3681 2429 et
3710 2373 3864 2446 nigri

462 2462 769 2512 evaserant
799 2476 811 2525 ;
847 2457 947 2513 alii
976 2476 1107 2515 vero
1131 2462 1420 2517 scissuras
1454 2480 1700 2535 magnas
1734 2465 2048 2535 habebant,
2081 2483 2230 2537 quos
2252 2466 2435 2538 jussit
2464 2466 2677 2538 apponi
2710 2482 2843 2520 cum
2876 2464 2993 2520 illis
3022 2466 3134 2535 (21)
3168 2464 3268 2537 qui
3292 2462 3487 2535 rejecti
3506 2467 3711 2519 erant:
3740 2464 3865 2518 reli-

463 2560 612 2615 quos
642 2551 837 2602 autem
869 2551 1314 2605 commundatos
1336 2558 1391 2606 et
1411 2553 1746 2609 afformatos
1784 2555 1958 2624 adjici
2009 2556 2193 2626 jussit
2220 2554 2279 2609 in
2311 2560 2688 2621 structuram,
2722 2570 2870 2625 quos
2890 2552 3151 2609 sublatos
3172 2551 3554 2624 virginesillze
3575 2550 3636 2607 in
3668 2551 3867 2607 media

462 2638 762 2690 structura
794 2642 1177 2708 aptaverunt;
1208 2640 1558 2698 infirmiores
1588 2643 1743 2698 enim
1776 2648 1958 2699 erant.
1983 2643 2199 2699 Deinde
2230 2644 2637 2699 considerabat
2666 2643 2899 2714 eos,qui
2933 2642 3161 2697 dimidii
3184 2641 3419 2713 quidem
3460 2639 3596 2707 albi,
3621 2640 3867 2695 demidii

463 2727 659 2779 autem
694 2725 846 2798 nigri
879 2727 1108 2782 fuerant
1139 2730 1349 2800 reperti
1378 2748 1391 2797 ;
1424 2735 1480 2785 et
1510 2731 1680 2786 multi
1712 2748 1780 2786 ex
1812 2731 1928 2787 illis
1957 2732 2107 2804 nigri
2142 2733 2358 2788 inventi
2393 2738 2565 2787 sunt:
2594 2732 2778 2803 jussit
2806 2736 2863 2787 et
2892 2732 2999 2787 hos
3029 2730 3330 2786 transferri
3362 2730 3431 2785 ad
3456 2729 3586 2785 illos
3608 2729 3707 2800 qui
3729 2730 3869 2800 reje-

462 2810 538 2865 cti
574 2817 760 2868 erant.
795 2813 1023 2886 Reliqui
1054 2834 1187 2872 vero
1218 2818 1325 2873 toti
1357 2820 1590 2874 candidi
1611 2821 1829 2875 inventi
1855 2826 1996 2876 sunt
2021 2842 2040 2876 :
2070 2826 2127 2876 et
2152 2822 2211 2876 hi
2244 2820 2460 2876 sublati
2492 2825 2632 2876 sunt
2662 2839 2695 2876 a
2716 2820 3065 2893 virginibus,
3085 2824 3146 2875 et
3166 2818 3423 2891 aptatiiu
3448 2818 3652 2874 eadem
3680 2817 3867 2883 turri;

464 2901 780 2957 exteriores
810 2908 1005 2959 autem
1037 2905 1211 2977 positi
1243 2913 1380 2961 sunt
1420 2908 1519 2980 qui
1548 2910 1659 2980 (22)
1691 2910 1904 2982 integri
1934 2910 2155 2966 inventi
2189 2915 2347 2976 sunt,
2380 2911 2461 2965 ita
2493 2914 2558 2965 ut
2587 2914 2827 2982 possent
2858 2909 3154 2965 continere
3180 2924 3279 2964 eos
3303 2907 3404 2980 qui
3434 2907 3494 2962 in
3518 2906 3711 2962 medio
3737 2923 3872 2961 con-

469 2990 676 3046 structi
707 2996 874 3047 erant
901 3011 914 3060 ;
948 2994 1094 3049 nihil
1128 2996 1283 3051 enim
1325 2997 1407 3051 eis
1439 2998 1550 3069 (23)
1582 2999 1831 3054 recisum
1863 3004 1969 3055 est.
2006 3000 2223 3055 Deinde
2254 2999 2662 3055 considerabat
2691 3016 2789 3055 eos
2822 2998 2921 3070 qui
2950 2998 3080 3053 duri
3111 3001 3167 3053 et
3214 2997 3404 3069 asperi
3446 2996 3684 3051 fuerunt
3712 2996 3827 3065 (24)
3853 3014 3866 3060 Í¾

471 3080 643 3150 pauci
673 3096 743 3135 ex
772 3080 865 3136 his
896 3083 1106 3153 adjecti
1135 3086 1251 3154 (25)
1281 3091 1440 3157 sunt,
1473 3088 1747 3158 quoniam
1782 3104 1897 3142 non
1931 3094 2196 3160 poterant
2225 3088 2561 3143 circumcidi
2589 3107 2602 3157 ;
2644 3089 2811 3144 valde
2840 3088 2993 3142 enim
3026 3086 3157 3141 duri
3189 3085 3402 3157 reperti
3448 3093 3623 3140 sunt:
3656 3083 3869 3155 reliqui

472 3172 667 3225 autem
702 3170 934 3226 formati
956 3173 1067 3243 (26)
1097 3180 1255 3241 sunt,
1289 3179 1345 3230 et
1376 3177 1433 3229 in
1466 3177 1656 3232 media
1686 3181 1980 3233 structura
2001 3195 2032 3232 a
2063 3178 2385 3249 virginibus
2418 3178 2595 3249 aptati
2622 3196 2634 3245 ;
2667 3177 3016 3232 infirmiores
3040 3176 3192 3231 enim
3216 3179 3402 3230 erant.
3428 3174 3647 3230 Deinde
3677 3173 3872 3229 consi-

471 3256 713 3313 derabat
737 3260 867 3315 illos
898 3263 999 3332 qui
1032 3264 1292 3319 maculas
1333 3265 1666 3334 habebant;
1700 3270 1757 3321 et
1785 3283 1852 3321 ex
1881 3267 1964 3322 eis
1995 3268 2163 3339 pauci
2196 3268 2406 3338 reperti
2439 3271 2578 3322 sunt
2610 3266 2780 3339 nigri,
2809 3271 2867 3321 et
2896 3266 2956 3321 hi
2984 3266 3055 3321 ad
3087 3269 3323 3320 ceteros
3346 3264 3555 3335 adjecti
3577 3268 3741 3318 sunt.
3764 3263 3874 3327 Qui

463 3362 597 3427 vero
629 3350 1061 3418 superfuerant,
1095 3353 1327 3408 candidi
1361 3360 1417 3409 et
1445 3354 1653 3427 integri
1687 3356 1902 3411 inventi
1935 3360 2111 3424 sunt;
2142 3360 2197 3411 et
2226 3356 2286 3410 hi
2318 3373 2351 3410 a
2379 3355 2706 3427 virginibus
2736 3354 2796 3409 in
2827 3358 3183 3410 structuram
3232 3352 3413 3424 aptati
3471 3356 3635 3420 sunt,
3684 3356 3744 3406 et
3800 3352 3877 3408 de

467 3416 611 3490 1'oris
641 3416 837 3507 positi,
874 3416 1111 3510 propter
1137 3440 1539 3497 fortitudinem
1567 3416 1758 3499 suam.
1984 3464 1991 3467 Î‡

1993 3534 2227 3589 CAPUT
2252 3534 2348 3589 IX.

542 3622 716 3678 Venit
740 3624 970 3696 deinde,
1002 3631 1067 3681 ut
1095 3630 1492 3686 consideraret
1519 3631 1632 3700 (27)
1662 3648 1761 3687 eos
1791 3631 2033 3703 lapides,
2068 3632 2167 3703 qui
2199 3631 2433 3687 candidi
2463 3636 2520 3687 et
2549 3632 2781 3687 rotundi
2807 3635 2974 3687 erant
2997 3649 3010 3697 ;
3034 3633 3089 3685 et
3109 3629 3186 3685 ait
3210 3628 3386 3684 mihi:
3413 3629 3561 3693 Quid
3593 3628 3883 3684 faciemus

479 3713 551 3769 de
576 3713 669 3769 his
696 3712 1039 3785 lapidibus?
1069 3717 1141 3772 Et
1171 3734 1276 3789 ego
1308 3719 1424 3773 dixi
1451 3737 1463 3773 :
1498 3720 1765 3786 Domine,
1799 3722 2013 3777 nescio.
2044 3720 2200 3775 Nihil
2226 3738 2386 3794 ergo,
2409 3720 2621 3792 inquit,
2653 3720 2944 3793 excogitas
2966 3721 3037 3775 de
3065 3718 3200 3775 his?
3229 3720 3367 3790 Ego,
3399 3719 3665 3789 inquam,
3690 3722 3881 3773 artem

474 3802 643 3870 hanc,
676 3803 932 3872 domine,
966 3821 1078 3859 non
1112 3806 1243 3861 novi
1300 3824 1404 3863 nec
1432 3808 1754 3881 lapidarius
1786 3826 1942 3875 sum,
1975 3825 2078 3864 nec
2111 3826 2352 3881 possum
2387 3808 2712 3882 intelligere
2741 3808 3085 3881 quidquam.
3118 3811 3185 3862 Et
3206 3807 3387 3862 dixit:
3421 3807 3547 3862 Non
3576 3806 3740 3863 vides
3772 3823 3879 3863 eos

473 3891 641 3947 valde
662 3894 945 3949 rotundos
977 3910 1105 3949 esse
1125 3895 1154 3949 â€˜I
1183 3896 1345 3959 Quod
1374 3898 1422 3951 si
1453 3897 1688 3953 voluero
1718 3915 1817 3954 eos
1849 3899 2166 3971 quadratos
2196 3898 2476 3971 redigere,
2510 3898 2832 3970 plurimum
2865 3897 3010 3953 mihi
3033 3914 3103 3952 ex
3116 3896 3209 3952 his
3231 3895 3607 3952 recidendum
3630 3902 3721 3951 est
3745 3898 3885 3959 ;sed

476 3997 715 4038 necesse
743 3986 833 4038 est
862 3982 1091 4057 aliquos
1112 4001 1181 4040 ex
1210 3985 1303 4041 his
1332 3985 1392 4041 in
1425 3992 1781 4043 structuram
1812 3987 1993 4043 turris
2022 3988 2272 4043 transire
2302 3990 2437 4059 (28).
2466 3988 2533 4042 Et
2561 3987 2712 4042 dixi:
2746 3988 2806 4042 Si
2838 4002 3076 4043 necesse
3104 3990 3210 4052 est,
3235 3985 3375 4057 quid
3399 3985 3656 4059 igiturte
3676 3984 3886 4057 impli-

475 4086 573 4127 cas
602 4071 736 4142 (29),
770 4076 827 4127 et
848 4089 961 4128 non
992 4072 1180 4145 eligis,
1213 4075 1259 4129 si
1294 4092 1444 4147 quos
1474 4076 1658 4132 habes
1689 4077 1921 4149 eligere,
1947 4082 2004 4132 et
2043 4081 2209 4148 aptas
2234 4077 2293 4132 in
2326 4081 2681 4131 structuram
2714 4074 2921 4131 illam?
2948 4076 3019 4130 Et
3048 4074 3223 4147 elegit
3252 4091 3401 4148 quos
3423 4074 3568 4129 vidit
3590 4074 3887 4130 maximos

479 4166 537 4216 et
569 4161 1100 4233 splendidissimos,
1126 4168 1179 4218 et
1200 4164 1524 4220 aï¬‚â€˜ormavit
1547 4166 1654 4237 (30)
1678 4183 1797 4233 eos,
1822 4183 1968 4238 quos
1992 4165 2254 4221 sublatos
2274 4166 2528 4238 virgines
2557 4165 2667 4221 illae
2690 4165 2747 4219 in
2771 4164 3155 4221 exterioribus
3174 4164 3442 4236 partibus
3462 4167 3769 4219 structurae
3783 4181 3888 4236 po-

482 4256 748 4306 suerunt.
784 4251 1013 4323 Reliqui
1044 4269 1177 4309 vero
1203 4253 1305 4326 qui
1336 4254 1770 4326 superfuerunt,
1796 4255 2033 4326 repositi
2058 4260 2200 4310 sunt
2220 4255 2280 4309 in
2302 4256 2576 4311 eumdem
2595 4270 2869 4325 campum
2892 4253 3005 4326 (31)
3030 4254 3184 4309 unde
3201 4252 3421 4324 sumpti
3444 4256 3645 4319 erant;
3669 4253 3889 4324 abjecti

1657 4371 1891 4427 VARI/ï¬
1929 4370 2324 4426 LECTIONES
2354 4371 2443 4425 ET
2474 4369 2705 4425 NOTE.

555 4465 668 4609 (11)
697 4464 836 4521 Mss.
868 4466 1039 4538 Angl.
1068 4467 1302 4539 explere.

555 4538 648 4608 (12
686 4539 767 4592 Ita
788 4554 931 4593 mss.
955 4538 1127 4609 Angl.
1153 4538 1348 4595 Fellus
1370 4540 1638 4595 tamenin
1662 4557 1769 4596 sua
1789 4540 2124 4595 edit.0xon.

2308 4471 2420 4609 (2t)
2454 4470 2654 4525 Lamb.
2686 4468 2932 4541 fuerant.

1338 4540 1638 4595 itamenin
1662 4557 1769 4596 sua
1789 4540 2124 4595 edit.0xon.
2331 4542 2421 4609 25)
2452 4542 2592 4597 Mss.
2631 4542 2853 4602 Lamb.,
2882 4539 2930 4591 V

2310 4758 2327 4968 á¼’

2406 4756 2424 4967 á¼’

554 4537 767 4609 (12)Ita
788 4554 931 4593 mss.
955 4537 1348 4610 AngLFellus
1370 4540 1638 4595 tamenin
1662 4557 1769 4596 sua
1789 4540 2124 4595 edit.0xon.
2309 4537 2421 4611 (25)
2452 4542 2592 4597 Mss.
2631 4537 2853 4611 Lamb,
2882 4538 3034 4594 Vict.
3077 4542 3133 4594 et
3161 4538 3351 4594 Carm.
3383 4537 3603 4609 abjecti.

480 4612 786 4681 mittentur.
996 4680 1005 4681 á½·
2308 4610 2420 4681 (26)
2452 4613 2591 4668 Mss.
2620 4612 2787 4681 Angl.
2821 4610 3133 4681 deformati.

580 4682 666 4756 13)
695 4680 1033 4756 Mss._Angl.
1064 4690 1434 4756 exasperetur.
2306 4680 2419 4756 (27)
2454 4684 2649 4739 Lamb.
2684 4680 3283 4756 deindeâ€™eonsiderare.

579 4752 663 4825 14)
695 4752 895 4808 Lamb.
952 4761 1014 4807 ut
1040 4761 1089 4807 et
1119 4752 1414 4824 hilapides
1442 4771 1551 4810 non
1580 4756 1711 4809 sint.
2311 4752 2422 4825 (28)
2453 4756 2589 4810 Mss.
2623 4754 2793 4825 Angl.
2824 4756 2924 4808 ire.

576 4822 663 4895 15)
708 4824 907 4879 Lamb.
956 4822 1405 4896 patrisfamilias.
1460 4828 1647 4896 Forte,
1695 4826 2128 4896 patrifamilias,
2310 4822 2421 4896 (29)
2452 4826 2607 4882 Bodl.
2638 4822 2896 4881 trislaris.
2933 4823 3135 4896 Lamb.
3170 4827 3219 4879 te
3250 4822 3440 4877 tricas.

480 4891 888 4966 ut'legendum
920 4891 1486 4954 censet'Cotelerius.
1634 4891 1644 4896 â·
1697 4891 1706 4895 â·
1854 4891 1862 4896 â€™
2312 4891 2424 4966 (30)
2458 4898 2653 4952 Lamb.
2685 4899 3025 4966 deformavit.
3060 4895 3187 4951 Haec
3215 4898 3373 4966 recta
3400 4896 3489 4949 est
3543 4891 3739 4961 lectio,
3772 4910 3894 4949 non

576 4912 626 4949 1e
671 4912 888 4950 enuum
920 4912 1119 4950 censet
1147 4912 1486 4954 uetelerius.
2312 4912 2424 4968 (Î´Ï…)
2458 4912 2653 4952 Lamn.
2685 4912 3025 4966 deformavit.
3063 4912 3187 4951 tuaac
3215 4912 3373 4949 recta
3400 4912 3489 4949 est
3545 4912 3739 4961 lectio,
3772 4912 3893 4949 non

554 4912 667 5046 (16%
701 4968 903 5022 Lamb.
956 4967 1203 5023 biduum.
1254 4974 1329 5023 At
1378 4970 1549 5026 modo
1606 4968 1984 5039 legebamus:
2016 4970 2132 5039 post
2241 4969 2437 5046 inepta
2461 4974 2517 5024 et
2546 4969 2824 5046 inusitata
2852 4984 2962 5023 vox
2998 4968 3325 5046 afformare.â€˜
3346 4965 3527 5046 Sicï¬‚et
3554 4980 3737 5046 supra
3760 4981 3893 5046 cap.

483 5035 729 5111 triduum
753 5045 1112 5111 revertamur.
1663 5035 1690 5039 â€œ
2016 5035 2025 5039 â·
2239 5040 2293 5108 8,
2326 5035 2630 5110 deformari
2659 5056 2959 5111 perperam
2992 5035 3283 5111 mutatum
3310 5035 3378 5111 in
3392 5037 3704 5111 aï¬‚ormari,
3728 5041 3793 5111 et

580 5111 663 5181 17)
696 5110 899 5165 Lamb.
933 5112 1241 5165 convenire.
2239 5108 2502 5182 formatos
2531 5111 2589 5165 in
2612 5108 2948 5182 aï¬‚ormatos,
2981 5114 3039 5182 et
3084 5109 3379 5182 deformati
3407 5108 3466 5182 in
3497 5109 3760 5182 formati.
3796 5108 3896 5163 Ni-

583 5179 665 5250 18)
695 5182 894 5254 Lamb.
927 5184 1079 5254 poni.
1114 5182 1207 5237 Sic
1238 5188 1294 5237 et
1324 5182 1496 5253 paulo
1528 5186 1676 5253 post.
2239 5179 2481 5250 mirum,
2548 5179 2897 5254 exc'riptores
2953 5179 3361 5254 existimarunt
3411 5179 3720 5254 deformare
3767 5195 3897 5254 esse

578 5254 665 5335 19)
697 5250 1795 5335 Felli_edi_t._0xon.-quâ€˜ipro-(juoniam.
1968 5327 1977 5335 .
2041 5322 2095 5335 Î‘.
2243 5250 2822 5335 tantumdeformem
2852 5258 2908 5335 e_t
2924 5257 3155 5334 turpem
3179 5252 3440 5320 reddere,
3455 5250 3693 5335 sumsit
3715 5252 3894 5335 etiam

554 5320 900 5397 (20)Lamb.
933 5320 1442 5395 deformarifEdit.
1478 5320 1657 5380 Paris.
1693 5327 1994 5397 eï¬‚ormari.
2040 5322 2133 5377 Sic
2244 5324 2587 5397 simpliciter
2617 5328 2835 5387 mutare
2864 5320 3099 5394 formdm
3129 5324 3184 5378 in
3236 5321 3503 5394 quamvis
3542 5320 3744 5378 aliam.
3785 5322 3895 5397 Ve-

485 5395 824 5469 moxidem
884 5398 1091 5453 Lamb.
1156 5398 1479 5469 deformatos
1534 5395 1749 5468 adjici.
1800 5397 1945 5451 Vide
2002 5411 2136 5449 mox
2245 5395 2397 5453 teres
2429 5396 2685 5453 Glossaa:
2734 5396 3411 5469 Î Îµá½·Î¿Î·Î·Î¿Î»Î¼ÎµÏ„á¾³Î¼Î¿ÏÏ†á¿¶,
3476 5397 3767 5469 pererrauit:
3799 5395 3893 5469 De-

486 5472 605 5522 not.
637 5468 726 5522 30.
1220 5464 1228 5469 â€™
1598 5464 1611 5468 â·
2245 5470 2419 5538 formo
2450 5470 2557 5536 (sic
2588 5464 2941 5539 legendum),
2994 5464 3284 5519 á¼†Ï„á½²Î¿Ï„ÎµÎ»á½²Ï‰
3310 5464 3328 5520 Îµâ€™
3372 5481 3497 5539 qua:
3516 5464 3894 5539 significatio

562 5539 676 5675 (21)
707 5539 899 5592 lamb.
934 5540 1189 5595 habentes
1207 5542 1379 5611 jussit
1408 5556 1495 5596 eos
1522 5542 1657 5608 poni
1685 5555 1810 5595 cum
1840 5540 1930 5594 iis.
2245 5535 2465 5613 optime
2495 5540 2588 5595 hic
2608 5535 3011 5603 c6nvenit,ubi
3037 5540 3222 5593 forma
3242 5535 3492 5592 rotunda
3516 5535 3786 5610 lapidum
3807 5552 3893 5593 re-

583 5610 674 5675 22)
697 5608 789 5663 Sic
820 5615 877 5663 et
905 5610 1043 5664 edit.
1080 5612 1261 5667 Paris.
1294 5617 1352 5667 et
1410 5613 1589 5668 Oxon.
1646 5618 1721 5666 At
1750 5611 1953 5665 Lamb.
1987 5609 2135 5662 Vict.
2249 5614 2503 5667 sectione
2535 5612 2591 5665 in
2623 5611 2970 5675 quadratam
3002 5614 3287 5666 mutatur.
3318 5608 3484 5663 Casa.

583 5610 674 5677 22)
697 5608 789 5663 Sic
820 5615 877 5663 et
905 5610 1043 5664 edit.
1080 5608 1261 5667 Paris.
1294 5617 1352 5667 et
1410 5613 1589 5668 Oxon.
1646 5618 1721 5666 At
1750 5611 1953 5665 Lamb.
1987 5609 2135 5662 Vict.
2249 5608 2503 5667 sectione
2535 5611 2970 5683 inquadratam
3002 5614 3287 5666 mutatur.
3318 5608 3484 5663 Casa.

491 5685 547 5736 et
572 5683 765 5755 Carm.
796 5684 1079 5755 quoniam,
1112 5687 1175 5737 ut
1206 5684 1377 5739 modo
1417 5700 1612 5755 supra.
1956 5753 1963 5755 Î¾
2320 5684 2430 5755 (31)
2461 5682 2663 5739 Lamb.
2695 5682 2877 5739 eodem
2905 5697 3115 5753 campo.

561 5753 673 5826 (23)
706 5752 907 5808 Lamb.
942 5755 1201 5811 instructi
1237 5767 1425 5823 erant;
1457 5752 1605 5811 nihil
1633 5757 1780 5811 enim
1816 5753 2009 5827 ex_eis.
