4008 6350
142 452 276 513 989
1252 450 1583 513 PASTOR.
1617 483 1690 494 —
1717 450 1870 511 LIB.
1914 449 2020 511 Ill.
2067 448 2304 512 SIMIL.
2348 448 2457 509 IX.
3434 441 3553 503 990

141 602 288 642 vero
320 601 437 641 non
472 588 629 641 sunt.
653 584 960 653 Quoniam,
983 583 1192 656 inquit,
1225 584 1417 640 adhuc
1446 583 1719 657 exiguum
1744 584 1906 639 deest
1934 582 2071 638 huic
2101 582 2270 650 turri,
2292 583 2444 653 quod
2476 579 2879 636 aediﬁcandum
2901 577 3011 633 erit
3042 593 3056 645 ;
3083 579 3139 633 et
3168 574 3409 632 forsitan
3429 569 3556 627 vult

141 674 432 730 dominus
467 674 570 730 bos
599 674 823 746 lapides
853 674 1038 746 aptari
1070 675 1128 728 in
1159 689 1226 729 ea
1273 677 1589 739 structura,
1625 674 1765 744 quia
1796 672 1963 728 valde
2011 672 2241 727 candidi
2276 676 2413 727 sunt
2443 671 2575 742 (32).
2609 672 2834 724 Vocates
2870 671 3009 723 sunt
3044 665 3251 721 deinde
3284 661 3557 717 mulieres

143 762 607 836 speciosissima!
635 764 963 830 duodecim,
987 763 1153 835 nigra
1183 768 1340 819 veste
1372 763 1612 832 vestitae,
1645 762 1928 828 incincta,
1963 766 2019 816 et
2049 761 2258 816 exertis
2288 760 2569 828 humeris,
2617 758 2963 830 capillisque
2993 754 3199 811 solutis
3231 754 3365 826 (33).
3396 750 3563 805 Vide-

145 852 375 908 bantur
405 858 598 907 autem
633 854 777 908 mihi
801 853 887 908 ha:
921 853 1195 909 mulieres
1214 857 1475 925 agrestes
1497 869 1644 907 esse.
1669 852 1932 922 Etjussit
1956 869 2053 907 eas
2074 857 2271 922 pastor
2294 849 2389 905 ille
2419 849 2617 904 tollere
2648 848 2869 919 lapides
2896 846 3025 900 illos
3045 845 3141 915 qui
3172 844 3242 899 de
3264 845 3563 897 structura

145 941 326 1013 ejecti
359 946 524 997 erant
556 943 692 1014 (34),
722 948 777 997 et
807 960 903 998 eos
926 942 1123 997 referri
1145 942 1203 996 in
1229 947 1454 996 montes
1488 942 1641 995 unde
1668 940 1843 996 ablati
1871 941 2122 995 fuerant.
2155 941 2223 994 Et
2254 939 2362 993 illae
2396 939 2716 1009 gaudentes
2747 935 3109 991 sustulerunt
3139 949 3363 997 omnes,
3392 935 3450 986 et
3478 944 3563 983 re-

151 1034 536 1102 portaverunt
566 1047 663 1086 eos
697 1031 851 1085 unde
882 1030 1119 1085 extracti
1155 1031 1405 1084 fuerant.
1440 1030 1753 1099 Postquam
1788 1034 1981 1083 autem
2017 1028 2216 1082 nullus
2242 1027 2391 1098 lapis
2413 1027 2564 1081 circa
2597 1026 2801 1080 turrim
2825 1027 3067 1095 jaceret,
3103 1023 3183 1077 ait
3214 1020 3356 1075 mihi
3391 1038 3403 1074 :
3436 1018 3557 1073 Cir-

149 1136 503 1176 cumeamus
532 1120 682 1175 hanc
712 1120 948 1187 turrim,
982 1124 1039 1175 et
1066 1120 1365 1174 videamus
1398 1119 1663 1189 nunquid
1697 1118 1914 1188 aliquid
1944 1118 2095 1173 desit
2118 1118 2228 1188 (35)
2258 1116 2676 1187 illi.Cnepimus
2706 1131 2842 1185 ergo
2876 1112 3181 1169 circumire
3211 1127 3360 1165 eam.
3395 1109 3464 1163 Et
3495 1110 3560 1161 ut

148 1209 303 1264 vidit
327 1225 455 1264 eam
488 1210 759 1265 decenter
790 1208 1160 1278 adiﬁcatam,
1192 1208 1367 1279 cmpit
1395 1207 1559 1262 valde
1590 1207 1795 1262 hilaris
1826 1223 1955 1262 esse
1987 1225 1999 1262 :
2032 1208 2114 1261 ita
2144 1206 2296 1260 enim
2331 1207 2603 1261 decenter
2618 1205 2898 1259 aediﬁcata
2930 1204 3136 1267 fuerat,
3169 1205 3233 1255 ut
3258 1199 3357 1271 qui
3387 1196 3560 1251 vidis-

150 1300 265 1367 set,
298 1297 735 1369 concupisceret
763 1301 1114 1352 structuram
1144 1298 1269 1367 ejus
1300 1314 1313 1363 ;
1366 1296 1643 1367 quoniam
1674 1295 1840 1367 quasi
1873 1296 1944 1350 de
1974 1312 2091 1350 uno
2123 1294 2315 1367 lapide
2346 1295 2649 1349 videbatur
2680 1308 2827 1363 esse,
2860 1308 2965 1347 nec
2997 1306 3247 1362 usquam
3279 1286 3558 1344 commis-

148 1402 295 1442 sura
324 1388 661 1459 apparebat,
695 1386 796 1442 sed
827 1402 895 1442 ex
925 1391 1088 1458 petra
1119 1403 1236 1441 una
1265 1385 1380 1456 (36)
1412 1384 1717 1441 videbatur
1747 1384 2067 1457 exsculpta.

1693 1518 1923 1575 CAPUT
1956 1518 2021 1573 Χ.

225 1636 344 1708 Ego
375 1640 565 1691 autem
598 1634 940 1705 hujusmodi
972 1633 1181 1689 turrim
1214 1637 1435 1689 attente
1488 1632 1888 1699 considerans,
1937 1631 2107 1688 valde
2149 1633 2388 1688 laetabar
2432 1633 2563 1704 (37).
2614 1633 2684 1687 Et
2719 1631 2801 1687 ait
2832 1630 2977 1687 mihi
3028 1646 3040 1685 :
3074 1630 3227 1684 Alfer
3256 1627 3470 1683 calcem
3498 1628 3556 1681 et

149 1728 337 1779 testas
367 1723 650 1793 minutas,
673 1727 739 1777 ut
767 1723 986 1779 formas
1016 1738 1217 1778 eorum
1249 1721 1513 1794 lapidum
1545 1722 1642 1793 qui
1674 1721 1887 1777 sublati
1922 1726 2063 1776 sunt
2090 1722 2161 1776 de
2191 1726 2486 1777 structura
2517 1726 2572 1776 et
2597 1722 2808 1776 iterum
2840 1718 3099 1792 repositi,
3124 1717 3384 1789 expleam
3414 1713 3548 1785 (38);

148 1827 220 1866 ea
250 1812 406 1867 enim
436 1828 560 1882 quae
590 1811 742 1866 circa
770 1811 979 1866 turrim
1015 1816 1153 1866 sunt
1172 1811 1391 1880 omnia,
1415 1810 1633 1883 aequari
1660 1811 1890 1866 debent.
1924 1812 1993 1866 Et
2023 1810 2129 1864 feci
2170 1809 2527 1880 sicutjussit
2570 1809 2736 1874 mihi,
2779 1814 2833 1864 et
2863 1807 3028 1863 attuli
3062 1808 3132 1861 ad
3192 1822 3348 1861 eum.
3375 1804 3443 1859 Et
3472 1802 3553 1858 ait

150 1900 299 1956 mihi
334 1917 346 1954 :
385 1901 590 1956 Praesto
625 1900 783 1955 adsis
815 1900 956 1955 mihi
984 1920 998 1966 ς
1029 1904 1085 1955 et
1115 1900 1226 1955 cito
1253 1901 1365 1971 (39)
1403 1900 1511 1955 hoc
1544 1917 1691 1972 opus
1722 1900 2075 1972 perﬁcietur.
2109 1898 2433 1971 Complevit
2475 1915 2611 1971 ergo
2665 1898 2882 1954 formas
2914 1896 3145 1951 illorum
3180 1894 3464 1966 lapidum,
3497 1896 3554 1947 et

139 1988 329 2061 jussit
355 1988 549 2043 locum
582 1988 854 2043 mundari
879 1988 1031 2043 circa
1060 1988 1457 2043 turrim.Tunc
1489 1988 1743 2060 virgines
1773 1987 1884 2042 illa:
1915 1987 2425 2059 apprehenderunt
2454 2003 2679 2058 scopas,
2715 1990 2771 2040 et
2803 1984 3232 2039 mundaverunt
3259 1986 3468 2046 totum,
3499 1983 3557 2034 et

148 2078 521 2133 sustulerunt
549 2081 917 2133 excrementa
949 2077 1082 2148 (40),
1116 2081 1173 2131 et
1201 2081 1545 2149 sparserunt
1573 2094 1782 2148 aquam
1818 2095 1831 2132 :
1865 2093 1980 2148 quo
2029 2075 2333 2147 completo,
2393 2076 2578 2131 lactus
2608 2081 2696 2130 est
2744 2074 2907 2129 locus
2956 2070 3314 2127 delectabilis
3336 2070 3470 2140 (41),
3496 2073 3554 2123 et

149 2166 334 2222 turris
365 2167 594 2221 decora.
627 2166 723 2220 Ait
748 2166 956 2221 deinde
989 2165 1135 2220 mihi
1163 2183 1175 2220 :
1202 2166 1411 2221 Omnia
1435 2167 1851 2222 commundata
1882 2170 2021 2221 sunt
2054 2182 2066 2219 :
2101 2168 2150 2220 si
2181 2165 2402 2221 venerit
2432 2165 2704 2219 dominus
2728 2163 2874 2218 hanc
2894 2162 3101 2216 turrim
3126 2173 3551 2224 consummare,

150 2253 300 2310 nihil
332 2254 585 2309 inveniet
614 2255 765 2326 quod
800 2255 869 2309 de
901 2254 1070 2309 nobis
1101 2259 1398 2325 queratur.
1434 2256 1565 2310 Haec
1598 2272 1729 2311 cum
1762 2255 2028 2322 dixisset,
2058 2254 2284 2310 volebat
2316 2255 2492 2309 abire.
2544 2258 2618 2307 At
2648 2269 2752 2325 ego
2796 2250 3152 2324 apprehendi
3184 2263 3377 2320 peram
3404 2248 3549 2316 ejus,

151 2347 211 2399 et
241 2343 390 2415 ccepi
420 2359 622 2415 rogare
652 2360 786 2397 eum
819 2360 921 2415 per
950 2343 1285 2413 Dominum,
1319 2349 1383 2398 ut
1413 2344 1555 2398 mihi
1587 2344 1784 2399 omnia
1812 2361 1937 2414 quae
1968 2344 2322 2409 ostenderat,
2367 2343 2679 2415 explicaret
2704 2342 2834 2413 (42).
2871 2340 2957 2395 Ait
2986 2338 3127 2393 mihi
3160 2356 3172 2392 :
3207 2336 3398 2392 Habeo
3430 2351 3552 2390 mo-

153 2431 344 2486 dicam
377 2431 815 2502 occupationem
848 2449 861 2499 ;
895 2436 951 2486 at
975 2431 1169 2486 omnia
1209 2432 1313 2486 tibi
1362 2432 1661 2504 explicabo
1697 2450 1709 2487 :
1738 2437 2005 2503 exspecta
2052 2438 2247 2489 autem
2280 2447 2373 2486 me
2421 2431 2535 2497 hic,
2584 2431 2726 2485 dum
2776 2429 2962 2484 venio.
2996 2427 3135 2483 Dico
3162 2426 3211 2481 ei
3248 2441 3260 2480 :
3288 2424 3549 2491 Domine,

152 2520 290 2590 quid
324 2518 417 2573 hic
448 2518 609 2574 solus
639 2519 848 2574 faciam
876 2520 888 2573 l
924 2520 1246 2591 Respondit
1278 2537 1290 2575 :
1325 2520 1450 2575 Non
1482 2538 1543 2575 es
1575 2519 1767 2587 solus;
1803 2537 2007 2576 omnes
2040 2520 2194 2575 enim
2226 2521 2481 2591 virgines
2506 2524 2699 2574 tecum
2734 2523 2892 2574 sunt.
2925 2518 2995 2572 Et
3026 2516 3142 2571 dixi
3180 2532 3192 2568 :
3220 2514 3404 2569 Trade
3435 2529 3550 2576 me,

153 2607 411 2677 domine,
443 2623 579 2679 ergo
610 2607 713 2663 eis.
747 2613 822 2661 At
854 2607 951 2662 ille
981 2607 1204 2663 vocavit
1233 2608 1383 2675 illas,
1418 2614 1474 2665 et
1515 2609 1658 2664 dixit
1690 2610 1803 2677 (43)
1832 2608 1917 2664 eis
1967 2627 1979 2663 :
2036 2609 2387 2664 Commendo
2416 2609 2581 2663 vobis
2610 2608 2785 2671 hunc,
2835 2607 3018 2661 donec
3064 2604 3249 2659 venio.
3277 2599 3552 2657 Rcmansi

151 2696 332 2769 igitur
360 2713 493 2751 cum
524 2696 853 2769 virginibus
884 2695 1022 2752 illis.
1058 2696 1174 2751 Illae
1206 2702 1398 2752 autem
1424 2696 1642 2753 hilares
1672 2698 2202 2765 erant,etal1'abiles
2233 2697 2687 2769 mihi,przecipue
2711 2702 2907 2752 tamen
2940 2700 3207 2767 quatuor;
3228 2710 3351 2763 quae
3385 2696 3551 2747 caete-

150 2801 247 2841 ras
275 2785 678 2857 precedebant
709 2785 1011 2857 dignitate.

1665 2902 1897 2958 CAPUT
1934 2903 2026 2957 ΧΙ.

219 3013 428 3069 Dicunt
458 3014 604 3069 mihi
634 3015 844 3071 deinde
873 3015 1127 3087 virgines
1157 3015 1267 3071 ille
1301 3033 1314 3071 :
1350 3016 1532 3072 Hodie
1562 3021 1761 3089 pastor
1793 3015 1890 3072 ille
1919 3016 2034 3071 huc
2064 3021 2344 3073 venturus
2377 3034 2489 3073 non
2522 3022 2629 3073 est.
2672 3018 2739 3072 Et
2768 3033 2874 3089 ego
2904 3016 3019 3072 dixi
3054 3033 3066 3070 :
3102 3015 3247 3080 Quid
3280 3030 3415 3087 ergo
3445 3030 3551 3086 ego

148 3104 357 3160 faciam
388 3104 415 3158 ‘l
440 3104 511 3159 Et
540 3105 743 3160 dicunt
766 3105 909 3159 mihi
937 3122 949 3160 :
977 3105 1169 3175 Usque
1192 3105 1250 3159 in
1272 3122 1571 3176 vesperam
1594 3111 1885 3177 exspecta,
1911 3105 1960 3161 si
1984 3105 2178 3161 forsan
2202 3106 2493 3162 veneritet
2522 3106 2789 3175 loquetur
2809 3106 2916 3176 (44)
2939 3110 3131 3160 tecum
3157 3122 3169 3171 ;
3216 3103 3305 3158 sin
3336 3103 3552 3170 minus,

149 3193 458 3248 nobiscum
492 3195 630 3248 dum
664 3194 877 3258 veniat,
912 3193 1175 3249 manebis
1209 3194 1337 3265 (45).
1372 3194 1497 3249 Dixi
1529 3194 1614 3248 eis
1650 3212 1662 3249 :
1698 3195 2022 3266 Expectabo
2054 3210 2186 3249 eum
2222 3211 2407 3266 usque
2438 3196 2507 3249 ad
2552 3211 2845 3265 vesperam
2874 3194 3057 3265 :quod
3092 3193 3140 3247 si
3165 3209 3279 3247 non
3307 3190 3548 3258 venerit,

147 3283 383 3337 domum
418 3280 600 3351 ibo,et
631 3288 883 3338 revertar
912 3299 1098 3337 mane.
1134 3283 1580 3354 Responderunt
1612 3284 1790 3339 mihi:
1825 3284 2003 3339 Nobis
2033 3284 2366 3355 assignatus
2396 3301 2456 3339 es
2490 3302 2503 3339 :
2537 3301 2650 3339 non
2684 3289 2848 3354 potes
2871 3283 3134 3338 recedere
3159 3282 3267 3352 (46)
3291 3297 3325 3335 a
3354 3279 3542 3336 nobis.

145 3370 215 3425 Et
244 3370 362 3424 dixi
398 3387 410 3423 :
446 3369 553 3425 Ubi
586 3370 880 3426 manebo?
916 3372 1122 3426 Dicunt
1154 3371 1317 3426 mihi.
1352 3372 1666 3427 Nobiscum
1700 3373 1954 3428 dormies
1985 3377 2049 3427 ut
2076 3374 2252 3427 frater
2282 3389 2394 3427 non
2427 3378 2493 3426 ut
2521 3372 2769 3427 maritus
2804 3390 2816 3426 :
2851 3372 3026 3426 frater
3053 3370 3209 3425 enim
3242 3373 3436 3424 noster
3464 3385 3553 3427 es.

146 3463 203 3514 et
234 3459 304 3513 de
334 3463 537 3514 caetero
560 3464 753 3515 tecum
776 3458 1041 3514 habitare
1064 3465 1277 3531 parate
1310 3477 1517 3515 sumus
1548 3461 1659 3531 (47)
1684 3479 1697 3528 ;
1730 3460 1895 3516 valde
1919 3462 2074 3515 enim
2098 3461 2339 3515 charum
2369 3466 2423 3515 te
2453 3461 2755 3516 habemus.
2779 3465 2895 3533 Ego
2926 3463 3119 3515 autem
3142 3457 3553 3513 erubescebam

148 3564 282 3602 cum
314 3548 397 3602 eis
428 3563 662 3602 manere
693 3548 826 3618 (48).
866 3547 939 3601 Ea
970 3564 1100 3603 vero
1134 3565 1259 3619 quae
1292 3565 1360 3603 ex
1390 3548 1507 3603 illis
1540 3549 1729 3621 prima
1750 3565 1877 3605 esse
1907 3549 2232 3615 videbatur,
2259 3548 2587 3620 amplexata
2617 3566 2710 3604 me
2740 3554 2849 3617 est,
2873 3553 2931 3603 et
2958 3547 3209 3603 osculari
3240 3563 3333 3603 me
3363 3547 3553 3618 cmpit.

145 3634 369 3691 Cetera
400 3651 534 3690 vero
563 3651 698 3691 cum
728 3635 1009 3692 vidissent
1039 3652 1130 3691 me
1162 3634 1472 3707 amplexari
1496 3638 1608 3708 (49)
1640 3638 1711 3692 ab
1752 3637 1873 3705 illa,
1905 3642 1963 3693 et
1995 3638 2136 3709 ipsa;
2178 3653 2207 3692 c
2227 3641 2496 3709 ceperunt
2542 3654 2633 3692 me
2664 3642 2728 3692 ut
2758 3638 2994 3691 fratrem
3042 3634 3313 3703 osculari,
3363 3641 3419 3690 et
3448 3636 3556 3691 du-

145 3740 271 3780 cere
300 3724 412 3795 (50)
443 3725 595 3780 circa
624 3724 855 3793 turrim,
890 3727 947 3779 et
976 3724 1175 3779 ludere
1205 3741 1456 3779 mecum.
1486 3726 1763 3789 Quaedam
1800 3731 1997 3782 autem
2029 3744 2097 3781 ex
2128 3726 2245 3781 illis
2267 3726 2524 3798 psalmos
2556 3726 2842 3782 canebant
2871 3725 2984 3797 (51)
3011 3743 3024 3793 ;
3056 3726 3318 3797 quaedam
3349 3724 3558 3781 choros

143 3813 455 3869 ducebant.
489 3814 607 3886 Ego
651 3818 847 3869 autem
890 3814 1043 3869 circa
1073 3813 1182 3885 (52)
1228 3814 1442 3869 turrim
1472 3814 1531 3869 in
1564 3814 1793 3871 silentio
1824 3816 1989 3871 laetus
2022 3832 2153 3871 cum
2185 3816 2268 3871 eis
2299 3815 2696 3884 ambulabam,
2722 3819 2779 3870 et
2808 3815 3042 3871 videbar
3071 3813 3214 3869 mihi
3238 3814 3442 3885 junior
3472 3814 3554 3870 fa-

141 3908 274 3959 ctus
305 3918 434 3958 esse
464 3902 599 3973 (53).
634 3903 948 3974 Postquam
979 3920 1112 3959 vero
1145 3919 1384 3975 vespera
1407 3920 1533 3959 esse
1565 3904 1756 3976 caapit,
1790 3905 2031 3959 domum
2063 3910 2297 3976 repente
2328 3905 2440 3977 (54)
2486 3904 2645 3960 abire
2697 3903 2962 3960 volebam
2989 3929 3003 3971 ;
3047 3902 3156 3957 illa:
3187 3908 3380 3959 autem
3414 3902 3556 3957 reti-

143 3995 410 4048 nuerunt
439 3992 552 4063 (55)
573 4008 688 4058 me,
722 3996 781 4047 et
808 4008 924 4048 non
969 3992 1365 4064 permiserunt
1394 3992 1573 4049 abire.
1627 3994 1815 4049 Mansi
1844 4010 1979 4065 ergo
2029 3994 2127 4049 illa
2167 3999 2334 4049 nocte
2366 4010 2499 4049 cum
2532 3994 2615 4049 eis
2656 3994 2824 4063 juxta
2873 3993 3133 4048 eamdem
3178 3992 3383 4047 turrim
3416 3994 3553 4062 (56).

143 4081 491 4136 Straverunt
523 4085 717 4135 autem
751 4081 980 4137 tunicas
1012 4099 1151 4137 suas
1180 4081 1389 4136 linteas
1415 4082 1477 4136 in
1508 4085 1744 4152 terram,
1768 4087 1824 4136 et
1853 4098 1946 4137 me
1976 4082 2033 4136 in
2070 4083 2260 4138 medio
2292 4082 2718 4138 collocaverunt
2750 4100 2761 4136 :
2798 4099 2902 4137 nec
2930 4082 3248 4152 quidquam
3279 4081 3437 4136 aliud
3470 4082 3555 4135 fa-

138 4169 395 4236 ciebant,
429 4169 539 4224 nisi
574 4169 728 4241 quod
760 4170 1023 4225 orabant.
1054 4170 1163 4226 Sed
1194 4176 1251 4226 et
1280 4187 1385 4241 ego
1416 4187 1549 4225 cum
1582 4169 1698 4225 illis
1728 4170 1853 4226 sine
1882 4170 2314 4226 intermissione
2344 4172 2605 4241 orabam,
2638 4188 2825 4242 neque
2858 4171 3055 4225 minus
3074 4186 3246 4240 quam
3277 4168 3551 4233 illaa.Qum

138 4274 273 4315 cum
297 4274 390 4313 me
412 4258 496 4313 sic
518 4262 779 4313 orantem
804 4258 1322 4332 vidissent,ingens
1343 4259 1623 4330 gaudium
1645 4264 2025 4332 perceperunt
2050 4278 2063 4327 ;
2095 4264 2306 4315 etcum
2345 4259 2428 4315 eis
2464 4259 2582 4314 illic
2605 4259 2685 4314 fui
2711 4275 2895 4331 usque
2934 4258 3005 4313 ad
3031 4258 3185 4313 diem
3211 4262 3509 4329 posterum
3536 4298 3550 4313 .

1312 4375 1551 4430 VARUE
1590 4375 1976 4432 LECTIONES
2016 4376 2105 4432 ET
2141 4375 2373 4432 NOTZE.

234 4472 324 4543 32)
355 4472 559 4527 Lamb.
593 4488 700 4543 qua
723 4471 1145 4543 valdecandzda
1173 4479 1268 4526 est.
1890 4490 2035 4528 mss.
2067 4473 2340 4529 exhibere
2373 4473 2696 4542 explicaret,
2730 4476 2795 4526 ut
2841 4488 3012 4543 saepe.
3046 4472 3230 4528 Aliter
3259 4474 3352 4530 hic
3372 4472 3550 4528 Cleri'

236 4542 325 4616 33)
357 4544 495 4599 Mss.
523 4542 696 4616 Angl.
728 4542 953 4616 capillis
984 4559 1108 4597 vero
1138 4542 1444 4616 dissolutis.
1905 4562 2029 4609 cus,
2062 4549 2233 4613 cujus
2265 4545 2696 4616 adnotationem
2727 4542 2942 4599 videsis
2974 4561 3107 4600 mox
3138 4544 3290 4601 infra
3316 4549 3436 4601 not.
3457 4547 3547 4600 62-

211 4614 322 4688 (34)
355 4616 555 4670 Lamb.
588 4614 699 4687 leg.
749 4614 1167 4688 abjeetierant,
1229 4620 1285 4670 et
1333 4614 1550 4670 omittit
1598 4616 1795 4671 omnia
1974 4618 2086 4688 (43)
2122 4617 2323 4671 Lamb.
2362 4621 2511 4671 vocat
2540 4624 2593 4669 et
2621 4615 2785 4669 dixit.

137 4692 651 4761 quaa77sequuntur,
678 4703 874 4761 usque
902 4687 975 4761 ad
1001 4688 1534 4761 Postquamoutern.
1702 4758 1737 4761 __
1973 4690 2087 4755 (44)
2120 4688 2262 4761 Mss.
2296 4688 2551 4761 Angl.7si
2580 4688 2813 4755 venerit,
2839 4688 3071 4761 forsitan
3105 4689 3373 4760 loquetur.

211 4760 325 4831 (35)
354 4759 495 4815 Mss.
545 4757 717 4830 Angl.
764 4774 834 4814 ne
881 4757 1013 4828 quid
1066 4758 1220 4812 desit.
1256 4758 1349 4813 Sic
1382 4764 1439 4814 et
1479 4757 1615 4814 Felli
1649 4758 1789 4814 edit.
1976 4761 2089 4832 (45)
2127 4759 2263 4813 Felli
2295 4757 2433 4832 edit.
2459 4760 2640 4832 Oxon.
2672 4757 2991 4814 moraberis.

138 4829 325 4889 Oxon.
504 4900 509 4901 7
647 4829 664 4830 ί
896 4898 909 4901 _
1142 4899 1154 4901 _
1612 4900 1621 4901 7
1974 4829 2087 4901 (46)
2114 4834 2249 4886 Mss.
2285 4830 2453 4901 Angl.
2488 4831 2857 4899 consignatus
2892 4848 2948 4885 es
2995 4848 3013 4884 :
3062 4844 3171 4885 non
3196 4836 3345 4901 potes
3374 4829 3547 4884 disce-

210 4902 325 4986 (36)
354 4900 562 4983 Lamb:
578 4901 699 4986 illa.
723 4901 799 4986 At
817 4898 1450 4986 vulgatam‘lectli‘onem
1481 4900 1795 4986 confirmat
1899 4898 2043 4986 dere2

136 4971 439 5047 Origenes,
466 4972 564 5047 qui
598 4972 754 5027 hunc
785 4972 979 5047 locum
1011 4971 1214 5047 laudat
1238 4972 1547 5047 gemment.
1574 4974 1634 5026 in
1665 4972 1793 5047 Osee
1972 4973 2081 5047 (47)
2114 4972 2275 5028 Bodl.
2313 4973 2648 5047 habitatura?
2672 4988 2884 5027 sumus.

135 5061 209 5102 ex
241 5042 592 5101 'Philoca‘lia:
628 5059 755 5115 cap.
805 5042 859 5113 8,
912 5043 1132 5099 noviss.
1188 5043 1325 5099 edit.
1378 5044 1487 5099 BB.
1538 5047 1680 5098 tom.
1718 5044 1788 5109 ll,
1973 5042 2083 5115 (48)
2120 5047 2315 5099 Lamb.
2352 5044 2617 5099 habitare.

135 5116 437 5190 pag._7439.
666 5186 679 5190 _
780 5186 788 5190 _
973 5185 1006 5190 77
1204 5186 1248 5190 7_
1458 5187 1469 5190 _
1712 5186 1724 5190 _
1747 5185 1759 5190 _
1970 5115 2081 5190 (49)
2115 5116 2254 5171 Mss.
2278 5118 2426 5190 Aug:
2456 5115 2791 5190 amplexum.

209 5184 487 5259 (37)Mss.
532 5186 706 5258 Angl.
736 5185 1007 5258 ejusmodi
1053 5186 1411 5241 considerans
1451 5187 1602 5251 bene,
1632 5185 1791 5241 valde
1970 5184 2248 5259 (5O)7Mss.
2284 5184 2448 5259 Angl.
2484 5184 2794 5246 ducebant;
2841 5190 2899 5239 et
2949 5201 3081 5240 mox
3125 5184 3403 5240 ludebant.
3448 5184 3542 5240 Sic

134 5261 298 5317 latus
326 5274 499 5313 eram.
1896 5262 1953 5313 et
1980 5258 2118 5313 Felli
2151 5258 2288 5313 edit.
2324 5258 2504 5313 Oxon.

207 5330 319 5401 (38)
355 5330 524 5385 Editt.
559 5327 763 5384 Clerici
798 5330 851 5383 et
878 5326 1114 5402 _Russel.
1150 5327 1340 5383 omitt.
1365 5328 1433 5383 de
1450 5330 1555 5383 Ms.
1581 5328 1783 5383 Lamb.
1967 5331 2077 5402 (51)
2114 5330 2315 5402 Lamb.
2348 5332 2495 5402 enim
2519 5344 2591 5402 ea:
2622 5328 2707 5381 liis
2735 5328 2971 5399 psalmos
3000 5328 3315 5383 cantabant.
3354 5327 3543 5383 Habet

132 5407 437 5466 structura,
471 5402 731 5472 repositos
760 5400 1033 5472 expleam.
1434 5470 1444 5472 _
1594 5471 1602 5472 7
1895 5400 2133 5457 enimet
2167 5400 2468 5472 Felliedit.
2505 5400 2684 5472 Oxon.

206 5474 319 5545 (39)
351 5469 553 5529 Lamb.
579 5473 785 5527 Praesto
815 5471 892 5526 sis
920 5472 1112 5532 mihi;
1143 5474 1195 5525 et
1223 5471 1349 5526 cito.
1382 5470 1469 5525 Al.
1503 5471 1664 5539 mihi,
1698 5487 1784 5525 2n-
1966 5474 2077 5545 (52)
2110 5473 2203 5528 Si-s
2236 5470 2376 5545 Felli
2408 5470 2766 5545 edit._Oxon.
2800 5469 2889 5526 Al.
2925 5470 3149 5545 addunt
3177 5486 3318 5525 eam.

206 5474 319 5545 (39)
351 5474 553 5529 Lamb.
579 5474 785 5527 Praesto
815 5474 892 5526 sis
920 5474 1112 5532 mihi;
1143 5474 1195 5525 et
1223 5474 1349 5526 cito.
1382 5474 1469 5525 Al.
1503 5474 1664 5539 mihi,
1698 5487 1784 5525 ιη·
1964 5474 2077 5619 (52)
2110 5474 2203 5528 Si-s
2236 5474 2376 5527 Felli
2408 5474 2766 5552 edit._Oxon.
2800 5474 2889 5526 Al.
2925 5474 3149 5525 addunt
3177 5486 3225 5525 ec

135 5546 312 5619 quit.“
350 5617 399 5619 _7
534 5616 541 5619 _
646 5612 660 5619 _
1984 5545 2054 5619 53
2110 5544 2312 5619 Lamb.
2349 5544 2525 5619 veluti
2544 5544 2828 5619 Juniorem
2858 5558 2972 5597 esse
2998 5544 3225 5612 factum.

234 5615 319 5687 40)
348 5617 484 5687 Mss.
515 5612 686 5687 Angl.
717 5622 940 5687 stercus.
1962 5612 2074 5687 (54)
2109 5615 2249 5670 Mss.
2285 5614 2443 5687 Angl.
2488 5614 2674 5677 deest,
2707 5623 2943 5684 repente.

231 5684 319 5755 41)
352 5686 492 5760 Mss.
523 5684 691 5760 Aug].
715 5684 954 5760 littoris.
1220 5756 1230 5760 _
1649 5759 1652 5760 7
1962 5684 2073 5760 (55)
2108 5687 2308 5760 Lamb.
2333 5684 2687 5760 detinuerunt
2708 5706 2733 5760 ;7
2756 5689 2813 5740 et
2842 5702 2999 5754 mox,
3021 5703 3106 5743 me
3136 5702 3218 5743 ire
3240 5702 3344 5760 pro
3363 5686 3534 5743 abire.

208 5755 320 5831 (42)
355 5756 544 5815 Fellus
576 5755 642 5813 in
665 5757 803 5814 edit.
846 5755 1024 5813 Oxon.
1078 5756 1417 5819 exsolveret;
1467 5759 1781 5827 monetque
1963 5755 2074 5831 (56)
2105 5758 2307 5814 Lamb.
2339 5758 2409 5813 ad
2438 5774 2560 5813 eam
2588 5759 2809 5812 turrim.
