4036 6356
502 388 618 451 991
2009 400 2075 460 8.

2317 397 2422 459 ΗΕ
3802 399 3911 460 99!

499 525 570 581 Et
598 542 731 584 cum
756 528 1170 587 adorassemus
1200 530 1683 603 Dominum,tunc
1711 533 1870 590 venit
1898 536 2099 606 pastor
2127 530 2309 599 ille,et
2338 532 2421 587 ait
2448 531 2520 587 ad
2552 529 2685 588 illas
2720 548 2733 587 ε
2764 530 3001 587 Nullam
3033 529 3087 588 ei
3116 530 3334 588 fecistis
3356 530 3472 605 (57)
3490 531 3821 605 injuriam?
3851 535 3913 589 Et

502 616 778 673 dixerunt
807 619 859 674 ei
893 636 906 674 ε
943 620 1140 691 Ipsum
1174 620 1485 695 interroga.
1520 624 1657 678 Dico
1688 624 1739 679 ei
1776 640 1789 677 :
1824 622 2083 689 Domine,
2123 638 2334 693 magna
2357 620 2629 693 voluptas
2660 638 2751 677 me
2780 623 2953 694 coepit
2981 621 3116 693 (58),
3148 622 3302 694 quod
3328 623 3515 679 mansi
3548 640 3682 679 cum
3709 624 3822 678 eis.
3852 626 3914 679 Et

499 706 644 761 dixit
674 706 818 761 mihi
853 726 865 763 :
899 710 1045 775 Quid
1079 711 1317 766 ccenasti
1339 711 1366 765 ?
1396 714 1463 767 Et
1491 712 1605 767 dixi
1642 730 1655 767 :
1692 713 1938 778 Caenavi,
1959 711 2211 777 domine,
2244 716 2365 766 tota
2395 716 2559 765 nocte
2590 712 2764 765 verba
2792 711 2903 781 (59)
2936 711 3185 767 Domini.
3206 712 3378 778 Bene,
3413 713 3628 784 inquit,
3661 722 3722 768 te
3754 730 3913 769 acce-

499 796 759 868 perunt?
788 798 857 852 Et
888 798 1002 852 dixi
1039 816 1051 854 :
1088 800 1238 855 Bene
1267 801 1401 871 (60),
1429 801 1684 857 domine.
1717 801 1991 873 Nunquid
2021 800 2104 856 vis
2132 817 2287 855 nunc
2318 800 2567 855 audire?
2598 804 2663 853 Et
2694 799 2811 855 dixi
2846 818 2858 854 :
2890 800 3055 867 Volo,
3087 800 3321 855 domine
3343 802 3454 873 (61)
3491 819 3504 856 :
3538 806 3597 857 et
3626 802 3912 874 primum,

496 884 648 939 sicut
679 889 733 940 te
761 884 1206 959 interrogavero,
1242 906 1378 960 rogo
1411 896 1475 945 ut
1509 890 1591 946 sic
1620 891 1766 946 mihi
1820 892 2177 945 demontres.
2226 890 2733 953 Quemadmodum
2761 889 2869 959 vis,
2903 888 3114 960 inquit,
3165 890 3248 945 sic
3279 889 3385 945 tibi
3416 907 3536 947 rem
3561 891 3913 963 explanabo,

500 973 633 1045 (62),
666 991 771 1030 nec
800 976 1122 1048 quidquam
1146 985 1203 1033 te
1233 978 1452 1035 celabo.

2009 1085 2235 1140 CAPUT
2273 1085 2396 1139 XII.

576 1170 837 1226 Primum
870 1172 1417 1244 omnium,domine,
1441 1175 1707 1246 inquam,
1740 1174 1848 1230 hoc
1879 1176 1989 1246 (63)
2022 1174 2167 1229 mihi
2199 1175 2535 1229 demonstra
2568 1190 2580 1227 :
2617 1172 2782 1228 Petra
2827 1172 2969 1240 haec,
3017 1177 3076 1229 et
3122 1178 3289 1245 porta
3333 1175 3469 1246 quid
3503 1175 3695 1230 sunt?
3746 1174 3915 1242 Audi,

500 1259 694 1331 inquit
726 1278 739 1314 :
772 1263 938 1316 Petra
969 1262 1088 1317 haec
1118 1268 1175 1318 et
1206 1268 1373 1335 porta
1397 1266 1509 1335 (64)
1543 1264 1724 1320 Filius
1755 1265 1854 1320 Dei
1884 1269 1991 1319 est.
2025 1265 2283 1327 Quonam
2317 1268 2504 1335 pacto,
2537 1263 2802 1334 inquam,
2853 1262 3108 1330 domine,
3167 1268 3332 1335 petra
3378 1268 3546 1319 vetus
3599 1268 3713 1329 est,
3749 1270 3918 1335 porta

500 1354 697 1405 autem
730 1368 873 1405 nova
894 1350 923 1404 ‘t
950 1352 1122 1419 Audi,
1156 1352 1367 1424 inquit,
1399 1353 1703 1425 insipiens,
1739 1359 1795 1408 et
1829 1353 2105 1424 intellige.
2142 1352 2322 1407 Filius
2352 1352 2584 1423 quidem
2616 1350 2713 1406 Dei
2752 1352 2911 1406 omni
2938 1357 3205 1407 creatura
3256 1351 3553 1423 antiquior
3600 1357 3709 1425 est,
3743 1354 3831 1407 ita
3857 1358 3919 1408 ut

497 1439 557 1494 in
586 1439 827 1494 consilio
858 1441 1011 1494 Patri
1048 1458 1153 1495 suo
1186 1442 1435 1497 adfuerit
1467 1444 1535 1497 ad
1584 1444 1946 1498 condendam
2005 1444 2118 1513 (65)
2166 1446 2509 1497 creaturam.
2565 1441 2733 1496 Porta
2781 1444 2976 1495 autem
3022 1445 3291 1513 proptere
3331 1458 3479 1497 nova
3522 1445 3631 1512 est,
3685 1442 3832 1512 quia
3860 1444 3914 1497 in

495 1529 1001 1585 consummatione
1031 1530 1089 1584 in
1125 1531 1459 1586 novissimis
1491 1532 1698 1587 diebus
1729 1532 2032 1603 apparebit
2062 1531 2199 1601 (66),
2230 1538 2291 1585 ut
2337 1530 2437 1602 qui
2485 1529 2810 1585 assecuturi
2842 1534 2981 1585 sunt
3010 1529 3281 1595 salutem,
3315 1547 3417 1602 per
3447 1546 3576 1586 eam
3608 1532 3829 1586 intrent
3862 1532 3915 1585 in

498 1632 743 1689 regnum
778 1617 899 1673 Dei.
931 1618 1166 1689 Vidisti,
1198 1618 1413 1690 inquit,
1446 1620 1669 1692 lapides
1701 1620 1833 1675 illos
1866 1621 1967 1692 qui
2019 1636 2123 1691 per
2168 1624 2394 1691 portam
2445 1618 2709 1674 translati
2754 1623 2915 1687 sunt,
2954 1619 3012 1673 in
3061 1623 3419 1674 structuram
3448 1619 3634 1676 turris
3664 1618 3916 1675 colloca-

498 1710 592 1761 tos
618 1707 733 1777 (67)
761 1723 775 1773 ;
809 1722 908 1761 eos
934 1722 1067 1762 vero
1100 1708 1200 1779 qui
1224 1726 1339 1763 nou
1371 1714 1539 1764 erant
1583 1709 1853 1764 translati
1886 1726 1988 1780 per
2017 1712 2266 1781 portam,
2303 1708 2559 1779 abjectos
2589 1707 2648 1762 in
2681 1706 2872 1763 locum
2908 1724 3083 1763 suum
3123 1707 3277 1779 (68)?
3312 1709 3381 1763 Et
3425 1707 3542 1764 dixi
3578 1725 3591 1764 :
3626 1708 3783 1778 Vidi,
3814 1713 3919 1764 do-

506 1793 679 1850 mine.
714 1795 808 1851 Sic
838 1795 1047 1867 inquit,
1080 1813 1249 1851 nemo
1273 1798 1515 1853 intrabit
1546 1798 1607 1852 in
1640 1814 1887 1870 regnum
1914 1799 2013 1853 Dei
2045 1797 2157 1853 nisi
2181 1797 2319 1868 quia
2347 1798 2633 1867 acceperit
2663 1812 2877 1852 nomen
2908 1796 3030 1851 Filii
3077 1795 3194 1852 Dei.
3225 1797 3285 1853 Si
3315 1797 3473 1853 enim
3506 1797 3567 1853 in
3622 1798 3914 1853 civitatem

500 1882 761 1956 aliquam
791 1883 1045 1941 volueris
1067 1886 1367 1953 intrare,et
1390 1887 1593 1942 civitas
1622 1887 1723 1942 illa
1751 1887 1938 1943 cincta
1980 1887 2053 1941 sit
2092 1903 2286 1955 muro,
2330 1890 2387 1941 et
2415 1902 2592 1940 unam
2616 1885 2887 1941 habuerit
2906 1889 3317 1941 tantummodo
3338 1890 3569 1958 portam
3597 1905 3612 1955 ;
3646 1886 3918 1958 nunquid

499 1973 718 2044 poteris
739 1972 973 2029 aliunde
1004 1975 1114 2045 (69)
1146 1975 1361 2031 intrare
1390 1976 1683 2031 civitatem
1714 1975 1897 2042 illam,
1934 1975 2045 2030 nisi
2080 1992 2182 2047 per
2209 1978 2435 2047 portam
2470 1991 2645 2045 quam
2676 1974 2900 2029 habet?
2929 1978 2997 2029 Et
3021 1991 3277 2045 quonam
3309 1976 3508 2042 modo,
3538 1975 3917 2047 inquam,do-

500 2061 678 2129 mine,
711 2062 881 2118 aliter
908 2062 1032 2118 fieri
1062 2064 1293 2135 potest?
1330 2065 1490 2119 Sicut
1519 2081 1675 2137 ergo,
1710 2065 1924 2135 inquit,
1959 2065 2018 2118 in
2049 2064 2211 2120 illam
2242 2064 2446 2119 urbem
2488 2080 2603 2118 non
2630 2067 2823 2135 potest
2871 2063 3076 2118 intrari
3128 2064 3261 2136 (70),
3312 2080 3489 2135 quam
3528 2079 3637 2135 per
3684 2069 3914 2135 portam

498 2150 626 2220 ejus
660 2168 673 2205 :
709 2151 792 2205 ita
819 2167 927 2206 nec
958 2151 1015 2206 in
1050 2169 1295 2225 regnum
1330 2153 1425 2209 Dei
1457 2160 1647 2225 potest
1680 2153 1846 2208 aliter
1877 2154 2080 2208 intrari
2114 2153 2247 2225 (71),
2281 2152 2395 2208 nisi
2427 2169 2530 2223 per
2558 2168 2769 2207 nomen
2803 2151 2931 2207 Filii
2964 2153 3092 2223 ejus
3122 2153 3223 2224 qui
3254 2152 3306 2208 ei
3367 2152 3787 2208 charissimus.
3847 2148 3911 2207 Et

500 2239 648 2295 dixit
677 2240 817 2295 mihi
853 2258 867 2295 :
901 2241 1107 2296 Vidisti
1137 2243 1366 2297 turbam
1394 2259 1593 2299 eorum
1630 2243 1729 2314 qui
1758 2243 2125 2298 aediﬁcabant
2143 2241 2352 2296 turrim
2384 2240 2546 2296 illam
2572 2242 2599 2295 ?
2627 2240 2778 2310 Vidi,
2808 2241 3328 2312 inquam,domine.
3362 2242 3431 2297 Et
3450 2240 3595 2297 dixit
3628 2257 3641 2297 :
3678 2240 3771 2297 Illi
3794 2257 3917 2296 om-

500 2345 603 2384 nes
634 2329 824 2384 nuntii
855 2335 994 2386 sunt
1022 2330 1303 2402 dignitate
1333 2334 1444 2404 (72)
1474 2332 1807 2387 venerandi.
1843 2332 1945 2387 His
1974 2331 2155 2403 igitur
2181 2330 2358 2386 veluti
2391 2347 2559 2386 muro
2607 2329 2833 2385 cinctus
2885 2335 2974 2385 est
3002 2331 3307 2386 Dominus.
3343 2331 3510 2387 Porta
3539 2347 3675 2386 vero
3732 2330 3914 2385 Filius

502 2417 605 2473 Dei
636 2422 744 2489 est,
777 2418 877 2489 qui
908 2419 1070 2475 solus
1100 2425 1185 2475 est
1213 2437 1484 2477 accessus
1506 2422 1577 2476 ad
1610 2421 1814 2476 Deum.
1838 2421 2020 2475 Aliter
2042 2437 2178 2493 ergo
2208 2435 2380 2475 nemo
2401 2419 2643 2474 intrabit
2663 2420 2734 2474 ad
2767 2420 2973 2483 Deum,
2997 2418 3109 2474 nisi
3136 2437 3237 2491 per
3262 2419 3468 2475 Filium
3503 2421 3655 2491 ejus.
3675 2419 3911 2488 Vidisti,

499 2506 707 2577 inquit,
742 2506 873 2562 illos
903 2525 1001 2563 sex
1031 2508 1206 2576 viros,
1230 2513 1287 2564 et
1314 2509 1371 2564 in
1409 2510 1597 2565 medio
1628 2526 1827 2564 eorum
1862 2509 2202 2580 praecelsum
2237 2508 2424 2563 virum
2461 2507 2627 2563 illum
2660 2524 2725 2563 ac
2757 2524 3036 2581 magnum
3068 2509 3206 2579 (73),
3226 2508 3327 2580 qui
3358 2508 3511 2564 circa
3538 2510 3757 2563 turrim
3792 2525 3912 2563 am-

501 2594 743 2663 bulavit,
776 2600 832 2651 et
863 2596 1085 2667 lapides
1115 2598 1184 2652 de
1217 2603 1509 2653 structura
1539 2599 1868 2669 reprobavit
1892 2599 2005 2670 (74)
2026 2598 2226 2666 ?Vidi,
2258 2597 2521 2669 inquam,
2555 2597 2805 2652 domine.
2831 2596 2951 2664 Ille,
2973 2596 3188 2668 inquit,
3220 2596 3531 2667 praecelsus
3558 2598 3693 2667 (75),
3732 2596 3911 2652 Filius

500 2683 601 2738 Dei
634 2689 722 2739 est
752 2701 765 2751 ;
799 2690 856 2739 et
884 2684 969 2739 illi
1002 2703 1122 2752 sex,
1156 2687 1346 2742 nuntii
1380 2690 1518 2742 sunt
1546 2688 1828 2759 dignitate
1860 2687 1970 2757 (76)
2002 2686 2323 2759 conspicui,
2357 2686 2557 2742 dextra
2584 2687 2839 2756 Imaque
2883 2702 3014 2742 eum
3053 2685 3500 2741 circumstantes
3525 2686 3662 2758 (77).
3686 2685 3773 2742 Ex
3804 2684 3914 2753 his,

498 2773 713 2844 inquit,
746 2774 1164 2830 excellentibus
1198 2777 1313 2848 (78)
1344 2775 1589 2842 nuntiis,
1623 2793 1790 2832 nemo
1824 2777 1949 2832 sine
1978 2793 2044 2832 eo
2072 2776 2318 2832 intrabit
2347 2776 2419 2831 ad
2452 2774 2655 2831 Deum.
2689 2780 2756 2830 Et
2782 2774 2926 2831 dixit
2953 2793 2965 2831 :
2999 2773 3345 2847 Quicunque
3376 2790 3512 2847 ergo
3543 2791 3765 2832 nomen
3794 2776 3914 2846 ejus

496 2878 613 2917 non
646 2863 950 2935 acceperit,
983 2881 1097 2919 non
1129 2865 1369 2919 intrabit
1396 2864 1455 2919 in
1486 2882 1731 2938 regnum
1760 2865 1876 2921 Dei.

1988 2980 2216 3036 CAPUT
2255 2981 2399 3037 XIII.

578 3067 648 3122 Et
686 3067 807 3122 dixi
840 3084 854 3123 :
890 3066 1028 3139 quid
1060 3072 1149 3124 est
1180 3068 1389 3125 deinde
1417 3069 1537 3124 haec
1568 3069 1718 3124 turis
1743 3069 1770 3123 ‘I
1798 3070 1948 3138 Haec,
1978 3070 2186 3141 inquit,
2219 3068 2486 3125 Ecclesia
2516 3072 2625 3124 est.
2658 3068 2728 3124 Et
2754 3067 3013 3141 virgines
3042 3067 3303 3140 haa,qua3
3330 3072 3494 3137 sunt,
3523 3068 3816 3125 domine?
3844 3070 3912 3125 Et

511 3154 657 3211 dixit
685 3155 831 3211 mihi
867 3174 880 3212 :
914 3156 1033 3226 Hae,
1060 3157 1534 3229 inquit,Spiritus
1568 3159 1755 3214 sancti
1785 3163 1925 3214 sunt
1950 3177 1961 3214 :
1994 3176 2109 3214 non
2144 3158 2310 3214 aliter
2338 3158 2494 3214 enim
2520 3158 2633 3229 (79)
2656 3157 2830 3213 homo
2852 3160 3043 3230 potest
3063 3156 3123 3212 in
3151 3172 3399 3230 regnum
3427 3157 3530 3213 Dei
3551 3157 3917 3227 iutrare,nisi

506 3244 595 3299 hae
625 3245 923 3300 induerint
945 3262 1079 3301 eum
1110 3252 1268 3303 veste
1299 3264 1426 3303 sua.
1460 3248 1685 3303 Etenim
1740 3248 1885 3303 nihil
1918 3248 2176 3320 proderit
2222 3247 2327 3302 tibi
2377 3248 2637 3319 accipere
2668 3262 2880 3302 nomen
2936 3246 3062 3301 Filii
3092 3246 3215 3316 Dei,
3248 3246 3363 3302 nisi
3396 3246 3570 3302 etiam
3598 3248 3659 3302 et
3686 3253 3908 3303 vestem

505 3350 707 3390 earum
740 3336 1028 3406 acceperis
1059 3336 1130 3390 ab
1153 3337 1257 3391 eis.
1296 3338 1387 3391 Has
1420 3353 1674 3408 namque
1703 3338 1981 3409 virgines,
2025 3340 2340 3408 potestates
2372 3341 2511 3391 sunt
2558 3335 2685 3390 Filii
2731 3336 2854 3391 Dei.
2888 3335 2972 3390 lta
3002 3336 3223 3392 frustra
3253 3351 3465 3392 nomen
3497 3337 3624 3405 ejus
3653 3336 3913 3408 portabit

506 3423 636 3494 quis
666 3424 801 3496 (80,,
838 3424 948 3479 nisi
982 3424 1157 3480 etiam
1190 3430 1506 3497 potestates
1528 3428 1655 3496 ejus
1686 3427 1999 3498 portaverit
2030 3426 2160 3498 (81).
2194 3428 2259 3480 Et
2286 3426 2432 3480 dixit
2459 3425 2604 3480 mibi
2632 3442 2645 3479 :
2678 3424 2891 3480 Vidisti
2934 3424 3159 3496 lapides
3190 3424 3322 3481 illos
3350 3424 3451 3497 qui
3481 3425 3693 3496 abjecti
3727 3432 3872 3481 sunt
3898 3426 3925 3480 ἲ

502 3510 590 3566 Illi
622 3512 777 3567 enim
811 3529 1022 3568 nomen
1059 3514 1297 3585 quidem
1332 3518 1637 3585 portarunt
1660 3515 1775 3586 (82)
1805 3534 1817 3583 ;
1851 3519 2067 3570 vestem
2100 3519 2294 3570 autem
2346 3513 2580 3569 illarum
2613 3530 2728 3569 non
2761 3514 3097 3569 induerunt.
3146 3513 3216 3569 Et
3248 3514 3366 3569 dixi
3400 3530 3413 3569 :
3448 3516 3581 3580 Quae
3611 3518 3703 3569 est
3732 3515 3917 3570 vestis

503 3616 705 3656 earum
737 3602 1018 3656 domine?
1046 3604 1195 3674 Ipsa,
1228 3602 1442 3674 inquit,
1475 3605 1712 3659 nomina
1746 3606 1882 3677 (83),
1914 3604 2093 3659 vestis
2141 3621 2343 3659 earum
2375 3608 2483 3659 est.
2518 3603 2861 3674 Quicunque
2905 3618 3061 3674 ergo,
3112 3601 3308 3674 inquit
3355 3618 3592 3668 nomen,
3624 3602 3758 3658 Filii
3810 3588 3917 3675 (84)

507 3688 608 3745 Dei
639 3693 851 3762 portat,
886 3690 1096 3746 harum
1127 3708 1359 3764 quoque
1389 3694 1629 3748 nomina
1655 3700 1884 3765 portare
1914 3693 2121 3749 debet:
2153 3710 2289 3748 nam
2314 3698 2371 3748 et
2400 3691 2580 3747 Filius
2610 3692 2851 3747 nomina
2878 3696 3073 3763 portat
3100 3708 3322 3747 earum.
3350 3693 3745 3763 Quaecunque
3772 3693 3902 3763 (85),

1679 3837 1926 3892 VARIIE
1954 3835 2341 3893 LECTIONES
2379 3837 2472 3891 ET
2512 3835 2738 3891 NOT/E.

595 3951 690 4024 57)
718 3954 857 4024 Mss.
890 3949 1063 4024 Angl.
1089 3951 1165 4007 Ne
1187 3952 1328 4021 forte
1357 3952 1583 4024 fecistis.
2330 3951 2442 4024 (68)
2472 3951 2673 4024 Lamb.
2708 3951 2826 4024 loco
2853 3966 2978 4024 suo.

594 4019 685 4095 58)
719 4019 1059 4095 Mss.7Angl.
1090 4019 1364 4092 magnam
1385 4024 1718 4095 voluptatem
1743 4026 1979 4095 percepi.
2331 4019 2441 4095 (69)
2474 4022 2588 4095 Sic.
2623 4021 2844 4095 Lamb._
2862 4021 2978 4076 Sic.
3001 4024 3059 4077 et
3086 4019 3229 4095 Felli
3256 4020 3397 4095 edit.
3430 4019 3611 4095 Oxon.
3634 4019 3743 4095 7A1.
3778 4022 3918 4077 alia.

720 4094 924 4174 Lamb.
957 4091 1203 4174 verbum.
1510 4091 1525 4095 ’
1743 4091 1757 4095 “
1898 4091 1913 4095 ’
2330 4091 2447 4165 (70)
2477 4094 2683 4174 Lamb.
2731 4091 2971 4174 omisso,
3020 4094 3246 4174 inquit,‘
3264 4092 3349 4174 sic
3381 4109 3394 4146 :
3428 4093 3491 4174 in
3538 4091 3739 4174 eadem
3786 4096 3911 4174 urbe

601 4160 693 4238 60)
725 4166 928 4221 Lamb.
964 4166 1065 4220 Ita.
1830 4237 1835 4238 7
2264 4160 2381 4220 non
2402 4160 2553 4238 potes
2580 4166 2748 4238 aliter
2768 4160 3006 4238 intrare.
3027 4160 3174 4220 Hinc
3209 4160 3426 4231 Fellus;
3451 4165 3511 4219 in
3540 4162 3699 4219 illam
3726 4165 3915 4221 urbm

601 4167 671 4221 60
725 4167 928 4221 Lamb.
964 4167 1065 4220 Ita.
2264 4182 2381 4220 non
2402 4173 2553 4238 potes
2580 4167 2748 4221 aliter
2768 4167 3003 4219 intrare.

577 4167 693 4308 l61)
725 4237 927 4292 Lamb.
962 4238 1195 4304 desunt,
1220 4238 1505 4308 Nunquid,
1553 4254 1743 4308 usque
1774 4237 1845 4292 ad
1876 4238 2107 4293 Domine
2137 4255 2156 4291 :
2264 4253 2376 4293 non
2401 4240 2577 4308 potest
2603 4236 2776 4291 aliter
2800 4236 3025 4291 intrari.

512 4312 583 4365 et.
2338 4309 2451 4375 (71)
2486 4308 2683 4363 Lamb.
2718 4308 2918 4362 alz'cuis
2948 4310 3185 4362 intrare.

585 4378 699 4450 (62)
731 4379 841 4434 Ms.
864 4379 1061 4434 Lamb.
1088 4395 1221 4435 cum
1254 4378 1408 4451 Fello
1434 4398 1446 4436 :
1470 4380 1763 4435 exsolvam.
1787 4378 1880 4435 Sic
1907 4383 1964 4434 et
1994 4377 2155 4451 alibi,
2340 4377 2450 4451 (72)
2481 4380 2622 4435 Mss.
2655 4377 2826 4451 Angl.
2857 4378 3152 4451 dignitosi.

516 4449 614 4507 ubi
646 4449 888 4523 verbum
921 4454 1222 4523 explanare
1251 4450 1349 4507 alii
1376 4453 1543 4507 codd.
1569 4468 1775 4523 presse
1806 4450 2160 4506 ferunt.Fuit
2340 4449 2453 4523 (73)
2484 4449 2819 4523 Mss.7Angl.
2856 4449 3140 4505 honestum
3166 4450 3351 4505 virum
3379 4452 3544 4520 atque
3564 4464 3861 4521 magnum

514 4519 1021 4595 nimirum7G_ra_ece
1051 4519 1262 4595 ἐκλύσω
1292 4519 1586 4595 expediunt
1620 4522 1707 4579 vel
1736 4523 2154 4594 interpretabor.
2338 4519 2451 4595 (74)
2485 4522 2689 4595 Lamb,
2719 4519 2981 4595 portavit.

507 4594 724 4667 Glossze
764 4612 776 4650 :
809 4590 989 4667 ἐκλύω
1022 4594 1232 4649 resolvo
1256 4590 1444 4650 enode.
1503 4594 1635 4648 Vid.
1671 4612 1837 4667 capp.
1874 4590 1942 4667 13
1981 4600 2039 4667 et
2070 4595 2093 4648 1

1538 4594 1635 4648 ’id.
1671 4612 1837 4667 capp.
1874 4590 1942 4667 13
1981 4600 2039 4667 et
2070 4595 2155 4648 16.
2341 4590 2456 4667 (75)
2486 4594 2627 4649 Mss.
2658 4590 2827 4667 Angl.
2862 4594 3132 4667 honestus.

508 4667 569 4722 in
630 4666 746 4722 ﬁne
804 4666 902 4721 ubi
958 4667 1356 4722 exsolutionem
1413 4667 1702 4722 habemus
1740 4661 1862 4738 'p'ro
1918 4661 2155 4732 ἔκλυσιν,
2341 4661 2453 4737 (76)
2479 4669 2615 4738 Mss.
2648 4661 2817 4738 Angl.
2848 4664 3125 4735 dignitosi.

506 4744 679 4794 CLER.
1760 4736 1776 4738 “
2340 4738 2457 4804 (77)
2486 4737 2626 4791 Mss.
2659 4736 2829 4807 Angl.
2860 4738 3219 4790 continentes.

580 4809 694 4880 (63)
725 4809 928 4870 Lamb,
962 4809 1454 4880 desunt,tnquam,
1486 4809 1602 4865 hoc.
1628 4810 1751 4873 Quo
1782 4808 1839 4863 in
1873 4808 2156 4880 cod.7pas-7
2340 4808 2453 4880 (78)
2484 4806 2823 4880 Mss.7Angl.
2863 4807 3169 4879 dignitosis.

511 4875 625 4936 sim
654 4875 1030 4951 omittuntur
1052 4875 1288 4951 inquam'
1311 4887 1368 4935 et
1396 4883 1596 4951 inquit.
1629 4883 1761 4933 Haec
1792 4880 1946 4935 enim
1980 4875 2159 4935 Graeci
2296 4950 2301 4951 7
2344 4875 2454 4950 (79)
2488 4879 2690 4935 Lamb.
2724 4875 3037 4951 autem'pro
3067 4892 3235 4933 enim.
3257 4876 3328 4932 Et
3356 4890 3529 4933 mox:
3560 4875 3678 4933 nisi
3702 4876 3810 4934 has
3834 4876 3910 4933 in-

512 4952 838 5035 dialogistze
869 4950 1195 5035 supplenda
1247 4950 1479 5007 lectori’
1510 4953 1878 5024 permittunt,
1910 4955 1975 5005 ut
2005 4951 2155 5023 apud
2270 4950 2452 5035 (luerit
2477 4967 2621 5035 cum.

515 5020 812 5097 Platonem
844 5020 1093 5097 passim.
1124 5024 1293 5097 Quae.
1320 5094 1329 5097 _
1510 5020 1526 5024 ⁷
1573 5094 1582 5097 _
1951 5096 1955 5097 7
2000 5093 2010 5097 _
2042 5020 2059 5023 ⁷
2326 5022 2455 5097 (80)
2482 5021 2683 5097 Lamb.
2711 5024 2908 5097 Itaque
2935 5021 3057 5097 sine
3083 5034 3253 5097 causa
3281 5021 3403 5097 quis
3422 5020 3674 5092 portabit
3698 5035 3915 5084 nomen,

590 5097 702 5167 (64)
732 5091 917 5151 ὃὶθῖιι
948 5094 1130 5150 sacris
1159 5094 1387 5167 litteris,
1421 5094 1711 5167 Dominus
1728 5097 1881 5166 petra
1910 5093 2164 5167 etjanua
2270 5091 2387 5148 nisi
2413 5096 2579 5167 etiarn
2607 5096 2656 5149 et
2680 5095 2975 5167 potestates
3004 5092 3123 5167 ejus
3151 5091 3419 5147 induerit.

518 5163 754 5224 dicitur.
790 5169 876 5223 Ita
910 5167 1118 5222 Fellus.
1171 5171 1235 5220 Et
1284 5165 1530 5220 alterum
1580 5163 1819 5238 quidem
1870 5167 1891 5221 ι
1935 5163 2056 5220 σον.
2104 5181 2163 5229 x,
2343 5166 2457 5238 (81)
2490 5164 2631 5238 Mss.
2662 5163 2830 5238 Angl.
2866 5163 3173 5238 induerint.

515 5242 587 5307 11;
622 5240 870 5295 alterum
902 5255 1035 5294 vero
1064 5239 1234 5294 Joan.
1268 5255 1324 5303 x,
1355 5239 1410 5305 7,
1443 5238 1495 5291 9.
1599 5235 1611 5238 ⁷
2081 5306 2125 5308 77
2344 5235 2457 5308 (82)
2488 5236 2634 5308 Mss.
2660 5235 2831 5307 Angl.
2868 5236 3136 5291 tulerunt.

585 5312 698 5383 (65)
744 5311 943 5383 Lamb.
990 5309 1388 5383 constituendo.
1441 5308 1603 5365 Bodl.
1654 5309 2038 5365 constituendi.
2071 5306 2165 5363 Sic
2348 5306 2449 5383 (837)
2484 5307 2685 5383 Lamb.
2716 5306 2909 5383 Ipsum
2930 5308 3131 5383 inquit,
3148 5319 3401 5383 _nomen.

516 5374 951 5455 apud'Fellum.
978 5382 1164 5455 Aliter
1193 5381 1468 5455 Clericus.
1726 5454 1732 5455 7
1827 5451 1844 5455 _
2031 5452 2065 5455 _
2311 5449 2325 5455 _
2348 5374 2462 5455 (847)
2504 5378 2706 5434 Lamb.
2737 5374 2920 5455 'deest
2959 5374 3123 5455 Filii.
3148 5377 3229 5432 De
3275 5376 3513 5455 nomine
3542 5374 3675 5455 Filii
3724 5375 3915 5455 Dei

587 5454 1093 5535 (66LMss.-7Angl.
1146 5459 1204 5535 et
1244 5453 1441 5535 parm.
1464 5454 1792 5535 ηαρρανχιιίι.Δ
1826 5451 1909 5535 Ita
1939 5449 2166 5535 etnFelli
2277 5448 2478 5535 electis
2508 5456 2752 5535 gestato,
2777 5451 3152 5535 fide-Apoc.
3186 5464 3249 5513 II,
3283 5448 3381 5535 1:77;
3429 5465 3523 5535 ΕΙ,
3556 5449 3661 5509 12:
3711 5449 3915 5535 xrv,717.

523 5518 658 5580 edit.
685 5518 1319 5597 Oxon.Vulgatalectio
1346 5518 1689 5597 confirmari
1705 5528 1892 5595 potest
1907 5540 1976 5577 ex
1992 5523 2163 5577 Hebr.
2278 5528 2333 5597 et
2359 5523 2430 5597 de
2461 5518 2617 5597 veste
2650 5521 2894 5597 nuptiali
2923 5518 3125 5597 Matth.
3160 5521 3394 5597 xxu,_11.
3429 5520 3602 5577 Porro
3623 5518 3914 5597 apostolus

518 5614 576 5665 x,
606 5598 698 5660 28,
732 5613 845 5667 quo
878 5591 1030 5652 forte
1051 5598 1301 5667 respexit
1332 5597 1597 5651 Hermas.
1628 5591 1825 5651 Altera
1854 5610 1987 5649 vero
2020 5610 2164 5650 mss.
2278 5593 2688 5667 Paulusjubet
2719 5591 2993 5667 Christum
3023 5591 3465 5667 induere,7Rom.
3495 5608 3618 5667 xm,
3655 5591 3912 5667 {LF‘BLL

522 5664 592 5725 ex
614 5664 787 5722 Hebr.
824 5685 865 5736 1,
898 5670 946 5731 1,
974 5672 1027 5722 2.
1149 5664 1163 5667 “
2355 5666 2472 5735 (85)
2506 5664 2701 5721 Lamb.
2733 5666 2909 5721 Filius
2959 5665 3112 5720 enim
3142 5665 3244 5738 Dei
3261 5664 3414 5738 _ipsa_
3438 5666 3671 5738 nomine
3721 5664 3911 5738 W-

595 5739 707 5811 (67)
740 5734 942 5797 Lamb.
971 5739 1221 5795 collatos.
2284 5734 2651 5810 Quascunque.
2690 5738 2871 5794 Habet
2898 5749 3131 5808 quoque
3158 5734 3336 5792 Filius
3381 5736 3480 5794 Det
3514 5734 3653 5794 Falli
3686 5734 3780 5794 ed.
3822 5734 3911 5790 Ox.
