4008 6350
138 404 262 468 993
1236 400 1565 461 PASTOR.
1600 433 1677 445 —
1704 400 1721 459 l

1960 401 2007 461 Ι.
2056 402 2292 463 SIMIL.
2337 402 2445 464 IX.
3423 402 3538 463 994

139 536 360 609 inquit,
389 532 615 607 lapides
642 530 838 587 vidisti
867 532 926 587 in
956 534 1254 587 structura
1282 532 1640 587 remansisse
1671 548 1775 604 per
1804 548 2015 588 manus
2057 534 2265 589 harum
2305 532 2573 601 traditos,
2605 549 2807 589 earum
2840 536 3126 606 potestate
3156 534 3344 589 vestiti
3378 539 3539 590 sunt.

140 627 396 695 Ideoque
428 628 608 679 totam
637 621 845 676 turrim
875 621 1221 676 concordem
1253 621 1365 693 (86)
1394 621 1554 676 vides
1584 638 1716 676 cum
1749 627 1933 693 petra,
1968 627 2023 677 et
2051 623 2207 678 velut
2237 640 2305 678 ex
2336 640 2449 679 uno
2482 622 2674 694 lapide
2707 625 2939 678 factam.
2973 623 3065 678 Sic
3109 638 3340 694 quoque
3370 623 3412 678 ii
3443 623 3546 696 qui

143 714 525 771 crediderunt
553 711 670 767 Deo
701 727 803 782 per
830 710 1043 765 Filium
1074 710 1221 781 ejus,
1255 709 1441 764 induti
1488 716 1625 764 sunt
1659 710 1943 781 Spiritum
1978 711 2131 766 hunc
2162 712 2296 782 (87).
2329 713 2473 768 Ecce
2503 729 2656 767 unus
2685 712 2795 767 erit
2822 712 3085 783 spiritus,
3117 716 3174 767 et
3205 730 3387 768 unum
3419 730 3544 769 cor-

145 820 281 875 pus,
313 808 371 858 et
400 817 553 857 unus
579 799 737 855 color
765 800 1015 855 vestium
1048 816 1248 855 eorum
1283 799 1395 871 (88)
1421 816 1434 866 ;
1468 799 1569 854 sed
1599 805 1656 854 et
1685 799 1769 852 illi
1809 807 2195 870 assequentur
2225 802 2358 871 ista,
2390 802 2489 873 qui
2538 801 2892 872 portaverint
2922 802 3031 873 (89)
3085 802 3325 856 nomina
3369 802 3546 875 virgi-

146 909 294 949 num
325 891 557 947 barum.
585 890 655 945 Et
685 889 802 944 dixi
834 906 847 944 :
886 889 1072 951 Quare
1102 905 1260 961 ergo,
1293 889 1545 955 domine,
1579 888 1787 958 abjecti
1820 894 1959 943 sunt
1990 888 2214 961 lapides
2243 891 2339 961 qui
2373 890 2660 962 reprobati
2694 891 2946 954 fuerunt,
2980 907 3111 944 cum
3143 890 3252 961 ipsi
3283 907 3384 961 per
3415 908 3546 962 por-

145 986 270 1038 tam
302 981 413 1052 (90)
443 978 712 1035 translati
744 978 986 1044 fuerint,
1021 983 1077 1033 et
1106 978 1303 1033 traditi
1337 994 1438 1049 per
1464 994 1673 1033 manus
1702 977 1994 1049 virginum
2026 978 2233 1033 harum
2266 979 2323 1033 in
2352 985 2704 1034 structuram
2737 978 2916 1033 turris
2966 978 3143 1049 hujus
3165 979 3193 1032 ‘2
3237 980 3547 1049 Quoniam,

147 1071 366 1142 inquit,
395 1086 535 1124 cura
562 1068 666 1123 tibi
698 1074 788 1123 est
819 1066 1015 1122 omnia
1045 1066 1351 1139 diligenter
1381 1067 1690 1138 inquirere,
1726 1068 1858 1122 audi
1893 1068 1962 1122 de
1994 1067 2065 1122 iis
2097 1068 2390 1140 lapidibus
2422 1068 2518 1139 qui
2548 1068 2757 1138 abjecti
2792 1072 2947 1122 sunt.
2982 1069 3048 1120 Hi
3084 1084 3288 1123 omnes
3337 1086 3548 1124 nomen

152 1160 282 1215 Filii
314 1158 410 1213 Dei
442 1162 805 1229 acceperunt,
839 1158 937 1212 sed
965 1162 1052 1212 est
1083 1161 1428 1227 potestatem
1462 1156 1751 1228 virginum
1784 1156 2015 1220 harum,
2051 1157 2149 1212 His
2178 1174 2313 1229 ergo
2344 1157 2649 1227 spiritibus
2690 1158 2959 1227 acceptis,
2991 1158 3387 1212 consummati
3423 1159 3552 1213 fue-

150 1252 312 1317 runt,
345 1251 401 1302 et
428 1246 490 1301 in
522 1262 831 1301 numerum
861 1262 1159 1301 servorum
1190 1244 1289 1300 Dei
1321 1245 1557 1315 redacti,
1580 1250 1636 1300 et
1667 1262 1849 1300 unum
1871 1261 2081 1316 corpus
2102 1262 2301 1300 eorum
2332 1261 2460 1300 esse
2489 1245 2661 1315 coepit
2689 1250 2862 1315 atque
2893 1262 3009 1299 una
3034 1245 3245 1313 vestis;
3281 1247 3548 1301 eamdem

152 1336 267 1409 (91)
298 1335 457 1392 enim
488 1334 819 1391 sentiebant
846 1333 1196 1404 aequitatem,
1229 1350 1402 1404 quam
1440 1334 1657 1406 pariter
1685 1334 2047 1390 exercebant.
2077 1336 2148 1388 At
2186 1351 2327 1389 .vero
2387 1340 2699 1406 postquam
2745 1333 3016 1388 viderunt
3067 1333 3344 1390 mulieres
3399 1334 3552 1404 illas,

151 1441 307 1497 quas
339 1423 640 1481 advertisti
668 1422 836 1494 nigra
864 1426 1022 1478 veste
1050 1422 1316 1487 vestitas,
1348 1422 1559 1478 exertis
1610 1423 1872 1479 humeris
1918 1428 1977 1479 et
2026 1422 2233 1478 solutis
2264 1422 2376 1493 (92)
2427 1422 2707 1493 crinibus,
2739 1422 3193 1494 concupiverunt
3239 1422 3556 1479 sollicitare

152 1513 289 1569 illas
316 1513 389 1569 ob
418 1510 913 1585 pulchritudinem
943 1510 1056 1583 (93)
1087 1527 1311 1578 earum,
1342 1516 1399 1566 et
1428 1510 1617 1567 induti
1646 1516 1785 1567 sunt
1805 1516 2089 1584 potestate
2116 1528 2317 1567 earum
2344 1530 2356 1579 ;
2391 1511 2680 1584 virginum
2714 1527 2844 1566 vero
2874 1513 3243 1582 projecerunt
3271 1513 3556 1568 amictum

154 1603 292 1675 (Si).
326 1602 396 1660 Hi
424 1602 606 1675 igitur
633 1600 842 1672 abjecti
873 1604 1011 1655 sunt
1047 1617 1082 1657 a
1108 1601 1281 1657 domo
1312 1600 1434 1672 Dei,
1467 1604 1525 1655 et
1552 1600 1750 1656 traditi
1782 1601 2132 1657 mulieribus
2163 1600 2300 1656 illis.
2334 1603 2403 1655 At
2433 1600 2491 1654 bi
2525 1600 2625 1671 qui
2656 1617 2770 1655 non
2802 1604 2941 1656 sunt
2984 1601 3242 1672 corrupti
3292 1600 3554 1673 pulchri-

154 1690 363 1748 tudine
392 1706 619 1759 earum,
648 1689 708 1745 in
740 1689 912 1745 domo
944 1688 1042 1746 Dei
1084 1693 1512 1747 remanserunt.
1560 1689 1771 1761 Habes,
1820 1690 2027 1760 inquit,
2060 1690 2267 1746 horum
2314 1688 2579 1762 lapidum
2609 1690 2710 1759 qui
2760 1689 2969 1760 abjecti
3013 1693 3175 1759 sunt,
3224 1689 3562 1763 explicatio-

156 1796 296 1838 nam
324 1778 458 1852 (95).

1663 1867 1893 1924 CAPUT
1933 1867 2071 1923 XIV.

235 1958 303 2015 Et
330 1956 451 2012 dixi
481 1974 495 2013 :
527 1955 588 2012 Si
618 1955 717 2026 qui
746 1971 903 2027 ergo,
935 1955 1193 2023 domine,
1222 1956 1528 2012 hominum
1560 1957 1656 2026 qui
1686 1957 2027 2028 hujusmodi
2060 1961 2217 2023 sunt,
2250 1957 2475 2029 egerint
2507 1957 2930 2029 pcenitentiam,
2963 1961 3019 2013 et
3051 1957 3369 2028 abjecerint
3399 1958 3561 2030 cupi-

162 2047 408 2105 ditatem
439 2046 755 2101 mulierum
781 2044 1039 2116 illarum,
1073 2050 1131 2101 et
1161 2045 1420 2101 conversi
1453 2045 1723 2101 redierint
1759 2047 1831 2101 ad
1862 2044 2135 2117 virgines,
2169 2050 2225 2101 et
2254 2063 2454 2101 earum
2488 2050 2831 2117 potestatem
2862 2045 3197 2113 induerint;
3250 2064 3441 2103 nonne
3470 2047 3560 2103 in-

166 2135 418 2191 trahunt
444 2134 505 2189 in
536 2135 777 2190 domum
808 2133 950 2190 Dei?
983 2134 1308 2201 Intrabunt,
1342 2133 1528 2204 inquit
1557 2134 1607 2189 si
1653 2135 1972 2205 abjecerint
2000 2135 2197 2191 omnia
2226 2150 2401 2206 opera
2426 2135 2738 2190 mulierum
2767 2134 3023 2205 illarum,
3058 2139 3115 2190 et
3144 2135 3354 2190 harum
3387 2136 3563 2208 virgi-

168 2241 313 2281 num
345 2223 768 2294 resumpserint
796 2227 1167 2295 potestatem,
1197 2227 1253 2278 et
1282 2223 1339 2278 in
1372 2222 1644 2294 operibus
1664 2239 1865 2279 earum
1889 2223 2333 2279 ambulaverint.
2367 2228 2435 2278 Et
2463 2223 2591 2278 ideo
2615 2224 2971 2278 intermissio
2992 2223 3145 2278 facta
3165 2228 3254 2278 est
3276 2224 3566 2292 struendi,

166 2318 233 2368 ut
262 2313 317 2367 si
345 2311 405 2366 hi
435 2311 663 2384 egerint
691 2311 1115 2384 pcenitentiam,
1150 2310 1499 2382 adjiciantur
1530 2312 1589 2366 in
1620 2316 1976 2366 structuram
2008 2312 2187 2367 turris
2221 2329 2235 2367 :
2268 2312 2317 2367 si
2349 2317 2545 2367 autem
2576 2313 2688 2383 (96)
2721 2328 2833 2366 non
2865 2310 3089 2383 egerint
3137 2311 3564 2383 penitentiam,

166 2400 266 2458 alii
293 2404 597 2457 struantur
621 2399 747 2456 loco
781 2416 982 2457 eorum
1009 2418 1022 2468 ;
1055 2405 1112 2456 et
1141 2400 1227 2455 ilii
1258 2405 1399 2455 tunc
1428 2399 1780 2470 abjiciantur
1807 2400 1867 2455 in
1898 2404 2016 2456 toto
2048 2402 2180 2473 (97).
2217 2402 2300 2455 Ad
2349 2396 2481 2456 hac
2520 2401 2717 2456 omnia
2746 2401 2858 2471 (98)
2888 2399 3108 2471 gratias
3158 2400 3248 2472 egi
3298 2400 3567 2469 Domino,

169 2490 326 2563 quod
358 2489 419 2545 in
446 2506 650 2546 omnes
680 2490 741 2545 in
770 2489 982 2560 quibus
1011 2490 1343 2544 invocatum
1394 2494 1484 2544 est
1528 2505 1740 2545 nomen
1783 2490 1932 2560 ejus,
1962 2492 2160 2544 motus
2182 2490 2493 2544 clementia
2514 2489 2739 2544 miserit
2761 2489 3065 2559 praesidem
3094 2489 3366 2544 nuntium
3398 2489 3577 2561 paeni-

167 2579 363 2636 tentia
412 2579 484 2635 ad
534 2596 664 2645 nos,
707 2579 805 2649 qui
855 2577 1208 2650 deliquimus
1248 2579 1339 2647 ei;
1391 2584 1450 2635 et
1494 2579 1649 2649 quod
1696 2578 2054 2634 renovaverit
2102 2578 2343 2650 spiritus
2392 2582 2622 2634 nostros
2652 2579 2778 2649 jam
2811 2582 2964 2633 certe
2993 2577 3351 2649 deﬁcientes,
3383 2594 3574 2650 neque

169 2669 451 2724 habentes
499 2684 661 2740 spem
716 2668 963 2737 salutis;
1015 2684 1172 2723 nunc
1217 2685 1349 2724 vero
1398 2673 1682 2723 recreatos
1715 2668 1823 2739 (99)
1874 2668 1945 2723 ad
1994 2667 2540 2740 redintegrationem
2588 2667 2737 2722 vita.
2774 2667 2840 2722 Et
2870 2666 3037 2722 dixi:
3087 2666 3271 2736 Nunc,
3314 2667 3570 2733 domine,

170 2758 513 2813 demonstra
541 2756 709 2827 mihi,
750 2772 927 2828 quare
957 2773 1074 2811 non
1096 2756 1153 2810 in
1185 2759 1337 2811 terra
1366 2756 1688 2811 aedificatur
1711 2756 1830 2811 haec
1852 2756 2050 2826 turris,
2075 2756 2176 2811 sed
2199 2773 2376 2828 supra
2396 2761 2618 2827 petram
2641 2760 2697 2811 et
2717 2764 2943 2826 portam
2961 2755 2991 2810 ‘i’
3020 2756 3328 2820 Quoniam,
3354 2756 3570 2827 inquit,

170 2845 461 2916 insipiens
491 2849 549 2900 et
580 2843 707 2900 sine
735 2844 1033 2900 intellectu
1064 2861 1146 2910 es,
1180 2844 1308 2899 ideo
1338 2843 1683 2917 interrogas.
1717 2845 1781 2899 Et
1813 2845 1930 2900 dixi
1965 2864 1978 2901 :
2031 2846 2275 2905 Necesse
2304 2845 2509 2913 habeo,
2542 2845 2796 2911 domine,
2828 2844 3027 2900 omnia
3074 2852 3129 2901 te
3175 2845 3532 2916 interrogare
3559 2868 3574 2907 ς

176 2934 454 3005 quoniam
486 2933 631 2988 nihil
664 2933 902 2989 omnino
934 2932 1195 3005 intelligo
1230 2951 1242 2987 :
1272 2949 1551 3004 responsa
1581 2933 1735 2988 enim
1768 2934 1966 2989 omnia
1994 2934 2141 3005 (100)
2174 2950 2387 3005 magna
2417 2938 2474 2987 et
2516 2932 2790 3003 praeclara
2836 2937 2994 3001 sunt,
3028 2937 3084 2988 et
3131 2950 3258 3004 qua:
3307 2932 3578 2988 homines

175 3022 271 3078 vix
302 3021 623 3094 intelligere
652 3026 919 3095 possunt.
953 3022 1127 3088 Audi,
1162 3022 1353 3092 inquit
1386 3040 1399 3077 :
1431 3022 1652 3077 Nomen
1686 3022 1815 3077 Filii
1846 3024 1944 3078 Dei
1977 3040 2256 3095 magnum
2287 3027 2342 3077 et
2373 3023 2729 3077 immensum
2761 3026 2867 3090 est,
2891 3028 2951 3078 et
2981 3027 3138 3077 totus
3161 3023 3231 3077 ab
3254 3038 3321 3078 eo
3353 3028 3583 3078 susten-

174 3117 337 3168 tatur
366 3110 524 3166 orbis
552 3111 612 3163 ⁸⁸.
650 3111 710 3166 Si
741 3127 900 3184 ergo,
931 3111 1195 3183 inquam,
1228 3111 1422 3166 omnis
1451 3112 1527 3181 (1)
1558 3111 1657 3167 Dei
1689 3115 1956 3167 creatura
1985 3128 2087 3182 per
2118 3110 2328 3166 Filium
2362 3110 2489 3181 ejus
2520 3114 2923 3178 sustentatur;
2957 3128 3059 3165 cur
3090 3127 3203 3165 non
3237 3116 3294 3165 et
3323 3127 3421 3166 eos
3451 3127 3581 3165 sus-

175 3201 327 3256 tinet
354 3200 451 3269 qui
481 3198 707 3254 invitati
748 3204 887 3255 sunt
919 3200 990 3254 ab
1022 3215 1111 3264 eo,
1144 3203 1201 3253 et
1230 3214 1442 3253 nomen
1472 3200 1602 3269 ejus
1634 3200 1850 3264 ferunt,
1876 3202 1931 3254 et
1962 3198 2020 3252 in
2053 3198 2354 3269 praeceptis
2385 3199 2512 3267 ejus
2546 3197 2900 3252 ambulant?
2946 3199 3147 3253 Nonne
3188 3198 3363 3253 etiam
3396 3198 3577 3268 vides,

176 3288 389 3359 inquit,
421 3289 576 3359 quod
609 3288 860 3344 sustinet
888 3288 966 3359 (2)
995 3304 1114 3358 eos,
1147 3287 1247 3359 qui
1279 3303 1348 3342 ex
1378 3288 1515 3343 totis
1547 3288 1878 3360 praecordiis
1910 3292 2145 3359 portant
2176 3304 2386 3342 nomen
2418 3289 2544 3358 ejus
2564 3288 2591 3341 ἱ)
2640 3287 2767 3358 Ipse
2798 3287 2979 3358 igitur
3009 3288 3457 3342 fundamentum
3490 3291 3586 3343 est

178 3392 407 3446 eorum,
438 3380 496 3432 et
524 3375 772 3433 libenter
801 3381 991 3449 portat
1020 3392 1118 3431 eos
1149 3376 1246 3447 qui
1278 3377 1357 3448 (3)
1388 3393 1502 3432 non
1533 3382 1750 3449 negant
1779 3393 1989 3432 nomen
2019 3377 2167 3448 ejus,
2193 3377 2291 3431 sed
2324 3376 2571 3432 libenter
2600 3376 2891 3431 sustinent
2922 3374 3088 3431 illum
3123 3377 3220 3447 (4).

1694 3492 1925 3548 CAPUT
1954 3491 2069 3548 XV.

250 3581 323 3636 Et
351 3579 471 3635 dixi
506 3596 518 3635 :
551 3580 899 3637 Demonstra
927 3580 1092 3651 mihi,
1125 3581 1381 3648 domine,
1415 3581 1655 3637 nomina
1681 3582 1975 3654 virginum
2026 3582 2233 3636 harum
2281 3586 2338 3637 et
2387 3581 2699 3637 mulierum
2748 3580 3008 3648 illarum,
3043 3598 3169 3653 quae
3219 3581 3388 3653 nigra
3427 3584 3585 3637 veste

176 3674 323 3725 sunt
351 3668 566 3723 indutae
598 3669 695 3741 (5).
730 3670 904 3735 Audi,
935 3668 1124 3739 inquit
1156 3688 1169 3725 :
1205 3668 1455 3726 Nomina
1482 3670 1776 3743 virginum
1809 3687 1935 3742 qua:
1969 3672 2317 3742 potentiores
2348 3676 2505 3736 sunt,
2539 3687 2665 3741 quae
2697 3670 3079 3725 obtinuerunt
3109 3670 3356 3741 angulos
3387 3675 3587 3742 portas,

182 3758 309 3813 hac
339 3761 479 3811 sunt
525 3756 649 3829 (6):
700 3758 895 3813 Prima
938 3762 1174 3813 vocatur
1222 3757 1409 3825 Fides,
1460 3760 1719 3814 secunda
1764 3759 2148 3829 Ahstinentia,
2200 3760 2369 3815 tertia
2417 3760 2695 3830 Potestas,
2747 3764 2955 3829 quarta
3000 3758 3322 3825 Patientia;
3374 3766 3589 3814 caeteras

184 3850 384 3900 autem
416 3861 540 3914 quas
573 3845 725 3901 infra
752 3846 861 3901 has
892 3845 1224 3902 consistunt
1253 3846 1350 3917 (7),
1375 3846 1468 3902 his
1501 3847 1840 3903 nominibus
1860 3852 2177 3904 vocantur:
2211 3847 2590 3919 Simplicitas,
2611 3846 2967 3913 lnnocentia,
2992 3846 3264 3914 Castitas,
3291 3847 3590 3915 Hilaritas,

180 3934 439 4001 Veritas,
472 3934 882 4006 Intelligentia,
914 3935 1250 4003 Concordia,
1282 3934 1569 3992 Charitas.
1603 3937 1944 4008 Quicunque
1991 3937 2187 4008 itaque
2234 3940 2467 4008 portant
2508 3938 2627 3991 haec
2678 3936 2918 3991 nomina
2965 3939 3021 3990 et
3052 3952 3263 3991 nomen
3297 3936 3426 3990 Filii
3458 3932 3562 3989 Dei

175 4024 241 4079 in
274 4038 523 4095 regnum
555 4023 654 4078 Dei
687 4029 961 4095 poterunt
989 4024 1226 4079 intrare.
1258 4024 1410 4078 Audi
1450 4041 1605 4080 nunc
1635 4025 1948 4080 mulierum
1980 4028 2236 4091 nomina,
2269 4042 2394 4096 qua:
2422 4025 2589 4097 nigra
2616 4031 2775 4080 veste
2804 4025 3026 4080 vestitae
3059 4030 3219 4079 sunt.
3271 4025 3354 4078 Ex
3386 4022 3473 4077 his
3503 4022 3584 4092 (8)

176 4115 435 4185 quatuor
463 4111 820 4183 potentiores
850 4117 990 4168 sunt
1022 4130 1035 4168 :
1069 4129 1316 4183 quarum
1367 4113 1559 4184 prima
1586 4115 1856 4183 Perﬁdia,
1905 4115 2162 4170 secunda
2208 4114 2681 4185 Intemperantia,
2726 4114 2898 4169 tertia
2943 4111 3348 4175 Incredulitas,
3382 4115 3594 4181 quarta

173 4199 464 4271 Voluptas
492 4200 572 4271 (9)
603 4201 959 4258 nominatur.
995 4203 1310 4272 Sequentes
1341 4218 1475 4258 vero
1506 4203 1714 4259 harum
1770 4204 1852 4261 sic
1902 4204 2318 4259 nominentur:
2370 4203 2647 4269 Tristitia,
2699 4202 2943 4271 Malitia,
2989 4201 3216 4268 Libido,
3257 4199 3587 4267 Iracundia,

180 4288 577 4359 Mendacium,
610 4289 895 4359 Stultitia,
931 4293 1176 4363 Inﬂatio,
1207 4295 1443 4351 Odium.
1477 4295 1592 4352 Hos
1622 4293 1864 4366 spiritus
1894 4293 1996 4365 qui
2028 4298 2219 4365 portat
2249 4292 2346 4349 Dei
2376 4309 2599 4360 servus,
2631 4308 2878 4363 regnum
2926 4294 3028 4351 Dei
3076 4290 3299 4348 videbit
3327 4289 3587 4360 quidem,

254 4378 299 4412 ⁸⁸
330 4376 473 4434 Heb.
509 4395 547 4444 ι,
581 4378 635 4433 3.

1361 4472 1595 4528 VARI/E
1635 4470 2028 4527 LECTIONES
2067 4471 2158 4526 ET
2196 4469 2430 4526 NOT/E.

257 4572 377 4648 (86)
402 4570 958 4648 Bodl._c_onsiniilem.
993 4577 1185 4634 Fellus
1214 4579 1273 4633 in
1319 4595 1427 4635 sua
1473 4578 1613 4632 edit.
1648 4578 1831 4636 Oxon.
2014 4577 2125 4648 (99)
2158 4578 2242 4632 Ita
2271 4593 2414 4632 mss.
2447 4575 2614 4647 Angl.
2641 4580 2697 4631 et
2716 4576 2867 4631 Vict.
2892 4577 2977 4633 Ita
2996 4539 3053 4632 et
3071 4577 3212 4633 edit.
3248 4574 3391 4632 Felli
3412 4574 3593 4630 Oxon.

181 4642 729 4721 σοῃεᾼρζοζετπηνὶρθ
756 4646 1021 4721 Ονιιίεθῑιίε
1050 4650 1318 4705 Philocal.
1351 4666 1477 4721 cap.
1509 4650 1564 4721 8.
1948 4642 2038 4721 Al'.
2072 4642 2306 4721 recreat.

2083 4864 2100 5076 ξ

266 5002 285 5213 Ξ

363 5002 382 5213 ἒ

260 4714 390 4793 (87)-
412 4714 616 4793 Lamb.
649 4714 943 4775 Dominum
966 4736 1069 4792 per
1094 4723 1306 4778 Filium
1341 4714 1479 4793 ejus,
1512 4720 1610 4777 hoc
1636 4722 1843 4790 spiritu
2021 4720 2169 4793 (100)
2201 4720 2726 4793 Lamb.responsis.
2763 4721 2969 4776 Omnia
2996 4722 3166 4776 enim.

189 4784 390 4862 induti
415 4790 574 4862 sunt.
705 4858 718 4862 Δ
966 4784 981 4792 ”
1361 4784 1379 4793 ’
1466 4784 1473 4788 ⁷
1663 4784 1674 4790 ⁷
2022 4784 2099 4862 (l)
2132 4784 2330 4847 Lamb.
2363 4790 2454 4845 Sic
2482 4784 2605 4861 ergo
2635 4793 2838 4847 omnis.

284 4856 380 4933 88)
407 4856 619 4933 _L_amb_.
652 4858 781 4933 odor
809 4864 1043 4918 vestium
1071 4881 1282 4920 earum.
2022 4856 2098 4933 (2)
2132 4863 2330 4917 Lamb.
2351 4866 2525 4933 Atque
2541 4856 2725 4917 'etiam
2752 4863 2899 4918 vides
2928 4879 3014 4919 eos
3043 4878 3173 4933 quos
3195 4862 3449 4917 sustinet.

286 4866 380 4927 88)
414 4866 619 4913 Lamb.
652 4866 781 4915 odor
809 4866 1043 4918 vestium
1071 4881 1282 4920 earum.
2044 4866 2078 4916 2
2132 4866 2330 4917 Lamb.
2351 4866 2525 4933 Atque
2552 4866 2626 4917 eti

286 4928 378 5005 89)
407 4927 752 5005 Mss._An_gl.
785 4935 1035 4989 tulerint.
2022 4866 2100 5005 (Β)
2124 4935 2321 4990 Lamb.
2349 4935 2626 5004 quoniam.

414 4999 613 5078 Lamb.
648 4999 1008 5078 d7e_sunt,_per
1031 5015 1276 5078 portam.
2023 4999 2100 5076 (4)
2136 5007 2332 5060 Lamb.
2354 4999 2535 5060 'illud.
2590 5003 2730 5060 Felli
2783 5005 2919 5061 edit.
2952 5005 3135 5061 Oxon.
3182 5002 3276 5059 sed
3328 5002 3603 5058 sustinent

289 5069 382 5147 91)
412 5071 610 5147 Lamb.
652 5073 728 5147 ad,
751 5069 1010 5132 eamdem.
1031 5069 1045 5078 ’
1954 5069 2137 5147 ipsum
2168 5078 2416 5131 libenter.

232 5142 380 5223 '(9_2_)
413 5142 618 5199 Lamb.
668 5146 967 5203 dissolutis.
1002 5148 1144 5204 Vide
1201 5165 1380 5221 supra
1429 5164 1554 5219 cap.
1586 5149 1622 5200 2
1667 5147 1845 5218 hujus
1975 5142 1987 5147 ⁷
2026 5148 2101 5223 (ᾗ)
2132 5148 2272 5223 Mss.
2305 5147 2476 5223 angl.
2510 5148 2735 5223 vestita,
2768 5152 2839 5223 ut
2861 5147 3034 5203 infra.

194 5212 381 5287 simil.
1276 5212 1295 5221 ⁸
1500 5212 1518 5219 ’
1745 5212 1764 5218 ⁷
2131 5220 2269 5273 Mss.
2305 5212 2505 5273 Lamb.
2538 5217 2687 5273 Vict.
2720 5212 2775 5273 et
2802 5219 2992 5275 Carm.
3026 5220 3151 5275 Haec
3194 5223 3319 5271 sunt
3363 5214 3595 5287 nomina

270 5283 387 5355 (93)
417 5286 552 5340 Mss.
586 5287 753 5361 Angl.
784 5292 1178 5363 concupierunt
1223 5308 1369 5348 enim
1420 5307 1529 5361 eas,
1562 5291 1847 5346 sollicitati
1955 5283 2166 5345 earum.
2191 5290 2283 5344 Sic
2313 5297 2369 5344 et
2404 5288 2537 5343 Felli
2562 5290 2697 5344 edit.
2731 5290 2889 5345 Oxon
2936 5292 3202 5346 Laudant
3223 5288 3379 5342 hunc
3404 5285 3597 5341 locum

270 5355 640 5409 ilchritudine.
1956 5362 2229 5409 Origenes
2262 5360 2462 5409 hnmil.
2502 5362 2586 5409 13.
2617 5364 2678 5409 in
2712 5362 2904 5409 Επειδὴ-
2944 5360 3353 5409 Anntnrﬂneris
3384 5358 3597 5409 imu.in

193 5367 640 5427 pulchritudine.

1956 5362 2229 5433 Origenes
2262 5360 2462 5416 homil.
2502 5362 2586 5425 13,
2617 5364 2678 5433 in
2708 5362 2905 5417 Ezech.
2941 5365 3149 5417 Auctor
3163 5360 3353 5433 Operis
3384 5358 3599 5433 imp.i_n

272 5426 389 5504 (ἓξ)
420 5426 621 5504 Lamb.
657 5434 983 5490 amicitiam.
1956 5426 2140 5488 Matth.
2173 5450 2288 5504 xxx,
2319 5434 2409 5498 28,
2443 5438 2499 5486 et
2529 5432 2776 5504 scriptor
2808 5434 2945 5489 Vitae
2975 5436 3033 5489 S.
3068 5426 3365 5489 GenOvefas
3398 5429 3595 5500 cap.4.

294 5477 387 5583 ἐξὲξ
420 5477 620 5583 iam}:
650 5477 1060 5583 etiam...
1094 5506 1186 5561 δίε
1216 5508 1273 5561 et
1300 5505 1440 5583 pen;
1475 5505 1613 5583 est.
1665 5505 1843 5561 οχοη.
1956 5477 3522 5583 "denegatae;agens;-ié;‘iejzﬁ.f""I"'"f'ij

296 5568 390 5649 96)
427 5570 626 5649 Lamb.
660 5574 891 5649 desunt,
923 5584 1157 5647 egerint.
1204 5619 1216 5632 .
1261 5619 1274 5633 .
1319 5619 1332 5634 .
1372 5580 1421 5632 si
1448 5582 1648 5633 autem.
2142 5578 2222 5649 Ita
2254 5592 2362 5630 ms.
2396 5574 2542 5629 Vict.
2576 5575 2656 5629 ita
2682 5592 2914 5649 quoque
2945 5576 3086 5635 Felli
3109 5582 3163 5633 et
3186 5570 3604 5631 Russel.editt.

296 5640 389 5705 9'7)
423 5642 625 5699 Lamb.
658 5649 847 5704 totum.
877 5640 888 5649 ’
952 5640 975 5647 ⁷
1959 5640 2043 5705 Al.‘
2084 5640 2136 5702 et
2167 5648 2273 5702 his.

276 5711 393 5788 (98)
422 5714 622 5772 Lamb.
655 5720 899 5790 singula.
931 5720 1003 5778 Et
1033 5736 1165 5777 mox
1194 5720 1379 5790 deest,
1412 5722 1520 5791 egi.
2027 5718 2104 5796 (9)
2132 5722 2267 5776 Mss.
2298 5716 2470 5791 Angl.
2501 5717 2754 5779 Dulcedo.
