4036 6356
519 371 636 430 995
2020 366 2085 426 S.
2132 367 2134 423 ἶ

2261 364 2433 425 ὶΜλΕ
3813 374 3920 434 996

519 502 621 558 sed
651 502 765 572 (10)
794 517 908 556 non
938 499 1181 555 intrabit
1212 499 1270 556 in
1302 498 1469 555 illud.
1502 498 1751 571 Lapides
1782 515 1913 554 vero
1942 497 2049 566 illi,
2084 497 2339 563 domine,
2372 498 2471 570 qui
2519 498 2591 554 de
2642 500 2930 570 profundo
2977 500 3038 556 in
3081 504 3377 558 structura
3424 503 3609 575 aptati
3642 504 3760 577 (11)
3791 512 3921 563 sunt

517 591 617 663 qui
652 590 838 645 sunt?
869 590 1101 654 Decem,
1133 588 1347 659 inquit,
1381 588 1483 659 qui
1515 588 1573 642 in
1608 588 2004 643 fundamentis
2037 586 2300 642 collocati
2345 591 2501 654 sunt,
2536 589 2790 659 primum
2840 590 3120 645 saculum
3169 596 3260 647 est
3292 609 3304 646 :
3358 597 3673 663 sequentes
3722 594 3919 666 viginti

516 680 796 751 quinque,
831 678 1152 733 secundum
1188 676 1463 731 saeculum
1494 677 1902 747 estjustorum
1932 677 2209 731 virorum.
2247 674 2330 729 Illi
2363 681 2554 731 autem
2587 676 2827 748 triginta
2850 678 2963 749 (12)
3014 680 3296 751 quinque,
3348 680 3641 752 propheta
3687 682 3913 739 Domini

514 786 580 824 ac
611 767 862 822 ministri
894 770 1052 822 sunt.
1087 766 1482 837 Quadraginta
1510 782 1643 820 vero
1674 763 1919 836 apostoli
1954 769 2009 819 et
2038 765 2301 819 doctores
2331 769 2470 819 sunt
2501 765 2926 834 praedicationis
2974 766 3100 821 Filii
3147 767 3268 822 Dei.
3312 768 3379 822 Et
3424 769 3541 823 dixi
3575 787 3589 823 :
3616 775 3736 824 Cur
3766 787 3918 844 ergo,

516 857 772 921 domine,
806 855 1061 926 virgines
1107 853 1217 908 illa;
1267 854 1442 908 etiam
1494 852 1599 907 hos
1648 851 1871 923 lapides
1922 852 1978 906 in
2030 857 2382 906 structuram
2414 853 2592 907 turris
2621 859 3019 924 porrexerunt,
3060 856 3373 912 translatos
3405 874 3507 928 per
3534 865 3772 929 portam
3796 860 3825 913 ?
3854 862 3911 915 Et

512 945 660 999 dixit
691 962 704 998 :
741 945 807 999 Hi
844 945 1000 999 enim
1034 942 1205 1015 primi
1237 942 1479 1013 spiritus
1510 940 1640 996 illos
1674 945 2065 1012 portaverant,
2097 945 2153 994 et
2183 939 2420 995 omnino
2448 940 2596 995 alius
2620 942 2691 996 ab
2714 940 2827 998 alio
2849 959 2961 997 non
2985 944 3096 1015 (13)
3120 952 3505 1015 recesserunt,
3540 963 3649 1003 nec
3679 947 3918 1020 spiritus

514 1036 586 1089 ab
619 1033 978 1101 hominibus,
1013 1048 1116 1087 nec
1149 1031 1413 1086 homines
1443 1048 1477 1085 a
1506 1029 1847 1101 spiritibus;
1883 1030 1984 1083 sed
2009 1028 2201 1098 juncti
2234 1029 2464 1083 fuerunt
2500 1028 2556 1082 hi
2589 1030 2831 1100 spiritus
2863 1031 2946 1085 eis
2976 1032 3089 1103 (14)
3122 1049 3306 1104 usque
3352 1034 3424 1089 ad
3465 1033 3621 1091 diem
3654 1036 3873 1107 quietis
3903 1056 3913 1091 :

512 1122 615 1195 qui
646 1122 757 1179 nisi
789 1122 897 1178 hos
929 1122 1172 1193 spiritus
1198 1137 1397 1176 secum
1432 1119 1795 1184 habuissent,
1830 1135 1944 1173 non
1977 1118 2225 1172 fuissent
2255 1118 2427 1171 utiles
2459 1124 2765 1174 structurae
2796 1120 2977 1176 turris
3006 1120 3207 1192 hujus.

2022 1241 2249 1297 CAPUT
2296 1241 2413 1296 XVI

580 1337 651 1391 Et
680 1335 797 1391 dixi
834 1352 845 1390 :
879 1334 1067 1389 Etiam
1099 1350 1272 1399 nunc,
1306 1333 1562 1400 domine,
1598 1332 1934 1387 demonstra
1966 1330 2129 1386 mihi.
2166 1330 2311 1393 Quid
2344 1331 2600 1400 quaeris?
2628 1330 2843 1403 inquit.
2891 1335 3097 1398 Quare,
3131 1333 3396 1405 inquam,
3429 1336 3503 1391 de
3536 1338 3833 1408 profundo
3864 1339 3917 1393 hi

508 1426 732 1497 lapides
763 1425 1177 1487 ascenderunt,
1209 1428 1265 1477 et
1295 1423 1467 1493 positi
1500 1426 1637 1477 sunt
1668 1422 1721 1474 in
1752 1426 2107 1475 structuram
2152 1419 2334 1474 turris
2382 1419 2599 1489 hujus;
2652 1437 2786 1476 cum
2827 1422 2953 1491 jam
3004 1422 3230 1494 pridem
3281 1426 3644 1495 portaverint
3675 1428 3915 1499 spiritus

501 1513 749 1587 justos?
778 1514 1026 1568 Necesse
1055 1516 1161 1582 est,
1194 1511 1407 1582 inquit,
1444 1516 1506 1565 ut
1536 1527 1638 1582 per
1677 1527 1888 1581 aquam
1941 1510 2192 1563 habeant
2239 1508 2571 1576 ascendere,
2602 1514 2666 1563 ut
2715 1511 3106 1580 requiescant.
3160 1511 3284 1568 Non
3330 1518 3603 1584 poterant
3654 1517 3815 1571 enim
3862 1517 3915 1573 in

509 1620 755 1675 regnum
781 1603 883 1658 Dei
915 1602 1083 1657 aliter
1110 1600 1346 1667 intrare,
1379 1616 1555 1671 quam
1586 1603 1651 1653 ut
1679 1600 2033 1671 deponerent
2062 1597 2469 1652 mortalitatem
2502 1597 2709 1668 prioris
2740 1598 2888 1654 vitm.
2923 1598 3011 1653 Illi
3042 1599 3222 1671 igitur
3250 1602 3531 1670 defuncti,
3558 1603 3761 1676 sigillo
3794 1605 3919 1661 Filii

507 1692 609 1749 Dei
641 1692 751 1764 (15)
782 1689 997 1763 signati
1022 1694 1181 1755 sunt,
1213 1693 1270 1744 et
1298 1689 1662 1745 intraverunt
1686 1687 1743 1742 in
1776 1705 2021 1760 regnum
2055 1686 2150 1742 Dei
2183 1685 2314 1757 (16).
2347 1688 2676 1758 Antequam
2708 1686 2865 1742 enim
2898 1687 3144 1760 accipiat
3174 1689 3349 1746 homo
3381 1707 3595 1747 nomen
3630 1692 3762 1748 Filii
3795 1694 3914 1762 Dei,

504 1781 679 1836 morti
711 1781 1041 1836 destinatus
1072 1782 1160 1835 est
1192 1796 1204 1833 :
1238 1784 1298 1834 at
1326 1778 1422 1833 ubi
1454 1777 1666 1848 accipit
1694 1776 1841 1832 illud
1873 1775 2158 1848 sigillum,
2190 1774 2472 1830 liberatur
2503 1792 2536 1829 a
2582 1779 2786 1840 morte,
2819 1780 2876 1831 et
2905 1777 3158 1833 traditur
3185 1778 3315 1834 vita
3347 1779 3482 1852 (17).
3517 1780 3668 1836 Illud
3718 1788 3914 1840 autem

499 1868 760 1942 sigillum
791 1884 944 1940 aqua
971 1872 1079 1934 est,
1112 1868 1172 1922 in
1202 1885 1375 1937 quam
1407 1867 1769 1923 descendunt
1808 1865 2075 1921 homines
2108 1864 2280 1919 morti
2308 1862 2546 1934 obligati
2573 1880 2587 1931 ;
2619 1865 2945 1920 ascendunt
2983 1882 3116 1921 vero
3163 1866 3291 1922 vitae
3339 1869 3627 1942 assignati
3663 1888 3676 1929 :
3710 1876 3773 1926 et
3804 1871 3915 1928 illis

498 1958 678 2031 igitur
710 1958 1085 2030 praedicatum
1113 1960 1201 2013 est
1230 1956 1373 2012 illud
1406 1955 1686 2028 sigillum,
1719 1959 1775 2010 et
1805 1956 1896 2009 usi
1928 1958 2066 2009 sunt
2091 1970 2156 2008 eo
2192 1957 2256 2007 ut
2284 1952 2567 2008 intrarent
2610 1953 2669 2007 in
2711 1969 2958 2025 regnum
3010 1956 3127 2010 Dei.
3179 1957 3250 2011 Et
3296 1957 3414 2012 dixi
3451 1976 3466 2013 :
3517 1962 3707 2023 Quare
3759 1976 3913 2033 ergo,

501 2048 739 2103 domine
765 2052 821 2102 et
848 2047 933 2102 illi
965 2047 1350 2118 quadraginta
1380 2045 1601 2117 lapides
1634 2045 2022 2100 ascenderunt
2050 2060 2183 2097 cum
2216 2042 2333 2097 illis
2365 2042 2434 2096 de
2474 2041 2785 2113 profundo,
2811 2044 2935 2113 jam
2984 2044 3267 2101 habentes
3298 2046 3443 2101 illud
3494 2047 3771 2120 sigillum
3796 2050 3824 2104 ‘i
3854 2053 3915 2105 Et

501 2137 649 2193 dixit
682 2155 694 2191 :
727 2135 1011 2200 Quoniam
1041 2136 1151 2206 (18)
1184 2135 1243 2189 hi
1270 2135 1516 2206 apostoli
1547 2139 1603 2189 et
1632 2136 1896 2189 doctores
1927 2134 2025 2203 qui
2059 2133 2517 2203 praedicaverunt
2545 2147 2758 2186 nomen
2786 2131 2916 2187 Filii
2943 2132 3061 2201 Dei,
3085 2150 3219 2189 cum
3251 2135 3535 2192 habentes
3568 2137 3753 2193 ﬁdem
3786 2140 3910 2210 ejus

502 2230 558 2281 et
588 2229 935 2296 potestatem
966 2224 1222 2279 defuncti
1265 2229 1481 2288 essent,
1515 2223 1973 2293 praedicaverunt
2002 2220 2117 2277 illis
2149 2222 2250 2292 qui
2284 2224 2416 2274 ante
2447 2218 2753 2287 obierunt;
2804 2222 2861 2274 et
2888 2220 3001 2292 ipsi
3034 2222 3323 2279 dederunt
3369 2225 3454 2280 eis
3493 2224 3639 2280 illud
3672 2226 3911 2299 signum

499 2315 631 2384 (19).
666 2312 1104 2368 Descenderunt
1133 2311 1312 2383 igitur
1341 2312 1400 2366 in
1432 2327 1640 2381 aquam
1673 2327 1804 2365 cum
1837 2309 1971 2379 illis,
2006 2313 2062 2364 et
2104 2308 2313 2362 iterum
2346 2308 2756 2362 ascenderunt.
2809 2309 2919 2364 Sed
2970 2310 3029 2365 hi
3077 2311 3189 2366 vivi
3238 2314 3629 2369 ascenderunt
3662 2315 3780 2386 (20)
3814 2334 3827 2370 :
3860 2321 3913 2372 at

497 2401 582 2456 illi
610 2401 711 2472 qui
743 2402 980 2455 fuerunt
1009 2403 1141 2455 ante
1172 2400 1454 2467 defuncti,
1490 2398 1702 2453 mortui
1736 2399 1973 2469 quidem
2005 2397 2468 2463 descenderunt;
2503 2395 2604 2450 sed
2634 2395 2748 2451 vivi
2778 2399 3188 2455 ascenderunt.
3240 2400 3347 2456 Per
3377 2401 3485 2457 bos
3518 2402 3705 2474 igitur
3734 2404 3911 2459 vitam

497 2492 861 2561 receperunt,
892 2493 949 2543 et
978 2494 1373 2560 cognoverunt
1404 2489 1615 2543 Filium
1647 2489 1746 2544 Dei
1785 2505 1798 2541 :
1857 2488 2103 2558 ideoque
2135 2486 2525 2541 ascenderunt
2564 2500 2697 2539 cum
2746 2485 2849 2557 eis,
2895 2492 2953 2542 et
2999 2495 3395 2546 convenerunt
3436 2492 3497 2546 in
3547 2497 3907 2549 structuram

497 2578 718 2648 turris;
752 2592 856 2632 nec
886 2576 1238 2644 circumcisi,
1272 2578 1372 2632 sed
1405 2577 1614 2649 integri
1648 2576 1915 2632 aedificati
1949 2580 2120 2643 sunt;
2162 2574 2441 2646 quoniam
2488 2574 2761 2643 mquitate
2807 2574 2964 2646 pleni
3012 2593 3144 2633 cum
3190 2578 3305 2651 (21)
3353 2596 3589 2636 summa
3640 2582 3909 2637 castitate

501 2666 761 2722 defuncti
792 2670 968 2732 sunt;
1002 2667 1102 2721 sed
1135 2667 1541 2722 tantummodo
1573 2667 1681 2722 hoc
1710 2664 1970 2738 sigillum
2002 2665 2265 2720 defuerat
2294 2664 2398 2720 eis.

1241 2796 1502 2848 CLEMENS
1539 2794 1733 2858 Anax,
1778 2796 2023 2865 Στρωμ.,
2058 2790 2152 2844 lib.
2186 2806 2249 2856 II,
2279 2806 2395 2862 cap.
2427 2793 2483 2859 9,
2510 2809 2635 2864 pag.
2670 2793 2794 2861 452,
2825 2792 2953 2847 edit.
2988 2790 3160 2846 Oxon.

572 2910 636 2963 Et
665 2910 774 2980 ipsi
798 2908 1063 2964 dederunt
1092 2911 1169 2965 eis
1195 2911 1414 2981 signum
1448 2908 1886 2981 praedicationis,
1917 2912 2141 2962 Descen-

498 2997 700 3053 derunt
730 3000 904 3069 igitur
930 3000 990 3053 in
1020 3016 1223 3071 aquam
1266 3015 1390 3053 cum
1416 2999 1554 3063 illis,
1583 3003 1633 3053 et
1662 3000 1863 3052 iterum
1890 2997 2140 3052 ascende-

496 3089 645 3140 runt.
678 3086 784 3141 Sed
813 3086 874 3140 hi
901 3088 1015 3141 vivi
1057 3087 1466 3151 descenderunt,
1500 3094 1551 3141 et
1575 3088 1780 3141 iterum
1808 3088 1921 3140 vivi
1950 3102 2139 3140 ascen-

493 3175 691 3230 derunt
721 3194 739 3230 :
769 3180 829 3230 at
858 3177 949 3231 illi
975 3178 1073 3249 qui
1099 3168 1326 3246 fuerunt
1357 3180 1482 3231 ante
1510 3176 1774 3246 defuncti,
1802 3177 2012 3230 mortui
2039 3176 2137 3230 de-

489 3265 840 3331 scenderunt,
899 3266 1000 3320 sed
1049 3267 1160 3320 vivi
1216 3265 1601 3320 ascenderunt.
1655 3266 1760 3319 Per
1818 3264 1911 3319 hos
1970 3264 2143 3333 igitur

492 3355 667 3408 vitam
713 3362 1049 3425 receperunt,
1104 3358 1159 3408 et
1203 3359 1571 3425 cognoverunt
1599 3369 1797 3409 nomen
1834 3354 1967 3407 Filii
1994 3354 2090 3408 Dei
2124 3368 2136 3406 :

497 3441 726 3512 ideoque
752 3442 1109 3497 ascenderunt
1136 3460 1261 3498 cum
1289 3445 1443 3509 eis,et
1469 3446 1837 3498 convenerunt
1874 3445 1931 3497 in
1961 3445 2139 3496 struc-

494 3537 680 3583 turam
729 3533 944 3592 turrzs;
992 3548 1091 3586 nec
1137 3534 1461 3599 circumcisi,
1512 3532 1837 3602 coaediﬁcati
1873 3539 2045 3585 sunt:
2080 3532 2140 3585 in

492 3617 747 3689 (equitate
774 3618 1023 3689 defuncti
1062 3624 1211 3687 sunt,
1260 3624 1310 3675 et
1356 3623 1415 3675 in
1461 3637 1673 3675 summa
1726 3622 1973 3675 castitate
1998 3637 2016 3673 :
2046 3619 2141 3674 sed

487 3707 861 3763 tantummodo
890 3707 988 3763 hoc
1014 3710 1268 3777 sigillum
1298 3709 1547 3780 defuerat
1577 3712 1673 3765 eis.

2322 2906 2418 2961 Καὶ
2472 2906 2624 2962 αὐτοὶ
2675 2903 2874 2962 ἔδωκαν
2916 2905 3099 2966 αὐτοῖς
3155 2907 3253 2976 τὴν
3308 2902 3578 2984 σφραγῖδα
3606 2910 3707 2961 τοῦ
3738 2906 3904 2981 κηρύ-

2252 3017 2478 3070 γματος.
2512 2990 2821 3067 Κατὲὗησαν
2875 2993 2964 3049 οὖν
3020 2995 3133 3067 μετ’
3165 2993 3339 3048 αὐτῶν
3390 2994 3465 3056 εἰς
3516 2994 3577 3049 τὸ
3609 2991 3783 3071 ὕδωρ,
3816 2995 3903 3049 καί

2253 3083 2412 3139 πάλιν
2469 3080 2748 3154 ἀνέϐησαν.
2800 3082 2955 3139 Ἀλλ’
2998 3084 3145 3138 οὗτοι
3189 3088 3383 3152 ζῶντες
3441 3079 3769 3155 κατέϐησαν,
3810 3084 3897 3137 καὶ

2250 3172 2411 3228 πάλιν
2470 3179 2661 3243 ζῶντες
2720 3169 2999 3244 ἀνέϐησαν·
3048 3172 3237 3227 ἐκεῖνοι
3300 3169 3378 3239 δὲ,
3408 3173 3459 3225 οἱ
3519 3192 3895 3247 προκεκοιμη-

2253 3262 2425 3335 μένοι,
2482 3262 2662 3337 νεκροὶ
2710 3257 3026 3332 κατέϐησαν,
3080 3266 3274 3331 ζῶντες
3331 3259 3389 3315 δὲ
3445 3255 3734 3329 ἀνέϐησαν.
3788 3262 3890 3315 Διὰ

2248 3352 2452 3407 τούτων
2485 3350 2576 3406 οὖν
2610 3350 3073 3424 ἐξωοποιήθησαν,
3106 3351 3195 3405 καὶ
3251 3350 3559 3425 ἐπέγνωσαν
3608 3351 3670 3404 τὸ
3729 3346 3899 3422 ὄνομα

2248 3445 2344 3495 τοῦ
2376 3442 2502 3495 Υἱοὖ
2550 3444 2704 3495 Θεοῦ’
2764 3438 2853 3494 διὰ
2900 3444 3060 3494 τοῦτο
3108 3441 3198 3494 καὶ
3256 3434 3621 3509 συνανέϐησαν
3654 3441 3773 3511 μετ’
3801 3440 3895 3494 αὖ-

2248 3534 2377 3597 τῶν,
2410 3530 2498 3584 καὶ
2546 3532 2889 3606 συνηρμοσαν
2943 3530 3017 3591 εἰς
3049 3530 3147 3597 τήν
3199 3526 3500 3601 οἰκοδομὴν
3538 3533 3636 3583 τοῦ
3665 3528 3895 3605 πύργου,

2247 3620 2337 3674 καὶ
2421 3617 2762 3692 ἀλατόμητοι
2837 3615 3392 3691 συνῳκοδομήθησαν·
3459 3618 3509 3672 ἐν
3587 3615 3898 3691 δικαιοσύνῃ

2248 3709 2641 3781 ἐκοιμήθησαν,
2672 3708 2761 3762 καὶ
2820 3707 2871 3762 ἐν
2926 3706 3136 3783 μεγάλῃ
3195 3707 3395 3783 ἁγνείᾳ·
3464 3707 3628 3780 μόνον
3690 3704 3750 3761 δὲ
3798 3708 3897 3773 τήν

2250 3794 2515 3874 σφραγῖδα
2544 3795 2743 3867 ταύτην
2778 3795 2876 3851 οὐκ
2905 3793 3085 3871 ἔσχον.

1581 3926 1744 3994 IDEM,
1784 3929 2005 3999 Στρωμ.
2041 3925 2136 3980 lib.
2167 3941 2246 3995 v1,
2281 3941 2403 3996 cap.
2434 3926 2489 3995 6,
2518 3940 2646 3995 pag.
2676 3924 2803 3978 764.

562 4038 633 4092 Et
661 4042 813 4095 recte
843 4039 1068 4096 dictum
1100 4045 1188 4097 est
1208 4057 1242 4095 a
1270 4045 1508 4096 Pastore
1540 4057 1552 4095 :
1587 4039 1994 4096 Descenderunt
2024 4042 2128 4112 igi-

491 4131 583 4182 tur
610 4130 672 4183 in
698 4146 900 4200 aquam
927 4148 1049 4185 cum
1085 4132 1220 4186 illis.
1252 4130 1358 4187 Sed
1389 4129 1452 4186 hi
1489 4130 1723 4201 quidem,
1754 4132 1865 4185 vivi
1910 4130 2130 4186 descen-

487 4216 711 4282 derunt,
740 4220 791 4273 et
816 4220 930 4273 vivi
969 4220 1332 4275 ascenderunt
1360 4239 1379 4274 :
1410 4225 1469 4274 at
1500 4219 1591 4273 illi
1618 4219 1713 4290 qui
1739 4219 1974 4289 fuerunt
2005 4227 2131 4275 ante

484 4304 749 4374 defuncti,
782 4310 988 4363 mortui
1014 4308 1422 4377 descenderunt,
1454 4307 1547 4363 sed
1587 4310 1702 4363 vivi
1747 4307 2124 4363 ascenderunt.

483 4391 675 4450 Habes
705 4394 916 4452 horum
947 4396 1413 4469 explanationem
1446 4397 1574 4470 (23).

2312 4037 2411 4092 Καὶ
2466 4036 2649 4100 καλῶς
2729 4035 2937 4114 εἷ’ρηται
2986 4040 3066 4109 τῷ
3122 4037 3367 4110 Ποιμὲνι·
3429 4030 3739 4105 Κατὲϐησαν
3792 4032 3889 4087 οὖν

2240 4127 2413 4182 αὐτῶν
2448 4127 2521 4189 εἰς
2547 4127 2610 4182 τὸ
2638 4124 2783 4202 ὕδωρ
2810 4128 2945 4199 (22).
2978 4123 3135 4181 Ἀλλ’
3174 4125 3324 4180 οὗτοι
3358 4126 3474 4197 μὲν,
3510 4129 3704 4193 ζῶντες
3732 4124 3889 4178 κατέ.-

2240 4212 2432 4289 ϐησαν,
2463 4216 2552 4271 καὶ
2613 4221 2809 4285 ζῶντες
2859 4209 3140 4285 ἀνέϐησαν
3202 4214 3400 4270 ἐκεῖνοι
3453 4211 3533 4286 δὲ,
3573 4215 3625 4268 οἱ
3684 4233 3878 4287 προκε.

2238 4304 2592 4380 κοιμημὲνοι,
2650 4304 2830 4380 νεκροὶ
2873 4298 3195 4375 κατέϐησαν,
3230 4308 3425 4373 ζῶντες
3483 4299 3541 4357 δὲ
3593 4296 3888 4372 ἀνέὄησανν

1644 4512 1885 4567 νΑΒΙιΕ
1924 4512 2315 4571 LECTIONES
2353 4514 2445 4569 ET
2482 4512 2713 4568 ΝΟΤΔΕ.

560 4607 674 4682 (10)
725 4607 928 4682 Lamb.
981 4613 1083 4666 Hos
1128 4612 1354 4682 spiritus
1403 4613 1500 4682 qui
1556 4611 1899 4682 portat,Dei
1948 4628 2132 4667 servus

487 4677 691 4733 videbit
718 4680 957 4750 quidem,
989 4690 1039 4737 et
1068 4677 1296 4750 regnum
1325 4677 1423 4737 Dei
1449 4681 1667 4744 videbit,
1695 4681 1806 4737 sed.

558 4749 671 4821 (li)
699 4749 903 4826 Lamb.
954 4749 1291 4809 structuram
1338 4755 1472 4825 apti.
1524 4753 1664 4808 Vide
1718 4755 1940 4826 origen.
1975 4754 2128 4810 Com-

485 4826 654 4876 ment.
686 4823 743 4875 in
777 4822 907 4877 Osee
934 4838 1002 4878 ea.
1034 4826 1303 4881 Philocal.
1329 4822 1454 4892 cap.
1483 4826 1535 4879 8.

557 4892 669 4961 (12)
704 4893 787 4947 Ita
820 4910 929 4949 ms.
966 4896 1155 4951 Carm.
1192 4898 1275 4951 lta
1306 4904 1361 4951 et
1393 4895 1604 4952 Fellus.
1640 4894 1733 4968 Sic
1763 4912 1901 4951 sane
1930 4895 2129 4968 legen-

486 4963 627 5040 dum
663 4980 732 5019 ex
764 4981 957 5040 super.
993 4985 1121 5040 cap.
1153 4970 1204 5023 5.
1239 4968 1328 5022 Al.
1370 4970 1629 5038 trigenta.
1682 4967 1895 5040 Lamb:
1936 4963 2131 5040 autem

486 5035 663 5090 habet
689 5035 1103 5108 praphetaruni,
1154 5040 1278 5095 loco
1314 5035 1631 5111 praphetae;
1681 5045 1738 5093 et
1784 5038 1999 5093 omittit
2041 5056 2133 5094 se-

487 5123 677 5178 quens
702 5123 785 5162 ac.

586 5179 675 5247 13)
708 5178 907 5234 Lamb.
934 5182 1118 5247 deest,
1143 5199 1279 5238 non.

585 5250 673 5320 14)
708 5250 846 5323 Mss.
882 5254 1047 5317 Angl.
1083 5255 1307 5310 addunt
1336 5251 1647 5308 hominibus
1679 5269 1697 5305 :
1724 5257 1900 5323 Quam
1934 5251 2131 5307 lectio-

488 5336 620 5375 nem
654 5322 895 5378 retinuit
926 5325 1119 5381 Fellus
1150 5327 1204 5381 in
1239 5343 1347 5382 sua
1377 5325 1514 5380 edit.
1550 5322 1921 5394 Oxoanpud
1956 5323 2130 5378 (.‘leri-

488 5406 619 5466 cum
653 5398 850 5449 autem
884 5395 966 5450 sic
994 5414 1056 5452 se
1080 5399 1253 5453 habet
1286 5398 1488 5452 Lamb.
1524 5396 1582 5450 hi
1604 5397 1833 5466 spiritus
1864 5411 2033 5466 usque
2060 5396 2133 5451 ad

486 5461 631 5517 diem
662 5466 879 5533 quietis.

561 5534 675 5588 (15)
709 5535 879 5588 Lami:

585 5606 653 5660 16

585 5677 651 5733 17

914 5469 1072 5535 Quod
1099 5471 1213 5524 nisi
1239 5472 1299 5524 hi
1325 5470 1555 5538 spiritus
1586 5467 1684 5523 hos
1706 5468 1950 5537 spiritus.

709 5535 910 5609 Lamb.
942 5542 1130 5609 sigillo
1157 5541 1287 5609 ﬁdei
1323 5535 1456 5595 Filii
1491 5540 1613 5595 Dei.

706 5608 905 5683 Lamb.
939 5608 1122 5683 deest,
1155 5608 1268 5670 Dei.

713 5677 914 5737 Lamb.
964 5684 1064 5740 ubi
1103 5677 1301 5759 ceperit
1344 5685 1443 5741 hoc
1481 5680 1749 5755 sigillum,
1783 5679 2050 5739 liberatus
2097 5697 2132 5739 α

655 5534 675 5748 ξ

559 5534 578 5753 ἔ

2241 4620 2413 4668 morte
2444 4610 2685 4665 traditur
2712 4609 2861 4664 vitae.

2310 4683 2423 4755 (18)
2454 4683 2677 4755 Laudat
2705 4680 2861 4735 hunc
2890 4678 3094 4755 locum
3125 4677 3391 4755 Clemens
3439 4677 3600 4734 Alex.
3655 4682 3882 4755 Στρφξρ.

2239 4750 2342 4809 1η).
2376 4750 2436 4820 ii,
2472 4771 2598 4825 cap.
2625 4753 2679 4825 9,
2714 4768 2845 4823 pag.
2878 4752 3000 4825 452ἷ
3036 4750 3310 4821 Ejusdem
3343 4766 3575 4822 quoque
3606 4750 3879 4805 meminit

2241 4827 2343 4881 lib.
2377 4843 2454 4894 v1,
2489 4822 2615 4950 cap.
2646 4822 2867 4894 6,7pag.
2901 4822 3026 4877 764.
3821 4891 3833 4901 .

2310 4898 2422 4950 (19)
2454 4897 2571 4950 Bod
2604 4937 2615 4949 .
2649 4900 2705 4950 et
2748 4894 2947 4949 Lamb.
3000 4894 3281 4950 sigillum.
3330 4894 3421 4948 Sic
3452 4897 3509 4949 et
3551 4890 3696 4948 Felli
3744 4891 3833 4948 edi

2241 4968 2284 5024 Ο
2310 4898 2422 4969 (19)
2444 4890 2615 4951 'Bodl.
2649 4900 2705 4950 et
2737 4890 2947 4949 Lamb.
3000 4894 3281 4966 sigillum.
3330 4894 3421 4948 Sic
3452 4897 3509 4949 et
3551 4890 3696 4948 Felli
3744 4891 3883 4948 edit.

2290 4986 2421 5024 xon.

2311 5040 2423 5113 (20)
2455 5038 2620 5113 Forte
2651 5036 2734 5091 sic
2767 5034 3077 5113 legendum
3112 5053 3125 5113 ξ
3175 5036 3283 5091 Sed
3328 5036 3405 5113 hi
3437 5038 3550 5091 vivi
3576 5032 3883 5113 descende-

2240 5104 2388 5175 runt,
2439 5112 2489 5165 et
2540 5110 2744 5163 iterum
2799 5104 2915 5162 vivi
2968 5107 3307 5163 ascederunt.
3362 5107 3519 5163 Hanc
3576 5104 3884 5161 lectionem

2242 5184 2448 5238 suadet
2494 5179 2757 5235 Clemens
2805 5179 2962 5234 Alex.
2998 5184 3064 5233 ut
3112 5196 3243 5234 mox
3292 5180 3462 5234 infra.
3500 5176 3640 5233 Felli
3689 5184 3883 5232 autem

2241 5254 2417 5309 editio
2444 5251 2624 5307 Oxon.
2667 5250 2747 5305 ita
2778 5267 2839 5305 se
2868 5250 3044 5306 habet
3077 5267 3089 5304 :
3114 5250 3215 5306 Sed
3236 5250 3295 5304 hi
3312 5251 3428 5305 vivi
3453 5250 3885 5306 descenderunt:

2240 5326 2434 5467 αἰέιῦ
2456 5331 2657 5448 [ῗὲἰέὼ.
2693 5394 2752 5445 in
2782 5408 2884 5461 pro
2913 5406 3054 5446 cum.
3086 5392 3181 5447 Sic
3212 5396 3268 5448 et
3294 5391 3558 5448 Clemens
3589 5389 3750 5445 Alex.

2312 5397 2424 5537 (22)
2453 5463 3387 5537 Scrihendumexnsuperioribus,
3425 5468 3536 5535 μετ’
3580 5460 3750 5516 αὐτῶν

2312 5456 2424 5536 (22)
2453 5456 3387 5536 Βοτὶβθηρυξῐι,θξλευρθτίοι-ἱῠυε,
3425 5468 3536 5535 μετ’
3580 5460 3754 5516 αὐτῶν
3802 5456 3883 5516 ei;

2237 5525 2498 5605 τὸῖὶόίυρ,
2521 5534 2610 5588 καὶ
2639 5531 2803 5587 πάλιν
2839 5525 3120 5605 ἀνέϐησαν.

2310 5602 2654 5693 (23)Lamb.
2712 5604 3132 5678 exsolutionem,
3184 5612 3248 5663 ut
3299 5624 3450 5681 saepe
3495 5605 3654 5663 alibi.
3703 5602 3792 5660 Sic
3819 5606 3881 5658 et

2238 5681 2379 5742 edit.
2408 5681 2588 5741 Oxon.
