  <div class='ocr_page' id='page_1' title='image "/cluster/home/n/w/nwhite01/storage/ocr_20150623/2/hvd.32044073501421/510.png"; bbox 0 0 4008 6350; ppageno 0'>
   <div class='ocr_carea' id='block_1_1' title="bbox 185 406 3583 477">
    <p class='ocr_par' dir='ltr' id='par_1_1' title="bbox 185 406 3583 477">
     <span class='ocr_line' id='line_1_1' title="bbox 185 406 3583 477; baseline -0.001 -2"><span class='ocrx_word' id='word_1_1' title='bbox 185 416 306 477; x_wconf 85' lang='grc'>99⁸7</span> <span class='ocrx_word' id='word_1_2' title='bbox 1290 410 1621 471; x_wconf 82' lang='lat' dir='ltr'>PAS&#39;I‘OR.</span> <span class='ocrx_word' id='word_1_3' title='bbox 1653 442 1729 451; x_wconf 92' lang='lat'><strong>—</strong></span> <span class='ocrx_word' id='word_1_4' title='bbox 1758 407 1902 468; x_wconf 92' lang='lat' dir='ltr'>LIB.</span> <span class='ocrx_word' id='word_1_5' title='bbox 1950 407 2057 468; x_wconf 92' lang='lat' dir='ltr'>III.</span> <span class='ocrx_word' id='word_1_6' title='bbox 2104 407 2340 468; x_wconf 89' lang='lat' dir='ltr'>SIMIL.</span> <span class='ocrx_word' id='word_1_7' title='bbox 2387 406 2493 468; x_wconf 84' lang='lat' dir='ltr'>IX.</span> <span class='ocrx_word' id='word_1_8' title='bbox 3464 408 3583 473; x_wconf 89' lang='lat'>998</span> 
     </span>
    </p>
   </div>
   <div class='ocr_carea' id='block_1_2' title="bbox 1730 538 2164 595">
    <p class='ocr_par' dir='ltr' id='par_1_2' title="bbox 1730 538 2164 595">
     <span class='ocr_line' id='line_1_2' title="bbox 1730 538 2164 595; baseline -0.002 0"><span class='ocrx_word' id='word_1_9' title='bbox 1730 538 1958 595; x_wconf 87' lang='lat' dir='ltr'>CAPUT</span> <span class='ocrx_word' id='word_1_10' title='bbox 1996 540 2164 595; x_wconf 88' lang='lat' dir='ltr'>XVII.</span> 
     </span>
    </p>
   </div>
   <div class='ocr_carea' id='block_1_3' title="bbox 262 637 3591 713">
    <p class='ocr_par' dir='ltr' id='par_1_3' title="bbox 262 637 3591 713">
     <span class='ocr_line' id='line_1_3' title="bbox 262 637 3591 713; baseline 0 -13"><span class='ocrx_word' id='word_1_11' title='bbox 262 646 333 701; x_wconf 88' lang='lat' dir='ltr'>Et</span> <span class='ocrx_word' id='word_1_12' title='bbox 362 644 479 700; x_wconf 82' lang='lat' dir='ltr'>dixi</span> <span class='ocrx_word' id='word_1_13' title='bbox 514 661 527 699; x_wconf 89' lang='lat'><strong>:</strong></span> <span class='ocrx_word' id='word_1_14' title='bbox 561 644 726 699; x_wconf 90' lang='lat' dir='ltr'>Nunc</span> <span class='ocrx_word' id='word_1_15' title='bbox 772 643 1008 710; x_wconf 85' lang='lat' dir='ltr'>iterum,</span> <span class='ocrx_word' id='word_1_16' title='bbox 1043 640 1294 707; x_wconf 85' lang='lat' dir='ltr'>domine,</span> <span class='ocrx_word' id='word_1_17' title='bbox 1325 644 1383 695; x_wconf 90' lang='lat' dir='ltr'>et</span> <span class='ocrx_word' id='word_1_18' title='bbox 1435 640 1505 695; x_wconf 92' lang='lat' dir='ltr'>de</span> <span class='ocrx_word' id='word_1_19' title='bbox 1536 638 1834 694; x_wconf 84' lang='lat' dir='ltr'>montibus</span> <span class='ocrx_word' id='word_1_20' title='bbox 1888 637 2004 693; x_wconf 85' lang='lat' dir='ltr'>illis</span> <span class='ocrx_word' id='word_1_21' title='bbox 2036 637 2176 692; x_wconf 89' lang='lat' dir='ltr'>mihi</span> <span class='ocrx_word' id='word_1_22' title='bbox 2233 638 2592 704; x_wconf 90' lang='lat' dir='ltr'>demonstra,</span> <span class='ocrx_word' id='word_1_23' title='bbox 2623 655 2799 709; x_wconf 83' lang='lat' dir='ltr'>quare</span> <span class='ocrx_word' id='word_1_24' title='bbox 2830 639 2990 705; x_wconf 92' lang='lat' dir='ltr'>varii,</span> <span class='ocrx_word' id='word_1_25' title='bbox 3023 645 3080 695; x_wconf 88' lang='lat' dir='ltr'>et</span> <span class='ocrx_word' id='word_1_26' title='bbox 3118 641 3233 697; x_wconf 89' lang='lat' dir='ltr'>alia</span> <span class='ocrx_word' id='word_1_27' title='bbox 3265 645 3436 713; x_wconf 89' lang='lat' dir='ltr'>atque</span> <span class='ocrx_word' id='word_1_28' title='bbox 3476 643 3591 700; x_wconf 86' lang='lat' dir='ltr'>alia</span> 
     </span>
    </p>
   </div>
   <div class='ocr_carea' id='block_1_4' title="bbox 194 726 3593 805">
    <p class='ocr_par' dir='ltr' id='par_1_4' title="bbox 194 726 3593 805">
     <span class='ocr_line' id='line_1_4' title="bbox 194 726 3593 805; baseline -0.001 -16"><span class='ocrx_word' id='word_1_29' title='bbox 194 738 337 790; x_wconf 90' lang='lat' dir='ltr'>sunt</span> <span class='ocrx_word' id='word_1_30' title='bbox 366 733 574 805; x_wconf 88' lang='lat' dir='ltr'>ﬁgura.</span> <span class='ocrx_word' id='word_1_31' title='bbox 605 731 775 800; x_wconf 86' lang='lat' dir='ltr'>Audi,</span> <span class='ocrx_word' id='word_1_32' title='bbox 808 731 996 801; x_wconf 78' lang='lat' dir='ltr'>inquit</span> <span class='ocrx_word' id='word_1_33' title='bbox 1025 747 1037 785; x_wconf 92' lang='lat'><strong>:</strong></span> <span class='ocrx_word' id='word_1_34' title='bbox 1073 729 1140 785; x_wconf 90' lang='lat' dir='ltr'>Hi</span> <span class='ocrx_word' id='word_1_35' title='bbox 1194 729 1498 784; x_wconf 86' lang='lat' dir='ltr'>duodecim</span> <span class='ocrx_word' id='word_1_36' title='bbox 1533 732 1762 783; x_wconf 81' lang='lat' dir='ltr'>montes</span> <span class='ocrx_word' id='word_1_37' title='bbox 1794 744 1937 796; x_wconf 90' lang='lat' dir='ltr'>quos</span> <span class='ocrx_word' id='word_1_38' title='bbox 1983 727 2163 791; x_wconf 88' lang='lat' dir='ltr'>vides,</span> <span class='ocrx_word' id='word_1_39' title='bbox 2198 726 2500 781; x_wconf 85' lang='lat' dir='ltr'>duodecim</span> <span class='ocrx_word' id='word_1_40' title='bbox 2533 732 2671 781; x_wconf 90' lang='lat' dir='ltr'>sunt</span> <span class='ocrx_word' id='word_1_41' title='bbox 2699 731 2899 798; x_wconf 82' lang='lat' dir='ltr'>gentes</span> <span class='ocrx_word' id='word_1_42' title='bbox 2943 746 3066 798; x_wconf 74' lang='lat' dir='ltr'>quae</span> <span class='ocrx_word' id='word_1_43' title='bbox 3099 734 3289 785; x_wconf 89' lang='lat' dir='ltr'>totum</span> <span class='ocrx_word' id='word_1_44' title='bbox 3330 732 3593 787; x_wconf 84' lang='lat' dir='ltr'>obtinent</span> 
     </span>
    </p>
   </div>
   <div class='ocr_carea' id='block_1_5' title="bbox 192 814 3590 893">
    <p class='ocr_par' dir='ltr' id='par_1_5' title="bbox 192 814 3590 893">
     <span class='ocr_line' id='line_1_5' title="bbox 192 814 3590 893; baseline 0 -16"><span class='ocrx_word' id='word_1_45' title='bbox 192 822 393 877; x_wconf 91' lang='lat' dir='ltr'>orbem</span> <span class='ocrx_word' id='word_1_46' title='bbox 428 822 560 893; x_wconf 85' lang='grc'>(24).</span> <span class='ocrx_word' id='word_1_47' title='bbox 595 820 946 876; x_wconf 69' lang='lat' dir='ltr'>Praadicatus</span> <span class='ocrx_word' id='word_1_48' title='bbox 977 823 1064 874; x_wconf 91' lang='lat' dir='ltr'>est</span> <span class='ocrx_word' id='word_1_49' title='bbox 1088 834 1223 889; x_wconf 88' lang='lat' dir='ltr'>ergo</span> <span class='ocrx_word' id='word_1_50' title='bbox 1254 817 1312 871; x_wconf 90' lang='lat' dir='ltr'>in</span> <span class='ocrx_word' id='word_1_51' title='bbox 1344 817 1427 871; x_wconf 90' lang='lat' dir='ltr'>eis</span> <span class='ocrx_word' id='word_1_52' title='bbox 1456 815 1636 871; x_wconf 89' lang='lat' dir='ltr'>Filius</span> <span class='ocrx_word' id='word_1_53' title='bbox 1671 816 1786 881; x_wconf 87' lang='lat' dir='ltr'>Dei,</span> <span class='ocrx_word' id='word_1_54' title='bbox 1822 832 1925 887; x_wconf 91' lang='lat' dir='ltr'>per</span> <span class='ocrx_word' id='word_1_55' title='bbox 1954 832 2052 870; x_wconf 91' lang='lat' dir='ltr'>eos</span> <span class='ocrx_word' id='word_1_56' title='bbox 2083 831 2225 883; x_wconf 90' lang='lat' dir='ltr'>quos</span> <span class='ocrx_word' id='word_1_57' title='bbox 2258 814 2381 884; x_wconf 87' lang='lat' dir='ltr'>ipse</span> <span class='ocrx_word' id='word_1_58' title='bbox 2414 816 2484 870; x_wconf 92' lang='lat' dir='ltr'>ad</span> <span class='ocrx_word' id='word_1_59' title='bbox 2518 814 2650 870; x_wconf 89' lang='lat' dir='ltr'>illos</span> <span class='ocrx_word' id='word_1_60' title='bbox 2682 816 2860 871; x_wconf 86' lang='lat' dir='ltr'>misit.</span> <span class='ocrx_word' id='word_1_61' title='bbox 2889 818 3073 881; x_wconf 83' lang='lat' dir='ltr'>Quare</span> <span class='ocrx_word' id='word_1_62' title='bbox 3106 820 3590 892; x_wconf 87' lang='lat' dir='ltr'>autem,inquam,</span> 
     </span>
    </p>
   </div>
   <div class='ocr_carea' id='block_1_6' title="bbox 197 905 3594 979">
    <p class='ocr_par' dir='ltr' id='par_1_6' title="bbox 197 905 3594 979">
     <span class='ocr_line' id='line_1_6' title="bbox 197 905 3594 979; baseline 0 -14"><span class='ocrx_word' id='word_1_63' title='bbox 197 910 345 965; x_wconf 85' lang='lat' dir='ltr'>varii</span> <span class='ocrx_word' id='word_1_64' title='bbox 378 914 598 979; x_wconf 86' lang='lat' dir='ltr'>sunt,et</span> <span class='ocrx_word' id='word_1_65' title='bbox 628 909 743 965; x_wconf 87' lang='lat' dir='ltr'>alia</span> <span class='ocrx_word' id='word_1_66' title='bbox 772 913 941 979; x_wconf 85' lang='lat' dir='ltr'>atque</span> <span class='ocrx_word' id='word_1_67' title='bbox 972 908 1085 963; x_wconf 88' lang='lat' dir='ltr'>alia</span> <span class='ocrx_word' id='word_1_68' title='bbox 1115 908 1303 978; x_wconf 87' lang='lat' dir='ltr'>ﬁgura</span> <span class='ocrx_word' id='word_1_69' title='bbox 1324 906 1351 960; x_wconf 85' lang='lat'><strong>?</strong></span> <span class='ocrx_word' id='word_1_70' title='bbox 1380 905 1671 959; x_wconf 62' lang='lat' dir='ltr'>Audisz</span> <span class='ocrx_word' id='word_1_71' title='bbox 1706 905 2011 960; x_wconf 87' lang='lat' dir='ltr'>duodecim</span> <span class='ocrx_word' id='word_1_72' title='bbox 2043 908 2243 975; x_wconf 86' lang='lat' dir='ltr'>gentes</span> <span class='ocrx_word' id='word_1_73' title='bbox 2274 920 2399 973; x_wconf 72' lang='lat' dir='ltr'>qua:</span> <span class='ocrx_word' id='word_1_74' title='bbox 2431 909 2614 957; x_wconf 89' lang='lat' dir='ltr'>totum</span> <span class='ocrx_word' id='word_1_75' title='bbox 2648 905 2912 960; x_wconf 87' lang='lat' dir='ltr'>obtinent</span> <span class='ocrx_word' id='word_1_76' title='bbox 2942 907 3475 976; x_wconf 86' lang='lat' dir='ltr'>orbem,duodecim</span> <span class='ocrx_word' id='word_1_77' title='bbox 3496 928 3594 966; x_wconf 87' lang='lat' dir='ltr'>na-</span> 
     </span>
    </p>
   </div>
   <div class='ocr_carea' id='block_1_7' title="bbox 195 993 3593 1069">
    <p class='ocr_par' dir='ltr' id='par_1_7' title="bbox 195 993 3593 1069">
     <span class='ocr_line' id='line_1_7' title="bbox 195 993 3593 1069; baseline 0 -14"><span class='ocrx_word' id='word_1_78' title='bbox 195 999 388 1056; x_wconf 84' lang='lat' dir='ltr'>tiones</span> <span class='ocrx_word' id='word_1_79' title='bbox 421 1004 559 1054; x_wconf 91' lang='lat' dir='ltr'>sunt</span> <span class='ocrx_word' id='word_1_80' title='bbox 593 1016 605 1053; x_wconf 92' lang='lat'>:</span> <span class='ocrx_word' id='word_1_81' title='bbox 639 1004 695 1053; x_wconf 90' lang='lat' dir='ltr'>et</span> <span class='ocrx_word' id='word_1_82' title='bbox 724 999 876 1053; x_wconf 92' lang='lat' dir='ltr'>sicut</span> <span class='ocrx_word' id='word_1_83' title='bbox 905 1014 1003 1052; x_wconf 88' lang='lat' dir='ltr'>eos</span> <span class='ocrx_word' id='word_1_84' title='bbox 1034 1001 1263 1050; x_wconf 86' lang='lat' dir='ltr'>montes</span> <span class='ocrx_word' id='word_1_85' title='bbox 1291 995 1490 1049; x_wconf 86' lang='lat' dir='ltr'>vidisti</span> <span class='ocrx_word' id='word_1_86' title='bbox 1520 994 1748 1059; x_wconf 88' lang='lat' dir='ltr'>varios;</span> <span class='ocrx_word' id='word_1_87' title='bbox 1780 993 1858 1047; x_wconf 91' lang='lat' dir='ltr'>ita</span> <span class='ocrx_word' id='word_1_88' title='bbox 1891 998 1947 1048; x_wconf 90' lang='lat' dir='ltr'>et</span> <span class='ocrx_word' id='word_1_89' title='bbox 1976 993 2061 1046; x_wconf 59' lang='lat' dir='ltr'>ha</span> <span class='ocrx_word' id='word_1_90' title='bbox 2092 998 2312 1063; x_wconf 82' lang='lat' dir='ltr'>gentes.</span> <span class='ocrx_word' id='word_1_91' title='bbox 2346 1000 2561 1048; x_wconf 81' lang='lat' dir='ltr'>Sensus</span> <span class='ocrx_word' id='word_1_92' title='bbox 2590 1010 2815 1063; x_wconf 88' lang='lat' dir='ltr'>quoque</span> <span class='ocrx_word' id='word_1_93' title='bbox 2846 999 2901 1049; x_wconf 90' lang='lat' dir='ltr'>et</span> <span class='ocrx_word' id='word_1_94' title='bbox 2932 999 3098 1049; x_wconf 91' lang='lat' dir='ltr'>actus</span> <span class='ocrx_word' id='word_1_95' title='bbox 3130 997 3593 1069; x_wconf 85' lang='lat' dir='ltr'>uniuscujusque</span> 
     </span>
    </p>
   </div>
   <div class='ocr_carea' id='block_1_8' title="bbox 199 1080 3594 1157">
    <p class='ocr_par' dir='ltr' id='par_1_8' title="bbox 199 1080 3594 1157">
     <span class='ocr_line' id='line_1_8' title="bbox 199 1080 3594 1157; baseline 0.001 -14"><span class='ocrx_word' id='word_1_96' title='bbox 199 1088 421 1143; x_wconf 88' lang='lat' dir='ltr'>montis</span> <span class='ocrx_word' id='word_1_97' title='bbox 470 1093 525 1142; x_wconf 89' lang='lat' dir='ltr'>te</span> <span class='ocrx_word' id='word_1_98' title='bbox 556 1087 793 1142; x_wconf 90' lang='lat' dir='ltr'>docebo.</span> <span class='ocrx_word' id='word_1_99' title='bbox 848 1086 1036 1150; x_wconf 82' lang='lat' dir='ltr'>Prius,</span> <span class='ocrx_word' id='word_1_100' title='bbox 1070 1084 1332 1154; x_wconf 91' lang='lat' dir='ltr'>inquam,</span> <span class='ocrx_word' id='word_1_101' title='bbox 1386 1083 1638 1147; x_wconf 88' lang='lat' dir='ltr'>domine,</span> <span class='ocrx_word' id='word_1_102' title='bbox 1672 1083 1779 1137; x_wconf 92' lang='lat' dir='ltr'>hoc</span> <span class='ocrx_word' id='word_1_103' title='bbox 1829 1080 1970 1135; x_wconf 92' lang='lat' dir='ltr'>mihi</span> <span class='ocrx_word' id='word_1_104' title='bbox 2003 1082 2365 1135; x_wconf 86' lang='lat' dir='ltr'>demonstrat</span> <span class='ocrx_word' id='word_1_105' title='bbox 2398 1097 2409 1135; x_wconf 91' lang='lat'>:</span> <span class='ocrx_word' id='word_1_106' title='bbox 2447 1097 2579 1135; x_wconf 91' lang='lat' dir='ltr'>cum</span> <span class='ocrx_word' id='word_1_107' title='bbox 2631 1082 2749 1135; x_wconf 89' lang='lat' dir='ltr'>sint</span> <span class='ocrx_word' id='word_1_108' title='bbox 2777 1087 2894 1137; x_wconf 86' lang='lat' dir='ltr'>tam</span> <span class='ocrx_word' id='word_1_109' title='bbox 2930 1084 3070 1138; x_wconf 90' lang='lat' dir='ltr'>varii</span> <span class='ocrx_word' id='word_1_110' title='bbox 3103 1085 3214 1156; x_wconf 86' lang='grc'>(25)</span> <span class='ocrx_word' id='word_1_111' title='bbox 3247 1086 3305 1140; x_wconf 93' lang='lat' dir='ltr'>hi</span> <span class='ocrx_word' id='word_1_112' title='bbox 3345 1095 3594 1157; x_wconf 85' lang='lat' dir='ltr'>montes,</span> 
     </span>
    </p>
   </div>
   <div class='ocr_carea' id='block_1_9' title="bbox 200 1170 3602 1249">
    <p class='ocr_par' dir='ltr' id='par_1_9' title="bbox 200 1170 3602 1249">
     <span class='ocr_line' id='line_1_9' title="bbox 200 1170 3602 1249; baseline 0 -16"><span class='ocrx_word' id='word_1_113' title='bbox 200 1194 457 1249; x_wconf 89' lang='lat' dir='ltr'>quonam</span> <span class='ocrx_word' id='word_1_114' title='bbox 493 1181 660 1249; x_wconf 88' lang='lat' dir='ltr'>pacto</span> <span class='ocrx_word' id='word_1_115' title='bbox 689 1175 1109 1231; x_wconf 88' lang='lat' dir='ltr'>instructuram</span> <span class='ocrx_word' id='word_1_116' title='bbox 1141 1173 1318 1243; x_wconf 87' lang='lat' dir='ltr'>hujus</span> <span class='ocrx_word' id='word_1_117' title='bbox 1349 1172 1527 1226; x_wconf 87' lang='lat' dir='ltr'>turris</span> <span class='ocrx_word' id='word_1_118' title='bbox 1558 1171 1952 1237; x_wconf 86' lang='lat' dir='ltr'>convenerint,</span> <span class='ocrx_word' id='word_1_119' title='bbox 1985 1187 2213 1239; x_wconf 90' lang='lat' dir='ltr'>unoque</span> <span class='ocrx_word' id='word_1_120' title='bbox 2242 1170 2583 1240; x_wconf 86' lang='lat' dir='ltr'>redigantur</span> <span class='ocrx_word' id='word_1_121' title='bbox 2614 1170 2819 1239; x_wconf 91' lang='lat' dir='ltr'>colore,</span> <span class='ocrx_word' id='word_1_122' title='bbox 2844 1177 2901 1226; x_wconf 90' lang='lat' dir='ltr'>et</span> <span class='ocrx_word' id='word_1_123' title='bbox 2930 1189 3044 1226; x_wconf 91' lang='lat' dir='ltr'>non</span> <span class='ocrx_word' id='word_1_124' title='bbox 3078 1173 3273 1230; x_wconf 86' lang='lat' dir='ltr'>minus</span> <span class='ocrx_word' id='word_1_125' title='bbox 3306 1176 3602 1247; x_wconf 89' lang='lat' dir='ltr'>splendidi</span> 
     </span>
    </p>
   </div>
   <div class='ocr_carea' id='block_1_10' title="bbox 199 1257 3596 1337">
    <p class='ocr_par' dir='ltr' id='par_1_10' title="bbox 199 1257 3596 1337">
     <span class='ocr_line' id='line_1_10' title="bbox 199 1257 3596 1337; baseline -0 -15"><span class='ocrx_word' id='word_1_126' title='bbox 199 1268 344 1331; x_wconf 89' lang='lat' dir='ltr'>sint,</span> <span class='ocrx_word' id='word_1_127' title='bbox 376 1281 551 1337; x_wconf 90' lang='lat' dir='ltr'>quam</span> <span class='ocrx_word' id='word_1_128' title='bbox 584 1264 680 1334; x_wconf 91' lang='lat' dir='ltr'>qui</span> <span class='ocrx_word' id='word_1_129' title='bbox 708 1264 1096 1319; x_wconf 90' lang='lat' dir='ltr'>ascenderunt</span> <span class='ocrx_word' id='word_1_130' title='bbox 1126 1277 1195 1315; x_wconf 85' lang='lat' dir='ltr'>ex</span> <span class='ocrx_word' id='word_1_131' title='bbox 1222 1261 1510 1333; x_wconf 83' lang='lat' dir='ltr'>profundo</span> <span class='ocrx_word' id='word_1_132' title='bbox 1532 1262 1559 1315; x_wconf 70' lang='grc' dir='ltr'><strong>γ</strong></span> <span class='ocrx_word' id='word_1_133' title='bbox 1589 1260 1895 1328; x_wconf 84' lang='lat' dir='ltr'>Quoniam,</span> <span class='ocrx_word' id='word_1_134' title='bbox 1932 1259 2141 1329; x_wconf 89' lang='lat' dir='ltr'>inquit,</span> <span class='ocrx_word' id='word_1_135' title='bbox 2192 1257 2469 1313; x_wconf 67' lang='lat' dir='ltr'>universae</span> <span class='ocrx_word' id='word_1_136' title='bbox 2502 1259 2766 1313; x_wconf 84' lang='lat' dir='ltr'>nationes</span> <span class='ocrx_word' id='word_1_137' title='bbox 2798 1278 2919 1329; x_wconf 62' lang='lat' dir='ltr'>quas</span> <span class='ocrx_word' id='word_1_138' title='bbox 2971 1263 3079 1316; x_wconf 89' lang='lat' dir='ltr'>sub</span> <span class='ocrx_word' id='word_1_139' title='bbox 3111 1263 3254 1318; x_wconf 80' lang='lat' dir='ltr'>ccelo</span> <span class='ocrx_word' id='word_1_140' title='bbox 3302 1271 3460 1335; x_wconf 87' lang='lat' dir='ltr'>sunt,</span> <span class='ocrx_word' id='word_1_141' title='bbox 3494 1284 3596 1322; x_wconf 88' lang='lat' dir='ltr'>au-</span> 
     </span>
    </p>
   </div>
   <div class='ocr_carea' id='block_1_11' title="bbox 211 1347 3597 1423">
    <p class='ocr_par' dir='ltr' id='par_1_11' title="bbox 211 1347 3597 1423">
     <span class='ocr_line' id='line_1_11' title="bbox 211 1347 3597 1423; baseline 0.001 -14"><span class='ocrx_word' id='word_1_142' title='bbox 211 1355 448 1410; x_wconf 87' lang='lat' dir='ltr'>dierunt</span> <span class='ocrx_word' id='word_1_143' title='bbox 477 1358 534 1409; x_wconf 92' lang='lat' dir='ltr'>et</span> <span class='ocrx_word' id='word_1_144' title='bbox 580 1353 975 1418; x_wconf 89' lang='lat' dir='ltr'>crediderunt,</span> <span class='ocrx_word' id='word_1_145' title='bbox 1008 1356 1063 1406; x_wconf 93' lang='lat' dir='ltr'>et</span> <span class='ocrx_word' id='word_1_146' title='bbox 1110 1367 1224 1405; x_wconf 88' lang='lat' dir='ltr'>uno</span> <span class='ocrx_word' id='word_1_147' title='bbox 1258 1349 1491 1404; x_wconf 89' lang='lat' dir='ltr'>nomine</span> <span class='ocrx_word' id='word_1_148' title='bbox 1536 1348 1662 1403; x_wconf 74' lang='lat' dir='ltr'>Filii</span> <span class='ocrx_word' id='word_1_149' title='bbox 1697 1349 1814 1414; x_wconf 85' lang='lat' dir='ltr'>Dei,</span> <span class='ocrx_word' id='word_1_150' title='bbox 1846 1348 2030 1402; x_wconf 86' lang='lat' dir='ltr'>vocati</span> <span class='ocrx_word' id='word_1_151' title='bbox 2083 1352 2221 1401; x_wconf 89' lang='lat' dir='ltr'>sunt</span> <span class='ocrx_word' id='word_1_152' title='bbox 2250 1348 2380 1417; x_wconf 83' lang='lat'>(26).</span> <span class='ocrx_word' id='word_1_153' title='bbox 2431 1349 2676 1419; x_wconf 87' lang='lat' dir='ltr'>Accepto</span> <span class='ocrx_word' id='word_1_154' title='bbox 2710 1347 2884 1418; x_wconf 88' lang='lat' dir='ltr'>igitur</span> <span class='ocrx_word' id='word_1_155' title='bbox 2913 1351 3039 1418; x_wconf 85' lang='lat' dir='ltr'>ejus</span> <span class='ocrx_word' id='word_1_156' title='bbox 3087 1351 3300 1423; x_wconf 86' lang='lat' dir='ltr'>sigillo,</span> <span class='ocrx_word' id='word_1_157' title='bbox 3332 1356 3597 1411; x_wconf 86' lang='lat' dir='ltr'>eamdem</span> 
     </span>
    </p>
   </div>
   <div class='ocr_carea' id='block_1_12' title="bbox 209 1437 3602 1514">
    <p class='ocr_par' dir='ltr' id='par_1_12' title="bbox 209 1437 3602 1514">
     <span class='ocr_line' id='line_1_12' title="bbox 209 1437 3602 1514; baseline 0 -16"><span class='ocrx_word' id='word_1_158' title='bbox 209 1460 413 1499; x_wconf 91' lang='lat' dir='ltr'>omnes</span> <span class='ocrx_word' id='word_1_159' title='bbox 444 1441 815 1514; x_wconf 88' lang='lat' dir='ltr'>prudentiam</span> <span class='ocrx_word' id='word_1_160' title='bbox 864 1440 1249 1508; x_wconf 88' lang='lat' dir='ltr'>eumdemque</span> <span class='ocrx_word' id='word_1_161' title='bbox 1282 1454 1523 1494; x_wconf 87' lang='lat' dir='ltr'>sensum</span> <span class='ocrx_word' id='word_1_162' title='bbox 1556 1441 1935 1508; x_wconf 88' lang='lat' dir='ltr'>acceperunt;</span> <span class='ocrx_word' id='word_1_163' title='bbox 1968 1441 2023 1491; x_wconf 90' lang='lat' dir='ltr'>et</span> <span class='ocrx_word' id='word_1_164' title='bbox 2055 1453 2171 1491; x_wconf 88' lang='lat' dir='ltr'>una</span> <span class='ocrx_word' id='word_1_165' title='bbox 2202 1437 2344 1490; x_wconf 88' lang='lat' dir='ltr'>ﬁdes</span> <span class='ocrx_word' id='word_1_166' title='bbox 2394 1441 2563 1505; x_wconf 87' lang='lat' dir='ltr'>atque</span> <span class='ocrx_word' id='word_1_167' title='bbox 2593 1437 2843 1491; x_wconf 81' lang='lat' dir='ltr'>Charitas</span> <span class='ocrx_word' id='word_1_168' title='bbox 2873 1455 3074 1493; x_wconf 88' lang='lat' dir='ltr'>eorum</span> <span class='ocrx_word' id='word_1_169' title='bbox 3108 1441 3238 1508; x_wconf 90' lang='lat' dir='ltr'>fuit,</span> <span class='ocrx_word' id='word_1_170' title='bbox 3272 1447 3330 1497; x_wconf 88' lang='lat' dir='ltr'>et</span> <span class='ocrx_word' id='word_1_171' title='bbox 3358 1444 3602 1514; x_wconf 84' lang='lat' dir='ltr'>spiritus</span> 
     </span>
    </p>
   </div>
   <div class='ocr_carea' id='block_1_13' title="bbox 208 1524 3616 1605">
    <p class='ocr_par' dir='ltr' id='par_1_13' title="bbox 208 1524 3616 1605">
     <span class='ocr_line' id='line_1_13' title="bbox 208 1524 3616 1605; baseline 0.001 -18"><span class='ocrx_word' id='word_1_172' title='bbox 208 1531 505 1605; x_wconf 86' lang='lat' dir='ltr'>virginum</span> <span class='ocrx_word' id='word_1_173' title='bbox 536 1530 746 1586; x_wconf 91' lang='lat' dir='ltr'>harum</span> <span class='ocrx_word' id='word_1_174' title='bbox 777 1545 911 1584; x_wconf 91' lang='lat' dir='ltr'>cum</span> <span class='ocrx_word' id='word_1_175' title='bbox 943 1528 1071 1599; x_wconf 87' lang='lat' dir='ltr'>ejus</span> <span class='ocrx_word' id='word_1_176' title='bbox 1098 1528 1333 1583; x_wconf 88' lang='lat' dir='ltr'>nomine</span> <span class='ocrx_word' id='word_1_177' title='bbox 1365 1527 1644 1582; x_wconf 86' lang='lat' dir='ltr'>ferebant.</span> <span class='ocrx_word' id='word_1_178' title='bbox 1681 1527 1929 1595; x_wconf 89' lang='lat' dir='ltr'>Ideoque</span> <span class='ocrx_word' id='word_1_179' title='bbox 1958 1530 2255 1580; x_wconf 83' lang='lat' dir='ltr'>structura</span> <span class='ocrx_word' id='word_1_180' title='bbox 2283 1525 2461 1578; x_wconf 88' lang='lat' dir='ltr'>turris</span> <span class='ocrx_word' id='word_1_181' title='bbox 2492 1524 2669 1595; x_wconf 88' lang='lat' dir='ltr'>hujus</span> <span class='ocrx_word' id='word_1_182' title='bbox 2700 1526 2964 1581; x_wconf 88' lang='lat' dir='ltr'>concolor</span> <span class='ocrx_word' id='word_1_183' title='bbox 2996 1528 3316 1597; x_wconf 87' lang='lat' dir='ltr'>videbatur,</span> <span class='ocrx_word' id='word_1_184' title='bbox 3350 1537 3407 1587; x_wconf 92' lang='lat' dir='ltr'>et</span> <span class='ocrx_word' id='word_1_185' title='bbox 3438 1533 3616 1605; x_wconf 86' lang='lat' dir='ltr'>fulge-</span> 
     </span>
    </p>
   </div>
   <div class='ocr_carea' id='block_1_14' title="bbox 212 1614 3613 1690">
    <p class='ocr_par' dir='ltr' id='par_1_14' title="bbox 212 1614 3613 1690">
     <span class='ocr_line' id='line_1_14' title="bbox 212 1614 3613 1690; baseline 0 -14"><span class='ocrx_word' id='word_1_186' title='bbox 212 1621 315 1676; x_wconf 87' lang='lat' dir='ltr'>bat</span> <span class='ocrx_word' id='word_1_187' title='bbox 344 1636 528 1690; x_wconf 89' lang='lat' dir='ltr'>usque</span> <span class='ocrx_word' id='word_1_188' title='bbox 558 1620 629 1675; x_wconf 89' lang='lat' dir='ltr'>ad</span> <span class='ocrx_word' id='word_1_189' title='bbox 662 1618 806 1675; x_wconf 88' lang='lat' dir='ltr'>solis</span> <span class='ocrx_word' id='word_1_190' title='bbox 836 1616 1180 1673; x_wconf 87' lang='lat' dir='ltr'>claritatem.</span> <span class='ocrx_word' id='word_1_191' title='bbox 1212 1618 1283 1671; x_wconf 89' lang='lat' dir='ltr'>At</span> <span class='ocrx_word' id='word_1_192' title='bbox 1312 1632 1445 1672; x_wconf 91' lang='lat' dir='ltr'>vero</span> <span class='ocrx_word' id='word_1_193' title='bbox 1477 1619 1782 1688; x_wconf 87' lang='lat' dir='ltr'>postquam</span> <span class='ocrx_word' id='word_1_194' title='bbox 1817 1616 1899 1669; x_wconf 91' lang='lat' dir='ltr'>ita</span> <span class='ocrx_word' id='word_1_195' title='bbox 1930 1617 2238 1670; x_wconf 91' lang='lat' dir='ltr'>senserunt</span> <span class='ocrx_word' id='word_1_196' title='bbox 2266 1614 2377 1685; x_wconf 89' lang='lat'>(27)</span> <span class='ocrx_word' id='word_1_197' title='bbox 2403 1639 2417 1681; x_wconf 89' lang='lat'><strong>;</strong></span> <span class='ocrx_word' id='word_1_198' title='bbox 2450 1631 2634 1669; x_wconf 86' lang='lat' dir='ltr'>unum</span> <span class='ocrx_word' id='word_1_199' title='bbox 2666 1631 2877 1685; x_wconf 90' lang='lat' dir='ltr'>corpus</span> <span class='ocrx_word' id='word_1_200' title='bbox 2906 1632 3105 1671; x_wconf 89' lang='lat' dir='ltr'>eorum</span> <span class='ocrx_word' id='word_1_201' title='bbox 3138 1618 3311 1690; x_wconf 76' lang='lat' dir='ltr'>cmpit</span> <span class='ocrx_word' id='word_1_202' title='bbox 3340 1635 3468 1676; x_wconf 91' lang='lat' dir='ltr'>esse</span> <span class='ocrx_word' id='word_1_203' title='bbox 3488 1638 3613 1676; x_wconf 88' lang='lat' dir='ltr'>om-</span> 
     </span>
    </p>
   </div>
   <div class='ocr_carea' id='block_1_15' title="bbox 212 1703 3620 1775">
    <p class='ocr_par' dir='ltr' id='par_1_15' title="bbox 212 1703 3620 1775">
     <span class='ocr_line' id='line_1_15' title="bbox 212 1703 3620 1775; baseline 0 -10"><span class='ocrx_word' id='word_1_204' title='bbox 212 1709 401 1766; x_wconf 89' lang='lat' dir='ltr'>nium.</span> <span class='ocrx_word' id='word_1_205' title='bbox 432 1709 682 1775; x_wconf 88' lang='lat' dir='ltr'>Quidam</span> <span class='ocrx_word' id='word_1_206' title='bbox 714 1712 915 1763; x_wconf 89' lang='lat' dir='ltr'>tamen</span> <span class='ocrx_word' id='word_1_207' title='bbox 947 1723 1015 1762; x_wconf 87' lang='lat' dir='ltr'>ex</span> <span class='ocrx_word' id='word_1_208' title='bbox 1044 1706 1129 1762; x_wconf 91' lang='lat' dir='ltr'>eis</span> <span class='ocrx_word' id='word_1_209' title='bbox 1178 1705 1617 1762; x_wconf 91' lang='lat' dir='ltr'>maculaverunt</span> <span class='ocrx_word' id='word_1_210' title='bbox 1645 1721 1729 1771; x_wconf 88' lang='lat' dir='ltr'>se,</span> <span class='ocrx_word' id='word_1_211' title='bbox 1760 1706 1816 1758; x_wconf 88' lang='lat' dir='ltr'>et</span> <span class='ocrx_word' id='word_1_212' title='bbox 1844 1703 2083 1774; x_wconf 88' lang='lat' dir='ltr'>projecti</span> <span class='ocrx_word' id='word_1_213' title='bbox 2115 1707 2254 1757; x_wconf 90' lang='lat' dir='ltr'>sunt</span> <span class='ocrx_word' id='word_1_214' title='bbox 2282 1703 2355 1758; x_wconf 88' lang='lat' dir='ltr'>de</span> <span class='ocrx_word' id='word_1_215' title='bbox 2403 1719 2612 1775; x_wconf 87' lang='lat' dir='ltr'>genere</span> <span class='ocrx_word' id='word_1_216' title='bbox 2633 1704 2953 1774; x_wconf 88' lang='lat' dir='ltr'>justorum,</span> <span class='ocrx_word' id='word_1_217' title='bbox 2986 1708 3043 1760; x_wconf 85' lang='lat' dir='ltr'>et</span> <span class='ocrx_word' id='word_1_218' title='bbox 3073 1705 3287 1763; x_wconf 88' lang='lat' dir='ltr'>iterum</span> <span class='ocrx_word' id='word_1_219' title='bbox 3320 1709 3620 1765; x_wconf 88' lang='lat' dir='ltr'>redierunt</span> 
     </span>
    </p>
   </div>
   <div class='ocr_carea' id='block_1_16' title="bbox 215 1792 2569 1870">
    <p class='ocr_par' dir='ltr' id='par_1_16' title="bbox 215 1792 2569 1870">
     <span class='ocr_line' id='line_1_16' title="bbox 215 1792 2569 1870; baseline -0.004 -15"><span class='ocrx_word' id='word_1_220' title='bbox 215 1798 289 1855; x_wconf 88' lang='lat' dir='ltr'>ad</span> <span class='ocrx_word' id='word_1_221' title='bbox 318 1801 540 1855; x_wconf 84' lang='lat' dir='ltr'>statum</span> <span class='ocrx_word' id='word_1_222' title='bbox 566 1796 907 1870; x_wconf 89' lang='lat' dir='ltr'>pristinum,</span> <span class='ocrx_word' id='word_1_223' title='bbox 941 1800 1112 1866; x_wconf 88' lang='lat' dir='ltr'>atque</span> <span class='ocrx_word' id='word_1_224' title='bbox 1141 1795 1317 1851; x_wconf 88' lang='lat' dir='ltr'>etiam</span> <span class='ocrx_word' id='word_1_225' title='bbox 1348 1794 1664 1850; x_wconf 87' lang='lat' dir='ltr'>deteriores</span> <span class='ocrx_word' id='word_1_226' title='bbox 1696 1808 1872 1862; x_wconf 87' lang='lat' dir='ltr'>quam</span> <span class='ocrx_word' id='word_1_227' title='bbox 1904 1792 2069 1864; x_wconf 91' lang='lat' dir='ltr'>prius</span> <span class='ocrx_word' id='word_1_228' title='bbox 2100 1792 2214 1864; x_wconf 90' lang='lat'>(28)</span> <span class='ocrx_word' id='word_1_229' title='bbox 2245 1797 2569 1847; x_wconf 90' lang='lat' dir='ltr'>evaserunt.</span> 
     </span>
    </p>
   </div>
   <div class='ocr_carea' id='block_1_17' title="bbox 1692 1934 2154 1991">
    <p class='ocr_par' dir='ltr' id='par_1_17' title="bbox 1692 1934 2154 1991">
     <span class='ocr_line' id='line_1_17' title="bbox 1692 1934 2154 1991; baseline -0.009 0"><span class='ocrx_word' id='word_1_230' title='bbox 1692 1935 1926 1991; x_wconf 82' lang='lat' dir='ltr'>CAPUT</span> <span class='ocrx_word' id='word_1_231' title='bbox 1963 1934 2154 1990; x_wconf 89' lang='lat' dir='ltr'>XVIII.</span> 
     </span>
    </p>
   </div>
   <div class='ocr_carea' id='block_1_18' title="bbox 293 2050 3620 2128">
    <p class='ocr_par' dir='ltr' id='par_1_18' title="bbox 293 2050 3620 2128">
     <span class='ocr_line' id='line_1_18' title="bbox 293 2050 3620 2128; baseline 0.001 -18"><span class='ocrx_word' id='word_1_232' title='bbox 293 2058 415 2122; x_wconf 92' lang='lat' dir='ltr'>Quo</span> <span class='ocrx_word' id='word_1_233' title='bbox 449 2054 642 2119; x_wconf 90' lang='lat' dir='ltr'>modo,</span> <span class='ocrx_word' id='word_1_234' title='bbox 673 2052 934 2124; x_wconf 86' lang='lat' dir='ltr'>inquam,</span> <span class='ocrx_word' id='word_1_235' title='bbox 966 2052 1201 2107; x_wconf 88' lang='lat' dir='ltr'>domine</span> <span class='ocrx_word' id='word_1_236' title='bbox 1231 2052 1364 2123; x_wconf 87' lang='lat'>(29),</span> <span class='ocrx_word' id='word_1_237' title='bbox 1397 2051 1712 2106; x_wconf 87' lang='lat' dir='ltr'>deteriores</span> <span class='ocrx_word' id='word_1_238' title='bbox 1743 2050 1841 2121; x_wconf 92' lang='lat' dir='ltr'>qui</span> <span class='ocrx_word' id='word_1_239' title='bbox 1872 2054 2265 2121; x_wconf 85' lang='lat' dir='ltr'>cognoverunt</span> <span class='ocrx_word' id='word_1_240' title='bbox 2312 2050 2625 2105; x_wconf 91' lang='lat' dir='ltr'>Dominum</span> <span class='ocrx_word' id='word_1_241' title='bbox 2650 2052 2676 2105; x_wconf 73' lang='lat'>‘2</span> <span class='ocrx_word' id='word_1_242' title='bbox 2708 2052 2772 2107; x_wconf 92' lang='lat' dir='ltr'>Et</span> <span class='ocrx_word' id='word_1_243' title='bbox 2802 2053 2947 2108; x_wconf 80' lang='lat' dir='ltr'>dixit</span> <span class='ocrx_word' id='word_1_244' title='bbox 2978 2071 2990 2108; x_wconf 95' lang='lat'>:</span> <span class='ocrx_word' id='word_1_245' title='bbox 3026 2058 3081 2109; x_wconf 88' lang='lat' dir='ltr'>Is</span> <span class='ocrx_word' id='word_1_246' title='bbox 3112 2056 3343 2125; x_wconf 89' lang='lat' dir='ltr'>quidem</span> <span class='ocrx_word' id='word_1_247' title='bbox 3374 2058 3471 2128; x_wconf 91' lang='lat' dir='ltr'>qui</span> <span class='ocrx_word' id='word_1_248' title='bbox 3505 2074 3620 2113; x_wconf 86' lang='lat' dir='ltr'>non</span> 
     </span>
    </p>
   </div>
   <div class='ocr_carea' id='block_1_19' title="bbox 219 2138 3619 2212">
    <p class='ocr_par' dir='ltr' id='par_1_19' title="bbox 219 2138 3619 2212">
     <span class='ocr_line' id='line_1_19' title="bbox 219 2138 3619 2212; baseline 0.001 -12"><span class='ocrx_word' id='word_1_249' title='bbox 219 2145 381 2201; x_wconf 85' lang='lat' dir='ltr'>novit</span> <span class='ocrx_word' id='word_1_250' title='bbox 409 2142 745 2211; x_wconf 91' lang='lat' dir='ltr'>Dominum,</span> <span class='ocrx_word' id='word_1_251' title='bbox 780 2141 829 2195; x_wconf 92' lang='lat' dir='ltr'>si</span> <span class='ocrx_word' id='word_1_252' title='bbox 860 2140 1122 2211; x_wconf 90' lang='lat' dir='ltr'>nequiter</span> <span class='ocrx_word' id='word_1_253' title='bbox 1170 2140 1327 2209; x_wconf 88' lang='lat' dir='ltr'>vivit,</span> <span class='ocrx_word' id='word_1_254' title='bbox 1362 2144 1559 2194; x_wconf 91' lang='lat' dir='ltr'>manet</span> <span class='ocrx_word' id='word_1_255' title='bbox 1588 2139 1645 2192; x_wconf 88' lang='lat' dir='ltr'>in</span> <span class='ocrx_word' id='word_1_256' title='bbox 1676 2156 1741 2194; x_wconf 92' lang='lat' dir='ltr'>eo</span> <span class='ocrx_word' id='word_1_257' title='bbox 1774 2139 1882 2209; x_wconf 90' lang='lat'>(30)</span> <span class='ocrx_word' id='word_1_258' title='bbox 1916 2138 2183 2208; x_wconf 73' lang='lat' dir='ltr'>nequitiaa</span> <span class='ocrx_word' id='word_1_259' title='bbox 2215 2155 2331 2192; x_wconf 69' lang='lat' dir='ltr'>suae</span> <span class='ocrx_word' id='word_1_260' title='bbox 2362 2156 2548 2210; x_wconf 71' lang='lat' dir='ltr'>poena.</span> <span class='ocrx_word' id='word_1_261' title='bbox 2586 2146 2656 2194; x_wconf 80' lang='lat' dir='ltr'>At</span> <span class='ocrx_word' id='word_1_262' title='bbox 2687 2142 2787 2212; x_wconf 89' lang='lat' dir='ltr'>qui</span> <span class='ocrx_word' id='word_1_263' title='bbox 2820 2143 2975 2197; x_wconf 91' lang='lat' dir='ltr'>novit</span> <span class='ocrx_word' id='word_1_264' title='bbox 3013 2143 3348 2211; x_wconf 90' lang='lat' dir='ltr'>Dominum,</span> <span class='ocrx_word' id='word_1_265' title='bbox 3381 2147 3619 2202; x_wconf 90' lang='lat' dir='ltr'>omnino</span> 
     </span>
    </p>
   </div>
   <div class='ocr_carea' id='block_1_20' title="bbox 220 2227 3621 2302">
    <p class='ocr_par' dir='ltr' id='par_1_20' title="bbox 220 2227 3621 2302">
     <span class='ocr_line' id='line_1_20' title="bbox 220 2227 3621 2302; baseline 0 -13"><span class='ocrx_word' id='word_1_266' title='bbox 220 2233 514 2290; x_wconf 89' lang='lat' dir='ltr'>abstinere</span> <span class='ocrx_word' id='word_1_267' title='bbox 546 2248 607 2287; x_wconf 91' lang='lat' dir='ltr'>se</span> <span class='ocrx_word' id='word_1_268' title='bbox 640 2231 809 2285; x_wconf 90' lang='lat' dir='ltr'>debet</span> <span class='ocrx_word' id='word_1_269' title='bbox 835 2231 907 2284; x_wconf 82' lang='lat' dir='ltr'>ab</span> <span class='ocrx_word' id='word_1_270' title='bbox 937 2230 1096 2284; x_wconf 90' lang='lat' dir='ltr'>omni</span> <span class='ocrx_word' id='word_1_271' title='bbox 1128 2228 1404 2298; x_wconf 88' lang='lat' dir='ltr'>nequitia,</span> <span class='ocrx_word' id='word_1_272' title='bbox 1433 2233 1489 2284; x_wconf 91' lang='lat' dir='ltr'>et</span> <span class='ocrx_word' id='word_1_273' title='bbox 1520 2228 1707 2299; x_wconf 87' lang='lat' dir='ltr'>magis</span> <span class='ocrx_word' id='word_1_274' title='bbox 1739 2227 2039 2298; x_wconf 85' lang='lat' dir='ltr'>magisque</span> <span class='ocrx_word' id='word_1_275' title='bbox 2069 2227 2280 2282; x_wconf 86' lang='lat' dir='ltr'>servire</span> <span class='ocrx_word' id='word_1_276' title='bbox 2311 2227 2552 2282; x_wconf 82' lang='lat' dir='ltr'>bonitati</span> <span class='ocrx_word' id='word_1_277' title='bbox 2585 2228 2858 2285; x_wconf 71' lang='lat' dir='ltr'>&quot;.Nonne</span> <span class='ocrx_word' id='word_1_278' title='bbox 2886 2247 3020 2302; x_wconf 90' lang='lat' dir='ltr'>ergo</span> <span class='ocrx_word' id='word_1_279' title='bbox 3050 2231 3147 2287; x_wconf 87' lang='lat' dir='ltr'>ille</span> <span class='ocrx_word' id='word_1_280' title='bbox 3175 2234 3270 2302; x_wconf 90' lang='lat' dir='ltr'>qui</span> <span class='ocrx_word' id='word_1_281' title='bbox 3304 2234 3621 2290; x_wconf 89' lang='lat' dir='ltr'>bonitatem</span> 
     </span>
    </p>
   </div>
   <div class='ocr_carea' id='block_1_21' title="bbox 222 2315 3623 2393">
    <p class='ocr_par' dir='ltr' id='par_1_21' title="bbox 222 2315 3623 2393">
     <span class='ocr_line' id='line_1_21' title="bbox 222 2315 3623 2393; baseline 0.001 -16"><span class='ocrx_word' id='word_1_282' title='bbox 222 2321 392 2393; x_wconf 89' lang='lat' dir='ltr'>sequi</span> <span class='ocrx_word' id='word_1_283' title='bbox 424 2320 692 2387; x_wconf 86' lang='lat' dir='ltr'>debebat,</span> <span class='ocrx_word' id='word_1_284' title='bbox 724 2318 773 2373; x_wconf 89' lang='lat' dir='ltr'>si</span> <span class='ocrx_word' id='word_1_285' title='bbox 806 2316 1073 2388; x_wconf 70' lang='lat' dir='ltr'>nequitiae</span> <span class='ocrx_word' id='word_1_286' title='bbox 1105 2318 1373 2389; x_wconf 73' lang='lat' dir='ltr'>praaferat</span> <span class='ocrx_word' id='word_1_287' title='bbox 1400 2322 1613 2388; x_wconf 87' lang='lat' dir='ltr'>partes,</span> <span class='ocrx_word' id='word_1_288' title='bbox 1646 2315 1776 2388; x_wconf 90' lang='lat' dir='ltr'>plus</span> <span class='ocrx_word' id='word_1_289' title='bbox 1810 2331 2044 2387; x_wconf 90' lang='lat' dir='ltr'>peccare</span> <span class='ocrx_word' id='word_1_290' title='bbox 2075 2316 2323 2381; x_wconf 84' lang='lat' dir='ltr'>videtur,</span> <span class='ocrx_word' id='word_1_291' title='bbox 2356 2333 2531 2387; x_wconf 90' lang='lat' dir='ltr'>quam</span> <span class='ocrx_word' id='word_1_292' title='bbox 2564 2316 2615 2371; x_wconf 89' lang='lat' dir='ltr'>is</span> <span class='ocrx_word' id='word_1_293' title='bbox 2646 2318 2746 2388; x_wconf 90' lang='lat' dir='ltr'>qui</span> <span class='ocrx_word' id='word_1_294' title='bbox 2780 2318 3027 2390; x_wconf 90' lang='lat' dir='ltr'>deliquit</span> <span class='ocrx_word' id='word_1_295' title='bbox 3056 2321 3333 2391; x_wconf 88' lang='lat' dir='ltr'>ignorans</span> <span class='ocrx_word' id='word_1_296' title='bbox 3378 2323 3477 2378; x_wconf 89' lang='lat' dir='ltr'>Dei</span> <span class='ocrx_word' id='word_1_297' title='bbox 3509 2327 3623 2379; x_wconf 92' lang='lat' dir='ltr'>vir-</span> 
     </span>
    </p>
   </div>
   <div class='ocr_carea' id='block_1_22' title="bbox 229 2403 3626 2481">
    <p class='ocr_par' dir='ltr' id='par_1_22' title="bbox 229 2403 3626 2481">
     <span class='ocr_line' id='line_1_22' title="bbox 229 2403 3626 2481; baseline 0.001 -15"><span class='ocrx_word' id='word_1_298' title='bbox 229 2414 418 2466; x_wconf 87' lang='lat' dir='ltr'>tutem</span> <span class='ocrx_word' id='word_1_299' title='bbox 440 2409 467 2463; x_wconf 76' lang='lat' dir='ltr'>‘I</span> <span class='ocrx_word' id='word_1_300' title='bbox 498 2406 836 2479; x_wconf 89' lang='lat' dir='ltr'>Ideoque,bi</span> <span class='ocrx_word' id='word_1_301' title='bbox 866 2407 1100 2477; x_wconf 82' lang='lat' dir='ltr'>quidem</span> <span class='ocrx_word' id='word_1_302' title='bbox 1132 2406 1306 2461; x_wconf 89' lang='lat' dir='ltr'>morti</span> <span class='ocrx_word' id='word_1_303' title='bbox 1339 2405 1611 2460; x_wconf 87' lang='lat' dir='ltr'>destinati</span> <span class='ocrx_word' id='word_1_304' title='bbox 1642 2408 1781 2459; x_wconf 90' lang='lat' dir='ltr'>sunt</span> <span class='ocrx_word' id='word_1_305' title='bbox 1812 2421 1824 2458; x_wconf 89' lang='lat'><strong>:</strong></span> <span class='ocrx_word' id='word_1_306' title='bbox 1860 2409 1919 2458; x_wconf 88' lang='lat' dir='ltr'>at</span> <span class='ocrx_word' id='word_1_307' title='bbox 1949 2421 2080 2458; x_wconf 87' lang='lat' dir='ltr'>vero</span> <span class='ocrx_word' id='word_1_308' title='bbox 2114 2403 2171 2457; x_wconf 90' lang='lat' dir='ltr'>hi</span> <span class='ocrx_word' id='word_1_309' title='bbox 2201 2403 2301 2474; x_wconf 89' lang='lat' dir='ltr'>qui</span> <span class='ocrx_word' id='word_1_310' title='bbox 2330 2412 2725 2474; x_wconf 90' lang='lat' dir='ltr'>cognoverunt</span> <span class='ocrx_word' id='word_1_311' title='bbox 2753 2409 3264 2480; x_wconf 89' lang='lat' dir='ltr'>Dominum,atque</span> <span class='ocrx_word' id='word_1_312' title='bbox 3291 2413 3417 2481; x_wconf 82' lang='lat' dir='ltr'>eius</span> <span class='ocrx_word' id='word_1_313' title='bbox 3448 2413 3626 2469; x_wconf 85' lang='lat' dir='ltr'>mira-</span> 
     </span>
    </p>
   </div>
   <div class='ocr_carea' id='block_1_23' title="bbox 220 2491 3625 2570">
    <p class='ocr_par' dir='ltr' id='par_1_23' title="bbox 220 2491 3625 2570">
     <span class='ocr_line' id='line_1_23' title="bbox 220 2491 3625 2570; baseline 0.001 -16"><span class='ocrx_word' id='word_1_314' title='bbox 220 2499 369 2555; x_wconf 86' lang='lat' dir='ltr'>bilia</span> <span class='ocrx_word' id='word_1_315' title='bbox 398 2514 575 2570; x_wconf 87' lang='lat' dir='ltr'>opera</span> <span class='ocrx_word' id='word_1_316' title='bbox 602 2497 897 2563; x_wconf 89' lang='lat' dir='ltr'>viderunt,</span> <span class='ocrx_word' id='word_1_317' title='bbox 932 2496 981 2551; x_wconf 92' lang='lat' dir='ltr'>si</span> <span class='ocrx_word' id='word_1_318' title='bbox 1011 2495 1275 2565; x_wconf 87' lang='lat' dir='ltr'>nequiter</span> <span class='ocrx_word' id='word_1_319' title='bbox 1302 2494 1525 2561; x_wconf 88' lang='lat' dir='ltr'>vivunt,</span> <span class='ocrx_word' id='word_1_320' title='bbox 1559 2493 1735 2565; x_wconf 91' lang='lat' dir='ltr'>duplo</span> <span class='ocrx_word' id='word_1_321' title='bbox 1766 2492 1877 2564; x_wconf 87' lang='grc'>(31)</span> <span class='ocrx_word' id='word_1_322' title='bbox 1910 2491 2163 2564; x_wconf 89' lang='lat' dir='ltr'>amplius</span> <span class='ocrx_word' id='word_1_323' title='bbox 2194 2494 2528 2564; x_wconf 87' lang='lat' dir='ltr'>punientur,</span> <span class='ocrx_word' id='word_1_324' title='bbox 2562 2500 2619 2549; x_wconf 94' lang='lat' dir='ltr'>et</span> <span class='ocrx_word' id='word_1_325' title='bbox 2649 2495 2759 2566; x_wconf 90' lang='lat' dir='ltr'>ipsi</span> <span class='ocrx_word' id='word_1_326' title='bbox 2793 2496 3115 2553; x_wconf 89' lang='lat' dir='ltr'>morientur</span> <span class='ocrx_word' id='word_1_327' title='bbox 3143 2500 3201 2554; x_wconf 92' lang='lat' dir='ltr'>in</span> <span class='ocrx_word' id='word_1_328' title='bbox 3234 2518 3441 2556; x_wconf 61' lang='lat' dir='ltr'>aevum.</span> <span class='ocrx_word' id='word_1_329' title='bbox 3462 2503 3625 2559; x_wconf 88' lang='lat' dir='ltr'>Sicut</span> 
     </span>
    </p>
   </div>
   <div class='ocr_carea' id='block_1_24' title="bbox 230 2582 3624 2661">
    <p class='ocr_par' dir='ltr' id='par_1_24' title="bbox 230 2582 3624 2661">
     <span class='ocr_line' id='line_1_24' title="bbox 230 2582 3624 2661; baseline 0.001 -16"><span class='ocrx_word' id='word_1_330' title='bbox 230 2605 367 2658; x_wconf 80' lang='lat' dir='ltr'>ergo</span> <span class='ocrx_word' id='word_1_331' title='bbox 399 2586 614 2653; x_wconf 89' lang='lat' dir='ltr'>vidisti,</span> <span class='ocrx_word' id='word_1_332' title='bbox 648 2590 959 2658; x_wconf 88' lang='lat' dir='ltr'>postquam</span> <span class='ocrx_word' id='word_1_333' title='bbox 994 2584 1157 2656; x_wconf 90' lang='lat' dir='ltr'>ejecti</span> <span class='ocrx_word' id='word_1_334' title='bbox 1191 2588 1329 2639; x_wconf 90' lang='lat' dir='ltr'>sunt</span> <span class='ocrx_word' id='word_1_335' title='bbox 1355 2583 1579 2655; x_wconf 87' lang='lat' dir='ltr'>lapides</span> <span class='ocrx_word' id='word_1_336' title='bbox 1612 2584 1680 2638; x_wconf 92' lang='lat' dir='ltr'>de</span> <span class='ocrx_word' id='word_1_337' title='bbox 1711 2582 1858 2637; x_wconf 90' lang='lat' dir='ltr'>turri</span> <span class='ocrx_word' id='word_1_338' title='bbox 1889 2583 1987 2652; x_wconf 92' lang='lat' dir='ltr'>qui</span> <span class='ocrx_word' id='word_1_339' title='bbox 2022 2582 2309 2653; x_wconf 86' lang='lat' dir='ltr'>reprobati</span> <span class='ocrx_word' id='word_1_340' title='bbox 2338 2589 2523 2651; x_wconf 89' lang='lat' dir='ltr'>erant,</span> <span class='ocrx_word' id='word_1_341' title='bbox 2556 2584 2749 2638; x_wconf 87' lang='lat' dir='ltr'>traditi</span> <span class='ocrx_word' id='word_1_342' title='bbox 2779 2591 2917 2640; x_wconf 90' lang='lat' dir='ltr'>sunt</span> <span class='ocrx_word' id='word_1_343' title='bbox 2944 2587 3248 2658; x_wconf 89' lang='lat' dir='ltr'>spiritibus</span> <span class='ocrx_word' id='word_1_344' title='bbox 3281 2591 3624 2661; x_wconf 89' lang='lat' dir='ltr'>perniciosis</span> 
     </span>
    </p>
   </div>
   <div class='ocr_carea' id='block_1_25' title="bbox 229 2672 3629 2749">
    <p class='ocr_par' dir='ltr' id='par_1_25' title="bbox 229 2672 3629 2749">
     <span class='ocr_line' id='line_1_25' title="bbox 229 2672 3629 2749; baseline 0.001 -16"><span class='ocrx_word' id='word_1_345' title='bbox 229 2684 405 2749; x_wconf 89' lang='lat' dir='ltr'>atque</span> <span class='ocrx_word' id='word_1_346' title='bbox 440 2676 643 2743; x_wconf 63' lang='lat' dir='ltr'>saevis;</span> <span class='ocrx_word' id='word_1_347' title='bbox 675 2678 732 2729; x_wconf 91' lang='lat' dir='ltr'>et</span> <span class='ocrx_word' id='word_1_348' title='bbox 761 2673 843 2729; x_wconf 91' lang='lat' dir='ltr'>ita</span> <span class='ocrx_word' id='word_1_349' title='bbox 867 2673 1233 2745; x_wconf 89' lang='lat' dir='ltr'>puriﬁcatam</span> <span class='ocrx_word' id='word_1_350' title='bbox 1266 2674 1477 2728; x_wconf 90' lang='lat' dir='ltr'>turrim</span> <span class='ocrx_word' id='word_1_351' title='bbox 1506 2673 1702 2727; x_wconf 85' lang='lat' dir='ltr'>vidisti</span> <span class='ocrx_word' id='word_1_352' title='bbox 1737 2672 1871 2743; x_wconf 83' lang='lat'>(32),</span> <span class='ocrx_word' id='word_1_353' title='bbox 1904 2676 1969 2725; x_wconf 91' lang='lat' dir='ltr'>ut</span> <span class='ocrx_word' id='word_1_354' title='bbox 1997 2672 2328 2726; x_wconf 88' lang='lat' dir='ltr'>crederetur</span> <span class='ocrx_word' id='word_1_355' title='bbox 2356 2688 2422 2726; x_wconf 88' lang='lat' dir='ltr'>ex</span> <span class='ocrx_word' id='word_1_356' title='bbox 2452 2689 2568 2727; x_wconf 91' lang='lat' dir='ltr'>uno</span> <span class='ocrx_word' id='word_1_357' title='bbox 2599 2672 2790 2745; x_wconf 89' lang='lat' dir='ltr'>lapide</span> <span class='ocrx_word' id='word_1_358' title='bbox 2819 2691 2946 2730; x_wconf 88' lang='lat' dir='ltr'>esse</span> <span class='ocrx_word' id='word_1_359' title='bbox 2974 2680 3096 2732; x_wconf 90' lang='lat' dir='ltr'>tota</span> <span class='ocrx_word' id='word_1_360' title='bbox 3127 2694 3142 2734; x_wconf 89' lang='lat'><strong>:</strong></span> <span class='ocrx_word' id='word_1_361' title='bbox 3176 2678 3257 2734; x_wconf 90' lang='lat' dir='ltr'>ita</span> <span class='ocrx_word' id='word_1_362' title='bbox 3287 2685 3343 2734; x_wconf 90' lang='lat' dir='ltr'>et</span> <span class='ocrx_word' id='word_1_363' title='bbox 3371 2680 3629 2737; x_wconf 85' lang='lat' dir='ltr'>Ecclesia</span> 
     </span>
    </p>
   </div>
   <div class='ocr_carea' id='block_1_26' title="bbox 227 2758 3630 2839">
    <p class='ocr_par' dir='ltr' id='par_1_26' title="bbox 227 2758 3630 2839">
     <span class='ocr_line' id='line_1_26' title="bbox 227 2758 3630 2839; baseline 0.001 -17"><span class='ocrx_word' id='word_1_364' title='bbox 227 2767 334 2823; x_wconf 89' lang='lat' dir='ltr'>Dei</span> <span class='ocrx_word' id='word_1_365' title='bbox 368 2782 500 2820; x_wconf 90' lang='lat' dir='ltr'>cum</span> <span class='ocrx_word' id='word_1_366' title='bbox 532 2762 839 2836; x_wconf 87' lang='lat' dir='ltr'>puriﬁcata</span> <span class='ocrx_word' id='word_1_367' title='bbox 867 2762 1064 2829; x_wconf 82' lang='lat' dir='ltr'>fuerit,</span> <span class='ocrx_word' id='word_1_368' title='bbox 1097 2762 1295 2833; x_wconf 87' lang='lat' dir='ltr'>ejectis</span> <span class='ocrx_word' id='word_1_369' title='bbox 1326 2779 1395 2817; x_wconf 80' lang='lat' dir='ltr'>ex</span> <span class='ocrx_word' id='word_1_370' title='bbox 1423 2778 1491 2817; x_wconf 87' lang='lat' dir='ltr'>ea</span> <span class='ocrx_word' id='word_1_371' title='bbox 1521 2760 1692 2816; x_wconf 88' lang='lat' dir='ltr'>malis</span> <span class='ocrx_word' id='word_1_372' title='bbox 1725 2767 1898 2831; x_wconf 89' lang='lat' dir='ltr'>atque</span> <span class='ocrx_word' id='word_1_373' title='bbox 1930 2758 2368 2825; x_wconf 87' lang='lat' dir='ltr'>ﬁctis,scelestis</span> <span class='ocrx_word' id='word_1_374' title='bbox 2398 2765 2454 2816; x_wconf 89' lang='lat' dir='ltr'>et</span> <span class='ocrx_word' id='word_1_375' title='bbox 2482 2762 2695 2829; x_wconf 88' lang='lat' dir='ltr'>dubiis,</span> <span class='ocrx_word' id='word_1_376' title='bbox 2730 2767 2787 2817; x_wconf 93' lang='lat' dir='ltr'>et</span> <span class='ocrx_word' id='word_1_377' title='bbox 2815 2765 3145 2836; x_wconf 87' lang='lat' dir='ltr'>quicunque</span> <span class='ocrx_word' id='word_1_378' title='bbox 3177 2769 3444 2839; x_wconf 89' lang='lat' dir='ltr'>nequiter</span> <span class='ocrx_word' id='word_1_379' title='bbox 3473 2770 3531 2823; x_wconf 92' lang='lat' dir='ltr'>in</span> <span class='ocrx_word' id='word_1_380' title='bbox 3562 2786 3630 2825; x_wconf 87' lang='lat' dir='ltr'>ea</span> 
     </span>
    </p>
   </div>
   <div class='ocr_carea' id='block_1_27' title="bbox 230 2848 3631 2929">
    <p class='ocr_par' dir='ltr' id='par_1_27' title="bbox 230 2848 3631 2929">
     <span class='ocr_line' id='line_1_27' title="bbox 230 2848 3631 2929; baseline 0.001 -18"><span class='ocrx_word' id='word_1_381' title='bbox 230 2871 297 2912; x_wconf 84' lang='lat' dir='ltr'>se</span> <span class='ocrx_word' id='word_1_382' title='bbox 329 2856 657 2925; x_wconf 89' lang='lat' dir='ltr'>gesserunt,</span> <span class='ocrx_word' id='word_1_383' title='bbox 691 2869 755 2907; x_wconf 87' lang='lat' dir='ltr'>ac</span> <span class='ocrx_word' id='word_1_384' title='bbox 785 2850 961 2906; x_wconf 89' lang='lat' dir='ltr'>variis</span> <span class='ocrx_word' id='word_1_385' title='bbox 993 2849 1261 2921; x_wconf 70' lang='lat' dir='ltr'>nequitia:</span> <span class='ocrx_word' id='word_1_386' title='bbox 1293 2855 1663 2922; x_wconf 89' lang='lat' dir='ltr'>peccatorum</span> <span class='ocrx_word' id='word_1_387' title='bbox 1694 2849 2005 2921; x_wconf 87' lang='lat' dir='ltr'>generibus</span> <span class='ocrx_word' id='word_1_388' title='bbox 2036 2848 2145 2903; x_wconf 91' lang='lat' dir='ltr'>erit</span> <span class='ocrx_word' id='word_1_389' title='bbox 2174 2866 2355 2903; x_wconf 89' lang='lat' dir='ltr'>unum</span> <span class='ocrx_word' id='word_1_390' title='bbox 2388 2866 2599 2921; x_wconf 89' lang='lat' dir='ltr'>corpus</span> <span class='ocrx_word' id='word_1_391' title='bbox 2630 2852 2946 2921; x_wconf 87' lang='lat' dir='ltr'>ejus,unus</span> <span class='ocrx_word' id='word_1_392' title='bbox 2975 2854 3306 2912; x_wconf 86' lang='lat' dir='ltr'>intellectus</span> <span class='ocrx_word' id='word_1_393' title='bbox 3335 2858 3631 2929; x_wconf 84' lang='lat' dir='ltr'>(33),unus</span> 
     </span>
    </p>
   </div>
   <div class='ocr_carea' id='block_1_28' title="bbox 231 2936 3631 3017">
    <p class='ocr_par' dir='ltr' id='par_1_28' title="bbox 231 2936 3631 3017">
     <span class='ocr_line' id='line_1_28' title="bbox 231 2936 3631 3017; baseline 0.001 -17"><span class='ocrx_word' id='word_1_394' title='bbox 231 2961 465 3011; x_wconf 79' lang='lat' dir='ltr'>sensus,</span> <span class='ocrx_word' id='word_1_395' title='bbox 501 2959 616 2997; x_wconf 87' lang='lat' dir='ltr'>una</span> <span class='ocrx_word' id='word_1_396' title='bbox 664 2941 830 3008; x_wconf 91' lang='lat' dir='ltr'>ﬁdes,</span> <span class='ocrx_word' id='word_1_397' title='bbox 862 2941 1180 3009; x_wconf 85' lang='lat' dir='ltr'>eademque</span> <span class='ocrx_word' id='word_1_398' title='bbox 1240 2940 1491 2994; x_wconf 89' lang='lat' dir='ltr'>cbaritas</span> <span class='ocrx_word' id='word_1_399' title='bbox 1524 2957 1536 2993; x_wconf 89' lang='lat'>:</span> <span class='ocrx_word' id='word_1_400' title='bbox 1573 2943 1628 2993; x_wconf 88' lang='lat' dir='ltr'>et</span> <span class='ocrx_word' id='word_1_401' title='bbox 1658 2944 1797 2993; x_wconf 92' lang='lat' dir='ltr'>tunc</span> <span class='ocrx_word' id='word_1_402' title='bbox 1847 2937 2028 2992; x_wconf 87' lang='lat' dir='ltr'>Filius</span> <span class='ocrx_word' id='word_1_403' title='bbox 2058 2936 2158 2992; x_wconf 90' lang='lat' dir='ltr'>Dei</span> <span class='ocrx_word' id='word_1_404' title='bbox 2206 2937 2497 2992; x_wconf 66' lang='lat' dir='ltr'>laetabitur</span> <span class='ocrx_word' id='word_1_405' title='bbox 2527 2940 2637 3011; x_wconf 79' lang='grc'>(34)</span> <span class='ocrx_word' id='word_1_406' title='bbox 2669 2940 2820 2996; x_wconf 90' lang='lat' dir='ltr'>inter</span> <span class='ocrx_word' id='word_1_407' title='bbox 2850 2942 3001 3007; x_wconf 76' lang='lat' dir='ltr'>illos,</span> <span class='ocrx_word' id='word_1_408' title='bbox 3034 2948 3091 2999; x_wconf 89' lang='lat' dir='ltr'>et</span> <span class='ocrx_word' id='word_1_409' title='bbox 3134 2945 3375 3017; x_wconf 89' lang='lat' dir='ltr'>recipiet</span> <span class='ocrx_word' id='word_1_410' title='bbox 3424 2947 3631 3003; x_wconf 87' lang='lat' dir='ltr'>volun-</span> 
     </span>
    </p>
   </div>
   <div class='ocr_carea' id='block_1_29' title="bbox 231 3026 3629 3104">
    <p class='ocr_par' dir='ltr' id='par_1_29' title="bbox 231 3026 3629 3104">
     <span class='ocr_line' id='line_1_29' title="bbox 231 3026 3629 3104; baseline 0 -14"><span class='ocrx_word' id='word_1_411' title='bbox 231 3038 355 3090; x_wconf 84' lang='lat' dir='ltr'>tate</span> <span class='ocrx_word' id='word_1_412' title='bbox 386 3049 531 3104; x_wconf 89' lang='lat' dir='ltr'>pura</span> <span class='ocrx_word' id='word_1_413' title='bbox 562 3029 842 3102; x_wconf 89' lang='lat' dir='ltr'>populum</span> <span class='ocrx_word' id='word_1_414' title='bbox 875 3046 1048 3083; x_wconf 92' lang='lat' dir='ltr'>suum</span> <span class='ocrx_word' id='word_1_415' title='bbox 1080 3029 1213 3099; x_wconf 89' lang='lat'>(35).</span> <span class='ocrx_word' id='word_1_416' title='bbox 1243 3030 1313 3083; x_wconf 90' lang='lat' dir='ltr'>Et</span> <span class='ocrx_word' id='word_1_417' title='bbox 1342 3028 1459 3082; x_wconf 83' lang='lat' dir='ltr'>dixi</span> <span class='ocrx_word' id='word_1_418' title='bbox 1489 3045 1501 3082; x_wconf 95' lang='lat'>:</span> <span class='ocrx_word' id='word_1_419' title='bbox 1536 3028 1798 3095; x_wconf 90' lang='lat' dir='ltr'>Domine,</span> <span class='ocrx_word' id='word_1_420' title='bbox 1833 3027 2143 3097; x_wconf 85' lang='lat' dir='ltr'>magniﬁce</span> <span class='ocrx_word' id='word_1_421' title='bbox 2172 3032 2228 3081; x_wconf 88' lang='lat' dir='ltr'>et</span> <span class='ocrx_word' id='word_1_422' title='bbox 2256 3026 2570 3083; x_wconf 89' lang='lat' dir='ltr'>honoriﬁce</span> <span class='ocrx_word' id='word_1_423' title='bbox 2601 3030 2711 3099; x_wconf 85' lang='lat'>(36)</span> <span class='ocrx_word' id='word_1_424' title='bbox 2744 3047 2804 3085; x_wconf 91' lang='lat' dir='ltr'>se</span> <span class='ocrx_word' id='word_1_425' title='bbox 2834 3031 3051 3087; x_wconf 89' lang='lat' dir='ltr'>habent</span> <span class='ocrx_word' id='word_1_426' title='bbox 3080 3035 3489 3091; x_wconf 85' lang='lat' dir='ltr'>cuncta.Nunc</span> <span class='ocrx_word' id='word_1_427' title='bbox 3521 3038 3629 3091; x_wconf 90' lang='lat' dir='ltr'>mi-</span> 
     </span>
    </p>
   </div>
   <div class='ocr_carea' id='block_1_30' title="bbox 239 3116 3636 3199">
    <p class='ocr_par' dir='ltr' id='par_1_30' title="bbox 239 3116 3636 3199">
     <span class='ocr_line' id='line_1_30' title="bbox 239 3116 3636 3199; baseline 0.001 -21"><span class='ocrx_word' id='word_1_428' title='bbox 239 3122 302 3179; x_wconf 92' lang='lat' dir='ltr'>hi</span> <span class='ocrx_word' id='word_1_429' title='bbox 331 3123 670 3176; x_wconf 89' lang='lat' dir='ltr'>demonstra</span> <span class='ocrx_word' id='word_1_430' title='bbox 723 3119 994 3173; x_wconf 72' lang='lat' dir='ltr'>effectum</span> <span class='ocrx_word' id='word_1_431' title='bbox 1025 3122 1081 3172; x_wconf 92' lang='lat' dir='ltr'>et</span> <span class='ocrx_word' id='word_1_432' title='bbox 1109 3118 1225 3171; x_wconf 90' lang='lat' dir='ltr'>vim</span> <span class='ocrx_word' id='word_1_433' title='bbox 1277 3117 1737 3187; x_wconf 89' lang='lat' dir='ltr'>uniuscujusque</span> <span class='ocrx_word' id='word_1_434' title='bbox 1785 3117 2036 3183; x_wconf 88' lang='lat' dir='ltr'>montis;</span> <span class='ocrx_word' id='word_1_435' title='bbox 2070 3120 2135 3169; x_wconf 91' lang='lat' dir='ltr'>ut</span> <span class='ocrx_word' id='word_1_436' title='bbox 2181 3116 2372 3170; x_wconf 90' lang='lat' dir='ltr'>omnis</span> <span class='ocrx_word' id='word_1_437' title='bbox 2419 3117 2615 3172; x_wconf 88' lang='lat' dir='ltr'>anima</span> <span class='ocrx_word' id='word_1_438' title='bbox 2643 3118 2701 3171; x_wconf 90' lang='lat' dir='ltr'>in</span> <span class='ocrx_word' id='word_1_439' title='bbox 2740 3117 2982 3175; x_wconf 89' lang='lat' dir='ltr'>Domino</span> <span class='ocrx_word' id='word_1_440' title='bbox 3032 3122 3238 3188; x_wconf 87' lang='lat' dir='ltr'>ﬁdens,</span> <span class='ocrx_word' id='word_1_441' title='bbox 3273 3125 3488 3180; x_wconf 91' lang='lat' dir='ltr'>auditis</span> <span class='ocrx_word' id='word_1_442' title='bbox 3518 3127 3636 3199; x_wconf 83' lang='lat' dir='ltr'>his,</span> 
     </span>
    </p>
   </div>
   <div class='ocr_carea' id='block_1_31' title="bbox 236 3205 3639 3281">
    <p class='ocr_par' dir='ltr' id='par_1_31' title="bbox 236 3205 3639 3281">
     <span class='ocr_line' id='line_1_31' title="bbox 236 3205 3639 3281; baseline 0.001 -15"><span class='ocrx_word' id='word_1_443' title='bbox 236 3212 486 3267; x_wconf 89' lang='lat' dir='ltr'>honoret</span> <span class='ocrx_word' id='word_1_444' title='bbox 515 3224 798 3280; x_wconf 85' lang='lat' dir='ltr'>magnum</span> <span class='ocrx_word' id='word_1_445' title='bbox 825 3224 891 3262; x_wconf 89' lang='lat' dir='ltr'>ac</span> <span class='ocrx_word' id='word_1_446' title='bbox 922 3206 1187 3262; x_wconf 74' lang='lat' dir='ltr'>mirabile</span> <span class='ocrx_word' id='word_1_447' title='bbox 1217 3212 1273 3262; x_wconf 90' lang='lat' dir='ltr'>et</span> <span class='ocrx_word' id='word_1_448' title='bbox 1301 3211 1571 3262; x_wconf 88' lang='lat' dir='ltr'>sanctum</span> <span class='ocrx_word' id='word_1_449' title='bbox 1605 3206 1715 3277; x_wconf 89' lang='lat'>(37)</span> <span class='ocrx_word' id='word_1_450' title='bbox 1748 3221 1959 3260; x_wconf 89' lang='lat' dir='ltr'>nomen</span> <span class='ocrx_word' id='word_1_451' title='bbox 1991 3206 2140 3276; x_wconf 89' lang='lat' dir='ltr'>ejus.</span> <span class='ocrx_word' id='word_1_452' title='bbox 2186 3205 2357 3272; x_wconf 87' lang='lat' dir='ltr'>Audi,</span> <span class='ocrx_word' id='word_1_453' title='bbox 2408 3206 2616 3277; x_wconf 90' lang='lat' dir='ltr'>inquit,</span> <span class='ocrx_word' id='word_1_454' title='bbox 2666 3209 3002 3265; x_wconf 86' lang='lat' dir='ltr'>varietatem</span> <span class='ocrx_word' id='word_1_455' title='bbox 3050 3210 3163 3281; x_wconf 89' lang='grc'>(38)</span> <span class='ocrx_word' id='word_1_456' title='bbox 3212 3212 3421 3268; x_wconf 90' lang='lat' dir='ltr'>horum</span> <span class='ocrx_word' id='word_1_457' title='bbox 3475 3232 3639 3272; x_wconf 88' lang='lat' dir='ltr'>mon-</span> 
     </span>
    </p>
   </div>
   <div class='ocr_carea' id='block_1_32' title="bbox 236 3296 1271 3368">
    <p class='ocr_par' dir='ltr' id='par_1_32' title="bbox 236 3296 1271 3368">
     <span class='ocr_line' id='line_1_32' title="bbox 236 3296 1271 3368; baseline -0.006 -13"><span class='ocrx_word' id='word_1_458' title='bbox 236 3300 411 3367; x_wconf 89' lang='lat' dir='ltr'>tium,</span> <span class='ocrx_word' id='word_1_459' title='bbox 444 3298 504 3353; x_wconf 91' lang='lat' dir='ltr'>id</span> <span class='ocrx_word' id='word_1_460' title='bbox 533 3302 621 3353; x_wconf 86' lang='lat' dir='ltr'>est</span> <span class='ocrx_word' id='word_1_461' title='bbox 649 3296 955 3352; x_wconf 89' lang='lat' dir='ltr'>duodecim</span> <span class='ocrx_word' id='word_1_462' title='bbox 987 3297 1271 3368; x_wconf 89' lang='lat' dir='ltr'>gentium.</span> 
     </span>
    </p>
   </div>
   <div class='ocr_carea' id='block_1_33' title="bbox 1731 3392 2150 3449">
    <p class='ocr_par' dir='ltr' id='par_1_33' title="bbox 1731 3392 2150 3449">
     <span class='ocr_line' id='line_1_33' title="bbox 1731 3392 2150 3449; baseline -0.005 -1"><span class='ocrx_word' id='word_1_463' title='bbox 1731 3392 1962 3449; x_wconf 87' lang='lat' dir='ltr'>CAPUT</span> <span class='ocrx_word' id='word_1_464' title='bbox 2009 3392 2150 3446; x_wconf 85' lang='lat' dir='ltr'>XIX.</span> 
     </span>
    </p>
   </div>
   <div class='ocr_carea' id='block_1_34' title="bbox 317 3491 3640 3572">
    <p class='ocr_par' dir='ltr' id='par_1_34' title="bbox 317 3491 3640 3572">
     <span class='ocr_line' id='line_1_34' title="bbox 317 3491 3640 3572; baseline 0.002 -22"><span class='ocrx_word' id='word_1_465' title='bbox 317 3495 399 3550; x_wconf 87' lang='lat' dir='ltr'>De</span> <span class='ocrx_word' id='word_1_466' title='bbox 430 3492 617 3566; x_wconf 91' lang='lat' dir='ltr'>primo</span> <span class='ocrx_word' id='word_1_467' title='bbox 648 3496 846 3548; x_wconf 88' lang='lat' dir='ltr'>monte</span> <span class='ocrx_word' id='word_1_468' title='bbox 877 3492 1043 3564; x_wconf 89' lang='lat' dir='ltr'>nigro</span> <span class='ocrx_word' id='word_1_469' title='bbox 1078 3508 1089 3545; x_wconf 95' lang='lat'>:</span> <span class='ocrx_word' id='word_1_470' title='bbox 1125 3491 1224 3564; x_wconf 93' lang='lat' dir='ltr'>qui</span> <span class='ocrx_word' id='word_1_471' title='bbox 1276 3491 1672 3557; x_wconf 91' lang='lat' dir='ltr'>crediderunt,</span> <span class='ocrx_word' id='word_1_472' title='bbox 1705 3491 2024 3562; x_wconf 67' lang='lat' dir='ltr'>transfugas</span> <span class='ocrx_word' id='word_1_473' title='bbox 2074 3496 2233 3556; x_wconf 91' lang='lat' dir='ltr'>sunt,</span> <span class='ocrx_word' id='word_1_474' title='bbox 2267 3507 2331 3545; x_wconf 89' lang='lat' dir='ltr'>ac</span> <span class='ocrx_word' id='word_1_475' title='bbox 2357 3491 2606 3547; x_wconf 82' lang='lat' dir='ltr'>nefanda</span> <span class='ocrx_word' id='word_1_476' title='bbox 2636 3491 2693 3546; x_wconf 88' lang='lat' dir='ltr'>in</span> <span class='ocrx_word' id='word_1_477' title='bbox 2725 3492 3037 3550; x_wconf 90' lang='lat' dir='ltr'>Dominum</span> <span class='ocrx_word' id='word_1_478' title='bbox 3087 3495 3392 3568; x_wconf 87' lang='lat' dir='ltr'>loquentes</span> <span class='ocrx_word' id='word_1_479' title='bbox 3423 3505 3479 3555; x_wconf 91' lang='lat' dir='ltr'>et</span> <span class='ocrx_word' id='word_1_480' title='bbox 3507 3517 3640 3572; x_wconf 91' lang='lat' dir='ltr'>pro-</span> 
     </span>
    </p>
   </div>
   <div class='ocr_carea' id='block_1_35' title="bbox 241 3580 3641 3661">
    <p class='ocr_par' dir='ltr' id='par_1_35' title="bbox 241 3580 3641 3661">
     <span class='ocr_line' id='line_1_35' title="bbox 241 3580 3641 3661; baseline 0.001 -20"><span class='ocrx_word' id='word_1_481' title='bbox 241 3584 466 3641; x_wconf 86' lang='lat' dir='ltr'>ditores</span> <span class='ocrx_word' id='word_1_482' title='bbox 496 3583 608 3653; x_wconf 88' lang='lat'>(39)</span> <span class='ocrx_word' id='word_1_483' title='bbox 660 3598 959 3637; x_wconf 91' lang='lat' dir='ltr'>servorum</span> <span class='ocrx_word' id='word_1_484' title='bbox 991 3580 1112 3636; x_wconf 90' lang='lat' dir='ltr'>Dei.</span> <span class='ocrx_word' id='word_1_485' title='bbox 1152 3580 1266 3636; x_wconf 90' lang='lat' dir='ltr'>Illis</span> <span class='ocrx_word' id='word_1_486' title='bbox 1318 3581 1613 3652; x_wconf 86' lang='lat' dir='ltr'>proposita</span> <span class='ocrx_word' id='word_1_487' title='bbox 1644 3597 1801 3635; x_wconf 90' lang='lat' dir='ltr'>mors</span> <span class='ocrx_word' id='word_1_488' title='bbox 1832 3584 1943 3645; x_wconf 89' lang='lat' dir='ltr'>est,</span> <span class='ocrx_word' id='word_1_489' title='bbox 1974 3580 2312 3650; x_wconf 76' lang='lat' dir='ltr'>poenitentia</span> <span class='ocrx_word' id='word_1_490' title='bbox 2341 3597 2454 3634; x_wconf 89' lang='lat' dir='ltr'>non</span> <span class='ocrx_word' id='word_1_491' title='bbox 2503 3582 2857 3652; x_wconf 90' lang='lat' dir='ltr'>est,ideoque</span> <span class='ocrx_word' id='word_1_492' title='bbox 2886 3584 3035 3655; x_wconf 90' lang='lat' dir='ltr'>nigri</span> <span class='ocrx_word' id='word_1_493' title='bbox 3068 3591 3207 3640; x_wconf 90' lang='lat' dir='ltr'>sunt</span> <span class='ocrx_word' id='word_1_494' title='bbox 3234 3604 3246 3652; x_wconf 87' lang='lat'><strong>;</strong></span> <span class='ocrx_word' id='word_1_495' title='bbox 3276 3588 3413 3657; x_wconf 92' lang='lat' dir='ltr'>quia</span> <span class='ocrx_word' id='word_1_496' title='bbox 3455 3605 3641 3661; x_wconf 89' lang='lat' dir='ltr'>genus</span> 
     </span>
    </p>
   </div>
   <div class='ocr_carea' id='block_1_36' title="bbox 242 3667 3646 3741">
    <p class='ocr_par' dir='ltr' id='par_1_36' title="bbox 242 3667 3646 3741">
     <span class='ocr_line' id='line_1_36' title="bbox 242 3667 3646 3741; baseline 0.001 -10"><span class='ocrx_word' id='word_1_497' title='bbox 242 3690 448 3731; x_wconf 89' lang='lat' dir='ltr'>eorum</span> <span class='ocrx_word' id='word_1_498' title='bbox 481 3671 793 3727; x_wconf 88' lang='lat' dir='ltr'>scelestum</span> <span class='ocrx_word' id='word_1_499' title='bbox 824 3676 931 3726; x_wconf 90' lang='lat' dir='ltr'>est.</span> <span class='ocrx_word' id='word_1_500' title='bbox 965 3670 1046 3725; x_wconf 90' lang='lat' dir='ltr'>De</span> <span class='ocrx_word' id='word_1_501' title='bbox 1076 3671 1332 3725; x_wconf 89' lang='lat' dir='ltr'>secundo</span> <span class='ocrx_word' id='word_1_502' title='bbox 1372 3686 1504 3725; x_wconf 92' lang='lat' dir='ltr'>vero</span> <span class='ocrx_word' id='word_1_503' title='bbox 1538 3674 1734 3724; x_wconf 90' lang='lat' dir='ltr'>monte</span> <span class='ocrx_word' id='word_1_504' title='bbox 1768 3667 2036 3740; x_wconf 89' lang='lat' dir='ltr'>glabroso</span> <span class='ocrx_word' id='word_1_505' title='bbox 2068 3669 2181 3739; x_wconf 86' lang='grc'>(40)</span> <span class='ocrx_word' id='word_1_506' title='bbox 2216 3684 2227 3722; x_wconf 90' lang='lat'><strong>:</strong></span> <span class='ocrx_word' id='word_1_507' title='bbox 2263 3669 2377 3723; x_wconf 88' lang='lat' dir='ltr'>ﬁcti</span> <span class='ocrx_word' id='word_1_508' title='bbox 2411 3674 2545 3723; x_wconf 90' lang='lat' dir='ltr'>sunt</span> <span class='ocrx_word' id='word_1_509' title='bbox 2575 3670 2674 3741; x_wconf 91' lang='lat' dir='ltr'>qui</span> <span class='ocrx_word' id='word_1_510' title='bbox 2704 3672 3096 3739; x_wconf 82' lang='lat' dir='ltr'>crediderunt,</span> <span class='ocrx_word' id='word_1_511' title='bbox 3129 3679 3186 3729; x_wconf 91' lang='lat' dir='ltr'>et</span> <span class='ocrx_word' id='word_1_512' title='bbox 3214 3676 3478 3733; x_wconf 90' lang='lat' dir='ltr'>doctores</span> <span class='ocrx_word' id='word_1_513' title='bbox 3506 3682 3646 3733; x_wconf 89' lang='lat' dir='ltr'>sunt</span> 
     </span>
    </p>
   </div>
   <div class='ocr_carea' id='block_1_37' title="bbox 242 3758 3638 3834">
    <p class='ocr_par' dir='ltr' id='par_1_37' title="bbox 242 3758 3638 3834">
     <span class='ocr_line' id='line_1_37' title="bbox 242 3758 3638 3834; baseline 0.001 -14"><span class='ocrx_word' id='word_1_514' title='bbox 242 3762 556 3834; x_wconf 77' lang='lat' dir='ltr'>nequitias;</span> <span class='ocrx_word' id='word_1_515' title='bbox 588 3764 645 3816; x_wconf 92' lang='lat' dir='ltr'>et</span> <span class='ocrx_word' id='word_1_516' title='bbox 690 3760 748 3815; x_wconf 90' lang='lat' dir='ltr'>hi</span> <span class='ocrx_word' id='word_1_517' title='bbox 780 3759 1026 3831; x_wconf 87' lang='lat' dir='ltr'>proximi</span> <span class='ocrx_word' id='word_1_518' title='bbox 1074 3764 1213 3815; x_wconf 90' lang='lat' dir='ltr'>sunt</span> <span class='ocrx_word' id='word_1_519' title='bbox 1243 3759 1665 3832; x_wconf 90' lang='lat' dir='ltr'>superioribus,</span> <span class='ocrx_word' id='word_1_520' title='bbox 1698 3775 1813 3814; x_wconf 91' lang='lat' dir='ltr'>non</span> <span class='ocrx_word' id='word_1_521' title='bbox 1857 3758 2138 3812; x_wconf 88' lang='lat' dir='ltr'>habentes</span> <span class='ocrx_word' id='word_1_522' title='bbox 2170 3758 2319 3812; x_wconf 90' lang='lat' dir='ltr'>inter</span> <span class='ocrx_word' id='word_1_523' title='bbox 2365 3774 2427 3812; x_wconf 90' lang='lat' dir='ltr'>se</span> <span class='ocrx_word' id='word_1_524' title='bbox 2456 3759 2709 3813; x_wconf 83' lang='lat' dir='ltr'>fructum</span> <span class='ocrx_word' id='word_1_525' title='bbox 2744 3760 3047 3830; x_wconf 74' lang='lat' dir='ltr'>aequitatis.</span> <span class='ocrx_word' id='word_1_526' title='bbox 3079 3763 3243 3818; x_wconf 88' lang='lat' dir='ltr'>Sicut</span> <span class='ocrx_word' id='word_1_527' title='bbox 3272 3764 3427 3820; x_wconf 90' lang='lat' dir='ltr'>enim</span> <span class='ocrx_word' id='word_1_528' title='bbox 3468 3783 3638 3822; x_wconf 89' lang='lat' dir='ltr'>mons</span> 
     </span>
    </p>
   </div>
   <div class='ocr_carea' id='block_1_38' title="bbox 246 3846 3642 3924">
    <p class='ocr_par' dir='ltr' id='par_1_38' title="bbox 246 3846 3642 3924">
     <span class='ocr_line' id='line_1_38' title="bbox 246 3846 3642 3924; baseline 0.001 -16"><span class='ocrx_word' id='word_1_529' title='bbox 246 3868 455 3908; x_wconf 88' lang='lat' dir='ltr'>eorum</span> <span class='ocrx_word' id='word_1_530' title='bbox 505 3848 718 3905; x_wconf 86' lang='lat' dir='ltr'>sterilis</span> <span class='ocrx_word' id='word_1_531' title='bbox 748 3854 836 3905; x_wconf 89' lang='lat' dir='ltr'>est</span> <span class='ocrx_word' id='word_1_532' title='bbox 890 3850 1024 3920; x_wconf 86' lang='grc'>(41),</span> <span class='ocrx_word' id='word_1_533' title='bbox 1071 3866 1137 3904; x_wconf 88' lang='lat' dir='ltr'>ac</span> <span class='ocrx_word' id='word_1_534' title='bbox 1184 3848 1310 3904; x_wconf 86' lang='lat' dir='ltr'>sine</span> <span class='ocrx_word' id='word_1_535' title='bbox 1362 3850 1591 3917; x_wconf 79' lang='lat' dir='ltr'>fructu;</span> <span class='ocrx_word' id='word_1_536' title='bbox 1626 3849 1704 3902; x_wconf 92' lang='lat' dir='ltr'>ita</span> <span class='ocrx_word' id='word_1_537' title='bbox 1751 3853 1808 3903; x_wconf 90' lang='lat' dir='ltr'>et</span> <span class='ocrx_word' id='word_1_538' title='bbox 1837 3846 2176 3917; x_wconf 88' lang='lat' dir='ltr'>hujusmodi</span> <span class='ocrx_word' id='word_1_539' title='bbox 2224 3846 2487 3902; x_wconf 89' lang='lat' dir='ltr'>homines</span> <span class='ocrx_word' id='word_1_540' title='bbox 2537 3847 2754 3903; x_wconf 89' lang='lat' dir='ltr'>habent</span> <span class='ocrx_word' id='word_1_541' title='bbox 2801 3850 3035 3921; x_wconf 88' lang='lat' dir='ltr'>quidem</span> <span class='ocrx_word' id='word_1_542' title='bbox 3084 3868 3317 3924; x_wconf 88' lang='lat' dir='ltr'>nomen,</span> <span class='ocrx_word' id='word_1_543' title='bbox 3353 3854 3463 3910; x_wconf 88' lang='lat' dir='ltr'>ﬁde</span> <span class='ocrx_word' id='word_1_544' title='bbox 3508 3872 3642 3911; x_wconf 91' lang='lat' dir='ltr'>vero</span> 
     </span>
    </p>
   </div>
   <div class='ocr_carea' id='block_1_39' title="bbox 245 3936 3649 4014">
    <p class='ocr_par' dir='ltr' id='par_1_39' title="bbox 245 3936 3649 4014">
     <span class='ocr_line' id='line_1_39' title="bbox 245 3936 3649 4014; baseline 0 -17"><span class='ocrx_word' id='word_1_545' title='bbox 245 3943 456 3997; x_wconf 86' lang='lat' dir='ltr'>inanes</span> <span class='ocrx_word' id='word_1_546' title='bbox 488 3944 645 4009; x_wconf 88' lang='lat' dir='ltr'>sunt,</span> <span class='ocrx_word' id='word_1_547' title='bbox 680 3954 867 4008; x_wconf 89' lang='lat' dir='ltr'>neque</span> <span class='ocrx_word' id='word_1_548' title='bbox 896 3943 984 3993; x_wconf 91' lang='lat' dir='ltr'>est</span> <span class='ocrx_word' id='word_1_549' title='bbox 1015 3939 1073 3992; x_wconf 90' lang='lat' dir='ltr'>in</span> <span class='ocrx_word' id='word_1_550' title='bbox 1107 3939 1190 3994; x_wconf 92' lang='lat' dir='ltr'>eis</span> <span class='ocrx_word' id='word_1_551' title='bbox 1221 3937 1375 3993; x_wconf 90' lang='lat' dir='ltr'>ullus</span> <span class='ocrx_word' id='word_1_552' title='bbox 1408 3938 1630 3993; x_wconf 86' lang='lat' dir='ltr'>fructus</span> <span class='ocrx_word' id='word_1_553' title='bbox 1661 3936 1938 3992; x_wconf 90' lang='lat' dir='ltr'>veritatis.</span> <span class='ocrx_word' id='word_1_554' title='bbox 1977 3936 2073 3990; x_wconf 84' lang='lat' dir='ltr'>His</span> <span class='ocrx_word' id='word_1_555' title='bbox 2103 3940 2300 3990; x_wconf 86' lang='lat' dir='ltr'>tamen</span> <span class='ocrx_word' id='word_1_556' title='bbox 2330 3936 2465 3990; x_wconf 89' lang='lat' dir='ltr'>data</span> <span class='ocrx_word' id='word_1_557' title='bbox 2494 3941 2584 3991; x_wconf 91' lang='lat' dir='ltr'>est</span> <span class='ocrx_word' id='word_1_558' title='bbox 2606 3937 2965 4008; x_wconf 75' lang='lat' dir='ltr'>pomitentia,</span> <span class='ocrx_word' id='word_1_559' title='bbox 2996 3939 3042 3995; x_wconf 92' lang='lat' dir='ltr'>si</span> <span class='ocrx_word' id='word_1_560' title='bbox 3075 3941 3187 3995; x_wconf 93' lang='lat' dir='ltr'>cito</span> <span class='ocrx_word' id='word_1_561' title='bbox 3217 3958 3344 3997; x_wconf 89' lang='lat' dir='ltr'>eam</span> <span class='ocrx_word' id='word_1_562' title='bbox 3384 3960 3649 4014; x_wconf 88' lang='lat' dir='ltr'>sequun-</span> 
     </span>
    </p>
   </div>
   <div class='ocr_carea' id='block_1_40' title="bbox 245 4025 3641 4101">
    <p class='ocr_par' dir='ltr' id='par_1_40' title="bbox 245 4025 3641 4101">
     <span class='ocr_line' id='line_1_40' title="bbox 245 4025 3641 4101; baseline 0.001 -17"><span class='ocrx_word' id='word_1_563' title='bbox 245 4036 345 4085; x_wconf 88' lang='lat' dir='ltr'>tur</span> <span class='ocrx_word' id='word_1_564' title='bbox 379 4047 392 4085; x_wconf 92' lang='lat'>:</span> <span class='ocrx_word' id='word_1_565' title='bbox 427 4029 515 4083; x_wconf 91' lang='lat' dir='ltr'>sin</span> <span class='ocrx_word' id='word_1_566' title='bbox 547 4032 741 4082; x_wconf 88' lang='lat' dir='ltr'>autem</span> <span class='ocrx_word' id='word_1_567' title='bbox 800 4027 1052 4093; x_wconf 85' lang='lat' dir='ltr'>tardant,</span> <span class='ocrx_word' id='word_1_568' title='bbox 1085 4031 1256 4082; x_wconf 86' lang='lat' dir='ltr'>erunt</span> <span class='ocrx_word' id='word_1_569' title='bbox 1302 4033 1358 4082; x_wconf 91' lang='lat' dir='ltr'>et</span> <span class='ocrx_word' id='word_1_570' title='bbox 1390 4027 1501 4098; x_wconf 90' lang='lat' dir='ltr'>ipsi</span> <span class='ocrx_word' id='word_1_571' title='bbox 1551 4026 1756 4081; x_wconf 91' lang='lat' dir='ltr'>mortis</span> <span class='ocrx_word' id='word_1_572' title='bbox 1790 4025 2049 4097; x_wconf 87' lang='lat' dir='ltr'>priorum</span> <span class='ocrx_word' id='word_1_573' title='bbox 2095 4029 2415 4080; x_wconf 89' lang='lat' dir='ltr'>consortes.</span> <span class='ocrx_word' id='word_1_574' title='bbox 2446 4025 2653 4095; x_wconf 88' lang='lat' dir='ltr'>Quare,</span> <span class='ocrx_word' id='word_1_575' title='bbox 2687 4029 2949 4097; x_wconf 84' lang='lat' dir='ltr'>inquam,</span> <span class='ocrx_word' id='word_1_576' title='bbox 3006 4029 3261 4095; x_wconf 90' lang='lat' dir='ltr'>domine,</span> <span class='ocrx_word' id='word_1_577' title='bbox 3292 4030 3365 4085; x_wconf 90' lang='lat' dir='ltr'>iis</span> <span class='ocrx_word' id='word_1_578' title='bbox 3404 4032 3641 4101; x_wconf 88' lang='lat' dir='ltr'>quidem</span> 
     </span>
    </p>
   </div>
   <div class='ocr_carea' id='block_1_41' title="bbox 248 4113 3650 4191">
    <p class='ocr_par' dir='ltr' id='par_1_41' title="bbox 248 4113 3650 4191">
     <span class='ocr_line' id='line_1_41' title="bbox 248 4113 3650 4191; baseline 0.001 -17"><span class='ocrx_word' id='word_1_579' title='bbox 248 4118 451 4174; x_wconf 88' lang='lat' dir='ltr'>aditus</span> <span class='ocrx_word' id='word_1_580' title='bbox 482 4122 569 4172; x_wconf 89' lang='lat' dir='ltr'>est</span> <span class='ocrx_word' id='word_1_581' title='bbox 598 4117 671 4172; x_wconf 89' lang='lat' dir='ltr'>ad</span> <span class='ocrx_word' id='word_1_582' title='bbox 704 4116 1125 4187; x_wconf 73' lang='lat' dir='ltr'>paenitentiam,</span> <span class='ocrx_word' id='word_1_583' title='bbox 1159 4116 1450 4187; x_wconf 90' lang='lat' dir='ltr'>prioribus</span> <span class='ocrx_word' id='word_1_584' title='bbox 1481 4133 1615 4171; x_wconf 88' lang='lat' dir='ltr'>vero</span> <span class='ocrx_word' id='word_1_585' title='bbox 1647 4132 1761 4170; x_wconf 90' lang='lat' dir='ltr'>non</span> <span class='ocrx_word' id='word_1_586' title='bbox 1796 4118 1882 4170; x_wconf 88' lang='lat' dir='ltr'>est</span> <span class='ocrx_word' id='word_1_587' title='bbox 1905 4115 1933 4167; x_wconf 71' lang='grc' dir='ltr'><em>Ἰ</em></span> <span class='ocrx_word' id='word_1_588' title='bbox 1966 4130 2110 4185; x_wconf 90' lang='lat' dir='ltr'>pene</span> <span class='ocrx_word' id='word_1_589' title='bbox 2140 4113 2293 4168; x_wconf 88' lang='lat' dir='ltr'>enim</span> <span class='ocrx_word' id='word_1_590' title='bbox 2326 4130 2528 4169; x_wconf 89' lang='lat' dir='ltr'>eorum</span> <span class='ocrx_word' id='word_1_591' title='bbox 2558 4114 2758 4170; x_wconf 89' lang='lat' dir='ltr'>eadem</span> <span class='ocrx_word' id='word_1_592' title='bbox 2790 4121 2929 4171; x_wconf 88' lang='lat' dir='ltr'>sunt</span> <span class='ocrx_word' id='word_1_593' title='bbox 2955 4118 3231 4174; x_wconf 89' lang='lat' dir='ltr'>admissa.</span> <span class='ocrx_word' id='word_1_594' title='bbox 3253 4119 3408 4187; x_wconf 92' lang='lat' dir='ltr'>Ideo,</span> <span class='ocrx_word' id='word_1_595' title='bbox 3433 4119 3650 4191; x_wconf 87' lang='lat' dir='ltr'>inquit,</span> 
     </span>
    </p>
   </div>
   <div class='ocr_carea' id='block_1_42' title="bbox 249 4202 3642 4277">
    <p class='ocr_par' dir='ltr' id='par_1_42' title="bbox 249 4202 3642 4277">
     <span class='ocr_line' id='line_1_42' title="bbox 249 4202 3642 4277; baseline 0.001 -14"><span class='ocrx_word' id='word_1_596' title='bbox 249 4213 345 4263; x_wconf 86' lang='lat' dir='ltr'>est</span> <span class='ocrx_word' id='word_1_597' title='bbox 374 4206 468 4261; x_wconf 89' lang='lat' dir='ltr'>his</span> <span class='ocrx_word' id='word_1_598' title='bbox 497 4222 599 4276; x_wconf 74' lang='lat' dir='ltr'>per</span> <span class='ocrx_word' id='word_1_599' title='bbox 629 4204 1030 4276; x_wconf 79' lang='lat' dir='ltr'>paenitentiam</span> <span class='ocrx_word' id='word_1_600' title='bbox 1063 4204 1173 4276; x_wconf 87' lang='grc'>(42)</span> <span class='ocrx_word' id='word_1_601' title='bbox 1204 4220 1506 4277; x_wconf 89' lang='lat' dir='ltr'>regressus</span> <span class='ocrx_word' id='word_1_602' title='bbox 1538 4205 1609 4259; x_wconf 91' lang='lat' dir='ltr'>ad</span> <span class='ocrx_word' id='word_1_603' title='bbox 1632 4203 2090 4274; x_wconf 70' lang='lat' dir='ltr'>vitam,quia(43)</span> <span class='ocrx_word' id='word_1_604' title='bbox 2122 4202 2266 4257; x_wconf 89' lang='lat' dir='ltr'>nihil</span> <span class='ocrx_word' id='word_1_605' title='bbox 2302 4202 2358 4257; x_wconf 90' lang='lat' dir='ltr'>in</span> <span class='ocrx_word' id='word_1_606' title='bbox 2394 4203 2702 4258; x_wconf 87' lang='lat' dir='ltr'>Dominum</span> <span class='ocrx_word' id='word_1_607' title='bbox 2734 4221 2909 4260; x_wconf 91' lang='lat' dir='ltr'>suum</span> <span class='ocrx_word' id='word_1_608' title='bbox 2940 4204 3120 4261; x_wconf 88' lang='lat' dir='ltr'>locuti</span> <span class='ocrx_word' id='word_1_609' title='bbox 3151 4211 3290 4261; x_wconf 90' lang='lat' dir='ltr'>sunt</span> <span class='ocrx_word' id='word_1_610' title='bbox 3321 4208 3642 4265; x_wconf 88' lang='lat' dir='ltr'>nefandum</span> 
     </span>
    </p>
   </div>
   <div class='ocr_carea' id='block_1_43' title="bbox 249 4291 3645 4369">
    <p class='ocr_par' dir='ltr' id='par_1_43' title="bbox 249 4291 3645 4369">
     <span class='ocr_line' id='line_1_43' title="bbox 249 4291 3645 4369; baseline 0.001 -17"><span class='ocrx_word' id='word_1_611' title='bbox 249 4311 444 4367; x_wconf 86' lang='lat' dir='ltr'>neque</span> <span class='ocrx_word' id='word_1_612' title='bbox 473 4293 796 4365; x_wconf 89' lang='lat' dir='ltr'>proditores</span> <span class='ocrx_word' id='word_1_613' title='bbox 825 4309 1126 4349; x_wconf 90' lang='lat' dir='ltr'>servorum</span> <span class='ocrx_word' id='word_1_614' title='bbox 1155 4292 1257 4348; x_wconf 88' lang='lat' dir='ltr'>Dei</span> <span class='ocrx_word' id='word_1_615' title='bbox 1287 4293 1669 4349; x_wconf 81' lang='lat' dir='ltr'>fueruntzsed</span> <span class='ocrx_word' id='word_1_616' title='bbox 1701 4310 1804 4364; x_wconf 90' lang='lat' dir='ltr'>per</span> <span class='ocrx_word' id='word_1_617' title='bbox 1827 4291 2142 4363; x_wconf 88' lang='lat' dir='ltr'>quamdam</span> <span class='ocrx_word' id='word_1_618' title='bbox 2175 4291 2412 4347; x_wconf 85' lang='lat' dir='ltr'>habenti</span> <span class='ocrx_word' id='word_1_619' title='bbox 2444 4291 2555 4363; x_wconf 85' lang='grc'>(44)</span> <span class='ocrx_word' id='word_1_620' title='bbox 2588 4291 2966 4364; x_wconf 89' lang='lat' dir='ltr'>cupiditatem</span> <span class='ocrx_word' id='word_1_621' title='bbox 2995 4294 3324 4352; x_wconf 82' lang='lat' dir='ltr'>fefellerunt</span> <span class='ocrx_word' id='word_1_622' title='bbox 3351 4296 3645 4369; x_wconf 89' lang='lat' dir='ltr'>homines,</span> 
     </span>
    </p>
   </div>
   <div class='ocr_carea' id='block_1_44' title="bbox 325 4382 861 4452">
    <p class='ocr_par' dir='ltr' id='par_1_44' title="bbox 325 4382 861 4452">
     <span class='ocr_line' id='line_1_44' title="bbox 325 4382 861 4452; baseline -0.006 -12"><span class='ocrx_word' id='word_1_623' title='bbox 325 4385 369 4419; x_wconf 77' lang='grc'>⁸⁷</span> <span class='ocrx_word' id='word_1_624' title='bbox 401 4385 469 4439; x_wconf 94' lang='grc' dir='ltr'>ΙΙ.</span> <span class='ocrx_word' id='word_1_625' title='bbox 501 4383 650 4439; x_wconf 88' lang='lat' dir='ltr'>Tim.</span> <span class='ocrx_word' id='word_1_626' title='bbox 682 4400 745 4452; x_wconf 84' lang='lat' dir='ltr'>II,</span> <span class='ocrx_word' id='word_1_627' title='bbox 775 4382 861 4437; x_wconf 85' lang='grc'>19.</span> 
     </span>
    </p>
   </div>
   <div class='ocr_carea' id='block_1_45' title="bbox 1396 4469 2462 4526">
    <p class='ocr_par' dir='ltr' id='par_1_45' title="bbox 1396 4469 2462 4526">
     <span class='ocr_line' id='line_1_45' title="bbox 1396 4469 2462 4526; baseline -0.001 -1"><span class='ocrx_word' id='word_1_628' title='bbox 1396 4471 1635 4526; x_wconf 66' lang='lat' dir='ltr'>VARI/IS</span> <span class='ocrx_word' id='word_1_629' title='bbox 1674 4470 2063 4526; x_wconf 87' lang='lat' dir='ltr'>LECTIONES</span> <span class='ocrx_word' id='word_1_630' title='bbox 2101 4469 2191 4524; x_wconf 91' lang='lat' dir='ltr'><strong>ET</strong></span> <span class='ocrx_word' id='word_1_631' title='bbox 2229 4469 2462 4525; x_wconf 68' lang='lat' dir='ltr'>NOTAE.</span> 
     </span>
    </p>
   </div>
   <div class='ocr_carea' id='block_1_46' title="bbox 330 4576 3547 4651">
    <p class='ocr_par' dir='ltr' id='par_1_46' title="bbox 330 4576 3547 4651">
     <span class='ocr_line' id='line_1_46' title="bbox 330 4576 3547 4651; baseline 0.002 -16"><span class='ocrx_word' id='word_1_632' title='bbox 330 4579 423 4651; x_wconf 84' lang='grc'>24)</span> <span class='ocrx_word' id='word_1_633' title='bbox 472 4581 686 4635; x_wconf 76' lang='lat' dir='ltr'>Auctor</span> <span class='ocrx_word' id='word_1_634' title='bbox 742 4578 932 4649; x_wconf 79' lang='lat' dir='ltr'>Operis</span> <span class='ocrx_word' id='word_1_635' title='bbox 954 4648 967 4651; x_wconf 86' lang='lat'><strong><em>_</em></strong></span> <span class='ocrx_word' id='word_1_636' title='bbox 988 4580 1208 4649; x_wconf 76' lang='lat' dir='ltr'>:mperf.</span> <span class='ocrx_word' id='word_1_637' title='bbox 1269 4580 1328 4633; x_wconf 87' lang='lat' dir='ltr'>in</span> <span class='ocrx_word' id='word_1_638' title='bbox 1379 4579 1573 4634; x_wconf 77' lang='lat' dir='ltr'>Matth.</span> <span class='ocrx_word' id='word_1_639' title='bbox 1633 4578 1847 4651; x_wconf 44' lang='lat'>311928</span> <span class='ocrx_word' id='word_1_640' title='bbox 1880 4595 1898 4631; x_wconf 91' lang='lat'><strong><em>:</em></strong></span> <span class='ocrx_word' id='word_1_641' title='bbox 2078 4576 2189 4651; x_wconf 75' lang='grc'>(33)</span> <span class='ocrx_word' id='word_1_642' title='bbox 2221 4577 2423 4651; x_wconf 87' lang='lat' dir='ltr'>Lamb.</span> <span class='ocrx_word' id='word_1_643' title='bbox 2455 4582 2507 4651; x_wconf 79' lang='lat' dir='ltr'>ct</span> <span class='ocrx_word' id='word_1_644' title='bbox 2537 4580 2647 4651; x_wconf 69' lang='lat' dir='ltr'>erit</span> <span class='ocrx_word' id='word_1_645' title='bbox 2674 4594 2868 4651; x_wconf 80' lang='lat' dir='ltr'>corpus</span> <span class='ocrx_word' id='word_1_646' title='bbox 2896 4583 3013 4650; x_wconf 72' lang='lat' dir='ltr'>eius</span> <span class='ocrx_word' id='word_1_647' title='bbox 3038 4601 3182 4640; x_wconf 80' lang='lat' dir='ltr'>unus</span> <span class='ocrx_word' id='word_1_648' title='bbox 3213 4585 3547 4640; x_wconf 79' lang='lat' dir='ltr'>intellectus.</span> 
     </span>
    </p>
   </div>
   <div class='ocr_carea' id='block_1_47' title="bbox 259 4648 2811 4723">
    <p class='ocr_par' dir='ltr' id='par_1_47' title="bbox 259 4648 2811 4723">
     <span class='ocr_line' id='line_1_47' title="bbox 259 4648 2811 4723; baseline -0.001 -14"><span class='ocrx_word' id='word_1_649' title='bbox 259 4648 554 4723; x_wconf 75' lang='lat' dir='ltr'>Quoniam,</span> <span class='ocrx_word' id='word_1_650' title='bbox 604 4648 814 4720; x_wconf 83' lang='lat' dir='ltr'>inquit,</span> <span class='ocrx_word' id='word_1_651' title='bbox 860 4648 1179 4706; x_wconf 70' lang='lat' dir='ltr'>Iudaeorum</span> <span class='ocrx_word' id='word_1_652' title='bbox 1231 4651 1463 4721; x_wconf 80' lang='lat' dir='ltr'>populus</span> <span class='ocrx_word' id='word_1_653' title='bbox 1507 4650 1898 4723; x_wconf 9' lang='lat' dir='ltr'>inrduodccim</span> <span class='ocrx_word' id='word_1_654' title='bbox 2078 4648 2190 4723; x_wconf 72' lang='grc'>(34)</span> <span class='ocrx_word' id='word_1_655' title='bbox 2229 4648 2422 4723; x_wconf 57' lang='lat' dir='ltr'>Lamb.</span> <span class='ocrx_word' id='word_1_656' title='bbox 2460 4648 2811 4723; x_wconf 68' lang='lat' dir='ltr'>laudabitur.</span> 
     </span>
    </p>
   </div>
   <div class='ocr_carea' id='block_1_48' title="bbox 257 4719 3649 4798">
    <p class='ocr_par' dir='ltr' id='par_1_48' title="bbox 257 4719 3649 4798">
     <span class='ocr_line' id='line_1_48' title="bbox 257 4719 3649 4798; baseline 0.001 -17"><span class='ocrx_word' id='word_1_657' title='bbox 257 4719 437 4782; x_wconf 71' lang='lat' dir='ltr'>{ribus</span> <span class='ocrx_word' id='word_1_658' title='bbox 464 4719 862 4798; x_wconf 73' lang='lat' dir='ltr'>[ait_dioisus_,°</span> <span class='ocrx_word' id='word_1_659' title='bbox 887 4723 966 4798; x_wconf 68' lang='lat' dir='ltr'>sic</span> <span class='ocrx_word' id='word_1_660' title='bbox 1021 4729 1073 4798; x_wconf 66' lang='lat' dir='ltr'>et</span> <span class='ocrx_word' id='word_1_661' title='bbox 1104 4719 1392 4798; x_wconf 45' lang='lat' dir='ltr'>aniv&#39;ersus</span> <span class='ocrx_word' id='word_1_662' title='bbox 1432 4722 1667 4798; x_wconf 66' lang='lat' dir='ltr'>papulas</span> <span class='ocrx_word' id='word_1_663' title='bbox 1718 4722 1899 4776; x_wconf 79' lang='lat' dir='ltr'>Chris-</span> <span class='ocrx_word' id='word_1_664' title='bbox 2018 4720 2197 4798; x_wconf 82' lang='lat'>__(35)</span> <span class='ocrx_word' id='word_1_665' title='bbox 2229 4719 2389 4798; x_wconf 64' lang='grc' dir='ltr'>βοάι,</span> <span class='ocrx_word' id='word_1_666' title='bbox 2438 4722 2775 4798; x_wconf 63' lang='lat' dir='ltr'>voluntatem</span> <span class='ocrx_word' id='word_1_667' title='bbox 2798 4741 3017 4795; x_wconf 81' lang='lat' dir='ltr'>puram,</span> <span class='ocrx_word' id='word_1_668' title='bbox 3050 4736 3255 4798; x_wconf 79' lang='lat' dir='ltr'>recepto</span> <span class='ocrx_word' id='word_1_669' title='bbox 3300 4728 3498 4798; x_wconf 80' lang='lat' dir='ltr'>populo</span> <span class='ocrx_word' id='word_1_670' title='bbox 3530 4742 3649 4783; x_wconf 76' lang='lat' dir='ltr'>suo.</span> 
     </span>
    </p>
   </div>
   <div class='ocr_carea' id='block_1_49' title="bbox 260 4790 3353 4869">
    <p class='ocr_par' dir='ltr' id='par_1_49' title="bbox 260 4790 3353 4869">
     <span class='ocr_line' id='line_1_49' title="bbox 260 4790 3353 4869; baseline 0 -17"><span class='ocrx_word' id='word_1_671' title='bbox 260 4790 802 4869; x_wconf 10' lang='lat' dir='ltr'>tianus‘dz‘visusiest</span> <span class='ocrx_word' id='word_1_672' title='bbox 826 4792 1193 4869; x_wconf 29' lang='lat' dir='ltr'>in‘duodecim</span> <span class='ocrx_word' id='word_1_673' title='bbox 1214 4790 1725 4869; x_wconf 41' lang='lat' dir='ltr'>tribysﬁecundum</span> <span class='ocrx_word' id='word_1_674' title='bbox 1744 4807 1906 4863; x_wconf 80' lang='lat' dir='ltr'>quas-</span> <span class='ocrx_word' id='word_1_675' title='bbox 2015 4790 2198 4869; x_wconf 35' lang='lat' dir='ltr'>Sic‘et</span> <span class='ocrx_word' id='word_1_676' title='bbox 2229 4791 2431 4869; x_wconf 70' lang='lat' dir='ltr'>Lamb.</span> <span class='ocrx_word' id='word_1_677' title='bbox 2467 4792 2685 4869; x_wconf 82' lang='lat' dir='ltr'>omissa</span> <span class='ocrx_word' id='word_1_678' title='bbox 2711 4790 2909 4851; x_wconf 85' lang='lat' dir='ltr'>tamen</span> <span class='ocrx_word' id='word_1_679' title='bbox 2939 4790 3095 4869; x_wconf 89' lang='lat' dir='ltr'>voce,</span> <span class='ocrx_word' id='word_1_680' title='bbox 3129 4790 3353 4869; x_wconf 70' lang='lat' dir='ltr'>recepto.</span> 
     </span>
    </p>
   </div>
   <div class='ocr_carea' id='block_1_50' title="bbox 260 4844 3095 4937">
    <p class='ocr_par' dir='ltr' id='par_1_50' title="bbox 260 4844 3095 4937">
     <span class='ocr_line' id='line_1_50' title="bbox 260 4844 3095 4937; baseline -0.028 8"><span class='ocrx_word' id='word_1_681' title='bbox 260 4844 1721 4937; x_wconf 47' lang='lat' dir='ltr'>limrsi&#39;rk&#39;émeam...te;si;~~~~~~</span> <span class='ocrx_word' id='word_1_682' title='bbox 2016 4844 2043 4845; x_wconf 48' lang='grc' dir='ltr'>κε</span> <span class='ocrx_word' id='word_1_683' title='bbox 2086 4844 2196 4937; x_wconf 57' lang='lat'>(,6,</span> <span class='ocrx_word' id='word_1_684' title='bbox 2230 4844 2430 4937; x_wconf 50' lang='grc' dir='ltr'>Μ</span> 
     </span>
    </p>
   </div>
   <div class='ocr_carea' id='block_1_51' title="bbox 336 4935 3243 5009">
    <p class='ocr_par' dir='ltr' id='par_1_51' title="bbox 336 4935 3243 5009">
     <span class='ocr_line' id='line_1_51' title="bbox 336 4935 3243 5009; baseline 0.001 -18"><span class='ocrx_word' id='word_1_685' title='bbox 336 4939 450 5009; x_wconf 88' lang='grc'>(25)</span> <span class='ocrx_word' id='word_1_686' title='bbox 482 4935 682 5009; x_wconf 82' lang='lat' dir='ltr'>Lamb.</span> <span class='ocrx_word' id='word_1_687' title='bbox 718 4945 982 5006; x_wconf 84' lang='lat' dir='ltr'>tanquam</span> <span class='ocrx_word' id='word_1_688' title='bbox 1014 4952 1161 5005; x_wconf 86' lang='lat' dir='ltr'>aqua</span> <span class='ocrx_word' id='word_1_689' title='bbox 1195 4937 1355 5009; x_wconf 72' lang='lat' dir='ltr'>varii.</span> <span class='ocrx_word' id='word_1_690' title='bbox 1408 5008 1413 5009; x_wconf 13' lang='grc' dir='ltr'><em>γ</em></span> <span class='ocrx_word' id='word_1_691' title='bbox 1896 5006 1905 5009; x_wconf 90' lang='lat'>_</span> <span class='ocrx_word' id='word_1_692' title='bbox 2089 4935 2200 5009; x_wconf 62' lang='lat'>(3?)</span> <span class='ocrx_word' id='word_1_693' title='bbox 2232 4935 2431 5009; x_wconf 80' lang='lat' dir='ltr'>Lamb.</span> <span class='ocrx_word' id='word_1_694' title='bbox 2465 4935 2697 5009; x_wconf 75' lang='lat' dir='ltr'>desunt,</span> <span class='ocrx_word' id='word_1_695' title='bbox 2729 4939 2779 4991; x_wconf 82' lang='lat' dir='ltr'>et</span> <span class='ocrx_word' id='word_1_696' title='bbox 2805 4949 3073 4995; x_wconf 71' lang='lat' dir='ltr'>sanctum.</span> <span class='ocrx_word' id='word_1_697' title='bbox 3240 4970 3243 4971; x_wconf 53' lang='grc' dir='ltr'><em>ν</em></span> 
     </span>
    </p>
   </div>
   <div class='ocr_carea' id='block_1_52' title="bbox 329 5006 3652 5080">
    <p class='ocr_par' dir='ltr' id='par_1_52' title="bbox 329 5006 3652 5080">
     <span class='ocr_line' id='line_1_52' title="bbox 329 5006 3652 5080; baseline 0 -17"><span class='ocrx_word' id='word_1_698' title='bbox 329 5006 442 5080; x_wconf 53' lang='grc'>(⁷26)</span> <span class='ocrx_word' id='word_1_699' title='bbox 475 5014 574 5080; x_wconf 80' lang='lat' dir='ltr'>Ms.</span> <span class='ocrx_word' id='word_1_700' title='bbox 611 5008 755 5063; x_wconf 88' lang='lat' dir='ltr'>Vict.</span> <span class='ocrx_word' id='word_1_701' title='bbox 788 5015 838 5080; x_wconf 61' lang='lat' dir='ltr'>et</span> <span class='ocrx_word' id='word_1_702' title='bbox 887 5009 949 5061; x_wconf 78' lang='lat' dir='ltr'>in</span> <span class='ocrx_word' id='word_1_703' title='bbox 976 5022 1197 5080; x_wconf 71' lang='lat' dir='ltr'>nomine</span> <span class='ocrx_word' id='word_1_704' title='bbox 1232 5008 1361 5061; x_wconf 79' lang='lat' dir='ltr'>Filii</span> <span class='ocrx_word' id='word_1_705' title='bbox 1389 5008 1507 5075; x_wconf 78' lang='lat' dir='ltr'>Dei,</span> <span class='ocrx_word' id='word_1_706' title='bbox 1540 5024 1574 5080; x_wconf 74' lang='grc' dir='ltr'><em>ᾳ</em></span> <span class='ocrx_word' id='word_1_707' title='bbox 1603 5022 1705 5077; x_wconf 85' lang='lat' dir='ltr'>quo</span> <span class='ocrx_word' id='word_1_708' title='bbox 1727 5006 1906 5080; x_wconf 79' lang='lat' dir='ltr'>vocati</span> <span class='ocrx_word' id='word_1_709' title='bbox 2071 5006 2316 5080; x_wconf 78' lang='lat' dir='ltr'>_(38)_lta</span> <span class='ocrx_word' id='word_1_710' title='bbox 2350 5023 2487 5080; x_wconf 84' lang='lat' dir='ltr'>mss.</span> <span class='ocrx_word' id='word_1_711' title='bbox 2526 5006 2750 5073; x_wconf 90' lang='lat' dir='ltr'>Lamb.,</span> <span class='ocrx_word' id='word_1_712' title='bbox 2788 5009 3040 5065; x_wconf 87' lang='lat' dir='ltr'>Carm.et</span> <span class='ocrx_word' id='word_1_713' title='bbox 3068 5010 3389 5067; x_wconf 83' lang='lat' dir='ltr'>Victor.Sio</span> <span class='ocrx_word' id='word_1_714' title='bbox 3419 5015 3477 5066; x_wconf 88' lang='lat' dir='ltr'>et</span> <span class='ocrx_word' id='word_1_715' title='bbox 3509 5008 3652 5068; x_wconf 77' lang='lat' dir='ltr'>Falli</span> 
     </span>
    </p>
   </div>
   <div class='ocr_carea' id='block_1_53' title="bbox 262 5076 2816 5151">
    <p class='ocr_par' dir='ltr' id='par_1_53' title="bbox 262 5076 2816 5151">
     <span class='ocr_line' id='line_1_53' title="bbox 262 5076 2816 5151; baseline -0.002 -13"><span class='ocrx_word' id='word_1_716' title='bbox 262 5076 432 5138; x_wconf 66' lang='lat' dir='ltr'>sunt.</span> <span class='ocrx_word' id='word_1_717' title='bbox 457 5079 591 5135; x_wconf 81' lang='lat' dir='ltr'>Felli</span> <span class='ocrx_word' id='word_1_718' title='bbox 624 5080 763 5134; x_wconf 91' lang='lat' dir='ltr'>edit.</span> <span class='ocrx_word' id='word_1_719' title='bbox 796 5078 975 5134; x_wconf 82' lang='lat' dir='ltr'>Oxon.</span> <span class='ocrx_word' id='word_1_720' title='bbox 1010 5079 1230 5133; x_wconf 89' lang='lat' dir='ltr'>omissa</span> <span class='ocrx_word' id='word_1_721' title='bbox 1260 5076 1689 5151; x_wconf 88' lang='lat' dir='ltr'>conjunctione.</span> <span class='ocrx_word' id='word_1_722' title='bbox 1712 5079 1770 5131; x_wconf 83' lang='lat' dir='ltr'>in</span> <span class='ocrx_word' id='word_1_723' title='bbox 1802 5092 1910 5131; x_wconf 83' lang='lat' dir='ltr'>uno</span> <span class='ocrx_word' id='word_1_724' title='bbox 2019 5076 2487 5151; x_wconf 12' lang='lat' dir='ltr'>edit.‘_Ogton.rAl.</span> <span class='ocrx_word' id='word_1_725' title='bbox 2520 5080 2816 5151; x_wconf 69' lang='lat' dir='ltr'>veritatem.</span> 
     </span>
    </p>
   </div>
   <div class='ocr_carea' id='block_1_54' title="bbox 267 5147 2776 5217">
    <p class='ocr_par' dir='ltr' id='par_1_54' title="bbox 267 5147 2776 5217">
     <span class='ocr_line' id='line_1_54' title="bbox 267 5147 2776 5217; baseline -0.002 -8"><span class='ocrx_word' id='word_1_726' title='bbox 267 5154 515 5209; x_wconf 81' lang='lat' dir='ltr'>nomine.</span> <span class='ocrx_word' id='word_1_727' title='bbox 1371 5147 1383 5151; x_wconf 63' lang='grc'>⁷</span> <span class='ocrx_word' id='word_1_728' title='bbox 2092 5147 2201 5217; x_wconf 85' lang='grc'>(39)</span> <span class='ocrx_word' id='word_1_729' title='bbox 2238 5149 2435 5202; x_wconf 87' lang='lat' dir='ltr'>Lamb.</span> <span class='ocrx_word' id='word_1_730' title='bbox 2469 5149 2776 5205; x_wconf 73' lang='lat' dir='ltr'>traditores.</span> 
     </span>
    </p>
   </div>
   <div class='ocr_carea' id='block_1_55' title="bbox 344 5218 3175 5294">
    <p class='ocr_par' dir='ltr' id='par_1_55' title="bbox 344 5218 3175 5294">
     <span class='ocr_line' id='line_1_55' title="bbox 344 5218 3175 5294; baseline 0 -17"><span class='ocrx_word' id='word_1_731' title='bbox 344 5224 458 5294; x_wconf 89' lang='lat'>(27)</span> <span class='ocrx_word' id='word_1_732' title='bbox 495 5222 689 5277; x_wconf 83' lang='lat' dir='ltr'>Lamb.</span> <span class='ocrx_word' id='word_1_733' title='bbox 724 5224 871 5276; x_wconf 81' lang='lat' dir='ltr'>intra</span> <span class='ocrx_word' id='word_1_734' title='bbox 898 5236 972 5289; x_wconf 83' lang='lat' dir='ltr'>se,</span> <span class='ocrx_word' id='word_1_735' title='bbox 1008 5218 1168 5294; x_wconf 87' lang='lat' dir='ltr'>Bodl.</span> <span class='ocrx_word' id='word_1_736' title='bbox 1200 5221 1429 5294; x_wconf 53' lang='lat' dir='ltr'>interse</span> <span class='ocrx_word' id='word_1_737' title='bbox 1459 5227 1864 5294; x_wconf 75' lang='lat' dir='ltr'>consenserunt.</span> <span class='ocrx_word' id='word_1_738' title='bbox 2238 5219 2612 5294; x_wconf 71' lang='lat' dir='ltr'>Mss._Lamb.</span> <span class='ocrx_word' id='word_1_739' title='bbox 2647 5228 2701 5275; x_wconf 90' lang='lat' dir='ltr'>et</span> <span class='ocrx_word' id='word_1_740' title='bbox 2730 5221 2876 5278; x_wconf 89' lang='lat' dir='ltr'>Vict.</span> <span class='ocrx_word' id='word_1_741' title='bbox 2909 5224 3175 5279; x_wconf 80' lang='lat' dir='ltr'>scabrosa.</span> 
     </span>
    </p>
   </div>
   <div class='ocr_carea' id='block_1_56' title="bbox 344 5289 3658 5367">
    <p class='ocr_par' dir='ltr' id='par_1_56' title="bbox 344 5289 3658 5367">
     <span class='ocr_line' id='line_1_56' title="bbox 344 5289 3658 5367; baseline 0 -18"><span class='ocrx_word' id='word_1_742' title='bbox 344 5289 459 5366; x_wconf 88' lang='lat'>(28)</span> <span class='ocrx_word' id='word_1_743' title='bbox 518 5294 713 5349; x_wconf 90' lang='lat' dir='ltr'>Lamb.</span> <span class='ocrx_word' id='word_1_744' title='bbox 776 5308 941 5363; x_wconf 85' lang='lat' dir='ltr'>quam</span> <span class='ocrx_word' id='word_1_745' title='bbox 990 5292 1194 5362; x_wconf 71' lang='lat' dir='ltr'>potius.</span> <span class='ocrx_word' id='word_1_746' title='bbox 1258 5292 1415 5347; x_wconf 89' lang='lat' dir='ltr'>Bodl.</span> <span class='ocrx_word' id='word_1_747' title='bbox 1480 5293 1694 5347; x_wconf 88' lang='lat' dir='ltr'>desunt</span> <span class='ocrx_word' id='word_1_748' title='bbox 1746 5307 1915 5362; x_wconf 85' lang='lat' dir='ltr'>quam</span> <span class='ocrx_word' id='word_1_749' title='bbox 2094 5289 2442 5367; x_wconf 9' lang='lat' dir='ltr'>(érl)_Lam_b.</span> <span class='ocrx_word' id='word_1_750' title='bbox 2501 5292 2712 5367; x_wconf 72' lang='lat' dir='ltr'>desupt</span> <span class='ocrx_word' id='word_1_751' title='bbox 2744 5309 2896 5349; x_wconf 76' lang='lat' dir='ltr'>mons</span> <span class='ocrx_word' id='word_1_752' title='bbox 2944 5300 3137 5351; x_wconf 75' lang='lat' dir='ltr'>etest.</span> <span class='ocrx_word' id='word_1_753' title='bbox 3190 5295 3381 5352; x_wconf 88' lang='lat' dir='ltr'>Fellus</span> <span class='ocrx_word' id='word_1_754' title='bbox 3431 5310 3658 5367; x_wconf 87' lang='lat' dir='ltr'>quoque</span> 
     </span>
    </p>
   </div>
   <div class='ocr_carea' id='block_1_57' title="bbox 267 5360 2817 5441">
    <p class='ocr_par' dir='ltr' id='par_1_57' title="bbox 267 5360 2817 5441">
     <span class='ocr_line' id='line_1_57' title="bbox 267 5360 2817 5441; baseline 0 -22"><span class='ocrx_word' id='word_1_755' title='bbox 267 5360 451 5441; x_wconf 54' lang='lat' dir='ltr'>priris.</span> <span class='ocrx_word' id='word_1_756' title='bbox 498 5436 518 5441; x_wconf 89' lang='lat'>_</span> <span class='ocrx_word' id='word_1_757' title='bbox 641 5435 653 5441; x_wconf 86' lang='lat'><em>_</em></span> <span class='ocrx_word' id='word_1_758' title='bbox 749 5360 800 5441; x_wconf 37' lang='grc' dir='ltr'><em>ξ</em></span> <span class='ocrx_word' id='word_1_759' title='bbox 878 5438 885 5441; x_wconf 88' lang='lat'>_</span> <span class='ocrx_word' id='word_1_760' title='bbox 954 5360 1005 5441; x_wconf 39' lang='grc' dir='ltr'><em>ς</em></span> <span class='ocrx_word' id='word_1_761' title='bbox 1095 5436 1103 5441; x_wconf 92' lang='lat'>_</span> <span class='ocrx_word' id='word_1_762' title='bbox 1761 5360 1769 5362; x_wconf 11' lang='grc' dir='ltr'>ἡ</span> <span class='ocrx_word' id='word_1_763' title='bbox 2023 5360 2430 5441; x_wconf 58' lang='lat' dir='ltr'>omittitestin</span> <span class='ocrx_word' id='word_1_764' title='bbox 2463 5363 2817 5441; x_wconf 81' lang='lat' dir='ltr'>edit.__0xon.</span> 
     </span>
    </p>
   </div>
   <div class='ocr_carea' id='block_1_58' title="bbox 368 5432 2827 5504">
    <p class='ocr_par' dir='ltr' id='par_1_58' title="bbox 368 5432 2827 5504">
     <span class='ocr_line' id='line_1_58' title="bbox 368 5432 2827 5504; baseline -0 -13"><span class='ocrx_word' id='word_1_765' title='bbox 368 5438 463 5504; x_wconf 87' lang='lat'>29)</span> <span class='ocrx_word' id='word_1_766' title='bbox 498 5435 697 5491; x_wconf 87' lang='lat' dir='ltr'>Lamb.</span> <span class='ocrx_word' id='word_1_767' title='bbox 732 5436 913 5500; x_wconf 88' lang='lat' dir='ltr'>deest,</span> <span class='ocrx_word' id='word_1_768' title='bbox 946 5434 1190 5489; x_wconf 83' lang='lat' dir='ltr'>Domine.</span> <span class='ocrx_word' id='word_1_769' title='bbox 2095 5432 2205 5504; x_wconf 83' lang='grc'>(42)</span> <span class='ocrx_word' id='word_1_770' title='bbox 2238 5433 2434 5504; x_wconf 77' lang='lat' dir='ltr'>Lamb.</span> <span class='ocrx_word' id='word_1_771' title='bbox 2466 5436 2827 5503; x_wconf 61' lang='lat' dir='ltr'>paenitentiae.</span> 
     </span>
    </p>
   </div>
   <div class='ocr_carea' id='block_1_59' title="bbox 371 5503 3654 5577">
    <p class='ocr_par' dir='ltr' id='par_1_59' title="bbox 371 5503 3654 5577">
     <span class='ocr_line' id='line_1_59' title="bbox 371 5503 3654 5577; baseline 0.001 -15"><span class='ocrx_word' id='word_1_772' title='bbox 371 5503 462 5577; x_wconf 91' lang='grc'>30)</span> <span class='ocrx_word' id='word_1_773' title='bbox 497 5507 698 5562; x_wconf 88' lang='lat' dir='ltr'>Lamb.</span> <span class='ocrx_word' id='word_1_774' title='bbox 731 5523 853 5561; x_wconf 83' lang='lat' dir='ltr'>cum</span> <span class='ocrx_word' id='word_1_775' title='bbox 881 5520 960 5560; x_wconf 86' lang='lat' dir='ltr'>eo.</span> <span class='ocrx_word' id='word_1_776' title='bbox 2077 5503 2204 5577; x_wconf 62' lang='grc' dir='ltr'>Δ(43)</span> <span class='ocrx_word' id='word_1_777' title='bbox 2237 5503 2331 5558; x_wconf 91' lang='lat' dir='ltr'>Sic</span> <span class='ocrx_word' id='word_1_778' title='bbox 2381 5520 2523 5559; x_wconf 90' lang='lat' dir='ltr'>mss.</span> <span class='ocrx_word' id='word_1_779' title='bbox 2557 5506 2744 5561; x_wconf 87' lang='lat' dir='ltr'>Carm.</span> <span class='ocrx_word' id='word_1_780' title='bbox 2800 5512 2858 5562; x_wconf 88' lang='lat' dir='ltr'>et</span> <span class='ocrx_word' id='word_1_781' title='bbox 2884 5507 3029 5565; x_wconf 88' lang='lat' dir='ltr'>Vict.</span> <span class='ocrx_word' id='word_1_782' title='bbox 3061 5512 3152 5567; x_wconf 90' lang='lat' dir='ltr'>Sic</span> <span class='ocrx_word' id='word_1_783' title='bbox 3197 5515 3254 5567; x_wconf 91' lang='lat' dir='ltr'>et</span> <span class='ocrx_word' id='word_1_784' title='bbox 3279 5510 3418 5567; x_wconf 82' lang='lat' dir='ltr'>edit.</span> <span class='ocrx_word' id='word_1_785' title='bbox 3467 5510 3654 5566; x_wconf 79' lang='lat' dir='ltr'>Oxon.</span> 
     </span>
    </p>
   </div>
   <div class='ocr_carea' id='block_1_60' title="bbox 348 5572 2258 5651">
    <p class='ocr_par' dir='ltr' id='par_1_60' title="bbox 348 5572 2258 5651">
     <span class='ocr_line' id='line_1_60' title="bbox 348 5572 2258 5651; baseline -0.002 -17"><span class='ocrx_word' id='word_1_786' title='bbox 348 5572 463 5651; x_wconf 82' lang='grc'>(31)</span> <span class='ocrx_word' id='word_1_787' title='bbox 496 5581 692 5635; x_wconf 88' lang='lat' dir='ltr'>Lamb.</span> <span class='ocrx_word' id='word_1_788' title='bbox 726 5578 1021 5651; x_wconf 70' lang='lat' dir='ltr'>duplzcz&#39;us.</span> <span class='ocrx_word' id='word_1_789' title='bbox 1050 5647 1087 5651; x_wconf 86' lang='lat'>__</span> <span class='ocrx_word' id='word_1_790' title='bbox 1153 5650 1159 5651; x_wconf 12' lang='grc' dir='ltr'>ί</span> <span class='ocrx_word' id='word_1_791' title='bbox 1508 5648 1517 5651; x_wconf 88' lang='lat'>_</span> <span class='ocrx_word' id='word_1_792' title='bbox 1564 5647 1573 5651; x_wconf 86' lang='lat'>_</span> <span class='ocrx_word' id='word_1_793' title='bbox 1662 5646 1686 5651; x_wconf 37' lang='grc' dir='ltr'><strong>Α</strong></span> <span class='ocrx_word' id='word_1_794' title='bbox 1735 5646 1743 5651; x_wconf 85' lang='lat'>_</span> <span class='ocrx_word' id='word_1_795' title='bbox 1797 5646 1807 5651; x_wconf 90' lang='lat'>_</span> <span class='ocrx_word' id='word_1_796' title='bbox 2026 5572 2258 5651; x_wconf 36' lang='grc' dir='ltr'>ΑΙτ-ίιᾳὶΣ</span> 
     </span>
    </p>
   </div>
   <div class='ocr_carea' id='block_1_61' title="bbox 275 5645 2933 5785">
    <p class='ocr_par' dir='ltr' id='par_1_61' title="bbox 275 5645 2933 5785">
     <span class='ocr_line' id='line_1_61' title="bbox 275 5645 2933 5785; baseline 0.001 -80"><span class='ocrx_word' id='word_1_797' title='bbox 275 5645 462 5785; x_wconf 71' lang='grc' dir='ltr'><em>Ρ</em></span> <span class='ocrx_word' id='word_1_798' title='bbox 497 5650 696 5778; x_wconf 64' lang='grc' dir='ltr'>Ιῖειωὶ).</span> <span class='ocrx_word' id='word_1_799' title='bbox 733 5645 914 5779; x_wconf 73' lang='lat' dir='ltr'>(18eest,</span> <span class='ocrx_word' id='word_1_800' title='bbox 964 5647 1177 5704; x_wconf 72' lang='lat' dir='ltr'>vidisti.</span> <span class='ocrx_word' id='word_1_801' title='bbox 1212 5651 1336 5704; x_wconf 89' lang='lat' dir='ltr'>Huc</span> <span class='ocrx_word' id='word_1_802' title='bbox 1367 5647 1605 5721; x_wconf 89' lang='lat' dir='ltr'>respicit</span> <span class='ocrx_word' id='word_1_803' title='bbox 1653 5646 1918 5718; x_wconf 87' lang='lat' dir='ltr'>Origines</span> <span class='ocrx_word' id='word_1_804' title='bbox 2097 5645 2209 5718; x_wconf 77' lang='grc'>(44)</span> <span class='ocrx_word' id='word_1_805' title='bbox 2240 5647 2379 5703; x_wconf 89' lang='lat' dir='ltr'>Mss.</span> <span class='ocrx_word' id='word_1_806' title='bbox 2412 5646 2578 5721; x_wconf 83' lang='lat' dir='ltr'>Angl.</span> <span class='ocrx_word' id='word_1_807' title='bbox 2608 5651 2933 5723; x_wconf 80' lang='lat' dir='ltr'>accipiendi.</span> 
     </span>
     <span class='ocr_line' id='line_1_62' title="bbox 374 5738 803 5785; baseline 0 -7"><span class='ocrx_word' id='word_1_808' title='bbox 374 5740 389 5778; x_wconf 85' lang='lat' dir='ltr'><strong><em>z</em></strong></span> <span class='ocrx_word' id='word_1_809' title='bbox 418 5740 513 5781; x_wconf 85' lang='lat' dir='ltr'>oca</span> <span class='ocrx_word' id='word_1_810' title='bbox 543 5766 555 5779; x_wconf 91' lang='lat'>.</span> <span class='ocrx_word' id='word_1_811' title='bbox 591 5738 717 5785; x_wconf 88' lang='lat' dir='ltr'>cap.</span> <span class='ocrx_word' id='word_1_812' title='bbox 793 5763 803 5778; x_wconf 93' lang='lat'>.</span> 
     </span>
    </p>
   </div>
   <div class='ocr_carea' id='block_1_62' title="bbox 374 5738 803 5797">
    <p class='ocr_par' dir='ltr' id='par_1_62' title="bbox 374 5738 803 5797">
     <span class='ocr_line' id='line_1_63' title="bbox 374 5738 803 5797; baseline 0 -19"><span class='ocrx_word' id='word_1_813' title='bbox 374 5738 555 5781; x_wconf 71' lang='lat' dir='ltr'>uocat.</span> <span class='ocrx_word' id='word_1_814' title='bbox 591 5738 717 5797; x_wconf 86' lang='lat' dir='ltr'>cap.</span> <span class='ocrx_word' id='word_1_815' title='bbox 750 5738 803 5779; x_wconf 74' lang='grc' dir='ltr'>δ.</span> 
     </span>
    </p>
   </div>
  </div>
