4036 6356
447 357 564 416 999
1940 353 2003 410 S.

2255 347 2352 410 UE
3693 359 3849 419 1000

447 489 727 543 ducentes
757 501 856 543 eos
888 486 1209 542 secundum
1240 485 2229 557 cupiditates(45)peccantium;ideo
2260 485 2482 538 dabunt
2512 485 2826 554 quamdam
2857 486 2984 555 ejus
3018 487 3098 541 rei
3133 490 3494 558 poenam;sed
3530 492 3845 562 tamen(46)

446 577 519 633 iis
552 575 843 649 proposita
875 581 965 631 est
995 574 1352 646 pcnnitentia,
1382 573 1518 644 quia
1546 575 1656 642 (47)
1692 572 1836 628 nihil
1868 573 1924 627 in
1958 573 2273 628 Dominum
2306 589 2478 628 suum
2512 573 2784 628 dixerunt
2814 575 3153 630 nefandum.

1949 686 2177 742 CAPUT
2215 687 2330 742 XX.

518 792 598 846 De
628 790 798 846 tertio
846 806 979 844 vero
1011 793 1205 842 monte
1253 787 1348 857 qui
1382 786 1581 857 spinas
1612 791 1667 840 et
1714 784 1961 839 tribulos
2017 785 2264 839 habebat
2299 801 2312 840 :
2347 785 2491 840 tales
2540 791 2678 840 sunt
2728 787 2824 855 qui
2875 788 3266 859 crediderunt,
3313 790 3524 847 divites
3577 793 3846 863 quidam,

447 882 680 952 quidam
733 885 926 934 autem
964 877 1230 949 plurimis
1278 877 1536 930 obstricti
1571 876 1815 946 negotiis
1863 875 1974 943 (48)
2008 891 2019 927 :
2055 873 2254 927 tribuli
2306 875 2460 928 enim
2510 875 2724 930 divitiae
2772 883 2911 930 sunt
2940 878 3022 943 ⁸⁸;
3057 879 3240 948 spinze
3288 896 3440 950 vero,
3483 881 3581 950 qui
3641 882 3845 937 multis

445 969 682 1041 obligati
717 973 855 1022 sunt
886 966 1150 1037 negotiis.
1187 966 1250 1018 Hi
1279 982 1413 1035 ergo
1447 965 1566 1033 (49)
1596 966 1689 1032 qui
1725 963 1990 1033 plurimis
2023 962 2260 1032 obligati
2291 969 2429 1016 sunt
2462 965 2708 1033 negotiis
2740 966 3032 1035 variisque
3064 968 3386 1033 rebus,non
3423 971 3763 1041 adjungunt
3787 987 3846 1026 se

445 1059 626 1113 servis
659 1057 778 1120 Dei,
811 1058 910 1111 sed
945 1057 1231 1118 aberrant,
1266 1055 1338 1107 ab
1372 1053 1460 1106 his
1494 1052 1738 1122 negotiis
1771 1052 2014 1104 revocati
2049 1053 2156 1120 (50)
2189 1069 2219 1104 a
2251 1053 2467 1121 quibus
2503 1052 2876 1107 suifocantur.
2911 1057 3092 1108 btiam
3124 1062 3178 1109 et
3210 1057 3265 1110 hi
3300 1058 3396 1128 qui
3436 1058 3646 1112 divites
3679 1067 3842 1123 sunt,

439 1149 552 1219 ipsi
583 1147 847 1202 difﬁciles
880 1162 941 1200 se
972 1145 1040 1198 ad
1074 1142 1566 1198 conversationem
1597 1142 1711 1207 (51)
1743 1157 2038 1194 servorum
2093 1140 2192 1194 Dei
2228 1141 2503 1210 praebent,
2540 1146 2864 1196 metuentes
2894 1160 2963 1197 ne
2995 1145 3130 1212 quid
3167 1153 3438 1215 poscatur
3466 1148 3538 1201 ab
3580 1147 3700 1203 illis
3737 1167 3749 1202 :
3784 1148 3842 1202 hi

441 1254 578 1309 ergo
609 1235 843 1291 difﬁcile
873 1235 932 1289 in
965 1250 1208 1304 regnum
1242 1232 1338 1286 Dei
1373 1231 1676 1284 intrabunt
1702 1231 1764 1282 ⁸ο.
1795 1229 1954 1282 Sicut
1984 1229 2139 1283 enim
2171 1229 2512 1284 excalceatis
2547 1231 3055 1300 pedibus.dit'ﬁcile
3089 1235 3144 1287 in
3179 1235 3412 1290 tribulis
3451 1236 3792 1292 ambulatur
3826 1253 3842 1292 :

441 1327 526 1382 sic
557 1331 614 1380 et
644 1323 982 1394 hujusmodi
1017 1322 1280 1376 homines
1311 1318 1545 1373 difﬁcile
1577 1323 1664 1372 est
1695 1319 1749 1371 in
1783 1334 2027 1389 regnum
2059 1317 2159 1372 Dei
2194 1318 2428 1373 intrare.
2462 1320 2569 1372 Sed
2603 1326 2658 1374 et
2688 1321 2771 1374 eis
2801 1321 3076 1377 omnibus
3109 1323 3282 1376 datur
3310 1324 3381 1377 ad
3433 1324 3839 1395 paenitentiam

439 1431 760 1486 regressus,
797 1413 844 1467 si
892 1417 1086 1466 tamen
1119 1411 1230 1464 cito
1275 1409 1552 1463 redierint
1583 1408 1651 1461 ad
1704 1407 1903 1470 illam;
1940 1412 2000 1460 ut
2053 1407 2191 1476 quia
2239 1407 2534 1478 prioribus
2584 1408 2789 1462 diebus
2821 1416 3197 1465 cessaverunt
3247 1411 3318 1465 ab
3368 1428 3562 1484 opere,
3599 1415 3840 1485 repetito

441 1509 700 1574 tempore
749 1500 964 1570 aliquid
1015 1498 1148 1554 boni
1189 1499 1373 1553 facere
1404 1497 1647 1567 possint.
1700 1499 1839 1549 Acta
1871 1497 2048 1565 igitur
2097 1495 2455 1565 pcenitentia,
2507 1496 2556 1551 si
2611 1497 2851 1552 fecerint
2901 1515 3076 1570 opera
3122 1499 3423 1567 bonitatis,
3473 1502 3714 1557 vivent:
3748 1505 3838 1558 sin

443 1596 636 1648 autem
665 1591 726 1646 in
757 1589 1030 1646 admissis
1062 1587 1185 1642 suis
1216 1585 1661 1659 permanserint,
1694 1586 1998 1639 tradentur
2028 1583 2369 1639 mulieribus
2405 1584 2517 1640 illis
2547 1602 2671 1655 qua
2702 1585 2786 1640 eis
2816 1587 3078 1642 auferent
3109 1588 3308 1643 vitam.

1937 1699 2160 1754 CAPUT
2199 1698 2335 1755 XXI.

507 1810 585 1861 De
616 1808 822 1877 quarto
851 1821 984 1859 vero
1033 1806 1226 1857 monte
1255 1801 1502 1855 habente
1550 1798 1863 1870 plurimam
1913 1798 2152 1851 herbam
2187 1799 2319 1868 (52),
2353 1799 2523 1868 cujus
2571 1799 2834 1870 superior
2876 1817 3012 1871 pars
3067 1801 3268 1857 viridis
3319 1807 3465 1870 erat,
3497 1803 3639 1875 ipsas
3683 1822 3816 1862 vero

437 1894 660 1950 radices
691 1894 904 1960 aridae;
940 1892 1200 1961 quzedam
1254 1890 1428 1944 etiam
1462 1906 1494 1942 a
1525 1887 1663 1942 solis
1712 1888 1914 1941 ardore
1947 1889 2056 1957 (53)
2091 1892 2253 1940 taetre
2288 1889 2628 1941 arescebant
2661 1905 2672 1940 :
2709 1888 3046 1958 hujusmodi
3099 1895 3238 1945 sunt
3267 1891 3504 1960 quidam
3535 1893 3702 1948 dubii
3735 1895 3833 1966 qui

439 1984 826 2053 crediderunt,
859 1988 914 2038 et
961 1981 1199 2051 quidam
1230 1979 1326 2034 alii
1377 1979 1435 2032 in
1466 1977 1637 2032 labiis
1685 1977 2019 2039 Dominum,
2055 1993 2166 2030 non
2219 1976 2275 2028 in
2308 1976 2478 2030 corde
2512 1977 2779 2031 ferentes.
2813 1977 3062 2048 Ideoque
3111 1979 3292 2035 aridae
3319 1986 3479 2049 sunt,
3510 1986 3568 2036 et
3601 1983 3829 2038 nullum

438 2074 885 2128 fundamentum
919 2069 1030 2141 (54)
1063 2070 1339 2124 habentes
1372 2067 1561 2121 herba
1592 2081 1792 2120 eorum
1827 2082 1838 2118 :
1875 2065 2064 2118 verbis
2094 2065 2250 2118 enim
2282 2067 2686 2120 tantummodo
2735 2066 2953 2131 vivunt,
2990 2083 3165 2137 opera
3193 2085 3324 2122 vero
3357 2085 3559 2124 eorum
3603 2078 3840 2128 mortua

436 2167 593 2217 sunt.
626 2162 694 2214 Hi
729 2177 862 2232 ergo
893 2176 997 2214 nec
1027 2157 1239 2212 mortui
1271 2161 1410 2211 sunt
1462 2172 1565 2209 nec
1598 2155 1728 2212 vivi.
1762 2159 1816 2206 et
1846 2154 2006 2206 dubii
2040 2153 2309 2207 simil‘ter
2360 2159 2516 2208 sunt.
2553 2155 2664 2225 Ipsi
2697 2155 2853 2208 enim
2885 2155 3064 2224 dubii,
3102 2173 3205 2211 nec
3235 2157 3448 2213 virides
3480 2165 3622 2214 sunt
3653 2177 3840 2232 neque

434 2251 620 2317 aridi;
654 2251 710 2304 id
745 2253 833 2304 est
865 2265 966 2303 nec
997 2247 1105 2300 vivi
1139 2263 1240 2301 nec
1275 2245 1508 2300 mortui.
1542 2245 1703 2296 Sicut
1733 2244 1887 2297 enim
1921 2243 2110 2296 herba:
2142 2258 2226 2296 eo:
2249 2243 2492 2307 um,sole
2524 2244 2670 2308 viso,
2701 2250 3016 2298 aruerunt:
3044 2245 3125 2300 ita
3153 2252 3210 2300 et
3241 2247 3611 2312 dubii,simul
3647 2255 3712 2304 ut
3743 2269 3839 2306 auo

435 2341 671 2396 dierunt
700 2339 1187 2410 persecutionem,
1221 2335 1591 2390 incommoda
1620 2335 1729 2403 (55)
1761 2337 2104 2398 metuentes,
2140 2333 2436 2386 redierunt
2466 2333 2532 2386 ad
2569 2332 2902 2397 simulacra,
2937 2339 2994 2389 et
3024 2351 3228 2390 rursus
3278 2337 3605 2392 servierunt
3636 2340 3746 2408 eis,
3779 2346 3836 2394 et

433 2429 797 2485 erubuerunt
843 2425 1071 2482 Domini
1121 2424 1211 2479 sui
1261 2424 1408 2478 ferre
1457 2438 1686 2476 nomen.
1722 2420 2070 2490 Hujusmodi
2120 2436 2254 2491 ergo
2304 2420 2592 2485 homines,
2627 2439 2732 2476 nec
2779 2423 2889 2476 vivi
2922 2440 3025 2478 nec
3077 2425 3290 2479 mortui
3319 2431 3495 2493 sunt;
3531 2428 3634 2482 sed
3683 2433 3744 2482 et
3773 2429 3832 2482 hi

434 2521 684 2590 possunt
729 2516 938 2582 vivere,
967 2514 1018 2571 si
1071 2514 1186 2568 cito
1217 2511 1441 2584 egerint
1489 2509 1884 2582 penitentiam
1915 2527 1928 2575 ;
1964 2510 2053 2564 sin
2105 2509 2300 2564 minus
2323 2510 2448 2580 jam
2481 2510 2672 2566 traditi
2709 2515 2848 2566 sunt
2876 2512 3224 2569 mulieribus
3254 2513 3370 2570 illis
3407 2531 3535 2586 qua:
3565 2517 3838 2574 auferent

431 2607 613 2662 vitam
643 2622 865 2661 eorum.

1912 2686 2140 2742 CAPUT
2180 2687 2344 2742 XXII.

502 2785 580 2840 De
613 2784 816 2856 quinto
847 2799 978 2837 vero
1027 2784 1222 2836 monte
1254 2796 1454 2850 aspero
1485 2784 1542 2833 et
1566 2778 1778 2832 virides
1808 2777 2016 2832 herbas
2049 2777 2296 2832 habente
2331 2795 2344 2832 :
2377 2777 2718 2847 hujusmodi
2750 2783 2888 2833 sunt
2937 2780 3033 2849 qui
3067 2781 3439 2837 crediderunt
3471 2783 3676 2840 ﬁdeles
3707 2787 3836 2855 qni-

425 2875 584 2937 dem,
619 2873 720 2929 sed
753 2870 988 2926 difﬁcile
1038 2870 1354 2934 credentes,
1389 2872 1445 2922 et
1488 2868 1736 2922 audaces
1767 2883 1832 2921 ac
1881 2866 1991 2920 sibi
2041 2865 2374 2936 placentes;
2408 2865 2666 2922 volentes
2717 2867 2897 2923 videri
2943 2870 3054 2939 (56)
3105 2875 3314 2926 cuncta
3362 2872 3512 2928 scire
3562 2873 3832 2946 nihilque

425 2964 666 3019 omnino
700 2961 969 3017 scientes.
1005 2959 1242 3030 Propter
1285 2957 1435 3012 hanc
1467 2957 1644 3028 igitur
1691 2956 2018 3021 audaciam,
2052 2971 2261 3010 sensus
2306 2955 2574 3010 discessit
2607 2956 2678 3010 ab
2727 2956 2866 3024 illis,
2898 2963 2958 3012 et
3005 2959 3239 3014 intravit
3271 2961 3330 3014 in
3363 2977 3463 3017 eos
3511 2965 3832 3020 temeraria

421 3051 755 3124 arrogantia
787 3051 920 3120 (57).
953 3047 1247 3103 Sublimes
1300 3052 1492 3101 autem
1526 3062 1588 3101 se
1630 3050 1860 3117 gerunt,
1893 3052 1950 3098 et
1992 3044 2167 3099 veluti
2217 3045 2566 3115 prudentes;
2601 3051 2658 3100 et
2704 3063 2836 3101 cum
2870 3046 2988 3101 sint
3033 3047 3221 3114 stulti,
3255 3050 3507 3121 cupiunt
3556 3052 3830 3108 doctores

417 3142 623 3197 videri.
659 3141 898 3212 Propter
924 3139 1074 3194 hanc
1106 3137 1438 3202 stultitiam,
1471 3137 1611 3190 dum
1644 3151 1704 3190 se
1737 3134 2136 3205 magniﬁcant,
2169 3133 2336 3188 multi
2370 3150 2569 3189 eorum
2603 3135 2881 3190 exinaniti
2908 3140 3064 3192 sunt.
3099 3137 3377 3209 Magnum
3415 3140 3572 3194 enim
3610 3141 3827 3198 daemo-

422 3232 587 3286 nium
619 3237 708 3286 est
736 3229 980 3284 audacia
1004 3234 1060 3284 et
1089 3226 1436 3282 conﬁdentia
1468 3225 1764 3279 inanis.Ex
1795 3224 1886 3278 his
1914 3224 2090 3294 igitur
2119 3223 2288 3276 multi
2318 3224 2528 3294 abjecti
2561 3224 2839 3279 sunt.Alii
2865 3231 3060 3281 autem
3092 3228 3290 3298 agnito
3318 3229 3431 3299 (58)
3461 3245 3657 3284 errore
3690 3247 3820 3298 suo,

423 3318 824 3391 pmnitentiam
854 3323 1115 3387 egerunt,
1151 3321 1206 3371 et
1236 3314 1622 3370 subdiderunt
1653 3329 1714 3368 se
1745 3312 2092 3367 habentibus
2132 3328 2390 3367 sensum.
2425 3313 2531 3366 Sed
2566 3319 2625 3368 et
2673 3315 2892 3369 cazteris
2925 3314 3133 3370 horum
3176 3316 3470 3373 similibus
3521 3319 3821 3390 proposita

420 3415 511 3464 est
541 3408 911 3479 paenitentia;
945 3423 1130 3476 neque
1160 3406 1317 3460 enim
1354 3403 1496 3458 mali
1533 3403 1895 3468 fuerunt,sed
1926 3401 2266 3471 insipientes
2298 3401 2488 3472 potius
2520 3407 2576 3456 ct
2606 3402 2866 3458 stulti.Hi
2897 3404 3112 3475 ergo,si
3143 3406 3368 3476 egerint
3399 3408 3820 3478 paenitentiam,

419 3498 613 3551 vivent
642 3496 757 3551 Deo
791 3513 804 3551 :
838 3495 928 3551 sin
960 3494 1177 3559 minus,
1211 3493 1560 3548 habitabunt
1590 3508 1722 3546 cum
1754 3490 2100 3545 mulieribus
2132 3489 2268 3557 illis,
2303 3507 2429 3561 qua:
2463 3491 2751 3561 nequitias
2783 3509 2920 3548 suas
2951 3495 3302 3549 exercebunt
3333 3494 3392 3550 in
3423 3495 3506 3550 eis
3540 3497 3672 3567 (59).

1887 3605 2113 3662 CAPUT
2152 3606 2343 3660 XXIII.

487 3711 568 3766 De
601 3715 758 3767 sexto
787 3726 919 3764 vero
953 3715 1146 3764 monte
1177 3708 1426 3764 habente
1458 3707 1741 3762 scissuras
1775 3707 2025 3775 majores
2055 3710 2110 3758 et
2142 3705 2395 3760 minores
2429 3724 2440 3760 :
2475 3706 2813 3774 hujusmodi
2847 3711 2987 3761 sunt
3017 3708 3112 3777 qui
3144 3708 3540 3765 crediderunt.
3570 3710 3639 3764 Et
3670 3709 3732 3764 hi
3763 3710 3819 3764 in

417 3801 631 3873 quibus
661 3799 928 3854 scissuras
954 3798 1207 3853 minores
1238 3796 1492 3863 erant,hi
1527 3801 1665 3850 sunt
1685 3795 1781 3864 qui
1816 3795 1964 3848 inter
1985 3810 2045 3848 se
2076 3793 2290 3848 habent
2322 3793 2532 3861 lites,et
2557 3800 2788 3866 propter
2815 3795 3082 3866 querelas
3104 3813 3240 3851 suas
3273 3796 3330 3849 in
3359 3797 3470 3852 ﬁde
3503 3797 3818 3870 languent;

417 3890 518 3946 sed
550 3888 719 3944 multi
752 3905 819 3943 ex
848 3887 920 3942 iis
950 3891 1192 3958 egerunt
1228 3883 1624 3957 pcenitentiam
1659 3901 1670 3938 :
1703 3883 1971 3952 idemque
2004 3883 2189 3936 caeteri
2225 3882 2434 3936 facient
2463 3884 2596 3952 (60),
2623 3883 2835 3937 auditis
2869 3884 3160 3938 mandatis
3195 3885 3377 3950 meis;
3411 3885 3629 3957 exigua
3663 3886 3819 3941 enim

418 3983 560 4034 sunt
587 3978 718 4033 lites
748 3993 968 4043 eorum,
1003 3993 1067 4030 ac
1100 3974 1263 4030 facile
1312 3975 1383 4028 ad
1419 3973 1814 4044 paenitentiam
1867 3976 2166 4026 recurrent
2196 3972 2328 4042 (61).
2364 3977 2436 4026 At
2466 3972 2523 4026 hi
2559 3973 2657 4044 qui
2692 3974 2940 4042 majores
2983 3973 3218 4039 habent,
3254 3975 3406 4028 sicut
3438 3973 3660 4045 lapides
3692 3993 3820 4046 per-

419 4068 641 4137 tinaces
671 4071 860 4124 erunt.
914 4064 1280 4119 simultatum
1317 4063 1427 4133 (62)
1460 4068 1516 4116 et
1567 4061 1919 4114 offensarum
1964 4065 2098 4114 sunt
2152 4076 2460 4130 memores,
2493 4061 2852 4115 iracundiam
2908 4061 3059 4115 inter
3089 4078 3150 4116 se
3180 4067 3530 4117 exercentes.
3565 4063 3634 4117 Hi
3685 4080 3820 4134 ergo

419 4155 630 4225 abjecti
661 4159 799 4210 sunt
831 4171 863 4209 a
889 4153 1058 4212 turri.
1092 4157 1147 4208 et
1177 4170 1206 4207 a
1242 4156 1536 4207 structura
1565 4151 1692 4219 ejus
1724 4149 2009 4220 reprobati
2046 4165 2058 4201 :
2095 4149 2432 4218 hujusmodi
2465 4165 2600 4220 ergo
2632 4148 2898 4203 homines
2931 4149 3165 4204 difﬁcile
3196 4151 3409 4204 vivent.
3444 4151 3600 4206 Deus
3630 4157 3681 4206 et
3716 4152 3822 4208 Do-

419 4245 618 4300 minus
649 4249 845 4299 noster
873 4243 971 4314 qui
1021 4242 1356 4297 dominatur
1385 4241 1652 4296 omnium
1705 4254 1917 4301 rerum,
1953 4241 2008 4292 et
2037 4242 2313 4292 creaturae
2349 4254 2466 4292 suae
2498 4238 2776 4293 universas
2810 4239 2979 4293 habet
3009 4239 3122 4308 (63)
3157 4244 3523 4310 potestatem,
3565 4241 3817 4297 offensas

414 4333 757 4388 meminisse
787 4349 901 4388 non
933 4331 1092 4398 vult;
1124 4331 1224 4386 sed
1255 4331 1324 4385 ab
1352 4330 1445 4384 his
1476 4329 1576 4399 qui
1609 4332 1844 4400 peccata
1873 4343 1979 4380 sua
2008 4326 2379 4390 conﬁtentur,
2415 4325 2580 4381 facile
2612 4327 2892 4398 placatur.
2927 4327 3110 4383 Homo
3141 4345 3275 4383 vero
3301 4345 3436 4383 cum
3469 4329 3547 4384 sit
3585 4329 3814 4402 langui-

413 4424 545 4490 dus,
597 4421 881 4492 mortalis,
934 4421 1203 4475 inﬁrmus
1256 4424 1311 4474 et
1341 4419 1596 4490 repletus
1626 4415 1898 4487 peccatis,
1953 4414 2177 4470 homini
2223 4420 2656 4486 perseveranter
2702 4416 2974 4470 irascitur
3025 4417 3091 4481 9°,
3141 4422 3420 4487 tanquam
3472 4434 3812 4473 conservare

413 4529 545 4568 cum
579 4511 765 4583 possit
795 4515 896 4565 aut
924 4511 1161 4582 perdere
1192 4510 1258 4564 θί.
1292 4509 1408 4580 Ego
1441 4513 1636 4562 autem
1667 4523 1768 4561 vos
1800 4504 2279 4575 moneo,nuntius
2312 4509 2367 4560 et
2395 4505 2739 4576 praepositus
2767 4506 3211 4576 pmnitentize,ut
3241 4506 3579 4578 quicunque
3602 4524 3811 4580 propo-

416 4619 527 4744 12⁸⁸
562 4618 766 4674 Matth.
799 4634 923 4684 xm,
971 4618 1061 4670 22.
1138 4617 1182 4650 ⁸³
1208 4615 1411 4672 Matth.
1446 4631 1559 4682 XIX,
1590 4615 1680 4684 23,
1729 4614 1836 4679 24;
1871 4612 2046 4667 Marc.
2080 4629 2137 4680 x,
2166 4612 2274 4680 23;
2310 4612 2444 4668 Luc.
2494 4629 2650 4681 xvru,
2683 4613 2772 4667 24.
2850 4613 2893 4647 ⁹⁰
2927 4612 3094 4668 Eccli.
3128 4631 3324 4681 xxvm,
3357 4615 3411 4668 3.
3490 4615 3532 4650 ’ί
3578 4615 3702 4670 Jac.
3737 4632 3809 4684 xv,

1571 4782 1808 4837 VARIIE
1848 4780 2236 4837 LECTlONES
2276 4781 2364 4835 ET
2404 4780 2632 4835 NOTE.

484 4889 598 4958 (45)
633 4886 783 4958 Mss.
808 4883 970 4956 Angl.
1003 4884 1294 4940 desideria.
1327 4883 1416 4936 Sic
1447 4886 1503 4937 et
1532 4880 1670 4936 edit.
1704 4881 1883 4935 Oxon.
2238 4878 2350 4948 (55)
2386 4879 2582 4958 bamb.
2612 4881 2780 4934 simul
2824 4880 3105 4936 audientes
3152 4885 3582 4954 persecutionem
3628 4894 3677 4939 et
3727 4887 3809 4939 in-

507 4950 597 5019 46)
635 4957 829 5012 Lamb.
866 4950 1140 5012 tormenti.
2163 4950 2460 5006 commoda.

507 4961 597 5019 46)
635 4961 829 5012 Lamb.
866 4961 1140 5012 tormenti.
2163 4961 2460 5006 commoda.

483 4961 595 5103 é47)
625 5029 732 5103 Sic.
770 5045 911 5103 mss.
949 5030 1098 5082 Vict.
1134 5032 1189 5082 et
1217 5029 1516 5096 Carm.pro
1545 5023 1795 5093 quia.Sic
1827 5027 1883 5077 et
1915 5024 2051 5078 edit.
2380 5023 2581 5103 bamb.
2611 5023 2796 5103 deest,
2828 5023 3023 5103 uideri.

414 5093 596 5158 Ox‘on'.
633 5100 721 5154 Al.
754 5101 869 5171 qui.
1310 5169 1318 5171 Α
1415 5093 1430 5096 “
1504 5169 1509 5171 Α
1653 5168 1660 5171 _
2169 5164 2199 5171 Δ
2234 5093 2343 5163 (57)
2385 5094 2534 5171 Mss.
2591 5093 2763 5171 Angl.
2812 5097 3407 5171 fatuaﬂprwsumptio.
3467 5097 3607 5153 Felli
3667 5099 3803 5154 edit.

482 5175 593 5244 (48)
629 5164 827 5226 Lam'b.
861 5171 956 5244 qui
980 5171 1239 5242 plurimis
1263 5169 1510 5244 obstricti
1537 5168 1662 5244 sunt
1683 5167 1943 5244 negotiis.
2163 5164 2340 5244 Giton.
2375 5164 3076 5244 teWraﬁa_pr$sumptz'o.

485 5236 594 5314 (49)
629 5245 764 5299 Mss.
799 5236 1049 5314 Anglfli
1078 5257 1218 5296 vero.
1255 5241 1344 5295 Sic
1376 5245 1431 5295 et
1461 5237 1599 5294 Felli
1633 5237 1768 5292 edit.
1798 5238 1977 5292 Oxon.
2232 5237 2343 5314 (58)
2376 5237 2515 5314 Mss.
2750 5240 2987 5304 cognito.

483 5309 593 5386 (50)
627 5317 762 5370 Mss.
795 5309 962 5386 Angl.
998 5314 1187 5368 vocati.
2231 5309 2343 5386 (58)
2369 5309 2524 5386 Mss._
2548 5310 2713 5386 Angl.
2749 5313 3022 5363 exercent.

486 5379 596 5456 (51)
628 5386 711 5440 Al.
746 5379 1168 5442 conversionem.
2369 5379 2567 5456 Lamb.
2605 5380 2825 5449 ideoque
2853 5390 3052 5436 caetera
3079 5383 3319 5450 faciunt.

507 5449 599 5523 52)
628 5458 714 5512 Al.
742 5459 1016 5528 plurimas
1042 5458 1260 5522 herbas,
1292 5470 1549 5524 quarum.
2373 5451 2573 5528 bamb.
2607 5457 2917 5528 recurrunt.

481 5461 499 5672 ἓ

502 5592 594 5670 54)
623 5599 822 5656 Lamb.
870 5592 1030 5656 nvulla
1060 5599 1436 5671 fundamenta.
1468 5597 1561 5653 Sic
1610 5598 1667 5651 et
1720 5593 1859 5652 Felli
1906 5592 2044 5649 edit.
2154 5592 2419 5671 tibuﬁet.

506 5521 597 5600 53)
627 5521 774 5600 Mss.
803 5531 968 5600 Angl.
1002 5530 1202 5600 calore.
1250 5521 1254 5522 ν
1298 5521 1315 5524 ’
1475 5597 1522 5600 __
1652 5598 1657 5600 _
1720 5595 1759 5600 _
2162 5521 2338 5600 ___(62)
2389 5522 2584 5600 _Lamb.
2636 5523 2816 5592 deest,
2863 5524 3228 5579 simultatum.
3279 5523 3366 5580 Al.
3420 5526 3478 5581 in
3543 5526 3792 5584 simulta-

411 5663 592 5728 Ox‘on'.
1060 5663 1070 5671 ’
2225 5664 2337 5737 (63)
2369 5663 2570 5721 Lamb.
2604 5664 2828 5723 habens.
