4008 6350
67 416 248 477 1001
1195 415 1527 476 PASTOR.
1562 447 1637 456 —

1919 413 1966 472 Ι.
2017 414 2252 473 SIMIL.
2300 414 2406 473 IX.
3345 418 3499 474 1002

68 549 274 604 situm
306 547 422 604 tale
452 548 563 619 (64)
594 547 843 613 habetis,
875 548 1178 619 deponatis
1223 546 1389 613 illud,
1416 551 1474 602 et
1517 547 1586 600 ad
1621 545 2019 618 pcnnitentiam
2053 548 2400 602 recurratis:
2436 551 2493 599 et
2525 545 2804 599 Dominus
2838 547 3167 601 medebitur
3211 548 3504 618 prioribus

66 636 328 692 delictis
374 635 582 693 vestris
615 636 750 708 (65),
798 636 848 692 si
878 636 948 691 ab
981 635 1089 691 hoc
1123 636 1410 692 daemonio
1441 651 1544 691 vos
1574 633 2018 706 puriﬁcaveritis
2049 650 2060 690 :
2096 635 2184 689 sin
2219 635 2435 704 minus,
2488 635 2558 688 ad
2592 637 2841 688 mortem
2874 635 3187 691 trademini
3217 635 3321 690 illi.

1540 749 1777 806 CAPUT
1807 750 2000 805 XXIV.

152 851 246 905 De
279 855 476 906 monte
530 867 665 905 vero
697 850 942 920 septimo
1004 850 1063 905 in
1121 867 1236 921 quo
1293 850 1506 905 virides
1537 853 1594 904 et
1630 848 1845 904 hilares
1875 852 2040 903 erant
2070 847 2281 918 herbae,
2311 851 2367 904 et
2415 852 2573 904 totus
2604 865 2773 904 mons
2805 849 3013 904 fertilis
3045 854 3187 916 erat,
3225 865 3516 920 omneque

71 957 283 1013 genus
316 941 607 1011 pecudum
622 941 938 1010 carpebant
964 939 1246 1010 pabulum
1276 956 1345 994 ex
1387 938 1579 994 herbis
1611 939 1829 994 montis
1859 938 2165 1008 ejusdem;
2200 942 2256 992 et
2285 941 2504 1007 quanto
2539 937 2726 1008 magis
2749 937 2940 992 herbas
2963 937 3072 992 illae
3105 940 3513 1010 carpebantur,

69 1034 259 1092 tanto
291 1028 540 1084 laetiores
587 1028 918 1084 revirehant
965 1028 1112 1098 (66):
1171 1027 1508 1096 hujusmodi
1562 1031 1700 1081 sunt
1754 1026 1851 1096 qui
1913 1026 2299 1092 crediderunt,
2346 1026 2645 1097 simplices
2677 1032 2732 1081 et
2782 1027 2917 1082 boni
2961 1043 3191 1099 semper
3239 1033 3294 1082 et
3325 1027 3516 1082 nullas

65 1117 376 1173 habentes
402 1116 554 1172 inter
599 1133 661 1171 se
690 1116 1084 1171 dissensiones
1113 1134 1124 1182 ;
1160 1116 1260 1170 sed
1309 1116 1569 1171 laetantes
1590 1132 1820 1186 semper
1849 1115 1919 1170 de
1944 1116 2126 1170 servis
2157 1115 2278 1182 Dei,
2313 1115 2499 1170 induti
2531 1114 2802 1186 spiritum
2855 1117 3146 1186 virginum
3173 1116 3379 1171 harum
3408 1133 3418 1170 :
3457 1122 3519 1171 et

73 1222 331 1277 semper
379 1205 438 1259 in
469 1221 673 1260 omnes
702 1203 970 1259 homines
1000 1204 1112 1274 (67)
1145 1205 1216 1257 ad
1249 1204 1570 1258 faciendam
1594 1203 2053 1259 misericordiam
2087 1204 2360 1274 prompti,
2392 1207 2449 1258 et
2479 1203 2548 1258 de
2577 1202 2873 1258 laboribus
2905 1205 3028 1260 suis
3059 1205 3285 1259 cunctis
3336 1205 3519 1260 homi-

80 1295 278 1350 nibus
311 1292 480 1349 facile
510 1293 833 1348 tribuentes
866 1293 992 1348 sine
1022 1292 1373 1363 improperio
1406 1297 1462 1347 et
1492 1291 1928 1347 deliberatione.
1961 1291 2095 1346 Visa
2126 1291 2303 1363 igitur
2323 1291 2604 1346 Dominus
2627 1291 2998 1362 simplicitate
3021 1297 3077 1348 et
3103 1293 3520 1350 omniinfantia

75 1399 325 1449 eorum,
397 1382 557 1438 auxit
629 1397 726 1438 eos
781 1382 840 1435 in
870 1381 1170 1436 laboribus
1201 1397 1484 1436 manuum
1516 1397 1781 1448 suarum,
1805 1385 1862 1436 et
1891 1381 2050 1436 dedit
2081 1379 2162 1435 eis
2193 1380 2252 1434 in
2283 1382 2442 1435 omni
2503 1397 2673 1452 opere
2729 1382 2839 1451 (68)
2871 1382 3140 1452 gratiam.
3176 1384 3289 1453 Ego
3321 1389 3514 1438 autem

77 1474 302 1530 hortor
346 1489 470 1540 vos,
505 1471 853 1542 priapositus
891 1469 1239 1541 pcnnitentiae
1267 1469 1533 1535 nuntius,
1565 1470 1625 1524 in
1657 1470 1859 1524 eodem
1900 1470 2193 1541 proposito
2226 1485 2586 1540 permanere,
2628 1469 2960 1541 quicunque
2989 1472 3130 1526 estis
3161 1471 3522 1542 hujusmodi,

84 1578 162 1618 ne
185 1561 522 1617 eradicatur
550 1575 750 1615 semen
779 1562 1037 1614 vestrum
1070 1557 1130 1612 in
1161 1575 1370 1613 aavum.
1403 1557 1684 1613 Dominus
1705 1557 1860 1612 enim
1889 1573 1992 1613 vos
2021 1557 2304 1629 probavit,
2329 1562 2387 1613 et
2408 1558 2754 1628 conscripsit
2793 1558 2850 1612 in
2874 1563 3140 1613 nostrum
3173 1575 3481 1615 numerum
3515 1579 3528 1626 ;

85 1656 147 1707 et
180 1664 366 1706 omne
395 1664 596 1705 semen
642 1649 751 1720 (69)
776 1652 1034 1703 vestrum
1085 1662 1220 1702 cum
1252 1646 1391 1702 Filio
1423 1647 1523 1704 Dei
1555 1645 1761 1702 ditavit
1790 1647 1938 1716 (70);
1973 1647 2043 1701 de
2073 1647 2290 1718 Spiritu
2321 1647 2476 1703 enim
2535 1647 2651 1717 (7t)
2709 1648 2837 1717 ejus
2883 1647 3023 1703 estis
3082 1664 3302 1705 omnes.

1670 1771 1901 1827 CAPUT
1942 1772 2107 1827 XXV.

171 1873 256 1928 De
287 1875 490 1928 octavo
521 1886 654 1926 vero
706 1875 922 1936 monte,
964 1869 1024 1924 in
1056 1886 1171 1940 quo
1203 1869 1440 1941 plurimi
1469 1873 1633 1924 erant
1664 1869 1873 1939 fontes,
1906 1870 1964 1924 in
1996 1870 2210 1940 quibus
2234 1871 2348 1942 (72)
2381 1869 2787 1940 adaquabatur
2817 1886 2988 1927 omne
3020 1887 3204 1942 genus
3238 1877 3532 1934 creaturae,

93 1962 197 2017 Dei
231 1980 242 2016 :
279 1960 429 2015 tales
461 1963 598 2014 sunt
627 1958 726 2030 qui
755 1958 1129 2013 crediderunt
1153 1957 1456 2030 apostolis,
1491 1974 1639 2028 quos
1695 1958 1856 2013 misit
1894 1957 2179 2013 Dominus
2211 1959 2269 2012 in
2303 1963 2489 2014 totum
2535 1959 2734 2014 orbem
2788 1960 3129 2029 praedicare;
3193 1965 3248 2015 et
3298 1962 3533 2033 quidam

93 2051 397 2117 doctores,
434 2047 534 2118 qui
567 2047 679 2118 (73)
714 2051 870 2102 caste
900 2049 958 2101 et
988 2045 1212 2102 sincere
1242 2046 1698 2117 praedicaverunt
1729 2063 1794 2100 ac
1834 2045 2175 2112 docuerunt,
2212 2062 2317 2101 nec
2377 2047 2699 2118 quidquam
2759 2047 2996 2102 omnino
3059 2050 3537 2120 subscripserunt

98 2138 270 2193 malas
306 2135 610 2208 cupiditati
637 2154 649 2191 :
683 2135 784 2190 sed
813 2135 1050 2190 assidue
1080 2134 1138 2188 in
1180 2135 1448 2205 aquitate
1479 2138 1536 2190 et
1564 2134 1675 2205 (74)
1706 2135 1944 2190 veritate
1977 2133 2438 2190 ambulaverunt.
2473 2134 2539 2190 Hi
2571 2150 2706 2206 ergo
2739 2135 2892 2190 inter
2948 2136 3184 2208 angelos
3229 2153 3533 2192 conversa-

107 2229 336 2283 tionem
369 2224 606 2279 habent.

1624 2293 1856 2349 CAPUT
1887 2294 2076 2348 XXVI.

175 2401 254 2451 De
287 2411 444 2450 nono
478 2397 673 2448 autem
705 2395 902 2448 monte
926 2393 1176 2462 deserto,
1210 2409 1275 2447 ac
1304 2393 1604 2463 serpentes
1635 2391 1885 2446 habente
1915 2393 2027 2462 (75)
2056 2411 2068 2447 :
2105 2392 2446 2461 hujusmodi
2477 2396 2615 2447 sunt
2649 2392 2749 2464 qui
2781 2393 3184 2462 crediderunt;
3220 2396 3319 2451 sed
3343 2401 3399 2450 et
3429 2397 3540 2466 (76)

109 2484 378 2541 maculas
408 2483 722 2538 habebant.
758 2481 826 2536 Hi
858 2485 997 2536 sunt
1020 2481 1276 2536 ministri
1311 2480 1458 2536 male
1490 2480 1885 2535 ministerium
1919 2481 2528 2552 agentes,diripientes
2557 2481 2867 2536 viduarum
2899 2483 3053 2538 bona
3069 2483 3540 2555 etpupillorum;

111 2575 246 2641 sibi,
276 2591 399 2630 non
431 2572 657 2637 aliis,ex
687 2571 780 2625 his
811 2587 939 2642 quis
967 2574 1333 2642 acceperunt,
1367 2569 1788 2625 ministrantes.
1816 2570 1962 2638 Hi,si
1994 2571 2106 2642 (77)
2141 2570 2572 2642 permanserint
2596 2570 2656 2625 in
2679 2572 2880 2626 eadem
2912 2571 3255 2644 cupiditate,
3280 2575 3455 2629 morti
3483 2592 3543 2630 se

111 2664 506 2727 tradiderunt,
548 2677 653 2716 nec
705 2659 824 2714 ulla
852 2659 964 2715 erit
991 2658 1051 2713 in
1085 2659 1167 2714 eis
1199 2675 1334 2730 spes
1359 2658 1509 2725 vitas,
1542 2659 1695 2730 quod
1730 2659 1778 2712 si
1810 2659 2074 2713 conversi
2117 2659 2355 2724 fuerint,
2402 2662 2458 2713 et
2490 2663 2646 2714 caste
2697 2662 3236 2716 consummaverint
3280 2663 3542 2718 ministe-

112 2753 264 2807 rium
297 2752 796 2820 suum,poterunt
825 2749 1035 2804 vivere.
1078 2748 1184 2811 Qui
1212 2765 1344 2803 vero
1394 2748 1652 2802 scabrosi
1685 2748 1893 2819 reperti
1929 2751 2087 2812 sunt,
2119 2748 2159 2801 ii
2205 2753 2342 2803 sunt
2399 2748 2498 2818 qui
2521 2764 2731 2803 nomen
2791 2749 3022 2804 Domini
3082 2751 3538 2822 abnegaverunt,

114 2858 217 2897 nec
246 2842 360 2912 (78)
393 2841 465 2895 ad
497 2838 808 2894 Dominum
837 2855 1042 2893 rursus
1075 2837 1392 2904 redierunt,
1424 2837 1523 2892 sed
1549 2843 1807 2908 agrestes
1836 2840 2148 2892 evaserunt
2174 2841 2347 2909 atque
2381 2838 2614 2905 deserti,
2666 2854 2781 2892 non
2813 2839 3174 2910 applicantes
3206 2857 3266 2895 se
3297 2842 3368 2895 ad
3402 2841 3535 2907 Dei;

116 2947 310 2986 servos
337 2947 350 2997 ;
387 2928 489 2984 sed
522 2928 775 2999 separati
808 2928 878 2981 ab
910 2926 1014 2995 eis,
1050 2943 1152 2998 pro
1184 2943 1360 2997 parva
1390 2925 1781 2982 sollicitudine
1810 2925 1988 2980 vitam
2023 2942 2192 2980 suam
2224 2925 2571 2981 amiserunt.
2602 2926 2765 2981 Sicut
2793 2927 2949 2982 enim
2980 2928 3115 2983 vitis
3159 2927 3356 3000 aliqua
3381 2930 3542 2984 dere-

119 3019 255 3074 licta
275 3019 335 3072 in
372 3033 533 3089 sepe,
556 3016 648 3071 cui
693 3015 856 3071 nulla
885 3015 1111 3071 cultura
1141 3015 1446 3086 contingit,
1475 3015 1718 3086 disperit
1747 3031 1814 3069 ac
1841 3015 2163 3069 suffocatur
2192 3015 2262 3069 ab
2311 3015 2530 3081 herbis,
2581 3020 2638 3070 et
2693 3016 2941 3088 agrestis
2989 3021 3249 3088 tempore
3296 3018 3545 3072 efficitur

119 3107 352 3177 (desinit
382 3106 540 3162 enim
593 3104 754 3160 utilis
773 3121 901 3160 esse
934 3105 1171 3159 domino
1199 3106 1361 3175 suo):
1397 3105 1479 3159 sic
1509 3107 1565 3157 et
1595 3103 1934 3173 hujusmodi
1963 3103 2230 3158 homines
2271 3104 2339 3158 de
2374 3103 2583 3175 seipsis
2614 3104 2990 3176 desperantes
3030 3107 3160 3175 (79),
3193 3107 3541 3172 exacerbati,

119 3196 360 3251 Domino
395 3211 503 3250 suo
552 3193 788 3249 inutiles
821 3210 948 3250 esse
981 3199 1300 3264 casperunt.
1334 3192 1434 3248 His
1465 3209 1599 3264 ergo
1640 3193 1878 3247 demum
1908 3194 2213 3262 datur(80)
2243 3192 2604 3262 paenitentia,
2629 3194 2677 3247 si
2711 3211 2823 3248 non
2855 3210 2924 3248 ex
2953 3195 3286 3265 praecordiis
3319 3196 3543 3251 inventi

123 3286 335 3340 fuerint
363 3285 724 3355 denegasse:
749 3283 905 3354 quod
938 3282 986 3337 si
1019 3283 1152 3354 quis
1191 3300 1260 3337 ex
1289 3282 1624 3354 praecordiis
1656 3282 1929 3337 inventus
1947 3281 2121 3336 fuerit
2144 3283 2484 3353 denegasse,
2534 3299 2609 3337 an
2638 3283 2750 3354 (84)
2806 3283 2988 3337 vitam
3047 3285 3283 3354 assequi
3338 3285 3544 3355 possit,

124 3375 342 3446 ignoro.
367 3374 616 3443 Ideoque
650 3371 800 3438 dico,
833 3375 899 3426 ut
930 3369 988 3425 in
1020 3370 1112 3425 his
1140 3370 1368 3437 diebus,
1402 3371 1451 3425 si
1482 3369 1613 3441 quis
1643 3370 1892 3442 negavit,
1929 3370 1998 3425 ad
2037 3370 2149 3441 (82)
2205 3370 2604 3439 paenitentiam
2662 3375 3026 3440 revertatur;
3070 3388 3206 3426 nam
3259 3373 3382 3428 fieri
3432 3391 3549 3428 non

126 3466 309 3533 potest
340 3465 407 3516 ut
439 3476 594 3516 nunc
624 3459 938 3515 Dominum
975 3475 1148 3514 suum
1173 3459 1306 3530 quis
1339 3459 1636 3530 abnegans
1665 3458 1778 3529 (83)
1810 3462 2010 3529 postea
2040 3457 2274 3527 assequi
2321 3458 2506 3529 possit
2560 3457 2845 3524 salutem;
2905 3460 3005 3514 sed
3059 3459 3175 3514 illis
3235 3465 3551 3532 reputatur

129 3550 419 3621 proposita
447 3547 806 3620 pcenitentia,
835 3548 935 3619 qui
967 3546 1105 3602 olim
1139 3547 1591 3619 abnegaverunt.
1625 3546 1960 3602 Accelerare
1991 3545 2145 3601 enim
2177 3547 2280 3617 qui
2313 3553 2553 3602 acturus
2584 3551 2672 3602 est
2701 3547 3109 3618 paenitentiam
3149 3550 3338 3617 debet,
3379 3555 3545 3606 ante-

130 3656 298 3709 quam
332 3642 648 3710 peragatur
676 3636 984 3692 aediﬁcatio
1012 3635 1195 3692 turris
1227 3636 1407 3707 hujus
1434 3653 1450 3704 ;
1482 3637 1572 3691 sin
1607 3635 1824 3702 minus,
1858 3653 1892 3690 a
1923 3635 2267 3691 mulieribus
2299 3635 2413 3691 illis
2442 3636 2707 3691 trahetur
2737 3638 2752 3707 (
2786 3639 2880 3707 84)
2913 3639 2984 3692 ad
3004 3644 3269 3694 mortem.
3297 3640 3402 3704 Qui
3417 3658 3548 3697 vero

129 3729 236 3799 (85)
264 3728 433 3796 curti,
470 3725 653 3782 dolosi
685 3730 845 3797 sunt,
879 3729 936 3780 et
966 3724 1118 3781 alius
1145 3726 1205 3780 in
1232 3725 1413 3780 alium
1446 3725 1990 3790 comminiscentes;
2023 3724 2082 3778 hi
2114 3730 2252 3779 sunt
2283 3729 2580 3796 serpentes
2606 3726 2665 3780 in
2698 3743 2764 3781 eo
2787 3731 2984 3782 monte
3010 3728 3362 3784 misti.Sicut
3388 3731 3542 3785 enim

131 3818 487 3874 mortiferum
519 3820 608 3871 est
632 3814 971 3870 hominibus
1002 3820 1340 3887 serpentum
1371 3831 1681 3880 venenum,
1715 3814 1797 3869 ita
1827 3818 1883 3869 et
1911 3814 2084 3868 verba
2104 3813 2311 3869 talium
2341 3813 2612 3869 inficiunt
2642 3815 2753 3885 (86)
2785 3814 3052 3872 homines
3074 3821 3248 3888 atque
3269 3819 3538 3888 perdunt.

131 3905 281 3961 Curti
337 3909 484 3962 sunt
542 3903 719 3976 igitur
749 3904 860 3972 (87)
892 3921 925 3958 a
955 3903 1068 3959 fide
1098 3920 1225 3971 sua,
1257 3908 1492 3975 propter
1522 3903 1629 3959 hoc
1659 3919 1844 3976 genus
1869 3903 1996 3958 vitai
2028 3919 2145 3957 suae
2175 3902 2235 3956 in
2269 3919 2382 3974 quo
2413 3909 2719 3959 morantur
2748 3905 2878 3975 (88).
2925 3905 3118 3976 Aliqui
3147 3923 3278 3962 vero
3311 3923 3534 3973 eorum,

133 3999 356 4066 accepta
386 3993 745 4068 pmnitentia,
773 3992 1026 4048 assecuti
1057 3995 1195 4048 sunt
1223 3992 1512 4060 salutem;
1547 3993 1648 4047 sed
1679 3996 1736 4047 et
1767 3992 1960 4047 caeteri
1991 3991 2333 4062 hujusmodi
2372 3992 2640 4049 homines
2679 4010 2837 4065 asque
2884 4000 3289 4067 assequentur,
3322 3996 3372 4050 si
3402 4011 3534 4067 ege-

137 4083 248 4138 rint
274 4083 710 4156 paenitentiam:
752 4081 842 4138 sin
874 4081 1094 4153 minus,
1127 4081 1449 4138 morientur
1487 4097 1618 4137 cum
1651 4080 1998 4137 mulieribus
2056 4081 2170 4152 (89)
2225 4080 2360 4152 illis,
2411 4099 2662 4153 quarum
2719 4083 2835 4138 vim
2893 4083 3195 4155 possident
3250 4102 3315 4140 ac
3373 4090 3543 4156 pote-

142 4175 361 4229 statam.

1363 4311 1603 4368 νΑΡιΙλΕ
1634 4311 2026 4368 LECTIONES
2057 4311 2146 4366 ET
2175 4311 2400 4366 NOTE.

214 4455 322 4526 (64)
355 4457 557 4512 Lamb.
593 4455 930 4526 hujusmodi.
989 4525 998 4526 7
1369 4525 1374 4526 7
1418 4525 1427 4526 7
1969 4454 2080 4526 (‘78)
2114 4453 2304 4526 Lamb.
2332 4453 2567 4526 desunt,
2611 4455 2719 4509 ii...
2752 4471 2867 4510 nec.

237 4475 322 4526 0‘1)
357 4475 557 4512 Lamo.
593 4475 943 4581 "1711503001..
1027 4527 1035 4536 7
1181 4526 1190 4537 7
1446 4527 1454 4536 7
1969 4475 2080 4524 (ID)
2114 4475 2304 4508 ιδᾶῐΠυ.
2339 4475 2567 4519 αδδυῐιι,
2611 4475 2719 4509 ιι...
2752 4475 2867 4510 nec.

237 4527 324 4608 65)
353 4527 494 4608 Mss.
527 4533 656 4608 Ang
687 4569 698 4581 .
733 4525 1289 4608 remediabitnprzora
1344 4525 1539 4608 delicta
1580 4535 1784 4608 vestra.
2108 4524 2277 4608 71730dl.
2305 4525 2739 4608 despondentes."
2788 4602 2796 4608 7
2854 4599 2890 4608 77
3006 4603 3013 4608 7
3053 4601 3091 4608 77
3260 4603 3295 4608 77
3385 4604 3390 4607 7

157 4595 338 4653 Fellus
367 4606 563 4656 autem
597 4595 652 4654 in
705 4615 814 4654 sua
869 4597 1007 4652 edit.
1064 4595 1244 4652 Oxon.
1296 4597 1540 4652 remedia
1590 4599 1784 4669 provi-
1970 4595 2084 4665 (80)
2108 4596 2191 4650 Ita
2221 4612 2364 4650 mss.
2392 4597 2558 4665 Angl.
2591 4603 2646 4652 et
2675 4598 2825 4654 Vict.
2854 4599 2936 4654 Ita
2967 4603 3023 4654 et
3051 4600 3344 4657 Felliedit.
3365 4604 3547 4659 Oxon.

154 4665 306 4722 debit.
1898 4667 1966 4721 Al
2002 4668 2400 4723 demandatur.

187 4683 306 4722 eozt.
1898 4683 1966 4721 Al
2002 4683 2400 4722 aemanaatur.

223 4739 325 4815 (66)
353 4739 695 4815 Mss._Angl.
729 4739 1114 4815 recrescebant.
1904 4810 1942 4815 _
1970 4738 2084 4815 (7871)
2117 4739 2209 4815 Sic
2241 4756 2385 4815 mss.
2421 4739 2791 4815 Angl.,7Vict.
2827 4746 2881 4796 et
2931 4743 3120 4797 Carm.
3175 4745 3267 4798 Sic
3327 4761 3552 4815 quoque

361 4812 562 4891 Lamb.
599 4809 849 4891 amnibus
899 4811 1208 4868 homnibus.
1903 4809 2043 4891 Felli
2079 4810 2432 4891 edit:70xon7.
2610 4813 2822 4866 inventi
2875 4815 3088 4883 fuerint
3139 4809 3396 4884 negasse:
3441 4809 3553 4891 an,

245 4881 329 4956 678)
361 4881 562 4956 Lamb.
598 4889 856 4954 tempore.
1904 4881 2267 4956 intermediis
2301 4882 2539 4956 omissis
2566 4899 2576 4936 :
2617 4899 2742 4954 quae
2775 4881 2915 4938 sane
2938 4881 3240 4940 contextus
3291 4888 3554 4956 requirit,

247 4951 333 5075 69)
363 4955 562 5010 Lamb.
593 4951 782 5026 geniis.
1903 4951 2290 5022 videnturque
2319 4954 2390 5007 ob
2425 4951 2737 5008 nonnullas
2768 4957 3042 5026 repetitas
3071 4974 3237 5012 voces
3251 4951 3553 5012 excidisse;

248 5023 314 5075 7O
365 5027 560 5075 Lamb.
595 5028 775 5075 deest.
810 5025 1028 5075 ditavit.
1062 5023 1224 5075 Bodl.
1257 5023 1568 5075 habitabit:
1618 5039 1794 5075 uuam
1976 5023 2086 5075 (8'2)
2131 5025 2325 5075 Lamb.
2386 5026 2679 5075 insatiatus
2719 5027 2921 5075 alinuz‘s
2967 5028 3036 5075 ad
3089 5032 3276 5075 nam].
3344 5029 3548 5075 Fellus,

315 4884 333 5093 ξ

278 5023 333 5106 ρ)
365 5027 560 5082 Lamb.
595 5023 775 5107 deest.
810 5025 1028 5107 ditavit.
1062 5023 1224 5106 Bodl.
1257 5023 1568 5107 liabitabit:
1599 5039 1794 5107 7quam
1947 5023 2086 5107 7(8'2)
2131 5025 2325 5107 Lamb.
2381 5026 2679 5107 insatiatus
2719 5023 2921 5097 aliquis
2967 5028 3036 5081 ad
3086 5032 3278 5099 panit.
3343 5029 3554 5097 Fellus,

169 5089 460 5164 lectionem
493 5104 731 5153 secutus
761 5101 849 5152 est
881 5095 1073 5152 Fellus
1105 5095 1163 5149 in
1221 5095 1549 5150 edit.Oxon.
1583 5089 1654 5149 Αἰ
1683 5111 1794 5150 ms.
1905 5097 1954 5148 si
1983 5089 2103 5164 quis
2127 5094 2430 5162 denegavit.

178 5161 308 5242 Vict:
327 5167 628 5242 deputavit:
871 5239 882 5242 _

1982 5161 2092 5236 (83)
2127 5161 2328 5221 Lamb.
2359 5167 2596 5222 Ecclesia
2619 5167 2912 5240 abnegans.
2965 5168 3178 5239 Fellus,
3213 5173 3262 5225 si
3309 5173 3429 5242 quis
3459 5173 3558 5226 ab-

255 5237 340 5307 771)
371 5237 570 5296 Lamb.
601 5241 764 5296 deest
791 5239 957 5294 enim.
1913 5252 2143 5307 negans.

253 5306 340 5382 2v
368 5310 559 5382 Lamb-
591 5328 662 5367 ea:
687 5310 904 5382 quibus.
1986 5306 2097 5382 (84)
2131 5307 2334 5382 μαωξ).
2365 5308 2633 5382 tradetur-

262 5376 346 5453 13)
368 5380 501 5453 Mss.
534 5376 711 5453 Angl:
731 5383 894 5437 deest
921 5382 1041 5452 qui.
1988 5376 2100 5453 (85)
2131 5380 2334 5453 Lamb.
2370 5379 2429 5453 lii
2448 5395 2592 5453 vero.

265 5448 349 5525 2’3)
379 5451 571 5525 Lamb.
605 5448 816 5509 desunt
843 5448 1120 5525 dignitate
1139 5458 1206 5506 et.
1986 5448 2100 5525 (86)
2132 5450 2326 5525 Lamb.
2361 5450 2659 5522 decipiunt.

267 5518 354 5596 Z57)
380 5522 537 5580 Bodl.
569 5518 1197 5596 serpentibus'habitato.
1990 5523 2101 5596 (87)
2136 5523 2333 5596 Lamb.
2368 5518 2534 5577 enini.

250 5588 499 5732 (76)Mss.
535 5588 710 5670 Angl.
743 5604 936 5676 quiet.
1332 5667 1341 5676 7
1991 5588 2103 5664 (88)
2137 5594 2332 5649 Lamb.
2367 5596 2424 5648 in
2457 5609 2558 5664 quo
2591 5595 2925 5651 moriantur.
2955 5596 3117 5653 Bodl.
3150 5601 3207 5653 in
3241 5617 3345 5670 quo
3367 5609 3573 5662 morati

274 5659 334 5713 77
386 5664 581 5724 Lamb.
629 5669 737 5724 sibi
784 5668 927 5722 alios
964 5681 1035 5722 ex
1061 5667 1371 5722 ministerio
1418 5665 1558 5732 quod
1586 5680 1809 5732 accepe-
1919 5668 2067 5720 sunt.

274 5659 356 5740 777)
386 5664 581 5740 Lamb.
628 5659 927 5724 Ezbi'alios
964 5681 1035 5722 ex
1061 5667 1371 5722 ministerio
1418 5665 1558 5740 quod
1586 5680 1809 5739 accepe-
1919 5659 2067 5740 sunt.

195 5733 329 5800 runt,
358 5737 662 5796 ministrare
689 5747 976 5809 cogentes:
1009 5740 1080 5796 si.
1424 5733 1442 5740 ⁷
1705 5733 1725 5739 ⁷
1999 5735 2110 5813 (89)
2143 5736 2337 5796 Lamb.
2367 5753 2401 5794 a
2419 5736 2764 5795 mulieribus.

452 5865 712 5933 PAIBOL.
760 5867 870 5932 Gn.
917 5865 996 5932 ll.
3210 5871 3291 5932 32
