2018 3178
259 181 338 213 1003
1009 176 1042 206 S.

1164 175 1216 206 ΜΕ
1887 173 1961 205 1001

981 234 1099 283 CAPUT
1118 255 1226 283 XXVII.

295 324 334 350 De
348 321 461 349 decimo
476 327 542 347 vero
557 319 666 351 monte,
681 316 711 344 in
724 324 781 352 quo
797 316 914 344 arbores
929 317 1012 343 erant
1025 317 1154 351 tegentes
1170 325 1292 352 pecora:
1308 317 1382 346 tales
1397 318 1466 345 sunt
1479 316 1529 352 qui
1545 315 1732 344 crediderunt
1760 314 1884 351 quidam
1905 316 1960 350 epi-

261 367 353 403 scopi,
369 366 399 394 id
413 367 459 394 est
473 363 612 401 praesides
627 361 821 390 Ecclesiarum
837 361 904 397 (90).
920 360 976 388 Alii
988 369 1065 396 vero,
1081 360 1112 388 hi
1126 360 1237 397 lapides
1253 362 1303 397 qui
1318 371 1376 390 non
1393 362 1470 397 (icto,
1485 361 1536 389 sed
1552 360 1641 388 alacri
1656 360 1712 395 (91)
1736 360 1836 388 animo
1849 367 1963 395 semper

260 412 291 440 in
307 412 410 440 domos
429 418 499 438 suas
508 416 607 437 servos
623 407 672 435 Dei
687 408 876 442 receperunt;
892 406 920 433 et
934 405 1037 433 deinde
1052 405 1102 441 qui
1118 406 1256 442 praesides
1266 408 1336 434 sunt
1345 405 1641 441 ministeriorum.qui
1656 407 1685 433 et
1699 405 1801 441 inopes
1815 407 1844 432 et
1861 404 1963 433 viduas

261 457 448 493 protexerunt
462 454 528 491 (92),
544 455 573 481 et
587 454 697 480 castam
713 452 852 487 perpetuo
868 450 1116 478 conversationem
1131 450 1306 479 habuerunt.
1322 452 1396 487 Ergo
1412 451 1443 478 hi
1457 449 1746 478 hominesaDomino
1758 452 1962 486 proteguntur.

261 502 326 530 Haec
341 500 509 537 quicunque
524 498 636 534 egerint
650 496 717 532 (93);
733 495 868 523 honorati
883 497 952 523 sunt
966 495 1042 531 apud
1057 495 1213 523 Dominum
1226 504 1232 523 :
1249 498 1278 524 et
1290 495 1367 524 inter
1380 496 1500 524 nuntios
1525 495 1607 523 locus
1626 503 1727 523 eorum
1754 497 1809 529 est,
1826 495 1852 522 si
1868 503 1963 531 perseo

258 545 421 575 veraverint
435 552 529 580 usque
544 543 574 571 in
590 540 873 570 consummationem
888 547 989 576 parere
1004 540 1136 568 Domino.

957 611 1075 638 CAPUT
1090 611 1211 639 XXVIII.

293 679 332 705 De
344 674 499 704 undecimo
515 673 624 705 monte,
640 670 672 699 in
695 678 751 706 quo
762 668 1039 697 erantarboresaliis
1046 671 1133 705 atque
1145 669 1211 697 aliis
1220 670 1362 698 fructibus
1369 671 1495 698 oneratae
1506 669 1563 705 (94)
1576 678 1582 697 :
1595 670 1624 697 hi
1635 669 1761 705 suntqui
1774 670 1960 698 crediderunt

256 723 285 750 et
298 722 417 758 propter
443 726 551 746 nomen
565 715 682 744 Domini
698 716 821 742 mortem
838 713 984 748 obierunt,
1000 716 1029 741 et
1044 714 1141 742 animo
1164 716 1298 751 prompto
1314 714 1394 751 passi
1409 716 1488 749 sunt,
1505 717 1534 742 et
1549 723 1584 742 ex
1599 716 1659 742 toto
1672 714 1759 742 corde
1774 723 1829 742 suo
1845 716 1960 743 animas

256 775 326 795 suae
339 764 525 794 tradiderunt
537 762 573 789 Et
586 760 663 788 dixi:
679 760 772 792 Quare
787 766 866 794 ergo,
882 758 1010 793 domine,
1027 766 1129 786 omnes
1144 759 1187 786 hae
1212 759 1330 787 arbores
1344 759 1453 787 habent
1482 759 1602 795 quidem
1617 759 1741 794 fructus,
1771 760 1822 787 sed
1859 769 1958 789 eorum

255 811 376 848 quidam
404 805 608 845 pulchriores?
621 804 708 838 Audi,
728 803 842 839 inquit:
859 803 1030 838 Quicunque
1039 805 1156 839 propter
1170 812 1276 832 nomen
1293 803 1409 832 Domini
1426 803 1505 840 passi
1521 805 1599 837 sunt,
1616 803 1751 831 honorati
1768 805 1849 840 apud
1866 804 1959 833 Domi-

255 847 327 883 num
337 854 483 882 habentur
492 853 531 880 :et
545 850 677 878 omnium
687 856 788 876 eorum
803 847 896 875 deleta
910 848 966 883 (95)
981 849 1051 876 sunt
1065 847 1180 883 delicta,
1193 848 1397 884 quia‘propter
1410 856 1516 876 nomen
1533 847 1599 876 Filii
1610 848 1658 876 Dei
1670 850 1794 876 mortem
1811 849 1955 877 obierunt.

255 901 349 933 Quare
377 900 475 927 autem
490 897 603 924 fructus
625 901 726 922 earum
742 893 873 928 dispares
889 892 959 927 sint,
976 894 1004 919 et
1018 891 1161 920 excellant
1176 892 1297 928 quidam
1317 893 1394 920 inter
1408 892 1485 927 illos,
1514 892 1582 919 audi
1597 892 1673 928 (96):
1691 892 1867 929 Quicunque
1882 894 1958 922 enim

253 943 386 981 perducti
401 943 437 970 ad
452 941 620 977 potestates,
634 937 803 973 interrogati
818 945 877 964 non
892 938 1070 973 negaverunt
1084 936 1241 964 Dominum
1257 937 1323 972 (97),
1335 937 1386 965 sed
1402 939 1536 973 prompto
1552 936 1650 964 animo
1665 937 1745 973 passi
1758 940 1849 966 sunt:
1868 938 1958 967 hono-

252 989 373 1017 ratiores
393 988 463 1015 sunt
477 985 554 1021 apud
568 986 678 1012 Deum:
694 982 744 1018 qui
760 981 905 1009 excellunt
913 981 1003 1017 igitur
1018 981 1142 1014 fructus,
1158 990 1259 1009 eorum
1275 984 1354 1009 sunt.
1369 982 1423 1014 Qui
1438 990 1505 1009 vero
1520 981 1617 1009 timidi
1633 984 1662 1009 et
1683 982 1766 1009 dubii
1782 983 1917 1017 fuerunt,
1933 988 1960 1012 et

252 1032 485 1062 deliberaverunt
499 1029 529 1057 in
543 1029 630 1057 corde
642 1035 706 1062 suo,
722 1029 857 1054 utrumne
872 1027 1031 1053 faterentur
1045 1034 1082 1053 an
1097 1029 1248 1062 negarent,
1262 1028 1291 1054 et
1305 1026 1359 1062 (98)
1372 1026 1450 1062 passi
1465 1028 1553 1059 sunt;
1569 1026 1674 1054 horum
1699 1026 1813 1055 fructus
1827 1028 1959 1065 exiguio-

253 1087 300 1106 res
315 1079 394 1111 sunt,
410 1074 549 1112 quoniam
564 1073 624 1100 haec
639 1071 775 1108 cogitatio
788 1070 919 1098 ascendit
933 1070 963 1097 in
980 1070 1068 1098 corda
1082 1078 1181 1098 eorum
1194 1080 1200 1098 :
1216 1070 1294 1098 mala
1308 1070 1387 1098 enim
1402 1079 1435 1098 ac
1451 1079 1577 1106 nequam
1594 1073 1639 1098 est
1654 1070 1826 1106 hujusmodi
1843 1073 1958 1109 cogita-

252 1122 304 1158 tio,
319 1121 441 1158 perinde
454 1119 511 1154 (99)
527 1126 560 1145 ac
575 1117 600 1145 si
611 1116 677 1153 quis
702 1123 801 1143 servus
818 1117 903 1150 neget
917 1115 1080 1142 dominum.
1097 1114 1199 1142 Cavete
1214 1115 1313 1151 igitur,
1330 1123 1381 1143 vos
1393 1115 1442 1150 qui
1453 1114 1624 1150 hujusmodi
1634 1115 1826 1151 cogitationes
1838 1117 1956 1146 habetis

251 1175 288 1195 ne
302 1166 471 1203 permaneat
497 1162 558 1190 hec
591 1169 674 1189 mens
700 1160 731 1188 in
758 1159 840 1187 vobis
854 1159 939 1194 (100),
956 1161 984 1186 et
1000 1159 1057 1186 Deo
1073 1159 1252 1187 moriamini.
1265 1159 1324 1187 Vos
1339 1159 1429 1195 igitur
1444 1159 1612 1195 quicunque
1628 1162 1748 1195 propter
1762 1160 1817 1188 hoc
1847 1170 1956 1190 nomen

252 1213 377 1240 mortem
392 1208 490 1241 obitis,
508 1206 662 1235 Dominum
676 1205 818 1232 honorare
833 1203 870 1239 (1)
882 1203 1011 1237 debetis;
1026 1204 1103 1239 quod
1133 1203 1236 1240 dignos
1251 1212 1302 1232 vos
1316 1203 1401 1231 habet
1417 1204 1570 1239 Dominus,
1596 1206 1629 1231 ut
1648 1212 1756 1232 nomen
1772 1205 1837 1240 ejus
1857 1207 1957 1236 feratis

253 1258 282 1285 et
291 1254 513 1290 omniapeccata
521 1252 618 1279 vestra
633 1249 815 1277 redimantur
831 1248 878 1284 (2).
895 1247 996 1276 Nonne
1010 1256 1078 1284 ergo
1094 1256 1145 1276 vos
1158 1247 1359 1284 potiusfelices
1366 1248 1560 1276 existimatis?
1572 1250 1676 1276 Putate
1685 1249 1723 1284 (3)
1732 1249 1840 1286 potius,
1854 1250 1881 1279 si
1892 1252 1958 1287 quia

252 1309 287 1329 ex
305 1299 387 1328 vobis
401 1297 664 1334 patitur,magnum
679 1302 752 1329 opus
766 1293 915 1329 perlicere.
930 1292 1028 1320 Vitam
1043 1292 1122 1320 enim
1136 1293 1218 1320 vobis
1233 1293 1323 1320 donat
1339 1293 1490 1326 Dominus,
1507 1300 1559 1320 nec
1574 1292 1871 1329 intelligitis.Delicta
1878 1297 1957 1324 enim

250 1346 348 1374 vestra
366 1351 418 1371 vos
433 1341 610 1378 gravabant;
626 1341 654 1366 et
668 1338 725 1366 nisi
741 1337 819 1373 passi
834 1337 938 1365 essetis
953 1337 1041 1372 hujus
1057 1336 1185 1365 nominis
1200 1339 1302 1365 eausat
1317 1339 1434 1373 propter
1461 1339 1579 1373 peccata
1593 1340 1669 1365 certe
1689 1338 1727 1372 (4)
1743 1341 1842 1366 vestra
1859 1345 1958 1368 ωσι-τυ

252 1388 340 1418 eratis
356 1388 422 1416 Deo.
439 1388 506 1413 Haec
520 1384 610 1421 igitur
622 1383 705 1411 vobis
720 1381 794 1414 dico,
810 1381 977 1417 quicunque
992 1380 1157 1409 deliberatis
1173 1381 1208 1408 de
1223 1381 1404 1409 confessione
1419 1384 1470 1409 aut
1484 1381 1520 1408 de
1536 1381 1737 1416 abnegatione.
1749 1383 1957 1413 Conﬁteamini

250 1434 342 1471 igitur
354 1440 405 1460 vos
420 1430 527 1459 habere
542 1427 699 1456 Dominum
714 1429 816 1471 Deum,
830 1434 867 1471 ne
881 1426 953 1453 forte
968 1426 1006 1460 (5)
1022 1427 1172 1461 negantes,
1188 1425 1346 1453 tradamini
1360 1425 1390 1453 in
1414 1425 1541 1453 vincula.
1571 1425 1601 1453 Si
1629 1434 1731 1454 omnes
1761 1427 1841 1455 enim
1871 1432 1958 1465 gente

250 1469 349 1507 servos
364 1484 434 1505 suos
444 1474 581 1511 puniunt,
595 1471 763 1508 quicunque
777 1470 929 1498 dominum
941 1477 1028 1498 suum
1043 1472 1238 1506 negaverunt;
1256 1470 1327 1506 quid
1343 1469 1451 1506 putatis
1467 1478 1519 1498 vos
1539 1470 1695 1498 Dominum
1709 1471 1792 1499 vobis
1808 1472 1957 1502 facturum

250 1522 301 1559 qui
316 1521 521 1550 universorum
545 1516 633 1545 habet
655 1516 840 1552 potestatem.
863 1514 1016 1542 Removete
1039 1513 1129 1550 igitur
1142 1514 1179 1542 de
1198 1513 1365 1550 przecordiis
1378 1514 1484 1543 vestris
1500 1514 1554 1542 has
1579 1514 1795 1551 disputationes
1810 1517 1861 1553 (6),
1880 1519 1953 1546 utin

249 1567 424 1604 perpetuum
438 1562 543 1592 vivatis
558 1561 627 1590 Deo.

1012 1616 1129 1645 CAPUT
1142 1616 1235 1645 XXIX.
1284 1639 1289 1647 .

283 1683 324 1712 De
338 1680 510 1710 duodecimo
524 1686 591 1706 vero
606 1678 705 1705 monte
720 1675 843 1704 candido
858 1674 896 1711 (7)
909 1684 915 1703 :
932 1674 1005 1703 tales
1020 1676 1090 1703 sunt
1104 1675 1154 1711 qui
1182 1675 1369 1703 crediderunt
1383 1675 1460 1703 sicut
1473 1675 1600 1704 infantes
1615 1676 1732 1711 sinceri,
1744 1677 1856 1713 quibus
1872 1680 1954 1708 nulla

248 1726 359 1756 malitia
372 1723 504 1754 ascendit
516 1723 548 1751 in
563 1729 694 1755 sensum,
710 1728 763 1748 nec
777 1720 926 1748 sciverunt
940 1719 1010 1755 quid
1027 1719 1065 1747 sit
1079 1719 1200 1755 malitia,
1217 1720 1268 1748 sed
1284 1728 1401 1756 semper
1414 1721 1445 1747 in
1459 1720 1628 1749 sinceritate
1642 1724 1826 1750 manserunt.
1839 1724 1952 1759 Hujus-

248 1770 328 1800 modi
342 1777 411 1806 ergo
424 1768 558 1797 homines
573 1767 611 1802 (8)
627 1765 691 1793 sine
706 1764 767 1792 ulla
777 1763 959 1792 dubitatione
989 1763 1196 1792 inhabitabunt
1223 1772 1346 1800 regnum
1370 1764 1422 1792 Dei
1451 1765 1488 1801 (9)
1502 1773 1508 1793 :
1536 1765 1674 1800 quoniam
1691 1766 1721 1793 in
1737 1765 1818 1794 nullo
1834 1770 1953 1804 negotio

248 1815 387 1845 mandata
397 1813 446 1841 Dei
461 1811 681 1840 maculaverunt
695 1809 760 1846 (10),
777 1809 827 1837 sed
844 1816 911 1837 cum
926 1808 1091 1836 sinceritate
1111 1812 1336 1844 permanserunt
1350 1817 1452 1837 omnes
1468 1809 1530 1837 dies
1555 1809 1620 1837 vita:
1636 1818 1705 1844 suae,
1724 1811 1827 1839 eodem
1844 1820 1952 1842 sensus

246 1852 1223 1893 tenore.Quicunqueergopermanserint(11),inquit,sicutinfantes,
1235 1862 1291 1881 non
1306 1853 1447 1881 habentes
1463 1853 1616 1889 malitiam,
1638 1853 1842 1883 honoratiores
1868 1861 1953 1885 erunt

246 1906 384 1935 omnibus
398 1904 457 1932 illis
473 1910 546 1939 quos
560 1902 622 1937 jam
637 1900 707 1928 dixi.
724 1900 833 1927 Omnes
847 1899 926 1926 enim
941 1899 1070 1927 infantes
1084 1898 1217 1926 honorati
1233 1901 1303 1926 sunt
1315 1899 1393 1934 apud
1408 1898 1577 1935 Dominum,
1593 1902 1621 1927 et
1636 1900 1724 1935 primi
1738 1900 1898 1930 habentur.
1909 1903 1953 1930 Fe-

244 1951 315 1979 lices
330 1958 398 1986 ergo
412 1957 474 1983 vos,
491 1946 658 1984 quicunque
672 1943 852 1972 removeritis
864 1942 1006 1971 malitiam
1023 1951 1040 1970 a
1053 1943 1145 1977 vobis,
1164 1945 1192 1971 et
1206 1942 1361 1971 indueritis
1376 1943 1573 1971 innocentiam
1588 1952 1594 1978 ;
1611 1944 1681 1979 quia
1696 1944 1784 1980 primi
1797 1945 1857 1982 (12)
1872 1947 1951 1974 vide-

242 1995 312 2024 bitis
329 1997 431 2023 Deum.
447 1993 606 2027 Postquam
622 1989 714 2017 ﬁnivit
727 1988 860 2016 omnium
875 1987 1020 2015 montium
1035 1987 1268 2024 explanationem
1284 1987 1350 2023 (l3),
1367 1987 1430 2015 dico
1445 1988 1490 2016 ei:
1511 1988 1644 2022 Domine,
1660 1997 1737 2016 nunc
1750 1997 1864 2025 expone
1879 1991 1951 2018 mihi
1994 2010 2003 2027 Δ

241 2040 278 2068 de
293 2038 441 2075 lapidibus
455 2037 502 2065 his
517 2036 568 2072 qui
582 2034 662 2063 allati
677 2041 712 2061 ex
727 2041 828 2069 campo
844 2032 874 2060 in
890 2032 986 2060 locum
1002 2031 1223 2068 reprobatorum
1238 2032 1305 2068 (14),
1322 2032 1357 2059 ad
1373 2034 1551 2060 structuram
1567 2033 1658 2061 turris
1671 2033 1755 2061 missi
1780 2037 1854 2061 sunt
1870 2035 1927 2071 (15)
1940 2045 1946 2064 ;

240 2083 311 2112 item
326 2083 363 2111 de
377 2081 524 2119 lapidibus
539 2079 598 2108 illis
613 2077 809 2113 rotundis,qui
824 2077 855 2105 in
870 2078 1048 2105 structuram
1062 2076 1153 2105 turris
1169 2076 1273 2112 adjeeti
1286 2078 1397 2110 sunt,et
1412 2077 1447 2104 de
1462 2077 1508 2105 his
1524 2077 1575 2113 qui
1589 2077 1685 2105 adhuc
1700 2078 1818 2106 rotundi
1835 2087 1951 2108 reman-

241 2130 353 2157 lerunt.

828 2179 948 2208 VARIZE
967 2179 1160 2209 LECTIONES
1174 2179 1221 2207 ET
1236 2179 1354 2207 NOTIE.

278 2243 333 2280 (90)
353 2242 432 2271 Bodl.
461 2240 663 2280 episcopis,_id_
681 2241 721 2280 est
745 2238 910 2280 precatibus
927 2238 1064 2280 Ecclesiae.
1121 2273 1140 2280 η
1155 2237 1193 2280 (2)
1209 2237 1263 2280 ΜΒ.
1279 2237 1354 2265 Vict.
1370 2237 1567 2280 remediantur.
1584 2239 1621 2265 At
1632 2237 1729 2280 Carm.
1748 2239 1945 2280 ‘rcdimeflfyr.

242 2273 345 2308 Lamb.
359 2273 752 2315 quoque'habet,'Ecclesi25
773 2276 886 2308 caetera,
903 2275 936 2301 ut
957 2273 987 2301 in
1002 2273 1064 2301 vul-
1119 2273 1233 2315 habent
1248 2273 1565 2315 quoque_remedie3§tur
1586 2273 1768 2315 mss_._.Angl.
1793 2276 1873 2315 apud
1890 2275 1948 2304 Fel-

1118 2308 1199 2343 Ium;
1217 2317 1305 2345 quam
1319 2308 1474 2336 lectionem
1490 2309 1616 2337 Clericus
1631 2308 1743 2345 aliique
1766 2308 1945 2339 omiserunt.

262 2316 329 2344 atis.

242 2324 333 2387 8‘62;
346 2350 417 2378 M...
432 2348 520 2387 Αηει.
535 2348 674 2387 ιερεηιί,
728 2383 733 2387 ,
860 2385 865 2387 _
912 2380 934 2387 η
1118 2324 1675 2387 “est;‘;22;;f.‘:.:;s§;;::.:.2:

285 2352 333 2387 91)
346 2352 417 2378 Mss.
432 2352 520 2412 Angli.
535 2352 644 2390 libenti.
669 2383 674 2389 .
728 2383 733 2389 _
912 2381 917 2386 _
1166 2352 1182 2371 δ
1210 2352 1309 2372 Lamb.
1326 2352 1480 2372 sesumam.
1496 2352 1550 2372 nea
1559 2352 1675 2380 portate.

271 2352 328 2424 (92)
342 2388 411 2414 Mss.
426 2386 490 2421 Aug
505 2405 512 2412 .
536 2387 700 2417 ministerio,
722 2388 817 2418 inopes
840 2385 866 2409 et
888 2380 986 2408 viduas
999 2388 1061 2416 por-
1206 2380 1303 2424 Lamb.
1321 2381 1411 2424 deest,
1428 2383 1508 2410 certe.
1528 2381 1622 2408 Fellus
1635 2389 1651 2424 ε,
1668 2382 1759 2409 vestra
1773 2385 1855 2410 certe.

237 2416 381 2451 reirei-unt.
472 2416 489 2421 ν
694 2416 697 2417 ν
769 2416 777 2418 -
1151 2416 1190 2452 (5)
1208 2416 1308 2443 Lamb.
1327 2417 1490 2450 Dominum;
1508 2425 1541 2444 ne
1556 2417 1677 2452 quando.

272 2458 327 2492 (93)
343 2456 445 2485 Lamb.
460 2455 603 2492 gesserint.
620 2454 733 2482 Fellus:
749 2453 866 2488 egerint,
878 2452 1058 2481 honorantur.
1150 2451 1189 2492 (ῤ)
1202 2451 1251 2492 _S_ic
1267 2454 1300 2492 et
1311 2452 1391 2492 Bodl.
1410 2452 1527 2492 Atlfclli
1547 2451 1615 2492 edit.
1631 2453 1722 2492 Oxon.
1738 2453 1937 2492 dubitationes.

281 2486 328 2528 94)
343 2493 414 2521 Mss.
429 2486 514 2528 Angl.
530 2491 632 2528 plena}.
765 2486 774 2488 “
1202 2488 1375 2528 ξίεεκΑη-ει..
1387 2488 1534 2528 conditam.
1551 2489 1617 2524 Leg.
1635 2488 1711 2516 infra
1740 2496 1804 2524 cap.
1821 2489 1869 2517 31.
1984 2486 1985 2490 “

281 2523 328 2563 95)
343 2529 413 2558 Mss.
430 2523 516 2563 Αιιᾷι.
530 2523 666 2563 abolita.”
910 2559 930 2563 __
971 2559 996 2563 μ
1050 2560 1054 2563 _
1202 2523 1304 2563 Lamb,
1323 2523 1497 2563 hil/19mins;

269 2559 326 2628 (96)
341 2565 443 2593 Lamb.
459 2559 523 2591 sint
538 2567 565 2591 et
580 2561 750 2590 excellunt...
775 2567 850 2588 nunc
864 2559 938 2587 audi.
968 2559 1016 2586 Sic
1030 2560 1058 2587 et
1139 2559 1185 2594 .(9)
1201 2560 1268 2585 Mss.
1286 2559 1368 2593 Angl.
1385 2559 1547 2599 habitabant
1562 2560 1592 2586 in
1608 2567 1692 2595 regno
1704 2559 1766 2587 Dei.

234 2601 273 2629 Fe
285 2601 305 2628 li
319 2600 388 2629 edit.
404 2600 496 2628 Oxon.
1146 2593 1202 2629 (10)
1219 2594 1297 2621 Bodl.
1314 2595 1458 2622 Dommum
1474 2595 1692 2623 maculaverunt.

257 2603 305 2629 elli
319 2603 388 2629 edit.
404 2603 496 2628 Oxon.
1146 2603 1202 2629 (1U)
1219 2603 1297 2621 noui.
1314 2603 1458 2622 uomznum
1474 2603 1692 2623 macumverunt.

267 2593 305 2629 illi
317 2593 388 2629 edit.
404 2600 496 2628 Oxon.
638 2634 641 2638 Ι
1146 2593 1202 2665 (10)
1219 2594 1297 2621 Bodl.
1314 2595 1458 2622 Dominum
1474 2593 1692 2623 maculaverunt.

267 2637 324 2665 (97)
335 2636 435 2664 Lamb.
452 2635 543 2663 deest.
561 2636 721 2662 Dominum.
1158 2630 1200 2665 14)
1216 2632 1283 2657 Mss.
1301 2630 1384 2665 AngI.
1400 2632 1617 2664 pcrmanseritis.
1631 2631 1666 2659 Et
1682 2638 1758 2662 mox.
1776 2630 1938 2660 honoratio-

277 2673 322 2706 98)
338 2671 420 2700 Bodl.
436 2671 503 2699 add.
524 2675 625 2698 tamen.
675 2704 680 2706 _
736 2703 762 2706 Μ
826 2704 830 2706 _
964 2701 981 2706 A
1108 2666 1251 2706 faenilia
1268 2666 1378 2706 Quibus
1395 2667 1495 2706 statim
1511 2667 1577 2706 add.
1594 2667 1696 2706 Lamb.
1711 2667 1850 2706 s‘i'cutjam

277 2701 322 2742 99)
339 2708 437 2735 Lamb.
462 2707 554 2741 deest,
581 2704 704 2742 perinde.
734 2703 781 2732 Sic
806 2704 836 2730 et
863 2701 932 2730 edit.
961 2701 1051 2729 Oxon.
1216 2701 1810 2742 Lambquicunquehalietzsinnocentiam:
1836 2704 1933 2739 primi.

228 2737 274 2770 A1:
293 2737 365 2770 mea.
378 2747 409 2771 ut
423 2743 497 2778 quis.
548 2737 553 2741 ⁷
581 2737 588 2742 “
683 2775 709 2778 __
776 2776 779 2778 Δ
857 2775 861 2778 Δ
945 2773 950 2778 ⁶
1004 2774 1008 2778 _
1035 2773 1039 2778 ι
1215 2738 1312 2778 Lamb.
1324 2737 1564 2778 EOIMHODCNLUSIO
1579 2741 1606 2766 et
1623 2737 1730 2766 Fellus.

265 2778 338 2814 (100)
353 2773 452 2806 Lamb.
470 2779 586 2811 desunt,
602 2777 633 2804 in
647 2775 740 2806 vobis;
756 2776 784 2802 et
799 2775 866 2810 post
878 2773 1051 2806 moriemini,

1141 2773 1198 2807 (14)
1215 2773 1282 2814 _Felli
1299 2774 1367 2800 edit.
1383 2774 1461 2802 Oxon
1477 2775 1557 2802 allati
1570 2783 1607 2802 ea:
1616 2782 1721 2811 campo,
1744 2779 1771 2802 ει
1799 2775 1930 2811 reproba-

229 2809 297 2844 add.
311 2809 368 2842 vos.
579 2809 583 2811 ’
801 2809 808 2810 “
1103 2809 1195 2836 torum
1211 2809 1276 2836 loco.

263 2849 303 2892 (1)
317 2848 419 2879 Lamb.
433 2856 534 2882 orare;
549 2850 578 2877 et
590 2855 667 2882 mox,
682 2846 779 2876 habeat
1138 2844 1195 2884 (15)
1210 2844 1279 2874 Mss.
1296 2844 1379 2881 Angl.
1395 2845 1494 2874 ierunt.
