4008 6350
99 415 261 476 1005
1200 411 1525 472 PASTOR.
1560 442 1637 456 —
1663 414 1682 471 l

1918 413 1967 473 Ι.
2011 412 2247 474 SIMIL.
2292 414 2394 474 IX.
3342 418 3499 477 1006

1590 544 1819 600 CAPUT
1851 544 2014 598 XXX.

169 636 322 691 Audi
351 653 527 703 nunc,
560 636 770 707 inquit,
795 636 865 689 de
911 634 1228 706 lapidibus.
1254 634 1361 698 Qui
1394 632 1551 687 allati
1577 633 1685 706 (16)
1735 635 1805 688 de
1857 650 2062 706 campo
2093 634 2152 689 in
2176 638 2532 690 structuram
2564 634 2745 689 turris
2774 633 2948 705 positi
2978 638 3118 690 sunt
3142 653 3343 693 eorum
3374 638 3500 695 loco

88 725 200 796 qui
225 727 337 797 (17)
369 725 660 798 reprobati
690 728 875 791 erant,
907 725 1132 780 radices
1163 727 1302 779 sunt
1335 722 1490 777 illius
1523 722 1753 777 candidi
1777 724 2015 779 montis.
2048 728 2190 778 Cum
2222 725 2399 796 igitur
2425 724 2486 779 hi
2517 724 2616 796 qui
2649 724 2720 779 de
2750 722 2848 779 illo
2881 728 3079 781 monte
3110 728 3500 801 crediderunt,

86 816 238 871 facti
271 819 411 872 sunt
434 815 774 870 innocentes
802 841 816 883 ;
839 814 1021 885 jussit
1050 813 1335 869 Dominus
1357 813 1485 883 ejus
1514 812 1715 879 turris,
1742 829 1838 868 eos
1862 812 1961 885 qui
1994 815 2063 868 de
2092 814 2388 869 radicibus
2406 814 2622 870 montis
2652 817 2870 881 essent,
2902 814 2963 868 in
2995 819 3353 873 structuram
3384 817 3503 874 col-

88 904 301 960 locari.
335 902 620 959 Intellexit
649 904 758 975 (18)
790 902 967 970 enim,
1001 902 1049 957 si
1082 903 1151 957 ad
1185 901 1625 957 mdificationem
1656 901 1863 956 iissent
1891 902 2024 973 (19),
2059 902 2395 973 splendidos
2424 902 2559 958 illos
2608 919 3043 973 permansuros,
3077 920 3182 959 nec
3213 904 3403 961 ullum
3435 906 3508 961 de

86 993 215 1061 his,
248 992 506 1064 amplius
546 992 973 1064 denigrandum
1007 991 1141 1062 (20).
1174 992 1335 1055 Quod
1370 990 1418 1045 si
1447 990 1529 1045 ita
1558 990 1669 1061 (21)
1699 991 1771 1045 de
1822 992 2046 1046 caeteris
2077 991 2374 1045 montibus
2406 990 2735 1061 adjecisset,
2766 1007 2879 1045 non
2912 1008 3148 1048 necesse
3202 993 3510 1051 habuisset

91 1098 311 1137 rursus
339 1081 574 1137 visitare
616 1098 743 1136 eam
773 1081 983 1135 turrim
1015 1096 1187 1151 atque
1216 1095 1484 1151 purgare.
1518 1079 1586 1134 Hi
1610 1083 1802 1135 autem
1833 1096 2034 1135 omnes
2065 1080 2318 1145 candidi,
2347 1080 2591 1150 juvenes
2615 1081 2723 1150 (22)
2747 1084 2883 1134 sunt
2913 1080 3013 1151 qui
3045 1081 3437 1154 crediderunt,
3451 1086 3511 1139 et

91 1171 205 1244 qui
252 1171 527 1227 credituri
573 1173 709 1226 sunt
741 1195 755 1237 ;
785 1187 852 1225 ex
878 1170 1079 1225 eodem
1107 1169 1263 1224 enim
1293 1184 1500 1241 genere
1532 1172 1687 1223 sunt.
1723 1168 1877 1223 Felix
1907 1168 2014 1224 hoc
2032 1185 2238 1241 genus,
2271 1171 2409 1240 quia
2437 1170 2757 1224 innocuum
2786 1173 2892 1225 est.
2918 1170 3236 1226 Audinunc
3256 1176 3313 1227 et
3341 1172 3413 1228 de
3443 1171 3513 1226 il-

87 1261 174 1317 lis
194 1260 468 1316 rotundis
496 1258 791 1332 lapidibus
820 1262 876 1314 et
904 1258 1247 1330 splendidis.
1276 1257 1343 1312 Hi
1368 1274 1570 1313 omnes
1601 1259 1670 1313 de
1700 1258 1807 1313 hoc
1838 1258 2086 1313 candido
2117 1263 2313 1315 monte
2343 1262 2501 1314 sunt.
2536 1259 2726 1322 Quare
2753 1259 2865 1329 (23)
2896 1263 3091 1314 autem
3121 1262 3513 1317 rotundisunt

90 1351 337 1423 reperti,
360 1366 539 1405 causa
592 1353 681 1404 est
700 1348 839 1420 quia
867 1347 1076 1403 divitim
1109 1364 1226 1403 suae
1257 1346 1389 1401 illos
1447 1346 1729 1418 pusillum
1754 1348 2045 1403 averitate
2074 1349 2532 1403 obscuraverunt
2559 1351 2736 1418 atque
2792 1347 3242 1404 obfuscaverunt
3275 1368 3288 1417 ;
3343 1349 3444 1405 sed
3476 1366 3513 1404 a

93 1441 219 1495 Deo
251 1455 551 1509 nunquam
582 1444 964 1506 recesserunt,
990 1452 1096 1491 nec
1121 1434 1309 1489 ullum
1339 1436 1581 1490 verbum
1614 1435 1833 1490 malum
1857 1437 2142 1508 processit
2170 1439 2240 1493 de
2271 1453 2368 1492 ore
2398 1453 2631 1502 eorum;
2665 1437 2766 1491 sed
2797 1436 2991 1491 omnis
3029 1437 3293 1508 aequitas,
3324 1438 3510 1493 virtus

92 1532 160 1584 et
198 1529 412 1584 veritas
443 1527 576 1598 (24).
613 1529 831 1582 Horum
861 1541 997 1598 ergo
1030 1528 1285 1580 mentem
1328 1541 1463 1579 cum
1524 1524 1764 1579 vidisset
1805 1525 2110 1595 Dominus,
2143 1531 2199 1581 et
2263 1541 2434 1597 posse
2481 1542 2579 1581 eos
2607 1525 2832 1580 veritati
2862 1526 3079 1593 favere;
3107 1527 3284 1596 jussit
3324 1527 3510 1583 bonos

94 1633 338 1689 quoque
366 1632 728 1689 permanere,
760 1620 816 1670 ct
846 1631 984 1686 opes
1015 1630 1217 1669 eorum
1248 1612 1584 1667 circumcidi
1611 1632 1623 1681 ;
1656 1632 1772 1669 non
1804 1614 1960 1669 enim
1991 1614 2173 1669 voluit
2201 1613 2259 1668 in
2290 1619 2477 1669 totum
2534 1612 2665 1669 illas
2695 1613 2821 1669 tolli
2851 1615 2987 1685 (25),
3010 1619 3075 1670 ut
3104 1620 3345 1688 possent
3373 1615 3512 1672 boni

94 1705 328 1779 aliquid
357 1707 544 1761 facere
573 1705 684 1776 (26)
714 1705 784 1759 de
814 1721 880 1760 eo
910 1704 1066 1776 quod
1097 1703 1181 1758 eis
1225 1701 1496 1758 relictum
1525 1707 1614 1758 est
1638 1728 1652 1771 ;
1675 1707 1733 1759 et
1760 1704 1953 1759 vivent
1983 1705 2094 1774 (27)
2126 1704 2264 1774 Deo,
2296 1703 2574 1775 quoniam
2605 1706 2661 1759 et
2687 1702 2800 1774 ipsi
2830 1704 2901 1760 de
2926 1720 3136 1777 genere
3164 1706 3316 1762 bono
3349 1706 3507 1762 sunt.

92 1796 239 1852 Ideo
279 1810 416 1867 ergo
442 1793 724 1866 pusillum
755 1792 1085 1849 circumcisi
1109 1794 1270 1859 sunt,
1294 1795 1347 1847 et
1373 1791 1550 1863 positi
1571 1791 1629 1846 in
1653 1796 2004 1849 structuram
2035 1793 2217 1849 turris
2246 1793 2443 1864 hujus.

1583 1908 1812 1965 CAPUT
1840 1909 2031 1964 XXXI.

170 2000 370 2056 Caeteri
406 2015 543 2056 vero
575 1999 675 2070 qui
706 1998 897 2054 adhuc
942 1997 1177 2053 rotundi
1209 2001 1679 2069 permanserunt,
1712 2013 1901 2069 neque
1926 1998 2046 2069 apti
2078 1998 2291 2068 reperti
2323 1998 2435 2068 (28)
2467 2003 2607 2053 sunt
2636 1998 2697 2052 in
2756 2015 2885 2054 eam
2934 2002 3317 2068 structuram,
3376 1999 3518 2071 quia

90 2090 366 2145 nondum
414 2089 760 2159 acceperunt
790 2086 1068 2157 sigillum,
1102 2085 1343 2157 repositi
1376 2090 1515 2140 sunt
1540 2087 1597 2139 in
1628 2085 1753 2141 loco
1784 2103 1890 2141 suo
1924 2104 1937 2153 ;
1968 2085 2133 2141 valde
2163 2086 2317 2140 enim
2350 2086 2583 2141 rotundi
2615 2087 2825 2157 reperti
2857 2091 3019 2142 sunt.
3053 2090 3288 2159 Oportet
3317 2092 3513 2143 autem

91 2176 442 2237 circumcidi
482 2176 589 2232 hoc
612 2174 888 2231 saeculum
923 2175 995 2229 ab
1024 2174 1160 2243 illis,
1195 2184 1252 2229 et
1292 2175 1578 2230 vanitates
1609 2192 1785 2246 opum
1811 2192 2050 2231 suarum
2089 2194 2102 2243 ;
2135 2180 2191 2230 et
2220 2180 2357 2231 tunc
2387 2176 2729 2231 convenient
2761 2176 2819 2231 in
2880 2192 3057 2248 regno
3108 2176 3229 2231 Dei.
3268 2176 3515 2233 Necesse

93 2273 192 2324 est
212 2266 370 2323 enim
401 2282 499 2322 eos
529 2267 745 2321 intrare
782 2263 842 2318 in
873 2280 1119 2336 regnum
1153 2264 1249 2319 Dei
1279 2290 1293 2331 ;
1334 2264 1449 2321 hoc
1466 2264 1621 2319 enim
1653 2281 1838 2336 genus
1868 2266 2183 2320 innocuum
2216 2265 2509 2320 benedixit
2538 2264 2841 2320 Dominus.
2874 2266 2954 2319 Ex
2985 2264 3095 2319 hoc
3137 2281 3273 2337 ergo
3302 2280 3514 2337 genere

91 2373 221 2412 non
268 2356 577 2411 intercidet
608 2354 952 2426 quisquam;
983 2353 1197 2408 etenim
1230 2353 1363 2407 licet
1394 2354 1529 2423 quis
1561 2369 1763 2409 eorum
1788 2359 2044 2410 tentatus
2075 2354 2483 2426 anequissimo
2516 2354 2766 2421 diabolo,
2789 2354 3009 2427 aliquid
3041 2353 3371 2426 deliquerit,
3399 2355 3512 2410 cito

90 2449 363 2502 recurret
393 2445 462 2499 ad
496 2443 810 2499 Dominum
841 2442 1023 2497 Deum
1049 2459 1243 2496 suum.
1278 2441 1494 2498 Felices
1513 2459 1615 2498 vos
1645 2444 1778 2515 (29)
1789 2444 1989 2514 judico
2020 2460 2121 2515 ego
2140 2443 2384 2499 nuntius
2406 2443 2774 2514 pmnitentiaa,
2808 2443 3145 2515 quicunque
3171 2442 3511 2498 innocentes

90 2534 246 2591 estis
285 2534 436 2589 sicut
464 2532 739 2600 infantes,
774 2531 1053 2604 quoniam
1085 2547 1220 2602 pars
1249 2534 1442 2586 vestra
1472 2531 1624 2587 bona
1654 2536 1742 2588 est
1771 2538 1828 2587 et
1860 2535 2141 2588 honorata
2168 2533 2321 2603 apud
2352 2532 2685 2587 Dominum.
2720 2532 2857 2587 Dico
2881 2535 3079 2587 autem
3118 2531 3392 2587 omnibus
3416 2547 3513 2587 vo-

89 2624 214 2693 bis,
250 2624 587 2695 quicunque
616 2620 875 2693 sigillum
908 2621 1017 2676 hoc
1047 2619 1392 2691 accepistis:
1428 2621 1865 2692 simplicitatem
1890 2622 2118 2687 habete,
2152 2637 2341 2693 neque
2373 2620 2728 2677 offensarum
2761 2636 3053 2677 memores
3092 2624 3297 2692 estote,
3328 2636 3510 2690 neque

90 2715 159 2768 in
185 2712 411 2768 malitia
433 2716 764 2784 permanete
787 2711 803 2781 (
827 2712 895 2765 30
917 2710 933 2780 )
958 2729 971 2779 ς
991 2727 1179 2782 neque
1199 2709 1259 2763 in
1284 2709 1566 2765 memoria
1583 2711 1937 2766 offensarum
1961 2710 2383 2766 amaritudines
2403 2710 2463 2764 in
2478 2710 2943 2781 uniuscujusque
2963 2709 3175 2781 spiritu
3190 2710 3439 2781 fiant(31
3457 2709 3509 2781 );

90 2803 202 2857 sed
234 2801 328 2857 his
386 2800 558 2856 malis
588 2800 861 2856 scissuris
889 2800 999 2872 (32)
1040 2798 1300 2854 remedia
1344 2803 1676 2867 Procurate,
1712 2805 1891 2871 atque
1922 2798 2107 2854 tollite
2136 2798 2488 2854 illasavobis
2522 2817 2534 2853 :
2568 2803 2635 2853 ut
2653 2799 2929 2854 dominus
2960 2814 3233 2869 pecorum
3264 2798 3514 2869 gaudeat

90 2892 172 2946 de
199 2890 364 2945 vobis
412 2890 525 2961 (33)
558 2908 573 2953 ;
624 2888 901 2959 gaudebit
931 2891 1148 2954 autem,
1183 2887 1229 2941 si
1264 2887 1462 2942 omnia
1516 2887 1801 2943 invenerit
1848 2906 2009 2944 sana.
2052 2888 2113 2943 Si
2144 2892 2338 2943 autem
2393 2905 2571 2960 pecus
2602 2887 2837 2959 aliquod
2867 2904 2936 2943 ex
2965 2886 3186 2943 talibus
3225 2885 3512 2942 invenerit

89 2979 450 3051 dissipatum
488 3004 502 3045 ;
533 2995 615 3033 vae
645 2977 756 3033 erit
784 2977 1143 3047 pastoribus.
1186 2977 1348 3041 Quod
1383 2976 1433 3032 si
1456 2977 1569 3049 ipsi
1602 2982 1867 3048 pastores
1897 2976 2165 3049 dissipati
2197 2977 2433 3043 fuerint,
2466 2977 2607 3047 quid
2640 2976 3078 3048 respondebunt
3105 2975 3282 3031 etiam
3313 2975 3364 3030 ei
3396 2974 3510 3046 (34)

89 3084 202 3141 pro
250 3067 556 3139 pecoribus
579 3066 606 3119 ?
635 3065 909 3136 Nunquid
940 3065 1153 3133 dicent,
1178 3082 1211 3120 a
1239 3082 1445 3137 pecore
1476 3082 1538 3121 se
1568 3070 1797 3121 vexatos
1818 3066 1846 3121 ‘2
1875 3067 1989 3137 (35)
2020 3066 2144 3123 Non
2174 3067 2440 3121 credetur
2469 3065 2609 3120 illis.
2644 3063 3009 3120 Incredibilis
3040 3064 3197 3119 enim
3247 3080 3339 3119 res
3398 3066 3510 3131 est,

87 3161 394 3230 pastorem
427 3156 547 3228 pati
570 3171 740 3227 posse
770 3172 803 3210 a
830 3171 1036 3227 pecore
1071 3173 1085 3223 ;
1119 3158 1176 3210 et
1200 3155 1385 3225 magis
1415 3155 1657 3227 punitur
1687 3156 2049 3228 (36)propter
2070 3155 2442 3212 mendacium
2466 3172 2662 3210 suum.
2696 3155 2765 3210 Et
2794 3170 2899 3227 ego
2913 3170 3047 3210 sum
3060 3156 3262 3225 pastor
3284 3170 3298 3220 ;
3318 3156 3376 3207 et
3404 3168 3509 3207 va-

86 3246 386 3303 lidissime
416 3248 641 3317 oportet
670 3260 763 3300 me
791 3244 864 3300 de
881 3243 1042 3300 vobis
1072 3245 1358 3300 rationem
1391 3244 1649 3300 reddere.

1453 3362 1750 3415 Aarrocnos
1778 3360 2032 3427 hamilia,
2063 3361 2153 3414 94.

168 3446 345 3504 Καλόν
375 3449 486 3503 ἐστι
516 3452 724 3524 κρατεῖν
775 3449 873 3516 τὴν
929 3446 1211 3518 ἁπλότητα
1247 3447 1335 3502 καὶ
1364 3448 1462 3515 τὴν
1497 3446 1737 3519 ἀκακίαν,

1922 3451 2134 3503 Bonum
2163 3456 2243 3503 est
2277 3446 2478 3503 habere
2504 3446 2915 3519 simplicitatem
2942 3451 3000 3502 et
3026 3444 3418 3513 innocentiam,
3451 3452 3505 3500 et

85 3540 187 3595 καὶ
221 3539 356 3593 εἶναι
389 3538 462 3600 ὠς
491 3539 559 3593 τὰ
603 3540 771 3609 νήπια
813 3537 879 3592 τὰ
930 3539 1005 3610 μὴ
1054 3538 1387 3612 γινώσκοντα
1430 3538 1529 3605 τὴν
1573 3558 1668 3591 πον

1920 3554 1967 3592 se
1994 3539 2133 3593 sicut
2161 3538 2422 3608 infantes,
2453 3536 2548 3607 qui
2576 3536 2825 3591 nesciunt
2844 3536 3138 3604 malitiam,
3164 3549 3290 3607 quae
3327 3536 3503 3590 vitam

84 3628 240 3703 ρίαν,
298 3627 397 3695 τὴν
455 3622 838 3680 ἀπολλύουσαν
892 3625 991 3693 τὴν
1052 3626 1194 3693 ζωήν
1249 3629 1354 3679 τῶν
1426 3626 1667 3700 ἀνθρώπο

1924 3629 2136 3681 minam
2162 3626 2384 3699 perdit;
2415 3642 2591 3696 neque
2609 3641 2722 3681 esse
2742 3626 3074 3697 offensarum
3091 3639 3379 3693 memores,
3411 3639 3504 3680 ne-

80 3717 183 3771 καὶ
216 3716 293 3788 μὴ
324 3715 457 3769 εἶναι
508 3716 896 3787 μνησικάκους,
950 3716 1089 3787 μήτε
1137 3713 1485 3788 παρανόμους
1534 3717 1646 3787 (37)

1919 3733 1959 3772 ιε
1987 3719 2049 3771 in
2075 3717 2295 3772 malitia
2320 3730 2643 3787 permanere
2672 3731 2693 3775 ;
2722 3714 2818 3770 sed
2848 3729 3121 3771 removere
3148 3713 3398 3769 malitias
3452 3715 3502 3769 et

82 3805 275 3877 κακίᾳ⁸
326 3802 452 3859 ἀλλ’
494 3803 779 3859 ἀποθέσθαι
830 3804 926 3864 τὰς
974 3802 1162 3865 κακίας
1204 3804 1293 3857 καὶ
1325 3805 1419 3865 τὰς
1450 3803 1665 3879 πονηρίέ

1923 3807 2249 3875 dignitates,
2282 3810 2333 3861 et
2356 3805 2752 3859 amaritudines
2779 3806 3170 3875 permanentes
3191 3821 3213 3865 ;
3261 3808 3315 3859 et
3369 3800 3506 3873 ﬁeri

80 3895 181 3950 καὶ
242 3895 335 3955 τὰς
392 3892 609 3969 πικρίας
668 3893 762 3955 τὰς
818 3888 1185 3968 παρανόμους,
1240 3892 1329 3947 καὶ
1385 3893 1628 3968 γενέσθαι

1918 3896 2339 3967 mmspiritum;
2392 3900 2446 3949 et
2475 3895 2658 3950 malas
2706 3895 2979 3950 scissuras
3009 3891 3203 3949 tollere
3232 3908 3304 3948 ac
3350 3907 3501 3947 ever-

82 3988 330 4056 πνεῦμα,
361 3982 547 4037 καὶτὰ
596 3984 856 4057 σχήματα
1058 3981 1125 4036 τὰ
1170 3983 1387 4058 πονηρὰ
1432 3980 1738 4058 ἀνατρέψαι.
1855 3992 1989 4039 tere.

1422 4101 1778 4166 ANTIOCHUS,
1811 4099 2042 4156 homilia
2072 4102 2193 4155 122.

158 4202 275 4251 Ἵνα
332 4194 457 4251 ὅταν
518 4194 646 4270 ἔλθῃ
697 4198 725 4251 ὁ
779 4195 969 4272 κύριος
1036 4200 1144 4251 τῶν
1226 4190 1536 4272 προϐάτων,
1595 4200 1741 4271 χαρῇ

1933 4201 1993 4256 Ut
2050 4216 2176 4256 cum
2248 4201 2455 4256 venerit
2508 4199 2761 4255 dominus
2814 4213 3107 4269 pecorum,
3164 4194 3398 4266 gaudeat
3449 4193 3513 4250 de

1268 4324 1513 4379 VARle
1552 4324 1936 4383 LECTIONES
1984 4325 2076 4380 ET
2131 4324 2361 4381 ΝΟΤίἘ.

161 4437 279 4510 (16)
310 4438 445 4494 Mss.
502 4438 671 4511 Angl.
726 4441 903 4511 ejecti.
931 4439 1117 4495 Editio
1176 4438 1316 4494 Felli
1372 4438 1553 4494 Oxon.
1586 4439 1743 4495 hunc
1926 4441 2038 4511 (27)
2096 4444 2183 4495 Ita
2212 4457 2353 4496 mss.
2389 4440 2608 4507 Lamb.,
2641 4438 2855 4495 Victor.
2889 4441 2946 4493 et
2983 4437 3175 4493 Carm.
3227 4434 3399 4503 Editi,
3430 4434 3515 4489 vi-

80 4514 292 4569 locum
340 4511 418 4565 ita
461 4510 972 4567 exhibetz’Dehis
1030 4511 1312 4583 lapidibus
1342 4512 1440 4581 qui
1476 4511 1639 4566 allati
1693 4514 1757 4567 de
1865 4510 2007 4567 vere.

82 4596 290 4655 campo
324 4583 381 4635 in
405 4584 733 4637 structuram
750 4585 925 4639 turris
937 4585 1107 4655 positi
1134 4592 1265 4638 sunt
1293 4598 1482 4638 eorum
1512 4583 1625 4639 loco
1663 4585 1760 4655 qui
1937 4584 2049 4653 (28)
2081 4583 2281 4637 Lamb.
2315 4584 2495 4655 deest.
2528 4584 2784 4653 reperiri.

280 4726 296 4937 ἒ

97 4646 386 4737 νερξίέᾷαξί
412 4657 729 4737 augete,
863 4728 871 4736 ,
937 4646 953 4655 ⁸
1671 4646 1685 4655 ‘
1919 4646 2169 4737 (amnem
2201 4671 2344 4737 mss.
2375 4654 2544 4727 Vict,
2577 4646 2769 4711 Carm.
2802 4657 2860 4737 e_t
2907 4651 3108 4707 Lamb.
3143 4649 3232 4705 Sic
3265 4652 3323 4703 et
3356 4646 3517 4737 “Iielli

176 4726 295 4797 (17)
328 4725 529 4797 Lamb.
562 4721 628 4781 de
657 4726 744 4780 his
774 4728 889 4796 qui.
1869 4721 2010 4781 edit.
2036 4721 2227 4781 'Oxon.
2262 4726 2351 4779 Al.
2374 4721 2541 4797 vero:
2565 4744 2667 4797 pro
2696 4742 2789 4781 vos
2822 4730 3165 4795 Leg.supra,
3199 4737 3321 4792 cap.
3356 4721 3445 4775 29.
3529 4793 3533 4795 Δ

180 4796 296 4869 (18)
328 4796 524 4869 Lamb.
552 4799 825 4853 intellexi.
1940 4799 2050 4868 (30)
2072 4798 2210 4853 Mss.
2244 4796 2405 4868 Angl.
2438 4796 2689 4866 habere;
2708 4813 2879 4869 neque
2899 4798 3233 4867 offensarum
3259 4806 3522 4847 memores

177 4867 296 4942 (19)
326 4867 518 4942 Fellus
539 4869 620 4924 ita
650 4870 709 4924 in
741 4885 849 4924 sua
884 4870 1019 4925 edit.
1078 4873 1256 4926 Oxon.
1288 4872 1336 4924 si
1364 4872 1421 4925 in
1456 4869 1556 4942 illa
1584 4871 1759 4942 {eﬁdi-
1870 4867 2003 4934 esse,
2032 4867 2205 4942 neque
2236 4871 2296 4923 in
2335 4870 2557 4924 malitia
2590 4874 2765 4942 vestra
2789 4867 3143 4942 permanere.

97 4938 322 5020 catione
349 4941 505 4993 missi
534 4950 709 4996 essent
736 4958 757 5003 ;
788 4945 1150 5013 testaturque
1170 4959 1314 4998 mss.
1334 4939 1502 5014 Angl.
1536 4938 1758 5012 deesse,
1944 4942 2055 5020 (31)
2086 4938 2426 5020 Mss._Ar_1_«_vl.
2482 4942 2709 5020 ﬁeri,_e_t
2738 4938 2836 4996 has
2864 4941 3044 4995 malas
3071 4938 3338 4993 scissura:
3390 4948 3517 5004 per-

97 5012 290 5085 missi.
336 5081 357 5085 _
481 5081 494 5085 _
590 5082 602 5085 >
674 5083 683 5085 _
1062 5012 1069 5013 “
1430 5012 1451 5014 “
1870 5012 2163 5085 medicare,
2195 5013 2525 5085 ettollerea
2556 5015 2721 5069 vobis.
2890 5084 2901 5085 ί
3258 5077 3273 5085 _
3353 5076 3390 5085 ﬁ
3476 5075 3487 5085 ο

335 5081 538 5159 Lamb.
570 5082 633 5137 de
664 5083 750 5159 [iis
779 5086 1222 5159 nigrieaturum.

1944 5084 2055 5159 (32)
2086 5076 2367 5150 Scissuris,
2402 5084 2499 5159 G_r.
2559 5085 2839 5159 σχήματα.
2883 5084 2947 5139 In
3004 5096 3116 5137 uno
3171 5077 3300 5133 cod.
3353 5076 3522 5147 Regis

204 5154 300 5221 21)
330 5153 531 5208 Lamb.
563 5155 782 5211 omisso
822 5159 923 5225 ita,
973 5162 1103 5229 post
1131 5158 1413 5228 adjecisset
1462 5160 1593 5214 add.
1631 5161 1762 5214 tan-
1874 5153 2319 5229 menbranaceo,
2351 5153 2805 5229 σχίσματᾶζϐοτ.

100 5235 249 5283 tum.
975 5227 990 5229 θ
1199 5227 1203 5228 ⁷
1944 5227 2055 5295 (33)
2089 5227 2197 5281 Ms.
2230 5227 2421 5283 Carm.
2453 5228 2517 5282 de
2547 5229 2650 5284 his.

184 5296 302 5374 (22)
333 5295 423 5374 Sic
456 5296 654 5353 Lamb.
689 5298 783 5355 Sic
813 5302 869 5354 et
898 5300 1037 5355 edit.
1064 5298 1351 5355 Oxon.Al.
1384 5301 1607 5357 candidi
1639 5306 1767 5357 sunt
1946 5298 2057 5374 (34)
2080 5298 2290 5374 Lamb,
2322 5300 2554 5374 desunt,
2584 5301 2753 5374 etiam
2780 5299 2882 5374 ei._
2988 5365 3002 5374 _

108 5362 339 5441 omisso
368 5368 605 5441 juvenes.
1947 5362 2058 5441 (35)
2080 5368 2247 5425 Hunc
2277 5370 2469 5426 locum
2524 5362 2721 5427 laudat
2759 5372 2961 5441 auctor
2988 5363 3241 5421 homilim
3272 5364 3346 5420 De
3373 5362 3524 5418 alea-

183 5438 304 5509 (23)
365 5438 561 5523 Lamb.
620 5442 753 5497 audi
780 5450 965 5498 autem
993 5460 1184 5516 quare.
1217 5444 1287 5499 Et
1342 5461 1475 5501 mox
1530 5446 1765 5515 omittit,
1878 5438 2103 5523 toribuS,
2129 5444 2195 5498 ad
2226 5441 2445 5498 calcem
2477 5440 2933 5569 Oppﬁypriani.‘

183 5526 296 5565 Lusa
322 5513 397 5565 est
428 5528 578 5569 auia.
1948 5516 2061 5569 (36)
2092 5514 2227 5569 Mss.
2255 5520 2441 5569 Carm.
2474 5520 2531 5568 et
2608 5514 2763 5569 amb.
2795 5528 2931 5569 vum

120 5513 397 5587 causaest
428 5515 578 5581 quia.
633 5584 645 5587 Α
1001 5513 1014 5516 ⁷
1752 5513 1757 5515 ’
1948 5516 2061 5587 (36)
2092 5514 2227 5587 Mss.
2255 5520 2441 5569 Carm.
2462 5513 2531 5587 et
2562 5513 2763 5587 Lamb.
2792 5513 3073 5587 punietur.

213 5582 308 5659 ἓξ)
330 5579 671 5659 Mss._Angl.
703 5592 754 5640 et
780 5587 954 5641 virtus
980 5587 1251 5643 veritatis.

1949 5579 2064 5659 (37)
2092 5586 2222 5659 Leg.
2253 5583 2640 5659 παραμόνουις.
2673 5585 2765 5642 Sic
2792 5579 2854 5641 δι
2884 5599 3016 5640 mox
3035 5579 3208 5637 infra.

212 5653 308 5733 25)
339 5653 534 5733 Lamb.
564 5653 676 5733 non
702 5659 854 5733 enim
880 5660 942 5733 in
995 5660 1169 5713 totum
1196 5674 1400 5733 eorum
1415 5660 1554 5733 tolli.
1951 5653 2063 5733 (38)
2099 5653 2230 5731 Leg.
2260 5653 2552 5732 σχίσματα.

192 5726 311 5805 (26)
363 5725 550 5787 Fellus
595 5729 656 5786 in
713 5729 851 5787 edit.
884 5728 1047 5788 Oxon
1102 5732 1345 5804 operari.
1375 5730 1461 5790 Al.
1493 5734 1697 5815 facere.
