4036 6356
567 462 719 521 10οἹ
2064 460 2127 518 S.

2373 461 2478 520 ME
3824 466 3967 525 1003

560 611 640 661 eo,
698 603 747 650 et
772 595 838 649 de
860 594 1145 666 pecoribus
1176 596 1409 651 laetetur.
1435 594 1699 649 Gaudebit
1712 600 1913 658 autem,
1942 595 1992 646 si
2020 609 2154 647 omn:

2372 592 2404 643 τ’
2461 590 2625 662 αὐτῷ,
2676 589 2764 645 καῖ
2822 591 2907 645 ἐπὶ
2950 597 3065 653 τοῖς
3117 588 3411 668 προϐάτοις
3465 594 3762 671 εὐφρανθῇ.
3799 600 3966 669 Kay"-

562 685 835 740 invenerit
890 700 1048 749 sana,
1108 687 1159 740 et
1205 700 1313 738 non
1369 682 1623 753 quaedam
1651 685 1725 737 ex'
1746 683 1863 736 illis
1920 681 2155 753 dissipat

2380 702 2466 734 ται
2498 678 2552 733 δὲ
2607 679 2694 734 ἐὰν
2752 682 2925 735 πάντα
2979 683 3099 756 ὑγιῆ
3154 684 3365 756 εὑρεθῇ,
3418 684 3507 737 καὶ
3543 686 3617 756 μὴ
3669 682 3971 739 διαπεπτω-

560 774 622 828 Si
647 777 830 829 autem
858 774 1047 844 aliqua
1074 790 1144 828 ex
1200 773 1400 828 tatibus
1449 774 1720 827 invenerit
1760 771 2047 842 dissipata,
2127 789 2154 826 v

2378 768 2450 823 ὦτα
2479 769 2599 823 τινὰ
2648 768 2697 841 ἐξ
2730 769 2924 827 αὐτῶν.
2974 772 3096 824 Ἐὰν
3152 768 3207 826 δὲ
3261 773 3471 847 εὑρεθῇ,
3525 774 3646 827 τινὰ
3701 773 3754 845 ἐξ
3812 775 3972 829 αὐτῶν

561 863 669 917 erit
710 863 1062 933 pastoribus.
1121 862 1271 931 Quod
1314 862 1365 917 si
1384 866 1629 933 pastores
1661 862 1769 932 ipsi
1806 860 2065 930 dissipati
2121 862 2155 915 ii

2378 858 2777 928 απεπτωκότα,
2838 858 2958 913 οὐαὶ
3014 866 3131 921 τοῖς
3184 862 3435 933 ποιμέσιν
3494 860 3673 919 ἔσται.
3742 864 3869 917 Ἐἑν

557 953 709 1006 venti
734 955 968 1022 fuerint,
999 952 1130 1023 quid
1159 953 1374 1007 discent
1403 951 1625 1007 domino
1671 952 1848 1021 gregis
1878 954 1902 1003 .9
1931 966 2004 1005 an
2047 967 2087 1005 α
2115 968 2149 1022 ρ

2371 947 2405 1001 ti
2483 948 2634 1002 αὐτοὶ
2711 949 2761 1001 οἱ
2843 948 3099 1021 ποιμένες
3165 950 3420 1025 εὖρεθῶσι
3488 949 3965 1021 διαπεπτωκότες,

557 1054 683 1095 core
732 1055 787 1095 se
857 1039 1125 1097 vexatos?
1176 1041 1291 1095 Non
1346 1039 1595 1095 credetur
1651 1039 1806 1107 gillis.
1865 1039 2151 1094 Incredibil

2416 1036 2593 1112 ἐροῦσι
2645 1042 2723 1109 τῷ
2793 1035 3023 1111 δεσπότῃ
3072 1044 3167 1092 τοῦ
3240 1040 3498 1111 ποιμνίου
3533 1061 3544 1109 ;
3580 1041 3661 1095 ὅτι
3731 1042 3841 1095 ἀπὸ
3871 1048 3964 1095 16:.

554 1130 704 1183 enim
730 1146 817 1184 res
872 1133 971 1197 est,
997 1138 1270 1200 pastorem
1295 1131 1415 1199 pati
1440 1144 1599 1200 posse
1652 1127 1866 1199 aliquid
1916 1144 1951 1181 a
1996 1143 2148 1198 pecor

2376 1121 2601 1180 ›οϐἀτων
2664 1124 2907 1181 διέπεσαν
2964 1148 2976 1195 ;
3026 1128 3097 1181 Οὐ
3157 1132 3604 1200 πιστευθήσονται
3638 1178 3650 1187 .
3715 1135 3970 1188 "Amnes

554 1217 722 1289 Magis
778 1235 902 1275 vero
971 1220 1278 1292 punientur
1328 1222 1548 1289 propter
1597 1217 1949 1272 mendacium
2021 1233 2148 1271 suum

2371 1216 2418 1289 ἱΡ
2477 1214 2699 1291 πρᾶγμά
2757 1215 2885 1285 ἐστίν
2948 1218 3183 1289 ποιμένα
3244 1218 3375 1291 ὑπὲρ
3435 1214 3728 1294 προϐάτων
3786 1228 3965 1285 παθεῖν

556 1308 795 1364 Scientes
836 1325 984 1380 ergo,
1042 1309 1185 1381 quod
1237 1308 1397 1364 valde
1444 1311 1683 1379 apportet
1736 1306 1800 1362 de
1857 1308 1929 1361 iis
1987 1305 2150 1361 redde:

2375 1348 2386 1358 .
2437 1303 2664 1361 Μᾶλλον
2715 1304 2771 1361 δὲ
2812 1307 3245 1380 κολασθήσονται
3295 1308 3383 1364 διὰ
3435 1312 3496 1365 τὸ
3526 1308 3730 1383 ψεῦδος
3778 1312 3961 1368 αὐτῶν.

553 1399 850 1467 rationem,
883 1403 992 1454 etc.

2368 1390 2533 1455 ἱ’δότες
2568 1393 2659 1449 οὖν
2689 1394 2771 1451 ὅτι
2804 1394 2923 1452 λίαν
2975 1395 3044 1451 δι’
3094 1397 3286 1461 αὐτοὺς
3332 1397 3628 1455 ἀποδοῦναι
3670 1399 3843 1475 λόγον
3877 1400 3962 1467 Esi,

2312 1503 2363 1536 κ.
2397 1504 2447 1539 τ.
2483 1482 2536 1537 λ.

2012 1600 2237 1656 CAPUT
2288 1582 2509 1658 xxxn’.

622 1706 919 1763 Consulite
950 1721 1085 1777 ergo
1115 1704 1277 1759 vobis
1336 1702 1467 1774 (39),
1493 1703 1633 1755 dum
1666 1699 1853 1755 adhuc
1886 1699 2065 1753 turris
2096 1698 2433 1755 aediﬁcatur.
2483 1701 2760 1757 Dominus
2792 1703 3017 1760 habitat
3087 1706 3145 1760 in
3176 1705 3313 1761 viris
3353 1706 3716 1774 amantibus,
3740 1723 3962 1779 pacem,

551 1796 765 1852 etenim
809 1812 941 1850 vera
966 1796 1073 1864 (40)
1134 1810 1245 1865 pax
1275 1792 1449 1847 chara
1480 1796 1603 1855 est;
1637 1807 1669 1843 a
1708 1788 2087 1843 contentiosis
2123 1788 2236 1859 (41)
2266 1805 2402 1844 vero
2433 1794 2491 1844 et
2522 1792 2767 1862 perditis
2799 1793 3044 1865 malitia,
3080 1794 3247 1866 longe
3280 1795 3461 1851 abest.
3497 1796 3743 1851 Reddite
3799 1797 3967 1867 igitur

549 1886 600 1941 ei
648 1885 919 1957 spiritum
950 1885 1264 1955 integrum:
1299 1882 1451 1937 sicut
1498 1878 1823 1949 accepistis.
1858 1877 1915 1931 Si
1947 1878 2103 1931 enim
2136 1878 2361 1933 dederis
2392 1879 2598 1935 fulloui
2628 1882 3042 1937 vestimentum
3101 1884 3414 1956 integrum,
3447 1884 3626 1956 idque
3666 1885 3963 1958 integrum

547 1975 633 2030 vis
682 1976 871 2030 denuo
904 1974 1157 2044 recipere
1192 1990 1205 2039 ;
1238 1971 1380 2026 fullo
1430 1972 1623 2024 autem
1656 1967 1907 2023 scissum
1954 1967 2058 2021 tibi
2092 1967 2237 2021 illud
2271 1968 2473 2023 reddat
2508 1987 2520 2035 ;
2576 1970 2824 2041 recipies
2856 1971 3002 2026 illud
3033 1976 3061 2026 Υ
3090 1973 3293 2028 Nonne
3324 1974 3521 2029 statim
3550 1976 3961 2039 excandesces,

548 2066 605 2118 et
650 2080 784 2118 eum
836 2062 1091 2117 convicio
1151 2058 1537 2133 prosequeris,
1562 2057 1759 2112 dicens
1790 2074 1802 2111 :
1837 2056 2260 2111 Vestimentum
2293 2073 2487 2112 meum
2511 2058 2625 2127 (42)
2657 2059 2943 2132 integrum
2976 2060 3082 2116 tibi
3114 2062 3246 2117 dedi
3281 2088 3294 2130 ;
3329 2079 3507 2134 quare
3538 2064 3769 2119 scidisti
3797 2064 3962 2129 illud,

544 2155 603 2207 et
643 2151 850 2208 inutile
901 2151 1136 2207 fecisti?
1163 2150 1331 2204 Nunc
1388 2150 1621 2219 propter
1675 2145 1993 2201 scissuram
2083 2161 2262 2215 quam
2320 2146 2381 2201 in
2410 2163 2475 2201 eo
2504 2147 2715 2215 fecisti,
2778 2150 2903 2205 usui
2939 2150 3049 2221 (43)
3082 2168 3209 2207 esse
3243 2168 3357 2207 non
3378 2156 3588 2223 potest.
3617 2153 3831 2209 Nonne
3852 2153 3967 2208 bere

543 2244 742 2299 omnia
768 2242 943 2297 verba
967 2241 1121 2297 dices
1152 2238 1375 2305 fulloni,
1411 2240 1467 2292 et
1495 2237 1566 2290 de
1609 2235 1866 2291 scissura
1897 2250 2075 2306 quam
2137 2236 2198 2289 in
2226 2236 2572 2291 vestimento
2633 2241 2734 2293 tuo
2765 2238 2963 2294 fecerit
2995 2241 3094 2295 PSi
3152 2241 3328 2312 igitur
3356 2245 3418 2296 tu
3450 2242 3609 2298 doles
3666 2243 3744 2298 de
3792 2244 3967 2298 vesti—

547 2336 743 2389 mento
775 2336 898 2399 tuo,
932 2337 987 2386 et
1011 2328 1273 2400 quereris
1305 2327 1415 2399 (44)
1464 2325 1617 2397 quod
1668 2341 1782 2380 non
1842 2324 1990 2379 illud
2021 2323 2314 2394 integrum
2346 2324 2634 2396 recipias;
2668 2326 2807 2398 quid
2870 2336 3039 2400 putas
3075 2330 3188 2401 (45)
3209 2331 3512 2387 dominum
3543 2331 3645 2387 tibi
3672 2332 3963 2388 facturum

546 2423 647 2493 qui
696 2422 967 2493 spiritum
998 2420 1294 2490 integrum
1327 2416 1433 2471 tibi
1463 2415 1637 2481 dedit,
1662 2419 1720 2469 et
1749 2418 1812 2468 tu
1840 2430 1972 2469 eum
2006 2417 2195 2468 totum
2259 2413 2524 2469 inutilem
2570 2416 2875 2472 reddidisti
2930 2419 3064 2486 (46),
3092 2420 3170 2474 ita
3201 2424 3262 2474 ut
3293 2420 3453 2476 nullo
3485 2422 3614 2476 usui
3673 2422 3793 2493 (47)
3844 2439 3965 2477 esse

542 2511 725 2584 possit
752 2510 991 2566 domino
1020 2525 1127 2564 suo
1148 2508 1175 2562 ‘t
1208 2505 1431 2562 Inutilis
1480 2504 1636 2559 enim
1693 2503 1871 2574 crepit
1898 2518 2023 2558 esse
2052 2520 2196 2558 usus
2229 2502 2372 2574 ejus,
2406 2518 2537 2559 cum
2568 2504 2640 2559 sit
2671 2511 2985 2578 corruptus
3009 2524 3043 2562 a
3075 2512 3149 2563 te.
3206 2508 3411 2565 Nonne
3460 2508 3633 2579 igitur
3662 2509 3947 2565 Dominus

544 2603 614 2658 de
644 2601 851 2673 spiritu
883 2615 989 2654 suo
1021 2604 1252 2669 propter
1276 2596 1384 2651 hoc
1417 2595 1632 2649 factum
1661 2597 1829 2649 tuum
1860 2592 2013 2647 idem
2044 2591 2255 2648 faciet?
2305 2592 2503 2663 Plane,
2538 2593 2778 2663 inquam
2812 2611 2825 2649 :
2884 2596 3157 2652 omnibus
3214 2598 3309 2667 iis,
3370 2614 3754 2669 quoscunque
3804 2599 3956 2654 inve-

542 2692 696 2748 nerit
724 2691 786 2747 in
816 2689 1094 2745 memoria
1149 2687 1506 2742 offensarum
1536 2697 1898 2755 permanere,
1930 2681 2085 2736 idem
2116 2681 2287 2737 faciet
2334 2683 2470 2753 (48).
2500 2682 2906 2753 Clementiam,
2941 2684 3149 2757 inquit,
3186 2686 3311 2757 ejus
3342 2686 3518 2742 nolite
3547 2686 3782 2744 calcare
3809 2706 3824 2755 ;
3859 2689 3947 2743 sed

541 2781 733 2855 potius
766 2778 1142 2836 bonoriiicate
1170 2776 1285 2847 (49)
1314 2790 1445 2830 eum
1466 2773 1621 2844 quod
1673 2780 1785 2826 tam
1831 2771 2055 2843 patiens
2086 2775 2176 2826 est
2196 2771 2265 2826 ad
2301 2770 2511 2827 delicta
2528 2779 2735 2843 vestra,
2795 2779 2852 2829 et
2893 2789 3008 2830 non
3067 2778 3157 2830 est
3181 2775 3331 2830 sicut
3377 2792 3500 2831 vos.
3547 2776 3718 2848 Agite
3770 2779 3948 2849 pmui-

540 2872 799 2944 pentiam
837 2894 851 2937 ;
905 2867 1046 2923 utile
1077 2866 1191 2937 (50)
1212 2865 1369 2921 enim
1401 2864 1460 2919 id
1481 2868 1569 2918 est
1597 2860 1778 2918 vobis.

1876 2950 2207 3020 AN'riocnus,
2250 2949 2486 3005 homilia
2512 2952 2601 3006 94.

612 3069 674 3126 Ut
704 3067 967 3123 Dominus
993 3064 1146 3134 pacis
1174 3061 1382 3116 habitet
1408 3060 1465 3115 in
1516 3058 1787 3126 omnibus,
1842 3072 1946 3128 quo
1970 3063 2023 3112 et
2065 3057 2183 3127 spi-

2363 3057 2601 3117 Ὅπωςὸ
2642 3056 2837 3133 Κύριος
2886 3065 2986 3127 τῆς
3042 3058 3263 3134 εἰρήνης
3311 3062 3611 3134 κατοικήσῃ
3656 3059 3711 3114 ἐν
3764 3068 3940 3123 nam.

533 3160 676 3213 ritus
702 3158 920 3226 integer
946 3154 1061 3225 ﬁat,
1083 3154 1225 3207 sicut
1254 3150 1415 3205 illum
1444 3149 1651 3219 accepit
1706 3146 1881 3202 homo.
1917 3145 1981 3201 Si
2036 3147 2127 3200 eni

2347 3165 2379 3198 α
2406 3145 2580 3200 καὶτὸ
2611 3151 2821 3220 πνεῦμα
2870 3147 3016 3222 ὑγιὲς
3065 3147 3307 3224 γένηται,
3362 3149 3541 3225 ὥσπερ
3595 3150 3726 3204 αὐτὸ
3759 3146 3937 3205 ἕλιξεν

535 3249 739 3319 aliquis
793 3245 1002 3301 dederit
1054 3241 1265 3310 fulloni
1292 3240 1672 3295 vestimentum
1721 3252 1922 3291 novum
1962 3238 2013 3291 et
2042 3237 2129 3289 int.

2374 3235 2656 3309 ἄνθρωπος
2694 3280 2707 3292 .
2765 3237 2892 3289 ’Ἐὰν
2972 3238 3074 3313 γάρ
3141 3259 3223 3298 τις
3278 3240 3466 3316 κναφεῖ
3521 3236 3670 3308 δώσή
3730 3239 3938 3311 ἱμάτιον

532 3354 715 3409 grum,
740 3342 901 3407 atque
927 3332 1077 3387 illud
1096 3331 1230 3386 velit
1261 3329 1435 3385 denuo
1465 3329 1736 3399 recipere;
1792 3323 1940 3395 fullo
1998 3328 2126 3380 aute

2346 3324 2471 3378 ιινὸν
2512 3325 2599 3378 καὶ
2660 3325 2821 3399 ὑγιὲς,
2881 3326 2969 3380 καὶ
3025 3331 3186 3381 τοῦτο
3241 3326 3386 3390 θέλει
3433 3329 3784 3400 κομίσασθαι,
3837 3328 3940 3381 δξὲ

534 3428 765 3481 scissum
845 3424 1226 3478 vestimentum
1306 3417 1538 3478 reddat;
1597 3433 1670 3471 an
1723 3415 1953 3485 recipiet
1993 3413 2128 3469 illud

2342 3412 2519 3491 ναφεὺς
2577 3414 2769 3488 σχίσας
2826 3414 2890 3468 τὸ
2940 3414 3155 3487 ἱμάτιον
3210 3414 3505 3486 ἀποδώσει,
3566 3417 3668 3490 ἄρα
3712 3416 3936 3491 λήψεται

532 3516 722 3571 Nonne
767 3514 962 3569 statim
1007 3509 1375 3574 excandescet,
1436 3510 1487 3561 et
1542 3521 1663 3560 eum
1711 3504 1952 3559 convicio
1998 3518 2126 3573 persl

2347 3503 2462 3571 »τό;
2512 3502 2640 3577 οὐχὶ
2689 3523 3008 3579 μαχῃσεται,
3071 3505 3160 3558 καὶ
3221 3500 3450 3580 ὑϐρίσει,
3514 3504 3698 3576 λέγων
3752 3507 3941 3577 αὐτῷ·

533 3611 729 3674 quetur
784 3602 1020 3658 dicens:
1086 3599 1470 3655 l’estimentum
1524 3596 1799 3674 integrum
1851 3593 1952 3648 tibi
2005 3592 2127 3647 dedi

2344 3592 2526 3665 μάτιόν
2579 3613 2660 3646 σοι
2713 3593 2859 3667 ὑγιὲς
2907 3590 3101 3664 ἔδωκα,
3155 3590 3242 3647 διὰ
3289 3592 3342 3648 τί
3391 3594 3521 3649 αὐτὸ
3570 3592 3819 3670 ἕσχισας,
3864 3600 3938 3649 ul

533 3673 706 3763 quare
745 3691 930 3747 cidisti
985 3688 1146 3754 illud,
1206 3694 1258 3742 et
1292 3686 1491 3741 inutile
1527 3685 1709 3754 fecisti
1728 3673 1759 3735 γ’
1788 3682 1850 3737 se
1901 3682 2078 3750 igitur
2100 3683 2127 3735 ιλ

2344 3681 2589 3751 εποίηκας
2651 3682 2926 3758 ἄχρηστον
2980 3682 3096 3750 ;Εἶ
3159 3680 3249 3736 οὖν
3308 3683 3483 3745 οὕτως
3541 3685 3664 3759 περὶ
3725 3686 3938 3757 ἱματῖω

530 3783 675 3838 dolet
702 3781 908 3852 aliquis
962 3778 1026 3833 de
1076 3778 1415 3840 vestimento,
1482 3778 1533 3829 et
1578 3774 1827 3844 queritur
1873 3771 2017 3842 quod
2071 3788 2124 3825 nl

2344 3770 2540 3823 ›πεῖταῖ
2585 3792 2688 3841 τις,
2740 3771 2828 3825 καὶ
2886 3770 3139 3847 μάχεται,
3191 3770 3272 3826 ὅτι
3320 3772 3417 3826 οὐκ
3463 3772 3765 3850 ἀπείληφεν
3806 3776 3938 3850 ὑγιὲς

526 3870 671 3927 illud
699 3873 975 3940 integrum
1020 3866 1337 3937 receperit;
1397 3863 1528 3934 quid
1581 3869 1836 3933 putamus
1878 3862 2120 3915 Dominu

2340 3883 2348 3912 ι
2400 3860 2639 3931 ἱμάτιον,
2701 3860 2751 3913 τί
2813 3859 3076 3933 δοκοῦμεν
3136 3862 3322 3916 παθεῖν
3382 3862 3486 3916 ὑπὸ
3536 3867 3634 3916 τοῦ
3698 3865 3934 3937 Κυρίου,

528 3962 684 4017 nobis
738 3961 1041 4029 facturum,
1090 3956 1184 4027 qui
1239 3955 1495 4025 spiritum
1522 3953 1805 4022 integrum
1843 3950 2122 4021 accepimu

2338 3952 2604 4021 »πνεῦμα
2649 3943 2904 4010 λαϐόντες
2961 3950 3125 4023 ὑγιὲς⁷
3184 3950 3273 4004 καὶ
3332 3955 3491 4005 τοῦτο
3550 3948 3932 4021 λυπήσαντες,

528 4055 578 4106 et
606 4050 767 4105 illum
812 4046 1056 4103 molestia
1110 4045 1394 4116 affecimus
1416 4046 1465 4097 et
1491 4042 1749 4097 inutilem
1812 4038 2122 4095 reddidimu

2338 4036 2374 4090 ιὶ
2406 4037 2822 4113 ἀχρειώσαντες,
2878 4038 2953 4109 μὴ
3006 4036 3056 4092 ἐν
3104 4039 3393 4111 σεμνότητι
3436 4039 3932 4113 πολιτευσάμενος

3974 3938 4003 4578 l

3954 4578 3989 5053 J

528 4155 638 4195 non
666 4141 903 4194 viventes
958 4153 1081 4190 cum
1129 4135 1421 4189 homestate
1442 4148 1461 4191 ;
1496 4133 1575 4186 ita
1599 4134 1659 4184 ut
1686 4127 1847 4184 nullo
1873 4130 2005 4183 usui
2062 4144 2122 4183 es.

2338 4126 2373 4180 ιὶ
2435 4127 2511 4189 εἷς
2569 4124 2828 4199 οὐδεμίαν
2888 4130 3084 4201 χρῆσιν
3148 4125 3363 4182 δύναται
3434 4129 3561 4183 εἶναι
3619 4134 3701 4200 τῷ
3760 4134 3932 4204 [inp-Ls.

528 4230 696 4299 possit
714 4227 931 4283 domino
988 4227 1276 4281 suo?nam
1300 4238 1455 4287 usus,
1496 4222 1724 4292 spiritus
1768 4236 1801 4272 a
1848 4217 2004 4273 nobis
2057 4233 2122 4273 co:

2336 4220 2476 4270 ιυτοῦ
2526 4234 2539 4283 ;
2598 4218 2634 4283 ἡ
2698 4217 2796 4291 γὰρ
2855 4223 3056 4291 χρῆσις
3112 4221 3209 4271 τοῦ
3270 4217 3575 4291 πνεύματος
3634 4220 3722 4296 ὑεῖ)
3782 4223 3930 4292 ape.

530 4326 723 4389 ruptus
751 4324 843 4372 est.

2284 4305 2615 4381 κατεφθάρη.

1987 4423 2218 4479 CAPUT
2256 4421 2477 4477 XXXIII

596 4539 727 4596 Haec
776 4539 1125 4608 omniaquae
1158 4535 1552 4606 suprascripta
1582 4536 1737 4598 sunt,
1792 4548 1894 4601 ego
1948 4534 2144 4601 pastor
2176 4530 2414 4585 nuntius
2446 4529 2794 4600 poenitentia:
2852 4531 3098 4599 ostendi,
3160 4534 3216 4587 et
3274 4531 3501 4588 locutus
3557 4548 3698 4588 sum
3759 4536 3935 4589 servis

524 4628 644 4685 Dei.
676 4628 732 4682 Si
764 4644 896 4698 ergo
953 4625 1333 4692 credideritis,
1365 4631 1417 4679 et
1472 4620 1770 4677 audieritis
1823 4620 1999 4675 verba
2053 4635 2204 4689 mea,
2255 4626 2302 4673 et
2365 4618 2799 4674 ambulaveritis
2857 4618 2916 4673 iu
2966 4620 3130 4690 ipsis,
3189 4624 3246 4675 et
3300 4620 3669 4676 correxeritis
3729 4622 3935 4679 itinera

524 4721 745 4785 vestra;
777 4716 967 4772 vivere
999 4713 1279 4787 poteritis.
1312 4712 1417 4768 Sin
1448 4714 1645 4766 autem
1701 4708 2137 4781 permanseritis
2195 4708 2310 4779 (51)
2357 4710 2417 4763 in
2474 4707 2696 4762 malitia
2745 4714 2797 4762 et
2853 4709 3131 4764 memoria
3185 4710 3559 4777 offensarum,
3612 4709 3829 4766 nullus
3880 4727 3931 4765 ex

522 4806 857 4877 hujusmodi
916 4802 1311 4876 peccatoribus
1363 4800 1515 4856 vivet
1572 4799 1685 4870 (52)
1717 4798 1853 4853 Deo.
1904 4798 2035 4854 Haec
2064 4799 2261 4853 omnia
2290 4815 2324 4853 a
2353 4813 2443 4851 me
2481 4796 2781 4861 discenda,
2813 4796 2967 4853 dicta
2996 4806 3129 4853 sunt
3173 4799 3336 4855 vobis
3358 4799 3491 4871 (53).
3522 4800 3617 4854 Ait
3664 4801 3818 4857 mihi
3855 4804 3929 4856 illa

1705 4922 1951 4977 VARI/E
1991 4921 2373 4977 LECTIONES
2412 4921 2503 4975 ET
2536 4920 2762 4976 NOTAE.

616 5029 706 5100 39)
740 5026 935 5100 Lamb.
966 5026 1279 5082 Remediate
1306 5040 1437 5100 ergg
1466 5038 1575 5100 vos.
1653 5095 1661 5100 _
1774 5094 1784 5100 _
2056 5092 2109 5100 Α.
2501 5019 2704 5100 Lamb.
2739 5020 2799 5100 ill
2828 5018 2996 5100 nullo
3020 5036 3143 5074 usu.

618 5090 708 5172 40)
743 5099 945 5154 Lamb.
978 5102 1031 5154 et
1050 5100 1343 5154 enimvero.
1369 5090 1583 5165 'Forte,
1607 5095 1661 5148 ei
1688 5094 1841 5148 enim
1870 5107 2019 5147 vera.
2055 5092 2167 5147 Sic.
2318 5167 2327 5172 _
2356 5090 2467 5162 (48)
2502 5090 2704 5172 Lamb.
2750 5091 3040 5172 Dominum
3084 5092 3344 5172 spiritum
3398 5094 3537 5165 ejus,
3588 5098 3827 5164 ρνοριεν
3852 5097 3924 5163 ρι.

524 5177 580 5229 et
599 5162 742 5227 'Ms's.
772 5176 953 5226 Carm.
1569 5162 1576 5165 ⁷
2280 5167 2430 5218 ctum
2461 5175 2615 5217 tuum
2661 5162 2761 5216 hoc
2788 5178 2823 5215 a
2868 5163 3011 5231 facie
3064 5166 3245 5233 plane,
3297 5162 3549 5235 inquam,
3590 5162 3808 5221 omnes
3853 5162 3921 5219 ex

618 5244 707 5309 41)
742 5241 942 5298 Lamb.
979 5241 1260 5309 litigiosis.
2280 5249 2624 5309 quoscunque
2646 5235 2922 5309 invenerit
2952 5236 3011 5287 in
3058 5237 3325 5290 memoria
3354 5236 3693 5309 offensarum
3716 5254 3925 5308 perma-

618 5303 707 5383 42)
744 5313 934 5369 Lamb.
968 5303 1149 5383 deest,
1180 5327 1383 5367 meum.
2280 5303 2427 5383 nere,
2451 5303 2745 5383 afﬁcig._N
2753 5303 2865 5360 ullo
2898 5321 3071 5383 sensu
3108 5324 3121 5361 :
3158 5323 3337 5378 eoque
3369 5303 3607 5364 nomine
3640 5303 3797 5365 hunc
3857 5310 3919 5362 le-

617 5376 706 5454 43)
742 5385 935 5440 Lamb.
968 5386 1029 5439 in
1060 5376 1241 5439 usum.
1609 5453 1613 5454 ί
1667 5449 1679 5454 _
1811 5451 1818 5454 _
2280 5379 2529 5454 ctiouem
2554 5394 2587 5432 a
2614 5377 2764 5454 Eellp
2796 5376 3069 5432 omissam
3104 5376 3263 5448 puto}

616 5448 706 5523 44)
738 5456 843 5512 Ms.
866 5458 1058 5511 Carm.
1090 5454 1344 5529 fulloni?
1388 5454 1537 5529 Ergo
1566 5453 1618 5529 et
1645 5449 1710 5505 de
1738 5451 1981 5529 scissura
2009 5466 2171 5529 quam
2350 5450 2461 5529 (49)
2493 5448 2686 5529 Lamb.
2720 5448 2999 5529 honorate.

519 5520 607 5583 ἐπ’
643 5520 961 5583 vestimento
1018 5520 1109 5583 tuo
1165 5526 1375 5597 fecerit,
1393 5524 1445 5578 si
1478 5520 1633 5578 doles
1664 5530 1723 5577 tu
1776 5526 1827 5577 et
1894 5520 2167 5592 quereris,
2350 5520 2461 5597 (5Q)
2498 5520 2685 5597 Lamb.
2715 5521 3103 5597 paenitentiam
3143 5522 3352 5575 utilem.

518 5600 659 5670 quod
673 5615 785 5653 non
807 5600 1109 5654 reddidisti
1133 5617 1144 5653 :
1165 5592 1312 5668 quid
1338 5600 1521 5667 putas.
2490 5592 2687 5670 Lamb.
2712 5592 2941 5670 desunt,
2968 5594 3065 5645 Sin
3095 5598 3281 5670 autem
3305 5597 3753 5663 pernmnseritis.

587 5672 701 5739 (45)
749 5671 940 5725 Lamb.
975 5670 1121 5725 doles
1147 5663 1203 5726 et
1230 5663 1502 5739 quereris.
1708 5736 1739 5739 η
1864 5736 1877 5739 _
2120 5738 2123 5739 ν
2154 5737 2160 5739 Α
2348 5666 2460 5739 (52)
2488 5663 2681 5739 Lamb.
2723 5680 2794 5717 ex
2817 5663 3319 5739 liujusmodivivit.

613 5688 680 5725 40
749 5688 940 5725 Lamo.
975 5688 1121 5725 acies
1147 5688 1197 5726 et
1230 5688 1502 5739 quereris.
2348 5688 2460 5736 (ac)
2488 5688 2681 5719 hlUlU.
2723 5688 2793 5717 ιὐυ
2817 5688 3127 5733 uujusmuut
3159 5688 3319 5720 ku.

613 5688 701 5813 46$
734 5743 815 5797 Ita
844 5757 911 5798 ex
940 5743 1133 5798 Lamb.
1185 5742 1375 5797 Fellus
1402 5740 1462 5794 in
1495 5753 1601 5793 sua
1654 5736 1787 5792 edit.
1848 5736 2032 5792 Oxon.
2102 5737 2165 5791 Al
2348 5737 2459 5808 (53)
2493 5734 2681 5793 Lamb.
2708 5750 2796 5791 me
2818 5733 3035 5792 docente
3063 5735 3212 5792 vobis
3263 5737 3424 5794 dicta.

516 5815 799 5888 redegisti.
