4008 6350
177 416 349 481 1009
1303 412 1636 476 PASTOR.
1665 445 1742 458 —

2010 413 2073 474 ll.
2120 412 2357 478 SIMIL.
2401 413 2480 475 X.
3437 409 3593 472 1010

169 554 384 622 pastor
416 566 429 605 :
463 547 674 604 Omnia
720 564 754 603 a
796 563 889 603 me
932 545 1359 620 interrogasti?
1412 546 1484 600 Et
1542 546 1696 600 dixi:
1751 546 1856 611 Ita,
1890 545 2144 600 domine.
2179 548 2367 611 Quare
2390 561 2526 618 ergo
2558 561 2673 601 non
2704 542 3078 617 interrogasti
3112 558 3225 611 me,
3249 541 3463 615 inquit,
3516 543 3588 599 de

166 640 372 695 forma
430 639 691 710 lapidum
740 637 801 691 in
846 640 1141 691 structura
1197 636 1619 707 repositorum;
1673 638 1733 689 ut
1800 634 1905 689 tibi
1949 634 2295 707 explicarem
2337 637 2471 707 (54)
2511 636 2727 690 formas
2755 634 2784 689 ‘I
2826 635 2893 689 Et
2930 632 3091 688 dixi:
3156 632 3387 689 Oblitus
3435 648 3591 703 sum,

172 727 442 783 domine.
489 727 640 782 Audi
680 742 834 780 nunc
872 742 1030 797 ergo,
1081 725 1294 796 inquit,
1326 728 1383 780 et
1411 725 1481 779 de
1514 723 1656 779 illis.
1703 724 1771 779 Hi
1832 727 1973 779 sunt
2004 724 2104 796 qui
2133 742 2288 781 nunc
2320 725 2595 781 mandata
2623 726 2743 780 haec
2775 726 2889 795 (55)
2919 723 3247 795 audierunt,
3279 728 3336 779 et
3361 739 3429 779 ex
3457 722 3594 779 totis

172 816 521 889 praecordiis
553 814 1257 888 egeruntpaanitentiam:
1291 829 1542 885 cumque
1558 812 1800 868 vidisset
1834 812 2116 868 Dominus
2146 814 2360 868 bonam
2381 818 2553 883 atque
2570 829 2773 885 puram
2794 814 2904 884 (56)
2938 812 3337 883 paenitentiam
3367 828 3595 878 eorum,

168 913 239 962 et
283 923 453 977 posse
496 922 594 961 eos
635 906 694 959 in
737 921 806 960 ea
844 903 1424 975 permanere;jussit
1454 903 1647 974 priora
1675 906 1911 974 peccata
1939 919 2145 958 eorum
2191 903 2388 959 deleri.
2435 907 2531 957 Has
2575 903 2729 958 enim
2760 903 2957 958 formas
2984 906 3219 973 peccata
3246 902 3358 973 (57)
3390 917 3591 958 eorum

164 1000 352 1052 erant
402 1013 415 1064 ;
448 998 504 1051 et
531 998 835 1066 exaequata
869 997 1026 1062 sunt,
1057 1010 1129 1049 ne
1160 998 1525 1065 apparerent.

1629 1116 2043 1174 SIMILITUDO
2072 1118 2134 1173 Χ.

1436 1209 1510 1263 De
1536 1210 1861 1280 pamitentia
1886 1216 1937 1264 et
1965 1210 2323 1280 eleemosyna.

1732 1324 1967 1380 CAPUT
2001 1324 2044 1378 Ι.

254 1424 574 1494 Postquam
624 1422 1085 1494 perscripseram
1117 1420 1333 1477 librum
1391 1422 1569 1488 hunc,
1649 1422 1809 1477 venit
1836 1422 2080 1477 nuntius
2138 1422 2233 1478 ille
2280 1423 2381 1494 qui
2430 1438 2522 1478 me
2568 1421 2889 1479 tradiderat
2946 1421 3029 1476 illi
3071 1421 3183 1493 (58)
3232 1419 3471 1492 pastori,
3531 1419 3587 1475 in

167 1513 425 1568 domum
486 1512 545 1565 in
592 1528 706 1581 qua
750 1511 863 1581 (59)
912 1526 1094 1578 eram,
1146 1515 1202 1565 et
1249 1512 1510 1566 consedit
1569 1528 1749 1582 supra
1798 1510 2056 1579 lectum;
2102 1516 2158 1567 et
2206 1512 2394 1567 astitit
2451 1514 2511 1567 in
2543 1513 2778 1568 dextera
2824 1512 2954 1583 ejus
2994 1509 3091 1566 ille
3120 1514 3335 1582 pastor.
3370 1508 3591 1564 Deinde

174 1600 413 1656 vocavit
461 1617 573 1671 me,
606 1603 663 1654 et
691 1599 811 1654 haec
832 1598 976 1654 mihi
1025 1599 1200 1655 dixit:
1235 1600 1472 1654 Tradidi
1505 1604 1583 1666 te,
1614 1600 1826 1671 inquit,
1859 1604 1915 1655 et
1944 1602 2184 1656 domum
2218 1606 2380 1657 tuam
2411 1601 2547 1658 huic
2578 1600 2817 1673 pastori,
2847 1604 2911 1655 ut
2940 1600 3011 1655 ab
3039 1616 3105 1655 eo
3135 1597 3357 1671 protegi
3378 1597 3591 1669 possis.

169 1690 292 1758 Ita,
342 1690 607 1760 inquam,
649 1688 905 1744 domine.
956 1687 1017 1743 Si
1066 1688 1154 1743 vis
1203 1705 1339 1761 ergo
1384 1690 1629 1761 protegi,
1678 1689 1894 1760 inquit,
1944 1691 2016 1744 ab
2060 1690 2219 1744 omni
2265 1691 2563 1746 vexatione
2593 1691 2749 1746 etab
2776 1690 2935 1744 omni
2966 1687 3590 1755 saevitia;sucoessum

165 1782 375 1833 autem
409 1778 618 1833 habere
650 1778 708 1831 in
740 1777 896 1832 omni
919 1792 1091 1848 opere
1136 1778 1286 1833 bono
1317 1781 1492 1850 atque
1522 1778 1718 1845 verbo,
1753 1784 1811 1834 et
1840 1795 2073 1834 omnem
2102 1779 2380 1834 virtutem
2411 1779 2738 1851 aequitatis;
2772 1779 2832 1833 in
2864 1778 3157 1833 mandatis
3187 1776 3261 1831 iis
3291 1775 3595 1847 ingredere

163 1884 305 1939 quae
331 1868 490 1923 dedit
520 1868 629 1939 (60)
680 1866 809 1932 tibi,
841 1871 896 1921 et
942 1867 1158 1938 poteris
1208 1867 1499 1923 dominari
1559 1868 1719 1923 omni
1782 1868 2070 1939 nequitiae.
2113 1868 2472 1924 Custodienti
2517 1869 2675 1924 enim
2724 1867 2832 1923 tibi
2864 1868 3141 1922 mandata
3169 1866 3293 1935 illa,
3326 1865 3592 1935 subjecta

162 1958 292 2011 erit
346 1956 538 2011 omnis
588 1955 880 2027 cupiditas
930 1960 987 2011 et
1043 1955 1287 2011 dulcedo
1328 1957 1505 2028 hujus
1547 1956 1783 2025 saeculi;
1843 1974 2150 2013 successus
2206 1974 2341 2013 vero
2390 1959 2449 2013 in
2499 1958 2658 2013 omni
2705 1958 2858 2012 bono
2909 1956 3137 2028 negotio
3185 1959 3241 2010 te
3287 1957 3567 2025 sequetur

168 2046 576 2101 Maturitatem
608 2045 787 2115 hujus
818 2050 875 2099 et
923 2044 1272 2101 modestiam
1322 2046 1555 2118 suscipe
1609 2047 1667 2101 in
1734 2051 1789 2101 te
1852 2047 1987 2118 (6t);
2045 2050 2103 2102 et
2146 2046 2238 2102 dic
2282 2048 2575 2113 omnibus,
2627 2046 2688 2101 in
2738 2062 2950 2117 magno
2997 2045 3216 2099 honore
3281 2059 3410 2098 esse
3457 2058 3592 2097 eum

153 2139 225 2190 et
278 2133 560 2207 dignitate
604 2134 758 2205 apud
803 2134 1007 2203 Deum,
1055 2138 1112 2189 et
1155 2151 1382 2206 magnae
1429 2135 1734 2207 potestatis
1777 2152 1911 2190 eum
1958 2137 2270 2207 praesidem
2306 2152 2455 2205 esse,
2488 2141 2546 2191 et
2594 2140 2889 2207 potentem
2933 2134 2993 2189 in
3039 2133 3229 2189 ofﬁcio
3274 2149 3401 2188 suo.
3449 2131 3593 2186 Huic

154 2223 289 2279 soli
320 2241 423 2295 per
443 2226 631 2278 totum
682 2224 881 2278 orbem
930 2224 1280 2294 pmnitentia:
1327 2229 1585 2296 potestas
1605 2226 1825 2280 tributa
1868 2229 1973 2280 est.
2007 2225 2219 2281 Potens
2250 2242 2321 2281 ne
2353 2226 2458 2281 tibi
2485 2226 2713 2280 videtur
2733 2224 2904 2280 esse?
2932 2224 3038 2278 Sed
3070 2240 3169 2277 vos
3195 2221 3590 2277 maturitatem

168 2313 368 2384 hujus
391 2315 447 2367 et
478 2312 821 2368 modestiam
854 2313 965 2384 (62)
998 2329 1173 2384 quam
1204 2313 1264 2367 in
1294 2331 1394 2369 vos
1425 2314 1620 2385 habet,
1654 2314 1977 2383 despicitis.

1733 2438 1963 2493 CAPUT
1998 2440 2065 2495 II.

236 2543 377 2599 Dico
407 2543 487 2598 ei:
538 2543 834 2614 Interroga
865 2544 1082 2615 ipsum,
1114 2544 1369 2612 domine,
1392 2561 1461 2600 ex
1491 2562 1607 2618 quo
1639 2545 1698 2600 in
1744 2546 1915 2601 domo
1946 2563 2077 2602 mea
2114 2551 2225 2609 est,
2259 2563 2412 2601 anne
2442 2547 2553 2618 (63)
2586 2545 2804 2618 aliquid
2841 2549 3000 2601 extra
3032 2545 3296 2601 ordinem
3322 2544 3585 2611 fecerim;

154 2637 270 2688 aut
316 2632 375 2686 in
406 2632 602 2703 aliquo
646 2648 781 2687 eum
821 2632 1181 2688 oﬁenderim.
1233 2634 1304 2688 Et
1360 2650 1485 2705 ego,
1519 2633 1733 2704 inquit,
1768 2635 1911 2702 scio,
1945 2634 2089 2688 nihil
2114 2640 2274 2690 extra
2303 2635 2566 2691 ordinem
2609 2635 2815 2690 fecisse
2836 2639 2891 2691 te
2921 2650 3109 2705 neque
3139 2651 3264 2690 esse
3296 2632 3588 2688 facturum

149 2726 215 2777 et
248 2721 381 2775 ideo
413 2720 533 2775 haec
564 2719 775 2794 loquor
804 2725 1020 2787 tecum,
1069 2727 1135 2775 ut
1184 2738 1514 2792 perseveres
1548 2741 1560 2789 ;
1598 2723 1745 2778 bene
1787 2722 1942 2777 enim
1985 2723 2079 2779 hic
2110 2725 2180 2779 de
2213 2728 2266 2779 te
2298 2725 2450 2795 apud
2488 2739 2581 2780 me
2610 2724 2980 2780 existimavit.
3014 2725 3100 2778 Tu
3135 2726 3332 2778 autem
3367 2722 3588 2777 caeteris

158 2810 293 2864 haec
336 2810 513 2864 verba
555 2810 751 2876 dices;
803 2812 869 2864 ut
890 2813 947 2865 et
984 2808 1069 2863 illi
1106 2810 1207 2882 qui
1256 2816 1500 2882 egerunt
1558 2816 1660 2866 aut
1691 2812 1874 2866 acturi
1923 2816 2062 2867 sunt
2095 2812 2521 2883 paenitentiam,
2584 2814 2784 2869 eadem
2818 2829 2944 2884 quae
2972 2817 3036 2867 tu
3068 2812 3326 2867 sentiant
3358 2831 3371 2879 ;
3407 2815 3464 2865 et
3492 2809 3588 2865 hic

161 2898 328 2969 apud
363 2914 456 2952 me
489 2898 559 2953 de
586 2897 660 2953 iis
692 2899 803 2969 (64)
836 2898 1286 2970 interpretetur;
1323 2904 1378 2954 et
1408 2915 1513 2971 ego
1534 2900 1689 2972 apud
1730 2900 2066 2956 Dominum.
2113 2903 2183 2956 Et
2224 2918 2353 2973 ego,
2384 2902 2650 2973 inquam,
2683 2903 2939 2967 domine,
2974 2902 3132 2957 omni
3150 2899 3585 2956 hominiindico

159 2985 470 3057 magnalia
525 2986 648 3052 Dei,
700 3003 867 3057 spero
913 2991 1107 3042 autem
1138 3004 1237 3043 eos
1287 3004 1493 3043 omnes
1541 2988 1640 3059 qui
1691 2993 1891 3043 amant
1936 3006 2025 3057 ea,
2088 2993 2144 3044 et
2190 2995 2325 3046 ante
2387 2994 2795 3062 peccaverunt,
2828 2990 2920 3045 his
2948 2990 3165 3045 auditis
3194 2993 3426 3045 acturos
3456 3004 3586 3044 esse

158 3074 575 3146 paenitentiam
605 3076 717 3147 (65)
750 3118 769 3145 ,
818 3076 1000 3132 vitam
1054 3080 1490 3148 recuperantes.
1544 3077 1823 3133 Permane
1881 3094 2017 3149 ergo
2066 3078 2279 3150 inquit,
2312 3078 2369 3132 in
2430 3078 2539 3135 hoc
2566 3079 2915 3146 ministerio,
2949 3083 3007 3134 et
3038 3093 3386 3134 consumma
3415 3075 3590 3133 illudl

157 3163 513 3234 Quicunque
543 3168 739 3218 autem
772 3166 1048 3219 mandata
1076 3164 1255 3236 hujus
1285 3171 1706 3237 exsequuntur,
1739 3166 2042 3221 habebunt
2069 3167 2270 3234 vitam,
2300 3170 2356 3222 et
2384 3167 2479 3222 hic
2537 3168 2648 3239 (66)
2666 3172 2723 3224 et
2751 3168 2905 3239 apud
2938 3167 3253 3223 Dominum
3301 3181 3584 3239 magnum

156 3252 469 3307 honorem.
504 3251 847 3324 Quicunque
874 3270 1007 3308 vero
1038 3254 1217 3325 hujus
1250 3256 1527 3310 mandata
1558 3273 1673 3310 non
1722 3259 1977 3322 servant,
2022 3256 2257 3328 fugiunt
2313 3274 2346 3311 a
2398 3256 2515 3312 vita
2572 3273 2683 3312 sua
2737 3261 2795 3311 et
2824 3256 3207 3311 adversantur
3235 3254 3318 3308 illi
3347 3270 3359 3309 :
3396 3258 3452 3309 et
3483 3254 3585 3325 qui

164 3342 454 3397 mandata
483 3343 609 3412 ejus
653 3359 768 3397 non
810 3348 1139 3414 sequuntur
1177 3345 1313 3415 (67),
1356 3346 1532 3400 morti
1573 3361 1634 3400 se
1668 3344 1912 3399 tradunt
1955 3346 2105 3417 (68);
2155 3350 2212 3401 et
2272 3345 2681 3417 unusquisque
2726 3360 2927 3400 eorum
2978 3360 3111 3399 reus
3141 3342 3251 3398 erit
3281 3341 3585 3415 sanguinis

175 3430 295 3558 ἓυέ
337 3430 481 3557 Eibi
539 3435 733 3487 autem
771 3431 919 3500 dico,
979 3436 1043 3487 ut
1092 3448 1287 3489 serves
1338 3434 1621 3489 mandata
1667 3433 1788 3489 haec
1828 3434 1962 3505 (69),
2011 3438 2068 3488 et
2125 3434 2450 3490 remedium
2497 3437 2866 3506 peccatorum
2906 3436 3143 3488 tuorum
3172 3431 3437 3488 omnium
3466 3433 3585 3505 (70)

221 3519 256 3558 a
301 3518 333 3557 e
378 3519 448 3557 is.

221 3518 448 3558 806018.

1689 3602 1942 3658 CAPUT
1973 3602 2068 3658 III.

246 3688 383 3745 Misi
416 3692 611 3744 autem
642 3688 747 3744 tibi
794 3689 903 3745 has
952 3689 1205 3762 virgines
1235 3692 1369 3762 (71),
1397 3695 1463 3746 ut.
1493 3691 1759 3747 habitent
1785 3695 2009 3760 tecum;
2040 3691 2159 3747 vidi
2190 3693 2345 3748 enim
2377 3692 2654 3748 easvalde
2702 3690 2985 3761 effabiles,
3015 3690 3122 3745 tibi
3151 3706 3299 3746 esse.
3334 3690 3584 3746 Habebis

165 3779 370 3851 igitur
388 3778 503 3849 (72)
534 3782 596 3831 tu
647 3794 744 3833 eas
789 3779 1125 3849 adjutrices,
1173 3796 1287 3850 quo
1332 3780 1521 3852 magis
1555 3779 1745 3851 possis
1786 3779 1965 3850 hujus
2023 3782 2299 3836 mandata
2329 3798 2589 3848 servare;
2627 3799 2741 3837 non
2772 3785 2963 3853 potest
3000 3780 3156 3836 enim
3186 3779 3332 3847 fieri,
3366 3783 3431 3833 ut
3458 3778 3583 3836 sine

174 3867 275 3922 his
305 3866 633 3937 virginibus
663 3866 782 3921 haec
806 3868 1086 3922 mandata
1115 3872 1435 3923 serventur.
1476 3868 1653 3924 Vides
1700 3868 1810 3941 (73)
1857 3874 2050 3924 autem
2079 3885 2177 3925 eas
2208 3869 2455 3926 libenter
2483 3886 2611 3927 esse
2640 3875 2868 3937 tecum;
2904 3870 3003 3925 sed
3030 3874 3087 3924 et
3115 3885 3219 3941 ego
3251 3867 3581 3940 praecipiam

166 3956 285 4021 eis,
322 3960 389 4010 ut
420 3954 658 4011 omnino
718 3972 751 4010 a
808 3956 982 4011 domo
1033 3960 1135 4011 tua
1190 3974 1304 4011 non
1349 3958 1669 4013 discedant.
1705 3958 1789 4013 Tu
1818 3961 2049 4012 tantum
2080 3960 2563 4031 communda(74)
2585 3960 2826 4015 domum
2856 3963 3052 4013 tuam:
3085 3957 3143 4010 in
3175 3956 3396 4011 munda
3424 3955 3580 4010 enim

171 4045 352 4099 domo
383 4042 636 4099 libenter
685 4043 1074 4099 habitabant:
1122 4045 1354 4099 mundae
1407 4049 1543 4100 sunt
1586 4046 1765 4113 enim,
1807 4049 1980 4117 atque
2024 4052 2197 4103 castae
2236 4053 2292 4103 et
2336 4048 2658 4116 industriae,
2705 4052 2763 4102 et
2785 4064 2989 4102 omnes
3018 4046 3299 4101 habentes
3330 4043 3578 4117 gratiam

172 4133 335 4204 apud
367 4132 709 4187 Dominum.
745 4132 931 4203 Igitur
958 4132 1009 4187 si
1060 4132 1335 4187 habueris
1392 4134 1502 4204 (75)
1560 4134 1779 4188 domun
1832 4138 1994 4190 tuam
2018 4151 2246 4206 puram,
2279 4140 2472 4191 tecum
2504 4136 2950 4208 permanebunt.
2982 4134 3042 4190 Si
3071 4140 3265 4189 autem
3296 4131 3577 4204 pusillum

170 4219 400 4293 aliquid
458 4218 884 4291 inquinationis
944 4220 1236 4289 acciderit,
1270 4221 1602 4291 protinusa
1644 4223 1818 4278 domo
1866 4228 1969 4279 tua
2034 4224 2341 4291 recedent;
2405 4225 2491 4279 hee
2547 4224 2703 4279 enim
2763 4223 3016 4296 virgines
3084 4221 3307 4278 nullam
3341 4221 3576 4279 omnino

167 4308 432 4382 diligunt
458 4307 948 4380 inquinationem.
980 4309 1131 4375 Dico
1165 4310 1251 4363 ei:
1312 4314 1491 4381 Spero
1547 4327 1661 4381 me,
1721 4312 1978 4380 domine,
2040 4312 2393 4384 placiturum
2426 4314 2531 4381 eis,
2564 4313 2645 4367 ita
2674 4317 2738 4367 ut
2768 4313 2826 4367 in
2859 4313 3029 4367 domo
3061 4310 3458 4367 mealibenter
3488 4311 3575 4366 in-

178 4397 450 4454 babitent
479 4412 728 4469 semper.
758 4397 831 4453 Et
859 4397 1011 4453 sicut
1041 4397 1091 4451 is
1122 4397 1215 4454 cui
1247 4413 1340 4453 me
1368 4398 1685 4467 tradidisti,
1720 4399 1866 4455 nihil
1897 4401 1969 4455 de
2000 4417 2092 4456 me
2122 4402 2421 4472 queritur;
2454 4402 2534 4457 ita
2590 4418 2779 4473 neque
2824 4400 2936 4457 illae
2998 4405 3332 4473 querentur.
3378 4402 3474 4457 Ait
3503 4417 3536 4456 a

1330 4540 1571 4596 VARI/E
1628 4541 2014 4598 LECTIONES
2068 4544 2160 4598 ET
2206 4543 2435 4599 NOT/E.

238 4664 359 4738 (54)
389 4662 694 4738 Ms_s.Vict,
728 4666 785 4718 et
814 4663 1004 4718 Carm.
1053 4664 1193 4737 quod
1222 4666 1583 4737 explevimus.
1622 4666 1822 4723 Lamb.
1934 4684 2033 4724 nec
2056 4668 2323 4723 mandata
2347 4670 2465 4738 eius
2493 4672 2815 4738 sequuntur.

338 4880 356 5165 ἓ

333 5235 353 5516 l

177 4734 745 4816 qubd7eaplicuimus,
802 4738 1025 4806 formas.
1060 4734 1073 4737 ⁷
1295 4734 1305 4737 ⁷
1997 4739 2108 4809 (68)
2166 4740 2314 4816 Felli
2355 4734 2491 4795 edit.
2550 4734 2707 4796 Oxon
2756 4740 2996 4799 tradent.
3029 4742 3122 4797 Sic
3157 4743 3301 4799 forte
3360 4742 3472 4816 leg.
3495 4744 3569 4801 ob

240 4808 359 4877 (55)
393 4807 587 4862 Lamb.
620 4821 769 4861 mea.
1925 4807 2199 4877 sequens,
2231 4813 2354 4866 erit.

260 4880 356 4952 56)
390 4879 591 4952 Lamb.
627 4877 761 4932 add.
794 4892 939 4952 esse.
1995 4877 2108 4952 (69)
2140 4883 2281 4937 Mss.
2322 4882 2493 4949 Vict.,
2543 4886 2730 4939 Carm.
2764 4888 2820 4939 et
2837 4884 3038 4940 Lamb.
3062 4888 3268 4942 servias
3286 4886 3568 4942 mandatis

258 4949 354 5022 57)
387 4951 589 5022 Lamb.
616 4951 848 5022 peccati.
881 4949 951 5003 Et
984 4964 1138 5017 mox,
1158 4956 1479 5022 exazquatae.
1924 4954 2029 5007 his.
2062 4949 2153 5009 Sic
2184 4958 2240 5008 et
2268 4954 2408 5008 Felli
2438 4955 2573 5010 edit.
2607 4955 2786 5011 Oxon.

260 5020 353 5096 58)
387 5021 589 5096 Lamb.
625 5020 771 5096 liuic.
830 5093 836 5096 _
1282 5020 1297 5022 “
1996 5025 2109 5096 (70)
2170 5026 2369 5081 Lamb.
2430 5027 2662 5096 desunt,
2730 5032 2949 5082 tuorum
3006 5028 3276 5085 omnium.
3337 5029 3568 5085 Omittit

257 5091 598 5170 59)_Lamb_._
622 5091 785 5170 domb
818 5093 875 5146 in
907 5107 1093 5170 quam.
1197 5164 1211 5170 _
1308 5163 1321 5170 _
1378 5164 1414 5170 __
1925 5091 2158 5170 quoque
2187 5100 2429 5167 tuorum,
2458 5099 2559 5153 sed
2602 5091 2810 5155 retinet
2854 5100 3121 5170 omnium,
3154 5099 3346 5156 Fellus
3369 5101 3427 5156 in
3458 5117 3568 5157 sua

258 5163 352 5229 60)
372 5164 511 5219 Mss.
532 5163 709 5230 Vict.,
741 5163 930 5219 Carm.
965 5167 1022 5218 et
1052 5164 1255 5219 Lamb.
1287 5163 1430 5219 dedi.
1924 5163 2081 5222 edit.-
2105 5167 2285 5224 Oxon.

256 5235 350 5308 61)
381 5235 581 5308 Lamb.
610 5236 749 5308 vita:
859 5304 871 5308 _
942 5306 948 5308 7
1380 5306 1390 5308 7
1995 5238 2108 5308 (7i)
2138 5240 2339 5295 Lamb.
2368 5242 2558 5295 turbas
2588 5240 2869 5308 virginum

257 5304 351 5435 62)
378 5305 468 5360 ΑΙ.
503 5306 824 5361 modestiam
853 5304 1014 5376 hujus
1044 5310 1095 5361 et
1124 5306 1534 5389 verecundiam.
1991 5304 2106 5435 (’72)
2154 5311 2354 5365 Lamb.
2405 5311 2585 5394 deest
2613 5304 2802 5382 igitur.
2847 5312 3039 5369 Fellus
3068 5316 3261 5369 autem
3294 5314 3415 5373 sic:
3447 5321 3568 5372 Ha-

257 5379 329 5433 63
384 5378 584 5433 Lamb.
614 5394 707 5432 an.
734 5381 802 5431 Et
831 5393 983 5435 mox.
1014 5381 1115 5433 aut
1141 5394 1199 5432 ιη
1230 5394 1359 5435 auo.
1924 5382 1986 5435 be
2025 5399 2070 5435 is
2102 5397 2227 5435 emo
2256 5396 2347 5435 eas
2377 5382 2685 5435 adiutrices.

257 5378 351 5453 63)
384 5378 584 5453 Lamb.
614 5381 802 5453 a_n._Et
829 5393 983 5453 mox,
1014 5381 1115 5433 aut
1141 5380 1199 5432 in
1230 5394 1359 5449 quo.
1924 5378 2070 5436 bebis
2090 5378 2227 5451 ergo
2256 5396 2347 5437 eas
2370 5378 2685 5453 adjutrices.

259 5448 353 5523 64)
383 5448 584 5523 Lamb.
616 5449 680 5504 de
708 5449 793 5523 his
820 5449 965 5505 bene.
1244 5448 1251 5449 ⁷
1580 5521 1592 5523 7
1994 5453 2110 5523 (73)
2141 5448 2281 5508 Mss.
2313 5448 2490 5518 Victi,
2521 5454 2691 5510 Carm
2754 5459 2812 5510 et
2852 5456 3048 5511 Lamb.
3093 5456 3267 5512 Video.
3329 5459 3455 5513 Haec
3484 5457 3565 5514 le-

240 5522 354 5593 (65)
383 5520 587 5597 Lamb.
640 5522 739 5597 qui
788 5528 902 5597 tam
938 5527 1066 5576 ante
1093 5526 1472 5597 peccaverunt,
1495 5529 1545 5578 et
1574 5521 1685 5577 hac
1712 5540 1814 5577 au-
1924 5520 2036 5579 ctio
2069 5520 2257 5597 magis
2288 5524 2506 5597 placuit
2534 5526 2795 5582 Fabricio
2824 5527 2882 5583 in
2913 5527 3050 5583 edit.
3080 5528 3286 5585 Hamb.

176 5589 351 5660 diunt,
388 5594 619 5648 libenter
640 5589 820 5648 acturi
861 5597 991 5647 sunt
1018 5589 1209 5663 painit.
2018 5596 2105 5667 74)
2140 5589 2341 5651 ΙῙειωῙ).
2373 5597 2629 5651 emunda.

245 5664 359 5733 (66)
388 5664 585 5737 Lamb.
616 5664 675 5719 id
703 5668 803 5719 est.
1406 5736 1409 5737 7
1644 5736 1647 5737 7
1994 5597 2103 5737 (75)
2136 5668 2337 5736 Lamb,
2373 5668 2629 5723 habuerim

245 5664 359 5738 (66)
387 5664 585 5738 Lamb.
616 5664 675 5719 id
703 5668 803 5719 est.
1070 5737 1073 5738 7
1404 5736 1414 5738 7
1994 5664 2103 5738 (75)
2136 5668 2337 5736 Lamb,
2373 5668 2683 5723 habuerint.

244 5737 357 5809 (67)
386 5735 588 5795 Lamb.
627 5738 828 5808 fugant
856 5752 891 5793 a
936 5751 991 5793 se
1018 5737 1211 5805 vitam,
1256 5743 1307 5792 et
1347 5736 1600 5794 adversus
1629 5736 1810 5807 illum,
