4036 6356
490 365 641 429 1011
1665 365 2064 428 APPENDIX

2309 412 2323 427 .
2368 367 2735 429 HERMAM.
3750 366 3895 427 1012

490 504 785 574 pastorem
815 500 1017 557 illum:
1050 500 1230 556 Video
1263 516 1494 558 servum
1524 500 1624 557 Dei
1653 501 1797 557 velle
1842 501 2035 557 videre
2095 502 2205 573 (76)
2236 508 2291 557 et
2331 502 2623 557 custodire
2668 502 2786 558 haec
2834 502 3112 558 mandata
3144 519 3157 569 ;
3186 504 3242 557 et
3264 500 3518 574 virgines
3539 500 3651 556 bas
3672 501 3895 555 munda

490 589 849 646 habitatione
876 590 1287 646 collocaturum
1321 591 1452 661 (77).
1508 592 1635 645 Haec
1666 608 1798 646 cum
1832 591 2093 655 dixisset,
2142 590 2353 645 iterum
2411 592 2630 662 pastori
2684 591 2772 646 illi
2830 608 2922 647 me
2981 591 3242 661 tradidit,
3300 595 3356 646 et
3382 590 3608 646 vocavit
3639 590 3896 661 virgines

492 682 550 735 et
580 679 725 734 dixit
753 679 837 735 eis
868 679 1012 750 (78):
1048 679 1335 743 Quoniam
1362 680 1528 735 video
1558 697 1661 735 vos
1687 680 1933 735 libenter
1962 679 2021 733 in
2052 679 2224 734 domo
2280 680 2459 750 hujus
2506 680 2790 752 habitare,
2852 681 3198 736 commendo
3228 697 3361 736 eum
3391 679 3556 735 vobis
3585 681 3645 734 et
3674 679 3894 735 domuu

494 768 657 838 ejus;
688 772 753 823 ut
782 784 816 822 a
844 768 1015 824 domo
1046 769 1175 839 ejus
1204 786 1321 824 non
1344 769 1627 825 recedatis
1659 768 1916 824 omnino.
1950 768 2067 822 Illae
2097 785 2230 824 vero
2262 768 2511 825 libenter
2540 770 2661 826 haec
2690 772 2865 827 verba
2886 770 3221 826 audierunt.

2027 883 2256 939 CAPUT
2300 885 2395 940 IV.

564 1003 657 1060 Ait
712 1004 922 1061 deinde
968 1007 1109 1061 mihi
1144 1025 1157 1062 :
1208 1007 1464 1062 Viriliter
1507 1007 1565 1061 in
1608 1004 1929 1062 ministerio
1961 1003 2071 1057 hoc
2101 1019 2480 1059 conversare:
2516 1004 2673 1059 omni
2697 1004 2922 1060 homini
2954 1004 3149 1061 indica
3177 1007 3288 1075 (79)
3340 1007 3635 1079 magnalia
3671 1009 3817 1075 Dei;
3851 1016 3903 1065 et

494 1092 740 1148 habebis
784 1095 1033 1165 gratiam
1079 1097 1137 1151 in
1187 1097 1297 1152 hoc
1338 1095 1684 1151 ministerio.
1732 1094 2069 1161 Quicunque
2109 1108 2244 1163 ergo
2293 1090 2351 1145 in
2396 1091 2488 1146 his
2520 1092 2815 1148 mandatis
2846 1093 3249 1163 ambulaverit,
3280 1096 3431 1151 vivet
3460 1100 3517 1152 et
3538 1096 3675 1152 felix
3705 1098 3818 1153 erit
3845 1100 3903 1154 in

497 1181 635 1252 (vita
665 1199 799 1237 sua:
835 1184 1168 1257 quicunque
1209 1202 1340 1241 vero
1390 1184 1726 1255 neglexerit,
1784 1200 1898 1236 non
1930 1180 2081 1236 vivet
2114 1185 2169 1236 et
2197 1182 2308 1235 erit
2350 1180 2549 1235 infelix
2578 1181 2635 1235 in
2666 1182 2784 1237 vita
2805 1199 2930 1237 sua.
2969 1183 3064 1238 Dic
3095 1183 3395 1252 omnibus,
3426 1190 3493 1240 ut
3522 1202 3639 1241 non
3669 1194 3904 1243 cessent

495 1270 829 1343 quicunque
902 1279 1053 1329 recte
1098 1276 1283 1330 facere
1326 1276 1593 1346 possunt)
1643 1275 1794 1328 bona
1824 1288 1998 1343 opera
2056 1286 2350 1325 exercere:
2398 1270 2537 1325 utile
2580 1275 2669 1326 est
2722 1271 2859 1326 illis.
2907 1272 3045 1327 Dico
3076 1278 3296 1339 autem,
3329 1290 3563 1329 omnem
3598 1276 3901 1332 hominem

496 1359 569 1413 de
600 1359 989 1418 incommodis
1046 1364 1189 1435 eripi
1246 1368 1528 1435 oportere.
1588 1363 1643 1417 Is
1692 1362 1847 1417 enim
1898 1360 1998 1431 qui
2056 1362 2184 1431 eget
2237 1360 2369 1431 (80),
2402 1363 2459 1414 et
2515 1359 2573 1413 in
2603 1360 2943 1430 quotidiana
2990 1361 3109 1416 vita
3140 1362 3357 1433 patitur
3404 1363 3815 1431 incommoda;
3847 1367 3902 1421 in

497 1464 711 1521 magno
767 1454 1056 1507 tormento
1113 1458 1200 1508 est
1254 1471 1319 1507 ac
1369 1452 1713 1508 necessitate
1753 1451 1883 1521 (81).
1926 1448 2203 1519 Quisquis
2258 1447 2437 1519 igitur
2468 1448 3135 1519 bujuscemodianiman
3186 1450 3359 1523 eripit
3405 1453 3475 1507 de
3505 1453 3853 1509 necessitate
3891 1473 3902 1515 ;

499 1553 779 1609 magnum
805 1542 1085 1611 gaudium
1108 1543 1216 1598 sibi
1250 1542 1519 1613 acquirit.
1544 1542 1689 1595 Nam
1737 1541 1787 1594 is
1818 1539 1917 1610 qui
1976 1538 2316 1609 hujusmodi
2371 1543 2610 1593 vexatur
2668 1540 3057 1608 incommodo,
3094 1541 3217 1612 pari
3248 1545 3540 1597 tormento
3588 1543 3904 1601 cruciatur.

498 1630 676 1698 atque
706 1644 768 1683 se
796 1632 1097 1701 torquetis
1131 1632 1243 1703 (82)
1276 1632 1374 1703 qui
1404 1632 1463 1686 in
1490 1628 1739 1685 vinculis
1788 1632 1894 1683 est.
1957 1627 2122 1682 Multi
2176 1628 2331 1681 enim
2376 1632 2609 1699 propter
2637 1627 2979 1699 hujusmodi
3010 1630 3397 1697 calamitates,
3428 1646 3562 1685 cum
3593 1648 3695 1687 eas
3730 1636 3909 1688 susti-

498 1730 635 1770 nere
667 1716 779 1787 (83)
810 1734 925 1773 non
960 1726 1229 1790 possunt,
1282 1724 1528 1776 mortem
1561 1719 1674 1774 sibi
1723 1718 2097 1773 consciscunt
2125 1716 2255 1787 (84).
2309 1717 2415 1782 Qui
2448 1717 2604 1771 novit
2626 1718 2801 1788 igitur
2832 1718 3222 1774 calamitatem
3254 1719 3597 1789 hujusmodi
3629 1719 3913 1786 hominis,

499 1808 557 1859 et
587 1821 705 1860 non
735 1806 907 1879 eripit
935 1824 1069 1863 eum
1104 1828 1115 1877 ;
1158 1825 1441 1881 magnum
1498 1812 1801 1879 peccatum
1851 1805 2127 1872 admittit,
2180 1809 2235 1860 et
2268 1805 2333 1860 ﬁt
2379 1822 2512 1861 reus
2562 1807 2867 1879 sanguinis
2901 1808 3049 1877 ejus.
3084 1807 3276 1863 Facite
3309 1808 3487 1880 igitur
3517 1825 3695 1880 opera
3727 1810 3904 1877 bona,

500 1892 835 1966 quicunque
864 1898 1168 1968 accepistis
1200 1916 1234 1953 a
1265 1898 1528 1965 Domino;
1563 1913 1633 1952 ne
1664 1897 1804 1951 dum
1846 1894 2157 1949 moramini
2208 1895 2319 1965 (85)
2378 1896 2586 1962 facere,
2617 1902 3056 1953 consummetur
3094 1902 3393 1953 structura
3419 1898 3635 1966 turris;
3669 1905 3907 1971 propter

498 1998 602 2037 vos
630 1983 788 2039 enim
813 1984 1221 2043 intermissum
1244 1992 1331 2043 est
1361 2004 1507 2059 opus
1538 1984 1934 2041 aediﬁcationis
1958 1984 2106 2054 ejus.
2144 1983 2266 2037 Nisi
2298 1984 2474 2053 igitur
2495 1984 2904 2041 festinaveritis
2962 1986 3151 2042 facere
3182 1992 3357 2052 recte,
3390 1989 3905 2043 consummabitur

500 2072 703 2142 turris,
764 2077 821 2128 et
863 2076 1274 2133 excludemini.
1332 2079 1647 2147 Postquam
1694 2091 1825 2129 vero
1864 2073 2095 2127 locutus
2126 2076 2214 2127 est
2273 2089 2525 2138 mecum,
2567 2076 2818 2130 surrexit
2859 2076 2929 2131 de
2960 2075 3147 2144 lecto;
3189 2081 3246 2132 et
3274 2076 3642 2148 apprehenso
3675 2082 3912 2149 pastore

502 2160 941 2289 aggrginibus,
975 2166 1118 2309 a(l)8i£i)tj
1142 2167 1277 2237 (86).
1306 2167 1459 2221 Dixit
1481 2170 1677 2223 autem
1712 2164 1854 2219 mihi
1887 2163 2275 2218 remissurum
2315 2179 2377 2218 se
2411 2166 2703 2235 pastorem
2770 2165 2881 2237 (87)
2937 2164 3128 2233 illum,
3178 2170 3235 2220 et
3261 2165 3519 2237 virgines
3548 2164 3680 2221 illas
3714 2166 3827 2237 (88)
3854 2167 3909 2221 in

647 2250 749 2289 um
783 2250 973 2292 :neam
1127 2280 1139 2292 .

547 2248 749 2289 omum
783 2250 973 2292 :neam
1004 2248 1139 2292 (δυ).

1680 2334 1920 2389 VARI/ﬁ
1949 2331 2337 2389 LECTIONES
2385 2334 2475 2388 ET
2504 2334 2736 2389 NOT/E.

578 2448 696 2524 (Ζῤ)
724 2449 921 2524 Fellus
979 2452 1194 2523 aliique
1225 2452 1545 2524 conjiciunt
1583 2452 1917 2523 legendum,
1951 2466 2153 2505 vzvere.
2339 2455 2452 2524 (84)
2485 2453 2687 2507 Lamb.
2719 2453 3019 2508 adducunt.

582 2519 695 2593 (Π)
727 2521 930 2593 Lamb.
962 2519 1348 2579 collaturumf
1641 2519 1668 2523 ⁷
2337 2519 2448 2593 (85)
2480 2525 2639 2579 Bodl.
2672 2525 2923 2580 tardatis.
2959 2523 3159 2579 Lamb.
3198 2523 3519 2579 lardamz'nz'.

583 2591 697 2669 Q8)
728 2592 931 2669 Lamb.
964 2595 1035 2649 ad
1062 2612 1172 2650 eas.
1204 2596 1307 2669 Sic
1327 2598 1385 2649 et
1414 2595 1624 2651 Fellus.
2340 2591 2453 2668 (86)
2502 2596 2642 2653 Mss.
2697 2596 2867 2669 Angl.
2919 2596 3077 2650 abiit.
3122 2596 3304 2651 dicens
3358 2596 3499 2650 mihi
3526 2611 3913 2652 remamurum

603 2662 695 2739 Z9)
728 2665 929 2739 Lamb.
963 2669 1183 2723 omnino
1212 2667 1415 2722 indica.
2262 2662 2556 2739 pastorem.

724 2736 932 2813 _Lam_b.
964 2739 1028 2813 _Et
1056 2740 1139 2794 his
1167 2739 1316 2794 enim
1343 2739 1475 2811 quia
1505 2741 1651 2811 eget.
2262 2733 2277 2739 ’
2338 2741 2449 2813 (87)
2480 2740 2586 2813 Ms.
2621 2739 2812 2813 Carm.
2862 2755 3246 2813 remansqu
3288 2745 3587 2809 pastorem.

604 2804 696 2881 ἓξ)
723 2808 927 2881 Lamb.
959 2810 1061 2864 hac
1089 2825 1293 2866 necess.
1353 2804 1365 2811 ’
1538 2804 1559 2811 ⁷
2338 2804 2451 2881 (88)
2482 2811 2683 2866 Lamb.
2719 2812 2900 2881 deest,
2934 2812 3079 2865 illas.

604 2814 696 2879 81)
723 2814 927 2863 Lamb.
959 2814 1061 2864 hac
1089 2825 1293 2866 necess.
2338 2814 2429 2879 (88
2482 2814 2683 2866 Lamb.
2719 2814 2900 2881 deest,
2934 2814 3079 2865 illas.

604 2875 697 2955 βξ)
721 2879 927 2955 _Lam_b-
969 2882 1119 2955 quia.
2336 2814 2451 2955 (89;
2507 2882 2649 2955 Mss.
2708 2886 3087 2955 Carmgpost
3124 2897 3321 2948 meam,
3356 2880 3518 2937 addit
3572 2881 3765 2935 Amen.
3825 2878 3913 2932 Sic

605 2951 697 3023 83)
719 2951 924 3008 Lamb.
960 2951 1208 3023 sufferre.
2267 2951 2499 3027 quoque
2531 2953 2725 3010 Fellus
2754 2954 2815 3009 in
2846 2951 2986 3009 edit.
3017 2954 3198 3009 Oxon.

581 2660 603 3025 Ξ

518 3130 3919 3165 W

873 3322 1895 3486 APPENDIX
2006 3324 2277 3485 AD
2400 3322 2567 3487 S.
2661 3324 3541 3488 HERMAM

1750 3730 2230 3792 SANCTARUM
2284 3728 2681 3793 VIRGINUM

1027 3905 1688 3997 PUDENTIANE
1741 3907 1937 3997 SEU
2002 3905 2650 3997 POTENTIANIE
2718 3908 2843 3998 ET
2908 3908 3406 4001 PBAXEDIS

2014 4111 2427 4243 ACTA

877 4350 1547 4449 AUCTORE
1651 4351 1738 4445 So
1837 4350 2498 4447 PASTORE
2597 4352 3573 4451 PRESBYTERO

1409 4676 1914 4772 NOTITIA
1983 4678 2113 4772 IN
2187 4679 2276 4771 S.
2350 4678 3040 4775 PASTOBEM.

1226 4883 1405 4963 (Acta
1442 4892 1777 4943 sanctorum
1816 4882 2126 4958 Bolland.,
2158 4884 2333 4958 Julii,
2365 4892 2516 4946 tom.
2554 4887 2656 4960 VI,
2695 4887 2795 4947 die
2823 4891 2923 4963 27,
2957 4905 3020 4965 p.
3053 4888 3220 4968 299.)

596 5069 647 5124 1.
680 5066 961 5122 Sanctum
992 5063 1147 5119 hunc
1178 5061 1409 5117 exhibet
1438 5060 1610 5117 hodie
1639 5062 1809 5116 nobis
1837 5060 2178 5149 Martyrolo:
2290 5079 2530 5118 manum
2562 5063 3033 5137 Martyrologium
3050 5064 3171 5120 ?An
3187 5064 3548 5122 Belinianum
3581 5068 3721 5123 anni
3754 5069 3923 5124 “98?

518 5156 683 5230 gium
722 5155 1051 5211 Romanum
1096 5151 1189 5206 his
1228 5150 1422 5206 verbis
1457 5166 1470 5205 :
1506 5172 1534 5200 «
1567 5150 1707 5205 Item
1742 5154 1956 5220 Romae,
1994 5156 2181 5205 sanctl
2288 5156 2405 5208 Hoc
2436 5158 2678 5224 certum,
2738 5171 2853 5208 non
2904 5154 2997 5225 agi
3046 5154 3153 5210 hoc
3182 5153 3304 5210 loco
3335 5155 3407 5211 de
3438 5156 3698 5212 Romano
3756 5175 3919 5231 parvo

521 5245 781 5302 Pastoris
813 5240 1157 5316 presbyteri,
1208 5240 1377 5311 cujus
1408 5240 1643 5294 nomine
1673 5238 1879 5294 titulus
1912 5245 2097 5294 exstat
2119 5240 2176 5295 in
2287 5259 2389 5297 seu
2422 5243 2619 5312 veteri,
2646 5245 2799 5314 quod
2816 5243 3175 5315 Rosweydus
3190 5244 3373 5299 edidit
3405 5261 3418 5299 :
3445 5245 3601 5301 istud
3633 5246 3790 5303 enim
3822 5265 3919 5304 nec

520 5333 801 5391 Viminali
832 5332 985 5405 apud
1005 5332 1273 5388 Sanctam
1292 5328 1736 5396 Pudentianam,
1779 5352 1797 5377 η
1823 5329 2173 5383 Baroniusin
2284 5331 2472 5385 visum
2498 5332 2792 5387 aBaronio
2826 5331 2954 5399 fuit,
2989 5347 3176 5404 neque
3207 5333 3278 5387 de
3308 5333 3366 5387 S.
3405 5337 3638 5389 Pastore
3660 5337 3919 5392 meminit

524 5422 1001 5480 adnotationibus
1033 5421 1103 5475 ad
1120 5424 1343 5475 textum
1363 5417 1753 5490 Martyrologii
1777 5419 2019 5472 citatum
2052 5418 2172 5473 hazc
2283 5418 2531 5490 uspiam.
2566 5421 2686 5476 Imo
2717 5436 2821 5475 nec
2880 5421 3193 5476 admodum
3237 5427 3405 5478 vetus
3436 5439 3563 5479 esse
3594 5424 3914 5481 Romanum

526 5513 728 5569 subdit
756 5514 908 5567 inter
938 5510 1083 5566 alia:
1123 5531 1150 5559 «
1190 5508 1315 5564 Non
1346 5512 1577 5563 tantum
1610 5506 1669 5561 in
1700 5507 1875 5562 veteri
1908 5508 2169 5563 Romano
2278 5508 2444 5575 illud,
2478 5510 2630 5580 quod
2664 5510 2721 5564 in
2739 5511 3139 5566 observatione
3170 5511 3497 5568 Baroniana
3527 5513 3759 5584 citatur,
3792 5515 3913 5570 inde

526 5599 956 5672 Martyrologio,
985 5600 1084 5655 sed
1117 5598 1243 5653 etin
1276 5598 1535 5669 antiquis
1558 5596 1972 5668 manuscriptis
2004 5600 2071 5653 de
2101 5616 2167 5653 co
2276 5597 2407 5654 licet
2436 5598 2739 5669 conjicere,
2794 5600 2947 5671 quod
3009 5600 3377 5657 annuntiatio
3436 5602 3493 5658 S.
3527 5604 3787 5660 Pastoris
3817 5604 3913 5659 bo-

529 5690 723 5763 agitur
751 5689 858 5745 bac
889 5688 1000 5745 die.
1036 5710 1063 5737 »
1093 5689 1165 5742 At
1181 5686 1433 5757 quodam
1464 5686 1558 5740 hic
1590 5684 1843 5757 appellat
1864 5690 2031 5741 vetus
2056 5687 2164 5743 1ὶο-
2288 5688 2508 5760 dierna,
2542 5689 2643 5760 ibi,
2677 5694 2741 5745 ut
2798 5688 3098 5760 asseritur,
3148 5705 3437 5764 expressa,
3467 5698 3728 5752 veterum
3775 5710 3911 5753 mar-
