4008 6350
248 386 405 450 1013

1182 381 1293 444 SS.
1342 377 1874 444 PUDENTIANE
1916 377 2016 441 ET
2059 376 2456 440 PRAXEDIS
2499 376 2730 440 ACTA.

3493 375 3651 440 10M

245 518 647 593 tyrologorum
678 514 825 572 nulli
855 512 1192 571 innotuerit.
1224 512 1426 569 Altum
1458 515 1609 568 certe
1640 512 1712 567 ad
1734 510 1892 567 hunc
1919 518 1977 584 Α
2005 510 2264 582 scripsit.
2286 511 2495 567 Totum
2508 514 2889 584 ergotempus
2910 509 3126 567 dumin
3148 508 3256 568 hoc
3278 512 3489 567 saeculo
3505 510 3649 568 vixit

246 611 403 666 diem
425 608 485 663 in
508 605 940 678 exemplaribus
965 601 1448 675 llieronymianis,
1469 602 1644 657 etiam
1682 600 1895 672 saepius

243 698 456 766 auctis,
490 699 561 752 de
594 697 830 751 Pastore
872 693 1212 759 silentium;
1262 696 1457 746 tacent
1504 692 1576 745 ad
1624 690 1893 745 eumdem

243 790 421 858 Beda,
453 786 678 853 Florus,
704 783 1178 850 Wandelbertus,
1206 780 1659 850 Rabanus,Ado,
1684 779 1894 834 Usuar-

241 878 378 943 dus,
414 876 705 933 Notkerus
737 892 750 929 :
778 879 842 928 ut
872 874 1013 927 adeo
1045 888 1160 925 non
1191 870 1457 925 videatur
1483 868 1590 923 hac
1621 868 1713 922 die
1760 870 1895 922 ante

241 965 525 1021 saculum
557 982 593 1019 x
621 969 677 1020 S.
708 962 970 1018 Pastoris
983 976 1193 1016 nomen
1217 957 1628 1014 ecclesiasticis
1649 956 1893 1028 coepisse

242 1055 435 1112 Fastis
468 1053 680 1109 ascribi
707 1071 719 1107 :
758 1053 805 1108 si
840 1057 1037 1107 tamen
1059 1050 1235 1105 etiam
1258 1053 1382 1103 tum
1403 1046 1641 1118 cmperit
1665 1062 1677 1099 :
1704 1062 1891 1116 neque

238 1144 402 1199 enim
434 1143 578 1199 satis
609 1145 911 1214 perspecta
958 1137 1126 1193 nobis
1176 1141 1265 1193 est
1313 1140 1453 1192 astas
1501 1135 1621 1190 sive
1672 1133 1889 1189 codicis

238 1232 527 1300 Vaticani,
554 1247 726 1303 quem
750 1231 807 1283 in
831 1227 1108 1283 auctariis
1130 1227 1292 1281 Bedes
1316 1243 1380 1280 ac
1405 1224 1555 1280 Flori
1578 1224 1887 1279 citavimus

237 1320 417 1378 hodie
447 1326 581 1377 ante
610 1325 838 1375 tomum
861 1318 1189 1373 secundum
1218 1314 1434 1379 Martii,
1462 1314 1580 1369 sive
1604 1312 1887 1384 appendi-

236 1428 375 1467 cum
409 1409 657 1467 Usuardi
689 1426 722 1464 a
751 1407 918 1463 nobis
942 1406 1102 1473 editi,
1126 1406 1185 1459 in
1209 1404 1425 1474 quibus
1448 1403 1558 1457 hoc
1579 1403 1670 1457 die
1693 1402 1751 1456 S.
1780 1405 1885 1456 Pa-

236 1500 417 1557 storis
435 1496 757 1571 presbyteri
777 1502 833 1552 et
853 1494 1205 1552 confessoris
1222 1491 1506 1555 memoria
1526 1490 1881 1546 celebratur:

236 1588 565 1645 Florarium
596 1603 731 1642 vero
761 1589 1099 1641 sanctorum
1140 1599 1279 1647 ms.,
1323 1582 1476 1653 quod
1530 1596 1664 1634 eum
1713 1579 1885 1634 hodie

232 1680 326 1735 sic
359 1676 687 1744 annuntiat,
722 1699 750 1727 «
785 1677 1001 1739 Romae,
1034 1672 1289 1728 Pastoris
1322 1670 1645 1743 presbyteri
1667 1672 1724 1724 et
1753 1685 1885 1724 con-

231 1768 498 1835 fessoris,
525 1790 553 1816 n
586 1766 776 1822 medio
808 1764 1035 1820 circiter
1062 1761 1274 1817 seaculo
1302 1777 1373 1815 xv
1422 1762 1723 1814 exaratum
1771 1761 1881 1813 est.

308 1861 362 1912 2.
394 1857 505 1912 Sed
538 1870 726 1926 neque
766 1852 1008 1925 antiqua
1036 1851 1136 1906 illa
1166 1848 1567 1921 manuscripts
1587 1847 1878 1913 novimus,

229 1947 296 2002 in
329 1946 545 2015 quibus
575 1946 646 2000 de
669 1945 726 1999 S.
760 1943 997 1998 Pastore
1027 1940 1119 2012 agi
1142 1940 1251 1995 hac
1266 1939 1361 1993 die
1382 1938 1630 2004 dicitur;
1653 1936 1766 1992 nisi
1791 1936 1881 1991 vel

229 2035 498 2091 auctaria
517 2036 643 2106 jam
675 2033 913 2088 laudata
942 2029 1383 2101 intelligantur;
1415 2026 1503 2082 vel
1530 2042 1712 2080 unum
1734 2024 1878 2080 illud

227 2124 724 2195 manuscriptum,
770 2122 839 2176 de
878 2136 993 2192 quo
1042 2119 1101 2174 in
1150 2117 1360 2173 iisdem
1404 2114 1879 2171 adnotationibus

228 2214 521 2271 Baronius
554 2210 799 2267 asserit:
837 2231 865 2260 ‹‹
896 2210 1192 2264 Habemus
1223 2206 1281 2261 in
1306 2211 1507 2261 nostra
1527 2203 1879 2259 bibliotheca

228 2320 328 2359 res
358 2306 553 2375 gestas
574 2299 761 2356 sancti
783 2298 1063 2365 Pastoris,
1089 2313 1191 2351 seu
1215 2294 1410 2366 potius
1432 2292 1793 2365 panegyrim,
1815 2292 1874 2346 in

227 2392 328 2447 die
358 2390 537 2446 natali
568 2391 697 2459 ejus
728 2386 943 2442 alicubi
975 2386 1034 2440 in
1065 2384 1311 2440 ecclesia
1343 2382 1455 2454 legi
1487 2381 1740 2436 solitam.
1776 2382 1877 2435 Est

223 2482 361 2553 ejus
390 2480 730 2536 exordium:
766 2477 1088 2531 Sanctorum
1116 2474 1363 2541 vestigia,
1398 2476 1505 2526 etc.
1542 2471 1658 2525 Hoc
1716 2471 1873 2525 enim

224 2570 402 2628 nobis
427 2570 620 2624 Romae
652 2583 683 2622 e
710 2565 1063 2622 bibliotheca
1091 2561 1481 2618 Vallicellensi
1508 2560 1758 2615 describi
1782 2577 1872 2615 ro-

226 2659 519 2733 gavimus,
553 2657 706 2729 quod
740 2674 774 2711 a
801 2657 964 2710 tanto
1009 2653 1132 2708 viro
1177 2651 1484 2706 laudatum
1529 2654 1719 2705 esset:
1770 2648 1872 2703 sed

224 2750 373 2805 adeo
403 2748 615 2804 misere
653 2744 1015 2816 descriptum
1069 2740 1421 2812 accepimus,
1480 2744 1545 2793 ut
1592 2739 1872 2793 mutando

227 2852 658 2908 nonnunquam
688 2833 885 2905 aliqua
914 2836 1017 2886 aut
1037 2830 1303 2886 addendo
1327 2827 1602 2898 compleri
1627 2843 1729 2898 per
1744 2844 1874 2883 con-

214 2927 516 2997 jecturam
548 2922 851 2981 sententias
883 2920 1149 2976 debeant.
1183 2922 1331 2972 Tum
1360 2933 1496 2972 vero
1527 2915 1733 2988 stylus,
1768 2916 1872 2971 fal-

226 3015 339 3086 lor,
356 3016 404 3070 si
418 3014 653 3087 longam
669 3012 822 3083 sapit
833 3008 1264 3079 antiquitatem.
1284 3006 1557 3077 Ipsavero
1572 3005 1751 3075 hujus
1772 3021 1873 3077 pa-

224 3103 513 3177 negyricae
532 3101 813 3159 orationis
834 3098 1079 3154 materia
1099 3095 1405 3151 historiam
1429 3094 1617 3150 sancti
1650 3093 1875 3149 modice

225 3211 295 3250 ac
326 3210 457 3251 raro
487 3191 755 3264 attingit;
789 3204 976 3260 neque
1008 3186 1093 3242 vel
1116 3186 1201 3241 sic
1228 3189 1427 3240 tamen
1444 3182 1588 3239 satis
1610 3182 1871 3238 feliciter.

2003 600 2211 657 beatus
2249 601 2473 667 Pastor,
2523 605 2637 657 Deo
2689 616 2750 656 se
2798 600 3031 667 dicavit,
3080 604 3137 657 et
3184 600 3543 657 incessanter
3582 600 3644 657 in

2003 688 2164 744 illius
2212 690 2490 761 obsequio
2542 706 2937 761 perseverans,
2982 689 3209 745 cunctis
3258 689 3453 746 Romae
3483 688 3645 745 Chri-

2004 779 2213 835 stianis
2244 778 2547 852 speculum
2578 797 2641 835 se
2670 779 2935 851 praebuit,
2965 778 3111 834 illud
3133 777 3459 850 adimplens
3486 779 3642 850 quod

2003 868 2287 924 Dominus
2314 868 2395 924 ait
2418 887 2430 924 :
2454 868 2544 923 Sic
2574 870 2751 925 luceat
2770 869 2870 923 lux
2892 876 3080 925 vestra
3102 885 3287 924 coram
3308 868 3638 936 hominibus,

2001 967 2066 1013 ut
2096 959 2282 1013 vident
2330 975 2493 1028 Opera
2540 961 2722 1013 vestra
2768 964 2927 1023 bona,
2972 964 3026 1013 et
3072 957 3381 1028 gloriﬁcent
3417 962 3642 1013 Patrem

1998 1056 2259 1115 vestrum,
2293 1055 2386 1119 qut
2410 1050 2470 1102 in
2500 1049 2651 1103 ccelzs
2681 1052 2760 1103 est
2789 1047 3011 1120 (Matth.
3042 1066 3099 1116 v,
3126 1048 3232 1119 16).
3267 1046 3449 1118 Igitur
3478 1062 3640 1119 egre-

2001 1136 2131 1208 gius
2160 1137 2375 1192 Christi
2422 1138 2622 1192 Pastor
2670 1136 2942 1209 migravit
2978 1137 3050 1191 ad
3107 1135 3317 1207 gaudia
3373 1135 3638 1208 polorum

1998 1225 2245 1295 septimo
2278 1226 2565 1282 Kalendas
2594 1225 2863 1298 Augusti,
2899 1230 3238 1281 sanctorum
3260 1225 3523 1281 omnium
3557 1243 3642 1283 re-

1997 1316 2401 1371 muneratione
2432 1315 2599 1370 illum
2648 1315 2732 1370 ita
2777 1318 3054 1371 vocante:
3104 1316 3273 1384 Euge,
3320 1331 3470 1371 serve
3501 1315 3637 1371 bene

1996 1408 2045 1459 et
2100 1405 2322 1474 ﬁdelis;
2370 1407 2503 1476 quia
2557 1421 2722 1477 super
2756 1421 2937 1475 pauca
2990 1405 3147 1475 fuisti
3209 1403 3408 1473 ﬁdelis,
3467 1420 3636 1475 supra

1992 1494 2171 1548 multa
2201 1504 2253 1550 te
2282 1496 2607 1550 constituam
2627 1511 2646 1548 .'
2696 1496 2848 1549 intra
2884 1495 2945 1548 in
2989 1493 3255 1564 gaudium
3299 1494 3523 1548 Domini
3552 1493 3638 1547 tui

1994 1582 2200 1652 (Matth.
2221 1600 2349 1650 xxv,
2371 1584 2481 1655 2i).
2502 1584 2681 1654 Cujus
2703 1599 2915 1654 corpus
2931 1582 3231 1638 conditum
3250 1585 3338 1637 est
3351 1580 3412 1636 in
3434 1598 3636 1654 supra-

1993 1672 2148 1727 dicto
2178 1672 2347 1727 titulo
2377 1689 2511 1727 cum
2542 1673 2904 1728 aromatibus
2930 1690 2942 1727 :
2977 1671 3077 1727 ubi
3099 1687 3285 1743 usque
3315 1672 3373 1725 in
3404 1671 3634 1727 hodier-

1993 1778 2134 1816 num
2166 1762 2322 1816 diem
2352 1762 2506 1818 Deus
2537 1762 2874 1833 impertitur
2904 1761 3090 1817 multa
3118 1777 3222 1833 pro
3253 1761 3378 1816 suis
3409 1760 3636 1817 meritis

1914 1888 1959 1953 B
1993 1867 2059 1906 ac
2074 1851 2345 1923 precibus
2361 1851 2643 1907 beneﬁcia
2670 1868 2685 1918 ;
2709 1855 2989 1923 regnante
3004 1850 3252 1907 Domino
3278 1854 3479 1906 nostro
3494 1854 3529 1905 J
3531 1866 3633 1906 esu

1994 1940 2244 2007 Christo,
2276 1940 2369 1996 cui
2398 1940 2550 2011 laus,
2601 1944 2659 1995 et
2686 1940 2891 2010 hcnor,
2936 1945 2994 1996 et
3038 1940 3245 2008 virtus,
3294 1944 3352 1995 et
3380 1942 3637 2012 potestas

1990 2046 2123 2086 eum
2155 2034 2319 2101 patre
2366 2035 2685 2101 sanctoque
2717 2029 2978 2085 Flamine
3024 2045 3128 2101 per
3162 2028 3395 2084 inﬁnita
3424 2028 3637 2085 saecula

1940 2176 1968 2206 θ
1991 2117 2359 2174 saeculorum.
2391 2124 2596 2175 Amen.
2631 2140 2660 2167 »

2058 2208 2111 2261 4.
2146 2208 2308 2273 Quod
2338 2207 2434 2263 hic
2463 2206 2676 2262 dicitur
2704 2209 2763 2263 S.
2810 2207 3025 2264 Paulus
3067 2209 3366 2282 apostolus
3392 2210 3631 2269 titulum

1986 2295 2241 2351 Pastoris
2290 2312 2682 2365 consecrasse,
2732 2297 2813 2363 id,
2870 2297 3124 2369 ipsomet
3177 2299 3413 2356 Pastore
3458 2305 3626 2374 teste,

1985 2384 2197 2441 falsum
2223 2391 2344 2440 est:
2376 2384 2486 2440 hoc
2519 2385 2675 2440 enim
2706 2386 2765 2441 S.
2799 2386 2896 2441 Pio
2919 2404 3100 2458 papae,
3134 2405 3249 2443 non
3280 2389 3460 2445 Paulo
3493 2409 3627 2463 apo-

1983 2474 2150 2540 stolo,
2187 2474 2499 2530 ascribitur
2528 2475 2586 2530 in
2625 2475 2781 2530 Actis
2826 2475 2926 2531 SS.
2977 2477 3348 2534 Pudentianaa
3395 2484 3452 2535 et
3495 2481 3627 2537 Pra-

1981 2564 2165 2620 xedis.
2194 2564 2505 2620 Conditum
2533 2581 2668 2620 vero
2700 2564 2880 2621 fuisse
2918 2566 2977 2621 S.
3025 2566 3322 2625 Pastorem
3352 2569 3409 2624 in
3438 2570 3619 2627 eccle-

1983 2653 2071 2710 sia
2121 2653 2277 2709 tituli
2326 2653 2439 2719 sui,
2478 2670 2547 2709 ex
2593 2653 2703 2710 hac
2761 2654 3003 2711 forsitan
3052 2655 3318 2728 historia,
3368 2660 3626 2717 afﬁrmat

1982 2744 2155 2799 etiam
2188 2743 2484 2816 Aringhus
2514 2742 2575 2797 in
2620 2746 2793 2799 Roma
2838 2745 3199 2802 subterranea
3242 2750 3383 2803 tom.
3419 2749 3487 2816 II,
3518 2750 3621 2807 lib.

1984 2848 2057 2899 ιν,
2090 2848 2217 2904 cap.
2248 2834 2338 2899 43,
2396 2848 2556 2887 num.
2605 2832 2655 2896 1,
2708 2833 2795 2888 uti
2847 2838 2905 2889 et
2936 2834 3136 2890 Piazza
3190 2836 3249 2890 in
3295 2837 3627 2897 Sanetuario

1985 2922 2226 2977 Romano
2278 2922 2349 2977 ad
2398 2921 2555 2976 hunc
2603 2921 2756 2977 diem
2803 2939 2934 2978 xxvr
2982 2924 3145 2979 Julii.
3198 2926 3444 2983 Videtur
3493 2944 3629 3001 ergo

1984 3010 2143 3065 aliud
2185 3027 2313 3066 esse
2361 3010 2550 3066 sancti
2598 3011 2910 3083 cujusdam
2959 3011 3237 3081 Pastoris,
3288 3019 3346 3071 et
3393 3016 3630 3087 quidem

1986 3098 2279 3172 martyris,
2313 3116 2544 3172 corpus,
2578 3100 2735 3171 quod
2764 3117 2897 3155 cum
2932 3099 3064 3158 aliis
3098 3119 3299 3160 recens
3330 3105 3630 3163 inventum

1985 3205 2120 3243 cum
2149 3188 2526 3261 inscriptione
2553 3188 2832 3259 nominis,
2866 3189 3050 3245 Roma
3070 3190 3392 3249 Bononiam
3417 3195 3490 3249 ad
3522 3212 3631 3252 nos

221 3281 591 3355 Dispescitur
619 3258 691 3336 a'd
742 3258 920 3335 usum
979 3273 1439 3331 ecclesiasticum
1488 3273 1549 3327 in
1597 3272 1875 3328 lectiones
1907 3258 1950 3326 C
1987 3258 2350 3332 translatum
2372 3277 2482 3333 fuit
2510 3294 2663 3333 anno
2702 3258 2862 3346 1614,
2912 3278 3005 3333 die
3041 3296 3115 3334 xx
3163 3280 3404 3352 Aprilis.
3434 3284 3631 3340 Nostri

222 3388 435 3428 novem
463 3388 476 3439 ;
509 3384 761 3443 quarum
793 3368 920 3422 dua:
953 3365 1175 3437 priores
1212 3362 1519 3434 prologum
1543 3361 1874 3429 continent;

223 3460 408 3532 omni,
446 3464 511 3514 ut
554 3458 668 3515 dici
702 3458 872 3525 solet,
904 3460 962 3511 et
992 3452 1138 3509 nulli
1184 3452 1661 3508 convenientem:
1705 3451 1879 3506 tertia

221 3551 496 3606 hortatur
525 3550 597 3603 ad
626 3546 913 3602 imitanda
945 3545 1004 3599 Β.
1040 3541 1295 3598 Pastoris
1344 3539 1628 3612 exempla,
1682 3540 1876 3595 docet-

231 3656 371 3712 que,
401 3639 559 3695 hunc
588 3637 771 3693 fuisse
801 3633 981 3690 nobili
1013 3633 1209 3687 Roma:
1230 3629 1502 3703 prosapia
1521 3628 1874 3697 oriundum;

232 3729 446 3785 deinde
475 3725 726 3800 apostoli
754 3722 919 3780 Pauli
951 3720 1306 3792 discipulum
1338 3736 1456 3773 una
1493 3735 1628 3773 cum
1677 3718 1874 3773 Timo-

225 3817 365 3874 theo
386 3836 399 3886 ;
423 3820 550 3872 tum
575 3816 645 3872 ab
664 3813 865 3871 eodem
895 3809 1175 3883 Apostolo
1197 3810 1603 3864 consecratum
1636 3807 1875 3879 presby-

228 3912 424 3963 terum
450 3906 663 3975 ;multa
682 3918 926 3977 passum
944 3900 1054 3956 sub
1074 3898 1362 3954 Antonino
1382 3896 1551 3969 imp.,
1576 3896 1874 3952 eruditum

238 3996 573 4051 animarum
604 3997 900 4067 pastorem
940 3988 1255 4046 sedulum:
1308 3987 1463 4058 quod
1512 3990 1874 4058 postremum

229 4085 627 4157 ampliﬁcatur
653 4080 1091 4139 enumeratione
1120 4077 1405 4132 virtutum
1437 4076 1509 4130 ad
1538 4074 1657 4130 veri
1674 4079 1875 4147 pasto-

228 4173 311 4229 ris
343 4173 602 4229 ofﬁcium
632 4169 1073 4244 pertinentium,
1107 4183 1235 4238 quae
1284 4164 1463 4220 simul
1512 4180 1715 4219 omnes
1765 4165 1873 4219 Pa-

226 4264 372 4319 stori
405 4268 601 4319 nostro
632 4262 993 4327 tribuuntur,
1022 4273 1097 4311 ne
1126 4254 1300 4310 unius
1326 4253 1563 4324 quidem
1585 4253 1721 4308 facti
1750 4254 1871 4309 sin-

225 4352 451 4424 gularis
475 4356 575 4407 aut
604 4348 869 4406 historici
901 4349 1055 4403 facta
1085 4343 1400 4406 mentione,
1438 4359 1627 4414 usque
1666 4343 1737 4397 ad
1790 4341 1870 4397 le-

224 4441 479 4497 ctionem
509 4457 725 4496 nonam
750 4455 763 4495 :
798 4440 867 4494 de
897 4435 1113 4509 quibus
1145 4432 1388 4505 proinde
1418 4431 1540 4486 haec
1570 4431 1871 4487 monuisse

224 4531 503 4599 sufficiat,
537 4547 669 4586 cum
705 4530 776 4585 ad
808 4530 952 4583 Acta
983 4522 1337 4579 illustranda
1366 4520 1514 4575 nihil
1547 4521 1867 4576 conferant.

220 4620 389 4676 Nona
419 4625 615 4676 autem
646 4618 815 4674 lectio
848 4617 932 4671 sic
960 4613 1139 4669 habet
1166 4628 1179 4666 :

296 4711 350 4766 3.
387 4733 415 4761 «
448 4710 631 4781 Igitur
658 4710 822 4763 decet
846 4704 996 4761 tanti
1039 4699 1392 4757 confessoris
1436 4715 1503 4753 ac
1547 4698 1867 4754 sacerdotis

220 4799 509 4855 Altissimi
541 4797 884 4871 praeclarum
916 4794 1132 4849 festum
1165 4806 1300 4845 cum
1341 4805 1577 4843 summa
1606 4805 1866 4845 reveren-

218 4890 303 4944 tia
331 4888 642 4959 celebrare,
673 4887 883 4941 fratres
923 4879 1293 4947 charissimi;
1343 4896 1446 4951 per
1492 4895 1668 4949 quem
1713 4878 1867 4935 Deus

223 4978 414 5034 multa
442 4978 579 5035 fecit
606 4974 911 5038 miracula,
945 4976 1009 5027 ut
1038 4986 1141 5043 pro
1182 4967 1352 5023 nobis
1392 4965 1637 5022 exsistat
1688 4967 1866 5022 inter-

222 5084 424 5124 cessor
452 5067 585 5139 pius
610 5083 623 5121 :
658 5080 833 5137 quem
865 5063 962 5135 pia
983 5057 1210 5116 devotio
1234 5055 1413 5111 Paulo
1436 5054 1696 5126 apostolo
1724 5056 1868 5111 adeo

221 5157 469 5213 charum
501 5160 560 5211 et
588 5155 827 5211 unicum
859 5148 1182 5221 conjunxit,
1245 5146 1399 5216 quod
1454 5145 1516 5198 in
1562 5143 1712 5211 vico,
1767 5145 1866 5215 qui

222 5246 439 5302 dicitur
468 5243 804 5309 Latericius,
864 5236 1169 5296 ecclesiam
1220 5233 1311 5289 sui
1355 5231 1613 5287 nominis
1664 5247 1867 5287 conse-

221 5335 421 5391 cravit.
453 5334 559 5389 Hic
589 5334 677 5388 vir
707 5329 1085 5388 beatissimus
1114 5321 1302 5378 multa
1354 5336 1597 5392 corpora
1644 5327 1869 5378 sancto-

217 5442 351 5481 rum
384 5423 653 5480 clanculo
686 5420 881 5493 rapuit
910 5423 966 5473 et
995 5411 1283 5486 sepelivit,
1315 5410 1499 5464 fretus
1531 5410 1773 5465 consilio
1809 5417 1867 5467 et

217 5514 510 5585 adjutorio
540 5513 641 5567 SS.
674 5508 969 5581 virginum
1000 5500 1379 5558 Pudentianze
1412 5498 1629 5569 pariter
1650 5504 1707 5555 et
1736 5500 1865 5555 Pra-

217 5604 383 5660 xedis
417 5619 431 5657 :
465 5616 719 5674 quarum
751 5612 993 5668 corpora
1020 5590 1316 5663 virginum
1364 5586 1696 5642 honorifica:
1747 5593 1865 5644 tra-

222 5694 371 5750 didit
398 5691 735 5766 sepulturae,
786 5692 843 5743 et
898 5699 1099 5741 earum
1154 5678 1349 5735 Vitam
1408 5676 1677 5734 decenter
1728 5696 1864 5735 con-

1986 3368 2182 3419 autem
2228 3365 2485 3420 Pastoris
2533 3364 2729 3421 nescio
2776 3365 2918 3437 quid
2966 3366 3344 3439 reliquiarum
3391 3386 3520 3427 esse
3566 3371 3628 3428 in

1985 3452 2360 3520 monasterio,
2411 3469 2516 3509 seu
2562 3455 2826 3525 ecclesia,
2877 3456 2935 3512 S.
2996 3454 3260 3513 Silvestri
3316 3458 3389 3515 de
3433 3459 3630 3532 Capite

1986 3543 2201 3610 Romae,
2233 3543 2446 3600 asserit
2472 3545 2842 3603 Giacchettus
2866 3547 2926 3603 in
2947 3546 3203 3603 Historia
3220 3547 3426 3605 Italica
3444 3549 3626 3607 eccle-

1984 3632 2082 3687 size
2113 3649 2178 3687 ac
2209 3633 2548 3689 monasterii
2595 3635 2859 3706 ejusdem
2908 3653 3035 3708 cap.
3088 3638 3155 3691 13
3198 3637 3271 3692 ad
3310 3636 3465 3694 diem
3493 3656 3627 3696 xxv:

1983 3720 2145 3778 Julii.
2177 3722 2352 3777 Porro
2384 3723 2456 3778 ad
2487 3723 2781 3795 publicam
2833 3726 2892 3781 S.
2936 3726 3196 3782 Pastoris
3242 3726 3426 3783 nostri
3452 3744 3624 3785 vene-

1985 3811 2295 3880 rationem,
2315 3828 2430 3867 non
2448 3812 2589 3868 item
2609 3814 2682 3869 ad
2700 3814 3046 3870 hodiernam
3060 3816 3187 3887 ejus
3205 3813 3621 3886 celebritatem,

1983 3900 2355 3957 asserendam
2384 3900 2522 3957 facit
2536 3902 2709 3959 etiam
2745 3902 3004 3976 sigillum
3034 3903 3179 3958 illud
3205 3919 3547 3976 expressum
3564 3906 3624 3963 in

1983 3990 2408 4046 Commentario
2430 3991 2503 4046 ad
2551 3992 2693 4047 Acta
2712 3992 2813 4048 SS.
2842 3992 3217 4049 Pudentianas
3244 3998 3303 4049 et
3349 3994 3623 4052 Praxedis

1982 4095 2115 4134 cum
2146 4079 2428 4150 subjectis
2455 4080 2616 4136 hisce
2644 4080 2945 4137 versiculis
2970 4098 2982 4137 :

2050 4177 2264 4253 Sancte,
2291 4193 2507 4253 precor,
2539 4182 2757 4247 Pastor,
2782 4195 2883 4253 pro
2910 4180 3069 4253 uobis
3097 4184 3208 4237 esto
3236 4186 3476 4253 rogator.

2050 4250 2149 4304 Hic
2177 4250 2385 4305 cunctis
2414 4250 2544 4307 vitae
2570 4252 2763 4307 Pastor
2790 4250 2884 4306 dat
2910 4251 3165 4322 dogmata
3190 4250 3385 4310 sacra.

1980 4348 2060 4402 Ea
2076 4346 2506 4418 Papebrochius
2527 4352 2723 4404 noster
2737 4348 2954 4405 ibidem
2976 4351 3279 4408 referenda
3299 4353 3527 4411 censuit
3545 4355 3618 4411 ad

1979 4435 2260 4492 saeculum
2306 4455 2405 4492 xu.
2448 4438 2661 4493 Eodem
2693 4438 2831 4493 facit
2857 4438 3164 4512 inscriptio
3194 4443 3616 4516 vetustissima,

1978 4542 2157 4597 quam
2189 4525 2423 4581 exhibet
2449 4526 2749 4599 Aringhus
2778 4526 2904 4583 loco
2926 4528 3125 4601 citato,
3147 4548 3311 4587 num.
3335 4533 3388 4598 3,
3411 4533 3471 4588 in
3502 4550 3621 4605 qua

1902 4631 1943 4695 D
1978 4614 2043 4668 ﬁt
2064 4614 2281 4670 mentio
2303 4614 2499 4671 sacelli
2520 4616 2708 4671 sancti
2731 4616 2910 4687 hujus
2931 4619 3117 4674 nostri
3140 4620 3419 4676 Pastoris.
3445 4622 3616 4694 Quid,

1978 4704 2133 4772 quod
2154 4707 2211 4758 et
2228 4704 2348 4758 Ado
2366 4703 2533 4759 illum
2554 4703 2662 4760 hoc
2675 4707 2911 4761 nomine
2924 4707 3163 4763 beatum
3178 4708 3450 4780 agnovit?
3465 4710 3617 4767 Sane

1977 4794 2048 4847 de
2082 4797 2278 4848 nostro
2325 4792 2445 4865 agit
2487 4794 2547 4848 in
2603 4794 2789 4866 elogio
2829 4796 2932 4851 SS.
2985 4798 3257 4852 Praxedis
3303 4800 3362 4853 et
3399 4799 3618 4857 sororis

1976 4884 2025 4953 ej
2037 4899 2104 4937 us
2126 4883 2219 4938 die
2247 4900 2341 4937 xx1
2361 4882 2524 4951 Julii,
2550 4883 2633 4938 sic
2657 4888 2867 4941 notans
2891 4901 2904 4940 :
2930 4907 2958 4935 ‹‹
2982 4886 3045 4941 In
3065 4886 3235 4942 titulo
3263 4903 3417 4955 vero,
3443 4904 3618 4959 quem

1975 4976 2140 5042 pater
2167 4988 2367 5027 earum
2400 4972 2627 5027 Pudens
2658 4974 2894 5030 nomine
2923 4991 3085 5031 sum
3136 4980 3416 5033 sz'roms
3460 4976 3619 5033 dedi-

1977 5060 2149 5129 cavit,
2183 5082 2210 5108 »
2244 5065 2353 5116 etc.
2395 5060 2659 5117 Natalem
2686 5061 2844 5117 illius
2888 5066 3085 5118 tamen
3125 5064 3236 5119 sub
3284 5080 3350 5119 eo
3381 5065 3619 5123 nomine

1977 5165 2167 5221 neque
2196 5148 2305 5204 hoc
2346 5148 2491 5217 loco,
2543 5166 2733 5221 neque
2777 5167 2909 5205 xxv:
2955 5152 3221 5222 ejusdem
3269 5153 3513 5221 mensis,
3554 5158 3621 5211 ut

1971 5239 2095 5309 jam
2129 5237 2406 5307 diximus,
2439 5254 2632 5309 neque
2662 5238 2774 5294 alio
2805 5239 2925 5295 ullo
2956 5240 3049 5295 die
3078 5248 3521 5300 commemorat.

2044 5328 2098 5381 5.
2134 5326 2195 5382 Id
2247 5341 2382 5382 vero
2432 5327 2648 5383 mirum
2703 5329 2923 5384 nemini
2979 5330 3163 5385 videri
3222 5332 3432 5402 debet;
3481 5350 3617 5391 cum

1975 5431 2176 5470 eorum
2206 5416 2466 5487 opinioni
2516 5417 2823 5473 adhaeserit
2866 5418 3010 5487 Ado,
3061 5418 3162 5491 qui
3208 5421 3267 5476 S.
3316 5420 3614 5479 Pastorem

1974 5520 2107 5558 cum
2156 5504 2214 5559 S.
2267 5505 2479 5560 Herma
2524 5505 2623 5561 illo
2666 5507 3054 5575 confuderint,
3106 5509 3277 5580 cujus
3315 5510 3615 5583 apostolus

1973 5591 2189 5647 Paulus
2246 5594 2315 5647 ad
2381 5594 2674 5651 Romanos
2731 5594 2993 5651 scribens
3048 5597 3336 5671 meminit,
3396 5600 3615 5672 quique

1973 5685 2174 5738 auctor
2202 5698 2327 5741 esse
2356 5683 2614 5741 creditur
2660 5683 2819 5753 libri,
2853 5686 2953 5757 qui
3000 5690 3198 5744 Pastor
3247 5688 3610 5763 inscribitur,
