  <div class='ocr_page' id='page_1' title='image "/cluster/home/n/w/nwhite01/storage/ocr_20150623/2/hvd.32044073501421/519.png"; bbox 0 0 4036 6356; ppageno 0'>
   <div class='ocr_carea' id='block_1_1' title="bbox 437 366 593 424">
    <p class='ocr_par' dir='ltr' id='par_1_1' title="bbox 437 366 593 424">
     <span class='ocr_line' id='line_1_1' title="bbox 437 366 593 424; baseline -0.006 0"><span class='ocrx_word' id='word_1_1' title='bbox 437 366 593 424; x_wconf 80' lang='grc'>1015</span> 
     </span>
    </p>
   </div>
   <div class='ocr_carea' id='block_1_2' title="bbox 1603 367 2667 431">
    <p class='ocr_par' dir='ltr' id='par_1_2' title="bbox 1603 367 2667 431">
     <span class='ocr_line' id='line_1_2' title="bbox 1603 367 2667 431; baseline -0.001 -1"><span class='ocrx_word' id='word_1_2' title='bbox 1603 369 2000 431; x_wconf 86' lang='lat' dir='ltr'>APPENDIX</span> <span class='ocrx_word' id='word_1_3' title='bbox 2041 370 2143 429; x_wconf 86' lang='lat' dir='ltr'><strong>AD</strong></span> <span class='ocrx_word' id='word_1_4' title='bbox 2188 369 2254 429; x_wconf 92' lang='lat' dir='ltr'>S.</span> <span class='ocrx_word' id='word_1_5' title='bbox 2299 367 2667 429; x_wconf 81' lang='lat' dir='ltr'>HERMAM.</span> 
     </span>
    </p>
   </div>
   <div class='ocr_carea' id='block_1_3' title="bbox 3691 367 3851 430">
    <p class='ocr_par' dir='ltr' id='par_1_3' title="bbox 3691 367 3851 430">
     <span class='ocr_line' id='line_1_3' title="bbox 3691 367 3851 430; baseline -0.013 -2"><span class='ocrx_word' id='word_1_6' title='bbox 3691 367 3851 430; x_wconf 82' lang='grc'>1016</span> 
     </span>
    </p>
   </div>
   <div class='ocr_carea' id='block_1_4' title="bbox 429 498 3854 574">
    <p class='ocr_par' dir='ltr' id='par_1_4' title="bbox 429 498 3854 574">
     <span class='ocr_line' id='line_1_4' title="bbox 429 498 3854 574; baseline 0.002 -22"><span class='ocrx_word' id='word_1_7' title='bbox 429 498 840 554; x_wconf 89' lang='lat' dir='ltr'>Confusionem</span> <span class='ocrx_word' id='word_1_8' title='bbox 873 499 1021 554; x_wconf 90' lang='lat' dir='ltr'>hanc</span> <span class='ocrx_word' id='word_1_9' title='bbox 1053 504 1247 572; x_wconf 89' lang='lat' dir='ltr'>aperte</span> <span class='ocrx_word' id='word_1_10' title='bbox 1279 501 1473 573; x_wconf 82' lang='lat' dir='ltr'>prodit</span> <span class='ocrx_word' id='word_1_11' title='bbox 1502 501 1560 557; x_wconf 90' lang='lat' dir='ltr'>in</span> <span class='ocrx_word' id='word_1_12' title='bbox 1594 501 1789 557; x_wconf 90' lang='lat' dir='ltr'>libello</span> <span class='ocrx_word' id='word_1_13' title='bbox 1823 504 1895 558; x_wconf 84' lang='lat' dir='ltr'>De</span> <span class='ocrx_word' id='word_1_14' title='bbox 1924 504 2079 573; x_wconf 81' lang='lat' dir='ltr'>fcsli-</span> <span class='ocrx_word' id='word_1_15' title='bbox 2109 504 2164 568; x_wconf 84' lang='grc' dir='ltr'><strong>Α</strong></span> <span class='ocrx_word' id='word_1_16' title='bbox 2195 517 2307 573; x_wconf 91' lang='lat' dir='ltr'>que</span> <span class='ocrx_word' id='word_1_17' title='bbox 2335 501 2578 572; x_wconf 86' lang='lat' dir='ltr'>proinde</span> <span class='ocrx_word' id='word_1_18' title='bbox 2609 506 2918 571; x_wconf 87' lang='lat' dir='ltr'>utriusque</span> <span class='ocrx_word' id='word_1_19' title='bbox 2939 501 3366 568; x_wconf 82' lang='lat' dir='ltr'>confusionem,</span> <span class='ocrx_word' id='word_1_20' title='bbox 3395 502 3465 558; x_wconf 89' lang='lat' dir='ltr'>ab</span> <span class='ocrx_word' id='word_1_21' title='bbox 3487 503 3698 559; x_wconf 82' lang='lat' dir='ltr'>Adone</span> <span class='ocrx_word' id='word_1_22' title='bbox 3721 520 3854 574; x_wconf 87' lang='lat' dir='ltr'>pro-</span> 
     </span>
    </p>
   </div>
   <div class='ocr_carea' id='block_1_5' title="bbox 429 589 2078 663">
    <p class='ocr_par' dir='ltr' id='par_1_5' title="bbox 429 589 2078 663">
     <span class='ocr_line' id='line_1_5' title="bbox 429 589 2078 663; baseline 0.002 -20"><span class='ocrx_word' id='word_1_23' title='bbox 429 589 704 643; x_wconf 76' lang='lat' dir='ltr'>vz&#39;latibus</span> <span class='ocrx_word' id='word_1_24' title='bbox 774 589 1157 659; x_wconf 82' lang='lat' dir='ltr'>apostolorum,</span> <span class='ocrx_word' id='word_1_25' title='bbox 1235 607 1407 661; x_wconf 87' lang='lat' dir='ltr'>quem</span> <span class='ocrx_word' id='word_1_26' title='bbox 1481 591 1883 663; x_wconf 81' lang='lat' dir='ltr'>Martyrologio</span> <span class='ocrx_word' id='word_1_27' title='bbox 1951 593 2078 663; x_wconf 83' lang='lat' dir='ltr'>ejus</span> 
     </span>
    </p>
   </div>
   <div class='ocr_carea' id='block_1_6' title="bbox 433 677 2073 750">
    <p class='ocr_par' dir='ltr' id='par_1_6' title="bbox 433 677 2073 750">
     <span class='ocr_line' id='line_1_6' title="bbox 433 677 2073 750; baseline 0.001 -18"><span class='ocrx_word' id='word_1_28' title='bbox 433 678 732 749; x_wconf 77' lang='lat' dir='ltr'>praeﬁxum</span> <span class='ocrx_word' id='word_1_29' title='bbox 766 677 1010 744; x_wconf 87' lang='lat' dir='ltr'>habens,</span> <span class='ocrx_word' id='word_1_30' title='bbox 1044 696 1177 750; x_wconf 85' lang='lat' dir='ltr'>pag.</span> <span class='ocrx_word' id='word_1_31' title='bbox 1232 681 1338 746; x_wconf 85' lang='lat'>36;</span> <span class='ocrx_word' id='word_1_32' title='bbox 1374 680 1472 734; x_wconf 91' lang='lat' dir='ltr'>ubi</span> <span class='ocrx_word' id='word_1_33' title='bbox 1524 682 1592 735; x_wconf 92' lang='lat' dir='ltr'>ad</span> <span class='ocrx_word' id='word_1_34' title='bbox 1645 681 1802 735; x_wconf 92' lang='lat' dir='ltr'>diem</span> <span class='ocrx_word' id='word_1_35' title='bbox 1832 699 1887 734; x_wconf 86' lang='lat' dir='ltr'>1x</span> <span class='ocrx_word' id='word_1_36' title='bbox 1918 681 2073 747; x_wconf 88' lang='lat' dir='ltr'>Maii,</span> 
     </span>
    </p>
   </div>
   <div class='ocr_carea' id='block_1_7' title="bbox 433 767 2074 841">
    <p class='ocr_par' dir='ltr' id='par_1_7' title="bbox 433 767 2074 841">
     <span class='ocr_line' id='line_1_7' title="bbox 433 767 2074 841; baseline 0.003 -22"><span class='ocrx_word' id='word_1_37' title='bbox 433 783 608 837; x_wconf 87' lang='lat' dir='ltr'>quem</span> <span class='ocrx_word' id='word_1_38' title='bbox 635 768 690 820; x_wconf 90' lang='lat' dir='ltr'>S.</span> <span class='ocrx_word' id='word_1_39' title='bbox 725 767 944 821; x_wconf 67' lang='lat' dir='ltr'>Hermae</span> <span class='ocrx_word' id='word_1_40' title='bbox 977 769 1225 823; x_wconf 86' lang='lat' dir='ltr'>natalem</span> <span class='ocrx_word' id='word_1_41' title='bbox 1260 770 1485 837; x_wconf 76' lang='lat' dir='ltr'>statuit,</span> <span class='ocrx_word' id='word_1_42' title='bbox 1523 793 1548 818; x_wconf 83' lang='lat'>»</span> <span class='ocrx_word' id='word_1_43' title='bbox 1581 770 1832 838; x_wconf 87' lang='lat' dir='ltr'>Titulus,</span> <span class='ocrx_word' id='word_1_44' title='bbox 1865 770 2074 841; x_wconf 89' lang='lat' dir='ltr'>inquit,</span> 
     </span>
    </p>
   </div>
   <div class='ocr_carea' id='block_1_8' title="bbox 434 856 2076 929">
    <p class='ocr_par' dir='ltr' id='par_1_8' title="bbox 434 856 2076 929">
     <span class='ocr_line' id='line_1_8' title="bbox 434 856 2076 929; baseline 0.002 -19"><span class='ocrx_word' id='word_1_45' title='bbox 434 857 668 910; x_wconf 88' lang='lat' dir='ltr'>nomine</span> <span class='ocrx_word' id='word_1_46' title='bbox 700 856 906 927; x_wconf 88' lang='lat' dir='ltr'>ipsius,</span> <span class='ocrx_word' id='word_1_47' title='bbox 927 859 1098 928; x_wconf 83' lang='lat' dir='ltr'>juxta</span> <span class='ocrx_word' id='word_1_48' title='bbox 1126 859 1280 929; x_wconf 89' lang='lat' dir='ltr'>quod</span> <span class='ocrx_word' id='word_1_49' title='bbox 1305 858 1710 929; x_wconf 82' lang='lat' dir='ltr'>baptisterium</span> <span class='ocrx_word' id='word_1_50' title='bbox 1736 877 1804 914; x_wconf 85' lang='lat' dir='ltr'>ex</span> <span class='ocrx_word' id='word_1_51' title='bbox 1834 859 2076 914; x_wconf 86' lang='lat' dir='ltr'>faculta-</span> 
     </span>
    </p>
   </div>
   <div class='ocr_carea' id='block_1_9' title="bbox 428 944 2074 1014">
    <p class='ocr_par' dir='ltr' id='par_1_9' title="bbox 428 944 2074 1014">
     <span class='ocr_line' id='line_1_9' title="bbox 428 944 2074 1014; baseline 0.001 -15"><span class='ocrx_word' id='word_1_52' title='bbox 428 944 588 999; x_wconf 87' lang='lat' dir='ltr'>tibus</span> <span class='ocrx_word' id='word_1_53' title='bbox 621 949 832 999; x_wconf 70' lang='lat' dir='ltr'>sanctze</span> <span class='ocrx_word' id='word_1_54' title='bbox 859 947 1132 1000; x_wconf 86' lang='lat' dir='ltr'>Praxedis</span> <span class='ocrx_word' id='word_1_55' title='bbox 1155 951 1241 1001; x_wconf 92' lang='lat' dir='ltr'>est</span> <span class='ocrx_word' id='word_1_56' title='bbox 1262 951 1650 1014; x_wconf 87' lang='lat' dir='ltr'>exstructum,</span> <span class='ocrx_word' id='word_1_57' title='bbox 1676 952 1733 1002; x_wconf 91' lang='lat' dir='ltr'>et</span> <span class='ocrx_word' id='word_1_58' title='bbox 1751 948 1920 1002; x_wconf 88' lang='lat' dir='ltr'>beato</span> <span class='ocrx_word' id='word_1_59' title='bbox 1954 947 2074 1014; x_wconf 88' lang='lat' dir='ltr'>Pio,</span> 
     </span>
    </p>
   </div>
   <div class='ocr_carea' id='block_1_10' title="bbox 430 1033 2077 1106">
    <p class='ocr_par' dir='ltr' id='par_1_10' title="bbox 430 1033 2077 1106">
     <span class='ocr_line' id='line_1_10' title="bbox 430 1033 2077 1106; baseline 0.002 -18"><span class='ocrx_word' id='word_1_60' title='bbox 430 1033 717 1106; x_wconf 88' lang='lat' dir='ltr'>discipulo</span> <span class='ocrx_word' id='word_1_61' title='bbox 751 1035 1171 1104; x_wconf 84' lang='lat' dir='ltr'>apostolorum,</span> <span class='ocrx_word' id='word_1_62' title='bbox 1221 1040 1497 1106; x_wconf 86' lang='lat' dir='ltr'>operante</span> <span class='ocrx_word' id='word_1_63' title='bbox 1546 1037 1739 1091; x_wconf 90' lang='lat' dir='ltr'>studio</span> <span class='ocrx_word' id='word_1_64' title='bbox 1771 1053 2077 1092; x_wconf 91' lang='lat' dir='ltr'>consecra-</span> 
     </span>
    </p>
   </div>
   <div class='ocr_carea' id='block_1_11' title="bbox 428 1124 2078 1189">
    <p class='ocr_par' dir='ltr' id='par_1_11' title="bbox 428 1124 2078 1189">
     <span class='ocr_line' id='line_1_11' title="bbox 428 1124 2078 1189; baseline 0.001 -11"><span class='ocrx_word' id='word_1_65' title='bbox 428 1129 577 1189; x_wconf 90' lang='lat' dir='ltr'>tum,</span> <span class='ocrx_word' id='word_1_66' title='bbox 611 1124 1021 1179; x_wconf 78' lang='lat' dir='ltr'>venerabiliter</span> <span class='ocrx_word' id='word_1_67' title='bbox 1051 1125 1100 1179; x_wconf 93' lang='lat' dir='ltr'>ei</span> <span class='ocrx_word' id='word_1_68' title='bbox 1132 1129 1390 1180; x_wconf 88' lang='lat' dir='ltr'>statutus</span> <span class='ocrx_word' id='word_1_69' title='bbox 1415 1129 1570 1180; x_wconf 81' lang='lat' dir='ltr'>est.»</span> <span class='ocrx_word' id='word_1_70' title='bbox 1603 1127 1814 1180; x_wconf 90' lang='lat' dir='ltr'>Eadem</span> <span class='ocrx_word' id='word_1_71' title='bbox 1848 1126 1968 1180; x_wconf 72' lang='lat' dir='ltr'>haec</span> <span class='ocrx_word' id='word_1_72' title='bbox 1990 1129 2078 1180; x_wconf 90' lang='lat' dir='ltr'>est</span> 
     </span>
    </p>
   </div>
   <div class='ocr_carea' id='block_1_12' title="bbox 427 1212 2076 1285">
    <p class='ocr_par' dir='ltr' id='par_1_12' title="bbox 427 1212 2076 1285">
     <span class='ocr_line' id='line_1_12' title="bbox 427 1212 2076 1285; baseline 0.001 -17"><span class='ocrx_word' id='word_1_73' title='bbox 427 1212 673 1268; x_wconf 86' lang='lat' dir='ltr'>ecclesia</span> <span class='ocrx_word' id='word_1_74' title='bbox 705 1213 823 1268; x_wconf 88' lang='lat' dir='ltr'>sive</span> <span class='ocrx_word' id='word_1_75' title='bbox 854 1213 1084 1283; x_wconf 87' lang='lat' dir='ltr'>titulus,</span> <span class='ocrx_word' id='word_1_76' title='bbox 1119 1231 1292 1285; x_wconf 85' lang='lat' dir='ltr'>quem</span> <span class='ocrx_word' id='word_1_77' title='bbox 1324 1214 1495 1285; x_wconf 90' lang='lat' dir='ltr'>paulo</span> <span class='ocrx_word' id='word_1_78' title='bbox 1518 1219 1651 1269; x_wconf 88' lang='lat' dir='ltr'>ante</span> <span class='ocrx_word' id='word_1_79' title='bbox 1682 1215 1842 1270; x_wconf 87' lang='lat' dir='ltr'>Beati</span> <span class='ocrx_word' id='word_1_80' title='bbox 1876 1219 2076 1270; x_wconf 90' lang='lat' dir='ltr'>Pasto-</span> 
     </span>
    </p>
   </div>
   <div class='ocr_carea' id='block_1_13' title="bbox 428 1302 2078 1374">
    <p class='ocr_par' dir='ltr' id='par_1_13' title="bbox 428 1302 2078 1374">
     <span class='ocr_line' id='line_1_13' title="bbox 428 1302 2078 1374; baseline 0.002 -18"><span class='ocrx_word' id='word_1_81' title='bbox 428 1302 509 1357; x_wconf 89' lang='lat' dir='ltr'>ris</span> <span class='ocrx_word' id='word_1_82' title='bbox 533 1303 942 1374; x_wconf 87' lang='lat' dir='ltr'>nuncupabat:</span> <span class='ocrx_word' id='word_1_83' title='bbox 969 1303 1204 1357; x_wconf 86' lang='lat' dir='ltr'>beatum</span> <span class='ocrx_word' id='word_1_84' title='bbox 1227 1319 1362 1374; x_wconf 91' lang='lat' dir='ltr'>ergo</span> <span class='ocrx_word' id='word_1_85' title='bbox 1384 1304 1678 1358; x_wconf 89' lang='lat' dir='ltr'>Pastorem</span> <span class='ocrx_word' id='word_1_86' title='bbox 1703 1321 1836 1359; x_wconf 91' lang='lat' dir='ltr'>cum</span> <span class='ocrx_word' id='word_1_87' title='bbox 1860 1305 1918 1359; x_wconf 91' lang='lat' dir='ltr'>S.</span> <span class='ocrx_word' id='word_1_88' title='bbox 1944 1309 2078 1359; x_wconf 88' lang='lat' dir='ltr'>Her-</span> 
     </span>
    </p>
   </div>
   <div class='ocr_carea' id='block_1_14' title="bbox 429 1392 2077 1465">
    <p class='ocr_par' dir='ltr' id='par_1_14' title="bbox 429 1392 2077 1465">
     <span class='ocr_line' id='line_1_14' title="bbox 429 1392 2077 1465; baseline 0.002 -20"><span class='ocrx_word' id='word_1_89' title='bbox 429 1392 810 1447; x_wconf 89' lang='lat' dir='ltr'>maeumdem</span> <span class='ocrx_word' id='word_1_90' title='bbox 833 1392 989 1460; x_wconf 86' lang='lat' dir='ltr'>facit,</span> <span class='ocrx_word' id='word_1_91' title='bbox 1015 1393 1408 1464; x_wconf 79' lang='lat' dir='ltr'>eamdemque</span> <span class='ocrx_word' id='word_1_92' title='bbox 1427 1395 1570 1448; x_wconf 89' lang='lat' dir='ltr'>adeo</span> <span class='ocrx_word' id='word_1_93' title='bbox 1593 1393 1748 1448; x_wconf 89' lang='lat' dir='ltr'>diem</span> <span class='ocrx_word' id='word_1_94' title='bbox 1770 1394 2077 1465; x_wconf 88' lang='lat' dir='ltr'>utriusque</span> 
     </span>
    </p>
   </div>
   <div class='ocr_carea' id='block_1_15' title="bbox 430 1480 2078 1552">
    <p class='ocr_par' dir='ltr' id='par_1_15' title="bbox 430 1480 2078 1552">
     <span class='ocr_line' id='line_1_15' title="bbox 430 1480 2078 1552; baseline 0.001 -16"><span class='ocrx_word' id='word_1_95' title='bbox 430 1480 687 1536; x_wconf 86' lang='lat' dir='ltr'>natalem</span> <span class='ocrx_word' id='word_1_96' title='bbox 715 1499 728 1548; x_wconf 89' lang='lat'>;</span> <span class='ocrx_word' id='word_1_97' title='bbox 771 1497 1111 1552; x_wconf 88' lang='lat' dir='ltr'>quanquam</span> <span class='ocrx_word' id='word_1_98' title='bbox 1144 1482 1202 1535; x_wconf 92' lang='lat' dir='ltr'>in</span> <span class='ocrx_word' id='word_1_99' title='bbox 1236 1481 1416 1537; x_wconf 76' lang='lat' dir='ltr'>natali</span> <span class='ocrx_word' id='word_1_100' title='bbox 1451 1483 1642 1537; x_wconf 91' lang='lat' dir='ltr'>solum</span> <span class='ocrx_word' id='word_1_101' title='bbox 1687 1500 1899 1538; x_wconf 87' lang='lat' dir='ltr'>nomen</span> <span class='ocrx_word' id='word_1_102' title='bbox 1931 1484 2078 1539; x_wconf 88' lang='lat' dir='ltr'>Her-</span> 
     </span>
    </p>
   </div>
   <div class='ocr_carea' id='block_1_16' title="bbox 431 1569 2076 1640">
    <p class='ocr_par' dir='ltr' id='par_1_16' title="bbox 431 1569 2076 1640">
     <span class='ocr_line' id='line_1_16' title="bbox 431 1569 2076 1640; baseline 0.002 -17"><span class='ocrx_word' id='word_1_103' title='bbox 431 1586 538 1624; x_wconf 67' lang='lat' dir='ltr'>mae</span> <span class='ocrx_word' id='word_1_104' title='bbox 571 1569 785 1624; x_wconf 86' lang='lat' dir='ltr'>diserte</span> <span class='ocrx_word' id='word_1_105' title='bbox 815 1571 1119 1640; x_wconf 84' lang='lat' dir='ltr'>exprimat,</span> <span class='ocrx_word' id='word_1_106' title='bbox 1157 1588 1266 1626; x_wconf 91' lang='lat' dir='ltr'>non</span> <span class='ocrx_word' id='word_1_107' title='bbox 1309 1573 1585 1627; x_wconf 88' lang='lat' dir='ltr'>Pastoris.</span> <span class='ocrx_word' id='word_1_108' title='bbox 1629 1573 1852 1627; x_wconf 83' lang='lat' dir='ltr'>Adonis</span> <span class='ocrx_word' id='word_1_109' title='bbox 1885 1588 2076 1628; x_wconf 82' lang='lat' dir='ltr'>exem-</span> 
     </span>
    </p>
   </div>
   <div class='ocr_carea' id='block_1_17' title="bbox 430 1659 2074 1730">
    <p class='ocr_par' dir='ltr' id='par_1_17' title="bbox 430 1659 2074 1730">
     <span class='ocr_line' id='line_1_17' title="bbox 430 1659 2074 1730; baseline 0.002 -18"><span class='ocrx_word' id='word_1_110' title='bbox 430 1659 524 1730; x_wconf 94' lang='lat' dir='ltr'>plo</span> <span class='ocrx_word' id='word_1_111' title='bbox 556 1659 788 1714; x_wconf 90' lang='lat' dir='ltr'>eosdem</span> <span class='ocrx_word' id='word_1_112' title='bbox 821 1665 1056 1716; x_wconf 89' lang='lat' dir='ltr'>sanctos</span> <span class='ocrx_word' id='word_1_113' title='bbox 1087 1660 1143 1715; x_wconf 91' lang='lat' dir='ltr'>in</span> <span class='ocrx_word' id='word_1_114' title='bbox 1178 1661 1482 1717; x_wconf 77' lang='lat' dir='ltr'>Annalibus</span> <span class='ocrx_word' id='word_1_115' title='bbox 1504 1664 1575 1717; x_wconf 91' lang='lat' dir='ltr'>ad</span> <span class='ocrx_word' id='word_1_116' title='bbox 1611 1679 1829 1717; x_wconf 90' lang='lat' dir='ltr'>annum</span> <span class='ocrx_word' id='word_1_117' title='bbox 1863 1661 2074 1718; x_wconf 88' lang='lat' dir='ltr'>Christi</span> 
     </span>
    </p>
   </div>
   <div class='ocr_carea' id='block_1_18' title="bbox 431 1748 2079 1822">
    <p class='ocr_par' dir='ltr' id='par_1_18' title="bbox 431 1748 2079 1822">
     <span class='ocr_line' id='line_1_18' title="bbox 431 1748 2079 1822; baseline 0.002 -20"><span class='ocrx_word' id='word_1_118' title='bbox 431 1749 534 1802; x_wconf 80' lang='grc'>459</span> <span class='ocrx_word' id='word_1_119' title='bbox 565 1748 828 1803; x_wconf 92' lang='lat' dir='ltr'>confudit</span> <span class='ocrx_word' id='word_1_120' title='bbox 857 1749 1142 1806; x_wconf 90' lang='lat' dir='ltr'>Baronius</span> <span class='ocrx_word' id='word_1_121' title='bbox 1171 1769 1182 1816; x_wconf 94' lang='lat'>;</span> <span class='ocrx_word' id='word_1_122' title='bbox 1237 1767 1350 1805; x_wconf 92' lang='lat' dir='ltr'>non</span> <span class='ocrx_word' id='word_1_123' title='bbox 1392 1751 1534 1806; x_wconf 93' lang='lat' dir='ltr'>item</span> <span class='ocrx_word' id='word_1_124' title='bbox 1578 1753 1735 1806; x_wconf 88' lang='lat' dir='ltr'>diem</span> <span class='ocrx_word' id='word_1_125' title='bbox 1769 1753 2079 1822; x_wconf 87' lang='lat' dir='ltr'>utriusque</span> 
     </span>
    </p>
   </div>
   <div class='ocr_carea' id='block_1_19' title="bbox 431 1837 2077 1912">
    <p class='ocr_par' dir='ltr' id='par_1_19' title="bbox 431 1837 2077 1912">
     <span class='ocr_line' id='line_1_19' title="bbox 431 1837 2077 1912; baseline 0.002 -19"><span class='ocrx_word' id='word_1_126' title='bbox 431 1837 686 1893; x_wconf 87' lang='lat' dir='ltr'>natalem</span> <span class='ocrx_word' id='word_1_127' title='bbox 719 1838 776 1893; x_wconf 93' lang='lat' dir='ltr'>in</span> <span class='ocrx_word' id='word_1_128' title='bbox 832 1839 1236 1912; x_wconf 83' lang='lat' dir='ltr'>Martyrologio</span> <span class='ocrx_word' id='word_1_129' title='bbox 1286 1847 1389 1895; x_wconf 91' lang='lat' dir='ltr'>aut</span> <span class='ocrx_word' id='word_1_130' title='bbox 1420 1841 1572 1896; x_wconf 90' lang='lat' dir='ltr'>notis</span> <span class='ocrx_word' id='word_1_131' title='bbox 1622 1843 1694 1896; x_wconf 90' lang='lat' dir='ltr'>ad</span> <span class='ocrx_word' id='word_1_132' title='bbox 1728 1841 1908 1896; x_wconf 89' lang='lat' dir='ltr'>illud:</span> <span class='ocrx_word' id='word_1_133' title='bbox 1943 1857 2077 1896; x_wconf 91' lang='lat' dir='ltr'>cum</span> 
     </span>
    </p>
   </div>
   <div class='ocr_carea' id='block_1_20' title="bbox 432 1926 2082 2000">
    <p class='ocr_par' dir='ltr' id='par_1_20' title="bbox 432 1926 2082 2000">
     <span class='ocr_line' id='line_1_20' title="bbox 432 1926 2082 2000; baseline 0.002 -20"><span class='ocrx_word' id='word_1_134' title='bbox 432 1933 627 1982; x_wconf 90' lang='lat' dir='ltr'>tamen</span> <span class='ocrx_word' id='word_1_135' title='bbox 660 1926 912 1982; x_wconf 89' lang='lat' dir='ltr'>alterum</span> <span class='ocrx_word' id='word_1_136' title='bbox 947 1943 1014 1981; x_wconf 86' lang='lat' dir='ltr'>ex</span> <span class='ocrx_word' id='word_1_137' title='bbox 1047 1928 1225 1984; x_wconf 88' lang='lat' dir='ltr'>altero</span> <span class='ocrx_word' id='word_1_138' title='bbox 1260 1931 1538 2000; x_wconf 91' lang='lat' dir='ltr'>consequi</span> <span class='ocrx_word' id='word_1_139' title='bbox 1561 1930 1807 1996; x_wconf 89' lang='lat' dir='ltr'>debeat;</span> <span class='ocrx_word' id='word_1_140' title='bbox 1842 1933 1906 1984; x_wconf 91' lang='lat' dir='ltr'>ut</span> <span class='ocrx_word' id='word_1_141' title='bbox 1929 1930 2082 1984; x_wconf 91' lang='lat' dir='ltr'>idem</span> 
     </span>
    </p>
   </div>
   <div class='ocr_carea' id='block_1_21' title="bbox 439 2017 2084 2080">
    <p class='ocr_par' dir='ltr' id='par_1_21' title="bbox 439 2017 2084 2080">
     <span class='ocr_line' id='line_1_21' title="bbox 439 2017 2084 2080; baseline 0.001 -10"><span class='ocrx_word' id='word_1_142' title='bbox 439 2017 516 2070; x_wconf 90' lang='lat' dir='ltr'>sit</span> <span class='ocrx_word' id='word_1_143' title='bbox 563 2017 688 2071; x_wconf 91' lang='lat' dir='ltr'>dies</span> <span class='ocrx_word' id='word_1_144' title='bbox 747 2017 962 2080; x_wconf 90' lang='lat' dir='ltr'>obitus,</span> <span class='ocrx_word' id='word_1_145' title='bbox 1012 2017 1062 2072; x_wconf 91' lang='lat' dir='ltr'>si</span> <span class='ocrx_word' id='word_1_146' title='bbox 1112 2022 1352 2073; x_wconf 90' lang='lat' dir='ltr'>sanctus</span> <span class='ocrx_word' id='word_1_147' title='bbox 1392 2022 1480 2073; x_wconf 89' lang='lat' dir='ltr'>est</span> <span class='ocrx_word' id='word_1_148' title='bbox 1531 2018 1721 2074; x_wconf 91' lang='lat' dir='ltr'>idem:</span> <span class='ocrx_word' id='word_1_149' title='bbox 1769 2022 1869 2074; x_wconf 91' lang='lat' dir='ltr'>aut</span> <span class='ocrx_word' id='word_1_150' title='bbox 1898 2018 2084 2074; x_wconf 89' lang='lat' dir='ltr'>sancti</span> 
     </span>
    </p>
   </div>
   <div class='ocr_carea' id='block_1_22' title="bbox 438 2105 1277 2174">
    <p class='ocr_par' dir='ltr' id='par_1_22' title="bbox 438 2105 1277 2174">
     <span class='ocr_line' id='line_1_22' title="bbox 438 2105 1277 2174; baseline 0.002 -16"><span class='ocrx_word' id='word_1_151' title='bbox 438 2105 674 2174; x_wconf 80' lang='lat' dir='ltr'>diversi,</span> <span class='ocrx_word' id='word_1_152' title='bbox 710 2106 756 2159; x_wconf 92' lang='lat' dir='ltr'>si</span> <span class='ocrx_word' id='word_1_153' title='bbox 789 2105 998 2161; x_wconf 84' lang='lat' dir='ltr'>diversi</span> <span class='ocrx_word' id='word_1_154' title='bbox 1031 2106 1277 2161; x_wconf 86' lang='lat' dir='ltr'>natales.</span> 
     </span>
    </p>
   </div>
   <div class='ocr_carea' id='block_1_23' title="bbox 505 2185 2132 2267">
    <p class='ocr_par' dir='ltr' id='par_1_23' title="bbox 505 2185 2132 2267">
     <span class='ocr_line' id='line_1_23' title="bbox 505 2185 2132 2267; baseline 0.002 -21"><span class='ocrx_word' id='word_1_155' title='bbox 505 2195 557 2246; x_wconf 87' lang='lat'>6.</span> <span class='ocrx_word' id='word_1_156' title='bbox 611 2194 903 2251; x_wconf 88' lang='lat' dir='ltr'>Nimirum</span> <span class='ocrx_word' id='word_1_157' title='bbox 963 2195 1020 2249; x_wconf 93' lang='lat' dir='ltr'>S.</span> <span class='ocrx_word' id='word_1_158' title='bbox 1078 2195 1336 2251; x_wconf 87' lang='lat' dir='ltr'>Pastoris</span> <span class='ocrx_word' id='word_1_159' title='bbox 1395 2212 1608 2251; x_wconf 92' lang='lat' dir='ltr'>nomen</span> <span class='ocrx_word' id='word_1_160' title='bbox 1666 2212 1961 2267; x_wconf 89' lang='lat' dir='ltr'>nusquam</span> <span class='ocrx_word' id='word_1_161' title='bbox 1998 2185 2132 2250; x_wconf 66' lang='lat' dir='ltr'>vir&#39;</span> 
     </span>
    </p>
   </div>
   <div class='ocr_carea' id='block_1_24' title="bbox 435 2283 2086 2356">
    <p class='ocr_par' dir='ltr' id='par_1_24' title="bbox 435 2283 2086 2356">
     <span class='ocr_line' id='line_1_24' title="bbox 435 2283 2086 2356; baseline 0.002 -19"><span class='ocrx_word' id='word_1_162' title='bbox 435 2283 727 2338; x_wconf 85' lang='lat' dir='ltr'>maximus</span> <span class='ocrx_word' id='word_1_163' title='bbox 787 2283 1199 2355; x_wconf 84' lang='lat' dir='ltr'>consignatum</span> <span class='ocrx_word' id='word_1_164' title='bbox 1240 2285 1457 2356; x_wconf 86' lang='lat' dir='ltr'>legerat</span> <span class='ocrx_word' id='word_1_165' title='bbox 1509 2284 1600 2340; x_wconf 91' lang='lat' dir='ltr'>die</span> <span class='ocrx_word' id='word_1_166' title='bbox 1653 2303 1709 2339; x_wconf 85' lang='lat' dir='ltr'>1x</span> <span class='ocrx_word' id='word_1_167' title='bbox 1764 2285 1940 2353; x_wconf 89' lang='lat' dir='ltr'>Maii;</span> <span class='ocrx_word' id='word_1_168' title='bbox 1984 2286 2086 2340; x_wconf 91' lang='lat' dir='ltr'>sed</span> 
     </span>
    </p>
   </div>
   <div class='ocr_carea' id='block_1_25' title="bbox 432 2372 2086 2444">
    <p class='ocr_par' dir='ltr' id='par_1_25' title="bbox 432 2372 2086 2444">
     <span class='ocr_line' id='line_1_25' title="bbox 432 2372 2086 2444; baseline 0.001 -18"><span class='ocrx_word' id='word_1_169' title='bbox 432 2377 768 2427; x_wconf 90' lang='lat' dir='ltr'>constanter</span> <span class='ocrx_word' id='word_1_170' title='bbox 800 2374 1022 2427; x_wconf 57' lang='lat' dir='ltr'>Hermae</span> <span class='ocrx_word' id='word_1_171' title='bbox 1050 2391 1062 2439; x_wconf 92' lang='lat'>;</span> <span class='ocrx_word' id='word_1_172' title='bbox 1088 2372 1261 2427; x_wconf 89' lang='lat' dir='ltr'>sicuti</span> <span class='ocrx_word' id='word_1_173' title='bbox 1281 2390 1384 2427; x_wconf 91' lang='lat' dir='ltr'>nec</span> <span class='ocrx_word' id='word_1_174' title='bbox 1411 2374 1501 2428; x_wconf 92' lang='lat' dir='ltr'>die</span> <span class='ocrx_word' id='word_1_175' title='bbox 1527 2391 1656 2428; x_wconf 70' lang='lat' dir='ltr'>xxvr</span> <span class='ocrx_word' id='word_1_176' title='bbox 1686 2372 1829 2428; x_wconf 90' lang='lat' dir='ltr'>Julii</span> <span class='ocrx_word' id='word_1_177' title='bbox 1854 2373 2086 2444; x_wconf 89' lang='lat' dir='ltr'>uspiam</span> 
     </span>
    </p>
   </div>
   <div class='ocr_carea' id='block_1_26' title="bbox 432 2461 2084 2533">
    <p class='ocr_par' dir='ltr' id='par_1_26' title="bbox 432 2461 2084 2533">
     <span class='ocr_line' id='line_1_26' title="bbox 432 2461 2084 2533; baseline 0.002 -19"><span class='ocrx_word' id='word_1_178' title='bbox 432 2462 586 2532; x_wconf 92' lang='lat' dir='ltr'>apud</span> <span class='ocrx_word' id='word_1_179' title='bbox 618 2461 1046 2533; x_wconf 88' lang='lat' dir='ltr'>martyrologos</span> <span class='ocrx_word' id='word_1_180' title='bbox 1083 2465 1411 2517; x_wconf 89' lang='lat' dir='ltr'>occurrerat</span> <span class='ocrx_word' id='word_1_181' title='bbox 1443 2479 1653 2517; x_wconf 91' lang='lat' dir='ltr'>nomen</span> <span class='ocrx_word' id='word_1_182' title='bbox 1698 2463 1946 2530; x_wconf 65' lang='lat' dir='ltr'>Hermae,</span> <span class='ocrx_word' id='word_1_183' title='bbox 1985 2463 2084 2518; x_wconf 91' lang='lat' dir='ltr'>sed</span> 
     </span>
    </p>
   </div>
   <div class='ocr_carea' id='block_1_27' title="bbox 431 2551 2086 2624">
    <p class='ocr_par' dir='ltr' id='par_1_27' title="bbox 431 2551 2086 2624">
     <span class='ocr_line' id='line_1_27' title="bbox 431 2551 2086 2624; baseline 0.003 -21"><span class='ocrx_word' id='word_1_184' title='bbox 431 2551 689 2605; x_wconf 90' lang='lat' dir='ltr'>Pastoris</span> <span class='ocrx_word' id='word_1_185' title='bbox 701 2552 1109 2606; x_wconf 89' lang='lat' dir='ltr'>tantummodo</span> <span class='ocrx_word' id='word_1_186' title='bbox 1128 2570 1140 2619; x_wconf 91' lang='lat'>;</span> <span class='ocrx_word' id='word_1_187' title='bbox 1160 2568 1272 2606; x_wconf 89' lang='lat' dir='ltr'>non</span> <span class='ocrx_word' id='word_1_188' title='bbox 1291 2569 1471 2607; x_wconf 91' lang='lat' dir='ltr'>ausus</span> <span class='ocrx_word' id='word_1_189' title='bbox 1485 2557 1573 2608; x_wconf 91' lang='lat' dir='ltr'>est</span> <span class='ocrx_word' id='word_1_190' title='bbox 1585 2568 1719 2624; x_wconf 90' lang='lat' dir='ltr'>ergo</span> <span class='ocrx_word' id='word_1_191' title='bbox 1733 2552 1792 2606; x_wconf 92' lang='lat' dir='ltr'>in</span> <span class='ocrx_word' id='word_1_192' title='bbox 1807 2552 2086 2608; x_wconf 90' lang='lat' dir='ltr'>moderno</span> 
     </span>
    </p>
   </div>
   <div class='ocr_carea' id='block_1_28' title="bbox 432 2639 2086 2712">
    <p class='ocr_par' dir='ltr' id='par_1_28' title="bbox 432 2639 2086 2712">
     <span class='ocr_line' id='line_1_28' title="bbox 432 2639 2086 2712; baseline 0.001 -19"><span class='ocrx_word' id='word_1_193' title='bbox 432 2639 842 2710; x_wconf 82' lang='lat' dir='ltr'>Martyrologio</span> <span class='ocrx_word' id='word_1_194' title='bbox 873 2640 1278 2695; x_wconf 90' lang='lat' dir='ltr'>concinnando</span> <span class='ocrx_word' id='word_1_195' title='bbox 1308 2659 1342 2695; x_wconf 89' lang='lat' dir='ltr'>a</span> <span class='ocrx_word' id='word_1_196' title='bbox 1375 2641 1636 2712; x_wconf 90' lang='lat' dir='ltr'>priorum</span> <span class='ocrx_word' id='word_1_197' title='bbox 1667 2640 2086 2712; x_wconf 84' lang='lat' dir='ltr'>exemplarium</span> 
     </span>
    </p>
   </div>
   <div class='ocr_carea' id='block_1_29' title="bbox 433 2728 2085 2800">
    <p class='ocr_par' dir='ltr' id='par_1_29' title="bbox 433 2728 2085 2800">
     <span class='ocr_line' id='line_1_29' title="bbox 433 2728 2085 2800; baseline 0 -17"><span class='ocrx_word' id='word_1_198' title='bbox 433 2743 721 2783; x_wconf 89' lang='lat' dir='ltr'>consensu</span> <span class='ocrx_word' id='word_1_199' title='bbox 741 2745 806 2782; x_wconf 90' lang='lat' dir='ltr'>ac</span> <span class='ocrx_word' id='word_1_200' title='bbox 825 2728 960 2793; x_wconf 83' lang='lat' dir='ltr'>fide,</span> <span class='ocrx_word' id='word_1_201' title='bbox 984 2744 1088 2798; x_wconf 92' lang='lat' dir='ltr'>per</span> <span class='ocrx_word' id='word_1_202' title='bbox 1104 2745 1279 2784; x_wconf 90' lang='lat' dir='ltr'>usum</span> <span class='ocrx_word' id='word_1_203' title='bbox 1299 2730 1494 2800; x_wconf 90' lang='lat' dir='ltr'>ipsum</span> <span class='ocrx_word' id='word_1_204' title='bbox 1519 2729 1788 2785; x_wconf 66' lang='lat' dir='ltr'>Ecclesiae</span> <span class='ocrx_word' id='word_1_205' title='bbox 1813 2730 2085 2784; x_wconf 70' lang='lat' dir='ltr'>Romanis</span> 
     </span>
    </p>
   </div>
   <div class='ocr_carea' id='block_1_30' title="bbox 433 2816 2088 2890">
    <p class='ocr_par' dir='ltr' id='par_1_30' title="bbox 433 2816 2088 2890">
     <span class='ocr_line' id='line_1_30' title="bbox 433 2816 2088 2890; baseline 0.001 -20"><span class='ocrx_word' id='word_1_206' title='bbox 433 2817 590 2870; x_wconf 90' lang='lat' dir='ltr'>haud</span> <span class='ocrx_word' id='word_1_207' title='bbox 625 2816 800 2870; x_wconf 88' lang='lat' dir='ltr'>dubie</span> <span class='ocrx_word' id='word_1_208' title='bbox 830 2816 1139 2887; x_wconf 91' lang='lat' dir='ltr'>antiquum</span> <span class='ocrx_word' id='word_1_209' title='bbox 1175 2819 1425 2882; x_wconf 80' lang='lat' dir='ltr'>ﬁrmata,</span> <span class='ocrx_word' id='word_1_210' title='bbox 1460 2819 1762 2874; x_wconf 91' lang='lat' dir='ltr'>recedere:</span> <span class='ocrx_word' id='word_1_211' title='bbox 1799 2823 1975 2890; x_wconf 90' lang='lat' dir='ltr'>atque</span> <span class='ocrx_word' id='word_1_212' title='bbox 2007 2818 2088 2873; x_wconf 90' lang='lat' dir='ltr'>ita</span> 
     </span>
    </p>
   </div>
   <div class='ocr_carea' id='block_1_31' title="bbox 434 2904 2089 2962">
    <p class='ocr_par' dir='ltr' id='par_1_31' title="bbox 434 2904 2089 2962">
     <span class='ocr_line' id='line_1_31' title="bbox 434 2904 2089 2962; baseline 0.001 -4"><span class='ocrx_word' id='word_1_213' title='bbox 434 2906 487 2959; x_wconf 92' lang='lat' dir='ltr'>S.</span> <span class='ocrx_word' id='word_1_214' title='bbox 523 2905 746 2959; x_wconf 67' lang='lat' dir='ltr'>Hermas</span> <span class='ocrx_word' id='word_1_215' title='bbox 792 2904 1046 2960; x_wconf 87' lang='lat' dir='ltr'>natalem</span> <span class='ocrx_word' id='word_1_216' title='bbox 1106 2923 1139 2961; x_wconf 90' lang='lat' dir='ltr'>a</span> <span class='ocrx_word' id='word_1_217' title='bbox 1188 2907 1366 2961; x_wconf 88' lang='lat' dir='ltr'>natali</span> <span class='ocrx_word' id='word_1_218' title='bbox 1427 2908 1484 2962; x_wconf 93' lang='lat' dir='ltr'>S.</span> <span class='ocrx_word' id='word_1_219' title='bbox 1530 2907 1783 2962; x_wconf 86' lang='lat' dir='ltr'>Pastoris</span> <span class='ocrx_word' id='word_1_220' title='bbox 1817 2907 2089 2962; x_wconf 89' lang='lat' dir='ltr'>discrevit</span> 
     </span>
    </p>
   </div>
   <div class='ocr_carea' id='block_1_32' title="bbox 435 2993 2087 3066">
    <p class='ocr_par' dir='ltr' id='par_1_32' title="bbox 435 2993 2087 3066">
     <span class='ocr_line' id='line_1_32' title="bbox 435 2993 2087 3066; baseline 0.001 -18"><span class='ocrx_word' id='word_1_221' title='bbox 435 3011 551 3048; x_wconf 91' lang='lat' dir='ltr'>non</span> <span class='ocrx_word' id='word_1_222' title='bbox 575 2993 633 3048; x_wconf 92' lang='lat' dir='ltr'>in</span> <span class='ocrx_word' id='word_1_223' title='bbox 659 2994 784 3064; x_wconf 90' lang='lat' dir='ltr'>ipso</span> <span class='ocrx_word' id='word_1_224' title='bbox 809 2993 1218 3066; x_wconf 85' lang='lat' dir='ltr'>Martyrologio</span> <span class='ocrx_word' id='word_1_225' title='bbox 1241 2995 1455 3066; x_wconf 91' lang='lat' dir='ltr'>solum,</span> <span class='ocrx_word' id='word_1_226' title='bbox 1488 2997 1586 3051; x_wconf 89' lang='lat' dir='ltr'>sed</span> <span class='ocrx_word' id='word_1_227' title='bbox 1611 2997 1790 3051; x_wconf 89' lang='lat' dir='ltr'>etiam</span> <span class='ocrx_word' id='word_1_228' title='bbox 1825 2996 1882 3049; x_wconf 91' lang='lat' dir='ltr'>in</span> <span class='ocrx_word' id='word_1_229' title='bbox 1913 2997 2087 3051; x_wconf 89' lang='lat' dir='ltr'>adno-</span> 
     </span>
    </p>
   </div>
   <div class='ocr_carea' id='block_1_33' title="bbox 434 3083 2087 3156">
    <p class='ocr_par' dir='ltr' id='par_1_33' title="bbox 434 3083 2087 3156">
     <span class='ocr_line' id='line_1_33' title="bbox 434 3083 2087 3156; baseline 0.001 -19"><span class='ocrx_word' id='word_1_230' title='bbox 434 3083 754 3138; x_wconf 89' lang='lat' dir='ltr'>tationibus</span> <span class='ocrx_word' id='word_1_231' title='bbox 777 3085 848 3138; x_wconf 87' lang='lat' dir='ltr'>ad</span> <span class='ocrx_word' id='word_1_232' title='bbox 875 3088 1190 3154; x_wconf 91' lang='lat' dir='ltr'>utrumque</span> <span class='ocrx_word' id='word_1_233' title='bbox 1213 3085 1465 3140; x_wconf 90' lang='lat' dir='ltr'>natalem</span> <span class='ocrx_word' id='word_1_234' title='bbox 1485 3085 1729 3155; x_wconf 88' lang='lat' dir='ltr'>adjectis</span> <span class='ocrx_word' id='word_1_235' title='bbox 1752 3104 1764 3153; x_wconf 93' lang='lat'>;</span> <span class='ocrx_word' id='word_1_236' title='bbox 1787 3086 1846 3139; x_wconf 90' lang='lat' dir='ltr'>in</span> <span class='ocrx_word' id='word_1_237' title='bbox 1871 3084 2087 3156; x_wconf 89' lang='lat' dir='ltr'>quibus</span> 
     </span>
    </p>
   </div>
   <div class='ocr_carea' id='block_1_34' title="bbox 439 3173 2086 3246">
    <p class='ocr_par' dir='ltr' id='par_1_34' title="bbox 439 3173 2086 3246">
     <span class='ocr_line' id='line_1_34' title="bbox 439 3173 2086 3246; baseline 0.001 -20"><span class='ocrx_word' id='word_1_238' title='bbox 439 3189 628 3244; x_wconf 88' lang='lat' dir='ltr'>neque</span> <span class='ocrx_word' id='word_1_239' title='bbox 658 3174 728 3226; x_wconf 91' lang='lat' dir='ltr'>de</span> <span class='ocrx_word' id='word_1_240' title='bbox 763 3173 996 3228; x_wconf 90' lang='lat' dir='ltr'>Pastore</span> <span class='ocrx_word' id='word_1_241' title='bbox 1019 3174 1289 3229; x_wconf 89' lang='lat' dir='ltr'>meminit</span> <span class='ocrx_word' id='word_1_242' title='bbox 1319 3175 1411 3229; x_wconf 91' lang='lat' dir='ltr'>die</span> <span class='ocrx_word' id='word_1_243' title='bbox 1442 3193 1498 3229; x_wconf 88' lang='lat' dir='ltr'>Ix</span> <span class='ocrx_word' id='word_1_244' title='bbox 1542 3175 1700 3242; x_wconf 91' lang='lat' dir='ltr'>Maii,</span> <span class='ocrx_word' id='word_1_245' title='bbox 1738 3191 1928 3246; x_wconf 90' lang='lat' dir='ltr'>neque</span> <span class='ocrx_word' id='word_1_246' title='bbox 1955 3191 2086 3228; x_wconf 67' lang='lat' dir='ltr'>xxv:</span> 
     </span>
    </p>
   </div>
   <div class='ocr_carea' id='block_1_35' title="bbox 2189 590 3856 664">
    <p class='ocr_par' dir='ltr' id='par_1_35' title="bbox 2189 590 3856 664">
     <span class='ocr_line' id='line_1_35' title="bbox 2189 590 3856 664; baseline 0.001 -19"><span class='ocrx_word' id='word_1_247' title='bbox 2189 591 2398 646; x_wconf 83' lang='lat' dir='ltr'>fectam</span> <span class='ocrx_word' id='word_1_248' title='bbox 2425 610 2436 658; x_wconf 95' lang='lat'>;</span> <span class='ocrx_word' id='word_1_249' title='bbox 2471 608 2646 662; x_wconf 90' lang='lat' dir='ltr'>quam</span> <span class='ocrx_word' id='word_1_250' title='bbox 2677 590 2726 645; x_wconf 91' lang='lat' dir='ltr'>is</span> <span class='ocrx_word' id='word_1_251' title='bbox 2759 590 3000 646; x_wconf 83' lang='lat' dir='ltr'>forsitan</span> <span class='ocrx_word' id='word_1_252' title='bbox 3031 608 3101 646; x_wconf 86' lang='lat' dir='ltr'>ex</span> <span class='ocrx_word' id='word_1_253' title='bbox 3131 591 3428 664; x_wconf 86' lang='lat' dir='ltr'>ambiguis</span> <span class='ocrx_word' id='word_1_254' title='bbox 3461 592 3703 648; x_wconf 87' lang='lat' dir='ltr'>Eusebii</span> <span class='ocrx_word' id='word_1_255' title='bbox 3730 609 3856 646; x_wconf 85' lang='lat' dir='ltr'>ver-</span> 
     </span>
    </p>
   </div>
   <div class='ocr_carea' id='block_1_36' title="bbox 2188 680 3856 752">
    <p class='ocr_par' dir='ltr' id='par_1_36' title="bbox 2188 680 3856 752">
     <span class='ocr_line' id='line_1_36' title="bbox 2188 680 3856 752; baseline 0.001 -18"><span class='ocrx_word' id='word_1_256' title='bbox 2188 681 2278 734; x_wconf 91' lang='lat' dir='ltr'>bis</span> <span class='ocrx_word' id='word_1_257' title='bbox 2313 680 2646 751; x_wconf 90' lang='lat' dir='ltr'>arripuerit,</span> <span class='ocrx_word' id='word_1_258' title='bbox 2672 680 2769 751; x_wconf 90' lang='lat' dir='ltr'>qui</span> <span class='ocrx_word' id='word_1_259' title='bbox 2792 681 2862 734; x_wconf 91' lang='lat' dir='ltr'>de</span> <span class='ocrx_word' id='word_1_260' title='bbox 2883 684 2936 734; x_wconf 88' lang='lat' dir='ltr'>S.</span> <span class='ocrx_word' id='word_1_261' title='bbox 2995 682 3208 734; x_wconf 87' lang='lat' dir='ltr'>llerma</span> <span class='ocrx_word' id='word_1_262' title='bbox 3246 681 3494 752; x_wconf 92' lang='lat' dir='ltr'>loquens</span> <span class='ocrx_word' id='word_1_263' title='bbox 3525 684 3665 737; x_wconf 80' lang='lat' dir='ltr'>Hist.</span> <span class='ocrx_word' id='word_1_264' title='bbox 3724 684 3856 748; x_wconf 84' lang='lat' dir='ltr'>cccl,</span> 
     </span>
    </p>
   </div>
   <div class='ocr_carea' id='block_1_37' title="bbox 2184 768 3859 844">
    <p class='ocr_par' dir='ltr' id='par_1_37' title="bbox 2184 768 3859 844">
     <span class='ocr_line' id='line_1_37' title="bbox 2184 768 3859 844; baseline -0.001 -21"><span class='ocrx_word' id='word_1_265' title='bbox 2184 768 2286 824; x_wconf 84' lang='lat' dir='ltr'>lib.</span> <span class='ocrx_word' id='word_1_266' title='bbox 2313 787 2400 838; x_wconf 85' lang='lat' dir='ltr'><strong>III,</strong></span> <span class='ocrx_word' id='word_1_267' title='bbox 2436 786 2560 839; x_wconf 85' lang='lat' dir='ltr'>cap.</span> <span class='ocrx_word' id='word_1_268' title='bbox 2607 770 2659 822; x_wconf 89' lang='lat'>3.</span> <span class='ocrx_word' id='word_1_269' title='bbox 2693 768 2764 820; x_wconf 82' lang='grc' dir='ltr'>Οὗ</span> <span class='ocrx_word' id='word_1_270' title='bbox 2818 788 2970 844; x_wconf 69' lang='grc' dir='ltr'>φασιν</span> <span class='ocrx_word' id='word_1_271' title='bbox 3026 768 3314 843; x_wconf 80' lang='grc' dir='ltr'>ὑπάρχειν,</span> <span class='ocrx_word' id='word_1_272' title='bbox 3379 769 3593 841; x_wconf 86' lang='lat' dir='ltr'>inquit,</span> <span class='ocrx_word' id='word_1_273' title='bbox 3643 770 3711 823; x_wconf 83' lang='grc' dir='ltr'>τὸ</span> <span class='ocrx_word' id='word_1_274' title='bbox 3760 775 3859 822; x_wconf 70' lang='grc' dir='ltr'>τοῦ</span> 
     </span>
    </p>
   </div>
   <div class='ocr_carea' id='block_1_38' title="bbox 2186 850 3861 931">
    <p class='ocr_par' dir='ltr' id='par_1_38' title="bbox 2186 850 3861 931">
     <span class='ocr_line' id='line_1_38' title="bbox 2186 850 3861 931; baseline 0.003 -21"><span class='ocrx_word' id='word_1_275' title='bbox 2186 856 2454 928; x_wconf 77' lang='grc' dir='ltr'>Ποιμένος</span> <span class='ocrx_word' id='word_1_276' title='bbox 2492 850 2727 931; x_wconf 78' lang='grc' dir='ltr'>βιϐλίον,</span> <span class='ocrx_word' id='word_1_277' title='bbox 2759 859 2912 928; x_wconf 79' lang='lat' dir='ltr'>cujus</span> <span class='ocrx_word' id='word_1_278' title='bbox 2942 860 3104 914; x_wconf 76' lang='lat' dir='ltr'>aiunt</span> <span class='ocrx_word' id='word_1_279' title='bbox 3151 875 3261 914; x_wconf 79' lang='lat' dir='ltr'>esse</span> <span class='ocrx_word' id='word_1_280' title='bbox 3295 858 3503 914; x_wconf 80' lang='lat' dir='ltr'>librum</span> <span class='ocrx_word' id='word_1_281' title='bbox 3561 861 3861 924; x_wconf 73' lang='lat' dir='ltr'>Pastoris,-</span> 
     </span>
    </p>
   </div>
   <div class='ocr_carea' id='block_1_39' title="bbox 2188 946 3856 1020">
    <p class='ocr_par' dir='ltr' id='par_1_39' title="bbox 2188 946 3856 1020">
     <span class='ocr_line' id='line_1_39' title="bbox 2188 946 3856 1020; baseline 0.002 -19"><span class='ocrx_word' id='word_1_282' title='bbox 2188 948 2341 1002; x_wconf 92' lang='lat' dir='ltr'>unde</span> <span class='ocrx_word' id='word_1_283' title='bbox 2374 963 2623 1018; x_wconf 89' lang='lat' dir='ltr'>pronum</span> <span class='ocrx_word' id='word_1_284' title='bbox 2656 952 2744 1002; x_wconf 91' lang='lat' dir='ltr'>est</span> <span class='ocrx_word' id='word_1_285' title='bbox 2772 946 3060 1020; x_wconf 85' lang='lat' dir='ltr'>colligere,</span> <span class='ocrx_word' id='word_1_286' title='bbox 3111 948 3366 1003; x_wconf 87' lang='lat' dir='ltr'>Pastoris</span> <span class='ocrx_word' id='word_1_287' title='bbox 3396 966 3513 1004; x_wconf 92' lang='lat' dir='ltr'>non</span> <span class='ocrx_word' id='word_1_288' title='bbox 3554 948 3692 1003; x_wconf 86' lang='lat' dir='ltr'>libri</span> <span class='ocrx_word' id='word_1_289' title='bbox 3750 967 3856 1004; x_wconf 89' lang='lat' dir='ltr'>no-</span> 
     </span>
    </p>
   </div>
   <div class='ocr_carea' id='block_1_40' title="bbox 2189 1036 3859 1093">
    <p class='ocr_par' dir='ltr' id='par_1_40' title="bbox 2189 1036 3859 1093">
     <span class='ocr_line' id='line_1_40' title="bbox 2189 1036 3859 1093; baseline 0.001 -2"><span class='ocrx_word' id='word_1_290' title='bbox 2189 1053 2320 1091; x_wconf 89' lang='lat' dir='ltr'>men</span> <span class='ocrx_word' id='word_1_291' title='bbox 2352 1037 2452 1091; x_wconf 89' lang='lat' dir='ltr'>sed</span> <span class='ocrx_word' id='word_1_292' title='bbox 2485 1036 2739 1091; x_wconf 90' lang='lat' dir='ltr'>auctoris</span> <span class='ocrx_word' id='word_1_293' title='bbox 2771 1052 2896 1092; x_wconf 89' lang='lat' dir='ltr'>esse</span> <span class='ocrx_word' id='word_1_294' title='bbox 2924 1053 2936 1091; x_wconf 92' lang='lat'>:</span> <span class='ocrx_word' id='word_1_295' title='bbox 2972 1036 3054 1091; x_wconf 91' lang='lat' dir='ltr'>sic</span> <span class='ocrx_word' id='word_1_296' title='bbox 3084 1038 3205 1092; x_wconf 90' lang='lat' dir='ltr'>Ado</span> <span class='ocrx_word' id='word_1_297' title='bbox 3246 1037 3413 1092; x_wconf 87' lang='lat' dir='ltr'>facile</span> <span class='ocrx_word' id='word_1_298' title='bbox 3459 1038 3741 1092; x_wconf 89' lang='lat' dir='ltr'>Hermam</span> <span class='ocrx_word' id='word_1_299' title='bbox 3805 1045 3859 1093; x_wconf 90' lang='lat' dir='ltr'>et</span> 
     </span>
    </p>
   </div>
   <div class='ocr_carea' id='block_1_41' title="bbox 2186 1125 3852 1197">
    <p class='ocr_par' dir='ltr' id='par_1_41' title="bbox 2186 1125 3852 1197">
     <span class='ocr_line' id='line_1_41' title="bbox 2186 1125 3852 1197; baseline 0.001 -18"><span class='ocrx_word' id='word_1_300' title='bbox 2186 1125 2480 1180; x_wconf 88' lang='lat' dir='ltr'>Pastorem</span> <span class='ocrx_word' id='word_1_301' title='bbox 2495 1141 2599 1196; x_wconf 90' lang='lat' dir='ltr'>pro</span> <span class='ocrx_word' id='word_1_302' title='bbox 2613 1125 2816 1179; x_wconf 90' lang='lat' dir='ltr'>eodem</span> <span class='ocrx_word' id='word_1_303' title='bbox 2839 1125 3142 1196; x_wconf 89' lang='lat' dir='ltr'>acceperit.</span> <span class='ocrx_word' id='word_1_304' title='bbox 3160 1126 3392 1180; x_wconf 85' lang='lat' dir='ltr'>Atenim</span> <span class='ocrx_word' id='word_1_305' title='bbox 3421 1126 3852 1197; x_wconf 85' lang='lat' dir='ltr'>amphiboliam</span> 
     </span>
    </p>
   </div>
   <div class='ocr_carea' id='block_1_42' title="bbox 2188 1213 3854 1286">
    <p class='ocr_par' dir='ltr' id='par_1_42' title="bbox 2188 1213 3854 1286">
     <span class='ocr_line' id='line_1_42' title="bbox 2188 1213 3854 1286; baseline 0.001 -17"><span class='ocrx_word' id='word_1_306' title='bbox 2188 1215 2336 1269; x_wconf 88' lang='lat' dir='ltr'>hanc</span> <span class='ocrx_word' id='word_1_307' title='bbox 2359 1213 2560 1269; x_wconf 89' lang='lat' dir='ltr'>tollere</span> <span class='ocrx_word' id='word_1_308' title='bbox 2577 1215 2857 1269; x_wconf 90' lang='lat' dir='ltr'>debuerat</span> <span class='ocrx_word' id='word_1_309' title='bbox 2880 1219 3004 1269; x_wconf 89' lang='lat' dir='ltr'>tum</span> <span class='ocrx_word' id='word_1_310' title='bbox 3029 1214 3361 1286; x_wconf 89' lang='lat' dir='ltr'>ipsiuslibri</span> <span class='ocrx_word' id='word_1_311' title='bbox 3383 1215 3573 1270; x_wconf 87' lang='lat' dir='ltr'>adhuc</span> <span class='ocrx_word' id='word_1_312' title='bbox 3611 1221 3854 1271; x_wconf 84' lang='lat' dir='ltr'>exstan—</span> 
     </span>
    </p>
   </div>
   <div class='ocr_carea' id='block_1_43' title="bbox 2186 1302 3853 1376">
    <p class='ocr_par' dir='ltr' id='par_1_43' title="bbox 2186 1302 3853 1376">
     <span class='ocr_line' id='line_1_43' title="bbox 2186 1302 3853 1376; baseline 0.002 -20"><span class='ocrx_word' id='word_1_313' title='bbox 2186 1302 2261 1358; x_wconf 91' lang='lat' dir='ltr'>tis</span> <span class='ocrx_word' id='word_1_314' title='bbox 2319 1302 2644 1373; x_wconf 89' lang='lat' dir='ltr'>inscriptio,</span> <span class='ocrx_word' id='word_1_315' title='bbox 2695 1307 2822 1356; x_wconf 91' lang='lat' dir='ltr'>tum</span> <span class='ocrx_word' id='word_1_316' title='bbox 2878 1303 3302 1376; x_wconf 82' lang='lat' dir='ltr'>S.Hieronymi,</span> <span class='ocrx_word' id='word_1_317' title='bbox 3351 1305 3553 1359; x_wconf 90' lang='lat' dir='ltr'>eodem</span> <span class='ocrx_word' id='word_1_318' title='bbox 3601 1322 3853 1376; x_wconf 87' lang='lat' dir='ltr'>prorsus</span> 
     </span>
    </p>
   </div>
   <div class='ocr_carea' id='block_1_44' title="bbox 2185 1392 3848 1458">
    <p class='ocr_par' dir='ltr' id='par_1_44' title="bbox 2185 1392 3848 1458">
     <span class='ocr_line' id='line_1_44' title="bbox 2185 1392 3848 1458; baseline 0.001 -12"><span class='ocrx_word' id='word_1_319' title='bbox 2185 1393 2356 1447; x_wconf 92' lang='lat' dir='ltr'>modo</span> <span class='ocrx_word' id='word_1_320' title='bbox 2388 1392 2554 1448; x_wconf 91' lang='lat' dir='ltr'>illum</span> <span class='ocrx_word' id='word_1_321' title='bbox 2603 1392 2998 1458; x_wconf 90' lang='lat' dir='ltr'>inscribentis,</span> <span class='ocrx_word' id='word_1_322' title='bbox 3032 1393 3443 1448; x_wconf 88' lang='lat' dir='ltr'>testimonium</span> <span class='ocrx_word' id='word_1_323' title='bbox 3475 1394 3573 1448; x_wconf 90' lang='lat' dir='ltr'>lib.</span> <span class='ocrx_word' id='word_1_324' title='bbox 3608 1395 3682 1448; x_wconf 82' lang='lat' dir='ltr'>De</span> <span class='ocrx_word' id='word_1_325' title='bbox 3704 1396 3848 1448; x_wconf 82' lang='lat' dir='ltr'>scri-</span> 
     </span>
    </p>
   </div>
   <div class='ocr_carea' id='block_1_45' title="bbox 2181 1481 3851 1553">
    <p class='ocr_par' dir='ltr' id='par_1_45' title="bbox 2181 1481 3851 1553">
     <span class='ocr_line' id='line_1_45' title="bbox 2181 1481 3851 1553; baseline 0.001 -18"><span class='ocrx_word' id='word_1_326' title='bbox 2181 1481 2429 1551; x_wconf 74' lang='lat' dir='ltr'>ptoribus</span> <span class='ocrx_word' id='word_1_327' title='bbox 2488 1482 2698 1546; x_wconf 61' lang='lat' dir='ltr'>coclea,</span> <span class='ocrx_word' id='word_1_328' title='bbox 2773 1498 2899 1553; x_wconf 92' lang='lat' dir='ltr'>cap.</span> <span class='ocrx_word' id='word_1_329' title='bbox 2962 1482 3056 1536; x_wconf 79' lang='lat'>10:</span> <span class='ocrx_word' id='word_1_330' title='bbox 3120 1505 3147 1531; x_wconf 89' lang='grc'>‹‹</span> <span class='ocrx_word' id='word_1_331' title='bbox 3185 1482 3526 1538; x_wconf 75' lang='lat' dir='ltr'>Hermum...</span> <span class='ocrx_word' id='word_1_332' title='bbox 3573 1491 3851 1539; x_wconf 72' lang='lat' dir='ltr'>asserunt.</span> 
     </span>
    </p>
   </div>
   <div class='ocr_carea' id='block_1_46' title="bbox 2187 1569 3854 1644">
    <p class='ocr_par' dir='ltr' id='par_1_46' title="bbox 2187 1569 3854 1644">
     <span class='ocr_line' id='line_1_46' title="bbox 2187 1569 3854 1644; baseline 0.002 -20"><span class='ocrx_word' id='word_1_333' title='bbox 2187 1575 2486 1625; x_wconf 84' lang='lat' dir='ltr'>auctorem</span> <span class='ocrx_word' id='word_1_334' title='bbox 2518 1586 2647 1626; x_wconf 89' lang='lat' dir='ltr'>esse</span> <span class='ocrx_word' id='word_1_335' title='bbox 2676 1570 2832 1641; x_wconf 87' lang='lat' dir='ltr'>libri,</span> <span class='ocrx_word' id='word_1_336' title='bbox 2867 1570 2966 1642; x_wconf 90' lang='lat' dir='ltr'>qui</span> <span class='ocrx_word' id='word_1_337' title='bbox 3002 1569 3329 1642; x_wconf 90' lang='lat' dir='ltr'>appellatur</span> <span class='ocrx_word' id='word_1_338' title='bbox 3357 1574 3562 1627; x_wconf 82' lang='lat' dir='ltr'>Pastor</span> <span class='ocrx_word' id='word_1_339' title='bbox 3591 1597 3606 1638; x_wconf 87' lang='lat'>;</span> <span class='ocrx_word' id='word_1_340' title='bbox 3647 1595 3678 1622; x_wconf 69' lang='grc' dir='ltr'>ς(</span> <span class='ocrx_word' id='word_1_341' title='bbox 3722 1589 3854 1644; x_wconf 67' lang='lat' dir='ltr'>qua!</span> 
     </span>
    </p>
   </div>
   <div class='ocr_carea' id='block_1_47' title="bbox 2188 1658 3851 1730">
    <p class='ocr_par' dir='ltr' id='par_1_47' title="bbox 2188 1658 3851 1730">
     <span class='ocr_line' id='line_1_47' title="bbox 2188 1658 3851 1730; baseline 0.001 -18"><span class='ocrx_word' id='word_1_342' title='bbox 2188 1658 2432 1729; x_wconf 90' lang='lat' dir='ltr'>proinde</span> <span class='ocrx_word' id='word_1_343' title='bbox 2461 1658 2718 1730; x_wconf 88' lang='lat' dir='ltr'>genuina</span> <span class='ocrx_word' id='word_1_344' title='bbox 2767 1659 2991 1715; x_wconf 89' lang='lat' dir='ltr'>censeri</span> <span class='ocrx_word' id='word_1_345' title='bbox 3043 1663 3237 1730; x_wconf 87' lang='lat' dir='ltr'>potest</span> <span class='ocrx_word' id='word_1_346' title='bbox 3281 1660 3596 1715; x_wconf 86' lang='lat' dir='ltr'>Eusebiani</span> <span class='ocrx_word' id='word_1_347' title='bbox 3648 1665 3851 1716; x_wconf 79' lang='lat' dir='ltr'>textus</span> 
     </span>
    </p>
   </div>
   <div class='ocr_carea' id='block_1_48' title="bbox 2189 1748 3851 1820">
    <p class='ocr_par' dir='ltr' id='par_1_48' title="bbox 2189 1748 3851 1820">
     <span class='ocr_line' id='line_1_48' title="bbox 2189 1748 3851 1820; baseline 0.001 -19"><span class='ocrx_word' id='word_1_348' title='bbox 2189 1748 2612 1820; x_wconf 86' lang='lat' dir='ltr'>interpretatio,</span> <span class='ocrx_word' id='word_1_349' title='bbox 2643 1765 2820 1819; x_wconf 90' lang='lat' dir='ltr'>quam</span> <span class='ocrx_word' id='word_1_350' title='bbox 2844 1752 2996 1803; x_wconf 90' lang='lat' dir='ltr'>recte</span> <span class='ocrx_word' id='word_1_351' title='bbox 3018 1752 3258 1804; x_wconf 88' lang='lat' dir='ltr'>secutus</span> <span class='ocrx_word' id='word_1_352' title='bbox 3274 1755 3365 1804; x_wconf 91' lang='lat' dir='ltr'>est</span> <span class='ocrx_word' id='word_1_353' title='bbox 3384 1748 3684 1817; x_wconf 86' lang='lat' dir='ltr'>Valesius,</span> <span class='ocrx_word' id='word_1_354' title='bbox 3711 1766 3851 1805; x_wconf 88' lang='lat' dir='ltr'>cum</span> 
     </span>
    </p>
   </div>
   <div class='ocr_carea' id='block_1_49' title="bbox 2112 1837 3850 1935">
    <p class='ocr_par' dir='ltr' id='par_1_49' title="bbox 2112 1837 3850 1935">
     <span class='ocr_line' id='line_1_49' title="bbox 2112 1837 3850 1935; baseline 0.001 -43"><span class='ocrx_word' id='word_1_355' title='bbox 2112 1837 2718 1935; x_wconf 77' lang='lat' dir='ltr'>BadductaEusebii</span> <span class='ocrx_word' id='word_1_356' title='bbox 2775 1837 2953 1892; x_wconf 89' lang='lat' dir='ltr'>verba</span> <span class='ocrx_word' id='word_1_357' title='bbox 2997 1837 3080 1893; x_wconf 91' lang='lat' dir='ltr'>sic</span> <span class='ocrx_word' id='word_1_358' title='bbox 3136 1838 3348 1892; x_wconf 87' lang='lat' dir='ltr'>vertit:</span> <span class='ocrx_word' id='word_1_359' title='bbox 3405 1861 3433 1887; x_wconf 83' lang='lat'>«</span> <span class='ocrx_word' id='word_1_360' title='bbox 3477 1838 3661 1908; x_wconf 88' lang='lat' dir='ltr'>Cujus</span> <span class='ocrx_word' id='word_1_361' title='bbox 3721 1855 3850 1894; x_wconf 88' lang='lat' dir='ltr'>esse</span> 
     </span>
    </p>
   </div>
   <div class='ocr_carea' id='block_1_50' title="bbox 2194 1925 3856 1998">
    <p class='ocr_par' dir='ltr' id='par_1_50' title="bbox 2194 1925 3856 1998">
     <span class='ocr_line' id='line_1_50' title="bbox 2194 1925 3856 1998; baseline 0.001 -18"><span class='ocrx_word' id='word_1_362' title='bbox 2194 1928 2379 1981; x_wconf 74' lang='lat' dir='ltr'>fertur</span> <span class='ocrx_word' id='word_1_363' title='bbox 2407 1926 2459 1981; x_wconf 90' lang='lat' dir='ltr'>is</span> <span class='ocrx_word' id='word_1_364' title='bbox 2489 1925 2658 1992; x_wconf 93' lang='lat' dir='ltr'>liber,</span> <span class='ocrx_word' id='word_1_365' title='bbox 2692 1926 2793 1996; x_wconf 93' lang='lat' dir='ltr'>qui</span> <span class='ocrx_word' id='word_1_366' title='bbox 2825 1929 3021 1981; x_wconf 85' lang='lat' dir='ltr'>Pastor</span> <span class='ocrx_word' id='word_1_367' title='bbox 3071 1927 3391 1998; x_wconf 91' lang='lat' dir='ltr'>inscriptus</span> <span class='ocrx_word' id='word_1_368' title='bbox 3441 1931 3602 1982; x_wconf 83' lang='lat' dir='ltr'>est.»</span> <span class='ocrx_word' id='word_1_369' title='bbox 3645 1927 3856 1982; x_wconf 80' lang='lat' dir='ltr'>Pastor</span> 
     </span>
    </p>
   </div>
   <div class='ocr_carea' id='block_1_51' title="bbox 2192 2013 3857 2086">
    <p class='ocr_par' dir='ltr' id='par_1_51' title="bbox 2192 2013 3857 2086">
     <span class='ocr_line' id='line_1_51' title="bbox 2192 2013 3857 2086; baseline 0.002 -19"><span class='ocrx_word' id='word_1_370' title='bbox 2192 2013 2372 2086; x_wconf 86' lang='lat' dir='ltr'>igitur</span> <span class='ocrx_word' id='word_1_371' title='bbox 2401 2014 2733 2086; x_wconf 83' lang='lat' dir='ltr'>appellatur</span> <span class='ocrx_word' id='word_1_372' title='bbox 2772 2031 2888 2070; x_wconf 93' lang='lat' dir='ltr'>non</span> <span class='ocrx_word' id='word_1_373' title='bbox 2933 2018 3200 2086; x_wconf 88' lang='lat' dir='ltr'>Hermas,</span> <span class='ocrx_word' id='word_1_374' title='bbox 3259 2015 3362 2070; x_wconf 83' lang='lat' dir='ltr'>sed</span> <span class='ocrx_word' id='word_1_375' title='bbox 3399 2015 3624 2070; x_wconf 64' lang='lat' dir='ltr'>Herma</span> <span class='ocrx_word' id='word_1_376' title='bbox 3683 2015 3857 2080; x_wconf 88' lang='lat' dir='ltr'>liber,</span> 
     </span>
    </p>
   </div>
   <div class='ocr_carea' id='block_1_52' title="bbox 2194 2102 3858 2177">
    <p class='ocr_par' dir='ltr' id='par_1_52' title="bbox 2194 2102 3858 2177">
     <span class='ocr_line' id='line_1_52' title="bbox 2194 2102 3858 2177; baseline 0.001 -19"><span class='ocrx_word' id='word_1_377' title='bbox 2194 2105 2349 2176; x_wconf 89' lang='lat' dir='ltr'>quod</span> <span class='ocrx_word' id='word_1_378' title='bbox 2376 2104 2566 2177; x_wconf 82' lang='lat' dir='ltr'>angeli</span> <span class='ocrx_word' id='word_1_379' title='bbox 2599 2105 2708 2159; x_wconf 90' lang='lat' dir='ltr'>sub</span> <span class='ocrx_word' id='word_1_380' title='bbox 2759 2102 2962 2159; x_wconf 86' lang='lat' dir='ltr'>habitu</span> <span class='ocrx_word' id='word_1_381' title='bbox 2996 2103 3298 2176; x_wconf 91' lang='lat' dir='ltr'>pastoritio</span> <span class='ocrx_word' id='word_1_382' title='bbox 3331 2105 3669 2176; x_wconf 88' lang='lat' dir='ltr'>apparentis</span> <span class='ocrx_word' id='word_1_383' title='bbox 3700 2121 3858 2160; x_wconf 84' lang='lat' dir='ltr'>reve-</span> 
     </span>
    </p>
   </div>
   <div class='ocr_carea' id='block_1_53' title="bbox 2192 2192 3844 2265">
    <p class='ocr_par' dir='ltr' id='par_1_53' title="bbox 2192 2192 3844 2265">
     <span class='ocr_line' id='line_1_53' title="bbox 2192 2192 3844 2265; baseline 0.001 -19"><span class='ocrx_word' id='word_1_384' title='bbox 2192 2192 2440 2249; x_wconf 89' lang='lat' dir='ltr'>lationes</span> <span class='ocrx_word' id='word_1_385' title='bbox 2499 2193 2812 2248; x_wconf 87' lang='lat' dir='ltr'>contineat.</span> <span class='ocrx_word' id='word_1_386' title='bbox 2869 2192 3015 2258; x_wconf 91' lang='lat' dir='ltr'>Quid</span> <span class='ocrx_word' id='word_1_387' title='bbox 3067 2192 3249 2265; x_wconf 87' lang='lat' dir='ltr'>igitur</span> <span class='ocrx_word' id='word_1_388' title='bbox 3309 2193 3368 2248; x_wconf 93' lang='lat' dir='ltr'>S.</span> <span class='ocrx_word' id='word_1_389' title='bbox 3418 2192 3648 2248; x_wconf 91' lang='lat' dir='ltr'>Pastori</span> <span class='ocrx_word' id='word_1_390' title='bbox 3706 2210 3844 2248; x_wconf 90' lang='lat' dir='ltr'>cum</span> 
     </span>
    </p>
   </div>
   <div class='ocr_carea' id='block_1_54' title="bbox 2195 2281 3854 2352">
    <p class='ocr_par' dir='ltr' id='par_1_54' title="bbox 2195 2281 3854 2352">
     <span class='ocr_line' id='line_1_54' title="bbox 2195 2281 3854 2352; baseline -0.001 -15"><span class='ocrx_word' id='word_1_391' title='bbox 2195 2282 2254 2337; x_wconf 91' lang='lat' dir='ltr'>S.</span> <span class='ocrx_word' id='word_1_392' title='bbox 2316 2282 2528 2337; x_wconf 90' lang='lat' dir='ltr'>Herma</span> <span class='ocrx_word' id='word_1_393' title='bbox 2557 2281 2915 2337; x_wconf 84' lang='lat' dir='ltr'>commune?</span> <span class='ocrx_word' id='word_1_394' title='bbox 2944 2282 3026 2337; x_wconf 93' lang='lat' dir='ltr'>Ne</span> <span class='ocrx_word' id='word_1_395' title='bbox 3065 2297 3278 2336; x_wconf 85' lang='lat' dir='ltr'>nomen</span> <span class='ocrx_word' id='word_1_396' title='bbox 3337 2281 3614 2352; x_wconf 88' lang='lat' dir='ltr'>quidem:</span> <span class='ocrx_word' id='word_1_397' title='bbox 3662 2299 3854 2352; x_wconf 88' lang='lat' dir='ltr'>quan-</span> 
     </span>
    </p>
   </div>
   <div class='ocr_carea' id='block_1_55' title="bbox 2197 2370 3857 2442">
    <p class='ocr_par' dir='ltr' id='par_1_55' title="bbox 2197 2370 3857 2442">
     <span class='ocr_line' id='line_1_55' title="bbox 2197 2370 3857 2442; baseline 0 -17"><span class='ocrx_word' id='word_1_398' title='bbox 2197 2387 2374 2441; x_wconf 90' lang='lat' dir='ltr'>quam</span> <span class='ocrx_word' id='word_1_399' title='bbox 2402 2373 2458 2425; x_wconf 91' lang='lat' dir='ltr'>et</span> <span class='ocrx_word' id='word_1_400' title='bbox 2486 2370 2595 2425; x_wconf 92' lang='lat' dir='ltr'>hoc</span> <span class='ocrx_word' id='word_1_401' title='bbox 2627 2370 2895 2442; x_wconf 81' lang='lat' dir='ltr'>pluribus</span> <span class='ocrx_word' id='word_1_402' title='bbox 2924 2370 3080 2425; x_wconf 90' lang='lat' dir='ltr'>idem</span> <span class='ocrx_word' id='word_1_403' title='bbox 3113 2386 3240 2426; x_wconf 91' lang='lat' dir='ltr'>esse</span> <span class='ocrx_word' id='word_1_404' title='bbox 3297 2371 3520 2442; x_wconf 87' lang='lat' dir='ltr'>possit;</span> <span class='ocrx_word' id='word_1_405' title='bbox 3588 2370 3692 2442; x_wconf 90' lang='lat' dir='ltr'>qui</span> <span class='ocrx_word' id='word_1_406' title='bbox 3749 2371 3857 2425; x_wconf 87' lang='lat' dir='ltr'>hac</span> 
     </span>
    </p>
   </div>
   <div class='ocr_carea' id='block_1_56' title="bbox 2196 2457 3857 2531">
    <p class='ocr_par' dir='ltr' id='par_1_56' title="bbox 2196 2457 3857 2531">
     <span class='ocr_line' id='line_1_56' title="bbox 2196 2457 3857 2531; baseline -0.001 -18"><span class='ocrx_word' id='word_1_407' title='bbox 2196 2457 2321 2514; x_wconf 89' lang='lat' dir='ltr'>sola</span> <span class='ocrx_word' id='word_1_408' title='bbox 2350 2458 2576 2514; x_wconf 89' lang='lat' dir='ltr'>ratione</span> <span class='ocrx_word' id='word_1_409' title='bbox 2606 2459 2849 2514; x_wconf 91' lang='lat' dir='ltr'>minime</span> <span class='ocrx_word' id='word_1_410' title='bbox 2875 2459 3154 2514; x_wconf 86' lang='lat' dir='ltr'>confundi</span> <span class='ocrx_word' id='word_1_411' title='bbox 3185 2465 3434 2531; x_wconf 90' lang='lat' dir='ltr'>possunt</span> <span class='ocrx_word' id='word_1_412' title='bbox 3459 2475 3471 2513; x_wconf 90' lang='lat'>:</span> <span class='ocrx_word' id='word_1_413' title='bbox 3529 2463 3594 2514; x_wconf 90' lang='lat' dir='ltr'>ut</span> <span class='ocrx_word' id='word_1_414' title='bbox 3635 2460 3857 2514; x_wconf 91' lang='lat' dir='ltr'>nemini</span> 
     </span>
    </p>
   </div>
   <div class='ocr_carea' id='block_1_57' title="bbox 2195 2547 3856 2604">
    <p class='ocr_par' dir='ltr' id='par_1_57' title="bbox 2195 2547 3856 2604">
     <span class='ocr_line' id='line_1_57' title="bbox 2195 2547 3856 2604; baseline 0.001 -3"><span class='ocrx_word' id='word_1_415' title='bbox 2195 2548 2480 2604; x_wconf 85' lang='lat' dir='ltr'>hactenus</span> <span class='ocrx_word' id='word_1_416' title='bbox 2511 2547 2571 2602; x_wconf 94' lang='lat' dir='ltr'>in</span> <span class='ocrx_word' id='word_1_417' title='bbox 2612 2552 2871 2604; x_wconf 90' lang='lat' dir='ltr'>mentem</span> <span class='ocrx_word' id='word_1_418' title='bbox 2899 2549 3060 2604; x_wconf 88' lang='lat' dir='ltr'>venit</span> <span class='ocrx_word' id='word_1_419' title='bbox 3103 2549 3164 2602; x_wconf 94' lang='lat' dir='ltr'>B.</span> <span class='ocrx_word' id='word_1_420' title='bbox 3239 2549 3534 2603; x_wconf 89' lang='lat' dir='ltr'>Pastorem</span> <span class='ocrx_word' id='word_1_421' title='bbox 3587 2554 3856 2603; x_wconf 89' lang='lat' dir='ltr'>nostrum</span> 
     </span>
    </p>
   </div>
   <div class='ocr_carea' id='block_1_58' title="bbox 2196 2635 3858 2709">
    <p class='ocr_par' dir='ltr' id='par_1_58' title="bbox 2196 2635 3858 2709">
     <span class='ocr_line' id='line_1_58' title="bbox 2196 2635 3858 2709; baseline 0.001 -19"><span class='ocrx_word' id='word_1_422' title='bbox 2196 2635 2917 2708; x_wconf 50' lang='lat' dir='ltr'>presbyterum&#39;leumdem</span> <span class='ocrx_word' id='word_1_423' title='bbox 2976 2653 3110 2691; x_wconf 91' lang='lat' dir='ltr'>cum</span> <span class='ocrx_word' id='word_1_424' title='bbox 3159 2635 3258 2691; x_wconf 93' lang='lat' dir='ltr'>illo</span> <span class='ocrx_word' id='word_1_425' title='bbox 3290 2640 3570 2707; x_wconf 86' lang='lat' dir='ltr'>statuere,</span> <span class='ocrx_word' id='word_1_426' title='bbox 3623 2638 3696 2692; x_wconf 90' lang='lat' dir='ltr'>de</span> <span class='ocrx_word' id='word_1_427' title='bbox 3744 2655 3858 2709; x_wconf 90' lang='lat' dir='ltr'>quo</span> 
     </span>
    </p>
   </div>
   <div class='ocr_carea' id='block_1_59' title="bbox 2197 2725 3857 2793">
    <p class='ocr_par' dir='ltr' id='par_1_59' title="bbox 2197 2725 3857 2793">
     <span class='ocr_line' id='line_1_59' title="bbox 2197 2725 3857 2793; baseline 0.001 -14"><span class='ocrx_word' id='word_1_428' title='bbox 2197 2726 2260 2779; x_wconf 80' lang='lat' dir='ltr'>ﬁt</span> <span class='ocrx_word' id='word_1_429' title='bbox 2293 2725 2511 2780; x_wconf 89' lang='lat' dir='ltr'>mentio</span> <span class='ocrx_word' id='word_1_430' title='bbox 2544 2725 2603 2780; x_wconf 93' lang='lat' dir='ltr'>in</span> <span class='ocrx_word' id='word_1_431' title='bbox 2632 2726 2788 2780; x_wconf 86' lang='lat' dir='ltr'>Actis</span> <span class='ocrx_word' id='word_1_432' title='bbox 2820 2725 2920 2781; x_wconf 87' lang='lat' dir='ltr'>SS.</span> <span class='ocrx_word' id='word_1_433' title='bbox 2967 2725 3154 2793; x_wconf 90' lang='lat' dir='ltr'>Marii,</span> <span class='ocrx_word' id='word_1_434' title='bbox 3199 2725 3439 2780; x_wconf 70' lang='lat' dir='ltr'>Martha:</span> <span class='ocrx_word' id='word_1_435' title='bbox 3494 2730 3551 2780; x_wconf 91' lang='lat' dir='ltr'>et</span> <span class='ocrx_word' id='word_1_436' title='bbox 3600 2725 3857 2781; x_wconf 83' lang='lat' dir='ltr'>filiorum</span> 
     </span>
    </p>
   </div>
   <div class='ocr_carea' id='block_1_60' title="bbox 2196 2813 3857 2886">
    <p class='ocr_par' dir='ltr' id='par_1_60' title="bbox 2196 2813 3857 2886">
     <span class='ocr_line' id='line_1_60' title="bbox 2196 2813 3857 2886; baseline -0.001 -16"><span class='ocrx_word' id='word_1_437' title='bbox 2196 2815 2268 2870; x_wconf 89' lang='lat' dir='ltr'>ad</span> <span class='ocrx_word' id='word_1_438' title='bbox 2301 2815 2456 2869; x_wconf 92' lang='lat' dir='ltr'>diem</span> <span class='ocrx_word' id='word_1_439' title='bbox 2477 2832 2574 2868; x_wconf 86' lang='lat' dir='ltr'>x1x</span> <span class='ocrx_word' id='word_1_440' title='bbox 2595 2813 2882 2881; x_wconf 88' lang='lat' dir='ltr'>Januarii,</span> <span class='ocrx_word' id='word_1_441' title='bbox 2909 2830 3041 2886; x_wconf 88' lang='lat' dir='ltr'>pag.</span> <span class='ocrx_word' id='word_1_442' title='bbox 3068 2815 3208 2882; x_wconf 77' lang='lat'>216;</span> <span class='ocrx_word' id='word_1_443' title='bbox 3242 2813 3479 2870; x_wconf 88' lang='lat' dir='ltr'>tametsi</span> <span class='ocrx_word' id='word_1_444' title='bbox 3507 2819 3564 2869; x_wconf 90' lang='lat' dir='ltr'>et</span> <span class='ocrx_word' id='word_1_445' title='bbox 3581 2814 3784 2869; x_wconf 66' lang='lat' dir='ltr'>Romae</span> <span class='ocrx_word' id='word_1_446' title='bbox 3811 2814 3857 2869; x_wconf 90' lang='lat' dir='ltr'>is</span> 
     </span>
    </p>
   </div>
   <div class='ocr_carea' id='block_1_61' title="bbox 2196 2903 3854 2975">
    <p class='ocr_par' dir='ltr' id='par_1_61' title="bbox 2196 2903 3854 2975">
     <span class='ocr_line' id='line_1_61' title="bbox 2196 2903 3854 2975; baseline 0 -18"><span class='ocrx_word' id='word_1_447' title='bbox 2196 2903 2390 2970; x_wconf 89' lang='lat' dir='ltr'>fuerit,</span> <span class='ocrx_word' id='word_1_448' title='bbox 2450 2908 2507 2958; x_wconf 92' lang='lat' dir='ltr'>et</span> <span class='ocrx_word' id='word_1_449' title='bbox 2562 2903 2770 2959; x_wconf 91' lang='lat' dir='ltr'>beatus</span> <span class='ocrx_word' id='word_1_450' title='bbox 2827 2903 3032 2959; x_wconf 90' lang='lat' dir='ltr'>Pastor</span> <span class='ocrx_word' id='word_1_451' title='bbox 3105 2903 3408 2975; x_wconf 80' lang='lat' dir='ltr'>presbyter</span> <span class='ocrx_word' id='word_1_452' title='bbox 3462 2909 3854 2975; x_wconf 86' lang='lat' dir='ltr'>nuncupetur,</span> 
     </span>
    </p>
   </div>
   <div class='ocr_carea' id='block_1_62' title="bbox 2197 2992 3602 3063">
    <p class='ocr_par' dir='ltr' id='par_1_62' title="bbox 2197 2992 3602 3063">
     <span class='ocr_line' id='line_1_62' title="bbox 2197 2992 3602 3063; baseline -0.001 -16"><span class='ocrx_word' id='word_1_453' title='bbox 2197 2997 2431 3047; x_wconf 91' lang='lat' dir='ltr'>centum</span> <span class='ocrx_word' id='word_1_454' title='bbox 2460 2995 2658 3047; x_wconf 89' lang='lat' dir='ltr'>tamen</span> <span class='ocrx_word' id='word_1_455' title='bbox 2688 2992 2918 3047; x_wconf 91' lang='lat' dir='ltr'>circiter</span> <span class='ocrx_word' id='word_1_456' title='bbox 2950 2993 3120 3046; x_wconf 92' lang='lat' dir='ltr'>annis</span> <span class='ocrx_word' id='word_1_457' title='bbox 3153 2997 3354 3047; x_wconf 93' lang='lat' dir='ltr'>nostro</span> <span class='ocrx_word' id='word_1_458' title='bbox 3379 2993 3602 3063; x_wconf 88' lang='lat' dir='ltr'>junior.</span> 
     </span>
    </p>
   </div>
   <div class='ocr_carea' id='block_1_63' title="bbox 2268 3081 3848 3154">
    <p class='ocr_par' dir='ltr' id='par_1_63' title="bbox 2268 3081 3848 3154">
     <span class='ocr_line' id='line_1_63' title="bbox 2268 3081 3848 3154; baseline 0 -19"><span class='ocrx_word' id='word_1_459' title='bbox 2268 3083 2321 3136; x_wconf 93' lang='lat'>8.</span> <span class='ocrx_word' id='word_1_460' title='bbox 2351 3082 2666 3154; x_wconf 90' lang='lat' dir='ltr'>Propendit</span> <span class='ocrx_word' id='word_1_461' title='bbox 2687 3082 3015 3152; x_wconf 87' lang='lat' dir='ltr'>eoinsuper</span> <span class='ocrx_word' id='word_1_462' title='bbox 3042 3082 3198 3137; x_wconf 90' lang='lat' dir='ltr'>idem</span> <span class='ocrx_word' id='word_1_463' title='bbox 3236 3081 3614 3137; x_wconf 89' lang='lat' dir='ltr'>doctissimus</span> <span class='ocrx_word' id='word_1_464' title='bbox 3647 3086 3848 3136; x_wconf 90' lang='lat' dir='ltr'>auctor</span> 
     </span>
    </p>
   </div>
   <div class='ocr_carea' id='block_1_64' title="bbox 2199 3171 3854 3242">
    <p class='ocr_par' dir='ltr' id='par_1_64' title="bbox 2199 3171 3854 3242">
     <span class='ocr_line' id='line_1_64' title="bbox 2199 3171 3854 3242; baseline 0 -17"><span class='ocrx_word' id='word_1_465' title='bbox 2199 3171 2520 3237; x_wconf 83' lang='lat' dir='ltr'>Annalium,</span> <span class='ocrx_word' id='word_1_466' title='bbox 2555 3172 2627 3226; x_wconf 90' lang='lat' dir='ltr'>ad</span> <span class='ocrx_word' id='word_1_467' title='bbox 2651 3188 2873 3226; x_wconf 88' lang='lat' dir='ltr'>annum</span> <span class='ocrx_word' id='word_1_468' title='bbox 2893 3171 3107 3227; x_wconf 86' lang='lat' dir='ltr'>Christi</span> <span class='ocrx_word' id='word_1_469' title='bbox 3155 3172 3280 3240; x_wconf 81' lang='grc'>159,</span> <span class='ocrx_word' id='word_1_470' title='bbox 3316 3175 3378 3225; x_wconf 92' lang='lat' dir='ltr'>ut</span> <span class='ocrx_word' id='word_1_471' title='bbox 3408 3171 3683 3226; x_wconf 89' lang='lat' dir='ltr'>eumdem</span> <span class='ocrx_word' id='word_1_472' title='bbox 3714 3187 3854 3242; x_wconf 86' lang='lat' dir='ltr'>quo-</span> 
     </span>
    </p>
   </div>
   <div class='ocr_carea' id='block_1_65' title="bbox 434 3236 3847 3336">
    <p class='ocr_par' dir='ltr' id='par_1_65' title="bbox 434 3236 3847 3336">
     <span class='ocr_line' id='line_1_65' title="bbox 434 3236 3847 3336; baseline 0 -22"><span class='ocrx_word' id='word_1_473' title='bbox 434 3261 571 3315; x_wconf 86' lang='lat' dir='ltr'>Julii</span> <span class='ocrx_word' id='word_1_474' title='bbox 604 3261 673 3315; x_wconf 92' lang='lat' dir='ltr'>de</span> <span class='ocrx_word' id='word_1_475' title='bbox 707 3261 937 3315; x_wconf 89' lang='lat' dir='ltr'>Herma.</span> <span class='ocrx_word' id='word_1_476' title='bbox 972 3261 1087 3316; x_wconf 93' lang='lat' dir='ltr'>Cur</span> <span class='ocrx_word' id='word_1_477' title='bbox 1118 3262 1297 3333; x_wconf 85' lang='lat' dir='ltr'>igitur</span> <span class='ocrx_word' id='word_1_478' title='bbox 1340 3264 1544 3318; x_wconf 89' lang='lat' dir='ltr'>eodem</span> <span class='ocrx_word' id='word_1_479' title='bbox 1591 3267 1934 3336; x_wconf 89' lang='lat' dir='ltr'>argumento</span> <span class='ocrx_word' id='word_1_480' title='bbox 1969 3279 2083 3318; x_wconf 92' lang='lat' dir='ltr'>non</span> <span class='ocrx_word' id='word_1_481' title='bbox 2121 3236 2163 3302; x_wconf 78' lang='lat' dir='ltr'>C</span> <span class='ocrx_word' id='word_1_482' title='bbox 2202 3278 2315 3332; x_wconf 93' lang='lat' dir='ltr'>que</span> <span class='ocrx_word' id='word_1_483' title='bbox 2345 3277 2478 3315; x_wconf 91' lang='lat' dir='ltr'>cum</span> <span class='ocrx_word' id='word_1_484' title='bbox 2520 3266 2723 3316; x_wconf 89' lang='lat' dir='ltr'>sancto</span> <span class='ocrx_word' id='word_1_485' title='bbox 2755 3261 2969 3316; x_wconf 90' lang='lat' dir='ltr'>Herma</span> <span class='ocrx_word' id='word_1_486' title='bbox 2999 3264 3057 3315; x_wconf 91' lang='lat' dir='ltr'>et</span> <span class='ocrx_word' id='word_1_487' title='bbox 3079 3260 3318 3316; x_wconf 90' lang='lat' dir='ltr'>Pastore</span> <span class='ocrx_word' id='word_1_488' title='bbox 3348 3260 3680 3316; x_wconf 88' lang='lat' dir='ltr'>Hermetem</span> <span class='ocrx_word' id='word_1_489' title='bbox 3727 3276 3847 3315; x_wconf 85' lang='lat' dir='ltr'>esse</span> 
     </span>
    </p>
   </div>
   <div class='ocr_carea' id='block_1_66' title="bbox 436 3351 2085 3408">
    <p class='ocr_par' dir='ltr' id='par_1_66' title="bbox 436 3351 2085 3408">
     <span class='ocr_line' id='line_1_66' title="bbox 436 3351 2085 3408; baseline 0.002 -4"><span class='ocrx_word' id='word_1_490' title='bbox 436 3353 524 3404; x_wconf 90' lang='lat' dir='ltr'>est</span> <span class='ocrx_word' id='word_1_491' title='bbox 557 3367 701 3405; x_wconf 90' lang='lat' dir='ltr'>usus</span> <span class='ocrx_word' id='word_1_492' title='bbox 734 3351 792 3405; x_wconf 92' lang='lat' dir='ltr'>in</span> <span class='ocrx_word' id='word_1_493' title='bbox 823 3351 1178 3406; x_wconf 78' lang='lat' dir='ltr'>Annalibus?</span> <span class='ocrx_word' id='word_1_494' title='bbox 1207 3351 1457 3408; x_wconf 81' lang='lat' dir='ltr'>Maxime</span> <span class='ocrx_word' id='word_1_495' title='bbox 1482 3369 1612 3408; x_wconf 88' lang='lat' dir='ltr'>cum</span> <span class='ocrx_word' id='word_1_496' title='bbox 1637 3353 1707 3408; x_wconf 93' lang='lat' dir='ltr'>ad</span> <span class='ocrx_word' id='word_1_497' title='bbox 1729 3351 1875 3407; x_wconf 90' lang='lat' dir='ltr'>illud</span> <span class='ocrx_word' id='word_1_498' title='bbox 1908 3351 2085 3407; x_wconf 86' lang='lat' dir='ltr'>etiam</span> 
     </span>
    </p>
   </div>
   <div class='ocr_carea' id='block_1_67' title="bbox 434 3438 2085 3513">
    <p class='ocr_par' dir='ltr' id='par_1_67' title="bbox 434 3438 2085 3513">
     <span class='ocr_line' id='line_1_67' title="bbox 434 3438 2085 3513; baseline 0.001 -20"><span class='ocrx_word' id='word_1_499' title='bbox 434 3438 592 3493; x_wconf 90' lang='lat' dir='ltr'>aliud</span> <span class='ocrx_word' id='word_1_500' title='bbox 616 3439 932 3505; x_wconf 89' lang='lat' dir='ltr'>accederet,</span> <span class='ocrx_word' id='word_1_501' title='bbox 949 3439 1410 3511; x_wconf 83' lang='lat' dir='ltr'>haudquaquam</span> <span class='ocrx_word' id='word_1_502' title='bbox 1429 3441 1904 3513; x_wconf 88' lang='lat' dir='ltr'>profectolevius,</span> <span class='ocrx_word' id='word_1_503' title='bbox 1927 3441 2085 3512; x_wconf 90' lang='lat' dir='ltr'>quod</span> 
     </span>
    </p>
   </div>
   <div class='ocr_carea' id='block_1_68' title="bbox 435 3527 2088 3601">
    <p class='ocr_par' dir='ltr' id='par_1_68' title="bbox 435 3527 2088 3601">
     <span class='ocr_line' id='line_1_68' title="bbox 435 3527 2088 3601; baseline 0.002 -21"><span class='ocrx_word' id='word_1_504' title='bbox 435 3527 547 3581; x_wconf 89' lang='lat' dir='ltr'>aS.</span> <span class='ocrx_word' id='word_1_505' title='bbox 604 3527 860 3582; x_wconf 90' lang='lat' dir='ltr'>Pastoris</span> <span class='ocrx_word' id='word_1_506' title='bbox 915 3532 1080 3583; x_wconf 65' lang='lat' dir='ltr'>aetate</span> <span class='ocrx_word' id='word_1_507' title='bbox 1129 3529 1482 3596; x_wconf 90' lang='lat' dir='ltr'>desumitur,</span> <span class='ocrx_word' id='word_1_508' title='bbox 1537 3531 1637 3601; x_wconf 91' lang='lat' dir='ltr'>qui</span> <span class='ocrx_word' id='word_1_509' title='bbox 1687 3529 1894 3585; x_wconf 86' lang='lat' dir='ltr'>saltem</span> <span class='ocrx_word' id='word_1_510' title='bbox 1917 3531 2088 3600; x_wconf 83' lang='lat' dir='ltr'>juxta</span> 
     </span>
    </p>
   </div>
   <div class='ocr_carea' id='block_1_69' title="bbox 437 3615 2087 3685">
    <p class='ocr_par' dir='ltr' id='par_1_69' title="bbox 437 3615 2087 3685">
     <span class='ocr_line' id='line_1_69' title="bbox 437 3615 2087 3685; baseline 0.002 -16"><span class='ocrx_word' id='word_1_511' title='bbox 437 3615 971 3670; x_wconf 88' lang='lat' dir='ltr'>eminentissimum</span> <span class='ocrx_word' id='word_1_512' title='bbox 1031 3617 1347 3672; x_wconf 85' lang='lat' dir='ltr'>Annalium</span> <span class='ocrx_word' id='word_1_513' title='bbox 1406 3619 1788 3685; x_wconf 89' lang='lat' dir='ltr'>conditorem,</span> <span class='ocrx_word' id='word_1_514' title='bbox 1865 3635 2087 3675; x_wconf 90' lang='lat' dir='ltr'>annum</span> 
     </span>
    </p>
   </div>
   <div class='ocr_carea' id='block_1_70' title="bbox 439 3702 2086 3778">
    <p class='ocr_par' dir='ltr' id='par_1_70' title="bbox 439 3702 2086 3778">
     <span class='ocr_line' id='line_1_70' title="bbox 439 3702 2086 3778; baseline 0.004 -22"><span class='ocrx_word' id='word_1_515' title='bbox 439 3702 651 3757; x_wconf 85' lang='lat' dir='ltr'>Christi</span> <span class='ocrx_word' id='word_1_516' title='bbox 684 3705 786 3758; x_wconf 82' lang='grc'>164</span> <span class='ocrx_word' id='word_1_517' title='bbox 833 3705 1076 3761; x_wconf 90' lang='lat' dir='ltr'>vivendo</span> <span class='ocrx_word' id='word_1_518' title='bbox 1129 3711 1578 3778; x_wconf 62' lang='lat' dir='ltr'>prastergressus</span> <span class='ocrx_word' id='word_1_519' title='bbox 1624 3712 1733 3763; x_wconf 89' lang='lat' dir='ltr'>est.</span> <span class='ocrx_word' id='word_1_520' title='bbox 1784 3708 1924 3774; x_wconf 87' lang='lat' dir='ltr'>Quis</span> <span class='ocrx_word' id='word_1_521' title='bbox 1956 3724 2086 3763; x_wconf 91' lang='lat' dir='ltr'>vero</span> 
     </span>
    </p>
   </div>
   <div class='ocr_carea' id='block_1_71' title="bbox 440 3792 2085 3863">
    <p class='ocr_par' dir='ltr' id='par_1_71' title="bbox 440 3792 2085 3863">
     <span class='ocr_line' id='line_1_71' title="bbox 440 3792 2085 3863; baseline 0.003 -17"><span class='ocrx_word' id='word_1_522' title='bbox 440 3792 565 3846; x_wconf 92' lang='lat' dir='ltr'>sine</span> <span class='ocrx_word' id='word_1_523' title='bbox 594 3792 845 3847; x_wconf 90' lang='lat' dir='ltr'>evidenti</span> <span class='ocrx_word' id='word_1_524' title='bbox 897 3794 1394 3849; x_wconf 89' lang='lat' dir='ltr'>demonstratione</span> <span class='ocrx_word' id='word_1_525' title='bbox 1443 3797 1663 3860; x_wconf 90' lang='lat' dir='ltr'>credat,</span> <span class='ocrx_word' id='word_1_526' title='bbox 1698 3797 1754 3853; x_wconf 93' lang='lat' dir='ltr'>S.</span> <span class='ocrx_word' id='word_1_527' title='bbox 1787 3801 2085 3863; x_wconf 84' lang='lat' dir='ltr'>Hermam,</span> 
     </span>
    </p>
   </div>
   <div class='ocr_carea' id='block_1_72' title="bbox 439 3881 2089 3952">
    <p class='ocr_par' dir='ltr' id='par_1_72' title="bbox 439 3881 2089 3952">
     <span class='ocr_line' id='line_1_72' title="bbox 439 3881 2089 3952; baseline 0.004 -17"><span class='ocrx_word' id='word_1_528' title='bbox 439 3881 535 3952; x_wconf 91' lang='lat' dir='ltr'>qui</span> <span class='ocrx_word' id='word_1_529' title='bbox 558 3881 683 3950; x_wconf 87' lang='lat' dir='ltr'>jam</span> <span class='ocrx_word' id='word_1_530' title='bbox 718 3882 920 3952; x_wconf 85' lang='lat' dir='ltr'>utique</span> <span class='ocrx_word' id='word_1_531' title='bbox 951 3888 1192 3938; x_wconf 76' lang='lat' dir='ltr'>maturae</span> <span class='ocrx_word' id='word_1_532' title='bbox 1224 3884 1309 3939; x_wconf 90' lang='lat' dir='ltr'>vir</span> <span class='ocrx_word' id='word_1_533' title='bbox 1331 3885 1516 3940; x_wconf 67' lang='lat' dir='ltr'>aetatis</span> <span class='ocrx_word' id='word_1_534' title='bbox 1550 3885 1731 3941; x_wconf 90' lang='lat' dir='ltr'>fuisse</span> <span class='ocrx_word' id='word_1_535' title='bbox 1764 3887 2089 3942; x_wconf 90' lang='lat' dir='ltr'>censendus</span> 
     </span>
    </p>
   </div>
   <div class='ocr_carea' id='block_1_73' title="bbox 437 3972 2088 4046">
    <p class='ocr_par' dir='ltr' id='par_1_73' title="bbox 437 3972 2088 4046">
     <span class='ocr_line' id='line_1_73' title="bbox 437 3972 2088 4046; baseline 0.004 -22"><span class='ocrx_word' id='word_1_536' title='bbox 437 3975 547 4034; x_wconf 86' lang='lat' dir='ltr'>est,</span> <span class='ocrx_word' id='word_1_537' title='bbox 580 3987 713 4025; x_wconf 91' lang='lat' dir='ltr'>cum</span> <span class='ocrx_word' id='word_1_538' title='bbox 745 3988 877 4026; x_wconf 92' lang='lat' dir='ltr'>eum</span> <span class='ocrx_word' id='word_1_539' title='bbox 915 3972 1229 4042; x_wconf 86' lang='lat' dir='ltr'>Apostolus</span> <span class='ocrx_word' id='word_1_540' title='bbox 1280 3989 1381 4044; x_wconf 86' lang='lat' dir='ltr'>per</span> <span class='ocrx_word' id='word_1_541' title='bbox 1412 3975 1733 4046; x_wconf 89' lang='lat' dir='ltr'>Epistolam</span> <span class='ocrx_word' id='word_1_542' title='bbox 1773 3977 1843 4030; x_wconf 90' lang='lat' dir='ltr'>ad</span> <span class='ocrx_word' id='word_1_543' title='bbox 1877 3976 2088 4030; x_wconf 84' lang='lat' dir='ltr'>Roma-</span> 
     </span>
    </p>
   </div>
   <div class='ocr_carea' id='block_1_74' title="bbox 441 4059 2088 4133">
    <p class='ocr_par' dir='ltr' id='par_1_74' title="bbox 441 4059 2088 4133">
     <span class='ocr_line' id='line_1_74' title="bbox 441 4059 2088 4133; baseline 0.004 -20"><span class='ocrx_word' id='word_1_544' title='bbox 441 4075 548 4113; x_wconf 90' lang='lat' dir='ltr'>nos</span> <span class='ocrx_word' id='word_1_545' title='bbox 577 4059 811 4129; x_wconf 89' lang='lat' dir='ltr'>juberet</span> <span class='ocrx_word' id='word_1_546' title='bbox 841 4059 1107 4125; x_wconf 88' lang='lat' dir='ltr'>salutari,</span> <span class='ocrx_word' id='word_1_547' title='bbox 1138 4060 1323 4116; x_wconf 90' lang='lat' dir='ltr'>solido</span> <span class='ocrx_word' id='word_1_548' title='bbox 1357 4067 1488 4133; x_wconf 91' lang='lat' dir='ltr'>post</span> <span class='ocrx_word' id='word_1_549' title='bbox 1532 4063 1696 4118; x_wconf 88' lang='lat' dir='ltr'>Pauli</span> <span class='ocrx_word' id='word_1_550' title='bbox 1727 4063 1951 4119; x_wconf 88' lang='lat' dir='ltr'>obitum</span> <span class='ocrx_word' id='word_1_551' title='bbox 1985 4081 2088 4119; x_wconf 69' lang='lat' dir='ltr'>sae-</span> 
     </span>
    </p>
   </div>
   <div class='ocr_carea' id='block_1_75' title="bbox 435 4147 2089 4219">
    <p class='ocr_par' dir='ltr' id='par_1_75' title="bbox 435 4147 2089 4219">
     <span class='ocr_line' id='line_1_75' title="bbox 435 4147 2089 4219; baseline 0.003 -18"><span class='ocrx_word' id='word_1_552' title='bbox 435 4147 564 4202; x_wconf 89' lang='lat' dir='ltr'>culo</span> <span class='ocrx_word' id='word_1_553' title='bbox 600 4148 960 4219; x_wconf 82' lang='lat' dir='ltr'>superfuisse</span> <span class='ocrx_word' id='word_1_554' title='bbox 984 4149 1010 4202; x_wconf 87' lang='lat'><strong>?</strong></span> <span class='ocrx_word' id='word_1_555' title='bbox 1041 4153 1171 4204; x_wconf 63' lang='lat' dir='ltr'>HERC</span> <span class='ocrx_word' id='word_1_556' title='bbox 1205 4155 1358 4206; x_wconf 88' lang='lat' dir='ltr'>certe</span> <span class='ocrx_word' id='word_1_557' title='bbox 1390 4168 1506 4207; x_wconf 90' lang='lat' dir='ltr'>una</span> <span class='ocrx_word' id='word_1_558' title='bbox 1546 4153 1617 4208; x_wconf 92' lang='lat' dir='ltr'>de</span> <span class='ocrx_word' id='word_1_559' title='bbox 1647 4153 1842 4208; x_wconf 86' lang='lat' dir='ltr'>causis</span> <span class='ocrx_word' id='word_1_560' title='bbox 1874 4156 1984 4217; x_wconf 90' lang='lat' dir='ltr'>est,</span> <span class='ocrx_word' id='word_1_561' title='bbox 2016 4153 2089 4206; x_wconf 92' lang='lat' dir='ltr'>ob</span> 
     </span>
    </p>
   </div>
   <div class='ocr_carea' id='block_1_76' title="bbox 433 4237 2088 4313">
    <p class='ocr_par' dir='ltr' id='par_1_76' title="bbox 433 4237 2088 4313">
     <span class='ocr_line' id='line_1_76' title="bbox 433 4237 2088 4313; baseline 0.003 -23"><span class='ocrx_word' id='word_1_562' title='bbox 433 4254 581 4307; x_wconf 89' lang='lat' dir='ltr'>quas</span> <span class='ocrx_word' id='word_1_563' title='bbox 611 4237 886 4302; x_wconf 87' lang='lat' dir='ltr'>Hermen,</span> <span class='ocrx_word' id='word_1_564' title='bbox 948 4239 1007 4294; x_wconf 90' lang='lat' dir='ltr'>S.</span> <span class='ocrx_word' id='word_1_565' title='bbox 1045 4238 1126 4293; x_wconf 89' lang='lat' dir='ltr'>Pii</span> <span class='ocrx_word' id='word_1_566' title='bbox 1185 4256 1345 4310; x_wconf 68' lang='lat' dir='ltr'>papae</span> <span class='ocrx_word' id='word_1_567' title='bbox 1377 4242 1418 4305; x_wconf 85' lang='grc' dir='ltr'>Ι,</span> <span class='ocrx_word' id='word_1_568' title='bbox 1453 4245 1518 4295; x_wconf 90' lang='lat' dir='ltr'>ut</span> <span class='ocrx_word' id='word_1_569' title='bbox 1574 4245 1662 4297; x_wconf 90' lang='lat' dir='ltr'>est</span> <span class='ocrx_word' id='word_1_570' title='bbox 1715 4242 1774 4296; x_wconf 92' lang='lat' dir='ltr'>in</span> <span class='ocrx_word' id='word_1_571' title='bbox 1817 4241 2088 4313; x_wconf 89' lang='lat' dir='ltr'>Catalogo</span> 
     </span>
    </p>
   </div>
   <div class='ocr_carea' id='block_1_77' title="bbox 437 4326 2092 4395">
    <p class='ocr_par' dir='ltr' id='par_1_77' title="bbox 437 4326 2092 4395">
     <span class='ocr_line' id='line_1_77' title="bbox 437 4326 2092 4395; baseline 0.005 -17"><span class='ocrx_word' id='word_1_572' title='bbox 437 4326 790 4380; x_wconf 84' lang='lat' dir='ltr'>Pontiﬁcum</span> <span class='ocrx_word' id='word_1_573' title='bbox 850 4327 1238 4395; x_wconf 90' lang='lat' dir='ltr'>Bucheriano,</span> <span class='ocrx_word' id='word_1_574' title='bbox 1297 4330 1532 4385; x_wconf 86' lang='lat' dir='ltr'>fratrem</span> <span class='ocrx_word' id='word_1_575' title='bbox 1591 4347 1656 4385; x_wconf 92' lang='lat' dir='ltr'>ac</span> <span class='ocrx_word' id='word_1_576' title='bbox 1714 4332 1772 4386; x_wconf 90' lang='lat' dir='ltr'>S.</span> <span class='ocrx_word' id='word_1_577' title='bbox 1836 4331 2092 4386; x_wconf 88' lang='lat' dir='ltr'>Pastoris</span> 
     </span>
    </p>
   </div>
   <div class='ocr_carea' id='block_1_78' title="bbox 439 4413 2092 4489">
    <p class='ocr_par' dir='ltr' id='par_1_78' title="bbox 439 4413 2092 4489">
     <span class='ocr_line' id='line_1_78' title="bbox 439 4413 2092 4489; baseline 0.003 -21"><span class='ocrx_word' id='word_1_578' title='bbox 439 4413 740 4482; x_wconf 74' lang='lat' dir='ltr'>aequalem,</span> <span class='ocrx_word' id='word_1_579' title='bbox 758 4415 1242 4487; x_wconf 89' lang='lat' dir='ltr'>distinguendum</span> <span class='ocrx_word' id='word_1_580' title='bbox 1263 4419 1486 4489; x_wconf 86' lang='lat' dir='ltr'>putavit</span> <span class='ocrx_word' id='word_1_581' title='bbox 1502 4420 1656 4472; x_wconf 88' lang='lat' dir='ltr'>card.</span> <span class='ocrx_word' id='word_1_582' title='bbox 1679 4418 2092 4486; x_wconf 89' lang='lat' dir='ltr'>Bellarminus,</span> 
     </span>
    </p>
   </div>
   <div class='ocr_carea' id='block_1_79' title="bbox 439 4504 2090 4579">
    <p class='ocr_par' dir='ltr' id='par_1_79' title="bbox 439 4504 2090 4579">
     <span class='ocr_line' id='line_1_79' title="bbox 439 4504 2090 4579; baseline 0.004 -23"><span class='ocrx_word' id='word_1_583' title='bbox 439 4519 690 4573; x_wconf 90' lang='lat' dir='ltr'>eumque</span> <span class='ocrx_word' id='word_1_584' title='bbox 717 4504 899 4558; x_wconf 88' lang='lat' dir='ltr'>secuti</span> <span class='ocrx_word' id='word_1_585' title='bbox 925 4505 1197 4576; x_wconf 90' lang='lat' dir='ltr'>deinceps</span> <span class='ocrx_word' id='word_1_586' title='bbox 1236 4506 1467 4577; x_wconf 86' lang='lat' dir='ltr'>eruditi,</span> <span class='ocrx_word' id='word_1_587' title='bbox 1520 4525 1551 4561; x_wconf 88' lang='lat' dir='ltr'>a</span> <span class='ocrx_word' id='word_1_588' title='bbox 1591 4509 1648 4562; x_wconf 93' lang='lat' dir='ltr'>S.</span> <span class='ocrx_word' id='word_1_589' title='bbox 1698 4507 1912 4562; x_wconf 88' lang='lat' dir='ltr'>Herma</span> <span class='ocrx_word' id='word_1_590' title='bbox 1939 4510 2090 4579; x_wconf 88' lang='lat' dir='ltr'>Apo-</span> 
     </span>
    </p>
   </div>
   <div class='ocr_carea' id='block_1_80' title="bbox 2196 3346 3849 3421">
    <p class='ocr_par' dir='ltr' id='par_1_80' title="bbox 2196 3346 3849 3421">
     <span class='ocr_line' id='line_1_80' title="bbox 2196 3346 3849 3421; baseline -0.002 -17"><span class='ocrx_word' id='word_1_591' title='bbox 2196 3350 2473 3414; x_wconf 88' lang='lat' dir='ltr'>crederet,</span> <span class='ocrx_word' id='word_1_592' title='bbox 2506 3352 2563 3402; x_wconf 90' lang='lat' dir='ltr'>S.</span> <span class='ocrx_word' id='word_1_593' title='bbox 2597 3349 2682 3403; x_wconf 94' lang='lat' dir='ltr'>Pii</span> <span class='ocrx_word' id='word_1_594' title='bbox 2707 3348 3001 3421; x_wconf 82' lang='lat' dir='ltr'>pontificis</span> <span class='ocrx_word' id='word_1_595' title='bbox 3035 3348 3282 3404; x_wconf 83' lang='lat' dir='ltr'>Romani</span> <span class='ocrx_word' id='word_1_596' title='bbox 3305 3349 3577 3403; x_wconf 86' lang='lat' dir='ltr'>fratrem:</span> <span class='ocrx_word' id='word_1_597' title='bbox 3616 3346 3849 3402; x_wconf 87' lang='lat' dir='ltr'>tametsi</span> 
     </span>
    </p>
   </div>
   <div class='ocr_carea' id='block_1_81' title="bbox 2195 3437 3853 3509">
    <p class='ocr_par' dir='ltr' id='par_1_81' title="bbox 2195 3437 3853 3509">
     <span class='ocr_line' id='line_1_81' title="bbox 2195 3437 3853 3509; baseline -0.002 -16"><span class='ocrx_word' id='word_1_598' title='bbox 2195 3439 2267 3493; x_wconf 91' lang='lat' dir='ltr'>de</span> <span class='ocrx_word' id='word_1_599' title='bbox 2298 3438 2396 3493; x_wconf 94' lang='lat' dir='ltr'>illo</span> <span class='ocrx_word' id='word_1_600' title='bbox 2428 3455 2490 3493; x_wconf 92' lang='lat' dir='ltr'>se</span> <span class='ocrx_word' id='word_1_601' title='bbox 2511 3439 2764 3493; x_wconf 88' lang='lat' dir='ltr'>fateatur</span> <span class='ocrx_word' id='word_1_602' title='bbox 2793 3437 3109 3509; x_wconf 89' lang='lat' dir='ltr'>ambigere.</span> <span class='ocrx_word' id='word_1_603' title='bbox 3143 3437 3448 3508; x_wconf 91' lang='lat' dir='ltr'>Opinionis</span> <span class='ocrx_word' id='word_1_604' title='bbox 3496 3437 3677 3508; x_wconf 87' lang='lat' dir='ltr'>hujus</span> <span class='ocrx_word' id='word_1_605' title='bbox 3723 3437 3853 3491; x_wconf 86' lang='lat' dir='ltr'>fun-</span> 
     </span>
    </p>
   </div>
   <div class='ocr_carea' id='block_1_82' title="bbox 2197 3524 3850 3598">
    <p class='ocr_par' dir='ltr' id='par_1_82' title="bbox 2197 3524 3850 3598">
     <span class='ocr_line' id='line_1_82' title="bbox 2197 3524 3850 3598; baseline 0 -18"><span class='ocrx_word' id='word_1_606' title='bbox 2197 3527 2541 3582; x_wconf 90' lang='lat' dir='ltr'>damentum</span> <span class='ocrx_word' id='word_1_607' title='bbox 2579 3525 2795 3598; x_wconf 86' lang='lat' dir='ltr'>duplex</span> <span class='ocrx_word' id='word_1_608' title='bbox 2851 3524 3077 3597; x_wconf 89' lang='lat' dir='ltr'>putavit</span> <span class='ocrx_word' id='word_1_609' title='bbox 3138 3541 3299 3592; x_wconf 84' lang='lat' dir='ltr'>esse;</span> <span class='ocrx_word' id='word_1_610' title='bbox 3376 3525 3651 3593; x_wconf 88' lang='lat' dir='ltr'>alterum,</span> <span class='ocrx_word' id='word_1_611' title='bbox 3702 3525 3850 3596; x_wconf 90' lang='lat' dir='ltr'>quod</span> 
     </span>
    </p>
   </div>
   <div class='ocr_carea' id='block_1_83' title="bbox 2195 3614 3851 3686">
    <p class='ocr_par' dir='ltr' id='par_1_83' title="bbox 2195 3614 3851 3686">
     <span class='ocr_line' id='line_1_83' title="bbox 2195 3614 3851 3686; baseline -0.001 -16"><span class='ocrx_word' id='word_1_612' title='bbox 2195 3631 2367 3670; x_wconf 76' lang='lat' dir='ltr'>voces</span> <span class='ocrx_word' id='word_1_613' title='bbox 2396 3615 2640 3672; x_wconf 85' lang='lat' dir='ltr'>Hermas</span> <span class='ocrx_word' id='word_1_614' title='bbox 2661 3620 2717 3671; x_wconf 94' lang='lat' dir='ltr'>et</span> <span class='ocrx_word' id='word_1_615' title='bbox 2746 3615 2988 3671; x_wconf 90' lang='lat' dir='ltr'>Hermes</span> <span class='ocrx_word' id='word_1_616' title='bbox 3019 3631 3226 3686; x_wconf 91' lang='lat' dir='ltr'>parum</span> <span class='ocrx_word' id='word_1_617' title='bbox 3260 3615 3404 3670; x_wconf 88' lang='lat' dir='ltr'>adeo</span> <span class='ocrx_word' id='word_1_618' title='bbox 3436 3615 3671 3670; x_wconf 71' lang='lat' dir='ltr'>differre</span> <span class='ocrx_word' id='word_1_619' title='bbox 3699 3614 3851 3669; x_wconf 81' lang='lat' dir='ltr'>vide-</span> 
     </span>
    </p>
   </div>
   <div class='ocr_carea' id='block_1_84' title="bbox 2198 3703 3852 3776">
    <p class='ocr_par' dir='ltr' id='par_1_84' title="bbox 2198 3703 3852 3776">
     <span class='ocr_line' id='line_1_84' title="bbox 2198 3703 3852 3776; baseline -0.001 -17"><span class='ocrx_word' id='word_1_620' title='bbox 2198 3710 2419 3772; x_wconf 91' lang='lat' dir='ltr'>rentur,</span> <span class='ocrx_word' id='word_1_621' title='bbox 2483 3708 2546 3759; x_wconf 92' lang='lat' dir='ltr'>ut</span> <span class='ocrx_word' id='word_1_622' title='bbox 2605 3721 3031 3776; x_wconf 87' lang='lat' dir='ltr'>nonnunquam</span> <span class='ocrx_word' id='word_1_623' title='bbox 3091 3705 3276 3759; x_wconf 90' lang='lat' dir='ltr'>eidem</span> <span class='ocrx_word' id='word_1_624' title='bbox 3346 3703 3466 3758; x_wconf 91' lang='lat' dir='ltr'>viro</span> <span class='ocrx_word' id='word_1_625' title='bbox 3524 3703 3852 3776; x_wconf 87' lang='lat' dir='ltr'>legerentur</span> 
     </span>
    </p>
   </div>
   <div class='ocr_carea' id='block_1_85' title="bbox 2198 3791 3848 3864">
    <p class='ocr_par' dir='ltr' id='par_1_85' title="bbox 2198 3791 3848 3864">
     <span class='ocr_line' id='line_1_85' title="bbox 2198 3791 3848 3864; baseline -0.001 -18"><span class='ocrx_word' id='word_1_626' title='bbox 2198 3793 2522 3860; x_wconf 69' lang='lat' dir='ltr'>attributae;</span> <span class='ocrx_word' id='word_1_627' title='bbox 2567 3792 2815 3847; x_wconf 87' lang='lat' dir='ltr'>alterum</span> <span class='ocrx_word' id='word_1_628' title='bbox 2862 3809 3016 3862; x_wconf 92' lang='lat' dir='ltr'>vero,</span> <span class='ocrx_word' id='word_1_629' title='bbox 3069 3793 3224 3864; x_wconf 90' lang='lat' dir='ltr'>quod</span> <span class='ocrx_word' id='word_1_630' title='bbox 3273 3793 3423 3864; x_wconf 90' lang='lat' dir='ltr'>apud</span> <span class='ocrx_word' id='word_1_631' title='bbox 3475 3791 3848 3848; x_wconf 85' lang='lat' dir='ltr'>Anastasium</span> 
     </span>
    </p>
   </div>
   <div class='ocr_carea' id='block_1_86' title="bbox 2199 3880 3847 3953">
    <p class='ocr_par' dir='ltr' id='par_1_86' title="bbox 2199 3880 3847 3953">
     <span class='ocr_line' id='line_1_86' title="bbox 2199 3880 3847 3953; baseline 0 -17"><span class='ocrx_word' id='word_1_632' title='bbox 2199 3880 2714 3936; x_wconf 87' lang='lat' dir='ltr'>Bibliothecarium</span> <span class='ocrx_word' id='word_1_633' title='bbox 2747 3882 2858 3936; x_wconf 91' lang='lat' dir='ltr'>sub</span> <span class='ocrx_word' id='word_1_634' title='bbox 2890 3886 2946 3936; x_wconf 89' lang='lat' dir='ltr'>S.</span> <span class='ocrx_word' id='word_1_635' title='bbox 2982 3882 3079 3937; x_wconf 89' lang='lat' dir='ltr'>Pio</span> <span class='ocrx_word' id='word_1_636' title='bbox 3111 3882 3306 3953; x_wconf 86' lang='lat' dir='ltr'>papal</span> <span class='ocrx_word' id='word_1_637' title='bbox 3337 3883 3407 3936; x_wconf 91' lang='lat' dir='ltr'>de</span> <span class='ocrx_word' id='word_1_638' title='bbox 3439 3882 3735 3936; x_wconf 83' lang='lat' dir='ltr'>Hermette</span> <span class='ocrx_word' id='word_1_639' title='bbox 3766 3898 3847 3936; x_wconf 88' lang='lat' dir='ltr'>re-</span> 
     </span>
    </p>
   </div>
   <div class='ocr_carea' id='block_1_87' title="bbox 2199 3970 3845 4042">
    <p class='ocr_par' dir='ltr' id='par_1_87' title="bbox 2199 3970 3845 4042">
     <span class='ocr_line' id='line_1_87' title="bbox 2199 3970 3845 4042; baseline 0 -16"><span class='ocrx_word' id='word_1_640' title='bbox 2199 3971 2455 4026; x_wconf 84' lang='lat' dir='ltr'>feratur:</span> <span class='ocrx_word' id='word_1_641' title='bbox 2497 3993 2525 4020; x_wconf 86' lang='lat'><strong>«</strong></span> <span class='ocrx_word' id='word_1_642' title='bbox 2556 3971 2798 4026; x_wconf 89' lang='lat' dir='ltr'>Hermes</span> <span class='ocrx_word' id='word_1_643' title='bbox 2827 3970 3047 4026; x_wconf 90' lang='lat' dir='ltr'>librum</span> <span class='ocrx_word' id='word_1_644' title='bbox 3080 3971 3336 4042; x_wconf 89' lang='lat' dir='ltr'>scripsit,</span> <span class='ocrx_word' id='word_1_645' title='bbox 3373 3971 3431 4025; x_wconf 92' lang='lat' dir='ltr'>in</span> <span class='ocrx_word' id='word_1_646' title='bbox 3456 3987 3569 4042; x_wconf 92' lang='lat' dir='ltr'>quo</span> <span class='ocrx_word' id='word_1_647' title='bbox 3611 3973 3845 4026; x_wconf 87' lang='lat' dir='ltr'>manda-</span> 
     </span>
    </p>
   </div>
   <div class='ocr_carea' id='block_1_88' title="bbox 2203 4060 3844 4133">
    <p class='ocr_par' dir='ltr' id='par_1_88' title="bbox 2203 4060 3844 4133">
     <span class='ocr_line' id='line_1_88' title="bbox 2203 4060 3844 4133; baseline -0.001 -17"><span class='ocrx_word' id='word_1_648' title='bbox 2203 4064 2330 4116; x_wconf 89' lang='lat' dir='ltr'>tum</span> <span class='ocrx_word' id='word_1_649' title='bbox 2363 4060 2716 4126; x_wconf 90' lang='lat' dir='ltr'>continetur,</span> <span class='ocrx_word' id='word_1_650' title='bbox 2751 4061 2906 4130; x_wconf 92' lang='lat' dir='ltr'>quod</span> <span class='ocrx_word' id='word_1_651' title='bbox 2940 4060 2990 4115; x_wconf 92' lang='lat' dir='ltr'>ei</span> <span class='ocrx_word' id='word_1_652' title='bbox 3024 4060 3296 4132; x_wconf 69' lang='lat' dir='ltr'>praecepit</span> <span class='ocrx_word' id='word_1_653' title='bbox 3321 4060 3566 4133; x_wconf 88' lang='lat' dir='ltr'>angelus</span> <span class='ocrx_word' id='word_1_654' title='bbox 3595 4060 3844 4126; x_wconf 89' lang='lat' dir='ltr'>Domini,</span> 
     </span>
    </p>
   </div>
   <div class='ocr_carea' id='block_1_89' title="bbox 2203 4148 3844 4221">
    <p class='ocr_par' dir='ltr' id='par_1_89' title="bbox 2203 4148 3844 4221">
     <span class='ocr_line' id='line_1_89' title="bbox 2203 4148 3844 4221; baseline -0.001 -17"><span class='ocrx_word' id='word_1_655' title='bbox 2203 4166 2336 4204; x_wconf 90' lang='lat' dir='ltr'>cum</span> <span class='ocrx_word' id='word_1_656' title='bbox 2367 4148 2588 4203; x_wconf 89' lang='lat' dir='ltr'>veniret</span> <span class='ocrx_word' id='word_1_657' title='bbox 2618 4149 2687 4203; x_wconf 90' lang='lat' dir='ltr'>ad</span> <span class='ocrx_word' id='word_1_658' title='bbox 2723 4165 2858 4204; x_wconf 91' lang='lat' dir='ltr'>eum</span> <span class='ocrx_word' id='word_1_659' title='bbox 2891 4149 2950 4203; x_wconf 93' lang='lat' dir='ltr'>in</span> <span class='ocrx_word' id='word_1_660' title='bbox 2983 4148 3186 4204; x_wconf 88' lang='lat' dir='ltr'>habitu</span> <span class='ocrx_word' id='word_1_661' title='bbox 3206 4149 3482 4220; x_wconf 90' lang='lat' dir='ltr'>pastoris,</span> <span class='ocrx_word' id='word_1_662' title='bbox 3504 4154 3561 4204; x_wconf 89' lang='lat' dir='ltr'>et</span> <span class='ocrx_word' id='word_1_663' title='bbox 3577 4150 3844 4221; x_wconf 68' lang='lat' dir='ltr'>princepit</span> 
     </span>
    </p>
   </div>
   <div class='ocr_carea' id='block_1_90' title="bbox 2202 4237 3849 4304">
    <p class='ocr_par' dir='ltr' id='par_1_90' title="bbox 2202 4237 3849 4304">
     <span class='ocr_line' id='line_1_90' title="bbox 2202 4237 3849 4304; baseline 0 -12"><span class='ocrx_word' id='word_1_664' title='bbox 2202 4238 2274 4304; x_wconf 92' lang='lat' dir='ltr'>ei,</span> <span class='ocrx_word' id='word_1_665' title='bbox 2309 4242 2374 4292; x_wconf 92' lang='lat' dir='ltr'>ut</span> <span class='ocrx_word' id='word_1_666' title='bbox 2402 4242 2671 4292; x_wconf 88' lang='lat' dir='ltr'>sanctum</span> <span class='ocrx_word' id='word_1_667' title='bbox 2694 4238 2918 4294; x_wconf 91' lang='lat' dir='ltr'>Pascha</span> <span class='ocrx_word' id='word_1_668' title='bbox 2943 4238 3038 4292; x_wconf 91' lang='lat' dir='ltr'>die</span> <span class='ocrx_word' id='word_1_669' title='bbox 3056 4237 3360 4293; x_wconf 89' lang='lat' dir='ltr'>Dominico</span> <span class='ocrx_word' id='word_1_670' title='bbox 3386 4239 3802 4294; x_wconf 90' lang='lat' dir='ltr'>celebraretur.</span> <span class='ocrx_word' id='word_1_671' title='bbox 3827 4260 3849 4286; x_wconf 76' lang='grc' dir='ltr'>»ι</span> 
     </span>
    </p>
   </div>
   <div class='ocr_carea' id='block_1_91' title="bbox 2200 4326 3850 4399">
    <p class='ocr_par' dir='ltr' id='par_1_91' title="bbox 2200 4326 3850 4399">
     <span class='ocr_line' id='line_1_91' title="bbox 2200 4326 3850 4399; baseline 0.002 -20"><span class='ocrx_word' id='word_1_672' title='bbox 2200 4326 2532 4381; x_wconf 90' lang='lat' dir='ltr'>Similitudo</span> <span class='ocrx_word' id='word_1_673' title='bbox 2563 4326 2842 4393; x_wconf 90' lang='lat' dir='ltr'>nominis,</span> <span class='ocrx_word' id='word_1_674' title='bbox 2865 4332 2921 4382; x_wconf 91' lang='lat' dir='ltr'>et</span> <span class='ocrx_word' id='word_1_675' title='bbox 2940 4327 3228 4398; x_wconf 89' lang='lat' dir='ltr'>apparitio</span> <span class='ocrx_word' id='word_1_676' title='bbox 3257 4327 3470 4399; x_wconf 84' lang='lat' dir='ltr'>angeli,</span> <span class='ocrx_word' id='word_1_677' title='bbox 3497 4327 3608 4382; x_wconf 90' lang='lat' dir='ltr'>sub</span> <span class='ocrx_word' id='word_1_678' title='bbox 3646 4327 3850 4383; x_wconf 85' lang='lat' dir='ltr'>habitu</span> 
     </span>
    </p>
   </div>
   <div class='ocr_carea' id='block_1_92' title="bbox 2204 4415 3845 4486">
    <p class='ocr_par' dir='ltr' id='par_1_92' title="bbox 2204 4415 3845 4486">
     <span class='ocr_line' id='line_1_92' title="bbox 2204 4415 3845 4486; baseline 0.001 -17"><span class='ocrx_word' id='word_1_679' title='bbox 2204 4415 2506 4486; x_wconf 88' lang='lat' dir='ltr'>pastoritio</span> <span class='ocrx_word' id='word_1_680' title='bbox 2537 4415 2752 4470; x_wconf 91' lang='lat' dir='ltr'>librum</span> <span class='ocrx_word' id='word_1_681' title='bbox 2786 4416 3086 4485; x_wconf 88' lang='lat' dir='ltr'>dictantis,</span> <span class='ocrx_word' id='word_1_682' title='bbox 3116 4417 3390 4471; x_wconf 90' lang='lat' dir='ltr'>eumdem</span> <span class='ocrx_word' id='word_1_683' title='bbox 3450 4416 3699 4472; x_wconf 90' lang='lat' dir='ltr'>Baronio</span> <span class='ocrx_word' id='word_1_684' title='bbox 3729 4417 3845 4472; x_wconf 82' lang='lat' dir='ltr'>visa</span> 
     </span>
    </p>
   </div>
   <div class='ocr_carea' id='block_1_93' title="bbox 2205 4505 3846 4577">
    <p class='ocr_par' dir='ltr' id='par_1_93' title="bbox 2205 4505 3846 4577">
     <span class='ocr_line' id='line_1_93' title="bbox 2205 4505 3846 4577; baseline 0.002 -19"><span class='ocrx_word' id='word_1_685' title='bbox 2205 4510 2345 4559; x_wconf 88' lang='lat' dir='ltr'>sunt</span> <span class='ocrx_word' id='word_1_686' title='bbox 2389 4505 2734 4576; x_wconf 89' lang='lat' dir='ltr'>scriptorem</span> <span class='ocrx_word' id='word_1_687' title='bbox 2782 4521 3025 4577; x_wconf 89' lang='lat' dir='ltr'>arguere</span> <span class='ocrx_word' id='word_1_688' title='bbox 3071 4505 3345 4560; x_wconf 86' lang='lat' dir='ltr'>Hermam</span> <span class='ocrx_word' id='word_1_689' title='bbox 3394 4510 3451 4561; x_wconf 89' lang='lat' dir='ltr'>et</span> <span class='ocrx_word' id='word_1_690' title='bbox 3506 4507 3846 4576; x_wconf 83' lang='lat' dir='ltr'>Hermetem,</span> 
     </span>
    </p>
   </div>
   <div class='ocr_carea' id='block_1_94' title="bbox 442 4591 3850 4671">
    <p class='ocr_par' dir='ltr' id='par_1_94' title="bbox 442 4591 3850 4671">
     <span class='ocr_line' id='line_1_94' title="bbox 442 4591 3850 4671; baseline 0.001 -26"><span class='ocrx_word' id='word_1_691' title='bbox 442 4591 574 4646; x_wconf 90' lang='lat' dir='ltr'>stoli</span> <span class='ocrx_word' id='word_1_692' title='bbox 623 4593 931 4664; x_wconf 86' lang='lat' dir='ltr'>discipulo,</span> <span class='ocrx_word' id='word_1_693' title='bbox 989 4599 1044 4648; x_wconf 87' lang='lat' dir='ltr'>et</span> <span class='ocrx_word' id='word_1_694' title='bbox 1090 4593 1291 4664; x_wconf 90' lang='lat' dir='ltr'>libelli,</span> <span class='ocrx_word' id='word_1_695' title='bbox 1346 4598 1444 4666; x_wconf 86' lang='lat' dir='ltr'>qui</span> <span class='ocrx_word' id='word_1_696' title='bbox 1497 4601 1692 4652; x_wconf 80' lang='lat' dir='ltr'>Pastor</span> <span class='ocrx_word' id='word_1_697' title='bbox 1743 4596 2091 4668; x_wconf 88' lang='lat' dir='ltr'>appellatur,</span> <span class='ocrx_word' id='word_1_698' title='bbox 2126 4609 2171 4671; x_wconf 83' lang='lat' dir='ltr'><strong>D</strong></span> <span class='ocrx_word' id='word_1_699' title='bbox 2204 4599 2379 4665; x_wconf 89' lang='lat' dir='ltr'>atque</span> <span class='ocrx_word' id='word_1_700' title='bbox 2411 4595 2552 4648; x_wconf 85' lang='lat' dir='ltr'>adeo</span> <span class='ocrx_word' id='word_1_701' title='bbox 2580 4599 2636 4648; x_wconf 91' lang='lat' dir='ltr'>et</span> <span class='ocrx_word' id='word_1_702' title='bbox 2668 4595 2987 4661; x_wconf 90' lang='lat' dir='ltr'>Pastorem,</span> <span class='ocrx_word' id='word_1_703' title='bbox 3037 4611 3212 4666; x_wconf 91' lang='lat' dir='ltr'>quem</span> <span class='ocrx_word' id='word_1_704' title='bbox 3272 4611 3407 4649; x_wconf 89' lang='lat' dir='ltr'>cum</span> <span class='ocrx_word' id='word_1_705' title='bbox 3456 4595 3676 4651; x_wconf 87' lang='lat' dir='ltr'>Herma</span> <span class='ocrx_word' id='word_1_706' title='bbox 3723 4612 3850 4651; x_wconf 88' lang='lat' dir='ltr'>con-</span> 
     </span>
    </p>
   </div>
   <div class='ocr_carea' id='block_1_95' title="bbox 443 4682 2089 4757">
    <p class='ocr_par' dir='ltr' id='par_1_95' title="bbox 443 4682 2089 4757">
     <span class='ocr_line' id='line_1_95' title="bbox 443 4682 2089 4757; baseline 0.002 -21"><span class='ocrx_word' id='word_1_707' title='bbox 443 4687 696 4736; x_wconf 90' lang='lat' dir='ltr'>auctore.</span> <span class='ocrx_word' id='word_1_708' title='bbox 735 4682 990 4754; x_wconf 88' lang='lat' dir='ltr'>Denique</span> <span class='ocrx_word' id='word_1_709' title='bbox 1025 4700 1138 4738; x_wconf 92' lang='lat' dir='ltr'>non</span> <span class='ocrx_word' id='word_1_710' title='bbox 1187 4685 1417 4739; x_wconf 88' lang='lat' dir='ltr'>videtur</span> <span class='ocrx_word' id='word_1_711' title='bbox 1462 4686 1574 4757; x_wconf 90' lang='lat' dir='ltr'>ipsi</span> <span class='ocrx_word' id='word_1_712' title='bbox 1629 4687 1848 4741; x_wconf 63' lang='lat' dir='ltr'>Hermae</span> <span class='ocrx_word' id='word_1_713' title='bbox 1876 4702 2089 4741; x_wconf 90' lang='lat' dir='ltr'>nomen</span> 
     </span>
    </p>
   </div>
   <div class='ocr_carea' id='block_1_96' title="bbox 444 4772 2088 4846">
    <p class='ocr_par' dir='ltr' id='par_1_96' title="bbox 444 4772 2088 4846">
     <span class='ocr_line' id='line_1_96' title="bbox 444 4772 2088 4846; baseline 0.002 -21"><span class='ocrx_word' id='word_1_714' title='bbox 444 4772 700 4826; x_wconf 87' lang='lat' dir='ltr'>Pastoris</span> <span class='ocrx_word' id='word_1_715' title='bbox 734 4772 914 4827; x_wconf 87' lang='lat' dir='ltr'>fuisse</span> <span class='ocrx_word' id='word_1_716' title='bbox 948 4774 1271 4844; x_wconf 85' lang='lat' dir='ltr'>proprium,</span> <span class='ocrx_word' id='word_1_717' title='bbox 1306 4774 1405 4828; x_wconf 91' lang='lat' dir='ltr'>sed</span> <span class='ocrx_word' id='word_1_718' title='bbox 1457 4774 1604 4829; x_wconf 92' lang='lat' dir='ltr'>libro</span> <span class='ocrx_word' id='word_1_719' title='bbox 1638 4777 1785 4846; x_wconf 90' lang='lat' dir='ltr'>ejus,</span> <span class='ocrx_word' id='word_1_720' title='bbox 1821 4779 1885 4829; x_wconf 89' lang='lat' dir='ltr'>ut</span> <span class='ocrx_word' id='word_1_721' title='bbox 1917 4775 2088 4830; x_wconf 91' lang='lat' dir='ltr'>modo</span> 
     </span>
    </p>
   </div>
   <div class='ocr_carea' id='block_1_97' title="bbox 441 4861 2089 4934">
    <p class='ocr_par' dir='ltr' id='par_1_97' title="bbox 441 4861 2089 4934">
     <span class='ocr_line' id='line_1_97' title="bbox 441 4861 2089 4934; baseline 0.002 -20"><span class='ocrx_word' id='word_1_722' title='bbox 441 4861 702 4915; x_wconf 88' lang='lat' dir='ltr'>dicemus</span> <span class='ocrx_word' id='word_1_723' title='bbox 729 4879 740 4914; x_wconf 88' lang='lat'>:</span> <span class='ocrx_word' id='word_1_724' title='bbox 777 4862 864 4915; x_wconf 88' lang='lat' dir='ltr'>fac</span> <span class='ocrx_word' id='word_1_725' title='bbox 896 4865 1114 4928; x_wconf 88' lang='lat' dir='ltr'>tamen,</span> <span class='ocrx_word' id='word_1_726' title='bbox 1141 4877 1208 4916; x_wconf 85' lang='lat' dir='ltr'>ex</span> <span class='ocrx_word' id='word_1_727' title='bbox 1233 4861 1379 4916; x_wconf 91' lang='lat' dir='ltr'>libro</span> <span class='ocrx_word' id='word_1_728' title='bbox 1403 4867 1856 4934; x_wconf 90' lang='lat' dir='ltr'>cognomentum</span> <span class='ocrx_word' id='word_1_729' title='bbox 1890 4864 2089 4918; x_wconf 83' lang='lat' dir='ltr'>Pasto-</span> 
     </span>
    </p>
   </div>
   <div class='ocr_carea' id='block_1_98' title="bbox 441 4948 2092 5021">
    <p class='ocr_par' dir='ltr' id='par_1_98' title="bbox 441 4948 2092 5021">
     <span class='ocr_line' id='line_1_98' title="bbox 441 4948 2092 5021; baseline 0.001 -19"><span class='ocrx_word' id='word_1_730' title='bbox 441 4949 519 5002; x_wconf 85' lang='lat' dir='ltr'>ris</span> <span class='ocrx_word' id='word_1_731' title='bbox 553 4948 867 5004; x_wconf 80' lang='lat' dir='ltr'>adhaesisse</span> <span class='ocrx_word' id='word_1_732' title='bbox 899 4948 1204 5020; x_wconf 84' lang='lat' dir='ltr'>scriptori;</span> <span class='ocrx_word' id='word_1_733' title='bbox 1256 4967 1327 5004; x_wconf 90' lang='lat' dir='ltr'>an</span> <span class='ocrx_word' id='word_1_734' title='bbox 1379 4951 1533 5004; x_wconf 91' lang='lat' dir='ltr'>credi</span> <span class='ocrx_word' id='word_1_735' title='bbox 1587 4952 1822 5005; x_wconf 89' lang='lat' dir='ltr'>tandem</span> <span class='ocrx_word' id='word_1_736' title='bbox 1879 4949 2092 5021; x_wconf 89' lang='lat' dir='ltr'>poterit</span> 
     </span>
    </p>
   </div>
   <div class='ocr_carea' id='block_1_99' title="bbox 439 5038 2091 5111">
    <p class='ocr_par' dir='ltr' id='par_1_99' title="bbox 439 5038 2091 5111">
     <span class='ocr_line' id='line_1_99' title="bbox 439 5038 2091 5111; baseline 0.001 -20"><span class='ocrx_word' id='word_1_737' title='bbox 439 5038 592 5093; x_wconf 88' lang='lat' dir='ltr'>idem</span> <span class='ocrx_word' id='word_1_738' title='bbox 621 5038 829 5093; x_wconf 87' lang='lat' dir='ltr'>deinde</span> <span class='ocrx_word' id='word_1_739' title='bbox 862 5043 1067 5093; x_wconf 86' lang='lat' dir='ltr'>auctor</span> <span class='ocrx_word' id='word_1_740' title='bbox 1088 5042 1391 5110; x_wconf 90' lang='lat' dir='ltr'>tantopere</span> <span class='ocrx_word' id='word_1_741' title='bbox 1416 5039 1671 5095; x_wconf 90' lang='lat' dir='ltr'>Pastoris</span> <span class='ocrx_word' id='word_1_742' title='bbox 1703 5044 2091 5111; x_wconf 85' lang='lat' dir='ltr'>cognomento</span> 
     </span>
    </p>
   </div>
   <div class='ocr_carea' id='block_1_100' title="bbox 441 5126 2095 5199">
    <p class='ocr_par' dir='ltr' id='par_1_100' title="bbox 441 5126 2095 5199">
     <span class='ocr_line' id='line_1_100' title="bbox 441 5126 2095 5199; baseline -0.001 -17"><span class='ocrx_word' id='word_1_743' title='bbox 441 5126 763 5183; x_wconf 87' lang='lat' dir='ltr'>delactatus</span> <span class='ocrx_word' id='word_1_744' title='bbox 795 5128 996 5193; x_wconf 82' lang='lat' dir='ltr'>fuisse,</span> <span class='ocrx_word' id='word_1_745' title='bbox 1035 5132 1099 5181; x_wconf 92' lang='lat' dir='ltr'>ut</span> <span class='ocrx_word' id='word_1_746' title='bbox 1129 5129 1431 5199; x_wconf 85' lang='lat' dir='ltr'>prOprium</span> <span class='ocrx_word' id='word_1_747' title='bbox 1473 5129 1719 5196; x_wconf 68' lang='lat' dir='ltr'>Hermae,</span> <span class='ocrx_word' id='word_1_748' title='bbox 1751 5128 1906 5199; x_wconf 92' lang='lat' dir='ltr'>quod</span> <span class='ocrx_word' id='word_1_749' title='bbox 1942 5131 2095 5181; x_wconf 84' lang='lat' dir='ltr'>esset</span> 
     </span>
    </p>
   </div>
   <div class='ocr_carea' id='block_1_101' title="bbox 442 5214 2094 5287">
    <p class='ocr_par' dir='ltr' id='par_1_101' title="bbox 442 5214 2094 5287">
     <span class='ocr_line' id='line_1_101' title="bbox 442 5214 2094 5287; baseline -0.001 -17"><span class='ocrx_word' id='word_1_750' title='bbox 442 5218 514 5270; x_wconf 89' lang='lat' dir='ltr'>ab</span> <span class='ocrx_word' id='word_1_751' title='bbox 543 5216 816 5287; x_wconf 89' lang='lat' dir='ltr'>Apostolo</span> <span class='ocrx_word' id='word_1_752' title='bbox 849 5221 1279 5282; x_wconf 89' lang='lat' dir='ltr'>consecratum,</span> <span class='ocrx_word' id='word_1_753' title='bbox 1343 5216 1668 5287; x_wconf 86' lang='lat' dir='ltr'>abjiceret?</span> <span class='ocrx_word' id='word_1_754' title='bbox 1715 5216 1923 5271; x_wconf 88' lang='lat' dir='ltr'>Valere</span> <span class='ocrx_word' id='word_1_755' title='bbox 1973 5214 2094 5270; x_wconf 70' lang='lat' dir='ltr'>haec</span> 
     </span>
    </p>
   </div>
   <div class='ocr_carea' id='block_1_102' title="bbox 445 5304 2094 5377">
    <p class='ocr_par' dir='ltr' id='par_1_102' title="bbox 445 5304 2094 5377">
     <span class='ocr_line' id='line_1_102' title="bbox 445 5304 2094 5377; baseline 0 -19"><span class='ocrx_word' id='word_1_756' title='bbox 445 5305 593 5359; x_wconf 90' lang='lat' dir='ltr'>ratio</span> <span class='ocrx_word' id='word_1_757' title='bbox 624 5306 815 5373; x_wconf 89' lang='lat' dir='ltr'>debet,</span> <span class='ocrx_word' id='word_1_758' title='bbox 843 5306 998 5377; x_wconf 89' lang='lat' dir='ltr'>apud</span> <span class='ocrx_word' id='word_1_759' title='bbox 1025 5305 1354 5359; x_wconf 89' lang='lat' dir='ltr'>Baromium</span> <span class='ocrx_word' id='word_1_760' title='bbox 1379 5305 1636 5376; x_wconf 91' lang='lat' dir='ltr'>quidem,</span> <span class='ocrx_word' id='word_1_761' title='bbox 1663 5305 1762 5377; x_wconf 91' lang='lat' dir='ltr'>qui</span> <span class='ocrx_word' id='word_1_762' title='bbox 1787 5304 2094 5376; x_wconf 89' lang='lat' dir='ltr'>epistolam</span> 
     </span>
    </p>
   </div>
   <div class='ocr_carea' id='block_1_103' title="bbox 447 5392 2097 5465">
    <p class='ocr_par' dir='ltr' id='par_1_103' title="bbox 447 5392 2097 5465">
     <span class='ocr_line' id='line_1_103' title="bbox 447 5392 2097 5465; baseline 0.002 -20"><span class='ocrx_word' id='word_1_763' title='bbox 447 5395 673 5464; x_wconf 87' lang='lat' dir='ltr'>probat,</span> <span class='ocrx_word' id='word_1_764' title='bbox 709 5395 1055 5465; x_wconf 85' lang='lat' dir='ltr'>exhibetque</span> <span class='ocrx_word' id='word_1_765' title='bbox 1104 5394 1175 5448; x_wconf 86' lang='lat' dir='ltr'>ad</span> <span class='ocrx_word' id='word_1_766' title='bbox 1217 5411 1439 5449; x_wconf 87' lang='lat' dir='ltr'>annum</span> <span class='ocrx_word' id='word_1_767' title='bbox 1487 5396 1608 5461; x_wconf 85' lang='lat'>162,</span> <span class='ocrx_word' id='word_1_768' title='bbox 1663 5394 1786 5450; x_wconf 91' lang='lat' dir='ltr'>solo</span> <span class='ocrx_word' id='word_1_769' title='bbox 1836 5392 2097 5449; x_wconf 88' lang='lat' dir='ltr'>Pastoris</span> 
     </span>
    </p>
   </div>
   <div class='ocr_carea' id='block_1_104' title="bbox 450 5483 1079 5554">
    <p class='ocr_par' dir='ltr' id='par_1_104' title="bbox 450 5483 1079 5554">
     <span class='ocr_line' id='line_1_104' title="bbox 450 5483 1079 5554; baseline 0.003 -18"><span class='ocrx_word' id='word_1_770' title='bbox 450 5483 686 5537; x_wconf 90' lang='lat' dir='ltr'>nomine</span> <span class='ocrx_word' id='word_1_771' title='bbox 716 5483 1079 5554; x_wconf 89' lang='lat' dir='ltr'>inscriptam.</span> 
     </span>
    </p>
   </div>
   <div class='ocr_carea' id='block_1_105' title="bbox 526 5571 2097 5642">
    <p class='ocr_par' dir='ltr' id='par_1_105' title="bbox 526 5571 2097 5642">
     <span class='ocr_line' id='line_1_105' title="bbox 526 5571 2097 5642; baseline 0.004 -21"><span class='ocrx_word' id='word_1_772' title='bbox 526 5573 580 5622; x_wconf 82' lang='lat'>7.</span> <span class='ocrx_word' id='word_1_773' title='bbox 613 5571 807 5625; x_wconf 89' lang='lat' dir='ltr'>Alium</span> <span class='ocrx_word' id='word_1_774' title='bbox 842 5588 977 5642; x_wconf 89' lang='lat' dir='ltr'>ergo</span> <span class='ocrx_word' id='word_1_775' title='bbox 1007 5574 1060 5626; x_wconf 94' lang='lat' dir='ltr'>S.</span> <span class='ocrx_word' id='word_1_776' title='bbox 1123 5576 1441 5642; x_wconf 86' lang='lat' dir='ltr'>Pastorem,</span> <span class='ocrx_word' id='word_1_777' title='bbox 1485 5573 1664 5628; x_wconf 88' lang='lat' dir='ltr'>alium</span> <span class='ocrx_word' id='word_1_778' title='bbox 1705 5578 1760 5628; x_wconf 84' lang='lat' dir='ltr'>S.</span> <span class='ocrx_word' id='word_1_779' title='bbox 1824 5573 2097 5627; x_wconf 89' lang='lat' dir='ltr'>Hermam</span> 
     </span>
    </p>
   </div>
   <div class='ocr_carea' id='block_1_106' title="bbox 459 5660 2100 5730">
    <p class='ocr_par' dir='ltr' id='par_1_106' title="bbox 459 5660 2100 5730">
     <span class='ocr_line' id='line_1_106' title="bbox 459 5660 2100 5730; baseline 0.002 -16"><span class='ocrx_word' id='word_1_780' title='bbox 459 5662 635 5715; x_wconf 89' lang='lat' dir='ltr'>fuisse</span> <span class='ocrx_word' id='word_1_781' title='bbox 667 5676 995 5728; x_wconf 84' lang='lat' dir='ltr'>censemus,</span> <span class='ocrx_word' id='word_1_782' title='bbox 1021 5666 1075 5715; x_wconf 87' lang='lat' dir='ltr'>et</span> <span class='ocrx_word' id='word_1_783' title='bbox 1096 5660 1252 5716; x_wconf 90' lang='lat' dir='ltr'>hunc</span> <span class='ocrx_word' id='word_1_784' title='bbox 1278 5662 1372 5716; x_wconf 92' lang='lat' dir='ltr'>illo</span> <span class='ocrx_word' id='word_1_785' title='bbox 1402 5663 1690 5718; x_wconf 87' lang='lat' dir='ltr'>seniorem</span> <span class='ocrx_word' id='word_1_786' title='bbox 1719 5681 1730 5730; x_wconf 95' lang='lat'>;</span> <span class='ocrx_word' id='word_1_787' title='bbox 1758 5662 2100 5718; x_wconf 89' lang='lat' dir='ltr'>tollendam-</span> 
     </span>
    </p>
   </div>
   <div class='ocr_carea' id='block_1_107' title="bbox 2203 4682 3850 4755">
    <p class='ocr_par' dir='ltr' id='par_1_107' title="bbox 2203 4682 3850 4755">
     <span class='ocr_line' id='line_1_107' title="bbox 2203 4682 3850 4755; baseline 0.002 -19"><span class='ocrx_word' id='word_1_788' title='bbox 2203 4682 2417 4738; x_wconf 89' lang='lat' dir='ltr'>fundit.</span> <span class='ocrx_word' id='word_1_789' title='bbox 2449 4683 2700 4737; x_wconf 88' lang='lat' dir='ltr'>Tantum</span> <span class='ocrx_word' id='word_1_790' title='bbox 2725 4683 2780 4737; x_wconf 93' lang='lat' dir='ltr'>in</span> <span class='ocrx_word' id='word_1_791' title='bbox 2805 4700 2870 4738; x_wconf 91' lang='lat' dir='ltr'>eo</span> <span class='ocrx_word' id='word_1_792' title='bbox 2889 4683 3075 4749; x_wconf 73' lang='lat' dir='ltr'>haesit,</span> <span class='ocrx_word' id='word_1_793' title='bbox 3099 4685 3255 4755; x_wconf 90' lang='lat' dir='ltr'>quod</span> <span class='ocrx_word' id='word_1_794' title='bbox 3279 4683 3339 4738; x_wconf 92' lang='lat' dir='ltr'>in</span> <span class='ocrx_word' id='word_1_795' title='bbox 3360 4685 3586 4740; x_wconf 66' lang='lat' dir='ltr'>Hermae</span> <span class='ocrx_word' id='word_1_796' title='bbox 3623 4684 3850 4740; x_wconf 88' lang='lat' dir='ltr'>Pastore</span> 
     </span>
    </p>
   </div>
   <div class='ocr_carea' id='block_1_108' title="bbox 2201 4771 3842 4843">
    <p class='ocr_par' dir='ltr' id='par_1_108' title="bbox 2201 4771 3842 4843">
     <span class='ocr_line' id='line_1_108' title="bbox 2201 4771 3842 4843; baseline 0.002 -17"><span class='ocrx_word' id='word_1_797' title='bbox 2201 4788 2314 4826; x_wconf 90' lang='lat' dir='ltr'>non</span> <span class='ocrx_word' id='word_1_798' title='bbox 2349 4776 2560 4843; x_wconf 88' lang='lat' dir='ltr'>agatur</span> <span class='ocrx_word' id='word_1_799' title='bbox 2591 4772 2659 4825; x_wconf 90' lang='lat' dir='ltr'>de</span> <span class='ocrx_word' id='word_1_800' title='bbox 2694 4771 2918 4826; x_wconf 88' lang='lat' dir='ltr'>Pascha</span> <span class='ocrx_word' id='word_1_801' title='bbox 2975 4772 3068 4826; x_wconf 90' lang='lat' dir='ltr'>die</span> <span class='ocrx_word' id='word_1_802' title='bbox 3120 4773 3421 4828; x_wconf 90' lang='lat' dir='ltr'>Dominica</span> <span class='ocrx_word' id='word_1_803' title='bbox 3464 4773 3842 4838; x_wconf 87' lang='lat' dir='ltr'>celebrando;</span> 
     </span>
    </p>
   </div>
   <div class='ocr_carea' id='block_1_109' title="bbox 2199 4859 3844 4935">
    <p class='ocr_par' dir='ltr' id='par_1_109' title="bbox 2199 4859 3844 4935">
     <span class='ocr_line' id='line_1_109' title="bbox 2199 4859 3844 4935; baseline 0.002 -21"><span class='ocrx_word' id='word_1_804' title='bbox 2199 4865 2350 4926; x_wconf 90' lang='lat' dir='ltr'>tum,</span> <span class='ocrx_word' id='word_1_805' title='bbox 2386 4861 2539 4932; x_wconf 92' lang='lat' dir='ltr'>quod</span> <span class='ocrx_word' id='word_1_806' title='bbox 2572 4861 2827 4931; x_wconf 89' lang='lat' dir='ltr'>scriptus</span> <span class='ocrx_word' id='word_1_807' title='bbox 2859 4859 2909 4914; x_wconf 91' lang='lat' dir='ltr'>is</span> <span class='ocrx_word' id='word_1_808' title='bbox 2938 4860 3112 4915; x_wconf 88' lang='lat' dir='ltr'>fuerit</span> <span class='ocrx_word' id='word_1_809' title='bbox 3141 4862 3368 4916; x_wconf 92' lang='lat' dir='ltr'>dudum</span> <span class='ocrx_word' id='word_1_810' title='bbox 3400 4872 3533 4917; x_wconf 89' lang='lat' dir='ltr'>ante</span> <span class='ocrx_word' id='word_1_811' title='bbox 3585 4868 3844 4935; x_wconf 88' lang='lat' dir='ltr'>tempora</span> 
     </span>
    </p>
   </div>
   <div class='ocr_carea' id='block_1_110' title="bbox 2201 4949 3847 5020">
    <p class='ocr_par' dir='ltr' id='par_1_110' title="bbox 2201 4949 3847 5020">
     <span class='ocr_line' id='line_1_110' title="bbox 2201 4949 3847 5020; baseline 0.003 -18"><span class='ocrx_word' id='word_1_812' title='bbox 2201 4949 2286 5002; x_wconf 89' lang='lat' dir='ltr'>Pii</span> <span class='ocrx_word' id='word_1_813' title='bbox 2319 4966 2499 5020; x_wconf 74' lang='lat' dir='ltr'>papre.</span> <span class='ocrx_word' id='word_1_814' title='bbox 2536 4949 2735 5020; x_wconf 89' lang='lat' dir='ltr'>Itaque</span> <span class='ocrx_word' id='word_1_815' title='bbox 2767 4965 2832 5004; x_wconf 90' lang='lat' dir='ltr'>eo</span> <span class='ocrx_word' id='word_1_816' title='bbox 2856 4951 3091 5006; x_wconf 89' lang='lat' dir='ltr'>tandem</span> <span class='ocrx_word' id='word_1_817' title='bbox 3123 4950 3446 5019; x_wconf 87' lang='lat' dir='ltr'>delabitur;</span> <span class='ocrx_word' id='word_1_818' title='bbox 3500 4975 3525 5000; x_wconf 85' lang='lat'><strong>«</strong></span> <span class='ocrx_word' id='word_1_819' title='bbox 3562 4957 3628 5006; x_wconf 90' lang='lat' dir='ltr'>ut</span> <span class='ocrx_word' id='word_1_820' title='bbox 3659 4953 3847 5008; x_wconf 85' lang='lat' dir='ltr'>dicere</span> 
     </span>
    </p>
   </div>
   <div class='ocr_carea' id='block_1_111' title="bbox 2202 5037 3843 5112">
    <p class='ocr_par' dir='ltr' id='par_1_111' title="bbox 2202 5037 3843 5112">
     <span class='ocr_line' id='line_1_111' title="bbox 2202 5037 3843 5112; baseline 0.003 -20"><span class='ocrx_word' id='word_1_821' title='bbox 2202 5054 2439 5093; x_wconf 88' lang='lat' dir='ltr'>necesse</span> <span class='ocrx_word' id='word_1_822' title='bbox 2469 5038 2545 5093; x_wconf 88' lang='lat' dir='ltr'>sit</span> <span class='ocrx_word' id='word_1_823' title='bbox 2569 5038 2645 5108; x_wconf 89' lang='lat' dir='ltr'>(si</span> <span class='ocrx_word' id='word_1_824' title='bbox 2683 5037 2934 5094; x_wconf 89' lang='lat' dir='ltr'>velimus</span> <span class='ocrx_word' id='word_1_825' title='bbox 2965 5057 3149 5094; x_wconf 91' lang='lat' dir='ltr'>unum</span> <span class='ocrx_word' id='word_1_826' title='bbox 3174 5041 3569 5112; x_wconf 78' lang='lat' dir='ltr'>eumdemque</span> <span class='ocrx_word' id='word_1_827' title='bbox 3591 5058 3718 5097; x_wconf 87' lang='lat' dir='ltr'>esse</span> <span class='ocrx_word' id='word_1_828' title='bbox 3749 5059 3843 5097; x_wconf 87' lang='lat' dir='ltr'>au-</span> 
     </span>
    </p>
   </div>
   <div class='ocr_carea' id='block_1_112' title="bbox 2203 5128 3846 5201">
    <p class='ocr_par' dir='ltr' id='par_1_112' title="bbox 2203 5128 3846 5201">
     <span class='ocr_line' id='line_1_112' title="bbox 2203 5128 3846 5201; baseline 0.002 -19"><span class='ocrx_word' id='word_1_829' title='bbox 2203 5128 2446 5198; x_wconf 86' lang='lat' dir='ltr'>ctorem)</span> <span class='ocrx_word' id='word_1_830' title='bbox 2475 5128 2736 5182; x_wconf 87' lang='lat' dir='ltr'>diversos</span> <span class='ocrx_word' id='word_1_831' title='bbox 2770 5128 2874 5182; x_wconf 92' lang='lat' dir='ltr'>hos</span> <span class='ocrx_word' id='word_1_832' title='bbox 2897 5128 3049 5183; x_wconf 89' lang='lat' dir='ltr'>inter</span> <span class='ocrx_word' id='word_1_833' title='bbox 3079 5145 3138 5183; x_wconf 91' lang='lat' dir='ltr'>se</span> <span class='ocrx_word' id='word_1_834' title='bbox 3163 5128 3343 5184; x_wconf 86' lang='lat' dir='ltr'>fuisse</span> <span class='ocrx_word' id='word_1_835' title='bbox 3373 5131 3846 5201; x_wconf 85' lang='lat' dir='ltr'>commentarios,</span> 
     </span>
    </p>
   </div>
   <div class='ocr_carea' id='block_1_113' title="bbox 2205 5215 3842 5289">
    <p class='ocr_par' dir='ltr' id='par_1_113' title="bbox 2205 5215 3842 5289">
     <span class='ocr_line' id='line_1_113' title="bbox 2205 5215 3842 5289; baseline 0.002 -19"><span class='ocrx_word' id='word_1_836' title='bbox 2205 5216 2448 5271; x_wconf 90' lang='lat' dir='ltr'>diversis</span> <span class='ocrx_word' id='word_1_837' title='bbox 2476 5215 2840 5287; x_wconf 92' lang='lat' dir='ltr'>temporibus</span> <span class='ocrx_word' id='word_1_838' title='bbox 2869 5217 3140 5288; x_wconf 90' lang='lat' dir='ltr'>scriptos.</span> <span class='ocrx_word' id='word_1_839' title='bbox 3179 5239 3200 5266; x_wconf 70' lang='grc' dir='ltr'><strong>ι</strong></span> <span class='ocrx_word' id='word_1_840' title='bbox 3229 5218 3340 5273; x_wconf 90' lang='lat' dir='ltr'>Sed</span> <span class='ocrx_word' id='word_1_841' title='bbox 3362 5219 3643 5289; x_wconf 90' lang='lat' dir='ltr'>quoniam</span> <span class='ocrx_word' id='word_1_842' title='bbox 3668 5220 3724 5274; x_wconf 95' lang='lat' dir='ltr'>S.</span> <span class='ocrx_word' id='word_1_843' title='bbox 3745 5223 3842 5274; x_wconf 79' lang='lat' dir='ltr'>Pa-</span> 
     </span>
    </p>
   </div>
   <div class='ocr_carea' id='block_1_114' title="bbox 2206 5309 3846 5364">
    <p class='ocr_par' dir='ltr' id='par_1_114' title="bbox 2206 5309 3846 5364">
     <span class='ocr_line' id='line_1_114' title="bbox 2206 5309 3846 5364; baseline 0.001 -3"><span class='ocrx_word' id='word_1_844' title='bbox 2206 5310 2329 5361; x_wconf 89' lang='lat' dir='ltr'>stor</span> <span class='ocrx_word' id='word_1_845' title='bbox 2358 5310 2551 5360; x_wconf 91' lang='lat' dir='ltr'>noster</span> <span class='ocrx_word' id='word_1_846' title='bbox 2580 5309 2821 5361; x_wconf 88' lang='lat' dir='ltr'>eatenus</span> <span class='ocrx_word' id='word_1_847' title='bbox 2853 5309 3084 5360; x_wconf 89' lang='lat' dir='ltr'>tantum</span> <span class='ocrx_word' id='word_1_848' title='bbox 3116 5323 3250 5361; x_wconf 90' lang='lat' dir='ltr'>cum</span> <span class='ocrx_word' id='word_1_849' title='bbox 3281 5311 3554 5362; x_wconf 88' lang='lat' dir='ltr'>Hermete</span> <span class='ocrx_word' id='word_1_850' title='bbox 3604 5309 3846 5364; x_wconf 86' lang='lat' dir='ltr'>confun-</span> 
     </span>
    </p>
   </div>
   <div class='ocr_carea' id='block_1_115' title="bbox 2206 5393 3847 5465">
    <p class='ocr_par' dir='ltr' id='par_1_115' title="bbox 2206 5393 3847 5465">
     <span class='ocr_line' id='line_1_115' title="bbox 2206 5393 3847 5465; baseline 0.002 -18"><span class='ocrx_word' id='word_1_851' title='bbox 2206 5394 2387 5460; x_wconf 89' lang='lat' dir='ltr'>ditur,</span> <span class='ocrx_word' id='word_1_852' title='bbox 2421 5398 2710 5465; x_wconf 89' lang='lat' dir='ltr'>quatenus</span> <span class='ocrx_word' id='word_1_853' title='bbox 2740 5393 2865 5465; x_wconf 91' lang='lat' dir='ltr'>ipse</span> <span class='ocrx_word' id='word_1_854' title='bbox 2894 5398 3137 5450; x_wconf 84' lang='lat' dir='ltr'>Hermes</span> <span class='ocrx_word' id='word_1_855' title='bbox 3170 5411 3303 5450; x_wconf 90' lang='lat' dir='ltr'>cum</span> <span class='ocrx_word' id='word_1_856' title='bbox 3336 5395 3394 5450; x_wconf 91' lang='lat' dir='ltr'>S.</span> <span class='ocrx_word' id='word_1_857' title='bbox 3432 5395 3677 5453; x_wconf 87' lang='lat' dir='ltr'>Herma:</span> <span class='ocrx_word' id='word_1_858' title='bbox 3713 5396 3847 5453; x_wconf 88' lang='lat' dir='ltr'>nihil</span> 
     </span>
    </p>
   </div>
   <div class='ocr_carea' id='block_1_116' title="bbox 2208 5483 3845 5555">
    <p class='ocr_par' dir='ltr' id='par_1_116' title="bbox 2208 5483 3845 5555">
     <span class='ocr_line' id='line_1_116' title="bbox 2208 5483 3845 5555; baseline 0.002 -17"><span class='ocrx_word' id='word_1_859' title='bbox 2208 5499 2354 5554; x_wconf 90' lang='lat' dir='ltr'>opus</span> <span class='ocrx_word' id='word_1_860' title='bbox 2386 5488 2473 5538; x_wconf 91' lang='lat' dir='ltr'>est</span> <span class='ocrx_word' id='word_1_861' title='bbox 2503 5483 2852 5555; x_wconf 88' lang='lat' dir='ltr'>diremptam</span> <span class='ocrx_word' id='word_1_862' title='bbox 2898 5485 3024 5554; x_wconf 85' lang='lat' dir='ltr'>jam</span> <span class='ocrx_word' id='word_1_863' title='bbox 3086 5484 3188 5538; x_wconf 91' lang='lat' dir='ltr'>diu</span> <span class='ocrx_word' id='word_1_864' title='bbox 3247 5486 3706 5542; x_wconf 83' lang='lat' dir='ltr'>controversiam</span> <span class='ocrx_word' id='word_1_865' title='bbox 3762 5487 3845 5542; x_wconf 89' lang='lat' dir='ltr'>hic</span> 
     </span>
    </p>
   </div>
   <div class='ocr_carea' id='block_1_117' title="bbox 2208 5573 3845 5631">
    <p class='ocr_par' dir='ltr' id='par_1_117' title="bbox 2208 5573 3845 5631">
     <span class='ocr_line' id='line_1_117' title="bbox 2208 5573 3845 5631; baseline 0.002 -3"><span class='ocrx_word' id='word_1_866' title='bbox 2208 5573 2397 5628; x_wconf 90' lang='lat' dir='ltr'>denuo</span> <span class='ocrx_word' id='word_1_867' title='bbox 2429 5573 2734 5628; x_wconf 87' lang='lat' dir='ltr'>suscitare.</span> <span class='ocrx_word' id='word_1_868' title='bbox 2768 5574 3051 5629; x_wconf 88' lang='lat' dir='ltr'>Eumdem</span> <span class='ocrx_word' id='word_1_869' title='bbox 3085 5590 3198 5630; x_wconf 90' lang='lat' dir='ltr'>non</span> <span class='ocrx_word' id='word_1_870' title='bbox 3226 5590 3353 5630; x_wconf 88' lang='lat' dir='ltr'>esse</span> <span class='ocrx_word' id='word_1_871' title='bbox 3383 5577 3438 5628; x_wconf 90' lang='lat' dir='ltr'>S.</span> <span class='ocrx_word' id='word_1_872' title='bbox 3481 5579 3753 5631; x_wconf 82' lang='lat' dir='ltr'>Hermam</span> <span class='ocrx_word' id='word_1_873' title='bbox 3798 5582 3845 5631; x_wconf 86' lang='lat' dir='ltr'>et</span> 
     </span>
    </p>
   </div>
   <div class='ocr_carea' id='block_1_118' title="bbox 2209 5662 3840 5735">
    <p class='ocr_par' dir='ltr' id='par_1_118' title="bbox 2209 5662 3840 5735">
     <span class='ocr_line' id='line_1_118' title="bbox 2209 5662 3840 5735; baseline 0.001 -17"><span class='ocrx_word' id='word_1_874' title='bbox 2209 5662 2364 5720; x_wconf 91' lang='lat' dir='ltr'>hunc</span> <span class='ocrx_word' id='word_1_875' title='bbox 2397 5663 2745 5735; x_wconf 85' lang='lat' dir='ltr'>Hermetem,</span> <span class='ocrx_word' id='word_1_876' title='bbox 2779 5664 3060 5730; x_wconf 88' lang='lat' dir='ltr'>ostendit,</span> <span class='ocrx_word' id='word_1_877' title='bbox 3097 5667 3162 5720; x_wconf 89' lang='lat' dir='ltr'>ut</span> <span class='ocrx_word' id='word_1_878' title='bbox 3194 5665 3419 5732; x_wconf 90' lang='lat' dir='ltr'>monui,</span> <span class='ocrx_word' id='word_1_879' title='bbox 3465 5664 3840 5722; x_wconf 84' lang='lat' dir='ltr'>Bellarminus</span> 
     </span>
    </p>
   </div>
  </div>
