4036 6356
194 427 351 489 1017

1124 430 1235 491 SS.
1282 428 1815 493 PUDENTIANE
1856 427 1957 489 ET
1999 425 2384 491 PRAXEDIS
2442 428 2678 490 ACTA.

3440 417 3597 482 1018

192 561 408 634 aliique
440 565 572 634 post
600 561 790 633 illum,
814 579 961 635 quos
983 563 1134 619 inter
1154 564 1639 636 consulipossunt
1658 562 1838 618 Tille-
1868 564 1921 630 Α
1952 562 2286 629 Praxedem,
2347 567 2633 630 externos,
2692 565 2756 617 ut
2811 558 3105 633 ponimus,
3154 554 3446 625 homines,
3505 554 3595 611 in-

189 651 450 706 montius
480 655 626 707 tom.
662 652 705 707 Il
733 653 973 711 Monum.
995 654 1203 723 coclea,
1228 670 1360 726 pag.
1392 656 1492 709 521
1522 672 1534 721 ;
1568 652 1840 708 Nicolaus

191 738 246 794 1e
277 740 473 812 Noury
531 741 589 795 in
648 741 928 813 Apparatu
982 743 1061 798 ad
1108 744 1495 799 Bibliothecam
1531 745 1841 798 maximam

186 832 430 884 veterum
462 834 718 897 Patrum,
752 830 989 886 dissert.
1023 832 1074 898 4,
1108 837 1215 887 art.
1248 835 1314 898 2;
1340 832 1679 887 Ambrosius
1703 831 1842 886 Gar-

190 918 407 974 debosc
454 919 513 974 in
562 919 820 975 histories
871 919 1272 977 ecclesiasticas
1310 921 1555 993 Synopsi
1602 924 1744 975 tom.
1795 922 1836 987 Ι,

184 1012 336 1079 part.
368 1024 424 1075 v,
457 1006 560 1063 lib.
621 1025 709 1075 III,
741 1008 945 1064 disert.
978 1010 1031 1077 4,
1066 1014 1270 1081 quast.
1304 1012 1352 1065 1.

256 1097 310 1149 9.
347 1096 508 1160 Quod
532 1098 604 1151 ad
635 1099 777 1153 Acta
822 1099 1072 1170 pertinet
1117 1103 1173 1154 S.
1225 1100 1499 1166 Pastoris,
1556 1099 1699 1153 nihil
1731 1100 1838 1155 ad-

182 1185 430 1240 modum
458 1186 596 1242 certi
630 1192 917 1259 superest.
951 1188 1333 1244 Gontinentur
1361 1206 1428 1244 ea
1456 1189 1746 1261 praecipue
1778 1190 1835 1243 in

178 1275 345 1329 Actis
376 1275 478 1330 SS.
514 1275 893 1331 Pudentianzs
945 1282 1002 1333 et
1050 1278 1345 1347 Praxedis,
1400 1279 1570 1333 infra.
1612 1279 1838 1352 Scripta

180 1370 325 1420 sunt
354 1364 543 1436 ipsius
576 1366 832 1422 Pastoris
859 1368 1413 1440 nomine(Pastoris,
1436 1369 1834 1439 inquam,non

178 1452 409 1509 Hermes
436 1454 716 1522 Pastoris,
750 1460 816 1510 ut
846 1456 1020 1513 habet
1048 1458 1331 1513 Baronius
1363 1475 1456 1513 an.
1494 1459 1613 1525 159,
1648 1476 1705 1513 n.
1747 1460 1835 1530 8);

181 1559 380 1614 neque
411 1560 553 1599 sane
585 1545 841 1601 recentia
871 1551 1011 1602 sunt
1045 1565 1058 1609 ;
1092 1548 1327 1617 quando
1358 1552 1415 1601 et
1443 1548 1504 1602 in
1534 1548 1835 1603 codicibus

178 1646 328 1685 mss.
382 1631 772 1703 perantiquis,
826 1632 1015 1704 iisque
1065 1635 1209 1689 bene
1263 1634 1829 1707 multis,leguntur;

178 1717 301 1773 imo
346 1719 473 1789 jam
522 1718 673 1775 lecta
720 1726 862 1776 sunt
888 1721 1029 1777 olim
1081 1723 1293 1778 seculo
1325 1741 1476 1779 nono
1508 1726 1579 1780 ab
1611 1727 1827 1794 Adone,

177 1814 247 1862 ut
278 1807 339 1862 in
369 1808 497 1879 ejus
526 1810 933 1882 Martyrologio
990 1812 1183 1867 videre
1212 1817 1301 1868 est
1329 1813 1422 1868 die
1450 1831 1545 1870 XIX
1572 1814 1729 1885 Maii,
1760 1832 1832 1870 xx

1952 650 2218 707 consulto
2252 669 2314 707 ac
2344 652 2631 724 praeterito
2681 652 2854 706 fratre
2911 646 3231 705 Timotheo.
3295 646 3408 702 Res
3466 661 3595 701 esse

1951 746 2177 811 poterat
2207 742 2454 797 obnoxia
2479 741 2944 807 difﬁcultatibus,
2978 738 3091 793 nisi
3133 753 3267 792 cum
3299 736 3450 790 bona
3480 735 3594 789 fra-

1949 831 2056 887 tris
2086 831 2273 902 gratia
2302 834 2633 886 cerneretur
2663 830 3003 895 haereditas;
3058 827 3237 897 hujus
3293 825 3472 898 igitur
3502 840 3593 879 as-

1950 937 2125 976 sensu
2158 920 2487 976 haeredibus
2520 936 2667 991 opus
2695 923 2836 973 erat.
2869 918 3019 973 Cedo
3076 932 3233 988 ergo,
3267 932 3379 986 quo
3425 917 3591 985 pacto

1947 1010 1998 1065 is
2028 1027 2093 1065 ex
2123 1009 2445 1077 Timotheo,
2478 1010 2577 1081 qui
2609 1008 2912 1081 presbyter
2941 1010 3063 1061 erat
3092 1009 3148 1059 et
3200 1005 3291 1059 vir
3344 1003 3590 1059 sanctis-

1947 1099 2135 1155 simus
2188 1099 2426 1155 extundi
2474 1098 2681 1153 fortius
2738 1099 2984 1169 poterat,
3039 1110 3215 1167 quam
3266 1093 3314 1150 si
3362 1092 3508 1147 tales
3537 1096 3593 1146 et

1946 1189 2261 1255 natalibus,
2292 1189 2429 1256 vita,
2460 1187 2798 1255 virtutibus,
2859 1186 3148 1255 rebusque
3178 1182 3355 1255 gestis
3387 1181 3588 1252 depin-

1945 1282 2220 1350 gerentur
2250 1278 2528 1349 heredes,
2561 1282 2878 1348 utprorsus
2900 1274 3271 1346 intelligeret,
3304 1268 3587 1344 quidquid

1943 1368 2018 1423 iis
2047 1368 2309 1423 relictum
2343 1371 2515 1434 esset,
2548 1366 2606 1421 id
2628 1367 2709 1421 ita
2730 1364 3076 1421 collocatum
3098 1362 3282 1418 videri
3305 1365 3585 1433 oportere,

1945 1457 2111 1529 quasi
2144 1458 2203 1511 in
2232 1456 2421 1528 ipsius
2490 1456 2609 1521 Dei,
2642 1459 2706 1509 ut
2760 1454 2840 1509 ita
2890 1453 3119 1525 loquar,
3176 1451 3264 1507 vel
3321 1448 3588 1507 Ecclesia

1945 1562 2156 1601 manus
2187 1546 2593 1617 consignatum
2652 1541 2849 1599 esset?
2899 1546 3016 1597 Hoc
3046 1553 3183 1613 ergo
3212 1540 3333 1611 agit
3362 1540 3585 1606 Pastor,

1943 1652 2075 1690 cum
2111 1636 2169 1690 S.
2206 1634 2495 1703 Praxedis,
2554 1633 2789 1705 gestaS.
2813 1631 3117 1687 Timotheo
3150 1628 3398 1700 explicat
3462 1631 3589 1681 tan-

1940 1729 2119 1797 toque
2150 1724 2208 1779 id
2236 1723 2355 1797 agit
2378 1724 2448 1779 ad
2498 1739 2620 1779 rem
2679 1738 2846 1777 suam
2904 1717 3312 1792 opportunius,
3370 1717 3589 1787 quanto

1940 1813 2254 1885 copiosius.
2310 1813 2391 1868 De
2447 1828 2510 1868 se
2569 1811 2725 1867 enim
2785 1811 2977 1865 dicere
3025 1806 3172 1863 nihil
3230 1805 3454 1871 debuit,
3487 1803 3589 1875 qui

174 1894 360 1961 Junii,
391 1913 493 1951 xxr
519 1896 664 1952 Julii
696 1898 754 1952 in
780 1898 985 1971 elogiis
1016 1901 1074 1956 S.
1109 1902 1499 1974 Pudentianaz,
1533 1904 1591 1958 8.
1625 1904 1831 1960 Novati
1862 1932 1910 1997 B
1938 1901 2241 1957 Timotheo
2320 1901 2543 1956 dudum
2586 1905 2756 1997 esset
2804 1898 3189 1997 notissimus;
3250 1908 3586 1997 quamquam

172 1988 234 2039 et
276 1988 334 2039 S.
384 1984 681 2042 Praxedis.
737 1991 1018 2044 Ceterum
1069 1990 1296 2046 sincera
1333 2009 1573 2063 prorsus
1606 2009 1674 2049 ea
1706 2011 1820 2050 non

170 2088 325 2145 ese,
358 2076 459 2130 sed
487 2074 583 2131 hic
614 2076 732 2132 illic
779 2077 1151 2151 interpolata,
1200 2080 1349 2136 ultro
1381 2099 1488 2137 nos
1518 2082 1631 2154 ipsi
1664 2083 1820 2138 haud

168 2163 422 2219 obscure
440 2163 501 2219 in
544 2168 972 2224 Commentario
1013 2169 1243 2240 przevio,
1276 2175 1332 2225 et
1360 2171 1653 2227 adnotatis
1683 2189 1819 2228 con-

171 2251 314 2307 fessi
345 2269 590 2323 sumus;
624 2260 684 2310 at
712 2257 874 2312 omni
898 2261 1136 2314 omnino
1158 2259 1273 2314 ﬁde
1302 2260 1545 2332 indigna
1563 2263 1819 2333 reputari

164 2341 402 2407 debere,
478 2345 743 2401 nondum
813 2346 982 2402 nobis
1065 2349 1357 2419 persuasit
1412 2349 1821 2409 Tillemontius

167 2434 315 2485 tom.
353 2430 421 2498 ll,
453 2436 590 2487 nota
619 2434 654 2487 5
682 2433 743 2488 in
767 2436 829 2491 S.
864 2435 1029 2490 Pium
1060 2454 1272 2508 papam
1306 2454 1319 2492 :
1354 2442 1418 2494 ut
1448 2439 1603 2494 enim
1626 2440 1818 2497 minu-

160 2521 280 2577 tias
294 2524 655 2592 praateream,
682 2540 829 2595 quas
855 2523 936 2579 ibi
958 2526 1239 2597 congerit,
1263 2531 1328 2582 ut
1348 2544 1517 2584 voces
1541 2534 1819 2586 Actorum

166 2608 405 2680 aliquas
438 2614 494 2665 et
525 2611 1296 2687 phrasescarpat,tanquam
1320 2617 1534 2674 saeculo
1564 2621 1820 2675 secundo

165 2713 283 2752 non
335 2698 602 2763 usitatas,
653 2700 740 2756 vel
788 2705 1061 2775 tempori,
1109 2722 1224 2777 quo
1283 2707 1502 2779 scripta
1554 2709 1822 2765 feruntur

162 2788 331 2855 Acta,
382 2804 756 2861 nequaquam
806 2794 1276 2851 accommodatas
1322 2797 1481 2867 (nam
1514 2798 1652 2870 quid
1686 2799 1817 2869 illas,

161 2876 406 2931 tametsi
438 2877 795 2935 adulterinas
827 2897 1179 2952 omnesesse
1198 2885 1627 2942 demonstraret
1650 2888 1818 2944 Tille-

165 2964 450 3037 montius,
475 2969 629 3038 quod
654 2985 771 3023 non
796 2970 954 3041 facit,
972 2974 1248 3029 Actorum
1276 2976 1617 3031 substantiae
1634 2995 1821 3050 usque

162 3054 309 3109 adeo
340 3056 865 3123 incommodarent)
894 3060 923 3115 ‘I
956 3064 1021 3115 ut
1047 3060 1199 3129 illas,
1231 3063 1497 3135 inquam,
1530 3067 1816 3133 omittam,

167 3150 520 3215 argumenta
568 3148 696 3219 ejus
752 3150 1062 3221 praacipua,
1114 3156 1172 3206 et
1220 3152 1279 3206 in
1311 3158 1493 3209 totam
1540 3158 1814 3212 Actorum

161 3231 400 3287 illorum
426 3234 709 3291 fabricam
736 3238 1027 3310 ﬁdemque
1057 3240 1296 3311 directa,
1329 3242 1385 3296 id
1418 3260 1811 3316 nequaquam,

1939 2005 2126 2062 neque
2156 1990 2227 2045 de
2257 2006 2319 2045 se
2358 1991 2549 2061 quoad
2581 1989 2799 2044 ferebat
2830 1986 3136 2055 modestia,
3168 1982 3373 2040 tacuit.

2006 2081 2092 2133 11.
2152 2078 2388 2135 Leviora
2436 2083 2575 2134 sunt
2614 2093 2745 2150 qua:
2788 2076 3029 2146 subjicit
3091 2071 3498 2128 Tillemontius
3530 2072 3586 2124 et

1934 2154 1993 2223 in
2024 2168 2600 2240 eamdemintorquet
2617 2165 2953 2239 epistolam:
2989 2165 3188 2235 Neque
3204 2162 3335 2227 hoc,
3368 2160 3584 2232 inquit,

1931 2258 2115 2329 video,
2146 2274 2251 2315 cur
2282 2259 2485 2314 Pastor
2515 2258 2820 2313 Timotheo
2852 2258 3048 2311 narret
3077 2269 3170 2310 res
3199 2255 3332 2309 ante
3360 2266 3583 2305 annum

1930 2348 2252 2418 praeteritas
2293 2364 2407 2403 non
2458 2346 2649 2403 solum
2684 2346 2754 2401 de
2797 2345 2857 2401 8.
2908 2344 3167 2399 Pudente
3213 2346 3270 2397 et
3334 2344 3582 2410 utraque

1927 2437 2055 2507 ejus
2080 2436 2200 2492 ﬁlia
2227 2437 2319 2508 (de
2351 2453 2465 2508 qua
2495 2451 2554 2492 re
2604 2437 2727 2507 jam
2768 2434 2934 2503 satis,
2986 2433 3212 2504 opinor,
3270 2429 3579 2501 diximus);

1929 2527 2028 2582 sed
2081 2527 2256 2582 etiam
2311 2527 2381 2581 de
2439 2526 2613 2581 fratre
2668 2526 2795 2596 ejus
2854 2524 3104 2581 Novato:
3140 2538 3274 2578 nam
3308 2522 3357 2577 si
3396 2520 3485 2576 vel
3518 2521 3577 2575 in

1929 2616 2201 2672 extremis
2232 2616 2461 2687 imperii
2493 2615 2711 2671 ﬁnibus
2741 2612 2955 2685 egisset
2986 2611 3348 2681 Timotheus,
3383 2627 3454 2664 an
3470 2624 3574 2681 per

1930 2721 2150 2760 annum
2178 2708 2367 2760 totum
2399 2702 2543 2760 nihil
2575 2704 2645 2758 de
2677 2700 2897 2757 familia
2914 2699 3241 2756 rescivisset
3260 2699 3287 2753 ?
3310 2698 3571 2769 Respon-

1928 2794 2058 2861 deo,
2088 2793 2146 2848 id
2180 2809 2376 2848 rarum
2412 2809 2525 2847 non
2558 2808 2706 2861 esse,
2740 2796 2805 2846 ut
2854 2790 3083 2859 fratres,
3136 2788 3311 2843 etiam
3370 2802 3578 2859 parum

1928 2883 2080 2939 inter
2093 2899 2152 2938 se
2166 2881 2526 2937 habitatione
2556 2881 2901 2950 distantes,a
2923 2877 3215 2951 frequenti
3245 2877 3579 2932 litterarum

1927 2972 2275 3027 commercio
2290 2970 2461 3027 alieni
2476 2970 3017 3026 sint.Concedamus
3030 2968 3123 3023 his
3141 2971 3337 3022 tamen
3357 2964 3577 3035 aliquid

1927 3061 2295 3117 Tillemontio
2323 3078 2335 3116 :
2372 3059 2601 3116 sciverit
2628 3059 2715 3115 vel
2748 3076 2815 3114 ex
2844 3057 3066 3123 Novati,
3099 3055 3186 3111 vel
3218 3071 3285 3110 ex
3328 3054 3577 3109 aliorum

1924 3149 2133 3206 litteris
2143 3149 2484 3205 Timotheus
2497 3149 2769 3221 pleraque
2785 3146 3133 3217 omnia,quas
3155 3142 3571 3215 frateregisset.

1924 3242 2129 3294 Annon
2161 3256 2313 3310 saepe
2342 3239 2606 3294 eamdem
2638 3235 2897 3293 nuntiari
2928 3237 3175 3306 possunt
3223 3250 3256 3288 a
3285 3233 3527 3288 diversis
3548 3234 3576 3288 τί

162 3322 320 3393 quod
370 3323 577 3393 jactat,
639 3305 951 3382 evincunt:
969 3330 1131 3394 Quod
1168 3334 1233 3385 ut
1277 3305 1647 3403 perspicias:
1677 3305 1814 3391 Acta
1844 3305 1887 3371 C
1926 3330 2135 3384 Annon
2167 3305 2263 3384 hic
2313 3329 2651 3397 justissima
2705 3305 2944 3383 Pastori,
2987 3340 3165 3380 causa
3210 3326 3335 3378 erat
3366 3339 3569 3379 eorum

156 3408 292 3482 ipsa
324 3411 605 3467 consule:
667 3414 950 3481 invenies,
994 3432 1061 3471 ea
1102 3418 1218 3473 fere
1251 3420 1537 3474 contineri
1582 3421 1811 3478 duabus

154 3499 447 3571 epistolis,
469 3517 721 3573 quarum
750 3504 908 3574 prior
928 3509 1017 3560 est
1040 3506 1292 3563 Pastoris
1316 3508 1387 3563 ad
1414 3509 1809 3579 Timotheum,

148 3586 643 3660 altequimothei
664 3593 736 3647 ad
762 3597 1084 3650 Pastorem.
1104 3595 1425 3669 Utramque
1443 3600 1809 3671 suppositam

149 3678 495 3733 auctoribus
522 3679 843 3753 inscriptis,
892 3683 1011 3737 imo
1042 3701 1172 3740 vero
1202 3685 1459 3757 ineptam
1493 3703 1639 3757 esse,
1673 3707 1808 3745 con-

148 3767 348 3822 tendit
376 3767 769 3826 adversarius.

229 3856 317 3909 10.
372 3855 627 3913 Priorem
677 3858 787 3915 hoc
817 3860 1110 3932 imprimis
1158 3864 1270 3919 telo
1320 3866 1577 3921 subverti
1620 3872 1806 3939 putat,

152 3945 314 4017 quod
348 3962 381 4000 a
412 3962 585 4018 scopo
598 3949 1017 4022 propositoque
1040 3954 1297 4008 Pastoris
1328 3958 1447 4009 toto
1478 3954 1620 4010 coelo
1641 3956 1808 4011 ablu-

150 4032 297 4087 dat:
358 4031 731 4090 Christianus
780 4037 957 4104 enim,
1018 4040 1234 4111 inquit,
1288 4042 1528 4113 quidam
1561 4044 1804 4115 obierat,

143 4127 411 4179 Novatus
461 4126 717 4194 nomine,
770 4127 869 4198 qui
916 4129 1224 4186 facultates
1254 4148 1392 4187 suas
1440 4133 1615 4204 paulo
1673 4139 1808 4191 ante

142 4211 529 4268 commiserat
577 4215 803 4270 Pastori
864 4222 1083 4285 nostro,
1118 4224 1175 4274 et
1204 4220 1416 4292 virgini
1446 4224 1711 4291 Praxedi,
1744 4241 1807 4280 se

143 4306 384 4356 mortuo
415 4301 863 4374 dispensandas.
906 4306 1119 4361 Scribit
1154 4308 1210 4363 id
1244 4309 1568 4377 Timotheo,
1599 4312 1807 4367 Novati

141 4390 413 4446 defuncti
435 4407 738 4463 germano,
788 4397 992 4450 Pastor
1026 4413 1040 4463 ;
1073 4413 1326 4469 eumque
1355 4400 1631 4469 consulit,
1664 4403 1804 4472 quid

142 4480 219 4535 de
278 4479 448 4535 bonis
506 4481 725 4537 relictis
780 4482 1109 4540 faciendum
1167 4493 1417 4543 censeat.
1450 4490 1585 4545 Esto
1643 4508 1801 4547 sane.

141 4568 299 4636 Quid
334 4571 721 4641 tumpostea?
752 4572 867 4627 Hoc
888 4578 1107 4642 autem,
1149 4575 1364 4649 inquit,
1387 4580 1804 4636 verbotantum

1922 3417 2130 3473 saltem
2160 3416 2467 3473 refricandi
2500 3414 2865 3485 memoriam,
2909 3430 3034 3485 quae
3077 3412 3365 3468 Novatum
3421 3411 3574 3467 inter

1923 3510 1980 3561 et
2010 3507 2323 3562 Praxedem
2354 3506 2823 3575 intercesserant,
2858 3504 3018 3559 unde
3072 3501 3323 3557 disceret
3371 3500 3573 3557 Timo-

1921 3594 2119 3665 theus,
2182 3594 2530 3649 muniﬁcum
2590 3592 2785 3649 fratris
2832 3592 2892 3647 in
2951 3591 3113 3646 illam
3162 3591 3425 3646 animum
3458 3607 3571 3646 non

1920 3684 2157 3740 aliunde
2188 3683 2503 3751 exstitisse,
2537 3699 2713 3754 quam
2745 3697 2813 3737 ex
2840 3680 3227 3737 sanctissimis
3254 3679 3458 3735 ofﬁciis
3490 3680 3573 3734 di-

1917 3773 2185 3845 vinisque
2216 3772 2587 3828 rationibus‘?
2617 3772 2776 3836 Quod
2823 3770 2982 3827 addit
3041 3768 3427 3839 adversarius,
3457 3769 3568 3825 mi-

1920 3878 2051 3917 rum
2082 3861 2283 3931 videri,
2316 3860 2542 3917 nullam
2572 3860 2711 3917 huic
2742 3859 2995 3931 epistola:
3033 3858 3305 3930 praemitti
3357 3858 3566 3913 urbani

1919 3967 1984 4006 ac
2016 3950 2271 4005 liberalis
2301 3949 2477 4005 ofﬁcii
2529 3948 3032 4021 signiﬁcationem,
3090 3946 3318 4003 nullum
3372 3945 3563 4018 prolo-

1916 4056 2078 4113 gum,
2106 4040 2206 4095 sed
2238 4041 2310 4095 ab
2333 4039 2480 4111 ipsis
2512 4039 2706 4095 statim
2737 4039 2912 4093 rebus
2964 4036 3141 4093 ordiri
3189 4051 3518 4091 sermonem
3546 4052 3559 4090 :

1916 4130 1974 4184 id
2005 4146 2138 4184 vero
2179 4145 2250 4184 ne
2298 4129 2644 4183 refutatione
2701 4126 2935 4199 quidem
2993 4125 3238 4198 dignum
3295 4128 3558 4195 apparet.

1916 4217 2207 4273 Nimirum
2238 4234 2307 4273 ea
2337 4217 2603 4289 queritur
2631 4216 2853 4287 abesse,
2886 4231 3014 4287 quae
3044 4229 3288 4286 parerga
3316 4229 3559 4286 prorsus

1916 4306 2202 4375 fuissent;
2238 4323 2305 4362 ea
2334 4323 2467 4361 vero
2499 4304 2797 4360 abundare
2827 4302 3277 4373 contendit,qua
3307 4301 3379 4358 ad
3411 4317 3556 4366 rem,

1917 4412 2094 4467 quam
2126 4396 2335 4467 agebat
2391 4395 2615 4460 Pastor,
2677 4392 2845 4448 unice
2903 4392 3144 4447 faciunt.
3205 4390 3432 4447 Urbana
3472 4395 3560 4447 est

1915 4484 2038 4540 haec
2061 4489 2117 4538 et
2142 4484 2441 4539 sufﬁciens
2473 4484 2532 4539 in
2584 4481 2833 4554 epistola
2880 4481 3040 4554 gravi
3071 4481 3364 4553 praefatio:
3398 4502 3426 4530 ‹‹
3450 4479 3557 4535 Pa-

1917 4579 2041 4631 stor
2051 4574 2354 4647 presbyter
2369 4572 2670 4628 Timotheo
2684 4571 3020 4644 presbytero
3038 4570 3338 4626 salutem.»
3368 4574 3558 4640 Atque

140 4674 265 4713 uno
322 4658 586 4729 postulat
637 4659 839 4717 Pastor
898 4663 1071 4735 idque
1118 4665 1178 4720 in
1237 4666 1468 4724 duobus
1527 4663 2035 4738 extremithsac
2096 4666 2255 4728 sunt,
2314 4662 2527 4733 quibus
2586 4661 2845 4717 Pastoris
2904 4659 3209 4731 epistolam
3239 4658 3557 4713 universim

140 4745 407 4817 epistolae
429 4747 578 4804 satis
603 4747 777 4821 longe
817 4752 1161 4822 versiculis;
1209 4755 1581 4826 reliquavera
1606 4757 1805 4814 omnia

145 4842 267 4882 non
319 4843 388 4883 eo
433 4827 628 4884 solum
685 4831 955 4900 tendunt,
1001 4838 1067 4888 ut
1107 4836 1376 4891 morbum
1426 4854 1491 4892 ac
1550 4843 1795 4894 mortem

143 4914 439 4987 explicent
455 4918 664 4973 Novati
694 4918 774 4991 (id
803 4922 957 4991 quod
1005 4923 1216 4978 rationi
1264 4942 1586 4982 consonum
1617 4928 1797 4983 videri

138 5006 436 5078 poterat);
472 5008 574 5063 sed
637 5008 812 5064 etiam
858 5026 946 5076 eo,
1006 5017 1070 5066 ut
1116 5013 1175 5067 in
1207 5015 1467 5070 medium
1500 5017 1799 5088 proferant

136 5094 435 5167 quidquid
470 5100 601 5168 post
630 5096 854 5155 obitum
884 5100 981 5155 SS.
1014 5103 1392 5159 Pudentianae
1432 5109 1491 5159 et
1520 5105 1798 5162 Pudentis

140 5184 435 5241 Praxedes
466 5201 502 5240 a
526 5185 762 5242 biennio
801 5194 1080 5260 gesserat.
1131 5192 1279 5257 Quid
1339 5193 1459 5249 haec
1491 5195 1563 5250 ad
1597 5196 1799 5251 Timo-

132 5272 346 5329 theum
380 5275 565 5347 ;quid
613 5277 684 5332 ad
740 5277 965 5336 litteras
998 5281 1344 5354 attinebant,
1378 5284 1591 5355 quibus
1622 5284 1800 5340 frater

139 5362 213 5419 de
243 5362 446 5420 fratris
468 5364 632 5421 obitu
655 5366 955 5425 docendus
980 5373 1107 5425 erat
1128 5370 1255 5427 ‘Ilta
1299 5372 1415 5428 ille.
1432 5372 1795 5445 Respondeo,

137 5451 455 5524 aptissima
488 5454 635 5510 mihi
665 5454 847 5512 videri
880 5458 951 5513 ad
983 5475 1105 5515 rem
1136 5466 1481 5532 prasentem
1516 5479 1796 5534 quaecun-

139 5557 255 5614 que
266 5542 338 5598 de
366 5543 423 5599 8.
447 5546 706 5601 Praxede
732 5546 1036 5604 Timotheo
1059 5554 1258 5605 narrat
1276 5555 1514 5621 Pastor;
1540 5553 1797 5624 ineptam

140 5646 301 5697 vero,
360 5649 486 5705 quae
544 5634 618 5689 iis
667 5635 965 5709 objicitur,
1013 5637 1614 5697 Tillemontiicrisim.
1649 5643 1797 5706 Quid

141 5720 301 5778 enim
342 5723 371 5777 7
426 5723 693 5783 Heredes
743 5723 997 5784 Novatus
1044 5728 1343 5787 Pastorem
1374 5731 1711 5803 (scripserat
1739 5737 1797 5789 et

1914 4751 2144 4823 impetit
2170 4754 2377 4807 acutus
2408 4750 2502 4806 hic
2533 4766 2756 4805 sensor.

1977 4842 2064 4896 12.
2097 4840 2352 4895 Alteram
2383 4839 2842 4912 epistolam,quze
2868 4838 3153 4895 Timothei
3185 4840 3291 4908 est,
3323 4836 3417 4892 his
3438 4841 3563 4892 tan-

1908 4934 2037 4986 tum
2068 4930 2261 4986 verbis
2292 4928 2629 5000 aggreditur
2659 4945 2671 4983 :
2709 4950 2738 4977 «
2769 4928 3016 4993 Litterae,
3065 4927 3280 4999 quibus
3334 4926 3557 4983 Pastori

1908 5017 2585 5091 responditTimotheus,
2619 5015 2761 5073 nihil
2778 5016 2952 5073 etiam
2974 5033 3175 5073 eorum
3189 5016 3557 5087 habent,quas

1907 5108 2041 5179 quis
2070 5106 2189 5163 illis
2220 5107 2454 5175 diceret,
2488 5123 2521 5161 a
2551 5122 2660 5177 quo
2695 5106 2807 5163 sibi
2838 5106 2908 5161 de
2939 5106 3133 5160 fratris
3158 5104 3319 5161 obitu
3350 5121 3558 5160 renun-

1906 5199 2116 5255 tiatum
2148 5201 2319 5253 esset.
2352 5195 2661 5269 nRequirit
2685 5195 2799 5266 hic,
2822 5194 3320 5266 opinor,lamenta
3334 5195 3552 5261 fratris,

1906 5291 2010 5343 aut
2038 5285 2258 5357 aliquid
2292 5290 2442 5340 certe
2461 5284 2891 5355 ejusmodi.Sed
2913 5283 3288 5355 quaero,unde
3308 5288 3552 5355 constet,

1905 5375 2029 5430 haec
2057 5391 2090 5429 a
2110 5372 2415 5429 Timotheo
2432 5373 2490 5427 in
2510 5373 2711 5427 eadem
2726 5372 2972 5443 epistola
2990 5389 3102 5428 non
3123 5372 3302 5427 fuisse
3314 5373 3551 5444 scripta,

1905 5464 2139 5521 tametsi
2170 5462 2568 5535 praetermissa
2597 5460 2691 5518 hic
2722 5462 2842 5517 sint
2889 5479 2923 5517 a
2954 5465 3187 5517 Pastore
3244 5478 3309 5517 ac
3354 5462 3551 5519 studio

1906 5554 2099 5626 potius
2132 5553 2399 5620 rescissa,
2432 5551 2586 5622 quod
2621 5551 2691 5607 ad
2724 5551 3030 5607 historiam
3060 5551 3551 5608 SS.Pudentianm

1905 5646 1962 5698 et
1990 5641 2265 5697 Praxedis
2295 5640 2462 5697 nilhil
2492 5640 2817 5712 quidquam
2848 5640 3227 5698 conferrent?
3274 5641 3337 5696 Id
3395 5642 3551 5714 quod

1906 5733 2082 5790 etiam
2113 5733 2172 5789 in
2203 5732 2382 5805 priori
2413 5730 2663 5804 epistola
2690 5730 2818 5787 ﬁeri
2873 5748 2942 5789 ex
2986 5731 3278 5789 industria
3330 5731 3546 5804 potuit-
