4036 6356
442 355 599 417 1023

1611 363 2008 427 APPENDIX
2049 368 2156 429 AD
2199 369 2264 432 S.
2311 369 2678 435 HERMAM.

3699 367 3853 431 1024

441 489 687 562 virginis
709 493 1003 564 Praxedis,
1029 497 1230 566 petens
1253 499 1317 551 ut
1344 497 1707 554 orationibus
1733 500 1857 556 suis
1898 501 2091 557 indul-
2121 505 2175 570 Α
2207 503 2266 559 in
2301 505 2540 561 arbitrio
2569 510 2671 561 tuo
2705 504 2782 561 sit
2797 507 2852 561 et
2871 508 3082 562 sanctas
3113 503 3356 577 virginis
3407 503 3694 575 quidquid
3754 504 3852 559 de-

443 580 699 652 gentiam
725 587 1044 637 mereretur
1068 585 1196 656 ;qui
1217 590 1271 640 et
1287 603 1388 641 vos
1411 588 1741 658 frequenter
1755 591 2090 647 beatissimo

447 670 546 725 Pio
578 671 945 742 episcopo,ad
975 673 1154 728 altare
1181 675 1411 731 Domini
1447 693 1771 746 accessuro,
1796 697 2091 735 commen-

447 761 642 814 dabat.
666 762 888 816 Accidit
920 768 1050 832 post
1079 764 1198 818 haec
1229 770 1360 836 post
1389 784 1607 822 annum
1640 773 1692 822 et
1725 768 1844 823 dies
1889 770 2093 841 viginti

451 853 588 915 tres,
626 854 688 904 ut
719 851 1063 922 mgritudine
1094 854 1365 909 detentus
1398 857 1671 926 Novatus,
1697 859 1908 914 absens
1940 864 2095 915 esset

447 955 479 992 a
509 944 823 1010 conspectu
850 941 1026 995 beatae
1051 943 1292 1014 virginis
1317 945 1610 1001 Praxedis.
1633 946 1727 1001 Pio
1754 948 1945 1019 itaque
1977 949 2094 1020 epi-

442 1043 617 1097 scopo
650 1028 942 1098 cogitante
972 1031 1042 1084 de
1073 1033 1348 1088 omnibus
1405 1034 1754 1090 Christianis
1817 1054 1929 1090 una
1959 1054 2090 1091 cum

442 1115 668 1186 virgine
699 1116 972 1188 Praxede,
1005 1121 1323 1191 requiritur
1361 1123 1512 1177 inter
1567 1140 1664 1178 eos
1698 1134 1749 1179 et
1799 1125 2089 1180 Novatus:

448 1204 518 1258 de
553 1221 666 1276 quo
700 1223 830 1261 cum
856 1209 1120 1265 auditum
1155 1211 1357 1266 fuisset
1399 1213 1538 1283 quia
1579 1214 2089 1284 mgritudinedeti-

449 1299 706 1362 neretur,
742 1297 1069 1352 contristati
1104 1317 1311 1355 sumus
1335 1317 1558 1358 omnes.

530 1396 583 1447 6.
615 1388 931 1443 Tuncdicit
954 1390 1013 1442 B.
1038 1389 1309 1444 Praxedis
1330 1393 1398 1445 ad
1433 1397 1655 1461 patrem
1681 1397 1945 1448 nostrum
1965 1411 2095 1448 san-

450 1485 606 1534 ctum
641 1480 807 1534 Pium
827 1479 1164 1551 episcopum
1198 1498 1259 1535 ;‹‹
1288 1481 1791 1537 Jubeatsanctitas
1821 1489 2011 1538 vestra
2033 1487 2097 1538 ut

451 1585 650 1624 eamus
685 1571 752 1623 ad
797 1586 954 1635 eum,
988 1570 1034 1622 si
1071 1571 1212 1624 forte
1261 1571 1589 1627 visitatione
1647 1578 1847 1627 nostra
1880 1578 1934 1626 et
1967 1590 2094 1627 ora-

445 1658 706 1713 tionibus
736 1659 944 1713 vestris
973 1659 1153 1714 salvet
1181 1677 1312 1714 eum
1347 1661 1647 1716 Dominus.
1675 1663 1834 1724 Quod
1874 1662 2094 1716 dictum

450 1763 584 1801 cum
600 1747 915 1817 placuisset
928 1750 1201 1804 omnibus
1215 1750 1466 1819 nobis,et
1479 1755 1641 1805 nocte
1655 1756 1960 1822 surgentes
1975 1767 2098 1821 per-

452 1841 809 1898 rexissemus
823 1841 892 1894 ad
905 1856 1037 1894 eum
1057 1840 1488 1907 ;vidensvirDei
1507 1840 1760 1895 Novatus
1776 1859 1880 1895 nos
1893 1857 2096 1895 omnes

448 1935 829 2002 congregatos
859 1929 929 1984 ad
962 1944 1023 1984 se
1052 1929 1300 1995 venisse,
1335 1928 1551 2001 gratias
1582 1945 1750 2000 agere
1781 1930 1951 2001 coepit
1985 1932 2095 1986 Deo

453 2024 592 2096 quia
623 2021 836 2076 meruit
867 2038 899 2075 a
921 2024 1118 2075 sancto
1158 2020 1259 2072 Pio
1323 2019 1614 2090 episcopo,
1647 2023 1701 2074 et
1737 2021 1961 2091 virgine
1988 2026 2093 2075 Do-

456 2113 600 2168 mini
634 2129 751 2166 una
780 2127 910 2164 cum
947 2114 1144 2164 nostra
1176 2109 1476 2163 devotione
1494 2108 1740 2164 visitari.
1776 2115 1841 2163 Et
1873 2110 2094 2164 fuimus

451 2205 511 2258 in
545 2204 715 2257 domo
749 2201 875 2271 ejus
906 2199 1115 2253 diebus
1148 2216 1214 2254 ac
1258 2199 1528 2253 noctibus
1561 2203 1710 2254 octo.
1756 2199 1818 2253 In
1878 2200 2095 2270 quibus

449 2293 657 2348 diebus
690 2290 904 2362 placuit
934 2289 1007 2356 ei,
1043 2294 1106 2343 ut
1137 2289 1303 2343 nobis
1335 2305 1399 2343 ac
1431 2289 1609 2343 beatae
1630 2289 1838 2360 virgini
1863 2305 2095 2344 omnem

449 2381 846 2437 substantiam
879 2395 1047 2434 suam
1079 2378 1528 2448 derelinqueret.
1553 2378 1669 2432 Hoc
1694 2378 1775 2432 ita
1804 2379 2094 2445 ordinato,

449 2471 617 2526 tertio
650 2469 874 2524 decimo
915 2467 1008 2522 die
1064 2467 1338 2539 migravit
1368 2468 1437 2521 ad
1501 2468 1834 2522 Dominum.
1869 2468 1948 2522 De
1980 2485 2094 2538 quo

454 2561 604 2614 facto
637 2558 858 2611 litteras
889 2557 1067 2626 hujus
1100 2560 1291 2610 textus
1349 2557 1418 2610 ad
1473 2572 1573 2610 vos
1605 2555 1948 2624 direximus,
1980 2575 2097 2612 una

454 2666 586 2704 cum
621 2647 964 2702 auctoritate
996 2645 1144 2700 beati
1177 2645 1260 2698 Pii
1295 2645 1450 2700 sedis
1485 2645 1812 2716 apostolicae
1837 2646 2094 2718 episcopi

454 2743 511 2793 et
540 2736 780 2807 virginis
811 2736 1024 2790 Christi
1057 2735 1328 2790 Praxedis
1356 2753 1368 2801 ;
1403 2739 1467 2789 ut
1497 2736 1649 2807 quod
1681 2736 1845 2790 vobis
1877 2735 2097 2806 placuit

453 2827 525 2881 de
555 2824 882 2881 substantia
902 2824 1167 2896 germani
1189 2825 1361 2878 vestri
1382 2841 1488 2879 nos
1509 2824 1733 2878 faciatis
1753 2824 1900 2879 scire
1921 2843 1932 2879 :
1951 2841 2096 2894 qua-

452 2921 622 2970 tenus
639 2914 926 2969 ordinatio
943 2918 1134 2968 vestra
1156 2914 1213 2966 in
1231 2913 1505 2968 omnibus
1519 2913 1900 2968 custodiatur.
1916 2914 2097 2968 Missa

457 3022 559 3077 per
589 3003 904 3059 Eusebium
930 3003 1201 3057 Romanze
1229 3002 1493 3058 Ecclesiae
1517 3003 1940 3058 subdiaconum
1961 3004 2092 3076 (98).

806 3095 1090 3164 Rescripta
1123 3094 1384 3148 Timothei
1409 3092 1739 3164 presbyteri.

522 3187 575 3240 7.
612 3207 638 3234 «
673 3184 1018 3239 Timotheus
1073 3183 1372 3254 presbyter
1419 3186 1620 3236 sancto
1651 3181 1815 3236 fratri
1878 3181 2093 3237 Pastori

2202 594 2471 666 reliquit;
2507 601 2563 650 et
2593 596 2915 651 secundum
2965 595 3118 666 quod
3177 594 3338 649 vobis
3397 593 3685 665 placuerit
3738 595 3855 649 dis-

2202 701 2446 755 pensare
2472 701 2557 752 ea,
2584 689 2929 756 potestatem
2960 685 3246 740 habeatis.
3280 707 3300 732 ι

2272 773 2387 828 Hac
2418 775 2665 845 epistola
2702 774 2913 846 gaudio
2946 773 3149 845 repleti
3207 789 3415 828 sumus
3450 791 3462 828 :
3497 779 3551 828 et
3609 775 3856 828 tradidi-

2204 879 2336 917 mus
2364 879 2490 918 eam
2523 863 2828 935 legendam
2863 868 3066 918 sancto
3114 862 3212 917 Pio
3249 862 3542 935 episcopo.
3600 863 3729 926 Qua
3758 863 3853 919 ille

2205 958 2354 1015 lecta
2383 960 2602 1031 gratias
2623 959 2741 1032 egit
2774 963 2906 1016 Deo.

2271 1050 2324 1103 8.
2360 1050 2574 1104 Eodem
2601 1054 2858 1121 tempore
2889 1049 3047 1121 virgo
3063 1049 3294 1104 Domini
3320 1049 3596 1105 Praxedis
3617 1056 3857 1122 accepta

2205 1143 2488 1209 potestate
2521 1139 2745 1211 rogavit
2783 1140 3019 1194 beatum
3044 1139 3206 1194 Pium
3226 1139 3665 1211 episcopum,ut
3697 1140 3857 1195 ther-

2210 1244 2335 1281 mas
2368 1227 2727 1298 Novati,quaa
2751 1229 2875 1299 jam
2908 1232 3051 1282 tunc
3082 1228 3141 1282 in
3175 1245 3285 1283 usu
3318 1245 3432 1283 non
3464 1234 3650 1299 erant,
3677 1230 3856 1285 eccle-

2206 1315 2354 1370 siam
2375 1321 2772 1383 consecraret;
2796 1317 2932 1387 quia
2949 1317 3259 1372 redificium
3278 1333 3558 1390 magnum
3575 1318 3633 1372 in
3649 1319 3856 1374 iisdem

2204 1409 2259 1458 et
2290 1405 2612 1475 spatiosum
2643 1422 2770 1460 esse
2800 1405 3130 1460 videbatur.
3157 1407 3317 1471 Quod
3337 1411 3393 1461 et
3418 1407 3638 1478 placuit
3655 1415 3856 1463 sancto

2205 1493 2304 1548 Pio
2337 1494 2627 1564 episcopo,
2665 1494 3037 1564 thermasque
3068 1495 3273 1550 Novati
3325 1495 3614 1550 dedicavit
3671 1496 3857 1552 eccle-

2207 1582 2375 1648 siam,
2411 1583 2521 1636 sub
2550 1583 2782 1637 nomine
2813 1584 2993 1637 beatae
3013 1583 3256 1654 virginis
3286 1585 3638 1639 Potentiane
3663 1587 3768 1654 (99;
3796 1588 3856 1640 in

2205 1671 2328 1725 vico
2364 1671 2669 1726 Patricius.
2709 1671 3008 1726 Dedicavit
3065 1676 3259 1726 autem
3292 1677 3348 1728 et
3379 1672 3552 1727 aliam
3589 1676 3697 1728 sub
3749 1691 3856 1728 no-

2209 1761 2366 1814 mine
2389 1765 2601 1815 sanctaa
2631 1761 2876 1833 virginis
2924 1761 3221 1832 Praxedis)
3271 1762 3422 1816 intra
3477 1763 3683 1817 urbem
3747 1764 3858 1818 Ro-

2127 1880 2172 1944 B
2209 1866 2386 1914 mam,
2420 1849 2478 1904 in
2509 1850 2633 1905 vico
2665 1853 2765 1921 qui
2821 1849 3146 1921 appellatur
3195 1851 3531 1920 Lateranus,
3570 1853 3664 1906 ubi
3728 1869 3860 1908 con-

2205 1939 2395 1994 stituit
2410 1943 2466 1994 et
2487 1938 3070 2012 titulumlﬁomanum
3098 1960 3111 2009 ς
3135 1939 3194 1994 in
3217 1956 3332 2010 quo
3353 1939 3478 1995 loco
3497 1942 3860 1997 consecravit

2204 2029 2611 2100 baptisterium
2642 2030 2751 2084 sub
2783 2028 2875 2083 die
2909 2046 2964 2082 1v
2987 2029 3121 2083 Idus
3145 2029 3300 2084 Maii.
3331 2033 3472 2084 Post
3495 2031 3643 2085 duos
3664 2047 3854 2085 annos

2206 2119 2356 2172 facta
2385 2117 2708 2188 persecutio
2759 2133 2974 2188 magna
3029 2116 3535 2172 Christianorum:
3567 2124 3624 2173 et
3678 2118 3855 2173 multi

2207 2205 2483 2278 martyrio
2517 2206 2774 2261 coronati
2801 2210 2959 2260 sunt.
2984 2206 3106 2269 Quo
3137 2210 3397 2278 tempore
3427 2207 3587 2278 virgo
3620 2207 3855 2262 Domini

2208 2294 2479 2350 Praxedis
2510 2294 2726 2349 multos
2757 2294 3125 2350 Christianos
3169 2294 3500 2350 occultabat
3528 2296 3588 2350 in
3620 2297 3860 2365 prazfato

2206 2384 2402 2452 titulo,
2437 2401 2584 2454 quos
2607 2388 2664 2439 et
2690 2383 2817 2438 cibo
2841 2384 3119 2455 pascebat
3139 2388 3196 2438 et
3229 2384 3323 2438 Dei
3345 2384 3539 2439 verbo.
3570 2385 3737 2438 Tunc
3770 2386 3858 2438 di-

2204 2474 2508 2545 vulgatum
2541 2477 2632 2528 est
2661 2473 2948 2527 Antonino
2979 2473 3124 2542 (100)
3157 2472 3516 2544 imperatori,
3542 2474 3696 2542 quod
3719 2490 3855 2527 con-

2204 2566 2415 2617 ventus
2472 2562 2678 2616 tierent
2725 2559 3277 2615 Christianorumin
3318 2559 3495 2615 titulo
3558 2561 3859 2615 Praxedis.

2207 2650 2478 2720 Misitque
2509 2649 2707 2704 statim
2726 2653 2782 2704 et
2808 2649 3230 2704 tenuitmultos
3247 2665 3316 2704 ex
3335 2649 3489 2716 illis;
3522 2650 3676 2704 inter
3709 2666 3858 2721 quos

2204 2739 2740 2794 tenuitSimetrium
2765 2739 3171 2809 presbyterum
3185 2754 3318 2792 cum
3343 2737 3474 2794 aliis
3489 2738 3696 2809 viginti
3715 2739 3860 2794 duo-

2206 2830 2354 2896 bus;
2389 2834 2444 2883 et
2473 2845 2571 2884 eos
2604 2828 2732 2883 sine
2763 2826 3062 2882 audientia
3092 2826 3285 2898 gladio
3318 2827 3512 2898 puniri
3557 2828 3856 2897 praecepit.

2205 2919 2462 2982 Quorum
2496 2933 2735 2988 corpora
2766 2920 2940 2971 noctu
2971 2916 3139 2971 beata
3170 2915 3442 2971 Praxedis
3494 2915 3751 2988 collegit,
3802 2923 3859 2970 et

2205 3007 2264 3062 in
2296 3007 2623 3062 ccemeterio
2654 3005 2930 3062 Priscilla
2964 3006 3074 3061 sub
3119 3005 3210 3061 die
3241 3022 3315 3061 νιι
3375 3005 3662 3061 Kalendas
3693 3005 3856 3060 Junii

2206 3095 2468 3167 sepelivit
2498 3098 2596 3166 (1).
2632 3095 2846 3151 Deinde
2877 3095 3036 3168 virgo
3069 3095 3321 3165 Domini,
3355 3095 3539 3150 nimia
3595 3094 3854 3166 corporis

2213 3185 2524 3241 afﬂictione
2556 3185 2889 3252 constricta,
2922 3201 3054 3239 cum
3085 3183 3311 3239 intimis
3337 3183 3612 3256 suspiriis
3640 3185 3710 3238 ad
3747 3183 3855 3238 Do-

458 3275 878 3347 presbytero,et
901 3271 1288 3327 sanctissimas
1318 3271 1500 3327 sorori
1521 3270 1842 3342 Praxedi,in
1859 3271 2100 3326 Domino
2131 3245 2173 3312 (ἶ
2214 3276 2443 3330 minum
2469 3274 2841 3346 ingemuit,et
2870 3277 2936 3329 ut
2963 3289 3030 3328 ex
3055 3273 3164 3328 hoc
3184 3273 3404 3329 mundo
3435 3273 3621 3328 tutius
3643 3272 3858 3328 auferri

457 3364 708 3420 salutem
743 3361 1114 3416 Famulatum
1147 3361 1310 3417 vobis
1341 3361 1678 3432 ubicunque
1709 3361 1893 3416 nostri
1944 3360 2102 3414 indi-

456 3453 702 3527 gueritis
732 3450 1122 3506 libentissime
1145 3451 1504 3516 exhibentes,
1527 3467 1766 3504 oramus
1826 3449 2100 3504 sanctita-

453 3549 572 3599 tem
599 3547 874 3608 vestram,
900 3544 965 3594 ut
993 3545 1050 3595 et
1070 3558 1176 3595 nos
1194 3541 1448 3596 humiles
1470 3540 1881 3595 commendare
1899 3539 2101 3610 digne-

457 3632 602 3686 mini
638 3631 934 3685 memoriaa
965 3634 1300 3686 sanctorum
1336 3628 1758 3701 apostolorum,
1783 3633 2103 3699 sanctoque

459 3721 559 3776 Pio
584 3721 738 3775 sedis
772 3719 1101 3790 apostolicae
1133 3719 1390 3789 praesuli,
1450 3722 1506 3772 et
1535 3718 1810 3772 omnibus
1861 3716 2100 3772 sanctis.

456 3812 574 3883 Ego
605 3809 847 3864 humilis
878 3810 1090 3881 gaudio
1149 3807 1403 3879 repletus
1434 3824 1562 3862 sum
1596 3823 1828 3877 magno,
1863 3806 2104 3861 audiens

461 3901 598 3971 quid
633 3899 775 3954 mihi
808 3899 1062 3954 scribere
1093 3897 1313 3969 dignati
1345 3897 1505 3952 estis.
1533 3898 1695 3951 Unde
1714 3897 1934 3951 noverit
1965 3913 2104 3950 san-

461 3989 631 4045 ctitas
675 3993 887 4054 vestra,
931 4004 1120 4043 meam
1149 3987 1207 4042 in
1241 3987 1348 4042 hac
1381 4003 1440 4042 re
1472 4003 1574 4057 pro
1608 4003 1723 4056 qua
1783 3985 2104 4056 scripsistis

460 4080 710 4134 votivam
738 4094 866 4133 esse
897 4076 1344 4132 conscientiam:
1380 4079 1435 4132 et
1465 4075 1619 4147 quod
1659 4091 1937 4146 germano
1978 4090 2106 4129 meo

463 4167 701 4239 placuit,
735 4166 927 4238 placet
955 4170 1011 4221 et
1041 4165 1209 4221 nobis
1241 4164 1729 4232 famulisvestris;
1761 4163 1869 4218 hoc
1899 4168 2010 4230 est,
2043 4169 2108 4219 ut

533 4327 644 4398 (98)
677 4331 967 4382 Hactenus
999 4325 1244 4397 epistola
1275 4326 1527 4381 Pastoris
1572 4326 1643 4380 ad
1684 4325 2057 4381 Timotheum
2093 4344 2105 4382 :

464 4416 590 4472 quae
622 4403 949 4472 sequuntur
978 4399 1186 4472 deinde
1233 4398 1356 4472 ipse
1386 4399 1560 4452 etiam
1592 4399 1794 4453 Pastor
1823 4398 1893 4452 ad
1918 4403 2108 4469 poste-

465 4470 661 4526 rorum
697 4470 1037 4524 memoriam
1069 4470 1352 4540 adjunxit.

537 4543 647 4613 (99)
687 4542 830 4613 Alia,
856 4558 998 4596 mss.
1056 4539 1327 4596 Praxedi:
1358 4558 1377 4594 :
1410 4541 1511 4594 sed
1563 4543 1872 4611 utramque
1921 4539 2111 4595 nomi-

463 4611 719 4670 nandam
756 4611 1084 4682 fuissejam
1117 4613 1442 4667 docuimus.

537 4687 684 4756 (lOO)
715 4681 1075 4739 Antoninum
1108 4683 1200 4739 his
1258 4683 1642 4756 intelligimus
1669 4701 1682 4739 :
1706 4684 1978 4738 eumdem
2011 4681 2111 4754 qui

465 4755 645 4828 supra
675 4758 862 4820 Pium,
898 4774 1012 4810 non
1042 4773 1174 4811 vero
1205 4758 1333 4825 ejus
1364 4755 1550 4828 lilium
1609 4755 1865 4828 Marcum
1923 4761 2107 4809 Aure-

461 4826 610 4884 lium
634 4828 1123 4898 Antoninum(qui
1157 4828 1227 4882 ab
1260 4827 1506 4882 Eusebio
1535 4827 1592 4881 in
1625 4826 1906 4898 Chronico
1938 4828 1993 4880 et
2010 4842 2111 4880 an-

461 4901 625 4973 tiquo
657 4901 928 4973 Catalogo
970 4897 1266 4973 pontificio
1298 4899 1357 4952 in
1416 4898 1747 4973 Eleutherio
1781 4897 1957 4952 etiam
1996 4899 2110 4951 An-

462 4970 704 5027 toninus
737 4970 1081 5042 simpliciter
1105 4975 1366 5036 vocatur,
1386 4975 1441 5024 et
1460 4970 1569 5024 sub
1594 4984 1964 5042 quogravem
1988 4985 2114 5042 per:

465 5044 825 5098 secutionem
851 5039 1071 5097 motam
1103 5059 1229 5096 esse
1252 5046 1480 5096 constat
1502 5039 1653 5096 anno
1677 5039 1802 5109 ejus
1831 5042 1885 5108 7,
1901 5039 2113 5094 Christi

464 5118 701 5188 (168),et
730 5115 837 5169 hoc
871 5115 1008 5188 quia
1041 5113 1261 5188 nullam
1297 5113 1507 5167 mutati
1541 5112 1772 5188 imperii
1802 5111 1888 5166 vel
1922 5111 2112 5188 ponti-

464 5182 672 5243 ficatus
706 5182 1064 5241 mentionem
1097 5186 1233 5240 facit
1263 5189 1510 5251 Pastor;
1555 5182 1709 5256 quod
1755 5189 1960 5256 tamen
2021 5182 2113 5237 hic

466 5259 629 5314 locus
659 5259 967 5329 exegisset,
994 5257 1041 5312 si
1069 5263 1199 5329 post
1228 5258 1534 5328 utriusque
1557 5255 1939 5310 mutationem
1957 5259 2116 5310 mota

463 5331 724 5403 primum
748 5335 902 5386 esset
933 5329 1279 5402 persecutio,
1311 5330 1382 5385 de
1413 5345 1528 5401 qua
1549 5344 1740 5384 sermo
1772 5331 1880 5383 est.

2209 3368 2556 3432 mereretur,
2586 3364 2788 3419 oravit.
2823 3363 3005 3432 Cujus
3036 3363 3329 3418 orationes
3359 3368 3417 3418 et
3437 3361 3707 3434 lacryma:
3731 3379 3859 3434 per-

2210 3457 2494 3509 venerunt
2515 3454 2585 3508 ad
2616 3451 2850 3508 cmlum.
2882 3452 3030 3508 Nam
3061 3456 3194 3523 post
3243 3451 3370 3507 dies
3427 3451 3861 3523 quinquaginta

2213 3543 2475 3614 quinque
2497 3543 2575 3614 (2)
2608 3541 2900 3615 passionis
2930 3541 3339 3613 praedictorum
3373 3545 3740 3608 sanctorum,
3772 3540 3861 3594 die

2211 3631 2479 3688 videlicet
2509 3649 2587 3686 χιι
2623 3631 2912 3686 Kalendas
2940 3631 3213 3702 Augusti,
3247 3629 3519 3702 migravit
3540 3631 3612 3684 ad
3665 3629 3862 3685 Domi-

2215 3738 2381 3777 num.
2411 3721 2592 3791 Cujus
2623 3737 2837 3791 corpus
2865 3736 2970 3791 ego
3015 3721 3218 3774 Pastor
3269 3720 3569 3791 presbyter
3627 3717 3863 3790 sepelivi

2209 3813 2384 3881 juxta
2416 3816 2639 3882 patrem
2675 3810 3018 3876 Pudentem,
3049 3809 3143 3863 via
3167 3806 3408 3875 Salaria,
3442 3810 3501 3863 in
3534 3807 3863 3863 coemeterio

2219 3899 2512 3963 Priscillae,
2545 3902 2566 3922 '
2590 3897 2698 3954 Ubi
2729 3899 2938 3953 ﬂorent
2967 3896 3255 3952 orationes
3313 3913 3515 3952 eorum
3547 3898 3624 3968 (3)
3656 3899 3864 3968 (usque

2219 3988 2412 4059 hodie)
2442 4006 2454 4043 :
2488 3992 2803 4059 praestante
2834 3985 3080 4042 Domino
3111 3989 3309 4040 nostro
3337 3986 3475 4041 Jesu
3509 3985 3862 4052 Christo,cui

2217 4082 2306 4133 est
2325 4077 2511 4132 honor
2543 4080 2600 4130 et
2629 4075 2940 4147 imperium
2972 4091 3074 4146 per
3101 4078 3316 4130 acterna
3353 4072 3566 4130 saecula
3623 4072 3862 4128 saeculo-

2218 4183 2371 4222 rum.
2404 4167 2609 4220 Amen.

2291 4328 2365 4396 (l)
2399 4327 2459 4381 In
2497 4342 2641 4381 mss.
2671 4323 2951 4380 Romanis
2983 4323 3137 4396 apud
3158 4323 3487 4396 Aringbum
3509 4322 3594 4378 ita
3623 4322 3864 4396 legitur:

2223 4421 2252 4449 ‹‹
2283 4394 2540 4463 Quorum
2602 4413 2844 4468 corpora
2901 4394 3076 4468 noctu
3109 4395 3170 4448 Β.
3213 4395 3490 4468 Praxedis
3555 4394 3862 4468 colligens,

2221 4471 2571 4541 sanguinem
2603 4466 2835 4541 quoque
2865 4466 3130 4541 spongia,
3184 4482 3312 4541 quae
3334 4467 3632 4541 hactenus
3689 4466 3867 4533 extat,

2220 4542 2289 4596 de
2318 4536 2648 4612 pavimento
2709 4536 3382 4620 exhaurien'stsepelizit.
3413 4539 3583 4620 ju‘xta
3641 4545 3868 4620 patrem

2141 4618 2187 4682 D
2221 4609 2396 4668 suum
2429 4629 2492 4666 ac
2526 4628 2784 4666 sororem
2817 4610 2875 4664 in
2903 4609 3231 4682 cmmeterio
3290 4609 3586 4679 Priscillae,
3627 4612 3739 4665 sub
3773 4612 3864 4666 die

2219 4701 2296 4739 vu
2331 4683 2615 4739 Kalendas
2655 4681 2899 4750 Junias;
2935 4704 2963 4732 υ
2998 4697 3112 4752 quo
3169 4681 3264 4736 die
3323 4682 3605 4736 memoria
3662 4698 3866 4738 eorum

2220 4755 2562 4811 celebratur.

2291 4828 2368 4898 (2)
2398 4827 2658 4898 Totidem
2691 4823 2932 4890 scilicet,
2982 4823 3106 4878 dies
3149 4826 3544 4898 numerantur
3568 4841 3603 4879 a
3631 4825 3704 4878 26
3731 4823 3869 4898 Maii

2221 4895 2387 4953 ad'2'1
2420 4898 2558 4953 Julii
2593 4916 2605 4964 ;
2638 4897 2886 4968 ideoque
2943 4895 3299 4950 correximus
3349 4912 3489 4951 mss.
3525 4896 3583 4951 in
3647 4896 3866 4967 quibus

2221 4968 2412 5024 solum
2434 4969 2779 5041 legebantur
2807 4968 3047 5041 triginta
3075 4972 3345 5041 quatuor.

2295 5043 2372 5112 (3)
2405 5042 2464 5096 Si
2493 5037 2646 5096 _tota
2703 5037 2967 5095 clausula
2998 5040 3069 5094 ab
3099 5037 3268 5112 signo
3304 5047 3319 5112 ξ
3353 5055 3468 5093 non
3499 5041 3588 5093 est
3633 5037 3872 5093 alterius

2223 5110 2500 5178 auctoris,
2549 5112 2704 5183 quod
2754 5112 3066 5183 suspicor:
3101 5110 3357 5167 Pastoris
3402 5114 3561 5183 certe
3600 5127 3727 5183 non
3783 5115 3872 5164 est

2224 5184 2391 5254 illud,
2424 5207 2449 5233 «
2486 5180 2673 5255 usque
2699 5180 2890 5252 hodie,
2918 5205 2946 5231 »
2977 5182 3298 5254 longiorem
3338 5180 3616 5255 praeteriti
3647 5186 3869 5253 tempo—

2226 5257 2306 5311 ris
2327 5255 2818 5327 intercapedinem
2850 5255 3152 5310 denotans.
