4008 6350
203 524 3606 574 m

204 740 1414 996 TESTAMENTA
1549 736 3602 1121 XII_PATRIARCHARUM.

960 1252 1737 1389 VETEBUM
1849 1251 2858 1384 TESTIMONlA

714 1509 1024 1580 (GALLAND.
1051 1506 1314 1576 Veterum,
1345 1506 1580 1562 Patrum
1609 1503 1965 1574 Bibliotheca,
1997 1509 2042 1560 t.
2075 1506 2122 1573 Ι,
2153 1520 2210 1575 p.
2244 1504 2369 1572 241,
2404 1503 2657 1560 Venetiis
2690 1505 2851 1573 1763,
2884 1505 3106 1577 in-fol.)

601 1778 880 1834 ORIGENES
930 1776 1119 1831 homit.
1151 1792 1222 1829 xv
1252 1775 1314 1829 in
1359 1776 1537 1830 Iosue.
1570 1776 1655 1831 Ea:
1683 1773 1814 1829 edit.
1839 1773 2039 1828 noviss.
2067 1774 2175 1827 BB.
2209 1773 2385 1827 Paris.
2420 1773 2575 1838 1733,
2607 1776 2736 1828 tom.
2768 1774 2837 1839 II,
2859 1788 2989 1843 pag.
3026 1773 3131 1828 433
3161 1775 3221 1830 C.

280 1897 394 1953 Sed
424 1900 481 1950 et
502 1895 563 1970 in
593 1893 789 1970 aliquo
818 1891 1070 1970 quodam
1100 1889 1318 1970 libello,
1352 1889 1453 1961 qui
1504 1889 1833 1970 appellatur
1890 1889 2308 1970 Testamentum,
2338 1888 2619 1970 duodecim
2667 1890 3481 1970 patriarcharumquamvis“
3504 1908 3617 1970 non

202 1970 496 2025 habeatur
523 1966 584 2020 in
614 1960 862 2030 Canone',
896 1961 1070 2036 talem
1100 1967 1295 2017 tamen
1319 1960 1634 2036 quemdam
1667 1976 1907 2036 sensum
1930 1960 2261 2015 invenimus
2292 1960 2464 2031 (quod
2499 1977 2599 2032 per
2630 1960 2898 2033 singulos
2930 1960 3237 2032 peccantes
3269 1964 3485 2036 singuli
3518 1965 3615 2020 Sa-

202 2049 361 2097 tanae
392 2036 641 2108 intelligi
671 2036 938 2091 debeant.
974 2035 1202 2090 Testam.
1239 2051 1275 2105 ι,
1309 2034 1499 2089 Ruben
1525 2049 1645 2103 cap.
1671 2033 1726 2086 3.

1884 2147 1952 2202 II.

1282 2237 1608 2293 PROCOPIUS
1640 2237 1934 2293 Comment.
1970 2238 2027 2291 in
2057 2236 2261 2303 Genes.,
2296 2252 2418 2308 cap.
2447 2238 2535 2291 38.

285 2357 388 2413 Ille
420 2356 647 2428 (Iudas),
675 2371 853 2411 uxore
887 2354 1182 2428 defuncta,
1211 2352 1504 2428 quaerebat
1551 2352 1830 2428 sobolem.
1887 2353 1985 2428 In_r
2008 2353 2382 2428 Testamento
2412 2353 2625 2428 (aiunt)
2658 2356 2972 2428 attestatur
3002 2354 3052 2428 ei
3091 2356 3265 2420 Deus,

431 2423 725 2500 amarem),
755 2442 889 2483 cum
920 2425 1111 2481 adhuc
1132 2428 1287 2481 esset
1313 2424 1493 2497 virgo,
1516 2426 1700 2480 Judas
1725 2423 2034 2481 habuerit:
2065 2423 2715 2495 luxitqueiniquitatem
2746 2426 2895 2496 ejus.
2934 2426 3059 2483 Vide
3088 2423 3407 2484 Testament.
3437 2428 3620 2497 Iudae,

205 2447 344 2487 eam
371 2430 387 2500 (

206 2517 375 2575 capp.
403 2503 469 2557 1'0
497 2508 550 2557 et
582 2502 669 2555 12.

3300 2357 3453 2427 quod
3517 2357 3619 2412 diu

1893 2612 1987 2666 ΙΙΙ.

217 2712 575 2764 emeramus
629 2708 859 2761 SINMTA
879 2702 1167 2771 Anaaogit.
1226 2700 1610 2773 Cantemplott.
1670 2702 1730 2755 in
1787 2701 1875 2755 He:

1749 2788 1875 2827 oaa.

2005 2716 2155 2827 mg:
2194 2700 2289 2755 lib.
2320 2717 2419 2769 vn,
2447 2717 2516 2756 eo:
2545 2700 2675 2757 edit.
2704 2701 2968 2759 Biblioth.
3001 2704 3114 2758 PP.
3141 2704 3315 2776 Lugd.
3362 2712 3491 2760 tom.
3538 2707 3621 2777 IX,

2005 2794 2032 2827 Ι.
2127 2813 2139 2827 ο

1749 2788 1876 2844 pag.
1907 2788 2032 2840 δυο,
2068 2788 2139 2827 υ.

288 2892 456 2949 Unde
488 2890 707 2964 Hebrzei
737 2906 805 2964 ea
834 2888 982 2964 libro
1004 2887 1104 2964 qui
1135 2904 1252 2942 non
1282 2891 1372 2942 est
1400 2887 1668 2964 redactus
1694 2887 1754 2941 in
1782 2887 2099 2964 Canonem,
2132 2887 2229 2964 qui
2246 2887 2478 2964 quidem
2502 2889 2717 2964 dicitur
2738 2891 3131 2947 Testamentum
3141 2894 3627 2964 protoplastorum,

214 2966 428 3036 dicunt
449 2961 898 3036 quadragesima
925 2959 1378 3036 dieingressum
1409 2974 1537 3036 esse
1558 2960 1745 3036 Adam
1778 2959 1838 3014 in
1871 2959 2319 3031 paradiso,sicut
2352 2960 2526 3015 etiam
2556 2962 2785 3018 videtur
2811 2964 3045 3019 cuidam
3076 2959 3353 3021 historico
3376 2959 3628 3021 ohrono4

214 3035 449 3110 grapho
466 3030 793 3108 'Pyrrhoni,
828 3037 878 3089 et
907 3030 1262 3104 quibusdam
1282 3030 1729 3103 expositoribus.

1563 3371 2301 3461 DISSERTATIO

826 3556 913 3614 De
936 3552 1099 3613 libro
1130 3551 1237 3632 qui
1270 3550 1355 3612 De
1384 3549 1685 3613 duodecim
1721 3548 2223 3611 Patriam/tarum
2254 3550 2609 3610 testamentis
2649 3550 3029 3612 inscribitur.

1898 3730 1968 3742 ι--σ

977 3847 1067 3916 (D.
1101 3844 1179 3900 Ls
1209 3860 1463 3913 nouam,
1516 3846 1829 3917 Apparatus
1880 3844 1950 3899 ad
2006 3843 2265 3899 Biblioth.
2298 3860 2477 3915 mana,
2510 3848 2553 3899 t.
2579 3844 2622 3913 Ι,
2655 3862 2716 3917 p.
2746 3846 2898 3917 235.)

731 3996 1128 4053 ARTICULUS
1158 3997 1446 4054 PRIMUS.

766 4114 1024 4186 Analysz‘s
1044 4112 1207 4184 hujus
1238 4112 1398 4168 libri.

301 4267 367 4321 1n
388 4265 497 4321 hoc
523 4264 674 4320 libro
705 4250 1056 4320 exhibentur
1084 4262 1294 4319 ultima
1336 4262 1651 4319 duodecim
1688 4263 1879 4335 patri-

231 4355 571 4426 archarum,
605 4353 861 4409 ﬁliorum
892 4353 1094 4421 Jacob,
1126 4354 1321 4423 verba,
1348 4369 1473 4423 quas
1503 4352 1883 4423 ipsijamjam

232 4442 508 4500 morituri
532 4443 603 4499 ad
636 4442 810 4510 filios,
836 4445 1006 4513 atque
1035 4458 1104 4496 ex
1133 4440 1352 4497 eisdem
1383 4439 1673 4511 nonnulli,
1704 4441 1883 4496 nimi-

229 4548 369 4590 rum
402 4532 605 4588 Ruben
636 4535 695 4588 et
724 4530 944 4603 Joseph
977 4531 1047 4586 ad
1080 4530 1288 4585 fratres
1318 4546 1547 4601 quoque
1574 4546 1715 4585 suos
1778 4529 1882 4585 ha-

234 4621 441 4677 buisse
466 4620 761 4675 dicuntur.
794 4618 856 4673 In
888 4619 982 4674 his
1012 4621 1208 4674 autem
1266 4619 1469 4674 Ruben
1500 4620 1688 4689 major
1718 4622 1884 4687 natu,

233 4709 505 4767 omnium
537 4709 765 4780 primus
795 4712 1215 4764 testamentum
1262 4724 1438 4763 suum
1463 4725 1497 4762 a
1526 4707 1888 4763 confessione

230 4799 469 4865 incesti,
499 4799 652 4870 quod
686 4798 815 4870 ipse
846 4814 979 4853 cum
1011 4796 1169 4863 Bala,
1204 4796 1527 4851 concubina
1556 4798 1739 4869 patris
1796 4797 1887 4853 sui

226 4887 632 4954 commiserat,
664 4887 906 4942 orditur.
940 4888 1093 4942 Tum
1159 4886 1368 4941 deinde
1425 4886 1681 4941 ostendit
1741 4904 1889 4958 quas

232 4978 379 5034 inde
409 4993 611 5049 pcenae
639 4976 757 5032 Deo
789 4975 1099 5043 dederit,et
1115 4990 1292 5046 quam
1321 4974 1392 5029 ad
1423 4974 1738 5030 eluendum
1767 4992 1888 5031 sce-

234 5066 337 5123 lus
364 5082 541 5120 suum
575 5066 756 5137 egerit
811 5063 1236 5138 paenitentiam.
1299 5064 1689 5127 Quamobrem
1738 5063 1889 5119 ﬁlios

236 5172 383 5211 suos
412 5156 485 5210 ad
518 5153 834 5210 mulierum
867 5156 1167 5226 aspectum
1196 5150 1526 5220 vitandum,
1558 5156 1614 5207 et
1672 5152 1893 5224 fugien-

235 5246 377 5300 dam
411 5243 854 5299 fornicationem
872 5243 1239 5311 adhortatus,
1264 5240 1547 5297 nonnulla
1562 5241 1633 5296 de
1661 5241 1890 5298 Christo

232 5338 487 5390 venturo
519 5332 705 5388 obiter
732 5330 1099 5405 perstringit.

314 5386 968 5494 Cimeonvero‘ap‘erit
992 5386 1233 5494 uquanta
1269 5421 1330 5475 in
1377 5420 1591 5491 Joseph
1652 5420 1889 5475 fratrem
1922 5386 1969 5451 B

242 5527 424 5569 suum
452 5513 729 5566 exarserit
757 5511 994 5580 invidia,
1028 5516 1429 5583 quantumque
1458 5510 1672 5564 idcirco
1718 5511 1893 5565 fuerit

245 5600 590 5673 punitus,ao
624 5600 838 5669 peccati
872 5599 1178 5672 suiipsum
1202 5597 1555 5671 paenituerit.
1578 5599 1894 5671 Eapropter

246 5690 527 5745 admonet
553 5686 703 5744 ﬁlios
725 5705 887 5755 suos,
909 5693 975 5744 ut
1003 5689 1075 5743 ab
1106 5688 1344 5757 invidia,
1378 5684 1581 5741 sedulo
1630 5692 1891 5754 caveant,

247 5782 425 5851 atque
454 5776 517 5833 in
538 5775 915 5850 simplicitate
946 5776 1156 5849 cordis,
1212 5779 1269 5832 et
1301 5774 1561 5831 fraterna
1608 5773 1892 5832 oharitate

1904 4021 1959 4079 Α
1988 3996 2464 4052 constantissime
2487 4003 2871 4067 perseverent.
2898 3998 3157 4069 Denique
3178 4015 3245 4054 ex
3265 3999 3413 4057 libro
3434 4002 3633 4061 Enoch

1993 4085 2191 4139 futura
2218 4101 2418 4141 eorum
2447 4090 2702 4157 peccata,
2734 4092 2789 4142 et
2820 4086 3119 4144 Christum
3149 4099 3465 4147 venturum
3488 4109 3633 4164 prae-

1992 4174 2247 4229 nuntiat.

2064 4262 2195 4317 Levi
2228 4262 2406 4318 tradit
2436 4279 2498 4319 se
2529 4280 2563 4319 a
2591 4264 2707 4319 Deo
2734 4264 2964 4321 duabus
2995 4266 3278 4323 donatum
3333 4269 3517 4327 fuisse
3543 4272 3637 4327 vi-

1994 4349 2282 4419 sionibus,
2306 4368 2558 4421 quarum
2580 4353 2769 4424 prima
2796 4353 3058 4424 coalos,in
3081 4356 3293 4427 quibus
3316 4359 3467 4430 justi
3493 4376 3638 4431 prae-

1995 4439 2149 4505 miis,
2183 4439 2387 4510 injusti
2417 4457 2550 4496 vero
2577 4441 2882 4513 suppliciis
2923 4444 3275 4514 afﬁcientur,
3308 4463 3370 4504 se
3416 4448 3635 4505 vidisse

1995 4528 2298 4599 proﬁtetur
2330 4545 2342 4583 :
2378 4529 2439 4583 in
2470 4531 2730 4585 secunda
2758 4547 2821 4586 se
2871 4534 3330 4591 sacerdotalibus
3376 4538 3638 4594 vestibus

1994 4616 2267 4671 indutum
2291 4620 2347 4671 et
2395 4618 2753 4674 sacerdotem
2798 4621 2857 4675 in
2918 4626 3194 4677 aeternum
3250 4626 3637 4681 constitutum

1996 4706 2177 4762 fuisse
2210 4705 2480 4761 declarat.
2514 4708 2648 4762 Post
2674 4708 2793 4763 haec
2822 4726 2890 4764 ex
2918 4709 3065 4766 libro
3091 4712 3283 4767 Enoch
3324 4713 3463 4770 ﬁliis
3514 4716 3638 4770 suis

1998 4794 2310 4851 annuntiat
2340 4794 2397 4850 in
2425 4812 2551 4867 quae
2578 4796 2798 4868 lapsuri
2827 4804 3023 4854 essent
3048 4807 3300 4871 peccata,
3351 4803 3637 4875 pluraque

1999 4886 2068 4940 de
2098 4885 2349 4953 Christo,
2384 4900 2451 4939 ac
2482 4885 2552 4941 de
2580 4888 2920 4942 eorumdem
2943 4888 3197 4946 ﬁliorum
3246 4908 3489 4948 suorum
3521 4894 3640 4949 dis-

1998 4973 2286 5046 persione,
2319 4974 2523 5028 exsilio
2566 4978 2622 5029 et
2652 4976 2984 5047 captivitate
3016 4980 3291 5050 pradicit.

2069 5064 2252 5119 Judas
2278 5066 2475 5117 narrat
2506 5068 2791 5134 quantum
2814 5065 3056 5122 valuerit
3103 5070 3362 5141 corporis
3418 5071 3643 5129 viribus

2000 5169 2067 5207 ac
2106 5153 2333 5219 robore,
2378 5157 2435 5207 et
2457 5168 2631 5221 quam
2689 5154 2965 5224 praeclara
3010 5157 3069 5212 in
3118 5159 3334 5229 praeliis
3384 5160 3645 5218 facinora

1999 5241 2263 5297 ediderit.
2299 5241 2471 5296 Addit
2500 5242 2649 5297 Esau
2682 5242 2742 5298 in
2774 5245 2969 5316 praelio
3003 5263 3036 5301 a
3066 5247 3244 5303 Jacob
3275 5250 3555 5320 occisum,
3587 5256 3644 5308 et

2000 5346 2063 5386 se
2093 5347 2209 5385 non
2233 5329 2424 5386 solum
2466 5348 2599 5386 cum
2630 5332 2843 5388 Tamar
2869 5352 3020 5389 nuru
3077 5353 3185 5391 sua
3231 5340 3640 5406 concubuisse,

2002 5437 2201 5474 verum
2237 5436 2470 5474 uxorem
2505 5437 2732 5491 quoque
2758 5423 2991 5479 duxisse
3042 5425 3465 5483 Chananzeam:
3501 5434 3559 5485 at
3580 5448 3643 5486 se

2004 5510 2308 5579 utriusque
2326 5508 2589 5564 criminis
2616 5510 2804 5580 egisse
2837 5513 3257 5582 pcenitentiam.
3295 5518 3432 5573 lude
3490 5518 3641 5575 ﬁlios

2002 5598 2538 5665 commonel‘acit,ut
2570 5599 2795 5669 fugiant
2825 5601 3165 5659 ebrietatem
3208 5612 3264 5660 et
3313 5607 3643 5664 fornicatio-

2002 5704 2157 5757 nem,
2179 5687 2380 5757 eisque
2409 5686 2658 5742 subinde
2688 5695 2886 5744 narrat
2911 5708 3025 5762 quo
3064 5699 3233 5764 pacto
3267 5695 3531 5768 angelica
3559 5698 3643 5752 vi-

2000 5776 2164 5833 sione
2184 5775 2765 5847 didicerit,quantum
2783 5779 3062 5840 mulieres
3076 5782 3216 5841 viris
3229 5790 3426 5843 essent
3438 5786 3642 5848 noxiae.
