4036 6356
436 418 589 480 1027

1528 413 2060 476 TESTAMENTA
2104 413 2211 475 Xll
2257 414 2733 477 PATRIARCH.

3677 417 3841 480 l028

432 555 734 608 Postremo
765 550 911 622 ipsis
941 566 1069 621 quae
1097 548 1391 621 peccaturi
1446 553 1660 619 essent,
1694 553 1753 604 et
1810 549 2075 603 futurum
2104 562 2160 627 Α
2189 551 2245 602 et
2266 548 2523 604 futuram
2556 549 3018 621 tribulationem,
3051 554 3109 606 et
3137 550 3436 607 Christum
3470 550 3595 609 fore
3621 557 3843 608 ventu-

433 639 649 696 Christi
680 640 996 694 adventum
1028 637 1303 693 declarat.

500 733 818 800 Postquam
850 727 1117 783 lssachar
1148 727 1317 800 plura
1346 727 1417 783 de
1448 726 1756 782 nativitate
1782 743 1891 781 sua
1919 725 2079 780 edis-

429 819 702 885 seruit,se
721 817 803 873 ita
831 821 888 873 et
912 817 970 871 in
992 816 1370 889 simplicitate
1391 815 1729 871 ambulasse
1751 820 1807 870 et
1828 814 2079 870 coluisse

426 906 846 980 agriculturam
864 906 1115 973 fatetur;
1144 910 1207 960 ut
1229 905 1456 961 nullum
1484 922 1747 975 unquam
1775 908 2076 975 peccatum

428 998 499 1053 ad
536 1000 784 1051 mortem
842 996 1537 1067 admiserit.Quapropter
1593 993 1746 1048 ﬁlios
1807 1010 1945 1048 suos
2004 992 2075 1046 ad

431 1085 872 1157 simplicitatem
894 1089 951 1140 et
980 1084 1400 1157 agriculturam
1445 1083 1767 1155 plurimum
1798 1082 2078 1137 adhorta-

433 1178 551 1230 tur.

501 1263 758 1319 Zabulon
788 1280 851 1319 se
880 1262 1051 1319 etiam
1085 1280 1199 1318 non
1230 1278 1503 1335 peccasse
1535 1261 1764 1327 asserit,
1792 1264 1849 1313 et
1907 1258 2076 1330 plura

431 1354 501 1409 de
520 1353 853 1409 venditione
894 1352 1110 1424 Josepb
1144 1356 1535 1416 commentus,
1566 1350 1820 1405 ostendit
1849 1365 1910 1403 se
1939 1365 2073 1401 ven-

425 1442 667 1498 ditionis
690 1440 932 1508 illius,et
962 1442 1177 1513 peccati
1212 1442 1455 1495 fratrum
1480 1456 1719 1495 suorum
1746 1455 1859 1491 non
1893 1436 2074 1491 fuisse

423 1547 612 1587 reum.
638 1530 845 1587 Subdit
870 1546 1003 1586 vero
1059 1546 1121 1585 se
1153 1530 1409 1602 primum
1462 1532 1651 1601 fecisse
1679 1526 1936 1599 scapham
1965 1543 2070 1580 na-

421 1622 612 1690 vigare
642 1623 703 1675 in
730 1621 898 1687 mari,
931 1623 1107 1690 atque
1139 1636 1207 1675 ex
1237 1619 1434 1686 variis,
1468 1636 1616 1689 quos
1646 1618 1772 1689 ipse
1821 1618 2068 1686 ceperat,

423 1710 686 1782 piscibus
714 1725 777 1764 se
813 1708 1012 1780 egenis
1058 1708 1269 1780 stipem
1327 1723 1617 1779 erogasse.
1680 1704 2070 1771 Quamobrem

424 1799 577 1855 ﬁlios
607 1814 746 1854 suos
776 1798 989 1853 excitat
1017 1797 1088 1853 ad
1138 1796 1622 1865 misericordiam,
1672 1793 2064 1862 concordiam,

422 1890 480 1944 et
509 1888 823 1960 perfectam
859 1886 1008 1943 inter
1038 1904 1101 1943 se
1150 1887 1513 1941 charitatem.
1548 1886 1807 1940 Tandem
1866 1882 2066 1937 futura

418 1993 622 2033 eorum
654 1975 892 2042 scelera,
917 1979 973 2031 et
1001 1976 1257 2031 futuram
1290 1975 1501 2031 Christi
1527 1980 1604 2030 Do

415 2066 659 2134 tionem,
682 2065 953 2121 adductis
981 2082 1049 2119 ex
1079 2065 1226 2120 libro
1263 2064 1453 2121 Enoch
1486 2064 1752 2136 pluribus
1802 2060 2067 2116 testimo-

420 2155 553 2223 niis,
587 2154 917 2210 annuntiat.

488 2245 612 2300 Dan
646 2244 859 2300 fatetur
878 2261 939 2299 se
969 2244 1039 2299 de
1070 2244 1400 2299 venditione
1421 2247 1477 2298 et
1507 2247 1689 2297 morte
1712 2240 1945 2310 Josepb,
1971 2238 2065 2293 cui

421 2350 633 2390 manus
689 2334 891 2389 afferre
941 2333 1220 2400 voluerat,
1264 2334 1475 2405 gaudio
1508 2332 1685 2387 fuisse
1737 2332 2061 2402 perfusum.

421 2423 641 2479 Idcirco
688 2424 856 2479 docet
905 2422 1056 2479 filios
1105 2424 1176 2478 ab
1219 2422 1305 2478 ira
1336 2438 1462 2477 esse
1485 2422 1829 2489 cavendum,
1888 2424 2063 2490 atque

421 2512 501 2567 ibi
534 2512 815 2568 nonnulla
846 2513 916 2567 de
948 2512 1253 2567 mendacio
1277 2512 1549 2583 fugiendo
1572 2510 1772 2565 leviter
1794 2507 2060 2579 attengit.

419 2602 675 2673 Denique
703 2619 829 2672 quae
869 2601 981 2673 ipsi
1035 2602 1422 2673 perpetraturi
1480 2604 1677 2655 essent
1734 2597 1969 2656 scelera.
2008 2600 2064 2650 et

416 2691 538 2746 fore
569 2696 634 2745 ut
662 2690 929 2746 Christus
959 2690 1133 2746 homo
1163 2690 1419 2759 ﬁeret,ex
1446 2688 1595 2745 libro
1625 2688 1819 2744 Euoch
1859 2685 2060 2742 vatici-

416 2784 613 2835 natur.

486 2866 797 2939 Nephthali
831 2868 1018 2923 multa
1046 2868 1284 2940 quidem
1317 2869 1387 2923 de
1418 2868 1758 2939 parentibus
1794 2863 1942 2920 Baiae
1975 2863 2061 2918 fa-

417 2957 655 3014 bulatur
682 2982 696 3025 ;
730 2974 793 3012 ac
815 2956 968 3013 ﬁlios
1000 2975 1138 3013 suos
1170 2957 1376 3012 deinde
1408 2962 1623 3023 monet,
1661 2959 1725 3011 ut
1754 2955 1937 3009 Deum
1969 2970 2058 3008 ce-

415 3045 542 3102 lant
571 3050 627 3104 et
657 3047 715 3101 in
740 3046 891 3102 bono
921 3050 1305 3119 perseverent.
1339 3046 1418 3100 Ex
1446 3045 1594 3100 libro
1623 3050 1819 3100 autem
1842 3041 2057 3109 Enoch,

417 3140 593 3208 atque
614 3150 679 3192 ex
706 3135 1035 3192 visionibus
1055 3136 1180 3192 suis
1211 3134 1470 3207 praedicit
1500 3135 1617 3190 fore
1647 3138 1713 3189 ut
1743 3133 1802 3187 in
1825 3136 2060 3204 peccata

412 3225 529 3297 ipsi
558 3223 1020 3297 prolaberentur,
1054 3225 1530 3295 coorirenturque
1559 3226 1959 3293 tempestates,
1993 3237 2058 3276 ac

2192 654 2324 691 rum
2356 637 2515 693 haud
2547 640 2885 694 dubitanter
2913 639 3144 695 asserit.

2260 726 2554 782 Postremo
2587 729 2891 799 Benjamin
2915 728 3181 784 hortatur
3203 728 3354 785 filios
3380 746 3540 797 suos,
3567 733 3633 784 ut
3674 729 3845 786 Jose-

2190 814 2311 885 phi,
2336 816 2442 870 viri
2476 818 2685 887 sancti,
2719 818 2998 873 insistant
3026 818 3307 889 vestigiis,
3343 824 3523 874 Deum
3566 819 3846 886 timeant,

2189 904 2437 976 diligant
2464 908 2819 978 proximum,
2842 908 3145 979 praeceptis
3178 908 3279 962 Dei
3310 908 3608 973 obediant,
3641 925 3711 963 ac
3732 926 3849 980 pu-

2190 1011 2314 1049 ram
2346 1000 2403 1049 et
2448 995 2887 1051 immaculatam
2936 1000 3277 1052 conservent
3325 1013 3493 1052 suam
3552 1002 3843 1053 mentem.

2188 1083 2311 1139 Illis
2341 1089 2536 1139 autem
2582 1084 2727 1156 ipsis
2774 1102 2841 1141 ex
2885 1085 3031 1140 libro
3075 1085 3270 1140 Enoch
3328 1085 3590 1158 praedicit
3638 1086 3843 1141 futura

2188 1189 2388 1228 eorum
2422 1173 2687 1240 crimina,
2719 1174 3019 1229 Christum
3049 1179 3385 1240 venturum,
3406 1173 3604 1230 velum
3627 1173 3839 1244 templi

2188 1261 2595 1333 scindendum,
2620 1279 2823 1319 omnes
2850 1280 2883 1319 a
2913 1262 3159 1317 mortuis
3179 1263 3515 1319 excitandos
3562 1264 3836 1319 homines

2186 1350 2318 1405 etin
2343 1351 2568 1421 judicio
2601 1351 2911 1407 universali
2936 1351 3248 1406 sistendos.
3281 1352 3539 1424 Denique
3589 1352 3745 1407 sicut
3771 1357 3835 1407 et

2185 1438 2283 1493 alii
2314 1441 2661 1511 patriarcha
2690 1441 2826 1496 ﬁliis
2858 1441 2981 1497 suis
3004 1441 3444 1509 mandaverant,
3502 1442 3587 1496 ita
3628 1446 3685 1497 et
3732 1440 3831 1497 ille

2184 1529 2308 1583 suis
2355 1530 2614 1601 praecipit
2644 1534 2707 1584 ut
2755 1548 2825 1585 ex
2850 1531 3089 1603 {Egypto
3121 1531 3181 1584 in
3217 1531 3441 1585 Hebron
3504 1547 3641 1586 ossa
3697 1547 3831 1597 sua,

2183 1634 2309 1687 quae
2340 1618 2420 1673 ibi
2462 1635 2596 1673 cum
2628 1619 2892 1689 patribus
2941 1618 3065 1675 suis
3116 1618 3495 1691 sepeliantur,
3528 1624 3835 1690 asportent

2181 1711 2238 1762 et
2267 1708 2522 1763 condant
2540 1708 2600 1762 in
2631 1708 2878 1764 tumulo.

2746 1842 3133 1898 ARTICULUS
3184 1842 3253 1897 II.

1610 1973 1754 2029 mini
1795 1972 2064 2026 incarna-
2092 1941 2140 2007 B
2180 1952 2610 2005 Demonstratur
2640 1951 2785 2005 hunc
2822 1950 3026 2029 librum
3056 1951 3396 2021 suppositum
3416 1965 3532 2006 esse
3559 1953 3608 2005 et
3665 1949 3831 2005 adut-

2885 2022 3024 2077 terin
3033 2038 3145 2076 um.

2245 2154 2347 2209 Hic
2378 2154 2543 2225 liber,
2593 2155 2813 2211 nullius
2870 2155 3123 2211 auctoris
3181 2155 3417 2211 nomine
3468 2154 3827 2228 inscriptus,

2174 2244 2559 2314 px'osoribitur
2588 2246 2659 2300 ab
2693 2244 3391 2315 omnibus,asseriturque
3422 2260 3556 2299 eum
3578 2244 3829 2316 ﬁgmen-

2171 2332 2269 2402 tis,
2306 2333 2517 2387 iabulis
2564 2334 2977 2404 erroribusque
3008 2332 3245 2405 plenum
3277 2348 3426 2396 esse,
3449 2336 3504 2387 et
3532 2333 3822 2389 scaturire

2173 2422 2516 2477 mendaciis.
2550 2423 2697 2487 Quin
2727 2423 2844 2477 imo
2896 2422 3064 2493 plura
3094 2438 3227 2476 cum
3281 2438 3444 2477 sacro
3503 2422 3822 2494 Scriptura

2173 2514 2331 2565 textu
2363 2511 2684 2583 pugnantia
2714 2511 2773 2566 in
2806 2511 2905 2567 illo
2937 2511 3451 2583 deprehendimus.

2243 2600 2504 2655 Primum
2536 2601 2693 2655 enim
2724 2601 2779 2655 id
2804 2600 2987 2655 textui
3020 2600 3211 2655 divino
3244 2601 3603 2667 adversatur,
3659 2601 3820 2671 quod

2172 2688 2374 2743 Ruben
2407 2690 2476 2744 de
2510 2706 2613 2744 suo
2636 2706 2769 2744 cum
2802 2688 2957 2755 Bala,
2992 2694 3048 2744 et
3075 2689 3258 2744 Judas
3291 2705 3423 2743 cum
3484 2690 3701 2743 Tamar
3730 2689 3820 2742 in-

2171 2782 2333 2832 cestu
2366 2777 2722 2833 fabulantur.
2755 2777 2902 2832 Illud
2936 2778 3072 2833 item
3104 2778 3259 2849 quod
3293 2779 3365 2832 de
3421 2777 3819 2848 quorumdam

2170 2866 2655 2937 patriarcharum,
2681 2866 3156 2934 Simeonis,verbi
3177 2866 3384 2938 gratia,
3419 2871 3477 2921 et
3494 2866 3823 2921 Zabulonis

2171 2956 2451 3009 statuitur
2479 2959 2668 3011 aetate.
2704 2957 2781 3011 Ea
2811 2956 3062 3027 denique
3078 2972 3205 3026 quae
3238 2955 3474 3011 Simeon
3495 2959 3551 3010 et
3585 2955 3721 3009 Levi
3745 2956 3818 3010 de

2169 3045 2377 3116 poenis,
2410 3062 2557 3115 quas
2590 3046 2661 3100 ob
2697 3047 2850 3100 Dina:
2882 3044 3094 3100 sororis
3117 3062 3235 3100 suae
3270 3050 3507 3116 raptum
3537 3061 3572 3098 a
3630 3044 3815 3099 Sichi-

2169 3133 2329 3189 mitis
2360 3134 2660 3205 repetiero,
2686 3138 2742 3189 et
2772 3151 2901 3205 quae
2957 3134 3078 3189 Gad
3139 3134 3210 3189 de
3237 3133 3571 3189 venditione
3599 3134 3815 3206 Ioseph

2166 3223 2406 3279 ﬁnxisse
2426 3224 2699 3295 legimus.

411 3314 678 3371 Christus
696 3314 934 3371 tandem
964 3318 1269 3387 assumpta
1314 3313 1575 3370 humana
1632 3327 1806 3368 carne
1860 3326 2057 3366 nasce-
2086 3311 2130 3379 C
2228 3316 2512 3368 Praeterea
2531 3328 2735 3368 omnes
2762 3312 2879 3367 fere
2899 3311 3242 3383 patriarchaa
3262 3311 3481 3367 ibidem
3513 3310 3812 3368 inducun-

412 3406 591 3460 retur.

479 3493 600 3547 Gad
633 3492 732 3549 ubi
764 3494 935 3564 plura
963 3493 1035 3548 de
1062 3493 1393 3549 venditione
1414 3491 1631 3563 Josepb
1658 3490 2057 3546 commentitia

408 3579 672 3646 tradidit,
706 3580 1012 3637 conﬁtetur
1040 3599 1101 3637 se
1130 3598 1262 3637 eum
1287 3582 1418 3637 odio
1464 3580 1739 3636 habuisse
1769 3585 1889 3635 tam
1939 3580 2056 3634 im-

416 3668 708 3741 placabili,
733 3674 798 3724 ut
828 3670 938 3741 ipsi
962 3687 1161 3726 necem
1194 3671 1520 3728 consiscere
1550 3668 1817 3739 voluerit,
1851 3669 1952 3723 sed
1986 3668 2057 3722 de

417 3758 511 3813 his
532 3762 589 3814 et
608 3758 950 3831 paenituisse
980 3764 1037 3814 et
1072 3759 1253 3816 luisse
1304 3776 1524 3832 poenas.
1569 3758 1849 3822 Quocirca
1904 3757 2055 3813 filios

410 3861 554 3901 suos
578 3847 650 3900 ad
682 3846 881 3901 odium
904 3846 1270 3919 fugiendum,
1311 3852 1368 3902 et
1396 3847 1702 3902 fovendam
1736 3846 2055 3901 fraternam

410 3934 753 3991 charitatem
783 3935 1077 4004 incitat,ac
1109 3935 1423 3992 nonnullas
1454 3937 1692 3991 demum
1723 3935 1793 3991 de
1827 3934 2053 3990 Christo

407 4023 602 4080 fundit
629 4024 1090 4081 vaticinationes.

476 4115 615 4169 Aser
643 4113 795 4169 ﬁlios
827 4130 963 4171 suos
993 4115 1139 4171 duas
1159 4132 1287 4171 esse
1317 4114 1441 4171 vias
1471 4115 1656 4181 docet,
1681 4130 1859 4169 unam
1891 4112 2049 4181 boni,

406 4201 547 4257 mali
571 4201 851 4271 alteram;
885 4202 1035 4259 hanc
1087 4203 1544 4276 relinquendam,
1589 4202 1752 4259 illam
1809 4218 2050 4274 carpen-

406 4291 565 4346 dam.
596 4291 897 4347 Testatum
930 4292 1137 4348 deinde
1170 4293 1470 4364 facit,sein
1502 4292 1603 4347 illa
1631 4292 1767 4347 boni
1788 4292 1882 4347 via
1897 4308 2050 4347 sem-

407 4395 510 4451 per
539 4378 1076 4452 ambulasse,atque
1098 4380 1248 4437 filios
1280 4398 1417 4437 suos
1441 4387 1505 4437 ut
1526 4382 1681 4437 idem
1701 4381 1810 4437 iter
1830 4381 2051 4447 ineant,

405 4467 556 4524 serio
588 4474 937 4524 commonet.
958 4470 1218 4541 Denique
1238 4471 1333 4526 his
1363 4471 1672 4526 annuntiat
1702 4471 1820 4525 fore
1851 4475 1917 4524 ut
1936 4469 2050 4541 ipsi

402 4562 733 4629 peccarent,
795 4574 862 4613 ac
918 4558 1166 4631 dispersi
1232 4565 1600 4633 vagarentur,
1665 4559 2049 4630 Christusque

403 4651 609 4719 postea
628 4647 871 4703 veniret.

472 4735 691 4807 Josepb
723 4736 972 4808 explicat
1000 4754 1115 4809 quo
1176 4743 1342 4811 pacto
1376 4757 1409 4795 a
1438 4739 1719 4795 fratribus
1769 4737 1916 4808 suis,
1948 4737 2049 4808 qui

405 4840 541 4879 eum
574 4825 812 4895 perdere
835 4826 1225 4899 decreverant,
1249 4828 1326 4883 sit
1354 4828 1646 4893 venditus,
1682 4832 1734 4882 et
1795 4832 2051 4899 postmo-

408 4914 548 4969 dum
577 4918 812 4986 emptus
843 4932 876 4970 a
907 4916 1238 4988 Putiphare.
1302 4917 1467 4973 Ponit
1516 4917 1691 4971 etiam
1722 4916 1795 4971 ob
1852 4915 2053 4971 oculos

408 5002 648 5074 quantis
679 5004 926 5073 artibus,
946 5004 1269 5073 blanditiis,
1304 5006 1616 5077 minisque,
1652 5009 1785 5061 ante
1814 5009 1871 5059 et
1900 5010 2055 5076 post-

409 5109 587 5165 quam
618 5094 679 5148 in
711 5110 1000 5151 carcerem
1029 5096 1237 5151 fuisset
1258 5096 1727 5166 conjectus,utor
1756 5094 2053 5165 Putiphari

406 5182 736 5238 castitatem
790 5184 919 5255 ejus
974 5185 1282 5240 tentaverit
1314 5203 1325 5240 :
1359 5190 1579 5256 quanta
1622 5184 1873 5255 denique
1929 5184 2053 5238 suis

399 5268 527 5340 ipse
561 5271 837 5328 fratribus
859 5273 1034 5329 etiam
1060 5279 1192 5346 post
1214 5273 1415 5330 Jacobi
1445 5278 1690 5329 mortem
1722 5273 2052 5344 impertive-

397 5358 475 5412 rit
498 5358 676 5416 bona.
712 5360 886 5418 Filios
911 5362 1116 5435 itaque
1149 5381 1289 5420 suos
1318 5364 1390 5419 ad
1420 5362 1812 5431 sobrietatem,
1874 5362 2052 5418 casti-

396 5449 600 5517 tatem,
669 5448 1203 5523 longanimitatem,
1236 5458 1293 5509 et
1323 5454 1639 5509 fraternam
1684 5452 2052 5508 dilectionem

398 5533 727 5608 plurimum
760 5541 996 5609 excitat,
1031 5558 1096 5598 ac
1122 5543 1362 5600 tandem
1393 5559 1462 5599 ex
1490 5542 1855 5599 somniorum
1910 5540 2053 5597 visis

476 5758 496 5800 ι
527 5752 665 5816 Lib.
683 5770 759 5815 xv
782 5755 861 5818 De
886 5756 1063 5833 civit,
1083 5774 1212 5834 cap.
1238 5759 1332 5820 23.

2163 3405 2262 3455 tur
2291 3401 2686 3473 apocryphum
2716 3400 2933 3456 librum
2966 3400 3437 3471 Enoch,eumque
3463 3405 3810 3472 corruptum

2164 3490 2431 3545 citantes.
2466 3489 2792 3561 Augustino
2832 3489 2986 3544 enim
3020 3489 3194 3544 ﬁdem
3225 3492 3273 3543 si
3302 3488 3541 3554 habeas,
3574 3488 3807 3545 codices

2164 3578 2296 3633 libri
2328 3578 2522 3634 Enoch
2573 3576 2823 3650 duplicis
2853 3578 3083 3649 generis
3142 3578 3398 3645 fuerunt,
3454 3577 3553 3632 alii
3580 3577 3701 3633 veri
3752 3582 3814 3633 et

2164 3668 2425 3740 genuini,
2456 3666 2555 3723 alii
2586 3666 2839 3738 corrupti
2870 3671 2926 3721 et
2955 3665 3288 3723 adulterati.
3315 3666 3485 3737 Atqui
3508 3671 3812 3722 auctorem

2166 3761 2431 3812 nostrum
2462 3756 2520 3810 in
2556 3756 2659 3811 hos
2688 3756 3095 3811 tantummodo
3116 3755 3394 3810 incidisse
3416 3755 3638 3810 nemini
3660 3759 3815 3811 certe

2165 3845 2411 3901 dubium
2442 3844 2748 3912 videbitur,
2782 3844 2882 3914 qui
2913 3843 3036 3899 haec
3065 3844 3137 3900 de
3167 3843 3376 3899 iisdem
3407 3842 3659 3898 audierit
3699 3846 3814 3899 Au-

2164 3934 2385 4007 gustini
2415 3936 2591 3990 verba
2616 3938 2632 3969 ¹
2671 3952 2683 3990 :
2716 3934 3005 4003 Scripsisse
3033 3932 3251 4003 quidem
3302 3932 3571 3988 nonnulla
3625 3932 3818 3988 divina

2160 4023 2364 4094 Euoch,
2396 4024 2559 4078 illum
2581 4024 2874 4094 septimum
2904 4025 2970 4076 ab
3000 4022 3199 4089 Adam,
3234 4036 3433 4092 negare
3462 4036 3575 4075 non
3619 4037 3816 4092 possu-

2161 4130 2303 4180 mus,
2332 4129 2459 4168 cum
2494 4114 2593 4167 hoc
2622 4113 2687 4167 in
2716 4112 2961 4184 Epistota
3014 4112 3280 4166 canonica
3325 4111 3502 4167 ludas
3531 4112 3813 4181 apostolus

2161 4203 2335 4259 dicat.
2362 4202 2462 4258 Sed
2488 4218 2600 4257 non
2626 4204 2836 4273 [rustra
2866 4216 2975 4255 non
3003 4208 3132 4256 sunt
3159 4202 3221 4255 in
3241 4216 3305 4255 eo
3334 4216 3543 4255 canone
3558 4200 3811 4272 Scriptu-

2160 4309 2375 4362 rarum,
2402 4293 2495 4362 qui
2523 4291 2840 4346 servabatur
2872 4292 2930 4344 in
2960 4289 3156 4361 templo
3187 4288 3412 4345 Hebraei
3436 4289 3649 4360 populi,
3678 4306 3806 4344 suc-

2160 4382 2467 4438 cedentium
2498 4380 2788 4451 diligentia
2814 4378 3152 4434 sacerdotum
3181 4394 3201 4439 ;
3239 4379 3354 4433 nisi
3380 4379 3514 4449 quia
3538 4378 3603 4433 ob
3649 4380 3806 4433 anti-

2159 4475 2424 4543 quitatem
2452 4473 2713 4540 suspectze
2741 4468 2870 4538 ﬁdei
2885 4466 3142 4537 judicata
3169 4471 3319 4536 sunt,
3347 4482 3447 4522 nec
3473 4470 3661 4521 utrum
3685 4468 3807 4524 hac

2157 4562 2354 4629 essent,
2385 4573 2511 4630 qum
2539 4558 2635 4613 ille
2662 4556 2988 4627 scripsisset,
3001 4558 3213 4626 poterat
3238 4557 3549 4610 inveniri...
3584 4554 3733 4611 Unde
3751 4564 3805 4611 et

2079 4684 2126 4749 D
2159 4650 2261 4704 illa
2286 4664 2410 4722 quae
2439 4647 2540 4703 sub
2570 4647 2686 4717 ejus
2732 4646 2960 4701 nomine
3010 4646 3391 4716 proferuntur,
3419 4648 3471 4699 et
3525 4646 3813 4701 continent

2161 4741 2293 4794 istas
2319 4738 2383 4793 de
2411 4736 2724 4807 gigantibus
2752 4735 2992 4804 fabulas,
3024 4734 3172 4803 quod
3200 4750 3310 4788 non
3352 4732 3653 4788 habuerint
3713 4734 3811 4789 ho-

2160 4830 2335 4883 mines
2363 4830 2565 4897 patres,
2596 4829 2737 4879 rccte
2761 4840 2800 4879 a
2821 4822 3187 4894 prudentibus
3208 4838 3317 4877 non
3364 4822 3695 4893 judicantur
3724 4826 3809 4894 ip-

2158 4920 2275 4972 sius
2291 4932 2401 4972 esse
2430 4914 2695 4970 credenda
2719 4931 2731 4981 ;
2751 4914 2890 4967 sicut
2916 4912 3095 4967 multa
3111 4912 3208 4967 sub
3229 4912 3543 4967 nominibus
3568 4914 3810 4967 aliorum

2154 5006 2568 5078 praphetarum,
2601 5006 2652 5058 et
2685 5003 2997 5057 recentiora
3029 5000 3131 5056 sub
3175 5001 3492 5056 nominibus
3541 5002 3810 5072 apestoto-

2162 5112 2289 5151 rum
2318 5097 2385 5150 ab
2417 5093 2689 5151 haereticis
2708 5099 3091 5163 pr0[eruntur.
3125 5092 3334 5145 Auctor
3359 5089 3573 5161 quippe
3605 5094 3812 5146 noster

2160 5186 2305 5241 istas
2338 5186 2407 5239 de
2451 5181 2789 5255 gigantibus
2847 5178 3097 5250 fabulas,
3158 5178 3307 5233 mira
3352 5179 3569 5234 ﬁducia
3626 5177 3811 5235 semel

2162 5280 2339 5343 atque
2368 5275 2583 5329 iterum
2615 5275 2897 5340 tanquam
2928 5284 3127 5323 verum
3162 5268 3303 5340 quid
3334 5274 3391 5323 et
3422 5273 3647 5323 certum
3674 5284 3810 5339 pro-

2162 5373 2273 5428 fert
2301 5370 2357 5422 et
2382 5361 2661 5419 venditat.
2696 5357 2839 5412 Hinc
2868 5373 3003 5429 ergo
3034 5362 3091 5412 et
3121 5356 3291 5411 illum
3320 5361 3629 5429 corruptos
3674 5355 3809 5411 libri

2163 5456 2355 5515 Enoch
2385 5451 2611 5508 codices
2643 5448 2875 5515 citasse,
2909 5450 2965 5502 et
2985 5445 3201 5501 librum
3237 5447 3365 5515 eius
3419 5445 3639 5503 falsum
3669 5458 3799 5501 esse

2164 5554 2221 5607 et
2251 5541 2624 5618 suppositum
2654 5554 2770 5593 non
2801 5536 3045 5593 obscure
3083 5534 3394 5608 colligitur.
