4036 6356
508 335 655 396 1031

1599 331 2131 393 TESTAMENTA
2182 332 2286 394 XII
2335 331 2809 394 PATRIARCH.

3764 337 3920 399 1033

504 466 807 521 sententiae
840 465 910 519 de
937 464 1146 520 horum
1167 464 1675 520 Testamentorum
1700 464 2028 519 Christiano
2052 480 2153 517 au-
2181 472 2233 538 Α
2266 464 2620 533 conjecturis
2652 464 3010 536 expedienda
3038 465 3135 532 sit,
3168 482 3273 522 nos
3302 482 3436 522 cum
3470 466 3777 523 Dodwello
3808 470 3916 539 (11}

503 554 1110 626 ctore,subscripsisse
1123 544 1350 625 quoque
1363 552 1937 609 JoannemClericum
1952 556 2153 625 postea

500 644 757 702 intellexi
786 644 887 715 (6).

572 733 861 806 Opposita:
893 737 1086 788 autem
1120 731 1377 805 opinioni
1409 749 1612 787 ansam
1646 731 1962 803 praebuisse
1990 732 2142 786 vide-

504 830 602 880 tur
633 824 941 879 Mattbaeus
993 822 1176 887 Paris,
1210 822 1309 893 qui
1359 822 1429 876 de
1480 821 1820 891 hujusmodi
1870 820 2152 892 opusculo

504 913 682 969 verba
727 912 967 981 faciens,
1000 912 1119 966 haec
1148 911 1324 966 habet
1372 912 1448 982 (7)
1483 928 1494 965 :
1528 912 1665 981 Ipsis
1696 926 1903 981 quoque
1949 918 2151 981 tempo-

517 1004 671 1059 ribus
701 1002 862 1073 (ann.
912 1001 1068 1073 1242)
1110 1003 1388 1072 episcopus
1428 1001 1825 1055 Lincolniensis
1873 999 2150 1067 Robertus,

518 1096 609 1150 uir
639 1094 697 1147 in
726 1092 924 1147 Latino
954 1094 1006 1146 et
1033 1094 1216 1146 Graeco
1244 1090 1637 1160 peritissimus,
1657 1091 1994 1143 Testamenta
2025 1088 2153 1143 duo-

516 1183 689 1240 decim
712 1181 1170 1253 patriarcharum
1200 1178 1263 1234 de
1294 1179 1475 1235 Graeco
1522 1178 1682 1248 ﬁdeli
1708 1180 2153 1248 interpretatione

510 1273 797 1329 transtulit
826 1274 887 1327 in
917 1272 1195 1325 Latinum.
1230 1270 1362 1337 Quae
1388 1284 1486 1340 per
1512 1266 1699 1322 multa
1727 1271 1973 1338 tempora
2002 1268 2150 1321 inco-

508 1364 667 1433 gnita
697 1364 745 1417 et
776 1359 1090 1417 abscondita
1124 1358 1355 1433 fuerunt
1382 1374 1480 1429 per
1508 1356 1779 1411 invidiam
1806 1356 2147 1423 Iudaeorum,

505 1454 729 1524 pr0pter
751 1450 1071 1523 prophetias
1102 1448 1165 1503 de
1195 1446 1490 1503 Saluatore
1518 1448 1580 1501 in
1611 1448 1688 1501 eis
1721 1448 2013 1501 contentas.
2049 1444 2150 1499 Sed

512 1542 699 1609 Graeci,
732 1542 978 1597 omnium
1020 1540 1353 1609 scriptorum
1381 1537 1800 1605 diligentissimi
1850 1535 2148 1602 investiga-

509 1636 667 1697 tores,
710 1631 883 1701 primi
932 1630 991 1683 in
1036 1628 1296 1683 notitiam
1339 1625 1492 1680 illius
1552 1626 1746 1695 scripti
1790 1623 2147 1693 devenientes,

508 1719 648 1774 illud
675 1718 741 1773 de
790 1718 1001 1773 Hebrwo
1033 1718 1097 1772 in
1143 1715 1387 1770 Graecum
1432 1712 1857 1779 transtulerunt,
1888 1715 1939 1765 et
1983 1727 2148 1782 penes

506 1824 594 1863 eos
622 1824 790 1878 usque
840 1808 899 1861 in
925 1808 1110 1860 nostra
1157 1813 1395 1875 tempora
1444 1805 1812 1857 reservarunt.
1865 1800 1969 1853 Nec
2017 1808 2146 1853 tem-

2262 551 2322 605 in
2352 552 2578 621 primis,
2614 553 2823 608 Wolﬁo
2856 554 2991 625 (12),
3024 554 3285 610 Rucbato
3336 555 3447 624 (13)
3497 554 3761 627 aliisque
3786 572 3921 611 cen-

2264 656 2483 711 semus,
2516 640 2727 696 saeculo
2760 660 2778 697 ι
2806 642 3107 698 desinente
3122 644 3465 715 scriptorem
3489 644 3796 711 ﬂoruisse;
3821 647 3921 717 qui

2264 728 2544 784 nimirum
2592 729 3014 787 Helenisticum
3063 731 3237 804 plane
3288 732 3509 806 stylum
3554 733 3918 801 adhibuerit,

2262 818 2453 885 qualis
2481 819 2719 875 ineunte
2752 820 2962 876 saeculo
2993 838 3033 876 ιι
3082 822 3141 876 in
3198 823 3649 879 desuetudinem
3702 825 3923 881 abiisse

2260 910 2616 980 comperitur
2648 926 2659 965 :
2697 908 2833 965 licet
2882 911 3215 967 Mazochius
3248 912 3560 985 V.C.paulo
3589 911 3773 969 aliter
3789 930 3924 970 sen-

2263 998 2404 1053 serit
2433 999 2568 1068 (14).
2603 998 2803 1070 Neque
2833 999 2944 1055 alia
2974 1005 3252 1072 praeterea
3299 1002 3515 1057 desunt
3563 1009 3923 1074 argumenta

2260 1084 2349 1141 vel
2381 1086 2506 1157 ipso
2546 1087 2755 1142 Grabio
2788 1092 3133 1160 suggerente
3164 1090 3297 1161 (15),
3358 1090 3573 1161 quibus
3622 1093 3922 1147 sententia

2260 1173 2600 1245 hujusmodi
2631 1176 2821 1249 magis
2851 1177 3042 1233 adhuc
3074 1179 3409 1234 conﬁrmari
3439 1183 3635 1250 queat.
3654 1180 3918 1245 Scilicet,

2261 1280 2377 1318 non
2408 1268 2543 1319 ante
2571 1282 2791 1321 annum
2823 1284 2945 1321 terte
2974 1266 3235 1339 vulgaris
3261 1268 3333 1324 52
3371 1268 3758 1325 Testamenta
3790 1270 3919 1325 hac

2260 1350 2601 1408 elucubrata
2626 1353 2806 1411 fuisse
2836 1355 3243 1427 perhibentur,
3277 1373 3390 1428 quo
3428 1356 3752 1427 Epistolam
3786 1360 3807 1413 Ι
3844 1360 3915 1414 ad

2258 1440 2809 1499 Thessalonicenses
2852 1445 3033 1501 fuisse
3081 1446 3361 1517 scriptam
3407 1446 3755 1503 existimant
3804 1449 3919 1503 viri

2259 1530 2878 1598 eruditi,Pearsonius
2937 1534 3075 1606 (16),
3134 1534 3354 1590 Millius
3411 1534 3548 1606 (17),
3605 1535 3707 1590 alii
3741 1552 3755 1589 ε
3788 1536 3917 1592 hec

2258 1620 2410 1675 enim
2440 1620 2500 1674 in
2534 1624 2881 1678 testamento
2912 1623 3041 1678 Levi
3065 1624 3363 1697 Leguntur
3391 1624 3409 1696 (
3422 1625 3505 1696 18)
3539 1641 3553 1681 :
3585 1625 3824 1701 Ἐφθασι
3858 1622 3916 1679 δὲ

2257 1708 2289 1775 ἡ
2327 1706 2458 1783 ὀθγὴ
2493 1708 2687 1783 Κυρίου
2720 1708 2802 1764 ἐπ’
2834 1710 3027 1772 αὐτοὺς
3060 1711 3137 1773 εἰς
3167 1709 3352 1774 τέλος.
3387 1714 3545 1770 Venit
3574 1722 3761 1771 autem
3825 1716 3917 1770 ira

2256 1799 2478 1853 Domini
2504 1816 2669 1871 super
2696 1816 2783 1855 eos
2814 1804 2873 1856 in
2894 1802 3061 1871 ﬁnem
3091 1820 3109 1857 :
3142 1819 3273 1874 qua
3294 1803 3533 1874 quidem
3563 1804 3746 1859 verba
3772 1820 3916 1859 con-

507 1852 591 1863 .m
625 1852 787 1878 ..-την
927 1852 1109 1860 ﬂ--."
1866 1852 1877 1853 κ
1916 1852 1927 1853 κ
2046 1852 2051 1853 κ
2400 1852 2403 1853 ν
2464 1852 2469 1853 κ
2614 1852 2646 1854 -.
3146 1852 3533 1874 ,__1_-_-_
3577 1852 3746 1859 .--__
3775 1852 3889 1859 ---

504 1913 636 1968 pore
665 1897 814 1951 beati
841 1896 1164 1965 Hieronymi
1208 1893 1291 1948 uel
1317 1893 1557 1962 alicujus
1606 1892 1787 1945 sancti
1832 1891 2148 1959 interpretis
2179 1852 2225 1915 Β
2260 1890 2350 1941 tra
2378 1888 2612 1944 Judaaos
2643 1889 2889 1962 prolata,
2922 1908 2990 1946 ex
3019 1891 3254 1948 laudata
3276 1892 3915 1950 Thessalonicensibus

502 1986 572 2042 ad
600 1987 858 2042 notitiam
914 1984 1376 2047 Christianorum,
1420 1981 1777 2036 machinante
1826 1978 2149 2033 Judzeorum

502 2078 871 2147 antiquorum
920 2072 1166 2139 malitia,
1210 2073 1388 2143 potuit
1429 2069 1824 2141 quomodolibet
1870 2068 2136 2123 devenire.

500 2166 669 2220 Illum
722 2167 901 2233 igitur
953 2164 1253 2234 gloriosum
1310 2164 1621 2225 tractatum,
1672 2158 1741 2211 ad
1798 2158 1966 2210 robur
2021 2156 2149 2223 ﬁdei

504 2254 842 2310 Christianae
890 2256 943 2307 et
971 2252 1039 2306 ad
1088 2252 1349 2322 majorem
1385 2249 1704 2305 Iudaeorum
1750 2248 2141 2316 confusionem,

502 2343 788 2399 transtulit
811 2342 973 2413 plene
1000 2349 1052 2396 et
1102 2339 1379 2395 evidenter
1406 2340 1691 2409 episcopus
1722 2343 2049 2391 memoratus
2080 2333 2146 2388 de

507 2432 712 2499 Graeco,
760 2431 917 2486 verba
956 2430 1026 2485 ad
1071 2429 1313 2496 verbum,
1345 2428 1405 2482 in
1450 2428 1728 2489 Latinum,
1778 2424 2144 2496 coadjuvante

501 2524 763 2593 magistro
809 2520 1025 2575 Nicolao
1075 2518 1274 2583 Graeco,
1324 2518 1514 2572 clerico
1561 2516 1771 2570 abbatis
1819 2513 2006 2569 Sancti
2049 2513 2141 2567 Αι-

504 2611 653 2665 bani.
688 2610 817 2664 Haec
847 2608 963 2663 ille.
996 2608 1103 2672 Qui
1156 2607 1392 2678 quidem
1422 2605 1585 2661 locus
1616 2603 1788 2676 paulo
1836 2602 2005 2657 aliter
2028 2603 2141 2657 im-

500 2698 849 2766 mutatus,in
880 2696 1177 2753 nonnullis
1204 2696 1323 2751 sive
1354 2712 1497 2750 mss.
1533 2693 1653 2749 sive
1683 2692 1855 2748 editis
1886 2691 2138 2761 antiquas

496 2788 778 2843 versionis
810 2785 1238 2857 exemplaribus
1288 2784 1359 2839 ad
1392 2783 1609 2839 calcem
1654 2782 1922 2845 habetur,
1957 2784 2021 2834 ut
2049 2779 2138 2834 vi-

495 2877 630 2931 dere
661 2880 749 2931 est
778 2892 847 2931 ex
873 2875 1108 2930 Thomas
1139 2872 1433 2928 Tenisonii
1462 2870 1894 2927 Cantuariensis
1944 2868 2134 2924 archi-

497 2966 755 3037 episcopi
787 2964 939 3019 notis
972 2980 1113 3018 mss.
1149 2963 1221 3018 ad
1257 2963 1556 3018 Historiam
1584 2959 1752 3015 Cavei
1784 2959 2135 3028 litterariam,

497 3072 625 3127 quas
657 3055 767 3109 sub
786 3054 961 3108 ﬁnem
991 3050 1306 3107 voluminis
1324 3052 1370 3106 II
1391 3050 1653 3121 ejusdem
1679 3049 1934 3104 Historiae
1950 3064 2139 3118 nuper

2255 1975 2539 2048 inscripta
2570 1979 2826 2050 Epistola
2852 1980 2965 2051 (19)
2994 1980 3306 2054 desumpta
3328 1982 3511 2038 fuisse
3557 1987 3911 2039 noscuntur.

2256 2064 2453 2136 Neque
2483 2070 2617 2122 ante
2646 2084 2867 2123 annum
2895 2070 2985 2140 64,
3018 2087 3133 2143 quo
3171 2070 3322 2126 liber
3367 2075 3624 2128 Actuum
3675 2076 3915 2144 aposto-

2254 2152 2446 2209 lorum
2464 2156 2647 2211 fertur
2668 2173 2702 2211 a
2722 2162 2924 2213 sancto
2946 2159 3100 2215 Luca
3120 2158 3332 2216 litteris
3353 2160 3742 2234 consignatus
3774 2162 3909 2233 (eo),

2254 2244 2606 2313 cpusculum
2640 2245 2783 2301 illud
2815 2264 3085 2305 exarasse
3116 2255 3408 2307 auctorem
3443 2266 3514 2306 ex
3550 2251 3624 2305 iis
3652 2256 3905 2315 constat.

2254 2334 2469 2402 quibus
2500 2335 2818 2407 imaginem
2849 2338 3099 2409 apostoli
3132 2339 3296 2394 Pauli
3355 2355 3423 2395 ex
3480 2340 3699 2395 iisdem
3748 2343 3909 2397 Actis

2251 2422 2529 2493 graphice
2559 2425 2912 2497 descriptam
2945 2427 3179 2483 exhibet
3206 2428 3339 2501 (21).
3374 2429 3793 2501 Benjaminum
3827 2432 3906 2486 ita

2251 2510 2586 2581 loquentem
2614 2513 2897 2571 inducens
2927 2534 2940 2573 :
2974 2517 3039 2571 Et
3068 2534 3180 2573 non
3208 2518 3453 2587 amplius
3477 2519 3711 2575 vocabor
3743 2520 3907 2592 lupus

2250 2617 2540 2672 rapax"...
2573 2607 2643 2659 Et
2671 2604 3025 2660 suscitabitur
3052 2623 3125 2661 ea:
3152 2609 3359 2662 semine
3388 2623 3510 2663 meo
3539 2610 3601 2663 in
3633 2610 3903 2662 alr-emis

2248 2693 2582 2761 temporibus
2639 2693 2863 2749 dilectus
2914 2696 3159 2761 Domini,
3234 2696 3468 2753 audiens
3523 2713 3707 2753 vocem
3763 2698 3901 2769 ejus,

2248 2782 2560 2853 cognitione
2586 2799 2730 2838 nova
2762 2783 3100 2840 illuminans
3134 2802 3322 2841 omnes
3349 2790 3553 2857 gentes,
3602 2787 3781 2841 lucem
3811 2804 3899 2843 co-

2247 2872 2514 2937 gnitionis
2541 2872 2841 2928 accendens
2870 2873 3075 2929 Israeli
3105 2877 3165 2929 in
3192 2876 3448 2941 salutem,
3479 2880 3532 2931 et
3584 2878 3814 2947 rapiens
3844 2881 3903 2930 ut

2249 2958 2409 3029 lupus
2439 2961 2513 3015 ab
2546 2962 2699 3031 ipsis,
2735 2968 2786 3017 et
2813 2962 2950 3018 dans
2973 2979 3277 3036 synagoga?
3302 2967 3549 3035 gentium
3580 2984 3600 3019 :
3630 2970 3682 3020 et
3732 2982 3903 3037 usque

2245 3050 2306 3103 in
2352 3052 2872 3106 consummationem
2934 3054 3266 3109 seculorum
3313 3055 3427 3109 erit
3493 3056 3555 3107 in
3603 3058 3897 3125 synagogis

496 3144 774 3216 evulgatae
805 3146 1144 3214 comparent
1173 3157 1304 3213 pag.
1331 3141 1497 3195 1.Sed
1530 3144 1655 3194 tum
1687 3137 1943 3193 Matthaei
1976 3137 2136 3192 Paris
2242 3140 2489 3208 gentium
2520 3148 2571 3195 et
2600 3142 2658 3194 in
2684 3142 3032 3213 principibus
3061 3158 3269 3209 eorum,
3300 3146 3439 3199 sicut
3467 3146 3749 3199 musicum
3777 3160 3895 3200 me-

492 3232 889 3301 narrationem
920 3247 1096 3304 quam
1126 3229 1333 3286 iisdem
1367 3245 1513 3301 pene
1538 3228 1727 3284 verbis
1759 3226 1963 3299 repetit
1993 3226 2134 3281 infe-
2166 3220 2207 3287 C
2246 3228 2324 3281 los
2356 3229 2411 3281 in
2444 3244 2537 3283 ore
2578 3231 2823 3284 omnium
2852 3247 2864 3285 ;
2897 3236 2949 3285 et
2978 3234 3038 3285 in
3089 3232 3248 3287 libris
3286 3234 3487 3288 sanctis
3533 3235 3643 3288 erit
3691 3234 3893 3288 inscri-

490 3322 614 3377 rius
642 3321 797 3377 idem
849 3320 1098 3393 scriptor
1146 3318 1460 3374 historicus
1491 3318 1565 3389 (8)
1597 3318 1667 3371 ad
1701 3333 1920 3372 annum
1974 3317 2132 3379 1252,

490 3416 616 3466 tum
650 3428 775 3482 quas
808 3411 865 3464 in
897 3410 1012 3465 ﬁne
1042 3409 1431 3480 quorumdam
1463 3406 1883 3478 exemplarium
1915 3405 2131 3475 exipso

491 3504 762 3571 excerpta
790 3498 969 3554 verba
996 3498 1506 3571 leguntur,merito
1539 3496 1684 3550 ridet
1719 3493 2130 3564 Simonius(9),

494 3588 593 3658 qui
626 3592 683 3642 et
714 3604 781 3643 ea
810 3589 1011 3644 deesse
1042 3587 1100 3641 in
1132 3587 1445 3641 ms.codice
1478 3583 1807 3641 Colbertino
1838 3586 2083 3637 testatur
2116 3598 2128 3634 :

496 3680 561 3731 ut
591 3677 832 3749 proinde
884 3676 1052 3731 nihili
1105 3676 1369 3731 ducenda
1417 3675 1495 3729 sit
1543 3672 1845 3744 inscriptio
1891 3670 2133 3727 alterius

495 3765 710 3821 codicis
759 3783 871 3821 ms.
926 3764 1284 3821 bibliotheca
1334 3762 1655 3818 Bodleianze
1706 3779 1739 3816 a
1783 3760 1993 3816 Grabio
2041 3777 2131 3815 re-

489 3854 609 3911 lata
637 3855 770 3928 (10),
803 3854 1011 3926 hisque
1036 3852 1225 3909 verbis
1257 3869 1531 3923 expressa
1563 3869 1575 3907 :
1612 3853 1947 3906 Testamenta
1994 3849 2128 3904 duo-

487 3944 663 4001 decim
743 3944 1193 4016 patriarcharum
1255 3942 1507 4011 ﬁliorum
1583 3939 1766 4005 Jacob,
1832 3938 2131 3993 secundum

482 4034 906 4090 translationem
949 4033 1177 4089 Joannis
1240 4030 1607 4102 Chrysostomi
1662 4028 1726 4084 de
1782 4030 2015 4084 Hebrzo
2068 4029 2130 4081 in

489 4122 737 4178 Graecum
768 4140 781 4178 :
817 4122 960 4178 satis
1013 4121 1169 4177 enim
1202 4119 1321 4176 sive
1350 4135 1419 4175 ex
1468 4118 1749 4174 hactenus
1781 4117 1975 4184 dictis,
2010 4116 2128 4172 sive

489 4228 557 4266 ex
587 4228 721 4267 mox
752 4210 1013 4266 dicendis
1044 4207 1347 4265 refellitur.

491 4382 560 4435 ΙΙ.
594 4383 768 4452 Ipsius
798 4383 927 4435 aetas
976 4380 1305 4452 inquiritur,
1334 4379 1558 4450 ejusque
1602 4378 1914 4449 scriptionis
1945 4379 2125 4433 consi-

980 4453 1116 4507 lium
1142 4451 1332 4523 paucis
1357 4452 1624 4522 aperitur.

554 4570 675 4633 Quo
708 4572 902 4624 autem
952 4572 1211 4639 tempore
1255 4568 1630 4623 Testamenta
1660 4565 1779 4620 haec
1829 4565 2128 4636 scripserit
2154 4594 2201 4658 D

479 4658 847 4714 Christianus
878 4662 1081 4713 auctor
1112 4654 1621 4728 anonymus,haud
1652 4654 1731 4710 ita
1761 4654 2123 4726 exploratum

482 4746 750 4813 habetur,
784 4751 845 4802 ut
876 4764 943 4802 ea
972 4748 1043 4801 de
1069 4762 1128 4801 re
1161 4745 1313 4800 tirmi
1360 4744 1577 4816 aliquid
1612 4744 1791 4799 statui
1823 4762 1994 4816 posse
2041 4744 2122 4799 vi-

484 4837 710 4892 deatur.
742 4836 956 4891 Verum
1007 4835 1056 4889 si
1096 4835 1339 4905 quaestio
1390 4833 1708 4889 admodum
1760 4832 2011 4904 implexa
2056 4850 2125 4887 ex

551 4960 630 5029 (6)
658 4958 859 5015 Cleric.
892 4962 1037 5015 Hist.
1070 4959 1222 5029 eccl.,
1254 4958 1325 5013 ad
1358 4974 1491 5012 ann.
1531 4958 1649 5023 191,
1684 4960 1710 5025 §
1740 4960 1793 5025 2,
1827 4974 1881 5029 p.
1924 4959 2048 5013 796.

548 5030 626 5103 (7)
656 5031 857 5087 Matth.
908 5032 1036 5086 Par.
1089 5033 1232 5086 Hist.
1288 5031 1485 5101 major,
1541 5030 1612 5084 ad
1661 5046 1796 5084 ann.
1852 5031 2011 5099 1248,
2063 5048 2119 5103 p.

483 5104 591 5158 528
621 5104 758 5158 edit.
796 5104 972 5158 Lond.
1008 5104 1164 5157 1686.

571 5176 624 5258 ἓ)
652 5175 736 5258 15.1-
771 5175 1097 5258 ibid-tms-
1129 5174 1236 5258 7.20
1266 5190 1389 5258 seq-

566 5243 621 5315 9)
652 5248 869 5303 Simon.
903 5243 1232 5314 Bibl.'crit.,
1263 5243 1402 5300 tom.
1437 5243 1511 5313 II,
1542 5258 1675 5314 pag.
1707 5244 1813 5298 286
1845 5260 1966 5315 seq.

572 5316 658 5392 10)
689 5319 861 5392 Grab.
896 5319 1096 5392 Spicil.
1120 5318 1212 5392 SS.
1246 5318 1388 5392 PR,
1415 5319 1557 5392 tom.
1592 5316 1747 5392 ΙιρΖΔ
1773 5316 1895 5370 143.

569 5390 671 5515 1%)
692 5391 895 5447 Dodw.
930 5386 1098 5463 'apud
1148 5388 1306 5445 Grab.
1353 5387 1547 5459 Spicil.
1582 5386 1676 5442 SS.
1710 5388 1845 5458 PP.,
1901 5391 2041 5444 tom.
2076 5389 2120 5459 Ι,

482 5477 868 5600 μάζῖωυιϊ.
903 5535 1043 5589 Bibl.
1078 5532 1261 5600 Hebr.,
1296 5535 1437 5586 tom.
1471 5530 1515 5598 Ι,
1548 5546 1603 5600 p.
1636 5530 1763 5585 250.

578 5602 943 5677 13)_Ruchat.
987 5607 1187 5661 Lettres
1229 5604 1298 5661 de
1343 5603 1478 5660 trois
1523 5602 1685 5659 Peres
1729 5602 2119 5677 apostoliques,

480 5677 622 5734 tom.
646 5674 701 5745 Ι,
732 5691 866 5750 pag.
899 5677 1174 5749 133,194.

2239 3318 2386 3386 ptus,
2417 3326 2466 3371 et
2498 3333 2630 3388 opus
2660 3323 2711 3373 et
2738 3336 2915 3376 sermo
2939 3322 3055 3392 ejus
3087 3340 3103 3374 :
3134 3338 3281 3394 opus
3304 3322 3647 3393 quidem,ut
3673 3323 3892 3394 optime

2243 3404 2471 3471 Grabis,
2504 3406 2565 3461 in
2592 3408 2749 3463 Actis
2790 3410 3185 3481 apostolorum
3222 3436 3235 3478 ;
3269 3427 3459 3467 sermo
3508 3417 3730 3481 autem,
3761 3416 3889 3467 tum

2242 3492 2299 3547 in
2333 3493 2542 3549 iisdem
2572 3497 2753 3566 Actis,
2788 3502 2912 3553 tum
2946 3498 3005 3553 in
3037 3498 3223 3570 ipsius
3255 3498 3419 3555 Pauli
3461 3499 3744 3571 Epistolis
3780 3519 3795 3555 :
3829 3508 3889 3555 ut

2241 3582 2483 3653 proinde
2514 3590 2643 3657 post
2672 3603 2875 3642 omnes
2901 3588 3078 3643 etiam
3102 3588 3377 3644 Paulinae
3406 3587 3788 3662 Epistolas,id
3805 3596 3892 3646 est

2241 3679 2371 3743 post
2400 3690 2621 3729 annum
2650 3675 2723 3728 67
2751 3676 3059 3747 scripsisse
3090 3682 3289 3734 auctor
3317 3678 3605 3735 videatur.

2312 3762 2583 3826 Quinimo
2615 3768 2749 3836 post
2779 3782 3000 3821 annum
3027 3767 3097 3821 70
3142 3768 3519 3823 Testamenta
3549 3769 3649 3826 illa
3710 3770 3889 3825 fuisse

2239 3850 2582 3922 composita,
2615 3868 2683 3907 ea
2714 3854 2858 3910 satis
2890 3856 3143 3926 produnt
3169 3872 3296 3928 qua:
3325 3856 3395 3912 de
3455 3858 3889 3931 Hierosolymo-

2240 3955 2371 3994 rum
2397 3940 2640 4008 excidio,
2672 3942 2854 4013 deque
2903 3944 3333 4001 calamitatibus
3376 3946 3434 4001 in
3468 3947 3640 4002 caedis
3674 3947 3887 4004 Christi

2238 4045 2468 4099 pinnam
2497 4030 2723 4086 Judaeis
2752 4031 3010 4101 inﬂictis,
3068 4033 3332 4105 loquitur
3384 4040 3587 4091 auctor
3614 4035 3715 4092 his
3763 4053 3884 4093 ver-

2235 4117 2327 4173 bis
2358 4118 2467 4190 (22)
2502 4135 2515 4173 :
2556 4120 2740 4176 Virum
2765 4131 3114 4178 renovantem
3149 4121 3331 4193 legem
3358 4126 3420 4179 in
3473 4126 3686 4181 uirtute
3718 4127 3883 4182 Altis-

2233 4208 2387 4273 simi,
2418 4209 2771 4279 impostorem
2799 4212 3146 4283 appellabitis
3180 4256 3193 4280 ,
3225 4217 3278 4269 et
3309 4214 3370 4268 in
3390 4213 3520 4284 ﬁne,
3548 4218 3611 4271 ut
3638 4216 3882 4272 astism-

2237 4296 2382 4365 bilis,
2414 4297 2672 4354 occidetis
2698 4315 2844 4368 eum,
2869 4303 3169 4357 nescientes
3198 4304 3374 4374 ipsius
3401 4306 3879 4369 resurrectionem.

2235 4387 2585 4443 innocentem
2608 4391 2937 4457 sanguinem
2966 4391 3027 4445 in
3072 4392 3295 4447 malitia
3341 4409 3508 4465 super
3548 4395 3745 4464 capita
3788 4410 3876 4450 ve-

2232 4483 2345 4529 stra
2376 4478 2664 4548 recepturi.
2698 4479 2762 4533 Et
2796 4486 3018 4550 propter
3038 4482 3222 4552 ipsum
3254 4486 3419 4537 erunt
3464 4491 3657 4538 sancta.
3706 4488 3877 4539 vestra

2232 4564 2463 4633 deserta,
2496 4582 2663 4639 usque
2702 4567 2772 4623 ad
2800 4572 3177 4637 pavimentum
3218 4573 3541 4643 profanata.
3588 4572 3659 4627 Et
3710 4573 3877 4644 paulo

2233 4660 2366 4709 ante
2400 4672 2413 4709 :
2449 4656 2684 4727 Pr0pter
2714 4657 2853 4727 haec,
2887 4660 3153 4730 templum
3182 4660 3322 4730 quod
3351 4663 3540 4732 utique
3577 4660 3748 4733 eliget
3777 4663 3877 4717 Do-
3956 4710 3967 4731 ,

2232 4746 2419 4798 minus
2473 4744 2809 4801 desolabitur
2872 4749 2931 4802 in
2997 4750 3356 4807 immunditia
3383 4768 3404 4812 ;
3434 4759 3488 4806 et
3530 4767 3623 4807 vos
3680 4755 3878 4823 captivi

2234 4835 2387 4889 eritis
2418 4836 2476 4888 in
2508 4850 2693 4891 omnes
2739 4840 2941 4905 gentes,
2990 4844 3041 4894 et
3086 4840 3427 4895 abominatio
3485 4842 3631 4897 inte:-
3660 4857 3754 4897 eas
3784 4858 3805 4903 ;
3832 4848 3875 4897 α

2303 4958 2415 5084 (14)
2464 4958 2717 5014 Mazoch.
2770 4959 3069 5017 Comment.
3121 4965 3181 5017 in
3228 4972 3331 5019 vet.
3384 4982 3583 5019 marm.
3620 4966 3867 5036 Kalend,

2334 5071 2345 5083 .
2379 5031 2422 5084 l.
2455 5047 2510 5084 n.
2546 5031 2648 5084 247
2683 5056 2697 5084 :
2732 5036 2789 5084 et
2813 5032 2923 5084 vol.
2961 5035 3032 5084 II.
3066 5052 3123 5084 ι).
3157 5036 3284 5084 536.

2231 5031 2422 5106 volui,
2455 5047 2510 5106 ρ.
2546 5031 2697 5106 2473
2732 5036 2789 5086 et
2813 5032 2923 5087 vol.
2961 5035 3032 5101 ll,
3066 5052 3123 5106 p.
3157 5036 3284 5091 536.

2303 5102 2413 5177 (15)
2436 5101 2621 5177 _Grab.
2656 5101 2696 5177 l._
2728 5119 2800 5168 c.,
2831 5120 3005 5177 pagg.
3041 5101 3163 5176 138,
3200 5108 3322 5163 140.

2297 5172 2628 5298 (ἐὸζξθδτε.
2660 5172 2859 5230 Annal.
2891 5172 3078 5246 ﬁdul.,
3111 5172 3260 5235 inter
3289 5179 3417 5250 ejus
3465 5196 3602 5253 opp.
3655 5181 3845 5253 posth.

2232 5257 2363 5314 pag.
2402 5257 2486 5298 12.

2447 5314 2587 5395 Mill.
2616 5318 2919 5395 Proleg_om.
2947 5320 3017 5375 ad
3046 5321 3110 5376 Ν.
3147 5323 3198 5395 T.
3232 5326 3350 5391 Gr.,
3383 5322 3414 5395 §
3446 5324 3498 5377 4.

2447 5388 2673 5464 festam.
2704 5406 2761 5443 x1
2790 5391 2965 5464 Patr.,
3001 5409 3123 5464 cap.
3158 5394 3213 5462 3,
3244 5388 3350 5463 §6.

2327 5460 2413 5529 19)
2444 5460 2471 5513 Ι
2498 5459 2673 5515 Thess.
2708 5477 2767 5529 II,
2799 5463 2885 5517 16.

2323 5530 2412 5604 20)
2446 5530 2587 5604 Mill.
2621 5531 2660 5587 1.
2697 5548 2745 5587 ο.
2779 5533 2808 5604 §
2843 5535 2963 5589 118.

2448 5603 2677 5683 festam.
2710 5603 3161 5683 xu;patﬂri_a_rch.,
3188 5625 3319 5683 cap.
3352 5610 3440 5675 11.
3477 5611 3563 5667 12.

2300 5673 2414 5754 (22)
2446 5673 2592 5733 Ibid.
2627 5692 2751 5750 cap.
2784 5673 2840 5750 3,
2870 5678 2933 5755 §§
2962 5680 3031 5737 15
3058 5685 3115 5738 et
3144 5673 3231 5741 17.

2395 5461 2414 5754 ἓ
