4008 6350
98 455 241 521 1033

1570 456 1992 525 PROCEMIA.

3332 462 3486 525 1034

87 593 286 664 accipie
313 591 361 648 is
395 588 751 663 opprobrium
778 592 829 648 et
854 591 1229 664 confusionem
1270 592 1661 665 sempiternam
1688 609 1724 650 a
1752 594 1805 661 Α
1833 592 2149 650 stamentis
2172 592 2535 665 patriarchas
2557 592 2864 651 duodecim
2880 592 3032 651 ﬁlios
3050 594 3487 667 Jacobloqueno

76 685 222 753 justo
236 682 466 753 judicio
503 683 625 737 Dei.
662 682 787 736 Haec
818 681 1057 753 quidem
1091 681 1202 738 alio
1236 683 1546 754 detorquet
1576 682 1719 737 Gra-

86 773 232 837 bius,
264 771 688 842 intersertaque
735 770 1204 842 patriarcharum
1251 770 1642 827 Testamentis
1688 787 1723 826 a

85 860 383 930 cujusdam
418 858 734 915 Christiani
767 876 945 915 manu
1001 860 1110 914 sub
1146 858 1343 914 saeculi
1377 880 1387 911 l
1424 859 1599 915 tinem
1632 858 1721 915 vel

84 950 189 1004 sub
213 948 447 1003 initium
481 947 847 1018 insequentis
876 948 1173 1004 existimat
1228 949 1341 1020 (23)
1374 964 1387 1004 :
1422 952 1483 1003 at
1528 947 1721 1003 virum

83 1038 341 1094 criticum
393 1036 539 1093 locis
580 1036 773 1091 allatis
816 1037 932 1091 vim
978 1037 1214 1102 inferre,
1264 1054 1380 1108 quo
1430 1053 1601 1093 suam
1652 1036 1722 1092 de

78 1128 269 1182 Judaeo
324 1126 607 1197 scriptore
655 1124 917 1179 stabiliat
967 1124 1341 1197 hypothesin,
1399 1141 1570 1181 nemo
1603 1141 1720 1180 non

80 1216 285 1271 dixerit
337 1215 437 1285 qui
482 1230 602 1269 rem
651 1212 909 1285 penitius
950 1213 1319 1287 intropisciat
1356 1229 1371 1268 :
1405 1213 1532 1269 loca
1562 1212 1719 1269 enim

77 1321 203 1376 quae
236 1304 306 1359 ad
337 1303 559 1358 Novum
589 1303 1030 1358 Testamentum
1081 1306 1371 1374 spectant,
1404 1303 1475 1358 de
1505 1301 1719 1358 Christi

76 1393 373 1448 divinitate
405 1393 593 1463 deque
624 1390 754 1446 aliis
782 1391 1125 1447 Christianae
1156 1390 1458 1465 religionis
1515 1391 1719 1463 capiti-

74 1484 205 1553 bus,
235 1481 282 1537 si
312 1498 342 1536 e
372 1480 565 1536 medio
596 1478 1172 1547 tollantur,concidat
1193 1479 1541 1553 opusculum
1572 1478 1718 1536 illud

77 1587 308 1626 necesse
339 1574 445 1626 est.
482 1569 629 1635 Quid
660 1569 814 1640 quod
847 1569 920 1624 ab
952 1587 1069 1625 una
1088 1586 1265 1624 manu
1290 1568 1487 1625 omnia
1517 1568 1578 1623 in
1610 1567 1719 1623 hoc

76 1675 243 1730 opere
277 1658 599 1732 perscripta
628 1674 757 1713 esse
803 1657 892 1713 vel
945 1657 1083 1713 inde
1129 1657 1334 1730 liquet,
1378 1657 1578 1727 judice
1627 1656 1717 1711 Si-

77 1749 268 1804 monio
300 1747 435 1820 (24),
467 1746 621 1818 quod
654 1746 857 1802 eadem
892 1745 1027 1819 styli
1059 1748 1204 1802 ratio
1253 1746 1471 1818 ubique
1514 1746 1715 1818 spiret,

77 1840 401 1908 cunctaque
430 1851 547 1891 uno
596 1838 795 1891 tenore
852 1834 1215 1906 equabiliter
1268 1833 1720 1890 ﬂuant‘Hnstat

92 1927 331 1997 insuper
356 1925 512 1979 idem
543 1923 633 1977 vir
652 1922 1263 1995 eruditus(25),aliqua
1293 1923 1351 1978 in
1384 1922 1479 1978 his
1511 1924 1715 1979 Testa-

70 2014 285 2069 mentis
315 2028 769 2083 occurrere,quaa
797 2012 868 2066 ab
889 2011 1126 2067 homine
1147 2011 1475 2067 Christiano
1496 2011 1714 2067 tradita

66 2103 283 2158 litteris
314 2102 518 2168 fuisse,
572 2103 861 2156 absonum
917 2101 1166 2169 videtur,
1229 2100 1393 2156 Haud
1441 2101 1713 2172 equidem

68 2192 517 2264 repugnaverim
552 2205 567 2244 ε
600 2194 659 2245 at
688 2188 835 2243 nihil
870 2188 1109 2255 mirum,
1162 2188 1211 2244 si
1261 2205 1422 2245 more
1470 2189 1715 2245 Judaico

67 2281 323 2336 subinde
356 2279 633 2350 loquatur
662 2278 917 2349 scriptor
944 2277 1055 2334 iste
1101 2278 1466 2334 Christianus
1493 2302 1508 2346 ;
1539 2293 1715 2349 quem

64 2388 221 2442 Opus
254 2384 429 2425 suum
460 2384 526 2423 eo
558 2367 802 2423 consilio
835 2366 1154 2422 confecisse
1186 2370 1439 2435 constat,
1472 2384 1587 2438 quo
1616 2367 1718 2422 Ju-

64 2459 177 2514 daei
211 2457 439 2513 facilius
461 2457 790 2528 exciperent
822 2472 946 2528 quae
978 2456 1049 2511 de
1079 2455 1308 2511 Christo
1338 2457 1583 2527 ejusque
1616 2456 1715 2511 do-

68 2547 265 2604 ctrina
292 2547 510 2619 passim
542 2544 817 2602 inculcat.

144 2637 363 2691 Verum
395 2650 466 2690 ne
498 2635 555 2690 in
586 2634 681 2690 his
709 2634 932 2689 diutius
955 2633 1358 2699 immoremur,
1389 2633 1461 2689 ad
1493 2636 1719 2689 aetatem

69 2722 381 2797 scriptoris
411 2723 590 2793 hujus
622 2722 779 2794 quod
810 2722 1037 2792 attinet,
1071 2738 1225 2777 unus
1256 2722 1449 2778 adhuc
1481 2722 1722 2778 audien-

69 2815 191 2870 dus
220 2817 461 2867 Caveus.
499 2810 809 2866 Existimat
840 2809 938 2866 ille
968 2810 1249 2866 nimirum
1310 2811 1445 2882 (26),
1478 2810 1602 2865 fieri
1631 2811 1725 2865 vix

72 2902 346 2976 potuisse
377 2900 517 2971 quin
551 2899 766 2971 aliquis
805 2900 1182 2970 antiquorum
1230 2902 1366 2954 ante
1414 2898 1722 2971 Origenem

71 2994 209 3062 ejus
240 2988 432 3061 operis
464 2988 848 3055 meminisset;
874 2988 1134 3059 adeoque
1164 2986 1376 3042 saeculo
1408 2986 1724 3060 apostolico

70 3080 240 3136 haud
271 3094 400 3133 esse
429 3077 840 3132 ascribendum
863 3074 1330 3147 Opinatur.Hunc
1346 3079 1542 3131 tamen
1560 3092 1724 3131 scru-

68 3169 286 3242 pulum
318 3167 368 3222 si
400 3164 563 3222 evelli
595 3164 704 3220 sibi
739 3181 809 3220 ex
865 3164 1062 3220 animo
1121 3164 1393 3236 postulet,
1449 3165 1506 3219 id
1538 3182 1724 3220 unum

71 3256 420 3321 subdimus,
455 3258 519 3309 ut
550 3253 663 3309 alia
692 3258 1124 3325 prietereamus,
1159 3252 1511 3324 scriptorum
1538 3252 1724 3308 eccle—

1832 686 1920 738 tes
1943 681 2172 738 inducit
2205 700 2219 751 ;
2253 683 2353 754 qui
2377 683 2630 754 jamjam
2688 683 2982 752 morituri,
3014 688 3070 739 et
3109 684 3307 739 futura
3337 702 3482 757 prm-

1831 771 2125 839 nuntient,
2157 775 2215 828 et
2261 771 2504 844 optimis
2556 771 2843 827 institutis
2902 771 3054 828 ﬁlios
3112 789 3179 828 ac
3238 778 3483 846 nepotes

1831 860 2540 916 erudiantPresdictiones
2557 860 2795 932 quidem
2808 860 3079 917 Messiam
3100 862 3478 933 potissimum

1830 965 1896 1005 ac
1927 953 2150 1005 statum
2177 948 2493 1021 Syuagogae
2519 953 2575 1004 et
2606 948 2874 1005 Ecclesiae
2897 949 3161 1021 gentium
3189 951 3298 1005 sub
3316 954 3476 1006 Novo

1830 1038 2206 1094 Testamento
2230 1037 2553 1109 respiciunt
2583 1054 2596 1093 :
2628 1037 2689 1092 in
2712 1037 2957 1093 historia
2972 1055 3103 1093 vero
3118 1039 3475 1111 patriarcha-

1828 1125 2162 1198 rum,plura
2191 1128 2263 1182 de
2292 1125 2383 1181 his
2404 1129 2752 1182 enarrantur
2777 1142 2903 1198 quis
2934 1125 2991 1181 in
3018 1126 3229 1183 Genesi
3252 1126 3474 1185 alliisve

1828 1213 2127 1271 canonicis
2160 1213 2326 1270 libris
2357 1214 2513 1269 haud
2546 1215 2989 1283 occurrunt,sed
3022 1231 3090 1269 ex
3121 1216 3472 1288 apocryphis

1828 1304 2140 1376 desumpta
2159 1308 2719 1360 censenturzeorum
2752 1306 2948 1359 tamen
2976 1303 3252 1376 pleraque
3284 1322 3473 1378 neque

1827 1391 2154 1466 incongrua
2179 1392 2431 1463 veritati,
2466 1408 2653 1463 neque
2686 1392 2931 1448 fortasse
2960 1394 3035 1448 ad
3080 1410 3256 1450 sacrm
3287 1394 3470 1451 histo-

1827 1481 1925 1538 riae
1960 1481 2411 1537 illustrationem
2444 1480 2678 1536 inutilia
2706 1497 2836 1537 esse
2865 1480 3159 1537 videntur.

1898 1570 2113 1626 Verum
2148 1569 2337 1642 magis
2367 1570 2609 1625 interest
2637 1569 2752 1625 huc
2802 1569 3007 1626 afferre
3064 1569 3321 1644 insignia
3369 1588 3471 1645 pro

1826 1658 2040 1715 Christi
2072 1658 2373 1713 divinitate
2398 1657 2755 1726 testimonia,
2789 1675 2921 1731 quae
2950 1662 3152 1715 contra
3182 1659 3474 1717 Unitarios

1828 1763 1897 1804 ex
1926 1747 2020 1803 his
2051 1747 2444 1803 Testamentis
2484 1746 2727 1803 collecta
2756 1747 2943 1803 eidem
2992 1751 3063 1801 V.
3113 1748 3174 1804 C.
3230 1747 3367 1803 alibi
3395 1748 3475 1805 si-

1826 1840 1981 1892 stere
2012 1835 2355 1908 placuit.Sic
2375 1834 2670 1907 igiturille
2701 1836 2880 1907 (28):u
2906 1836 2968 1892 In
2994 1836 3367 1893 Testamento
3390 1838 3477 1894 Si-

1744 1962 1793 2028 Β
1826 1925 2053 1980 meonis
2086 1925 2204 2028 haec
2235 1924 2487 2028 legim'us
2516 1921 3125 2028 verbai29):K6ptoq,,b
3148 1924 3277 1987 Θεὸς
3305 1925 3474 1999 μέγας

1821 2016 1918 2067 τοῦ
1971 2010 2215 2085 Ἰσραὴλ,
2267 2010 2586 2090 φαινόμενος
2637 2010 2725 2066 ἐπὶ
2770 2019 2874 2088 γῆς
2918 2012 2992 2073 ὡς
3050 2010 3354 2089 ἄνθρωπος,
3384 2013 3473 2069 καὶ

1824 2102 2011 2170 σώζων
2046 2100 2099 2155 ἐν
2127 2099 2275 2172 αύτῷ
2330 2100 2422 2154 τὸν
2457 2097 2651 2173 Ἀδάμ.
2702 2103 2981 2170 Dominus,
3016 2102 3172 2158 Deus
3229 2107 3473 2161 MAGNUS

1824 2192 2014 2257 Israel,
2045 2191 2333 2263 apparebit
2364 2194 2429 2246 in
2457 2198 2613 2246 terra
2640 2194 2701 2245 ut
2730 2191 2977 2258 homo,et
3003 2192 3239 2248 salvabit
3270 2194 3329 2248 in
3358 2195 3475 2265 ipso

1824 2281 2029 2337 Adam.
2085 2281 2154 2336 Et
2210 2296 2345 2336 mox
2402 2279 2648 2352 (3Ο);Ὁ
2706 2278 2836 2341 Οεὸς
2892 2282 3053 2352 σῶμα
3110 2274 3316 2352 λαϐὼν,
3383 2280 3473 2335 καὶ

1828 2365 2115 2422 συνεσθίων
2162 2364 2491 2441 ἀνθρώποις,
2540 2360 2741 2420 ἔσωσεν
2793 2363 3009 2426 αὐτούς.
3062 2371 3216 2422 DEUB
3280 2383 3475 2440 corpus

1828 2472 2132 2522 assumens,
2166 2460 2219 2511 et
2246 2455 2526 2510 comedens
2554 2472 2679 2510 tum
2735 2455 3075 2524 hominibus,
3106 2456 3337 2511 saluauit
3365 2473 3474 2513 eos.

1832 2544 2155 2617 Paucisque
2186 2543 2507 2614 interjectis
2538 2543 2674 2615 (31),
2706 2542 2983 2600 Messium
3012 2548 3178 2601 vocat
3207 2542 3335 2599 Θεὸν
3385 2544 3476 2599 καὶ

1831 2629 2139 2708 ἄνθρωπον,
2172 2632 2346 2689 DEUM
2375 2639 2429 2689 et
2455 2631 2754 2688 hominem.

1904 2744 1932 2772 ‹‹
1968 2722 2031 2777 In
2063 2722 2438 2777 Testamento
2465 2719 2620 2787 Levi,
2654 2719 3046 2792 patriarcham
3089 2721 3268 2777 istum
3302 2738 3479 2795 ange-

1832 2810 1927 2866 lus
1955 2809 2050 2865 his
2082 2808 2404 2881 alloquitur
2450 2808 2643 2864 verbis
2679 2807 2793 2879 (32)
2828 2825 2841 2865 :
2876 2805 2975 2861 Δια
3020 2811 3117 2862 σοῦ
3162 2809 3253 2862 καὶ
3304 2806 3481 2865 Ἰούδα

1835 2895 2128 2976 ὀφθήσεται
2180 2895 2377 2972 Κύριος
2437 2894 2490 2950 ἐν
2551 2895 2881 2971 ἀνθρώποις,
2932 2896 3121 2965 σώζων
3188 2894 3241 2951 ἐν
3296 2896 3480 2959 αὐτοῖς

1833 2992 1937 3042 πᾶν
1992 2986 2146 3062 γένος
2205 2984 2526 3059 ἀνθρώπων.
2555 2987 2665 3041 Per
2717 2993 2769 3041 te
2832 2988 2881 3041 et
2934 2986 3142 3044 ludam
3192 2989 3485 3059 apparebit

1831 3077 2095 3133 Dominus
2122 3077 2184 3130 in
2214 3075 2549 3144 hominibus,
2579 3073 2800 3129 salvans
2851 3076 2912 3129 in
2943 3076 3081 3146 ipsis
3121 3090 3281 3130 omne
3306 3092 3477 3146 genus

1832 3165 2138 3220 hominum.
2164 3162 2378 3219 Deinde
2411 3162 2535 3219 Levi
2568 3162 2650 3217 ait
2688 3161 3125 3234 (33),infernum
3157 3162 3472 3235 spoliatum

1832 3253 1906 3309 iri
1962 3249 2050 3306 ἐπὶ
2104 3248 2184 3323 τῷ
2238 3248 2394 3304 πάθει
2450 3252 2548 3304 τοῦ
2602 3247 2872 3322 Ὑψίστου,
2905 3251 2968 3306 in
3017 3252 3270 3321 passione
3306 3252 3473 3307 Attis-

70 3346 452 3404 siasticorum
484 3347 867 3399 monumenta
888 3342 986 3412 qui
1015 3342 1242 3413 duobus
1271 3341 1476 3412 primis
1498 3340 1727 3397 saeculis
1757 3328 1799 3395 C
1836 3343 1988 3399 simi.

71 3437 355 3503 ﬂorg’re,
388 3431 705 3487 maximam
738 3436 960 3503 partem
994 3446 1121 3485 esse
1151 3430 1453 3502 deperdita
1485 3447 1499 3499 ;
1531 3429 1731 3487 nobis-

1917 3452 1939 3481 ι
1975 3434 2041 3485 In
2072 3430 2447 3486 Testamento
2477 3428 2641 3484 Judze
2674 3426 2893 3483 mentio
2942 3427 3009 3483 fit
3036 3427 3148 3500 (34)
3191 3426 3489 3502 παρουσίας

307 3524 548 3591 ςιοοιιιιιι
591 3519 889 3591 operibus,
947 3517 1151 3590 paucis
1207 3517 1486 3591 exceptis,
1536 3518 1722 3591 aliqua

1842 3520 1937 3573 τοῦ
1966 3520 2099 3572 Θεοῦ
2137 3522 2237 3586 τῆς
2288 3512 2657 3585 δικαιοσύνης,
2688 3514 2954 3572 adventus
2986 3520 3085 3571 DEI
3107 3514 3352 3587 justitiae
3377 3534 3399 3581 ,'
3429 3518 3489 3573 ni

71 3471 200 3491 nu-
276 3471 355 3502 .υ,
390 3471 705 3487 manu“...
738 3471 960 3503 μην...
994 3471 1121 3485 ww
1152 3471 1453 3502 “rem..-
1485 3472 1499 3499 ,
1532 3471 1702 3487 μνη...
1918 3471 1939 3481 -
1975 3471 2041 3485 ...
2084 3471 2446 3486 “sum”..-
2477 3471 2639 3484 μη...
2674 3471 2893 3483 ...νμην
2943 3471 3009 3483 ...
3037 3471 3147 3500 (ιη,
3197 3471 3487 3502 ..Ἵππη

66 3471 548 3728 queVorum
591 3519 889 3591 operibus,
947 3517 1151 3590 paucis
1207 3517 1486 3591 exceptis,
1536 3518 1736 3591 aliqua
1839 3520 1937 3573 τοῦ
1966 3520 2099 3572 Θεοῦ
2137 3522 2237 3586 τῆς
2288 3512 2657 3585 δικαιοσύνης,
2688 3514 2954 3572 adventus
2986 3520 3085 3571 Dsr
3107 3514 3352 3587 justitiw
3377 3534 3399 3581 ,°
3429 3518 3489 3573 ni

66 3617 288 3669 tantuu
364 3624 665 3680 v‘uperesse
696 3608 1040 3679 fragmenta:
1076 3611 1140 3661 ut
1170 3606 1734 3679 propterea,illorum
1845 3608 2033 3674 fallor,
2065 3623 2134 3663 ex
2162 3607 2378 3662 Jerem.
2410 3623 2572 3676 χχιιι,
2608 3606 2664 3674 6,
2699 3608 2758 3660 et
2785 3621 2988 3674 xxxm,
3048 3606 3137 3661 16.
3196 3605 3267 3661 Et
3320 3606 3496 3678 paulo

66 3700 326 3728 -.Λαυρ-ιζ.
407 3712 626 3728 nan-“Im
665 3696 892 3728 Dat-num
920 3695 1214 3728 nilnanm
1241 3697 1533 3728 immanitn
1567 3698 1735 3728 nnkia
1847 3703 1974 3728 νυν-,4
2008 3697 2078 3728 ΑΛ
2110 3696 2320 3728 llnnnin
2355 3694 2569 3728 Αἷηῖιιπι
2597 3694 2709 3728 mm
2743 3709 2757 3724 ο
2791 3692 2961 3728 αξη..
3003 3694 3031 3728 Α
3075 3692 3135 3728 Ω]
3154 3694 3309 3728 ηυρλ..
3366 3697 3496 3728 ορητε

65 3692 631 3758 vetustis}.morum
662 3696 896 3751 Patrum
919 3695 1215 3752 silentium
1241 3697 1534 3753 immerito
1567 3698 1722 3753 nobis

1846 3703 1978 3770 post
2007 3697 2079 3752 de
2109 3696 2327 3751 Messia
2355 3694 2569 3750 dicitur
2743 3709 2758 3749 :
2791 3692 2961 3755 Οὗτος
3003 3694 3031 3748 ὁ
3075 3692 3309 3769 βλαστὸς
3366 3697 3501 3749 Θεοῦ

70 3790 177 3859 obj
192 3787 421 3843 iciatur.

71 3917 181 3972 III.
223 3912 689 3983 Operispretium
720 3909 1053 3979 empeuditur
1080 3927 1190 3983 :ea:
1220 3926 1321 3981 quo
1358 3912 1434 3983 Ain
1477 3912 1677 3983 primis
1707 3927 1742 3967 a

157 3981 370 4039 Grcibio
410 3982 725 4053 deprompta
766 3999 866 4050 pro
906 3999 1038 4037 vera
1086 3982 1290 4037 Christi
1336 3981 1537 4038 deitate
1586 3984 1740 4039 testi-

1848 3783 2093 3859 ὑψίστου.
2125 3786 2225 3840 Hic
2291 3787 2369 3842 est
2424 3799 2647 3857 germen
2702 3783 2809 3840 Dm
2866 3783 3180 3841 altissimi:
3214 3799 3284 3842 ex
3340 3784 3503 3841 Isaiae

1844 3874 2047 4019 Iv,«ZIn
2096 3963 2470 4019 Testamento
2517 3960 2773 4019 Zabulon
2818 3961 2932 4035 (36)
2966 3979 2980 4017 :
3009 3958 3108 4015 Καὶ
3156 3959 3291 4033 μετὰ
3334 3963 3502 4015 ταῦτα

152 4046 805 4128 ωοηίαίάεὲστίόιιηίατ.
857 4055 994 4128 I_Iinc
1036 4056 1312 4109 sententia
1359 4055 1424 4110 de
1476 4057 1722 4127 scriptori

1851 4050 2098 4107 ἆνατεΛεῖ
2140 4049 2267 4125 ὑμῖν
2309 4048 2469 4111 αὐτὸς
2500 4048 2718 4125 Κύριος,
2751 4053 2864 4128 φῶς
2913 4046 3284 4120 δικαίοσύνης·
3313 4081 3381 4093 --
3407 4047 3500 4104 καὶ

159 4127 489 4182 Christiano
521 4127 721 4179 iterum
749 4125 1129 4194 conﬁrmatur.

155 4235 305 4290 Jam
335 4248 465 4287 vero
498 4231 747 4303 pretium
781 4231 972 4302 operis
1002 4235 1178 4301 atque
1224 4230 1537 4287 utilitatem
1569 4247 1740 4304 expo-

73 4339 231 4379 nere
266 4325 526 4392 praestat,
556 4324 847 4390 praeeunte
881 4319 1135 4374 maxime
1158 4320 1369 4375 Grabio
1400 4320 1501 4392 qui
1531 4336 1597 4376 eo
1622 4337 1745 4375 mu-

73 4428 233 4469 nere
271 4408 381 4463 rite
412 4409 755 4480 perfunctus
786 4407 1164 4479 comperitur.
1224 4408 1488 4463 Primum
1546 4409 1747 4481 itaque

72 4498 371 4558 omnium
402 4497 673 4552 observat
704 4496 790 4550 vir
819 4496 1092 4551 eruditus
1124 4496 1262 4567 (27),
1317 4496 1603 4552 Jacobum
1645 4512 1742 4568 pa-

70 4586 418 4646 triarcham
450 4585 713 4656 aliosque
744 4589 980 4640 sanctos
1010 4584 1300 4653 homines,
1346 4585 1517 4640 morti
1548 4583 1745 4657 proxi—

1852 4136 2045 4215 ὄψεσθε
2075 4139 2202 4195 Θεὸν
2236 4138 2288 4193 ἐν
2322 4140 2568 4213 σχήματι
2602 4139 2907 4214 ἀνθρώπου.
2939 4140 3007 4195 Et
3053 4146 3176 4212 post
3215 4139 3329 4196 hac
3352 4140 3497 4195 orie-

1853 4238 1951 4287 tur
1978 4231 2134 4286 vobis
2164 4231 2279 4301 ipse
2316 4230 2599 4301 Dominus,
2649 4228 2753 4284 lux
2786 4230 3132 4299 justitiazpu
3168 4236 3220 4285 et
3246 4228 3501 4286 uidebitis

1853 4326 2024 4376 DEUM
2056 4321 2116 4374 in
2144 4320 2321 4390 forma
2352 4317 2612 4374 hominis.

1930 4431 1957 4460 ιι
1991 4410 2053 4463 In
2085 4409 2459 4465 Testamento
2489 4408 2608 4462 Dan
2635 4406 2748 4479 (37)
2783 4423 2797 4463 :
2828 4403 2939 4460 Οὐκ
2984 4400 3061 4461 ἔτι
3118 4404 3380 4480 ὑπομενεῖ
3406 4405 3505 4464 Ἱε-

1876 4494 2171 4573 ρουσαλὴμ
2217 4492 2517 4567 ἐρήμωσιν,
2563 4490 2689 4548 οὐδὲ
2744 4491 3213 4569 αἰχμαλωτίσεται
3265 4492 3508 4571 Ἰσραὴλ,

1858 4584 1939 4640 ὅτι
2008 4583 2206 4656 Κύριος
2271 4579 2416 4637 ἔσται
2488 4580 2713 4655 ἐμμὲσῳ
2770 4582 2960 4653 αὐτῆς,
3017 4588 3135 4646 τοῖς
3203 4582 3512 4659 ἀνθρώποις

74 4695 249 4742 mos,
285 4675 405 4730 sive
428 4674 756 4729 futurorum
813 4672 1093 4745 praesagia
1153 4674 1271 4728 sive
1328 4673 1561 4746 egregia
1612 4673 1722 4729 vita

1862 4670 2442 4750 συναναστρεφόμενος,
2472 4670 2561 4725 καὶ
2593 4672 2785 4745 ’Δγιος
2814 4670 3036 4747 Ἰσραὴλ
3084 4670 3387 4747 βασιλεύων
3432 4670 3515 4725 ἐπ’

74 4772 248 4825 bene
286 4765 524 4836 agendae
558 4762 778 4818 monita
811 4762 1084 4817 edidisse:
1121 4779 1248 4833 quae
1278 4762 1521 4833 proinde
1540 4778 1722 4835 magni

1864 4761 2059 4823 αὐτοὺς
2092 4758 2143 4815 ἐν
2175 4759 2494 4814 ταπεινώσει
2523 4758 2614 4814 καὶ
2643 4759 2914 4834 πτωχείᾳ.
2944 4761 3062 4818 Non
3108 4762 3352 4833 amplius
3400 4776 3517 4816 sus-

76 4860 146 4913 in
186 4852 387 4926 pretio
417 4851 617 4906 haberi
653 4851 723 4905 ab
756 4849 1758 4921 audientibuslitterisquemandari
1866 4853 2061 4909 tinebit
2116 4850 2480 4907 Hierusalem
2541 4850 2958 4916 desolationem,
3019 4866 3191 4921 neque
3258 4850 3517 4921 captivus

75 4946 565 5002 consueverunt.
596 4940 759 4993 Hunc
789 4938 971 5011 igitur
1000 4954 1220 4994 morem
1262 4937 1527 4994 imitatus
1557 4942 1761 4994 auctor
1867 4941 2094 4997 ducetur
2125 4939 2299 4996 Israel
2324 4954 2347 5001 ;
2376 4940 2637 5011 quoniam
2669 4939 2929 4994 Dominus
2948 4939 3059 4994 erit
3088 4940 3149 4993 in
3171 4937 3350 4993 medio
3380 4938 3514 5009 ejus,

76 5037 330 5098 noster,
364 5046 478 5085 non
513 5033 632 5084 tam
668 5027 863 5084 animo
912 5026 1261 5100 decipiendi,
1313 5044 1490 5099 quam
1530 5028 1761 5084 Judaeos
1867 5046 1995 5086 cum
2026 5028 2335 5084 hminibus
2362 5030 2785 5092 conversatus,et
2804 5029 3051 5083 Sanetus
3080 5026 3253 5082 Israel
3282 5040 3519 5096 regnans

75 5120 395 5193 religione
427 5133 491 5174 ac
524 5116 835 5189 disciplina
864 5116 1168 5172 imbuendi
1198 5116 1394 5172 studio
1423 5116 1484 5171 in
1516 5115 1609 5173 his
1652 5117 1761 5172 Te-

160 5276 296 5352 (23)
328 5276 501 5352 Grab.
536 5275 573 5331 l.
595 5291 885 5352 _c._,_pagg.
921 5276 1044 5345 139,
1080 5275 1202 5352 149.

160 5346 294 5419 (24)
327 5348 550 5403 Simon.
589 5346 731 5403 Bibl.
764 5346 915 5413 erit,
946 5354 1091 5404 tom.
1126 5346 1193 5415 Il,
1226 5363 1283 5419 p.
1315 5347 1441 5403 228.

157 5419 295 5495 (ᾧ)
329 5419 578 5495 (ξι-οδε).
612 5436 856 5495 σπρεαδ.
891 5420 1014 5475 433.

160 5490 293 5565 (26)
327 5490 464 5565 (ξαν.
492 5492 630 5565 Hist.
666 5490 865 5557 litter.,
900 5495 1021 5565 tom
1055 5491 1099 5565 Ι,
1121 5508 1188 5565 _p_.
1217 5491 1309 5546 51.

162 5561 300 5635 (27)
334 5561 510 5635 Grab.
548 5562 587 5635 l_.
623 5578 672 5617 ο.
708 5563 1039 5635 pagg._129.
1075 5561 1196 5635 14717.

163 5621 301 5710 (28’)
334 5633 510 5710 (ιε-αι).
544 5621 744 5710 Annal.
777 5621 859 5689 ἅιϊ
879 5633 936 5689 c.
968 5634 1124 5690 Bulli
1151 5631 1469 5704 Defensﬁd.
1500 5632 1768 5689 Nic.sect.

74 5730 155 5781 II,
174 5706 430 5781 'cap._3,
467 5721 600 5777 pag.
630 5706 722 5761 64.

167 5772 311 5859 (29)
342 5772 575 5835 Testem:
603 5793 684 5833 xu
718 5776 1062 5849 Patriarch.,
1095 5791 1224 5850 cap.
1249 5776 1307 5846 2,
1336 5772 1368 5851 §
1395 5773 1450 5831 6.

405 5905 668 5973 ΡΑτιιοι..
716 5904 827 5971 Gn.
872 5904 949 5972 II.

1869 5134 2033 5190 super
2056 5119 2201 5190 ipsos
2232 5117 2294 5171 in
2323 5115 2639 5172 humilitate
2669 5122 2721 5171 et
2743 5120 3089 5187 paupertate.

1945 5277 2054 5349 (30)
2087 5276 2231 5349 Ibid;
2268 5276 2373 5345 ὃὸ-

1945 5346 2061 5418 (31)
2093 5347 2238 5420 Ibid.
2272 5363 2400 5420 cap.
2429 5347 2485 5420 2,
2520 5346 2632 5420 ἓ7.

1970 5420 2060 5490 32)
2091 5418 2240 5473 Ibid.
2275 5418 2328 5490 3,
2349 5418 2397 5490 j§
2421 5418 2477 5473 2.

1970 5422 2060 5490 32)
2091 5422 2240 5473 Ibid.
2275 5422 2328 5485 3,
2365 5422 2385 5490 ξ

1947 5422 2060 5628 ζ33)
2090 5490 2238 5571 Ibid.
2270 5488 2301 5561 §
2332 5489 2385 5543 4.

1974 5562 2063 5628 34)
2097 5560 2241 5615 Ibid.
2274 5576 2382 5628 cap

1974 5562 2063 5631 34)
2097 5560 2241 5615 Ibid.
2274 5576 2403 5631 cap.
2439 5560 2494 5629 4,
2526 5561 2554 5629 §
2581 5560 2673 5616 22.

2047 5562 2066 5850 ἒ

1973 5631 2066 5698 35)
2100 5631 2243 5687 Ibid.
2276 5633 2303 5698 §
2330 5631 2424 5685 24.

1975 5701 2064 5774 36)
2094 5702 2239 5774 Ibid.
2268 5718 2400 5774 cap.
2430 5702 2488 5774 6,
2521 5701 2551 5774 §
2577 5701 2634 5774 9.

1973 5634 2045 5687 35
2100 5632 2243 5687 Ibid.
2276 5633 2303 5698 §
2330 5632 2424 5685 24.

1975 5705 2044 5759 36
2094 5702 2239 5758 Ibid.
2268 5718 2400 5774 cap.
2430 5702 2488 5768 6,
2577 5701 2634 5758 9.

1950 5632 2066 5852 £37;
2096 5773 2246 5832 Ibid.
2277 5789 2410 5851 cap.
2439 5771 2497 5847 7,
2521 5700 2558 5851 ἓ
2585 5773 2643 5840 5.

3173 5910 3250 5981 33
