4036 6356
522 390 673 447 1035
1558 366 2087 433 TESTAMENTA
2132 361 2241 424 XII

595 544 621 571 ‹‹
658 521 719 574 In
750 519 1119 574 Testamento
1144 508 1518 585 Nepbtbalim
1553 505 1665 577 (38)
1700 520 1711 559 :
1744 500 1840 555 Διὰ
1865 503 1960 553 τοῦ
1991 493 2166 553 Ἰούδα
2194 497 2244 564 Α

525 606 771 664 ἀνατελεῐ
797 605 1034 680 σωτηρία
1059 606 1139 674 τῷ
1168 596 1412 676 Ἰσραὴλ,
1444 594 1534 650 καὶ
1565 593 1616 646 ἐν
1662 590 1808 661 αὐτῴ
1858 587 2166 661 εὐλογηθή-

528 718 671 753 σεται
722 690 934 750 Ἰακώϐ.
992 694 1089 747 Διὰ
1131 692 1231 767 γὰρ
1292 691 1389 742 τοῦ
1439 686 1716 758 σκήπτρου
1776 678 1939 733 αὐτοῦ
1996 675 2166 752 ὀφθή-

527 807 673 842 σεται
730 783 877 852 Θεὸς,
936 783 1197 837 κατοικῶν
1260 775 1311 832 ἐν
1381 772 1688 847 ἀνθρώποις
1748 767 1833 821 ἐπὶ
1888 772 1986 834 τῆς
2041 769 2168 839 γῆς,

529 881 695 930 σῶσαι
746 874 808 927 τὸ
854 874 1007 947 γένος
1057 866 1302 945 Ἰσραήλ.
1353 867 1461 921 Per
1506 862 1715 922 ludam
1762 857 1971 914 orietur
2020 854 2171 909 salus

532 966 720 1030 Israel,
752 972 806 1020 et
854 965 915 1018 in
957 963 1073 1034 ipso
1130 957 1475 1016 benedicetur
1526 951 1706 1009 Jacob.
1739 954 1846 1005 Per
1900 947 2173 1034 sceptrum

528 1058 679 1113 enim
706 1055 822 1126 ejus
846 1032 1136 1125 apparebit
1162 1049 1342 1115 Dsus,
1366 1044 1621 1099 habitans
1654 1042 1801 1095 inter
1827 1036 2078 1092 homines
2108 1032 2174 1088 in

528 1155 697 1216 terra,
738 1146 799 1198 ut
829 1143 999 1198 salvet
1028 1155 1199 1211 genus
1229 1135 1421 1193 Israel.

602 1256 632 1286 ‹‹
664 1210 727 1290 Ιή
758 1210 1128 1288 Testamento
1159 1229 1304 1282 Aser
1332 1224 1443 1296 (39)
1476 1239 1489 1278 ε
1524 1220 1580 1272 '0
1609 1220 1863 1290 Ὕψιστος
1892 1210 2172 1283 ἐπισκέψε-

527 1342 615 1377 ται
660 1321 759 1389 τὴν
811 1325 937 1395 γῆν,
968 1316 1058 1372 καὶ
1107 1313 1267 1375 αὐτὸς
1316 1309 1486 1366 ἐλθὼν
1534 1306 1607 1367 ὡς
1646 1302 1948 1379 ἄνθρωπος,
1981 1297 2171 1361 ἐσθίων

529 1412 621 1466 καὶ
649 1409 819 1465 πίνων
873 1405 1005 1481 μετὰ
1050 1409 1155 1459 τῶν
1213 1400 1537 1477 ἀνθρώπων,
1567 1394 1657 1450 καὶ
1703 1392 1754 1446 ἐν
1799 1387 2007 1464 ἡσυχίᾳ
2052 1406 2174 1440 συν-

529 1494 733 1573 τρίϐων
763 1499 862 1566 τὴν
893 1492 1134 1573 κεφαλὴν
1170 1495 1267 1547 τοῦ
1316 1488 1608 1563 δράκοντος
1659 1480 1727 1536 δι’
1758 1478 1973 1540 ὕδατος.
2007 1475 2176 1537 Οὗτος

534 1588 696 1643 σώσει
742 1588 833 1642 τὸν
865 1582 1087 1661 Ἰσραὴλ
1135 1582 1226 1637 καὶ
1276 1576 1449 1633 πάντα
1497 1576 1561 1629 τὰ
1609 1568 1913 1641 ἕθνη,Θεὸς
1963 1566 2038 1627 εἷς
2084 1562 2173 1617 ἅν-

537 1675 637 1753 δρα
667 1673 1103 1750 ὑποκρινόμενος.
1141 1676 1490 1726 Amssmus
1546 1662 1795 1720 visitabit
1854 1667 2098 1718 terram;
2127 1661 2179 1710 et

536 1746 653 1840 ipse
679 1746 901 1822 veniens
929 1768 988 1819 ut
1009 1768 1191 1829 homo,
1244 1776 1369 1816 cum
1415 1752 1730 1811 hominibus
1756 1747 2094 1804 manducans
2126 1746 2180 1799 et

536 1836 745 1924 bibens,
777 1857 827 1910 et
859 1856 919 1908 in
949 1852 1169 1907 silentio
1216 1855 1497 1904 conterens
1554 1844 1718 1913 caput
1776 1836 2029 1892 draconis
2081 1847 2179 1904 per

539 1923 763 2017 aquam.
800 1944 896 1997 Hic
922 1940 1167 1997 salvabit
1190 1937 1357 1995 Israel
1388 1944 1441 1991 et
1480 1946 1662 1989 omnes
1693 1932 1898 1998 gentes,
1937 1930 2089 1979 Deus
2120 1923 2179 1976 in

540 2036 725 2089 virum
745 2030 1122 2088 absconditus.

620 2144 647 2176 (ι
675 2120 937 2193 Denique
992 2119 1051 2173 in
1111 2116 1483 2173 Testamento
1516 2106 1819 2179 Benjamin
1850 2104 1963 2175 (40)
1996 2120 2017 2193 εγ
2052 2098 2183 2153 Τότε

542 2211 631 2268 καὶ
661 2212 823 2282 ἡμεῖς
855 2204 1281 2278 ἀναστησόμεθα,
1308 2198 1529 2261 ἕκαστος
1562 2195 1649 2252 ἐπὶ
1682 2201 1954 2268 σκῆπτρον
1996 2192 2180 2262 ἡμῶν,

541 2301 966 2376 προσκυνοῦντες
993 2296 1082 2349 τὸν
1121 2290 1346 2368 βασιλέα
1368 2293 1475 2344 τῶν
1524 2286 1783 2360 οὐρανῶν,
1816 2280 1907 2336 τὸν
1953 2279 2039 2333 ἐπὶ
2084 2284 2184 2354 γῆς

544 2366 770 2467 φανέντα
810 2386 861 2440 ἐν
918 2366 1430 2461 μορφῇ-ἀνθρώπου
1490 2372 1874 2451 (ἀνθρωπίνης)
1922 2366 2184 2422 ταπεινώ-

545 2460 698 2539 σεως.
743 2480 887 2534 Tunc
915 2484 965 2532 et
1002 2460 1100 2531 nes
1146 2485 1514 2543 resurgemus,
1542 2466 1916 2536 unusquisque
1971 2460 2032 2514 in
2080 2472 2189 2513 sce-

541 2576 727 2641 ptrum
754 2563 1319 2629 nostrum,adorantes
1331 2573 1516 2627 regem
1527 2555 1811 2623 caelorum,
1836 2550 1932 2621 qui
1959 2550 2017 2603 in
2038 2551 2189 2602 terra

546 2636 811 2729 apparuit
837 2657 894 2709 in
946 2657 1126 2723 forma
1172 2649 1412 2706 hominis
1459 2644 1775 2718 (humanae)
1830 2636 2189 2694 humilitatis.

549 2720 797 2816 Moxque
826 2720 988 2799 addit
1026 2738 1325 2796 Israelitas
1355 2732 1731 2806 judicandos,
1765 2726 1848 2816 ὅτ(
1893 2720 2194 2816 παραγενό-

556 2852 712 2907 μενον
760 2830 886 2886 Θεὸν
936 2828 987 2883 ἐν
1040 2826 1196 2903 σαρκὶ
1254 2820 1619 2896 ἐλευθερωτὴν
1673 2817 1773 2873 οὐκ
1833 2813 2193 2869 ἐπίστευσανε

553 2906 819 2997 quoniam
863 2920 1240 2975 advenientem
1290 2914 1446 2971 Deum
1495 2913 1558 2967 in
1618 2923 1784 2965 carne
1846 2906 2200 2961 liberatorem

552 3028 666 3068 non
692 3009 1060 3068 crediderunt.

635 3122 664 3152 «
720 3101 863 3156 Ecce
919 3095 1248 3163 Christum,
1305 3091 1619 3159 Dominum,
1696 3086 1885 3152 Deum,
1940 3096 2203 3154 magnum

561 3196 759 3259 Deum,
792 3188 1156 3251 Altissimum,
1202 3182 1469 3239 Sanctum
1515 3175 1709 3243 Israel,
1758 3179 1891 3245 etc.,
1944 3168 2200 3244 appella-

557 3284 707 3336 tum.
742 3301 770 3329 »
801 3280 1094 3333 Hactenus
1125 3270 1390 3329 eruditus
1410 3266 1662 3324 Grabius
1699 3280 1713 3319 :
1750 3280 1784 3319 a
1813 3278 1929 3333 quo
1962 3261 2082 3315 haec
2111 3274 2201 3313 ea-
2232 3241 2275 3309 Ο

558 3371 691 3426 dem
722 3370 1016 3424 contracta
1038 3364 1343 3419 mutuatus
1364 3362 1453 3414 est
1473 3353 1824 3411 Prudentius
1844 3352 2118 3406 Maranus
2140 3346 2200 3401 in

556 3457 852 3531 praestanti
885 3467 1057 3527 opere
1082 3450 1361 3521 inscripto
1396 3465 1407 3502 :
1442 3444 1758 3501 Divinitatis
1814 3441 1879 3496 D.
1934 3440 1999 3494 N.
2057 3439 2106 3494 J.
2142 3435 2198 3491 C.

557 3524 861 3620 inani/esto
889 3524 950 3598 in
987 3541 1285 3612 Scripturis
1318 3539 1372 3592 et
1400 3534 1692 3590 traditione
1721 3531 1853 3602 (41).
1886 3528 2065 3599 Cujus
2094 3524 2203 3580 viri

558 3633 886 3690 doctissimi
911 3629 1202 3702 judicium
1234 3627 1305 3682 de
1335 3625 1545 3680 horum
1568 3621 2081 3677 Testamentorum
2104 3630 2203 3669 au-

559 3728 714 3778 ctore
744 3721 802 3775 in
835 3718 1095 3775 medium
1126 3715 1384 3789 proferre
1412 3711 1574 3776 libet,
1606 3726 1721 3781 quo
1753 3705 1943 3778 magis
1972 3702 2075 3758 illa
2106 3702 2201 3756 fir-

560 3815 796 3868 mentur
826 3826 953 3881 qum
986 3809 1055 3862 de
1088 3805 1275 3878 ipsius
1305 3818 1477 3874 opere
1526 3796 1937 3855 disseruimus.
1972 3817 2001 3844 «
2038 3793 2203 3848 llunc

560 3900 927 3972 scriptorem,
963 3894 1174 3967 inquit,
1224 3892 1492 3948 Judaeum
1541 3887 1723 3943 fuisse
1769 3884 2027 3940 declarat
2073 3880 2200 3953 plu-

561 3971 748 4044 rimus
775 3987 1155 4042 Judaicarum
1198 3980 1530 4037 fabularum
1582 3993 1725 4032 usus
1758 3990 1772 4029 :
1806 3971 2202 4027 Christianum

558 4095 713 4149 vero,
774 4076 1023 4132 nimium
1082 4075 1293 4145 aperta:
1351 4070 1421 4124 de
1490 4065 1716 4121 Christo
1776 4060 2201 4136 praedictiones,

560 4182 740 4239 quam
770 4169 835 4221 ut
863 4182 930 4220 ex
977 4161 1196 4219 eventis
1248 4160 1394 4214 ﬁctae
1444 4173 1560 4211 non
1608 4152 1847 4210 fuerint.
1900 4149 2198 4206 Seniorem

559 4254 768 4311 saeculo
799 4271 839 4308 ιι
868 4250 1139 4308 nonnulli
1170 4248 1412 4312 faciunt,
1445 4261 1611 4302 nemo
1635 4242 1953 4315 juniorem,
1989 4239 2203 4311 quippe

558 4362 694 4400 cum
723 4345 793 4399 ab
828 4341 1076 4415 Origene
1106 4336 1312 4393 homil.
1343 4353 1413 4392 xv
1443 4337 1503 4390 in
1536 4336 1694 4390 Iosue
1741 4329 1955 4386 citatus
2004 4327 2197 4382 fuerit.

554 4432 806 4488 Grabius
836 4431 995 4485 hunc
1024 4428 1243 4484 librum
1274 4424 1413 4481 olim
1446 4441 1480 4479 a
1506 4422 1707 4478 Judaio
1742 4417 2026 4490 scriptum
2069 4418 2200 4471 ante

554 4519 766 4578 Christi
798 4524 1014 4585 ortum,
1049 4520 1106 4572 et
1135 4532 1169 4570 a
1198 4512 1526 4569 Christiano
1551 4509 1758 4566 saeculo
1791 4525 1809 4562 ι
1836 4507 2078 4562 exeunte
2100 4506 2202 4559 aut

553 4627 595 4667 ιι
628 4611 908 4665 inueunte
938 4603 1351 4678 interpolatum
1376 4599 1680 4674 putat.Sed
1709 4597 1830 4652 haec
1861 4593 2075 4651 eruditi
2093 4592 2197 4647 viri
2229 4611 2277 4676 D

553 4699 749 4771 opinio
780 4695 1095 4753 levissimis
1123 4690 1474 4765 conjecturis
1506 4687 1732 4744 nititur.
1765 4683 1922 4759 Nihil
1954 4682 2108 4739 enim
2138 4681 2197 4737 in

551 4770 661 4844 hoc
692 4803 865 4859 opere
894 4784 1259 4840 insincerum
1295 4784 1351 4837 et
1382 4778 1704 4834 interlitum
1762 4776 2021 4846 apparet,
2054 4770 2198 4825 nihil

551 4878 704 4950 quod
736 4894 850 4931 non
877 4872 1171 4947 proposito
1212 4870 1518 4927 conducat.
1571 4870 1760 4933 Quare
1806 4880 1923 4919 non
1973 4865 2062 4917 est
2093 4877 2199 4916 cur

546 4949 855 5023 vereamur
884 4964 1005 5018 haec
1044 4962 1424 5017 Testamenta
1470 4952 1822 5028 patriarchis
1871 4949 2196 5023 supposita,

548 5060 616 5113 ut
644 5052 1161 5129 germanissimum
1185 5065 1333 5121 opus
1347 5046 1532 5102 Judaei
1555 5044 1616 5100 in
1638 5043 1934 5099 Christum
1965 5039 2201 5096 creden-

618 5217 733 5288 (38)
766 5213 991 5288 Testam.
1026 5228 1106 5266 xu
1127 5208 1474 5288 Alfatriarch”
1508 5222 1633 5278 cap.
1665 5203 1720 5272 8,
1751 5204 1779 5272 §
1806 5202 1861 5257 8.

618 5281 732 5358 (29)
772 5286 916 5341 Ibid.
951 5301 1079 5355 cap.
1115 5283 1203 5358 lt),
1236 5281 1265 5353 §

646 5351 735 5427 40)
768 5358 911 5413 Ibid.
948 5351 1083 5428 cap.
1117 5355 1203 5428 12,
1296 5351 1381 5428 1ρἒ

646 5412 731 5498 iii
763 5430 985 5485 Maran.
1020 5412 1201 5483 ῠίυίηζ
1235 5412 1300 5480 ἱ).
1334 5423 1398 5479 Ν.
1430 5422 1479 5477 J.
1511 5420 1567 5475 c.
1603 5418 1706 5475 lib.
1741 5433 1805 5485 n,
1839 5433 1964 5489 cap.
2004 5412 2195 5483 1,§4.

549 5501 977 5698 ἓξὲῗΝουπ.
1045 5571 1251 5642 Appar.
1300 5566 1379 5625 ad
1445 5564 1559 5621 bibl
1594 5561 1707 5619 PP.
1777 5564 1922 5616 tom.
1981 5561 2027 5631 Ι,
2062 5571 2195 5631 pag.

620 5712 733 5810 (43)
762 5709 984 5771 Simon.
1019 5712 1165 5770 Bibl.
1188 5712 1341 5785 crit.,
1372 5711 1517 5765 tom.
1552 5706 1625 5775 ll,
1658 5720 1716 5778 p.
1749 5703 1876 5759 225.

2285 354 2995 421 PATRIARCHARUM.
3776 352 3916 414 1036

2275 495 2352 549 tis
2382 493 2579 547 citare.
2615 513 2642 541 »
2676 489 2974 563 Excerptis
3005 488 3214 544 deinde
3259 486 3557 561 productis
3592 504 3724 559 quae
3758 504 3919 558 supc-

2276 583 2399 636 rius
2431 580 2824 647 recitavimus,
2858 579 3208 635 sententiam
3232 594 3399 633 suam
3432 576 3655 632 claudit
3684 576 3783 630 his
3814 593 3925 629 ver-

2278 671 2369 725 bis
2403 686 2416 725 :
2452 691 2479 719 «
2512 669 2644 724 Haec
2673 668 2921 724 clariora
2950 672 3007 723 et
3038 667 3402 739 expressiora
3457 672 3619 733 sunt,
3655 682 3845 738 quam
3875 670 3930 719 ut

2280 758 2615 829 detorqueri
2643 756 2892 828 possint.
2927 757 3089 821 Quod
3121 756 3172 811 si
3204 760 3405 811 assuta
3433 759 3489 809 et
3520 754 3829 809 insincera
3861 754 3932 806 di-

2281 852 2412 902 cent
2441 845 2823 919 (adversarii),
2856 862 2971 900 non
3006 848 3097 900 est
3127 844 3281 916 quod
3316 861 3450 899 cum
3482 844 3567 899 eis
3602 843 3929 915 litigamus.

2282 935 2375 992 Slc
2406 936 2558 990 enim
2591 934 2907 1007 scriptores
2934 949 3138 990 omnes
3192 933 3626 989 ecclesiasticos
3687 932 3927 987 eludere

2282 1023 2495 1079 licebit.
2527 1024 2698 1079 Nulla
2726 1024 2883 1079 enim
2914 1022 3008 1078 hic
3039 1021 3175 1095 styli
3213 1022 3483 1089 varietas,
3517 1020 3687 1076 nulla
3741 1036 3935 1076 rerum

2283 1117 2387 1169 aut
2410 1113 2718 1168 verborum
2752 1112 3167 1184 discrepantia,
3215 1110 3358 1166 nihil
3418 1128 3533 1166 non
3594 1109 3861 1181 simplex
3889 1114 3935 1163 et

2283 1203 2457 1259 unius
2488 1202 2707 1258 formas.
2742 1200 2990 1256 Videtur
3020 1203 3213 1255 autem
3245 1200 3356 1256 iste
3384 1198 3656 1272 scriptor,
3694 1198 3937 1255 consilio

2282 1291 2380 1347 ille
2411 1291 2647 1363 quidem
2679 1307 2797 1346 non
2829 1289 3009 1356 malo,
3050 1290 3151 1345 sed
3184 1289 3390 1344 fraude
3450 1306 3564 1344 non
3623 1286 3936 1353 laudabili,

2282 1380 2406 1437 haec
2433 1378 2708 1436 vaticinia
2736 1378 3083 1452 patriarchis
3097 1377 3509 1450 subjecisse,ut
3537 1376 3782 1433 Judaeos
3804 1394 3938 1431 suos

2285 1471 2359 1527 ad
2389 1470 2565 1526 ﬁdem
2596 1468 2874 1536 alliceret,
2908 1471 2966 1525 et
3012 1484 3295 1541 magnum
3325 1466 3472 1522 illud
3503 1466 3813 1523 nascentis
3844 1466 3937 1520 Dei

2288 1558 2630 1631 mysterium
2662 1575 2696 1614 a
2724 1574 2840 1629 quo
2882 1556 3291 1630 abhorrebant,
3356 1556 3416 1611 in
3469 1572 3566 1612 ore
3626 1556 3939 1612 duodecim

2287 1648 2750 1721 patriarcharum
2782 1647 2979 1702 minus
3011 1646 3093 1702 eis
3128 1646 3385 1701 invisum
3417 1644 3729 1700 accideret.
3760 1666 3787 1694 γι
3821 1648 3939 1698 Huc

2288 1753 2471 1808 usque
2503 1737 2780 1792 Maranus
2811 1736 2877 1791 V.
2911 1739 2970 1790 C.
3002 1736 3085 1790 Ex
3130 1734 3349 1807 quibus
3403 1734 3590 1806 liquet
3622 1732 3808 1789 nimis
3838 1734 3941 1788 ab-

2283 1828 2436 1899 jecte
2467 1826 2725 1883 sensisse
2753 1824 3071 1882 Nourrium
3101 1824 3229 1895 ejus
3284 1822 3572 1893 sodalem,
3602 1822 3803 1878 virum
3833 1839 3941 1878 ce-

2290 1920 2415 1972 tera
2444 1917 2845 1986 doctum,cum
2877 1914 2949 1969 de
2976 1913 3071 1969 his
3092 1911 3484 1969 Testamentis
3510 1910 3656 1966 illud
3683 1928 3941 1984 pronun-

2292 2006 2457 2060 tiavit
2486 2021 2499 2059 :
2537 2028 2564 2053 ‹‹
2596 2003 2656 2059 in
2689 2002 2877 2059 lucem
2911 2018 3215 2074 nunquam
3247 2000 3437 2057 emitti
3454 2017 3524 2056 ea
3552 2000 3943 2071 debuisse,vel

2294 2093 2590 2167 perpetuis
2640 2091 2893 2147 tenebris
2943 2090 3126 2147 luisse
3183 2090 3517 2147 damnanda
3566 2090 3681 2163 (42)
3719 2112 3750 2139 ››
3789 2106 3939 2161 :quo

2296 2185 2535 2256 quidem
2568 2181 2803 2237 nomine
2831 2180 2918 2236 vel
2950 2181 3022 2236 ab
3051 2179 3178 2252 ipso
3229 2179 3489 2236 Simonio
3538 2182 3784 2235 notatur
3812 2180 3941 2247 (43).

2298 2309 2391 2365 IV.
2424 2309 2498 2362 De
2525 2307 2856 2388 uariisniss.
2885 2304 3292 2388 exemplaribus
3310 2303 3546 2388 .Grcecis.
3595 2303 3773 2388 deque
3798 2305 3943 2357 anti-

2372 2396 2481 2508 qua
2522 2379 2737 2434 Roberti
2790 2378 3186 2433 Lincolniensis
3234 2376 3468 2447 episcopi
3523 2377 3777 2431 versione
3832 2376 3943 2442 agi-

2398 2468 2484 2507 ur.

2379 2540 2563 2611 Hujus
2593 2538 2785 2610 operis
2813 2537 2975 2593 varia
3013 2536 3507 2592 circumferuntur
3553 2551 3701 2591 mss.
3761 2551 3950 2591 exem-

2305 2629 2490 2702 plaria
2518 2628 2735 2698 Graeca,
2765 2626 2905 2682 viris
2931 2625 3178 2682 eruditis
3211 2624 3468 2692 laudata,
3518 2624 3945 2679 Montfauconie

2307 2719 2421 2790 (44)
2452 2718 2513 2773 in
2544 2716 2773 2790 primis,
2808 2714 3077 2781 Nourrio,
3110 2713 3391 2777 Simonio,
3416 2713 3741 2769 Warthono
3774 2712 3839 2768 ll.
3873 2728 3948 2767 cc.

2315 2806 2587 2879 aliisque.
2617 2808 2724 2860 Ms.
2775 2802 3278 2875 Cantabrigiensia
3329 2801 3599 2859 meminit
3655 2802 3953 2857 Fabricius

2313 2896 2446 2969 (45),
2478 2897 2723 2967 ejusque
2752 2891 2955 2949 titulos
2986 2909 3088 2948 seu
3121 2892 3381 2964 capitum
3410 2891 3741 2947 summaria
3769 2895 3953 2945 Graece.

2312 2986 2538 3052 recitat,
2569 2983 2718 3039 nihil
2748 2987 2967 3039 tamem
3002 2982 3072 3037 ab
3104 2981 3257 3037 edito
3289 2980 3580 3037 Grabiano
3621 2979 3954 3036 diversa.De

2314 3073 2612 3131 codicibus
2643 3076 2838 3127 autem
2868 3069 3207 3143 Anglicanis
3238 3086 3372 3125 mox
3399 3068 3571 3136 infra,
3605 3069 3708 3124 ubi
3734 3069 3805 3125 de
3836 3069 3953 3124 edi-

2311 3162 2471 3220 tione
2502 3161 2834 3217 0xoniensi.
2867 3160 3127 3215 Primum
3156 3175 3290 3214 vero
3340 3157 3606 3214 Graecum
3638 3157 3949 3230 exemplar,

2313 3252 2363 3307 si
2397 3251 2539 3306 ﬁdes
2571 3249 2841 3305 Matthan
2865 3248 3029 3304 Paris
3060 3247 3493 3320 (46),detectum
3512 3248 3593 3302 ita
3624 3247 3807 3303 fuisse
3830 3262 3948 3318 per-

2311 3341 2567 3406 hibetur,
2598 3339 2873 3409 Magister,
2904 3336 3117 3409 inquit,
3146 3342 3379 3393 Joannes
3424 3335 3488 3391 de
3517 3337 3946 3406 Basingcstokes,

2310 3427 2732 3485 archidiaconus
2760 3427 2996 3498 Legrice,
3026 3427 3115 3480 vir
3144 3426 3205 3480 in
3234 3425 3400 3480 trivio
3428 3428 3481 3480 et
3534 3424 3831 3495 quadrivio
3857 3441 3950 3477 ex—

2305 3518 2771 3591 perientissimus,
2804 3514 3007 3571 Graecis
3038 3530 3105 3569 ac
3129 3514 3345 3569 Latinis
3376 3514 3578 3569 litteris
3627 3513 3699 3568 ad
3739 3515 3953 3586 ple-num

2311 3607 2677 3678 eruditus,....
2709 3606 3071 3659 intimavcrat
3126 3604 3373 3675 episcopo
3429 3600 3813 3659 Lincolniensi
3860 3606 3950 3658 Rev

2314 3698 2483 3761 berlo,
2512 3695 2650 3766 quod
2680 3692 2896 3766 quando
2923 3692 3132 3748 studuit
3156 3692 3399 3760 Athenis,
3424 3692 3646 3747 viderat
3684 3700 3740 3747 et
3769 3692 3949 3746 audie-

2310 3790 2401 3840 rat
2430 3785 2501 3839 ab
2531 3784 2722 3850 peritis
2751 3787 3068 3838 Graecorum
3096 3781 3403 3837 doctoribus
3451 3780 3707 3851 quwdam
3747 3782 3949 3834 Latinis

2313 3875 2609 3945 incognita.
2642 3874 2790 3928 Inter
2816 3885 2943 3943 qua:
2979 3872 3181 3942 reperit
3227 3886 3309 3924 x11
3362 3869 3844 3933 Patriarcharum,
3894 3870 3949 3935 [i-

2312 3965 2513 4020 liorum
2567 3960 2816 4017 videlicet
2873 3958 3055 4025 Iacob,
3110 3960 3445 4014 Testamenta
3497 3974 3509 4014 :
3564 3972 3688 4030 qum
3750 3966 3955 4013 constat

2312 4069 2422 4109 esse
2448 4052 2514 4107 de
2542 4051 2860 4107 substantia
2892 4048 3227 4105 bibliothecae
3246 4064 3268 4111 ;
3297 4048 3390 4103 sed
3414 4063 3514 4119 psr
3555 4046 3843 4102 invidiam
3869 4048 3951 4101 Ju-

2312 4143 2558 4199 daeorum
2586 4139 2793 4195 dudum
2818 4139 2994 4211 fuisse
3027 4138 3328 4207 incognita,
3356 4140 3580 4208 propter
3636 4139 3953 4207 manifestas

2310 4246 2432 4305 quin
2462 4247 2523 4286 in
2550 4228 2752 4285 eisdem
2776 4232 2989 4300 patent,
3019 4226 3088 4283 de
3130 4225 3346 4283 Christo
3402 4224 3753 4295 prophetias.
3816 4225 3953 4282 Unde

2311 4320 2457 4376 idem
2485 4320 2760 4391 episcopus
2788 4317 2941 4371 misit
2972 4317 3031 4370 in
3064 4315 3331 4372 Graeciam
3366 4332 3380 4383 ;
3412 4320 3466 4370 et
3494 4330 3623 4369 cum
3646 4330 3710 4370 ea
3742 4314 3954 4369 habui»

2310 4411 2408 4477 set,
2441 4407 2724 4464 transtulit
2752 4406 2816 4461 de
2846 4404 3029 4462 Graeco
3060 4406 3119 4459 in
3152 4404 3413 4460 Latinum
3468 4418 3800 4459 sermnem.
3834 4403 3949 4458 Hac
4034 4403 4036 4473 ξ

2309 4497 2408 4553 ille
2439 4497 2762 4554 monachus
2791 4493 3038 4567 Anglus,
3071 4492 3171 4549 ubi
3205 4492 3351 4548 nihil
3385 4492 3456 4548 de
3505 4494 3671 4548 textu
3700 4492 3953 4559 Hebraeo,
4034 4502 4036 4567 ξ

2310 4590 2375 4641 ut
2404 4585 2562 4653 alibi,
2596 4601 2771 4657 quem
2802 4583 2978 4639 etiam
3005 4580 3277 4654 superius
3298 4580 3556 4637 vidimus
3587 4584 3951 4635 enarrantem

2309 4677 2380 4732 ab
2412 4676 2613 4732 eodem
2636 4673 2877 4746 quidem
2903 4671 3297 4727 Lincolniensi
3327 4670 3600 4742 episcopo
3623 4669 3752 4724 haec
3774 4670 3954 4724 Testa-

2310 4770 2505 4821 menta
2534 4781 2565 4819 e
2598 4763 2792 4820 Graeco
2827 4761 3032 4816 Latine
3063 4761 3243 4815 fuisse
3290 4760 3537 4826 reddita,
3591 4759 3947 4831 coadjurarde

2307 4860 2504 4910 tamen
2560 4854 2825 4921 magistro
2870 4850 3090 4906 Nicolao
3141 4849 3345 4914 Graeco,
3410 4848 3606 4903 clerico
3656 4849 3872 4902 abbatis
3900 4846 3947 4897 5.

2308 4944 2533 4997 Albani.
2564 4941 2645 4996 De
2676 4944 2925 5011 utroque
2966 4938 3282 5010 interprete
3315 4936 3659 4992 distinctius
3698 4936 3827 5008 agit
3854 4935 3946 4990 Ba-

2308 5031 2435 5088 leus
2466 5031 2600 5102 (47)-

2308 5191 2725 5323 68ἕ44ἐιὲῐοηιΐ.
2758 5189 2902 5245 Bibl.
2933 5188 3205 5259 biblioth.,
3238 5190 3384 5243 tom.
3422 5189 3468 5255 Ι,
3503 5201 3639 5259 pag.
3692 5185 3784 5253 M,
3832 5184 3942 5249 683,

2309 5327 2495 5465 84(4Ξ5)
2529 5332 2752 5391 Fabric.
2814 5332 2939 5389 Cod.
3001 5329 3202 5404 pseud.
3241 5331 3298 5386 V.
3332 5330 3411 5396 T.,
3479 5334 3625 5396 tom,
3690 5327 3770 5398 II,
3820 5343 3941 5401 pag.

2306 5476 2737 5607 72ὅ4ἓέαΜεῑὼ.
2769 5476 2900 5532 Par.
2935 5475 3071 5531 Hist.
3104 5474 3326 5543 major.,
3357 5472 3430 5528 ad
3491 5488 3631 5527 ann.
3689 5470 3846 5537 1252,
3894 5483 3943 5540 p.

2380 5622 2497 5693 (47)

2309 5713 2366 5770 p.
2404 5695 2494 5752 33.

2513 5566 2655 5677 clia].
2690 5620 2830 5677 Hist.
2864 5615 2929 5675 de
2961 5617 3151 5690 script.
3206 5616 3492 5686 Britann.,
3553 5616 3775 5672 cantur.
3827 5626 3943 5674 xui,
