4008 6350
121 482 268 541 1ΟΊ7
1348 482 1704 545 TESTAME

1939 486 1945 544 l
1995 486 2284 547 RUBEN.
3368 485 3522 546 1038

257 618 321 670 V.
357 616 430 671 De
459 600 696 671 editione
743 612 1022 671 Grabiana
1054 613 1141 670 hic
1170 616 1313 686 typis
1342 631 1614 687 expressa.
1789 620 1843 684 Α
1874 617 2549 689 tabrigiensis.Latinam
2578 633 2810 689 quoque
2832 617 3065 673 Roberti
3098 618 3524 675 Lincolniensis

190 722 345 777 Hanc
376 726 570 776 autem
602 721 839 777 Roberti
874 720 1176 794 antiquam
1226 722 1550 777 versionem
1604 722 1763 777 Lati-
1871 707 2199 762 versionem
2231 707 2531 779 perpetuis
2554 708 3063 762 emendationibus
3086 707 3353 777 limavit;
3387 698 3523 765 aliis

132 827 267 867 nam
298 811 549 866 subinde
579 811 732 883 typis
756 810 937 867 fuisse
960 810 1368 883 consignatam
1392 816 1610 867 norunt
1639 828 1715 867 θυι

1936 794 2109 883 iidem
2143 812 2291 867 quas
2320 811 2352 850 e
2380 795 2609 850 duobus
2662 811 2805 851 mes.
2847 795 3215 851 bibliothecae
3258 795 3519 875 Bodleia-

119 901 224 956 diti
254 918 268 967 ;
302 882 661 971 dignamque
688 900 748 954 in
781 899 988 971 primis
1018 882 1427 955 existimarunt
1453 900 1561 956 viri
1610 901 1702 956 doc

1936 900 1957 937 e
1984 882 2261 939 hauserat
2290 887 2347 939 et
2376 884 2539 956 prius
2571 884 2641 939 ad
2673 901 2806 940 oras
2836 884 3184 956 paginarum
3224 889 3519 963 posuerat,

116 1005 245 1060 quae
274 989 334 1043 i'n
366 970 623 1044 veterum
651 970 889 1044 Patrum
921 974 1296 1044 Bibliothecis
1319 988 1511 1044 locum
1543 989 1762 1045 obtine-
1870 970 1930 1026 in
1952 975 2172 1027 teXtum
2197 972 2551 1044 assumptis;
2587 972 2717 1029 aliis
2740 990 2874 1029 vero
2896 990 3008 1029 353
3033 973 3157 1045 ipso
3181 974 3476 1044 adjunCtiS
3508 992 3523 1033 ἓ

122 1082 227 1132 ret.
258 1076 472 1132 Verum
507 1078 566 1131 in
616 1076 894 1133 omnibus
937 1077 1294 1132 editionibus
1347 1094 1472 1149 quae
1502 1078 1574 1133 ab
1621 1094 1705 1133 ani

1966 1078 2034 1116 ex
2067 1060 2400 1133 prmfatione
2431 1062 2501 1116 ad
2536 1063 2855 1117 secundam
2906 1061 3191 1132 Spicilegii
3236 1061 3525 1118 Oxonien-

118 1166 261 1221 1483
293 1182 479 1237 usque
508 1166 577 1221 ad
610 1182 832 1222 annum
864 1167 1001 1221 1677
1031 1166 1091 1220 in
1135 1165 1343 1239 vulgus
1398 1166 1701 1238 prodierun

1448 1166 1758 1234 ροάίθωηι,
1874 1166 1997 1205 sem
2029 1150 2347 1205 editionem
2380 1150 2518 1205 anni
2554 1150 2689 1204 1714
2719 1149 3031 1220 colligitur.

119 1258 206 1307 tot
234 1254 532 1324 tantisque
566 1252 793 1308 mendis
817 1252 1029 1308 fmdata
1047 1257 1137 1307 est
1159 1252 1403 1323 antiqua
1424 1252 1625 1307 isthaec
1646 1268 1764 1307 ver-
1944 1255 2202 1311 Priorem
2230 1256 2584 1311 Grabianam
2616 1260 2858 1311 secutus
2889 1259 2979 1311 est
3008 1256 3307 1312 Fabricius
3344 1257 3403 1312 in
3439 1259 3530 1314 Co-

118 1343 225 1408 sio,
260 1346 323 1397 ut
366 1359 518 1413 saepe
565 1343 658 1396 vix
704 1358 946 1397 sensum
990 1341 1304 1396 extundere
1352 1340 1566 1396 valeas.
1600 1341 1761 1404 Quod
1883 1343 2000 1400 dice
2027 1344 2500 1416 pseudengrapho
2549 1344 2753 1400 Oete-ris
2800 1345 3139 1410 Testamenti,
3190 1344 3301 1399 vol.
3353 1345 3396 1413 Ι,
3437 1362 3526 1402 se-

115 1447 317 1485 secum
348 1436 625 1502 reputans
656 1431 915 1485 Joannes
946 1430 1227 1486 Ernestus
1275 1429 1547 1497 Grabius,
1583 1428 1762 1485 colla-
1882 1432 1993 1487 mel
2028 1433 2357 1503 iterumque
2410 1432 2565 1505 typis
2596 1447 2807 1487 excuso
2840 1433 3160 1504 llamburgi
3193 1450 3327 1487 ann.
3363 1434 3527 1505 17137

114 1520 194 1575 tis
225 1520 395 1575 editis
427 1536 559 1575 cum
592 1520 822 1575 duobus
850 1518 1216 1575 bibliothecae
1261 1517 1585 1574 Bodleianae
1618 1535 1761 1573 mss.
1886 1521 2044 1587 1722,
2071 1537 2409 1592 quanquam
2445 1520 2728 1575 memoria
2755 1520 2959 1591 lapsus
2984 1520 3155 1575 aliter
3185 1520 3395 1576 alicubi
3418 1520 3529 1593 (/18)

117 1608 440 1676 codicibus,
463 1608 751 1680 plurimos
781 1607 1023 1664 sustulit
1050 1624 1295 1675 errores,
1316 1608 1589 1663 correctis
1619 1624 1765 1679 quo-
1874 1614 2135 1665 asserat:
2162 1611 2317 1680 quod
2351 1610 2573 1680 utique,
2608 1614 2672 1665 ut
2702 1614 2908 1665 caetera
2964 1610 3331 1677 omittamus,
3374 1625 3528 1665 com-

119 1714 233 1769 que
263 1692 569 1771 aliispene
599 1696 927 1752 innumeris
959 1698 1031 1752 ab
1070 1696 1388 1767 interprete
1429 1695 1557 1767 ipso
1604 1711 1763 1751 com-
1874 1703 2101 1769 pertum
2140 1699 2255 1769 fiet,
2291 1700 2559 1753 secundae
2593 1698 2895 1753 Grabianze
2928 1704 3126 1753 notam
3161 1715 3218 1770 p.
3254 1699 3359 1752 224
3391 1715 3526 1754 cum

120 1785 337 1841 missis.
385 1787 544 1841 Hanc
589 1786 789 1858 itaque
833 1785 1160 1841 versionem
1215 1785 1299 1841 sic
1349 1784 1763 1851 emaculatam,
1874 1788 2131 1842 secunda
2187 1787 2325 1842 item
2376 1786 2716 1842 Fabriciana
2766 1803 2822 1860 p.
2868 1789 2973 1842 687
3028 1788 3369 1842 conferenti.
3405 1787 3525 1861 Nos

119 1891 257 1930 cum
288 1878 447 1930 textu
484 1875 679 1931 Graeco
713 1875 782 1930 ad
819 1875 965 1930 duos
1006 1875 1235 1929 codices
1267 1878 1484 1941 exacto,
1514 1873 1761 1929 alterum
1874 1892 2005 1932 vero
2058 1875 2434 1946 posteriorem
2484 1875 2892 1942 Oxoniensem,
2955 1877 3039 1930 uti
3083 1893 3185 1947 par
3232 1881 3376 1943 erat,
3412 1874 3529 1931 sele

116 1964 440 2019 Academiae
472 1963 986 2035 Cantabrigiensis,
1031 1962 1401 2017 bibliothecae
1439 1960 1763 2017 Bodleianze
1797 1980 1843 2044 B
1873 1965 2068 2036 gimus
2093 1982 2105 2019 :
2132 1964 2371 2019 editoris
2391 1964 2796 2019 adnotationes
2814 1980 2942 2034 quae
2960 1965 3143 2020 textui
3167 1964 3531 2019 emendando

118 2052 785 2125 alterum,publicijuris
809 2052 944 2108 fecit
966 2051 1322 2125 Oxonii1698
1344 2051 1401 2105 in
1424 2050 1767 2106 voluminel
1879 2053 2225 2118 inserviunt,
2262 2052 2610 2108 retinuimue
2654 2068 2667 2105 :
2706 2052 2850 2107 alias
2894 2052 3188 2124 longiores
3238 2051 3531 2107 contraxi-

114 2141 404 2213 sz’cilegiz
432 2141 526 2197 SS.
560 2134 815 2197 Patrum.
845 2140 1063 2196 Exinde
1090 2157 1221 2195 vero
1250 2139 1564 2195 editionem
1592 2155 1765 2195 suam
1880 2157 2037 2206 mus,
2070 2141 2271 2213 paucis
2306 2140 2541 2195 interim
2571 2139 2786 2195 additis
2821 2157 2950 2212 quae
2983 2140 3246 2197 auctoris
3279 2144 3535 2195 mentem

114 2246 428 2286 recensens
451 2231 605 2311 idem
625 2229 713 2284 vir
732 2229 1246 2301 eruditus,textum
1268 2232 1527 2284 Graecum
1550 2227 1765 2283 iterum
1886 2229 1945 2284 in
1978 2229 2187 2300 primis
2218 2229 2559 2302 respiciunt.

117 2318 369 2374 contulit
397 2335 532 2375 cum
564 2319 794 2375 duobus
826 2334 970 2374 mss.
1019 2318 1246 2391 collegii
1287 2317 1592 2374 Trinitatis
1622 2322 1771 2374 Can-

1226 2674 1407 2802 AI
1532 2673 2397 2803 ΔΙΑΘΗΚΑΙ

554 2918 1021 3092 ΤΩΝ
1163 2921 1436 3091 IB’

1542 3177 1671 3227 ΤΩΝ
1711 3177 1868 3229 ΥΙΩΝ
1900 3174 2108 3229 ΙΑΚΩΒ

957 3331 1282 3429 ΠΡΟΣ
1360 3330 1679 3427 ΤΟΥΣ
1760 3325 2131 3427 ΥΙΟΥΣ
2213 3329 2674 3425 ΑΥΤΩΝ.

1174 3526 2483 3806 TESTQIENTA

641 3906 1511 4040 DUODECIM
1629 3908 3019 4041 PATRIABCHABUM

1504 4126 1576 4186 Fl
1588 4125 1888 4188 LIORUM
1931 4127 2170 4187 JACOB

1250 4288 1408 4371 AD
1506 4284 1968 4372 FILIOS
2067 4283 2418 4374 SUOS

866 4456 1365 4518 INTERPRETE
1413 4426 1779 4517 ROBERTO
1822 4455 2370 4516 LINCOLNIENSI
2414 4452 2820 4515 EPISCOPO.

1233 4604 1551 4676 (GALLAND.,
1588 4605 1694 4660 Vat.
1726 4606 1878 4661 Patr.
1914 4603 2196 4672 Biblioth.,
2231 4604 2275 4673 Ι,
2310 4603 2456 4676 195.)

706 4775 1106 4829 ΚΕΦΑΛΑΙΟΝ
1160 4774 1236 4827 A'.
1828 4778 1870 4844 ρ

1828 4778 1870 4844 c
2566 4772 2799 4829 CAPUT
2840 4773 2880 4829 Ι.

495 4880 733 4949 ,διαθήκη
766 4873 1014 4951 Ῥουϐἠμ
1042 4877 1165 4953 περὶ
1200 4877 1439 4933 ἐννοιῶν.
2038 4863 2078 4918 T‘

2038 4863 2431 4918 Testamentum
2462 4863 2678 4953 Ruben,
2696 4862 2771 4953 flre
2785 4864 2861 4953 iis
2888 4879 3007 4953 lquge
3038 4862 3340 4918 meriturus
3370 4862 3429 4914 in

2438 4938 2621 4990 mente
2664 4934 2774 5006 (49)
2807 4935 3020 4989 habuit.

209 5046 297 5097 A’.
333 5038 688 5115 ’Δντίγραφον
749 5036 1011 5109 διαθήκης
1049 5033 1313 5110 Ῥουϐἡμ,
1343 5037 1440 5093 ὅσα
1498 5037 1792 5094 ἐνετείλατο

1980 5042 2021 5096 Ι.
2055 5040 2499 5111 Transcriptum
2538 5040 2875 5096 testamenti
2927 5040 3146 5107 Robcn,
3196 5053 3558 5110 quacunque

126 5135 261 5193 τοῖς
315 5128 457 5190 υἱοῖς
508 5127 692 5199 αὐτοῦ,
724 5128 850 5204 πρὶν
896 5128 1181 5191 ἀποθανεῖν
1231 5127 1411 5197 αὐτὸν,
1447 5127 1498 5183 ἐν
1532 5129 1709 5183 ἑκατοε

1979 5130 2210 5185 andavit
2240 5129 2375 5184 ﬁliis
2405 5129 2553 5196 suis,
2606 5129 2952 5201 priusquam
2986 5133 3329 5193 moreretur,
3368 5128 3429 5182 in
3459 5127 3562 5182 125

130 5219 381 5290 εἶκοστῷ
434 5219 638 5290 πέμπῳ
692 5215 799 5272 Etet
857 5220 955 5287 τῆς
987 5221 1133 5286 ζωῆς
1163 5216 1346 5271 αὐτοῦ.
1377 5217 1523 5272 Μετᾶ
1556 5215 1647 5287 ἔτη
1708 5218 1713 5265 ἐ

1978 5236 2066 5273 mo
2096 5220 2228 5273 vitae
2251 5217 2601 5290 ipsius.Post
2623 5235 2808 5273 annos
2840 5218 2987 5273 duos
3020 5218 3224 5271 mortis
3241 5215 3561 5287 Josepb,ad

129 5315 243 5378 τῆς
296 5306 556 5376 τελευτῆς
600 5308 823 5385 Ἰωσὴφ,
858 5305 1227 5382 ἆῤῥωστοῦντι
1278 5308 1624 5381 συνήχθησαν
1687 5305 1710 5360 ἐ

1984 5312 2296 5379 grotantem
2330 5307 2666 5380 congregati
2699 5310 2941 5374 sunt,ut
2968 5306 3271 5361 visitarent
3300 5302 3567 5369 eum,ﬁlii

134 5396 447 5469 σκέψασθαι
480 5394 638 5451 αὐτὸν
672 5397 725 5449 οἱ
754 5395 864 5449 υἱοὶ
895 5394 984 5449 καὶ
1004 5393 1111 5449 υἱοὶ
1132 5399 1240 5449 τῶν
1269 5396 1397 5449 υἱῶν
1421 5394 1717 5451 αὐτοῦ.Καὶ

2006 5396 2113 5451 ﬁlii
2140 5395 2396 5451 filiorum
2424 5398 2576 5467 ejus.
2610 5396 2680 5450 Et
2710 5396 2856 5451 dixit
2885 5394 2967 5451 eis
2998 5412 3011 5449 :
3044 5417 3073 5444 »
3105 5392 3287 5449 Filioli
3322 5393 3569 5465 mei,ego

132 5507 243 5542 πεν
282 5484 490 5548 αὑτοῖς·
522 5510 551 5537 ‹‹
582 5483 769 5540 Τεκνία
802 5505 928 5559 μου,
954 5483 1063 5560 ἐγὼ
1094 5483 1444 5555 ἀποθνήσκω,
1467 5484 1555 5538 καὶ
1586 5502 1715 5560 πορε

1990 5486 2163 5557 orior,
2194 5490 2251 5541 et
2279 5486 2425 5541 vado
2456 5485 2610 5541 viam
2634 5489 2868 5558 patrum
2902 5500 3236 5540 meorum.»
3274 5483 3342 5538 Et
3366 5482 3570 5537 videns

146 5630 345 5760 84(48)
378 5630 602 5686 Fabric.
659 5630 785 5686 Cod.
834 5629 1021 5701 pseud.
1074 5633 1143 5685 ν.
1187 5631 1411 5686 Testem.
1447 5632 1591 5685 tom.
1642 5628 1713 5700 II,
1755 5645 1811 5700 p.
1926 5631 2129 5756 (3:115,
2190 5628 2370 5685 habet
2429 5626 2719 5684 Robertus
2767 5627 3079 5701 episcopus
3149 5622 3572 5684 Lincolnensis.

1979 5717 2108 5755 ΕΑΒ.

190 5724 350 5849 4ξ49)
392 5772 455 5830 In
500 5778 699 5833 mente.
746 5774 811 5831 In
858 5777 1040 5830 mente
1084 5773 1286 5849 spiritu
1328 5773 1691 5847 praegnostico
1733 5770 1819 5828 di-
