4008 6350
531 394 694 453 1039

1524 386 2054 451 TES'I‘AMENTA
2100 386 2207 450 XII
2250 384 2959 451 PATRIARCHARUM.

550 522 650 579 llic
680 524 994 591 Judam,et
1026 520 1171 589 Gad,
1203 526 1258 577 et
1290 524 1446 589 Aser,
1468 522 1674 577 fratres
1706 521 2024 589 suos,dixit
2054 521 2139 576 eis

2256 583 2257 589 γ
2292 540 2385 590 μαι
2436 517 2557 573 ὁδὸν
2614 518 2859 592 πατέρων
2910 539 3037 589 μου.
3069 540 3096 567 >)
3132 516 3227 571 Καὶ
3260 512 3388 571 ἰδὼν
3438 512 3554 571 ἐκεῖ
3590 515 3847 585 Ἰούδαν,
3884 526 3945 572 καί

528 634 558 663 ‹‹
590 612 808 684 Erigite
840 627 952 681 me,
978 612 1205 679 fratres,
1232 616 1295 666 ut
1325 611 1515 665 dicam
1548 610 1826 665 fratribus
1858 609 2002 665 meis
2033 613 2091 664 et
2110 610 2173 663 ﬁ-

523 701 622 756 liis
651 702 817 770 meis,
841 716 1204 772 quaecunque
1228 700 1411 755 habeo
1434 700 1491 754 in
1525 700 1696 755 corde
1718 716 1846 753 meo
1870 697 2172 753 abscondi-

523 794 584 845 ta
605 809 623 845 :
642 791 767 859 jam
793 789 947 844 enim
972 788 1195 844 deﬁcio.
1225 812 1253 837 ››
1274 792 1341 843 Et
1364 792 1591 843 erectus
1613 787 1911 843 osculatus
1936 792 2027 841 est
2046 803 2166 854 eos,

519 884 577 935 et
608 880 843 951 plorans
867 878 1015 933 dixit
1044 893 1059 933 :
1097 900 1117 927 α
1153 878 1386 947 Audite,
1412 878 1619 932 fratres
1652 876 1763 931 mei
1793 881 1849 931 et
1878 875 2167 943 ﬁlii,auri-

516 967 630 1023 bus
662 968 941 1039 percipite
968 966 1170 1021 Ruben
1203 971 1426 1038 patrem
1448 970 1704 1021 vestrum
1740 966 2165 1035 (51),qusecun-

519 1072 632 1128 que
664 1056 878 1112 mando
907 1056 1091 1111 vobis.
1124 1056 1289 1123 Ecce,
1314 1054 1597 1110 testiﬁcor
1624 1054 1788 1110 vobis
1819 1053 2003 1109 Deum
2036 1051 2163 1107 cccli

514 1144 709 1210 hodie,
742 1148 807 1200 ut
836 1160 949 1200 non
981 1142 1293 1199 ambuletis
1340 1143 1398 1198 in
1457 1144 1789 1214 ignorantia
1810 1141 2160 1213 juventutis,

513 1236 570 1289 et
599 1233 979 1289 fornicatione
1007 1232 1066 1286 in
1100 1248 1215 1302 qua
1246 1232 1465 1287 effusus
1496 1248 1629 1288 sum
1658 1248 1783 1303 ego,
1805 1234 1864 1285 et
1892 1230 2164 1301 inquina-

512 1321 567 1375 vi
620 1320 837 1376 lectum
907 1320 1089 1392 patris
1138 1319 1250 1374 mei
1304 1320 1505 1375 Jacob.
1560 1319 1693 1375 Dico
1755 1319 1908 1374 enim
1973 1318 2158 1385 vobis,

514 1410 792 1480 quoniam
827 1409 1113 1481 percussit
1141 1424 1235 1463 me
1278 1408 1580 1480 (Dominus)
1630 1407 1799 1479 plaga
1846 1423 2059 1479 magna
2100 1406 2159 1461 in

511 1497 631 1553 iliis
664 1498 808 1552 meis
838 1512 943 1567 per
971 1512 1204 1551 menses
1245 1500 1467 1568 septem
1495 1514 1509 1564 ;
1542 1501 1599 1551 et
1645 1495 1758 1550 nisi
1788 1496 1965 1550 Jacob
1997 1498 2162 1566 pater

510 1589 710 1641 noster
739 1589 967 1640 orasset
998 1601 1100 1655 pro
1148 1601 1241 1639 me
1270 1585 1342 1639 ad
1376 1584 1715 1651 Dominum,
1759 1582 1942 1638 voluit
1970 1582 2160 1638 Domi-

510 1690 623 1729 nus
679 1673 941 1728 occidere
999 1689 1110 1728 me.
1155 1674 1293 1728 Eam
1345 1673 1501 1728 enim
1559 1688 1847 1727 annorum
1896 1670 2154 1742 triginta,

509 1762 744 1833 quando
776 1762 882 1815 feci
907 1760 1015 1816 hoc
1045 1760 1265 1816 malum
1297 1777 1495 1816 coram
1528 1761 1810 1825 Domino;
1842 1764 1901 1815 et
1931 1765 2153 1829 septem

509 1850 815 1905 mensibus
838 1850 1173 1904 inﬁrmatus
1204 1866 1335 1904 sum
1370 1865 1559 1921 usque
1590 1850 1661 1904 ad
1696 1853 1976 1915 mortem;
2009 1851 2067 1902 et
2088 1864 2156 1903 ex

507 1940 805 2009 proposito
828 1939 1036 1993 animis
1066 1955 1207 1994 meas
1238 1942 1461 2010 septem
1488 1938 1659 1994 annis
1683 1938 1925 2010 posnitui
1958 1953 2150 1992 coram

505 2027 773 2083 Domino.
823 2027 1038 2081 Vinum
1072 2031 1127 2081 et
1154 2026 1398 2082 siceram
1453 2044 1566 2081 non
1610 2026 1752 2093 bibi,
1786 2030 1843 2081 et
1872 2042 2005 2081 caro
2036 2042 2150 2081 non

507 2114 749 2169 intravit
777 2131 841 2169 os
874 2131 1070 2170 meum
1096 2132 1109 2182 ;
1143 2117 1197 2169 et
1228 2130 1463 2169 omnem
1495 2130 1704 2184 panem
1732 2113 2005 2169 desiderii
2036 2130 2151 2168 non

507 2202 735 2273 gustavi
755 2203 960 2274 lugens
984 2220 1086 2274 pro
1110 2207 1341 2275 peccato
1366 2218 1804 2275 meo,magnum
1825 2202 1981 2258 enim
2004 2205 2148 2257 erat.

504 2291 574 2347 Et
603 2306 675 2347 ne
705 2291 808 2347 ﬁat
836 2292 894 2347 in
928 2290 1105 2348 Israel
1137 2292 1237 2347 ita.

575 2556 642 2612 ΙΙ.
678 2556 793 2611 «Et
822 2573 977 2612 nunc
995 2556 1191 2612 audite
1211 2572 1325 2624 me,
1351 2555 1478 2623 ﬁlii,
1504 2560 1568 2611 ut
1592 2556 1959 2613 manifestem
1981 2557 2147 2613 vobis

498 2644 635 2716 (58),
687 2661 813 2715 quas
872 2644 988 2699 vidi
1040 2646 1112 2700 de
1178 2650 1402 2717 septem
1454 2645 1763 2717 spiritibus
1813 2645 2029 2701 erroris
2085 2645 2145 2700 in

498 2732 841 2803 pcenitentia
871 2734 1258 2804 mea.Septem
1282 2732 1524 2803 spiritus
1546 2733 1666 2787 dati
1697 2737 1836 2788 sunt
1867 2734 2145 2789 adversus

498 2820 799 2876 hominem
818 2837 850 2874 a
870 2820 1087 2889 Beliar;
1113 2824 1171 2875 et
1192 2820 1305 2891 ipsi
1326 2826 1465 2876 sunt
1485 2826 1661 2893 caput
1681 2837 1922 2892 operum
1939 2822 2146 2893 juven-

497 2908 679 2965 tutis:
713 2913 769 2964 et
797 2914 1022 2981 septem
1053 2908 1296 2981 spiritus
1328 2908 1448 2964 dati
1486 2914 1625 2965 sunt
1655 2910 1706 2965 ei
1736 2910 1797 2964 in
1828 2911 2139 2980 creatione,

496 3001 563 3053 ut
591 2997 668 3053 sit
699 2998 757 3051 in
784 2998 868 3053 eis
915 3013 1087 3053 omne
1118 3014 1267 3069 opus
1313 2997 1590 3053 hominis.
1625 2999 1858 3055 Primus
1898 2999 2140 3071 spiritus

498 3089 588 3142 est
615 3086 763 3151 vitai,
797 3102 931 3141 cum
964 3102 1081 3157 qua
1128 3085 1507 3142 consistentia
1554 3092 1801 3142 creatur.
1834 3088 2139 3144 Secundus

496 3175 740 3247 spiritus
769 3180 859 3231 est
884 3175 1069 3243 visus,
1090 3191 1223 3231 cum
1256 3192 1371 3247 quo
1404 3175 1470 3230 ﬁt
1500 3175 1877 3231 desiderium.
1905 3177 2137 3233 Tertius

2288 604 2417 674 Γὰδ,
2446 605 2541 661 κπί
2570 608 2761 679 Ἀσὴρ,
2792 605 2919 667 τοὺς
2975 602 3240 682 ἀδελφοὺς
3302 604 3488 673 αὐτοῦ,
3522 606 3689 659 εἶπεν
3760 609 3944 668 αύτεῖς.

2280 718 2308 745 ‹‹
2345 694 2703 765 Ἀνασττςσατέ
2736 716 2823 767 με,
2856 691 3108 771 ἀδελφοὶ,
3144 692 3295 755 ὅπως
3327 691 3465 747 εἷ’πω
3510 700 3643 756 τοῖς
3700 694 3945 773 ἁδελςδῇ

2282 804 2407 856 μου,
2438 785 2527 838 καὶ
2558 788 2675 846 τοῖς
2702 786 2911 845 τέκνοις
2946 804 3070 855 μου,
3105 781 3201 837 ὅσα
3240 778 3355 857 ἔχω
3399 781 3451 836 ἐν
3490 781 3564 856 τῇ
3597 782 3819 857 καρδία
3866 807 3945 855 μςε

2276 873 2499 946 κρυπτέ·
2534 871 2773 926 ἐκλιπὼν
2831 873 2931 947 γὰρ
2988 871 3098 946 ἐγώ
3147 871 3263 943 εἰμι
3310 870 3414 924 ἀπὸ
3461 875 3563 925 τοῦ
3622 876 3725 925 νῦν
3766 878 3939 945 (50)..

2280 958 2379 1011 Καὶ
2411 957 2632 1019 ἀναστὰς
2663 957 3017 1035 κατεφίλησεν
3079 956 3291 1026 αὐτοὺς,
3323 956 3413 1010 καὶ
3469 956 3737 1019 κλαύσας
3795 959 3941 1013 εἶπεν

2285 1070 2306 1097 α
2343 1046 2653 1118 Ἀκούσατε,
2705 1044 2929 1122 ἀδελφοί
2980 1067 3105 1119 μου,
3156 1044 3478 1109 ἐνωτίσασθε
3526 1049 3653 1116 (52)
3704 1044 3945 1117 'Pow’Sia

2275 1138 2377 1187 τοῦ
2425 1136 2630 1209 πατρὸς
2698 1136 2873 1208 ὑμῶν,
2924 1134 3022 1189 ὅσα
3092 1132 3413 1207 ἐντέλλομαι
3460 1136 3579 1207 (53)
3636 1136 3806 1208 ὑμῖν.
3862 1140 3941 1190 Καὶ

2276 1219 2395 1276 ἰδοὺ
2422 1221 2860 1298 ἐπιμαρτύρομαι
2890 1223 3017 1295 ὑμῖν
3046 1222 3134 1277 τὸν
3168 1223 3295 1277 Θεὸν
3335 1226 3432 1277 τοῦ
3484 1222 3736 1298 ούρανοῦ
3786 1228 3942 1295 eius.

2272 1330 2364 1385 ρον
2391 1316 2489 1366 τοῦ
2525 1314 2600 1385 μὴ
2631 1313 2959 1387 πορευθῆναι
2990 1311 3041 1366 ἐν
3094 1311 3283 1387 ἀγνοίᾳ
3324 1310 3613 1381 νεότητος,
3648 1313 3753 1367 καὶ
3812 1335 3941 1387 πσρ-

2267 1398 2398 1469 νείᾳ,
2450 1398 2503 1453 έν
2539 1402 2577 1471 ᾖ
2606 1400 2862 1475 ἐξεχύθην
2912 1399 3016 1476 ἐγὼ
3042 1402 3178 1474 (54),
3207 1400 3297 1455 καὶ
3338 1400 3531 1473 έμίανα
3582 1403 3690 1471 τήν
3760 1404 3937 1472 κοίτη.

2265 1491 2362 1541 τοῦ
2392 1488 2595 1563 πατρός
2630 1510 2734 1561 μου
2767 1484 2984 1546 Ἰακώϐ.
3017 1488 3171 1565 Λέγω
3202 1490 3305 1565 γάρ
3337 1488 3489 1562 ὑμῖν,
3515 1488 3607 1544 δτι
3670 1489 3939 1561 ἐνέπληξέ

2270 1594 2338 1647 με
2365 1576 2591 1650 πληγὴν
2627 1574 2873 1649 μεγάλην
2907 1575 2957 1631 έν
2990 1582 3109 1639 ταῖς
3141 1575 3332 1652 λαγόσι
3388 1598 3492 1650 μου
3525 1581 3647 1651 (55)
3680 1578 3781 1633 ἐπὶ
3836 1584 3931 1652 μῆ-

2264 1683 2354 1724 νας
2408 1664 2559 1718 ἑπτά·
2592 1665 2681 1719 καὶ
2731 1664 2777 1719 εἰ
2829 1667 2905 1738 μή
2954 1661 3146 1722 Ἰακὼϐ
3178 1668 3207 1721 ὁ
3236 1666 3415 1741 πατὴρ
3474 1669 3642 1737 ἡμῶν
3676 1672 3935 1740 προσηύ-

2265 1751 2389 1821 εατο
2444 1754 2567 1828 περὶ
2626 1753 2760 1825 ἐμοῦ
2817 1756 2952 1829 πρὸς
3000 1751 3415 1829 Κύριον,ἤοελε
3464 1753 3670 1830 Κύριος
3727 1757 3933 1812 ἀνελεῖν

2268 1861 2353 1912 με.
2387 1846 2572 1913 ’Ήμην
2629 1841 2731 1915 γάρ
2785 1842 2915 1897 ἐτῶν
2965 1843 3270 1917 τριάκοντα,
3301 1842 3391 1898 ὅτε
3448 1838 3656 1915 ἔπραξα
3702 1847 3778 1900 τὸ
3838 1867 3932 1900 που

2262 1928 2417 2004 νηρὸν
2472 1927 2699 1984 ἐνώπιον
2760 1930 2977 2003 Κυρίου·
3037 1932 3126 1986 καὶ
3179 1932 3313 1987 ἑπτα
3391 1938 3567 2003 μῆνας
3651 1932 3930 2007 ἐμαλαχίο

2261 2017 2390 2086 σθην
2421 2013 2527 2079 ἕως
2558 2018 2808 2073 θανάτου’
2841 2018 2931 2074 καὶ
2963 2018 3015 2074 ἐν
3044 2019 3352 2095 προαιρέσει
3384 2025 3572 2094 ψυχῆς
3628 2042 3747 2092 μου
3804 2023 3931 2077 ἑπτά

2261 2101 2352 2174 ἔτη
2417 2106 2717 2177 μετενόησα
2763 2107 2994 2163 ἐνώπιον
3065 2108 3284 2184 Κυρίου.
3335 2108 3489 2163 Οἶνον
3567 2110 3663 2163 καὶ
3744 2112 3929 2187 σίκερα

2258 2196 2372 2266 (56)
2402 2193 2501 2249 οὐκ
2530 2193 2703 2265 ἔπιον,
2732 2194 2823 2250 καί
2853 2195 3013 2272 κρέας
3045 2197 3144 2252 οὐκ
3182 2196 3427 2267 εἰσῆλθεν
3486 2197 3565 2259 εἷς
3616 2199 3685 2253 τὸ
3754 2202 3927 2271 στόμα

2263 2301 2388 2355 μου·
2429 2284 2516 2338 καὶ
2573 2290 2675 2340 πᾶν
2730 2288 2841 2359 (57)
2888 2288 3046 2359 ἄρτον
3096 2286 3380 2361 ἐπιθυμίας
3431 2285 3531 2341 οὐκ
3582 2286 3924 2362 ἐγευσάμην,

2258 2372 2458 2427 πενθῶν
2490 2372 2577 2427 ἐπὶ
2606 2377 2675 2447 τῇ
2726 2374 2963 2448 ἁμαρτίᾳ
3016 2396 3140 2449 μου,
3177 2374 3387 2453 μεγάλη
3447 2374 3550 2451 γὰρ
3593 2376 3689 2447 ἦν.
3726 2379 3833 2431 Καὶ
3864 2380 3921 2433 οὗ

2260 2460 2337 2533 μὴ
2368 2461 2593 2534 γένηται
2624 2462 2677 2517 έν
2702 2467 2782 2535 τῷ
2812 2462 3031 2539 Ἰσραὴλ
3065 2462 3260 2527 οὕτως.

2326 2550 2380 2606 B’
2410 2574 2437 2601 «
2473 2550 2570 2605 Καὶ
2628 2556 2721 2606 νῦν
2772 2550 3035 2607 ἀκούσατέ
3090 2574 3220 2626 μου,
3266 2551 3441 2625 τέκνα,
3492 2552 3525 2607 ἃ
3576 2552 3730 2609 εἶδον
3798 2559 3917 2632 πεξὲ

2252 2641 2360 2691 τῶν
2412 2638 2545 2693 ἑπτά
2588 2639 2908 2713 πνευμάτων
2955 2648 3055 2711 τῆς
3103 2641 3315 2713 πλάνης
3361 2644 3474 2715 (59)
3507 2642 3558 2697 ἐν
3618 2648 3693 2717 τῇ
3765 2667 3919 2718 μετα-

2253 2725 2373 2797 νοίᾳ
2406 2748 2533 2799 μου.
2566 2730 2733 2783 Ἐπτά
2761 2728 3041 2802 πνεύματα
3089 2728 3246 2801 ἐδόθη
3294 2732 3429 2785 κατὰ
3470 2735 3569 2785 τοῦ
3619 2731 3914 2810 ἀνθρώπου

2252 2812 2359 2868 ἀπὸ
2400 2819 2495 2869 τοῦ
2539 2815 2758 2893 Βελιὰρ,
2808 2819 2898 2873 καὶ
2946 2818 3081 2873 αὐτά
3138 2819 3238 2873 εἰσι
3291 2817 3501 2896 κεφαλή
3559 2824 3669 2874 τῶν
3741 2819 3909 2898 ἔργων

2250 2906 2345 2957 τοῦ
2402 2910 2787 2978 νεωτερισμοῦο
2848 2906 2936 2961 καὶ
2994 2908 3127 2963 ἑπτά
3178 2908 3457 2981 πνεύματα
3532 2906 3700 2981 ἐδόθη
3770 2911 3910 2981 αὐτῷ

2250 2990 2338 3046 ἐπὶ
2385 2999 2487 3061 τῆς
2534 2993 2905 3064 κτίσεως,τοῐ’›
2955 2996 3087 3051 εἶναι
3138 2996 3190 3051 έν
3239 2998 3419 3059 αὐτοῖς
3450 3003 3553 3051 πᾶν
3590 2994 3752 3074 ἔργον
3818 3000 3909 3053 ευρ-

2250 3081 2492 3156 θρώπου.
2530 3087 2746 3155 Πρῶτον
2806 3089 3020 3157 πνεῦμα
3070 3088 3235 3157 ζωῆς,
3290 3087 3404 3159 μεθ’
3450 3089 3517 3156 ἧς
3648 3088 3905 3150 σύστασις

2248 3171 2360 3243 (60)
2389 3170 2645 3239 κτίζεται.
2702 3172 2955 3248 Δεύτερον
3004 3178 3217 3248 πνεῦμα
3264 3174 3522 3250 ὁράσεως,
3561 3178 3685 3248 μεθ’
3716 3180 3790 3246 ἧς
3822 3180 3903 3252 72'-

494 3263 738 3335 spiritus
768 3267 858 3319 est
885 3263 1141 3331 auditus,
1176 3280 1309 3319 cum
1342 3280 1456 3335 quo
1484 3264 1548 3318 ﬁt
1576 3264 1861 3320 doctrina.
1886 3265 2138 3329 Quartus

2256 3279 2389 3313 νεται
2438 3258 2719 3333 ἐπιθυμία.
2749 3262 2936 3337 Τρίτον
2991 3267 3203 3336 πνεῦμα
3248 3263 3437 3335 ἀκοῆς,
3475 3265 3595 3335 μεθ’
3626 3267 3697 3333 ἧς
3763 3268 3903 3341 Ti":-

488 3352 733 3424 spiritus
761 3356 850 3407 est
891 3352 1160 3419 olfactus,
1200 3368 1335 3408 cum
1368 3370 1482 3425 quo
1513 3357 1602 3409 est
1630 3358 1841 3425 gustus
1871 3354 2045 3409 datus
2074 3353 2135 3410 in

492 3442 897 3496 attractionem
930 3441 1079 3496 aeris
1112 3446 1169 3497 et
1206 3442 1566 3512 spirationis.
1611 3442 1861 3506 Quintus
1893 3443 2136 3513 spiritus

489 3533 579 3583 est
608 3528 940 3599 locutionis,
971 3546 1104 3585 cum
1136 3546 1253 3601 qua
1282 3530 1348 3584 ﬁt
1369 3529 1861 3602 cognitio.Sextus
1893 3531 2135 3602 spiritus

487 3621 577 3673 est
606 3622 840 3689 gustus,
888 3633 1023 3672 cum
1074 3634 1190 3688 quo
1233 3618 1296 3674 ﬁt
1346 3618 1561 3674 cibatio
1594 3619 2046 3675 comestibilium
2078 3626 2136 3677 et

484 3704 853 3775 potabilium,
886 3709 943 3760 et
973 3707 1251 3761 fortitudo
1281 3706 1340 3760 in
1373 3707 1517 3778 ipsis
1550 3712 1816 3775 creatur;
1852 3708 2130 3780 quoniam

482 3795 541 3849 in
574 3794 719 3849 cibis
752 3793 1083 3849 substantia
1111 3798 1200 3849 est
1229 3794 1611 3850 fortitudinis.
1637 3796 1933 3867 Septimus
1965 3797 2134 3868 spiri-

478 3886 575 3939 tus
607 3886 696 3938 est
727 3881 969 3937 seminis
1000 3886 1057 3936 et
1083 3881 1431 3947 coitus,cum
1465 3899 1579 3954 quo
1611 3883 2009 3955 coingreditur
2030 3902 2132 3957 per

480 3970 1013 4043 concupiscentiam
1041 3969 1358 4042 voluptatis
1391 3977 1716 4042 peccatum.
1753 3973 1990 4042 Pr0pter
2019 3975 2128 4030 hoc

479 4060 723 4115 ultimus
753 4064 841 4115 est
872 4059 1203 4126 creationis,
1236 4062 1293 4114 et
1336 4058 1564 4131 primus
1594 4061 1946 4131 juventutis,
1978 4078 2127 4134 quo-

479 4148 638 4203 niam
673 4149 1005 4221 ignorantia
1027 4148 1236 4220 plenus
1253 4152 1343 4203 est
1370 4166 1384 4216 ;
1418 4153 1475 4203 et
1497 4148 1933 4219 ipsajuniorem
1966 4152 2129 4207 ducit

478 4240 545 4291 ut
565 4252 780 4292 cazcum
802 4237 862 4293 in
886 4238 1195 4305 foveam,et
1213 4240 1278 4292 ut
1287 4237 1627 4307 jumentum
1654 4237 1713 4292 in
1739 4239 2125 4311 preacipitium

546 4414 644 4470 III.
679 4436 707 4465 «
740 4419 806 4470 In
837 4413 1113 4471 omnibus
1142 4413 1234 4470 his
1256 4417 1497 4470 octavus
1519 4414 1765 4488 spiritus
1796 4418 1989 4474 somni
2011 4423 2122 4491 est,

2242 3367 2331 3402 ται
2397 3345 2736 3406 διδασκαλία.
2782 3352 3039 3424 Τέταρτον
3107 3357 3316 3425 πνεῦμα
3385 3352 3739 3430 ὀσφρήσεως,
3796 3360 3899 3429 μεθ’

2244 3437 2309 3503 ἧς
2340 3434 2482 3490 ἐστιν
2513 3441 2693 3512 γεῦσις
2726 3437 2985 3512 δεδομένη
3020 3440 3097 3503 εἷς
3146 3439 3413 3510 συνολκὴν
3452 3444 3565 3514 (61)
3600 3441 3771 3517 ἀέρος
3818 3448 3899 3499 καὶ

2243 3526 2439 3592 πνοῆς.
2476 3527 2728 3598 Πέμπτον
2761 3533 2971 3601 πνεῦμα
3001 3527 3223 3603 λαλιᾶς,
3260 3532 3376 3603 μεθ’
3413 3534 3481 3599 ἧς
3510 3530 3725 3605 γίνεται
3770 3540 3902 3609 γνὼ-

2245 3632 2349 3675 σις.
2383 3615 2577 3669 Ἕκτον
2604 3620 2817 3689 πνεῦμα
2869 3616 3124 3692 γεύσεως,
3162 3620 3279 3691 μεθ’
3324 3621 3394 3688 ἧς
3434 3618 3641 3694 γίνεται
3700 3622 3899 3697 βρῶσις

2247 3702 2472 3777 βρωτῶν
2513 3703 2601 3757 καὶ
2634 3710 2814 3760 ποτῶν
2843 3708 2977 3779 (62),
3006 3706 3096 3760 καὶ
3129 3706 3285 3782 ἰσχὺς
3319 3706 3371 3763 ἐν
3400 3707 3589 3770 αὐτοῖς
3638 3711 3897 3781 κτίζεται·

2240 3788 2323 3843 ὅτι
2385 3787 2436 3844 έν
2500 3791 2779 3865 βρώμασίν
2859 3792 2997 3847 ἐστιν
3049 3796 3084 3863 ἡ
3148 3794 3436 3857 ὑπόστασις
3498 3802 3604 3864 τῆς
3683 3796 3899 3875 falli-3;.

2237 3872 2513 3951 Ἕϐδομον
2544 3884 2754 3953 πνεῦμα
2782 3888 2985 3957 σπορᾶς
3014 3882 3103 3936 καὶ
3154 3881 3460 3951 συνουσίας,
3505 3886 3624 3956 μεθ’
3670 3872 3902 3955 isva-

2239 3965 2538 4042 εισέρχεται
2585 3965 2674 4023 διὰ
2721 3976 2823 4039 τῆς
2872 3967 3191 4048 φιληδονίας
3222 3973 3256 4041 ἡ
3290 3970 3543 4047 ἁμαρτία.
3581 3976 3685 4028 Δια
3740 3983 3895 4031 τοῦτῡ

2238 4051 2465 4130 ἔσχατόν
2496 4055 2605 4111 ἐστι
2635 4064 2737 4127 τῆς
2776 4060 3023 4128 κτίσεως,
3056 4060 3144 4114 καὶ
3194 4064 3407 4133 πρῶτον
3457 4067 3558 4130 τῆς
3613 4064 3893 4133 νεότητος,

2236 4142 2318 4197 δτι
2350 4143 2570 4218 ἀγνοίας
2610 4145 2993 4222 πεπλήρωται,
3023 4150 3114 4201 καὶ
3160 4147 3292 4218 αύτὴ
3343 4149 3434 4203 τὸν
3484 4150 3889 4227 νεώτερον

2236 4229 2429 4319 ὁδηγεῖ
2453 4233 2527 4296 ὡς
2556 4233 2759 4312 τυφλὸν
2793 4234 2879 4290 ἐπὶ
2910 4236 3128 4311 βόθρον,
3159 4237 3249 4293 καὶ
3280 4237 3354 4301 ὡς
3384 4244 3584 4308 κτῆνος
3615 4239 3711 4295 ἐπὶ
3764 4264 3889 4319 κρη-

2238 4317 2391 4395 μνόν.

2303 4412 2375 4468 Γ’.
2413 4434 2444 4466 ιι
2472 4411 2592 4468 Ἐπὶ
2624 4418 2757 4467 πᾶσι
2798 4413 3013 4478 τούτοις
3062 4410 3253 4493 ὄγδοον
3300 4419 3513 4489 πνεῦμα
3558 4421 3662 4472 τοῦ
3727 4418 3889 4475 ῧπνῦδ

542 4625 964 4715 (59)]Ῑξκδιπῲνλ
1007 4626 1108 4715 γὰρ
1162 4624 1277 4715 ἐγιίξ
1337 4624 1463 4715 ξῖμίε
1509 4625 1617 4682 ἀπὸ
1672 4630 1769 4684 τοῦ
1826 4633 1939 4687 νῦν.
1984 4629 2120 4689 Ἰδοὺ

2256 4626 2287 4713 ξ,
2313 4625 2480 4694 juxta
2508 4623 2650 4715 Inng
2683 4642 2697 4682 :
2731 4626 2815 4712 ’ξεν
2849 4630 2969 4715 τὲξς
2996 4625 3229 4715 ἡμέραις
3260 4626 3631 4714 ἐκείναιςιέγὼ
3686 4632 3882 4715 ἑτθῖιήλ

467 4697 837 4776 γάρέέκλείπω
868 4701 973 4755 ἀπὸ
1002 4697 1099 4754 τοῦ
1130 4697 1221 4754 νῦν
1255 4697 1402 4773 ἐγώ(
1424 4701 1603 4776 ΟᾹΒΑῌ.

538 4752 1112 4844 (ειγὴάὸξηῷἀιιέέῆι
1142 4752 1633 4844 aestuavz'ri'a
1689 4774 1879 4830 Ruben
1934 4777 2121 4835 Patri:

464 4842 656 4900 venri.
689 4844 851 4899 Prior
879 4843 1076 4898 Grabii
1108 4842 1305 4912 editio,
1340 4844 1494 4913 apud
1527 4845 1761 4913 FABRIC.

545 4916 647 4985 (52)
678 4912 1050 4985 Ἐνωτίσασθε.
1083 4912 1461 4985 Addendum,
1490 4912 1580 4985 καὶ
1608 4913 1767 4985 Ρῖοῖμν
1791 4915 1969 4974 GRAB'

554 4926 647 4985 52)
678 4926 1050 4976 Ένωτίσασθε.
1083 4926 1456 4982 Audendum,
1490 4926 1580 4967 καὶ
1613 4926 1743 4970 υὶοὶ.
1791 4926 1969 4974 URAB.

680 4988 813 5068 Ὅσα
837 4983 1207 5068 ἐντέλλομαι.
1256 4985 1394 5040 Ὃσα
1445 4983 1552 5059 ἐγὼ
1603 4983 1811 5042 ἐντέλλ.
1879 4989 2110 5046 melius.

463 5058 612 5113 Ibid.
631 5058 801 5129 apud
835 5058 1069 5129 Fssmo.

530 5130 642 5203 (5’1)
677 5126 967 5203 Ἔξεχύοην
984 5201 997 5203 _
1016 5126 1168 5203 ἐγώ.Δ
1194 5130 1327 5203 Haec
1348 5126 1913 5203 _conveniunt_cum
1970 5130 2109 5187 ulti-

459 5200 573 5275 mis
603 5198 942 5271 patriarcha:
970 5198 1169 5275 Jacobi
1202 5199 1415 5267 verbis,
1449 5215 1576 5270 qua:
1616 5200 1687 5254 de
1736 5200 1941 5257 Ruben
1974 5219 2109 5275 pro-

455 5271 610 5333 tulit,
642 5276 782 5327 Gen.
816 5290 964 5333 xux.
998 5272 1048 5325 4.
1084 5271 1264 5327 GRAB.

522 5344 638 5412 (55)
694 5341 983 5412 Ἐνέπληξέ
1035 5361 1101 5413 με
1141 5338 1366 5413 πληγὴν
1422 5337 1676 5413 μεγάλην⁸
1722 5337 1775 5413 ἐν
1830 5345 1951 5403 ταῖς
2004 5341 2101 5397 λα-

522 5363 638 5412 (DD)
712 5363 983 5412 ΙινεπΛηζε
1028 5363 1101 5459 re
1141 5363 1366 5413 πΛηγην
1422 5363 1664 5413 μεγαΛην
1722 5363 1775 5395 εν
1830 5363 1951 5403 ταις
2004 5363 2100 5397 Λα-

449 5408 569 5484 γόσι
606 5413 1051 5491 μου.-Έξέπληξυ
1086 5434 1150 5486 με
1178 5410 1368 5485 πληγῇ
1404 5409 1612 5485 μεγάλῃ
1661 5409 1747 5466 ἐπὶ
1790 5419 1889 5482 τῆς
1940 5412 2100 5491 λαγό-

448 5502 539 5542 νος
573 5504 697 5552 μου.
735 5488 896 5543 IDEM.

519 5549 632 5631 (5(5)
664 5554 815 5631 Οἶνον
874 5556 961 5610 καὶ
992 5554 1327 5631 ’σίκερ-αηκ.
1387 5573 1437 5609 τ.
1501 5549 1556 5631 λ’.
1618 5554 1778 5631 Idem
1836 5561 2096 5631 tempore

447 5625 798 5699 pmnitentize
834 5645 948 5683 suae
985 5625 1549 5699 fecit'Ruben,_q_uod
1582 5628 1867 5699 propheta
1894 5625 2093 5685 Daniel

446 5694 520 5775 de
550 5699 865 5776 semetipso
898 5699 1105 5756 iisdem
1138 5700 1254 5755 fere
1281 5694 1477 5754 verbis
1504 5694 1773 5771 testatur,
1813 5718 1940 5777 cap.
1973 5718 2029 5775 x,
2062 5701 2097 5776 ᾗ

2414 4699 2620 4775 πενρῷν
2656 4702 2802 4771 τρεῖς
2851 4691 3448 4775 έϐδομάδάς-ημερῶνξ
3496 4691 3665 4775 ἄρτον
3712 4691 3885 4759 ἐπιθυ-

2232 4765 2368 4844 μμιῶν
2401 4766 2501 4844 οὐκ
2532 4765 2752 4844 ἔφαγόν,
2784 4768 2873 4823 καὶ
2904 4765 3064 4843 κρέας
3094 4770 3182 4826 καὶ
3215 4765 3361 4833 οἶνός
3394 4771 3493 4826 οὐκ
3523 4765 3785 4843 έῖσῆλθεν
3815 4776 3881 4837 εἰς

2224 4837 2289 4893 τὸ
2321 4837 2495 4909 στόμα
2530 4837 2655 4908 μουξ
2693 4846 2773 4894 ID.

2317 4913 2406 4982 57)
2442 4915 2571 4964 Ηᾶν.
2607 4910 2787 4965 Πάντα
2812 4912 3045 4969 melius.
3084 4915 3167 4970 ID.

2296 4911 2406 5054 (57)
2442 4915 2571 4964 Ηᾶν.
2607 4911 2787 4965 Πάντα
2812 4912 3045 4969 melius.
3084 4915 3167 4970 ID.

2316 4983 2506 5055 58))Ut
2548 4985 2905 5055 manifestam
2960 4985 3133 5042 vobis.
3183 4985 3416 5043 Omissa
3472 4992 3636 5044 sunt.
3712 4988 3875 5049 lbid..

2223 5053 2374 5125 apud
2410 5053 2640 5111 FABRIC.

2252 5123 2402 5205 .__(59)
2434 5123 2760 5205 Πνευμάτων
2791 5126 2891 5205 τῆς
2922 5125 3156 5205 πλάνης.
3188 5128 3333 5205 Vide
3382 5145 3515 5201 quae
3569 5130 3873 5205 deuspiri-

2220 5196 2379 5273 tibus
2408 5199 2757 5273 error-istst;
2786 5196 3157 5273 daemonibus
3176 5196 3473 5273 ivitioru'm
3524 5196 3781 5273 erudite,
3816 5210 3868 5257 ut

2219 5267 2692 5343 solet,_congessit
2721 5269 3038 5327 Cotelerius
3069 5272 3125 5327 in
3145 5272 3309 5328 Notis
3339 5272 3410 5327 ad
3435 5273 3663 5330 Hermae
3810 5291 3865 5343 Π,

2219 5283 2692 5393 seiet,con§essu
2721 5283 2781 5325 Hc

2217 5340 2479 5393 mandat.
2554 5381 2567 5395 .
2600 5340 2781 5396 Gaas.

2287 5411 2396 5481 (60)
2432 5408 2713 5472 Σύστασις.
2748 5409 2986 5481 Κίνησις.
3025 5415 3103 5470 In.

2285 5484 2395 5553 (61)
2430 5481 2729 5551 Συνολκήν.
2764 5480 2983 5553 Ὁλκήν.
3024 5489 3103 5542 ID.

2282 5556 2393 5635 (6‘2)
2424 5556 2653 5626 Βρωτῶν
2682 5553 2771 5606 καὶ
2801 5559 3002 5614 ποτῶν.
3039 5555 3352 5631 Βρωμάτων
3414 5575 3475 5612 τε
3530 5558 3621 5611 καὶ
3680 5559 3855 5635 πομά-

2209 5643 2340 5681 των.
2375 5631 2459 5679 ID.

2279 5698 2392 5772 (63)
2423 5694 2722 5774 Νεώτερον.
2755 5697 3150 5781 Νεωτερισμόν.
3185 5700 3266 5759 ID.
