4008 6350
131 459 285 521 1011

1370 458 1974 524 TESTAMENTUM
2023 461 2307 525 RUBEN.

3387 456 3547 520 l042

126 590 261 660 ἐστὶ,
318 594 432 663 μεθ’
482 587 543 645 οὗ
590 585 805 661 ἐκτίσθη
840 590 953 664 (64)
1001 587 1242 653 ἔκστασις
1299 589 1531 669 φύσεως,
1580 592 1670 647 καὶ
1703 591 1776 646 εἶ-

1891 609 2025 649 cum
2059 610 2175 666 quo
2205 599 2397 650 creata
2425 597 2517 651 est
2546 590 2794 651 exstasis
2826 594 3069 663 naturae,
3093 593 3151 649 et
3170 589 3362 664 imago
3385 609 3541 649 mor-

124 681 236 733 κὼν
295 684 393 734 τοῦ
444 678 690 743 θανάτου.
742 679 972 741 Τούτοις
1025 685 1143 742 τοῖς
1174 680 1439 752 πνεύμασι
1477 681 1779 755 συμμίγνυ-

122 790 214 822 ται
262 767 323 823 τὸ
372 773 585 840 πνεῦμα
615 770 727 841 (65)
770 771 869 837 τῆς
902 766 1135 839 πλάνης.
1170 774 1394 845 Πρῶτον
1421 772 1482 823 τὸ
1509 776 1610 839 τῆς
1642 790 1777 843 πορ-

121 857 268 918 νείας
298 857 348 911 ἐν
379 856 449 931 τῇ
482 857 634 935 φύσει
665 858 754 935 καὶ
782 863 900 935 ταῖς
952 857 1267 935 αἰσθήσεσιν
1333 856 1594 935 ἔγκειται.
1648 859 1776 913 Δεύ-

120 950 281 1004 τερον
332 926 547 1002 πνεῦμα
598 926 901 999 ἀπληστίας
949 927 999 982 ἐν
1050 926 1119 1002 τῇ
1151 926 1582 1004 γαστρί.’Τρίτον
1614 934 1775 985 πνεῦ-

125 1039 202 1090 μα
254 1019 442 1093 μάχης
483 1016 535 1072 έν
596 1017 675 1089 τῷ
713 1018 875 1086 ἢπατι
907 1015 995 1071 καὶ
1025 1017 1095 1091 τῇ
1124 1016 1297 1093 χολῇ.
1329 1016 1588 1093 Τέταρτον
1619 1023 1776 1073 πνεῦ-

124 1128 203 1179 μα
261 1106 538 1182 ἀρεσκείας
606 1106 695 1161 καὶ
758 1106 1107 1181 μαγγανείας,
1177 1104 1268 1160 είνα
1325 1103 1414 1161 διὸ.
1470 1106 1776 1182 περιεργίας

118 1196 332 1270 ὡραῖος
389 1193 553 1273 ὀφθῇ.
605 1195 859 1268 Πέμπτον
907 1198 1119 1267 πνεῦμα
1151 1194 1541 1272 ὑπερηφανίας,
1568 1193 1660 1250 ’ίνα
1687 1215 1774 1250 κι-

114 1290 277 1351 νῆται
330 1285 465 1357 (66),
519 1283 607 1337 καὶ
662 1281 1067 1359 μεγαλοφρονῇ·
1118 1284 1312 1337 Ἕκτον
1372 1287 1585 1356 πνεῦμα
1641 1281 1770 1357 ψεύ-

116 1370 270 1441 δους,
333 1370 383 1427 έν
425 1370 674 1443 ἀπωλείᾳ
710 1373 799 1426 καὶ
834 1370 989 1444 ζήλῳ
1018 1376 1114 1426 τοῦ
1144 1368 1399 1427 πλάττειν
1432 1370 1651 1447 λόγους,
1683 1370 1772 1427 κκί

111 1460 375 1533 κρύπυειν
422 1458 618 1536 λόγους
635 1460 798 1515 αὐτοῦ
831 1459 935 1515 ἀπὸ
966 1458 1151 1534 γένους
1180 1459 1268 1514 καὶ
1295 1458 1533 1514 οἰκείων·
1569 1454 1768 1514 Ἕϐδο-

121 1569 226 1620 μον
271 1553 484 1622 πνεῦμα
528 1547 759 1618 ἀδικίας,
815 1551 927 1622 μεθ’
975 1551 1041 1618 ἧς
1072 1546 1255 1618 κλοπή
1289 1548 1376 1603 καὶ
1401 1546 1768 1624 γρυπίσματα,

108 1635 207 1693 ’ίνα
255 1640 459 1712 ποιήσῃ
502 1635 823 1715 φιληδονίαν
874 1635 1097 1713 καρδίας
1148 1637 1333 1693 αὐτοῦ.
1365 1638 1428 1694 Ἣ
1457 1639 1558 1713 γὰρ
1591 1634 1772 1692 ἀδικία

116 1731 362 1803 συνεργεῖ
404 1731 521 1789 τοῖς
572 1724 791 1789 λοιποῖς
834 1725 1100 1799 πνεύμασι
1160 1724 1249 1781 διὰ
1276 1732 1375 1796 τῆς
1403 1724 1767 1799 δολοληψίας.

113 1814 244 1871 Ἐπὶ
291 1821 420 1870 πᾶσι
468 1814 684 1878 τούτοις
728 1816 792 1870 τὸ
838 1819 1046 1887 πνεῦμα
1086 1819 1183 1870 τοῦ
1230 1813 1420 1886 ῧπνου,
1460 1816 1523 1869 τὸ
1569 1812 1765 1889 ὄγδοον

116 1908 353 1977 πνεῦμα,
404 1903 718 1959 συνάπτεται
766 1902 946 1977 πλάνῃ
994 1906 1106 1977 (67)
1166 1903 1255 1958 καὶ
1323 1903 1599 1982 φαντασίᾴ,
1668 1902 1767 1959 Καὶ

116 1992 298 2055 οὕτως
347 1991 653 2048 ἀπόλλυται
705 1997 811 2055 πᾶς
865 1993 1150 2067 νεώτερος,
1199 1992 1457 2062 σκοτίζων
1506 1994 1598 2048 τὸν
1647 1997 1768 2048 νοῦν

120 2081 231 2136 ἀπὸ
277 2088 379 2150 τῆς
430 2079 703 2152 ἀληθείας,
752 2080 842 2136 καὶ
890 2082 966 2153 μή
1024 2080 1217 2135 συνιὼν
1269 2080 1321 2135 έν
1373 2079 1453 2153 τῷ
1490 2080 1646 2153 νόμῳ
1674 2085 1771 2136 τοῦ

120 2173 282 2238 Θεοῦ,
319 2171 456 2243 μήτε
487 2168 770 2225 ὑπακούων
802 2168 1073 2231 νουθεσίας
1101 2168 1347 2243 πατέρων
1379 2167 1564 2240 αὐτοῦ,
1589 2168 1770 2244 ὥσπερ

118 2258 278 2333 κάγὼ
310 2253 502 2312 ἔπαθον
533 2256 584 2312 ἐν
612 2261 692 2329 τῷ
718 2261 1068 2332 νεωτερισμῷ
1114 2278 1238 2330 μου.
1284 2255 1383 2312 Καὶ
1429 2260 1543 2328 νῦν,
1591 2255 1770 2327 τέκνα,

114 2349 218 2415 τήν
267 2344 524 2417 ἀλήθειαν
577 2345 911 2421 ἀγαπήσατε,
960 2344 1051 2400 καὶ
1100 2344 1234 2416 αὕτη
1276 2342 1564 2420 φυλάξεται
1608 2345 1769 2417 ὑμᾶς.

115 2433 368 2490 Διδάσκω
420 2435 580 2507 ὑμᾶς,
633 2434 895 2489 ἀκούσατε
943 2428 1189 2506 Ῥουϐἠμ
1235 2437 1333 2488 τοῦ
1362 2434 1563 2509 πατρὸς
1595 2434 1769 2506 ὑμῶν.

110 2526 206 2593 Μὴ
262 2523 563 2599 προσέχετε
616 2523 668 2577 ἐν
720 2518 839 2597 ὄψει
891 2522 1139 2598 γυναικὸς
1194 2524 1332 2597 (68),
1376 2519 1511 2596 μηδὲ
1542 2520 1772 2591 ἷδιάζετε

111 2614 258 2686 μετὰ
309 2611 536 2683 θηλείας
586 2609 884 2686 ύπάνδρου,
938 2608 1077 2685 μηδὲ
1123 2611 1530 2687 περιεργάζεσθέ
1578 2614 1767 2684 πρᾶξιν

105 2705 411 2777 γυναικῶν.
459 2700 521 2754 Εἰ
571 2702 647 2773 μή
679 2700 779 2777 γὰρ
813 2697 950 2755 εἶδον
985 2699 1095 2774 ἐγὼ
1126 2698 1339 2755 Βάλλαν
1374 2698 1679 2771 λουομένην
1714 2698 1765 2754 έν

106 2794 375 2862 σκεπηνῴ
406 2789 579 2861 τόπῳ,
614 2788 713 2843 οὐκ
742 2789 1024 2844 ἐνέπιπτον
1059 2788 1132 2850 εἰς
1160 2789 1258 2857 τὴν
1291 2788 1513 2860 ἀνομίαν
1544 2789 1643 2856 τήν
1675 2807 1768 2861 με·

102 2878 318 2956 γάλην.
362 2873 723 2933 Συλλαϐοὖσα
751 2878 853 2953 γὰρ
886 2880 920 2947 ἡ
954 2875 1164 2931 διάνοιά
1199 2897 1303 2950 μου
1332 2879 1432 2946 τὴν
1460 2876 1764 2951 γυναικείαν

105 2968 423 3043 γύμνωσιν,
473 2967 571 3022 οὐκ
619 2965 761 3021 εἷάσέ
812 2987 879 3039 με
929 2966 1193 3036 ὑπνῶσαι,
1235 2963 1338 3028 ἓως
1378 2966 1439 3020 οὗ
1470 2963 1668 3042 ἔπραξα
1704 2966 1766 3021 τὸ

114 3051 425 3130 βδέλυγμα.
475 3052 739 3115 Ἀπόντος
787 3054 889 3129 γὰρ
941 3047 1133 3108 Ἰακὼϐ
1180 3057 1276 3107 τοῦ
1339 3053 1542 3128 πατρὸς
1607 3056 1767 3126 ἡμῶν

110 3142 258 3219 πρὸς
292 3143 469 3197 Ἰσαὰκ
496 3143 586 3197 τὸν
618 3143 823 3217 πατέρα
851 3141 1035 3213 αὐτοῦ,
1068 3136 1231 3195 ὄντων
1264 3143 1424 3214 ἡμῶν
1474 3140 1525 3197 ἐν
1574 3140 1766 3218 Γαδὲρ,

110 3230 357 3300 πλησίον
408 3232 644 3309 Ἐφραθὰ
692 3233 801 3304 (69)
848 3230 993 3285 οἷκον
1038 3227 1290 3302 Βηθλεὲμ
1316 3231 1450 3303 (70),
1485 3229 1671 3307 βάλλα
1698 3232 1763 3301 ᾖν

1595 3317 1614 3350 ι

1888 682 1986 737 tis.
2025 683 2122 737 llis
2153 682 2459 753 spiritibus
2482 683 2901 738 commiscetur
2919 682 3163 753 Spiritus
3183 682 3545 737 erroris.Pri-

1889 787 2022 826 mus
2054 771 2451 827 fornicationis
2485 773 2545 826 in
2579 778 2791 827 natura
2814 776 2871 826 et
2895 772 3168 826 sensibus
3190 770 3539 826 insidet.Se-

1885 859 2116 913 cundus
2148 858 2390 930 spiritus
2432 859 2895 915 Insatiabilitatis
2947 859 3007 913 in
3055 864 3271 914 ventre.
3306 859 3537 915 Tertius

1888 947 2131 1018 Spiritus
2162 964 2393 1019 pugnas,
2425 948 2486 1003 in
2522 948 2729 1020 hepate
2761 951 2819 1003 et
2848 947 2982 1002 bile.
3017 950 3267 1012 Quartus
3294 947 3538 1018 spiritus

1885 1036 2208 1107 placientiae
2230 1041 2288 1090 et
2308 1038 2666 1108 imposturm,
2685 1041 2749 1090 ut
2765 1052 2867 1107 per
2882 1035 3347 1107 superﬂuitatem
3370 1036 3536 1090 deco-

1886 1140 1988 1178 rus
2020 1129 2315 1195 appareat.
2349 1124 2599 1188 Quintus
2622 1125 2866 1196 spiritus
2886 1124 3192 1196 superbiae,
3216 1127 3281 1178 ut
3303 1140 3535 1180 movea-

1884 1216 2000 1278 tur,
2035 1219 2091 1266 et
2119 1229 2334 1284 magna
2363 1213 2575 1285 sapiat.
2610 1213 2820 1268 Sextus
2852 1213 3096 1284 spiritus
3128 1211 3439 1283 mendacii,
3472 1212 3534 1267 in

1884 1300 2207 1373 perditione
2231 1306 2289 1356 et
2314 1301 2436 1357 zelo
2471 1301 2725 1373 fingendi
2751 1316 3074 1369 sermones,
3097 1316 3312 1371 eosque
3338 1300 3529 1355 celan-

1882 1390 1940 1444 di
1973 1406 2007 1444 a
2037 1406 2248 1461 genere
2277 1394 2334 1444 et
2356 1389 2768 1444 familiaribus.
2793 1389 3090 1460 Septimus
3112 1389 3355 1460 spiritus
3375 1388 3530 1459 inju-

1882 1477 2076 1548 stitiaa,
2108 1494 2241 1533 cum
2272 1495 2391 1549 qua
2424 1478 2575 1533 fiunt
2602 1478 2826 1534 furtum
2859 1482 2917 1532 et
2947 1477 3424 1547 distortiones,ut
3445 1477 3529 1533 fa-

1881 1566 1996 1621 ciat
2026 1566 2558 1638 concupiscentiam
2591 1565 2905 1637 voluptatis
2937 1566 3129 1622 cordis
3151 1567 3263 1621 sui.
3287 1566 3526 1636 Injusti-

1879 1655 1959 1710 tia
1990 1655 2144 1709 enim
2177 1658 2520 1727 cooperatur
2549 1654 2790 1727 reliquis
2822 1653 3128 1726 spiritibus
3159 1671 3262 1725 per
3281 1654 3398 1708 doli
3426 1671 3526 1709 as-

1879 1743 2297 1815 sumptionem.
2334 1746 2397 1798 In
2429 1743 2706 1799 omnibus
2754 1743 2848 1798 his
2896 1742 3140 1814 spiritus
3180 1743 3394 1808 somni,
3428 1760 3524 1799 oc-

1876 1834 2045 1886 tavus
2104 1830 2348 1903 spiritus
2412 1830 2723 1903 copulatur
2801 1845 2995 1886 errore
3071 1835 3130 1887 et
3175 1830 3511 1902 phantasia.

1801 1957 1849 2021 B
1879 1918 1946 1973 Et
1966 1918 2050 1973 ita
2081 1918 2227 1991 perit
2257 1918 2449 1974 omnis
2490 1919 2712 1989 junior,
2765 1918 3153 1974 obtenebrans
3202 1923 3458 1974 mentem
3489 1936 3524 1975 a

1878 2005 2136 2073 veritate,
2168 2010 2226 2061 et
2257 2022 2373 2061 non
2400 2005 2737 2078 intelligens
2766 2004 2953 2077 legem
2991 2006 3117 2073 Dei,
3148 2022 3337 2077 neque
3383 2007 3524 2062 obe-

1880 2093 2047 2149 diens
2095 2093 2368 2149 doctrinis
2419 2098 2653 2164 patrum
2704 2109 2970 2162 suorum,
3025 2094 3524 2163 quemadmodum

1880 2185 1938 2237 et
1966 2198 2071 2252 ego
2098 2198 2309 2252 passus
2341 2198 2474 2237 sum
2504 2181 2564 2236 in
2591 2183 2901 2252 juventute
2925 2197 3075 2237 mea.
3108 2182 3179 2236 Et
3210 2198 3365 2238 nunc
3398 2182 3525 2251 filii,

1877 2269 2181 2325 veritatem
2215 2269 2458 2341 diligite,
2491 2273 2549 2324 et
2578 2270 2707 2340 ipsa
2735 2270 3023 2325 custodiet
3050 2286 3171 2325 vos.
3196 2270 3380 2325 Doceo
3402 2287 3527 2339 vos,

1880 2358 2078 2413 audite
2105 2357 2310 2413 Ruben
2339 2361 2563 2428 patrem
2594 2361 2877 2413 vestrum.
2912 2357 2993 2415 Ne
3016 2358 3331 2413 attendatis
3347 2358 3527 2415 visio-

1879 2446 1939 2501 ni
1970 2445 2256 2511 mulieris,
2285 2462 2477 2516 neque
2531 2445 2593 2501 in
2651 2450 2871 2502 secreto
2926 2445 3057 2500 sitis
3112 2462 3245 2501 cum
3305 2447 3525 2503 femina

1880 2551 2009 2606 qua
2040 2539 2130 2591 est
2157 2537 2267 2589 sub
2296 2534 2443 2600 viro,
2478 2550 2667 2605 neque
2709 2533 3274 2591 circumscrutemini
3322 2552 3523 2607 Opera-

1877 2623 2097 2679 tionem
2131 2622 2465 2679 mulierum.
2498 2623 2621 2679 Nisi
2653 2623 2811 2679 enim
2840 2623 3119 2679 vidissem
3151 2622 3375 2679 Ballam
3404 2623 3526 2680 bal-

1878 2718 2149 2769 neantem
2175 2712 2234 2767 in
2276 2717 2545 2785 cooperto
2576 2712 2724 2783 loco,
2755 2729 2871 2768 non
2913 2712 3253 2769 incidissem
3301 2713 3360 2770 in
3410 2713 3521 2769 ini-

1877 2802 2160 2872 quitatem
2184 2817 2481 2873 magnam.
2500 2801 2846 2873 Concipiens
2867 2800 3024 2857 enim
3056 2817 3226 2857 mens
3249 2818 3377 2858 mea
3398 2819 3523 2857 mu-

1872 2889 2118 2947 liebrem
2149 2891 2474 2945 nuditatem
2532 2907 2649 2945 non
2698 2890 2834 2946 sivit
2883 2906 2977 2946 me
3026 2889 3301 2961 dormire,
3333 2890 3518 2948 donec

1876 2984 2154 3052 operatus
2184 2996 2318 3034 sum
2349 2978 2865 3034 abominationem.
2889 2979 3135 3035 Absente
3156 2979 3313 3034 enim
3338 2979 3519 3035 Jacob

1877 3073 2041 3141 patre
2078 3072 2279 3124 nostro
2312 3067 2467 3139 apud
2499 3072 2664 3123 Isaac
2714 3071 2943 3140 patrem
2988 3084 3186 3138 suum,
3217 3068 3522 3123 existenti-

1878 3158 1990 3212 bus
2020 3156 2189 3212 nobis
2222 3156 2283 3211 in
2314 3157 2523 3224 Gader,
2558 3173 2737 3228 prope
2765 3156 3017 3228 Ephrata
3045 3155 3258 3211 domus
3298 3154 3525 3212 Bethle-

1878 3243 2014 3300 hem
2047 3244 2205 3300 Bella
2232 3247 2356 3299 erat
2383 3244 2563 3311 ebria,
2596 3248 2653 3298 et
2682 3242 2981 3299 dormiens
3010 3242 3261 3298 revelata
3290 3243 3525 3314 jacebat

119 3319 395 3395 μεθύουσα
440 3320 529 3374 καὶ
578 3319 928 3393 κοιμωμένη,
974 3319 1063 3373 καὶ
1117 3317 1441 3381 ἀκαλύπτως
1491 3317 1765 3374 κατέκειτο

1879 3333 1941 3390 in
1967 3332 2235 3389 cubiculo
2270 3350 2283 3388 :
2315 3336 2372 3388 et
2401 3348 2509 3405 ego
2540 3332 2900 3403 ingrediens,
2931 3334 2989 3387 et
3032 3331 3238 3387 videns
3286 3331 3524 3388 nudita-

110 3409 168 3465 ἐν
200 3413 280 3482 τῷ
307 3413 548 3463 κοιτῶνν
580 3409 756 3484 κάγὼ,
789 3407 1064 3476 εἰσελθὼν,
1097 3407 1186 3462 καὶ
1219 3404 1347 3462 ἰδὼν
1395 3408 1493 3476 τὴν
1544 3407 1764 3482 γύμνω-

110 3520 198 3554 σιν
249 3496 436 3571 αὐτῆς,
485 3495 685 3574 ἔπραξα
724 3498 821 3567 τὴν
871 3492 1133 3568 ἀσέϐειαν,
1190 3495 1279 3551 καὶ
1325 3493 1641 3552 καταλιπὼν
1672 3495 1765 3551 αύ-

106 3588 213 3655 τὴν
264 3585 642 3659 κοιμωμένην,
696 3584 942 3657 ἐξῆλθον.
1004 3586 1102 3640 Καὶ
1151 3584 1348 3649 εὐθέως
1398 3582 1628 3662 ἅγγελος
1668 3589 1765 3641 τοῦ

110 3679 251 3732 Θεοῦ
298 3675 613 3750 ἀπεκάλυψε
652 3673 730 3747 τῷ
778 3672 941 3751 πατρί
997 3695 1101 3748 μου
1135 3669 1329 3731 Ἰακὼϐ
1363 3674 1487 3750 περὶ
1517 3677 1614 3743 τῆς
1642 3674 1764 3730 ἀσε-

110 3759 269 3827 ϐείας
313 3782 435 3837 μου·
489 3764 578 3819 καὶ
628 3761 797 3819 ἐλθὼν
830 3761 1036 3817 ἐπένθει
1066 3761 1147 3817 ἐπ’
1186 3762 1303 3837 ἐμὲ,
1338 3761 1531 3836 μηκέτι
1565 3762 1765 3837 ἁψάμε-

111 3875 210 3915 νος
244 3852 436 3923 αὐτῆς.

190 3943 268 3999 Δ’.
302 3966 330 3994 ‹‹
362 3942 452 4011 Μὴ
497 3939 588 3996 οὖν
632 3939 929 4018 προσέσχετε
956 3938 1163 4003 κάλλος
1192 3944 1484 4018 γυναικῶν,
1520 3938 1660 4016 μηδὲ
1690 3940 1765 3995 έν-

109 4033 321 4087 νοεῖσθε
367 4030 463 4094 τὰς
511 4029 727 4104 πράξεις
758 4030 955 4086 αὐτῶνθ
1014 4028 1160 4086 ἀλλᾶ
1190 4027 1480 4102 πορεύεσθε
1511 4027 1562 4085 ἐν
1597 4028 1766 4085 ἀπλύ-

110 4143 241 4191 τητι
291 4118 530 4195 καρδίας,
583 4118 634 4175 ἐν
689 4114 844 4197 φόϐῳ
887 4118 1112 4196 Κυρίου,
1163 4118 1252 4174 καὶ
1326 4122 1661 4194 μοχοοῦντες
1711 4118 1760 4175 ἐν

113 4208 319 4286 ἔργοις,
368 4208 457 4263 καὶ
507 4207 964 4282 ἀποπλανώμενοι
1014 4208 1064 4262 έν
1098 4207 1405 4284 γράμμασι,
1440 4206 1531 4263 καὶ
1562 4206 1612 4263 ἐν
1646 4213 1762 4272 τοῖς

111 4297 397 4371 ποιμνίοις
448 4297 623 4371 ὑμῶν,
669 4294 773 4360 ’ἕως
821 4298 848 4352 ὁ
879 4297 1074 4373 Κύριος
1106 4296 1220 4371 δώῃ
1258 4298 1381 4370 ὑμῖν
1416 4296 1662 4374 σύζυγον,
1696 4297 1762 4368 ἦν

111 4387 279 4449 αὐτὸς
312 4386 477 4459 θέλει,
524 4384 608 4441 i’va
660 4389 735 4461 μὴ
767 4386 994 4458 πάθητε,
1029 4386 1103 4449 ὡς
1130 4386 1299 4462 κάγώ.
1333 4392 1503 4462 ’Ἄχρι
1534 4390 1644 4460 (72)
1672 4407 1765 4442 τε-

112 4476 315 4545 λευτῆς
361 4480 458 4530 τοῦ
505 4476 709 4551 πατρὸς
752 4476 909 4548 ἡμῶν
956 4474 1055 4530 ούκ
1103 4475 1251 4550 εἶχον
1292 4473 1559 4551 παῤῥηίαν
1592 4474 1761 4530 ἀτενί-

112 4566 207 4619 σαῖ
236 4563 314 4627 εἷς
344 4564 632 4638 πρόσωπον
665 4560 881 4637 Ἰακὼϐ,
911 4565 945 4633 ἢ
980 4562 1217 4633 λαλῆσαί
1246 4567 1470 4618 τινιτῶν
1492 4560 1762 4642 ἀδελφῶν,

1874 3425 1994 3479 tem
2025 3421 2233 3493 ipsius,
2267 3425 2539 3494 operatus
2570 3436 2706 3476 sum
2754 3419 3135 3491 impietatem,
3169 3423 3224 3475 et
3265 3419 3515 3475 derelin-

1874 3526 2065 3581 quens
2097 3525 2225 3565 eam
2255 3509 2665 3577 dormientem,
2697 3524 2969 3580 egressus
2998 3524 3152 3564 sum.
3184 3507 3254 3564 Et
3291 3508 3517 3566 confes-

1873 3598 1981 3655 tim
2013 3597 2259 3671 angelus
2285 3598 2383 3654 Dei
2416 3596 2687 3655 revelavit
2713 3596 2866 3669 patri
2896 3613 3026 3653 meo
3064 3596 3245 3654 Jacob
3293 3597 3364 3653 de
3409 3598 3520 3653 im-

1873 3688 2088 3761 pietate
2119 3703 2282 3756 mea;
2314 3690 2371 3742 et
2398 3685 2637 3743 veniens
2660 3685 2896 3760 lugebat
2917 3701 3093 3759 super
3112 3702 3228 3757 me,
3249 3703 3364 3743 non
3393 3701 3519 3743 am-

1874 3775 2031 3848 plius
2060 3780 2307 3847 tangens
2338 3790 2485 3831 eam.

1944 3952 2041 4010 1V.
2057 3973 2087 4005 «
2106 3952 2212 4008 Nei
2221 3952 2377 4025 gitur
2391 3952 2709 4009 attendatis
2730 3949 3152 4025 pulchritudini
3180 3948 3515 4017 mulierum,

1873 4058 2061 4113 neque
2090 4041 2357 4113 cogitetis
2388 4041 2753 4112 operationes
2784 4056 3023 4107 earum;
3074 4040 3174 4096 sed
3220 4036 3517 4095 ambulate

1872 4130 1931 4185 in
1964 4129 2339 4201 simplicitate
2370 4129 2659 4197 cordis,in
2684 4129 2893 4185 timore
2914 4126 3227 4194 Domini,et
3257 4126 3517 4182 laboran-

1872 4222 1960 4274 tes
1988 4218 2047 4273 in
2079 4218 2376 4290 operibus,
2409 4222 2466 4273 et
2508 4217 2890 4273 exercitantes
2921 4216 3032 4289 (7i)
3058 4214 3301 4288 (vosmet)
3329 4214 3390 4271 in
3420 4213 3517 4271 lit-

1874 4307 2096 4377 teris,et
2133 4307 2195 4361 in
2228 4306 2507 4379 gregibus
2538 4306 2767 4374 vestris,
2788 4306 2970 4361 donec
3003 4304 3285 4361 Dominus
3305 4304 3400 4359 det
3420 4320 3517 4360 vo-

1872 4393 1964 4448 bis
1990 4394 2303 4466 conjugem
2318 4409 2496 4464 quam
2512 4391 2871 4465 ipsevult,ut
2900 4408 3017 4448 non
3030 4390 3337 4465 patiamini
3368 4391 3521 4447 sicut

1873 4487 1929 4538 et
1942 4497 2067 4554 ego.
2086 4481 2283 4553 Usque
2305 4481 2376 4537 ad
2393 4485 2639 4537 mortem
2655 4479 2838 4553 patris
2871 4480 3057 4536 nostri
3090 4496 3206 4535 non
3228 4479 3517 4536 habebam

1873 4570 2148 4626 ﬁduciam
2183 4569 2505 4642 aspiciendi
2537 4570 2594 4625 in
2627 4568 2833 4625 faciem
2882 4568 3082 4635 Jacob,
3110 4566 3198 4623 vel
3241 4566 3517 4639 loquendi

111 4653 206 4710 διὰ
251 4652 379 4717 τοὺς
423 4651 783 4726 ὀνειδισμούς.
827 4653 925 4709 Καὶ
976 4649 1076 4714 ἔως
1121 4656 1213 4707 νῦν
1253 4654 1288 4722 ἡ
1321 4648 1623 4722 συνείδησίς
1659 4674 1763 4726 μου

1877 4658 2047 4714 alicui
2096 4659 2364 4727 fratrum,
2399 4662 2636 4730 propter
2666 4657 2997 4730 opprobria.
3029 4657 3100 4713 Et
3132 4672 3317 4728 usque
3358 4672 3515 4712 nunc

111 4742 330 4818 συνέχει
385 4763 449 4817 με
490 4744 614 4817 περὶ
660 4750 759 4812 τῆς
791 4741 1047 4819 ἁγαρτίας
1077 4763 1201 4815 μου.
1233 4740 1396 4815 Καίγε
1427 4738 1759 4815 παρεκάλεσὲ

116 4854 186 4905 με
218 4833 246 4888 ὁ
297 4833 477 4907 πατήρ
530 4851 656 4905 μου,
698 4831 783 4887 ’ὁτι
813 4828 1015 4903 ηὔξατο
1046 4830 1170 4906 περὶ
1203 4829 1339 4903 ἐμοῦ
1367 4827 1502 4903 πρὸς
1533 4828 1624 4884 τὸν
1657 4828 1758 4884 Κύ-

182 4975 299 5049 (64)
321 4971 598 5049 Ἐ-κτίσθη.
629 4972 972 5049 Ἐσκ-οτίσθη.
999 4975 1081 5029 ID.

182 5045 298 5116 (65)
328 5046 398 5099 Τὸ
427 5048 658 5116 πνεῦμα.
692 5046 775 5101 Τὰ
802 5045 1082 5116 πνεύματα
1125 5045 1355 5101 melius.
1390 5048 1470 5100 ID.

184 5120 297 5185 (66)
320 5118 432 5170 Ἵνα
461 5123 696 5184 κινῆται.
731 5122 1035 5185 Καυχᾶται.
1069 5121 1153 5172 ID.

204 5135 276 5172 00
322 5135 432 5170 ‘lva
461 5137 696 5184 κινηται.
731 5135 846 5171 hac
896 5138 1035 5171 αται.
1069 5135 1125 5171 1n

204 5135 297 5256 67)
322 5185 534 5256 Πλάνη.
566 5188 636 5243 "0
662 5186 771 5241 ἐστι
802 5135 1006 5256 nigrm.
1042 5193 1125 5243 ID.

330 5260 417 5333 Ἑν
448 5253 567 5333 ὄψενέ
598 5258 866 5333 γυναικός.
898 5253 995 5333 Eii:
1024 5256 1466 5333 ὅψινγυναικεέαν.
1509 5257 1589 5313 ID.

205 5328 297 5424 €19)
328 5328 762 5424 Ἐἳραθάλῌωολ
785 5349 852 5388 ex
883 5328 1220 5424 Genuaxgv,
1252 5331 1341 5397 21,
1403 5345 1566 5424 sisqq:
1624 5343 1755 5424 np};-

110 5399 364 5477 rantur_:
402 5399 637 5477 Ἐφραθσὶ
665 5407 861 5477 autem
888 5403 1105 5477 mentio
1136 5400 1560 5477 ﬁt'precedenti
1588 5399 1752 5477 v.__19,

106 5458 211 5531 ubi
245 5458 519 5531 Hebraeus
550 5479 742 5530 textus
773 5458 936 5531 deiea
964 5458 1085 5530 ait:
1120 5458 1244 5533 επις

108 5554 192 5603 est
221 5544 551 5601 Bethlehem.
568 5546 849 5601 Similiter
879 5546 1041 5601 LXX:
1059 5543 1205 5611 Αὕτη
1230 5542 1340 5596 ἐστὶ
1362 5539 1627 5611 Βηθλεέμ.
1644 5541 1751 5595 Sed

109 5623 169 5672 et
202 5618 530 5672 Demetrius
561 5618 714 5687 apud
751 5617 959 5673 Euseb.
994 5618 1093 5672 lib.
1118 5633 1173 5671 1x
1199 5617 1507 5686 Praeparat.
1534 5628 1751 5687 eoqng.,

110 5706 242 5759 cap.
273 5690 362 5757 21,
395 5680 685 5759 consentit
713 5689 805 5745 his
862 5688 1053 5759 verbis
1083 5706 1096 5744 :
1130 5687 1307 5741 Ἔνθεν
1327 5680 1337 5686 ’
1363 5680 1749 5759 παραγενέσθαι

109 5756 478 5835 εἷς’Ὲφραθᾶ,
510 5759 571 5827 ἦν
622 5758 751 5814 εἶναι
808 5757 1078 5832 Βηθλεέμ.
1112 5759 1367 5829 Indeque
1410 5756 1535 5828 ipse
1572 5756 1751 5811 Euse-

280 5121 297 5401 ἑ

182 5192 200 5403 ἑ

1873 4745 2230 4803 conscientia
2260 4763 2391 4802 mea
2413 4746 2634 4802 cruciat
2662 4762 2756 4802 me
2779 4746 2849 4803 de
2869 4749 3104 4818 peccato
3126 4761 3273 4801 meo.
3292 4744 3361 4800 Et
3381 4760 3515 4800 con-

1867 4833 2089 4892 solatus
2114 4839 2203 4891 est
2233 4852 2326 4892 me
2355 4838 2522 4908 pater
2552 4851 2739 4904 meus,
2769 4834 3048 4906 quoniam
3071 4832 3258 4889 oravit
3285 4848 3389 4904 pro
3420 4849 3513 4889 me

1867 4975 2001 5031 bius
2031 4975 2129 5033 lib.
2148 4993 2238 5047 vn
2280 4977 2771 5032 Demonstrationis
2799 4976 3067 5047 evangel.,
3099 4988 3233 5045 pag.
3282 4972 3407 5041 347,
3439 4987 3510 5027 ex

1867 5048 2114 5119 allegato
2144 5046 2270 5103 loco
2301 5048 2590 5104 Geneseos
2618 5047 2773 5103 idem
2824 5046 3258 5119 docet.AC.ontra_
3309 5047 3509 5119 auctor

1871 5114 2198 5175 Testimenti
2225 5120 2411 5175 Ruben
2442 5120 2501 5174 in
2532 5119 2724 5175 citatis
2765 5118 2955 5174 verbis
2982 5117 3213 5173 videtur
3245 5115 3360 5170 haec
3388 5114 3503 5169 duo

1865 5190 2247 5261 distinguere,
2280 5196 2338 5261 et
2366 5191 2683 5261 Ephratam
2732 5190 2917 5244 facere
2963 5189 3205 5261 domum
3254 5185 3506 5261 in_u_rbe

1864 5255 2201 5332 Bethlehem
2232 5255 2250 5316 Ξ
2285 5255 2575 5318 nisi-forte
2604 5260 2819 5332 aliquis
2854 5261 2923 5332 ad
2958 5259 3278 5332 marginem
3327 5255 3507 5332 inter-

1864 5331 2205 5404 pretationis
2236 5332 2422 5403 gratia
2474 5328 2998 5404 ascripseritolxov
3031 5328 3217 5404 ἄρτου,
3250 5331 3307 5381 et
3348 5328 3508 5397 prior

1862 5420 1973 5460 vox
2001 5404 2137 5458 inde
2188 5403 2248 5457 in
2292 5408 2516 5459 textum
2565 5403 2884 5474 irrepserit,

1292 5483 1400 5545 Γ)πέ
1449 5479 1578 5545 δη.
1630 5470 1756 5545 Ilaec
1863 5478 2082 5544 postea,
2118 5474 2239 5529 sive
2268 5470 2764 5545 explanaturus-is
2796 5473 2896 5545 qui

1862 5543 1987 5600 cem
2019 5545 2276 5615 scripsit.
2310 5543 2518 5615 évloco
2549 5544 2697 5598 οἶκον
2732 5543 2945 5615 posuit.
2979 5545 3062 5599 In.

2960 5403 3094 5457 uem
3136 5403 3505 5456 correcturus

2974 5472 3311 5528 xoniensem
3343 5470 3501 5526 codi-

2076 5612 2236 5700 ρῖκον
2264 5613 2526 5700 βηθλεέμ,
2560 5616 2644 5700 Ἐν
2675 5612 2949 5686 Βηθλεέμ.
2982 5615 3064 5700 ID.

2075 5686 2476 5743 Exercizantes.
2508 5688 2568 5743 In
2603 5689 2797 5743 Graeco
2826 5689 3089 5743 errantes.
3129 5686 3209 5741 In.

2074 5758 2262 5832 Ἀ’χρι.
2295 5760 2413 5812 Ὅτι
2446 5755 2599 5834 ἄχρι.
2632 5763 2716 5817 ID.

1931 5687 2017 5828 (71

1952 5759 2017 5813 72

1952 5759 2022 5813 72

2027 5617 2045 5829 ἔ
