4036 6356
477 400 632 489 tota

1470 401 2003 464 TESTAMENTA
2042 400 2148 461 Xll
2192 396 2894 462 PATRIARCHARUM.

3733 402 3885 463 10M

478 535 549 592 ad
583 533 920 603 Dominum,
954 535 1019 589 ut
1051 537 1310 589 transeat
1356 551 1389 589 a
1437 550 1528 590 me
1560 534 1647 589 ira
1691 533 1943 603 Domini,
1980 536 2130 588 sicut
2159 576 2169 599 Α

2282 551 2381 602 ιον,
2428 529 2517 584 ’ἱνα
2564 528 2805 605 παρέλθῃ
2837 530 2925 585 ἀπ’
2957 528 3090 604 ἐμοῦ
3120 533 3157 601 ἡ
3191 528 3326 608 ὀργὴ
3356 527 3581 609 Κυρίου,
3614 529 3693 594 ὡς
3726 528 3889 604 ἔδειξέ

482 624 737 681 ostendit
760 622 905 677 mihi
929 622 1228 679 Dominus.
1254 624 1334 677 Ex
1355 640 1419 678 eo
1441 624 1622 695 igitur
1642 628 1903 695 tempore
1925 628 2127 678 custo-

483 710 641 769 ditus
682 727 835 779 sum,
869 714 927 765 et
973 728 1087 765 non
1140 712 1388 780 peccavi.
1423 713 1663 784 Propter
1692 713 1822 779 hoc,
1859 711 1964 766 filii
1991 712 2128 781 mei,

486 800 774 856 custodite
786 798 983 855 omnia
995 816 1276 871 quazcunq
1288 818 1357 855 ue
1378 802 1589 856 mando
1607 802 1857 871 vobis,et
1874 818 1988 855 non
2006 816 2130 871 pec-

489 888 715 944 cabitis.
741 888 991 943 Perditio
1014 890 1170 943 enim
1194 890 1402 944 animae
1426 894 1514 945 est
1537 889 2134 958 fornicatio,dividens

493 995 527 1034 a
558 977 693 1042 Deo,
724 981 782 1031 et
824 978 1294 1049 appropinquare
1344 978 1561 1034 faciens
1609 977 1817 1046 idolis;
1855 978 2135 1050 quoniam

494 1066 625 1138 ipsa
652 1064 712 1119 in
742 1081 994 1121 errorem
1029 1066 1191 1121 ducit
1220 1066 1578 1122 intellectum
1602 1072 1657 1122 et
1681 1073 2027 1131 mentem,et
2041 1068 2137 1121 de—

498 1152 912 1224 ducitjuvenes
927 1155 997 1209 ad
1014 1155 1309 1209 infernum
1328 1159 1459 1209 ante
1477 1156 2137 1227 tempus(74')ipsorum.

497 1242 645 1298 Nam
678 1241 894 1298 multos
926 1244 1182 1315 perdidit
1213 1243 1517 1299 fornicatio
1547 1269 1561 1310 ;
1594 1244 1875 1315 quoniam
1908 1244 2015 1299 etsi
2065 1244 2145 1299 sit

502 1328 712 1401 aliquis
744 1347 941 1399 senex,
971 1331 1059 1385 vel
1092 1330 1326 1398 nobilis,
1361 1332 1739 1403 Opprobrium
1774 1334 1967 1404 ipsum
2012 1331 2149 1387 facit

504 1416 660 1491 apud
691 1418 879 1474 Beliar
908 1423 964 1474 et
986 1420 1134 1475 ﬁlios
1159 1420 1485 1475 hominum.
1505 1421 1815 1487 Quiaenim
1833 1420 2150 1476 custodivit

508 1507 769 1577 seipsum
799 1506 1015 1579 Joseph
1048 1509 1119 1562 ab
1152 1509 1311 1563 omni
1364 1508 1627 1576 muliere,
1661 1514 1718 1563 et
1768 1509 2151 1581 cogitationes

510 1597 782 1668 purgavit
810 1596 880 1651 ab
917 1597 1077 1651 omni
1109 1597 1508 1668 fornicatione,
1542 1598 1763 1652 invenit
1779 1599 2028 1669 gratiam
2058 1614 2154 1652 co-

513 1680 639 1743 ram
675 1684 914 1739 Domino
944 1689 1001 1740 et
1033 1684 1392 1741 hominibus.
1427 1686 1656 1741 Etenim
1689 1686 1874 1741 multa
1924 1686 2057 1741 fecit
2105 1684 2157 1740 ei

516 1773 799 1846 Egyptia,
834 1778 889 1828 et
920 1790 1120 1846 magos
1152 1774 1469 1844 advocavit,
1505 1779 1561 1829 et
1582 1774 1896 1845 pharmaca
1916 1774 1967 1829 ei
1990 1775 2159 1830 obtu-

515 1863 622 1932 lit;
654 1867 711 1919 et
741 1880 857 1919 non
887 1863 1144 1936 suscepit
1174 1862 1486 1919 consilium
1516 1863 1723 1919 animm
1755 1865 1883 1935 ejus
1934 1863 2160 1919 deside-

517 1953 674 2010 rium
699 1951 1112 2025 perniciosum.
1147 1952 1387 2025 Propter
1413 1951 1525 2009 hoc
1552 1957 1705 2009 Deus
1744 1957 1979 2024 patrum
2011 1968 2165 2009 meo-

522 2058 655 2098 rum
686 2038 836 2098 eruit
857 2057 991 2096 eum
1024 2042 1094 2097 ab
1127 2042 1287 2097 omni
1320 2040 1535 2097 visibili
1564 2046 1621 2096 et
1649 2041 1994 2098 abscondita
2018 2057 2167 2097 mor-

522 2135 600 2187 te.
634 2130 693 2186 Si
725 2122 882 2187 enim
910 2146 1024 2185 non
1051 2129 1363 2202 praevaleat
1392 2129 1696 2187 fornicatio
1745 2129 1949 2203 menti,
1982 2146 2168 2202 neque

525 2218 711 2279 Beliar
735 2218 1069 2291 praevalebit
1095 2218 1280 2276 vobis.

600 2398 671 2457 V.
705 2422 734 2450 ‹‹
761 2397 1100 2457 Perniciosa;
1149 2401 1290 2453 sunt
1336 2398 1631 2469 mulieres,
1669 2397 1775 2454 filii
1824 2399 1976 2471 mei;
2026 2414 2173 2470 quo-

533 2490 693 2547 niam
724 2505 839 2545 non
870 2488 1155 2545 habentes
1184 2491 1531 2560 potestatem
1561 2487 1651 2544 vel
1693 2487 1967 2543 virtutem
1999 2504 2178 2561 super

533 2570 854 2649 heminam,
886 2576 1085 2633 dolose
1129 2581 1311 2649 agunt
1356 2575 1418 2631 in
1467 2575 1693 2644 formis,
1721 2577 2012 2648 quomodo
2043 2592 2177 2632 eum

532 2669 606 2725 ad
636 2667 797 2740 ipsas
830 2665 1163 2735 attrahant;
1195 2670 1252 2721 et
1293 2681 1465 2736 quem
1496 2682 1599 2738 per
1628 2666 2030 2721 fortitudinem
2060 2682 2178 2721 non

533 2760 783 2831 possunt
827 2754 1077 2825 vincere,
1109 2753 1265 2809 hunc
1314 2770 1417 2825 per
1463 2753 1862 2825 deceptionem
1912 2754 2175 2811 vincunt.

536 2844 822 2913 Quoniam
851 2848 908 2899 et
936 2843 1007 2898 de
1035 2843 1119 2899 eis
1151 2841 1295 2897 dixit
1327 2841 1471 2897 mihi
1501 2842 1743 2914 angelus
1765 2842 1885 2910 Dei,
1906 2847 1963 2897 et
1985 2841 2182 2914 docuit

535 2912 630 2991 me
662 2934 817 3005 quod
850 2931 1125 2987 mulieres
1155 2931 1468 2986 vincuntur
1499 2912 1760 3002 aspiritu
1784 2912 2181 2986 fornicationis

537 3040 720 3096 supra
747 3012 1070 3092 hominem,
1103 3024 1158 3076 et
1186 3019 1246 3075 in
1277 3021 1447 3075 corde
1468 3019 1883 3075 machinantur
1904 3020 2182 3076 adversus

537 3113 827 3178 homines,
859 3114 917 3167 et
941 3126 1044 3183 per
1064 3102 1343 3166 iornatum
1373 3124 1565 3164 errare
1595 3108 1817 3165 faciunt
1847 3108 2036 3181 primo
2085 3125 2182 3165 eo-

540 3218 670 3260 rum
703 3204 949 3268 mentes,
980 3202 1037 3254 et
1084 3215 1187 3270 per
1229 3197 1419 3253 visum
1466 3213 1755 3254 venenum
1797 3198 2082 3269 inserunt,
2127 3200 2185 3254 et

2241 640 2334 690 μοι
2387 618 2610 694 Κύριος.
2662 620 2799 673 Ἀπὸ
2848 620 2970 675 τότε
3014 620 3104 674 οὗν
3135 623 3247 695 (73)
3278 620 3773 699 παρεφυλαξάμην,
3805 624 3891 676 καὶ

2240 707 2348 783 οὐχ
2378 706 2623 780 ἥμαρτον
2641 751 2651 766 .
2694 710 2791 762 Δια
2817 713 3003 776 τοῦτο,
3035 709 3193 763 τέκνα
3220 731 3341 783 μου,
3369 710 3677 785 φυλάξασθε
3700 713 3897 782 πάντα,

2242 796 2339 852 ὅσα
2384 796 2707 871 ἐντέλλομαι
2765 798 2913 870 ὑμῖν,
2974 797 3063 851 καὶ
3116 797 3176 852 οὐ
3231 800 3306 871 μή
3340 801 3707 873 ἁμαρτήσετε.
3740 799 3901 854 ’Ὀλε-

2243 888 2369 961 θρος
2397 887 2499 961 γὰρ
2526 889 2713 960 ψυχῆς
2746 885 2886 940 ἐστιν
2916 888 2951 955 ἡ
2984 886 3209 959 πορνεία
3240 889 3380 961 (74),
3402 888 3726 963 χωρίζουσα
3748 894 3905 957 Θεοῦ,

2244 975 2332 1029 καὶ
2379 974 2809 1049 προσεγγίζουσα
2853 980 2969 1037 τοῖς
3019 972 3297 1045 εἰδώλοις,
3329 976 3411 1031 ὅτι
3451 976 3580 1031 αὐτό
3613 976 3733 1031 ἐστι
3762 982 3907 1032 πλα-

2247 1067 2393 1117 νῶσα
2434 1064 2525 1117 τὸν
2574 1068 2699 1117 νοῦν
2746 1064 2835 1117 καὶ
2884 1065 2982 1132 τὴν
3029 1061 3287 1136 διάνοιαν,
3346 1066 3435 1119 καὶ
3468 1068 3697 1141 κατάγει
3730 1069 3909 1121 νεανί-

2252 1173 2410 1214 σκους
2445 1152 2519 1213 εἰς
2550 1147 2682 1222 ᾅδην
2734 1151 2833 1207 οὐκ
2870 1151 2920 1206 ἐν
2955 1151 3129 1226 λαιρῷ
3160 1153 3354 1210 αὐτῶν.
3391 1156 3486 1211 Καὶ
3515 1157 3617 1229 γάρ
3651 1154 3912 1217 πολλοὺς

2255 1238 2530 1294 ἀπώλεσεν
2580 1243 2616 1309 ἡ
2668 1241 2913 1315 πορνεία·
2956 1240 3038 1295 ὅτι
3068 1240 3163 1296 κᾶν
3195 1241 3232 1317 ᾗ
3259 1264 3344 1305 τις
3372 1242 3565 1319 γέρων,
3599 1246 3635 1313 ἢ
3663 1243 3909 1319 εὐγενής,

2257 1321 2462 1390 ὄνειδος
2524 1328 2681 1383 αὐτὸν
2733 1332 2850 1402 (75)
2898 1335 3044 1385 ποιεῖ
3094 1333 3239 1407 παρὰ
3294 1336 3371 1403 τῷ
3401 1331 3623 1407 Βελιὰρ,
3666 1333 3761 1388 καὶ
3794 1338 3912 1395 rei;

2258 1417 2397 1478 υἱοῖς
2444 1421 2550 1471 τῶν
2605 1417 2922 1492 ἀνθρώπων.
2978 1416 3197 1488 Ἐπειδὴ
3244 1421 3348 1495 γὰρ
3399 1419 3655 1497 ἐφύλαξεν
3722 1420 3911 1476 ἑαυτὸν

2261 1505 2464 1582 Ἰωσὴφ
2512 1504 2618 1559 ἀπὸ
2666 1507 2835 1572 πάσης
2878 1506 3154 1581 γυναικὸς,
3204 1508 3292 1562 καὶ
3339 1509 3433 1570 τὰς
3484 1508 3691 1571 ἐννοίας
3724 1509 3913 1565 ἐκαθα-

2266 1613 2408 1669 ρισεν
2458 1592 2563 1647 ἀπὸ
2611 1593 2786 1663 πάσης
2834 1598 3106 1670 πορνείας,
3160 1594 3305 1669 εὗρεν
3353 1598 3513 1672 χάριν
3542 1596 3779 1653 ἐνώπιον
3816 1606 3917 1654 Κυ-

2268 1680 2386 1756 ρίου
2435 1681 2525 1735 καὶ
2578 1681 2901 1758 ἀνθρώπων.
2950 1684 3054 1739 Καὶ
3106 1684 3213 1759 γὰρ
3260 1682 3447 1740 πολλὰ
3486 1684 3743 1757 ἐποίησεν
3774 1692 3921 1760 αυτῷ

2267 1772 2304 1841 ἡ
2355 1769 2649 1845 Αἰγυπτία,
2687 1770 2776 1826 καὶ
2840 1770 3041 1848 μάγους
3088 1771 3441 1847 παρεκάλεσε,
3497 1775 3587 1831 καὶ
3658 1776 3923 1852 φάρμακα

2270 1858 2415 1930 αὐτῷ
2456 1861 2814 1936 προσήνεγκε·
2864 1860 2954 1915 καὶ
3005 1859 3104 1916 οὐκ
3135 1858 3347 1933 ἐδέξατο
3373 1864 3436 1917 τὸ
3467 1857 3790 1937 διαὸοὖλιον
3826 1872 3923 1932 τῆς

2274 1951 2461 2024 ψυχῆς
2508 1947 2672 2003 αὐτοῦ
2718 1948 3006 2029 ἐπιθυμίαν
3054 1950 3318 2026 πονηράν.
3370 1952 3469 2006 Διὰ
3516 1956 3681 2006 τοῦτο
3714 1954 3743 2007 ὁ
3795 1954 3925 2015 Θεὸς

2270 2039 2379 2093 τῶν
2430 2034 2674 2111 πατέρων
2727 2057 2833 2110 μου
2872 2037 3131 2114 ἐρρύσατο
3162 2038 3322 2095 αὐτὸν
3353 2039 3460 2095 ἀπὸ
3489 2040 3694 2115 παντὸς
3727 2042 3929 2117 ὁρατοῦ

2273 2124 2365 2181 καὶ
2415 2124 2795 2200 κεκρυμμένου
2852 2128 3099 2191 θανάτουο
3154 2130 3271 2184 Ἐὰν
3306 2130 3410 2204 γὰρ
3445 2130 3523 2201 μὴ
3553 2129 3869 2206 κατισχῦστ,
3896 2134 3933 2199 ἡ

2276 2214 2502 2290 πορνεία
2545 2215 2645 2285 τὴν
2695 2210 2898 2272 ἔννοιαν
2956 2219 3092 2291 (76),
3142 2214 3268 2274 οὐδὲ
3316 2219 3344 2274 ὁ
3376 2217 3576 2293 Βελιὰρ
3606 2219 3935 2294 κατισχύσει

2282 2302 2460 2378 ὑμῶν.

2354 2393 2427 2447 E'-
2467 2414 2490 2445 ι
2545 2391 2785 2466 Πονηραί
2833 2393 2964 2449 εἰσιν
3004 2394 3059 2449 αἱ
3086 2400 3355 2471 γυναῖκες,
3385 2397 3541 2452 τέκνα
3574 2418 3707 2470 μου,
3738 2396 3828 2458 ὅτι
3863 2399 3937 2470 μὴ

2285 2480 2510 2557 ἔχουσαι
2558 2481 2793 2556 ἐξουσίαν
2844 2484 2879 2553 ἢ
2932 2481 3160 2558 δύναμιν
3193 2484 3281 2540 ἐπὶ
3311 2486 3400 2541 τὸν
3436 2484 3748 2562 ἄνθρωπον,
3783 2484 3941 2541 δολι-

2286 2569 2498 2626 εύονται
2554 2568 2604 2626 ἐν
2657 2572 2928 2646 σχήμασι,
2976 2576 3094 2635 πῶς
3142 2572 3304 2628 αὐτὸν
3344 2575 3481 2650 πρὸς
3512 2574 3676 2637 αὐτὰς
3710 2574 3941 2631 ἐπισπά-

2285 2680 2479 2715 σωνται
2506 2678 2519 2693 ·
2547 2658 2637 2714 καὶ
2663 2658 2720 2715 δν
2762 2656 2850 2716 διὰ
2879 2659 3157 2734 δυνάμεως
3189 2662 3289 2718 οὐκ
3334 2662 3584 2739 ἰσχύουσι
3631 2665 3941 2738 καταγωνὶο

2287 2759 2501 2819 σασθαι,
2545 2753 2736 2803 τοῦτον
2789 2746 2857 2804 δι’
2906 2749 3117 2820 ἀπάτης
3158 2752 3637 2827 καταγωνίζονται.
3665 2757 3787 2808 ’Ὁτι
3823 2753 3941 2806 καί·

2286 2857 2351 2911 γε
2398 2838 2523 2912 περὶ
2572 2836 2744 2891 αὐτῶν
2784 2837 2898 2893 είπὲ
2934 2860 3027 2912 μοι
3075 2840 3103 2894 ὁ
3134 2837 3362 2916 ἅγγελος
3389 2846 3487 2896 τοῦ
3519 2846 3675 2909 Θεοῦ,
3707 2842 3800 2895 καὶ
3836 2840 3943 2896 ἐδί-

2290 2923 2411 2996 δαξὲ
2465 2947 2552 2997 με,
2613 2924 2695 2981 ὅτι
2746 2928 2802 2981 αἱ
2850 2933 3097 3004 γυναῖκες
3136 2932 3399 2999 ἡττῶνται
3430 2936 3510 3002 τῷ
3540 2931 3811 3003 πνεῦματι
3845 2939 3940 2998 τῆς

2288 3013 2543 3090 πορνείας
2593 3015 2723 3090 ὑπὲρ
2771 3016 2863 3071 τὸν
2911 3018 3216 3093 ἄνθρωπον,
3264 3019 3353 3073 καὶ
3404 3018 3454 3073 ἐν
3504 3017 3703 3095 καρδίᾳ
3754 3040 3940 3094 Iug/.1.

2287 3108 2480 3158 νῶνται
2524 3104 2660 3158 κατὰ
2704 3109 2812 3159 τῶν
2860 3104 3184 3182 ἀνθρώπων,
3230 3107 3321 3162 καὶ
3370 3105 3459 3162 διὰ
3486 3116 3587 3178 τῆς
3613 3111 3941 3181 κοσμήσεως

2290 3190 2569 3269 πλανῶσιν
2615 3191 2788 3248 αὐτῶν
2834 3198 3048 3269 πρῶτον
3098 3196 3193 3258 τὰς
3254 3194 3514 3269 διανοίας,
3563 3196 3649 3252 καὶ
3710 3195 3801 3251 διὰ
3849 3202 3943 3251 τοῦ

540 3294 683 3346 tunc
712 3305 883 3362 opere
915 3266 1207 3361 captivant
1237 3302 1250 3341 :
1285 3304 1400 3343 non
1430 3287 1585 3342 enim
1618 3290 1810 3359 potest
1842 3286 2052 3343 mulier
2067 3266 2169 3342 'ho-

2302 3266 2619 3358 βλέμματος
2667 3281 2759 3337 τὸν
2807 3266 2888 3337 ἰὸν
2942 3282 3301 3355 ἐνσπείρουσι,
3357 3286 3445 3341 καὶ
3484 3266 3610 3342 τότε
3665 3291 3750 3358 τῷ
3806 3286 3939 3362 ἔργῳ

546 3379 767 3435 minem
824 3393 1049 3449 cogere.
1100 3377 1292 3448 Fugite
1346 3392 1481 3449 ergo
1536 3377 1957 3447 fornicationem
1987 3376 2029 3443 ⁸,
2080 3374 2185 3431 filii

544 3467 681 3534 mei,
712 3471 769 3522 et
798 3465 1091 3539 praecipito
1121 3464 1469 3521 mulieribus
1499 3464 1705 3520 vestris
1747 3468 1804 3521 et
1855 3464 2090 3520 filiabus
2122 3467 2189 3520 ut

544 3550 660 3611 non
688 3544 1116 3627 ornent‘capita
1137 3559 1195 3611 et
1221 3555 1383 3611 visus
1413 3570 1615 3610 earum
1644 3555 1701 3621 5;
1736 3554 2015 3626 quoniam
2061 3569 2185 3631 om-

546 3636 638 3700 nis
668 3643 877 3699 mulier
908 3644 1104 3700 dolose
1132 3660 1312 3716 agens
1344 3643 1401 3698 in
1432 3642 1545 3714 his,
1580 3643 1641 3699 in
1669 3643 2034 3715 punitionem
2080 3659 2187 3698 saa-

552 3732 667 3788 culi
698 3737 991 3789 reservata
1011 3736 1117 3788 est.
1144 3735 1230 3787 Ita
1258 3732 1411 3787 enim
1437 3733 1793 3788 seduxerunt
1814 3731 2032 3804 Vigiles
2054 3736 2188 3787 ante

545 3821 830 3877 diluvium
856 3839 869 3889 ;
903 3825 961 3877 et
986 3820 1073 3875 illi
1104 3820 1338 3878 assidue
1366 3820 1629 3877 videntes
1658 3838 1777 3889 eas,
1811 3820 2000 3876 affecti
2048 3824 2190 3876 sunt

546 3910 833 3985 desiderio
863 3911 935 3966 ad
968 3910 1235 3978 invicem,
1264 3914 1321 3965 et
1347 3914 1736 3983 conceperunt
1766 3915 1960 3966 mente
1989 3926 2189 3982 opera-

546 4003 789 4069 tionem,
838 4003 895 4055 et
940 3999 1345 4072 transfigurati
1393 4004 1533 4054 sunt
1589 3999 1648 4054 in
1708 3998 1996 4069 homines,
2030 4004 2086 4055 et
2127 3999 2187 4055 in

546 4091 701 4145 coitu
732 4089 989 4145 virorum
1023 4076 1265 4144 suorum
1298 4092 1762 4160 coapparuerunt
1799 4088 1919 4157 eis;
1972 4092 2028 4144 et
2078 4087 2187 4143 illae

492 4186 505 4192 ‘
548 4179 947 4235 desiderantes
977 4182 1171 4233 mente
1200 4177 1649 4250 imaginationes
1688 4194 1913 4249 eorum,
1947 4194 2189 4250 pepere-

548 4272 687 4325 runt
740 4266 1030 4340 gigantes.
1082 4269 1491 4339 Apparuerunt
1521 4267 1678 4323 enim
1708 4267 1791 4324 eis
1820 4266 2039 4341 Vigiles
2085 4284 2190 4324 us-

549 4372 664 4429 que
693 4357 767 4413 ad
799 4355 1009 4413 coelum
1042 4357 1411 4429 attingentes.

2293 3368 2794 3445 αἰχμαλωτίζουσιν
2821 3390 2834 3404 ⁶
2869 3370 2930 3427 οὐ
2960 3374 3061 3449 γὰρ
3095 3370 3311 3429 δύναται
3340 3376 3475 3450 γυνὴ
3512 3374 3800 3450 ἄνθρωπον
3833 3376 3947 3451 βιά-

2294 3461 2504 3516 σασθαι.
2532 3459 2769 3535 Φεόγετε
2794 3458 2883 3514 οὖν
2901 3462 3000 3530 τὴν
3024 3462 3293 3536 πορνείαν,
3324 3464 3480 3518 τέκνα
3500 3485 3626 3537 μου,
3655 3464 3751 3519 καὶ
3782 3485 3947 3538 apo:-

2292 3550 2511 3604 τάσσετε
2566 3553 2685 3611 ταῖς
2735 3548 2970 3624 γυναιξὶν
3024 3550 3199 3623 ὑμῶν,
3252 3551 3339 3605 καὶ
3405 3559 3526 3615 ταῖς
3599 3554 3943 3629 θυγατράσιν,

2290 3634 2383 3692 ’ἱνα
2439 3638 2513 3711 μή
2574 3640 2886 3711 κοσμῶνται
2932 3639 3027 3701 τὰς
3077 3638 3315 3716 κεφαλὰς
3364 3641 3452 3695 καὶ
3502 3641 3595 3703 τὰς
3647 3641 3802 3715 ἅψεις
3853 3643 3944 3697 αὖ-

2293 3747 2399 3782 των
2457 3727 2590 3801 (77),
2638 3726 2721 3781 ’ὁτι
2765 3730 2909 3782 πᾶσα
2936 3728 3097 3802 γυνὴ,
3131 3724 3491 3801 δολιευομενη
3517 3728 3567 3783 ἐν
3598 3729 3845 3797 τούτοις,
3878 3732 3947 3793 εἷς

2293 3816 2517 3871 κόλασιν
2566 3819 2663 3871 τοῦ
2711 3815 2908 3878 αἰῶνος
2954 3818 3268 3893 τετήρηται.
3315 3818 3469 3873 Οὕοω
3553 3819 3660 3894 γὰρ
3731 3818 3941 3890 ἔθελξαν

2293 3903 2421 3967 τοὺς
2472 3902 2840 3979 Έγρηγὸρους
2908 3904 3016 3979 πρὸ
3068 3908 3167 3958 τοῦ
3220 3902 3647 3978 κατακλυσμοῦ*
3706 3908 3941 3961 κάκεῖνοι

2298 3996 2539 4068 συνεχῶς
2584 3993 2816 4069 ὁρῶντες
2861 3992 3047 4062 αὐτας,
3092 3992 3339 4067 ἐγένοντο
3392 3992 3442 4047 ἐν
3482 3992 3744 4066 ἐπιθυμίᾳ
3775 3993 3947 4063 illii-

2298 4082 2431 4152 λων,
2482 4082 2573 4136 καὶ
2624 4076 2917 4137 συνέλαϐον
2965 4085 3035 4155 τῇ
3069 4078 3279 4153 διανοίᾳ
3305 4084 3404 4152 τὴν
3427 4082 3636 4156 πρᾶξιν,
3669 4084 3766 4138 καὶ
3801 4105 3946 4156 μετε-

2298 4170 2705 4247 σχηματίζοντο
2764 4170 2839 4233 εἷς
2888 4170 3222 4246 ἀνθρώπους,
3252 4170 3341 4226 καὶ
3373 4172 3423 4226 ἐν
3454 4176 3523 4245 τῇ
3554 4173 3816 4244 συνουσέᾳ
3842 4178 3944 4227 τῶν

2297 4259 2505 4335 ἀνδρῶν
2555 4258 2729 4315 αὐτῶν
2780 4260 3158 4338 συνεφαίνοντο
3208 4259 3435 4324 αὐταῖς·
3502 4259 3771 4331 κάκεῖναι,
3842 4263 3948 4317 ἐπε-

2299 4353 2563 4423 θυμοῦσαι
2592 4352 2661 4423 τῇ
2694 4346 2902 4421 διανοιᾳ
2929 4349 3026 4411 τὰς
3056 4348 3345 4428 φαντασίας
3392 4348 3591 4419 αὐτῶν,
3643 4347 3831 4406 ἔτεκον
3868 4353 3945 4427 γί-

2296 4459 2511 4514 γαντας.
2564 4437 2878 4515 Ἐφαίνοντο
2923 4437 3026 4513 γὰρ
3073 4438 3259 4501 αὐταῖς
3304 4440 3641 4515 Ἐγρήγοροι
3691 4444 3811 4515 (78)
3852 4440 3945 4501 ἕως

2295 4531 2393 4583 τοῦ
2421 4527 2649 4603 οὑρανοῦ
2680 4528 2989 4605 φθάνοντες.

613 4626 709 4681 VI.
747 4647 775 4675 «
808 4623 1109 4680 Custodite
1140 4623 1323 4697 igitur
1362 4640 1463 4680 vos
1515 4640 1549 4679 a
1599 4623 1977 4681 fornicatione
2007 4642 2020 4692 ;
2053 4628 2109 4680 et
2138 4642 2166 4681 s

2372 4617 2431 4685 ζ’.
2472 4639 2499 4671 α
2541 4618 2851 4687 Φυκάξασθε
2899 4614 2990 4671 οὖν
3043 4617 3149 4672 ἀπὸ
3193 4624 3293 4686 τῆς
3340 4616 3614 4695 πορνείας·
3663 4621 3761 4675 καὶ
3787 4621 3838 4675 εἶ
3868 4624 3940 4676 01;-

541 4713 718 4770 vultis
751 4713 988 4786 purgari
1021 4717 1234 4780 mente,
1266 4712 1553 4769 custodite
1583 4729 1794 4769 sensus
1842 4717 2066 4768 vestros
2117 4713 2189 4769 ab

543 4803 702 4859 omni
735 4803 970 4859 femina.
1006 4803 1074 4856 Et
1106 4801 1220 4856 illis
1252 4801 1426 4857 etiam
1460 4801 1754 4875 praecipito
1785 4818 1900 4858 non
1931 4818 2192 4859 commu-

544 4892 739 4948 nicare
761 4908 895 4947 cum
919 4890 1280 4961 hominibus,
1300 4895 1366 4946 ut
1385 4895 1442 4946 et
1468 4890 1608 4962 ipsa:
1628 4894 1954 4963 purgentur
1973 4894 2186 4963 mente,

614 5017 636 5052 ⁸
666 5016 708 5072 l.
740 5017 866 5073 Cor.
895 5032 972 5088 v1,
1007 5017 1095 5071 18.
1171 5016 1192 5051 ⁸
1226 5016 1266 5071 I.
1300 5014 1451 5071 Tim.
1484 5032 1547 5086 ιι,
1578 5016 1633 5086 8,
1663 5016 1717 5071 9.

758 5156 888 5233 Τότε
917 5155 1038 5233 οὖν..
1059 5155 1190 5211 Τότε
1218 5152 1322 5233 ἕως
1353 5156 1772 5233 ἐννοιῷν-ΕΒΑΒ.

617 5225 732 5302 (74)
762 5231 828 5304 ἩῨ
855 5228 1093 5304 πορνεία.
1121 5234 1179 5283 Ἡ
1208 5228 1462 5304 ἁμαρτία,
1495 5230 1529 5297 ἡ
1563 5225 1652 5281 διὰ
1679 5234 1779 5304 τῆς
1808 5228 2084 5303 πορνείας.
2103 5230 2185 5285 ID.

617 5304 765 5373 (74⁸)
788 5301 1006 5357 Τεκῐύδ
1031 5302 1263 5357 Graecus
1291 5301 1503 5356 habet:
1538 5316 1647 5373 non
1677 5302 1737 5356 in
1767 5301 2025 5373 tempore,
2058 5318 2185 5357 me-

545 5372 646 5428 rus
677 5372 1377 5445 hebraismus,:n’JN72,
1420 5376 1493 5445 ut_
1521 5372 1739 5428 E06188.
1799 5372 1895 5444 VII,
1948 5375 2013 5428 18
2049 5390 2061 5429 ε
2112 5375 2189 5429 ΝΘ

543 5447 801 5500 moriaris
834 5447 890 5500 in
911 5443 1156 5515 tempore
1187 5460 1295 5500 non
1326 5454 1436 5515 tuo.
1467 5443 1685 5515 DRAQH.

613 5518 725 5586 (75)
757 5511 997 5586 Ὀνειδος
1028 5511 1211 5569 αὐτόν.
1249 5511 1581 5586 Ὀνειδᾼισμὸν
1617 5514 1808 5585 ἑαυτῷ.
1848 5516 1925 5569 ΙΙ).

636 5583 726 5654 ’76)
755 5586 860 5653 Τὴν
894 5584 1111 5643 ἔννοίαν.
1145 5593 1252 5654 Τῆς
1285 5583 1505 5646 ἐννοίας.
1534 5588 1614 5641 ID.

754 5658 937 5729 Ὄψεις
974 5656 1169 5714 αὐτῶν.
1206 5653 1344 5729 Πρὸς
1374 5656 1581 5726 ἀπάτην
1617 5653 1856 5729 διανοίας
1890 5657 2069 5713 addit.
2101 5657 2182 5713 ID.

611 5728 726 5795 (78)
756 5727 1100 5803 Ἐγρήγοροι.
1141 5734 1213 5783 ne
1247 5727 1552 5801 Egregoris
1610 5728 1777 5801 plura
1829 5744 1897 5783 ex
1937 5729 2182 5800 Georgio

2299 4702 2419 4761 λετε
2448 4706 2760 4781 καθαρεύειν
2783 4709 2852 4779 τῇ
2893 4703 3128 4778 διανοίᾳ,
3173 4705 3478 4785 φυλάξασθε
3523 4707 3622 4770 τὰς
3667 4709 3943 4782 αἰσθήσεις

2297 4793 2403 4848 ἀπὸ
2442 4791 2619 4865 πάσης
2668 4794 2915 4866 θηλείας.
2968 4795 3245 4859 Κάκείναις
3298 4793 3345 4850 δ’
3379 4795 3680 4853 ἐντείλασθε
3715 4802 3791 4872 μή
3830 4822 3942 4855 σον-

2299 4880 2508 4953 δυάζειν
2558 4883 2888 4959 ἀνθρώποις,
2937 4881 3029 4939 ’ἱνα
3056 4883 3145 4939 καὶ
3172 4883 3328 4940 αὐταὶ
3358 4885 3701 4963 καθαρεύωσι
3836 4887 3943 4944 δια-

2298 5156 2564 5227 Syncello
2595 5154 2876 5212 describit
2904 5153 3155 5211 Grabius
3184 5152 3297 5223 hic,
3331 5154 3391 5227 in
3421 5154 3583 5227 Notis
3622 5156 3699 5213 ad
3750 5162 3899 5215 tom.
3926 5162 3945 5211 Ι

2296 5225 2550 5300 spicileg.
2587 5244 2717 5300 pag.
2752 5228 2879 5292 347,
2921 5242 3069 5300 seq.,
3122 5242 3309 5300 eoque
3325 5225 3659 5300 glf‘abricius
3705 5227 3769 5285 in
3825 5230 3943 5286 Cod.

2296 5244 2550 5300 opzczteg.
2587 5244 2717 5352 pag:
2752 5244 2879 5292 διιι,
2921 5244 3069 5352 sack,
3122 5244 3308 5297 eoque
3358 5244 3659 5283 r‘aoricius
3705 5245 3769 5285 in
3825 5244 3943 5286 Gaz.

2296 5300 2634 5383 PseudZYet.
2663 5369 2673 5379 .
2706 5302 2802 5353 est.
2836 5302 2978 5383 tom.
3046 5342 3059 5367 ,
3110 5314 3241 5383 pag.
3292 5298 3590 5383 179,83eq.
3629 5304 3725 5383 'De

2296 5373 2455 5447 geris
2484 5371 2624 5447 item
2660 5370 2719 5447 in
2753 5370 2970 5441 scripto
3013 5370 3268 5447 quodam
3316 5370 3737 5447 ψευδεπιγράφω
3767 5370 3947 5447 Hene-

2297 5440 2391 5498 éhi
2428 5440 2773 5514 patriarchae
2813 5440 3307 5514 commemoratis,
3325 5440 3637 5514 eruditam
3661 5440 3943 5502 'instituit

2297 5510 2771 5587 disquisitionem
2802 5512 2893 5567 Jo.
2925 5510 3210 5587 Henricus
3236 5512 3554 5587 _Sch_ulzius
3584 5530 3714 5587 cap.
3756 5522 3800 5584 I,
3836 5521 3937 5573 Hie

2294 5589 2477 5641 storz'ze
2506 5586 2801 5642 medicinae
2829 5601 2861 5639 a
2892 5600 3081 5639 rerum
3113 5584 3275 5639 initio
3304 5584 3377 5638 ad
3406 5602 3626 5643 annum
3654 5584 3811 5647 urbi:
3836 5589 3935 5645 Ro-

2293 5672 2403 5715 mae
2430 5657 2637 5714 DXXXV
2663 5656 2931 5727 deductae,
2966 5655 3132 5712 edita
3165 5654 3370 5726 Lipsius
3403 5656 3563 5713 1728.
