4008 6350
131 460 159 515 1
175 457 292 516 045

1325 445 1926 511 ΤΕΞΤΑΜΕΝΤΗΜ
1970 448 2364 514 SIMEONIS.

3390 450 3546 514 1046

124 585 272 657 νοίᾳ.
305 584 377 641 Αἱ
405 582 509 662 γὰρ
561 586 804 658 συνεχεῖς
849 580 1150 657 συντυχίαι,
1183 579 1278 636 κᾶν
1334 580 1407 653 μὴ
1458 579 1678 654 πραχθῇ
1726 601 1764 632 τι

1902 582 2186 639 Continua
2234 585 2388 641 enim
2423 585 2735 655 consortia,
2768 589 2825 643 et
2867 585 2915 644 si
2947 605 3060 644 non
3093 591 3328 660 peracta
3371 587 3545 642 fuerit

124 671 405 748 ἀσέϐημα,
456 673 643 736 αὐταῖς
699 674 792 746 μέν
848 671 948 727 εἶσι
1009 666 1166 733 νόσος
1241 669 1478 735 ἀνίατος,
1533 670 1657 741 ὑμῖν
1729 665 1786 722 δὲ

123 759 341 826 ὄνειδος
372 767 468 818 τοῦ
501 761 698 837 Βελιὰρ
742 761 985 816 αἰώνιον·
1039 758 1119 814 ὅτι
1153 761 1188 829 ἡ
1220 758 1443 833 πορνεία
1489 755 1612 812 οὔτε
1661 755 1783 811 σόν-

123 873 240 907 εσιν
276 849 399 908 οὔτε
431 847 698 906 εὐσέϐειαν
734 848 849 926 ἔχει
883 849 934 904 ἐν
968 851 1152 923 ἑαυτῇ,
1183 848 1272 903 καὶ
1304 853 1409 909 πᾶς
1463 852 1632 915 ζῆλος
1661 866 1784 900 κατ-

121 948 270 997 οικεῖ
314 941 365 996 ἐν
437 944 504 1016 τῇ
571 939 830 1012 ἐπιθυμίᾳ
881 938 1068 1008 αὐτῆς.
1124 937 1221 992 Διὰ
1283 941 1443 991 τοῦτο
1508 934 1782 1005 ζηλώσετε

113 1031 251 1093 τοὺς
303 1029 452 1092 υἱοὺς
496 1030 629 1084 Λευῖ
679 1031 812 1102 (79),
863 1028 952 1082 καὶ
1005 1028 1263 1098 ζητήσετε
1312 1025 1587 1100 ὑψωθῆναι
1649 1024 1781 1100 ὑπὲρ

117 1120 347 1189 αὐτοὺς,
383 1118 506 1175 ἀλλ’
537 1118 599 1174 οὗ
648 1116 956 1188 δυνήσεσθε.
988 1118 1046 1174 Ὁ
1086 1116 1187 1192 γὰρ
1238 1116 1366 1176 Θεὸς
1413 1115 1631 1184 ποιήσει
1679 1114 1779 1182 τὴν

117 1206 402 1279 ἐκδίκησιν
452 1207 649 1280 αὐτῶν,
694 1206 784 1261 καὶ
842 1205 1194 1268 ἀποθανεῖσθε
1254 1203 1464 1276 θανάτῳ
1529 1202 1779 1276 πονηρῷ.

113 1302 206 1370 Τῷ
278 1297 380 1374 γὰρ
446 1296 578 1351 Αευῒ
641 1292 812 1351 ἔδωκε
881 1292 1080 1371 Κύριος
1138 1294 1238 1364 τὴν
1308 1293 1508 1368 ἀρχὴν,
1559 1289 1648 1345 καὶ
1703 1295 1780 1362 τῷ

112 1384 325 1458 Ἰούδᾳ,
373 1391 484 1460 μετ’
532 1383 705 1440 αὐτῶν
753 1382 944 1457 κάμοὶ,
975 1381 1065 1437 καὶ
1111 1381 1235 1452 Adv,
1278 1380 1367 1436 καὶ
1415 1380 1635 1456 Ἰωσὴφ,
1682 1382 1779 1433 τοῦ

118 1475 260 1531 εἶναι
297 1475 382 1531 ἐπὶ
415 1470 702 1551 ἄρχοντας.
737 1472 833 1528 Διὰ
860 1476 1023 1527 τοῦτο
1047 1469 1376 1545 ἐντέλλομαι
1407 1469 1530 1542 ὑμῖν
1563 1465 1775 1523 ἀκούειν

112 1569 196 1636 τῷ
249 1565 402 1637 Λευῖ,
473 1561 555 1618 ὅτι
620 1562 779 1624 αὐτὸς
846 1561 1108 1638 γνώσεται
1175 1560 1340 1634 νόμον
1415 1557 1640 1633 Κυρίου,
1686 1556 1777 1611 καὶ

112 1651 395 1708 διαστελεῖ
453 1651 530 1716 εἷς
586 1650 762 1726 κρίσιν
821 1650 911 1705 καὶ
971 1649 1155 1711 θυσίας
1212 1650 1326 1724 (80)
1387 1646 1518 1722 ὑπὲρ
1576 1647 1776 1708 παντὸς

115 1740 366 1818 Ἰσραὴλ,
421 1741 586 1818 μέχρι
636 1739 972 1802 τελειώσεως
1025 1737 1238 1815 χρόνων
1285 1734 1586 1812 ἀρχιερέως
1640 1736 1774 1811 Χρι-

114 1836 274 1903 στοῦ,
307 1831 365 1886 ’ὀν
417 1831 531 1886 εἶπε
579 1830 797 1906 Κύριος.
838 1831 1016 1905 Ὀρκῶ
1066 1827 1203 1900 ὑμᾶς
1239 1826 1329 1881 τὸν
1373 1825 1499 1880 Θεὸν
1531 1828 1628 1879 τοῦ
1679 1823 1772 1879 οὐ-

115 1925 287 1997 ρανοῦ
331 1927 557 1990 ποιῆσαι
609 1919 867 1990 ἀλήθειαν
925 1913 1148 1972 ἕκαστον
1200 1917 1338 1990 πρὸς
1397 1915 1487 1970 τὸν
1533 1913 1768 1984 πλησίον
1802 1949 1848 2014 Β

111 2011 307 2079 αὐτοῦ,
338 2010 424 2066 καὶ
457 2010 593 2086 πρὸς
618 2010 709 2064 τὸν
745 2010 861 2082 (82)
893 2007 1024 2062 Λευῒ
1080 2005 1327 2080 ἐγγίσατε
1373 2001 1424 2057 ἐν
1451 2003 1770 2058 ταπεινώσει

107 2097 366 2176 καρδίας,
405 2096 498 2154 ’ίνα
545 2096 766 2169 δέξησθε
819 2094 1069 2169 εὐλογίαν
1121 2094 1182 2148 ἐκ
1223 2097 1322 2148 τοῦ
1371 2091 1639 2166 στόματος
1677 2091 1771 2146 αὖ-

109 2194 232 2244 τοῦ.
270 2188 444 2251 Αὐτὸς
487 2187 588 2264 γὰρ
639 2185 926 2262 εὑλογήσει
980 2183 1072 2239 τὸν
1103 2183 1324 2259 Ἰσραὴλ
1373 2181 1462 2236 καὶ
1500 2181 1592 2236 τὸν
1637 2179 1770 2236 Ἰού-

111 2277 230 2333 δαν·
314 2276 399 2333 ὅτι
475 2277 526 2332 ἐν
600 2274 746 2347 αὗτῷ
819 2273 1092 2345 ἐξελέξατο
1166 2271 1362 2346 Κύριος
1459 2267 1772 2346 βασιλεῦσαι

107 2365 328 2422 πάντων
379 2370 482 2421 τῶν
544 2363 711 2421 λαῖον.
761 2363 858 2418 Καὶ
915 2362 1314 2436 προσκυνήσετε
1367 2363 1447 2432 τῷ
1501 2359 1769 2434 σπέρματι

108 2456 301 2526 αὐτοῦ,
330 2454 412 2510 ὅτι
447 2455 576 2529 ὑπὲρ
628 2453 777 2526 ὑμῶν
831 2454 1174 2516 ἀποθανεῖται
1223 2449 1274 2504 έν
1316 2447 1588 2522 πολέμοις
1638 2449 1770 2525 ὁρα-

106 2552 230 2606 τοῖς
289 2545 379 2600 καὶ
452 2544 726 2620 ἀοράτοις,
798 2542 887 2596 καὶ
958 2539 1102 2596 ἔσται
1179 2537 1231 2595 ἐν
1312 2539 1437 2612 ὑμῖν
1516 2535 1768 2615 βασιλεὺς

113 2634 357 2689 αἰώνων.
386 2657 414 2686 ››

181 2725 254 2779 Ζ’.
286 2722 386 2776 Καὶ
434 2721 665 2777 ἀπέθανε
710 2715 972 2794 ’Βου6ἡμ,
1014 2717 1385 2792 ἐντειλάμενος
1433 2720 1598 2772 ταῦτα
1651 2720 1768 2780 τοῖς

202 2816 228 2827 ..
333 2810 346 2828 ,
423 2816 448 2825 ..
576 2812 588 2828 .
627 2809 651 2830 ,ι
882 2809 896 2827 ,
945 2809 959 2828 η
1260 2811 1288 2822 ..
1351 2805 1364 2824 ρ
1526 2805 1534 2823 ν

109 2811 257 2874 υἱοις
291 2829 473 2865 αυτου·
503 2832 592 2866 και
628 2822 806 2874 εθεντο
840 2829 997 2863 αυτον
1052 2807 1102 2862 έν
1157 2827 1320 2883 σορῳ,
1355 2803 1458 2869 έως
1504 2807 1593 2861 61s
1649 2807 1767 2861 ἀνε-

106 2900 393 2975 νέγκαντες
453 2899 611 2954 αὐτὸν
659 2898 710 2970 ἐξ
760 2897 1057 2974 Αἰγύπτου,
1098 2894 1294 2969 ἔθαψαν
1345 2893 1396 2949 ἐν
1438 2889 1682 2972 Χεϐρὼν,
1715 2894 1765 2949 ἐν

110 2994 190 3061 τῷ
223 2987 485 3062 σπηλαίῳ
512 2993 591 3062 τῷ
621 2985 822 3060 διπλῷ,
855 2985 992 3041 ὅπου
1023 2987 1077 3040 οἱ
1106 2985 1330 3059 πατέρες
1369 2981 1551 3038 αὐτοῦ.

676 3167 1078 3221 ΚΕΦΔΛΑΙΟΝ
1118 3164 1196 3220 Β’.

474 3255 714 3324 Διαθηκη
751 3254 1001 3328 Συμεὼν,
1032 3252 1156 3326 περὶ
1188 3250 1410 3330 φθόνου.

182 3364 268 3419 Α’.
317 3359 672 3437 Ἀντίγραφον
735 3357 918 3435 λόγων
966 3359 1218 3432 Συμεὼν,
1268 3356 1303 3411 ἃ
1352 3355 1590 3428 ἐλάλησε
1641 3362 1760 3419 τοῖς

109 3452 254 3514 υἱοῖς
311 3449 498 3523 αὐτοῦ,
548 3450 654 3524 πρὸ
699 3452 796 3504 τοῦ
859 3452 1032 3513 θανεῖν
1083 3444 1242 3502 αὐτὸν
1292 3445 1343 3501 ἐν
1394 3447 1471 3522 ρκ’
1515 3442 1618 3502 ἔτει
1657 3453 1760 3516 τῆς

108 3547 258 3611 ζωῆς
308 3537 493 3608 αὖτοῦ,
556 3537 608 3593 ἐν
667 3539 713 3610 ᾧ
785 3534 889 3592 ἔτει
964 3535 1218 3592 ἀπέθανεν
1283 3537 1505 3614 Ἰωσήφ.
1553 3533 1755 3592 ’Πλθον

103 3631 207 3706 γὰρ
305 3627 686 3701 ἐπισκέψασθαι
779 3625 937 3681 αὐτὸν
1039 3623 1435 3702 ἀρρωστοῦντα·
1505 3625 1595 3680 καὶ
1679 3624 1758 3680 έν-

111 3717 338 3794 ισχύσας
395 3715 624 3789 ἐκάθισε,
649 3716 736 3771 καὶ
794 3713 1150 3793 κατεφίλησεν
1209 3713 1424 3784 αὐτοὺς,
1476 3715 1566 3770 καὶ
1619 3715 1760 3771 εἶπεν

106 3805 318 3868 αὐτοῖς’

179 3896 260 3954 Β’,
295 3918 324 3946 ‹‹
356 3893 666 3965 Ἀκούσατε,
709 3894 884 3967 τέκνα,
933 3889 1196 3948 ἀκούσατε
1244 3893 1470 3966 Συμεὼν
1517 3890 1612 3948 τοῦ
1653 3913 1759 3948 πα-

105 3983 237 4061 τρὸς
287 3983 462 4056 ὑμῶν,
495 3981 593 4038 ὅσα
639 3981 754 4058 ἔχω
802 3979 853 4036 ἐν
895 3984 962 4054 τῇ
991 3977 1186 4055 καρδίᾳ
1219 4001 1343 4053 μου.
1378 3981 1520 4055 Ἐγὼ
1567 3980 1761 4056 ἐγενή-

107 4076 207 4144 θην
243 4071 295 4142 ἐξ
327 4066 519 4126 Ἰακὼϐ
549 4069 646 4126 τοῦ
675 4069 880 4146 πατρός
915 4090 1018 4144 μου
1062 4070 1178 4132 υἱὸς
1218 4067 1485 4146 δεύτερος,
1517 4069 1606 4124 καὶ
1658 4069 1762 4126 Δία

108 4164 142 4232 ἡ
184 4163 370 4236 μήτηρ
423 4180 527 4234 μου
576 4157 797 4214 ἐκάλεσέ
847 4179 914 4232 με
961 4161 1247 4232 Συμεῶνα,
1279 4156 1360 4213 ὅτι
1409 4155 1608 4227 ἤκουσε
1655 4157 1763 4215 Κύ-

110 4272 229 4326 ριος
272 4253 371 4318 τῆς
421 4245 660 4320 δεήσεως
710 4245 896 4317 αὐτῆς.
945 4248 1174 4309 Δυνατὸς
1223 4245 1484 4323 ἐγενόμην
1533 4245 1762 4325 σφόδρα,

111 4338 211 4394 οὐκ
264 4335 536 4394 έδειλίασα
590 4339 803 4414 πρᾶξιν,
863 4334 990 4391 οὐδὲ
1049 4329 1326 4413 ἐφοϐήθην
1399 4335 1506 4391 ἀπὸ
1562 4337 1761 4400 παντὸς

107 4428 451 4504 πράγματος.
483 4429 547 4481 Ἡ
602 4428 703 4503 γὰρ
752 4422 948 4503 καρδία
1000 4446 1103 4500 μου
1145 4425 1212 4494 ἧν
1271 4423 1504 4501 σκληρὰ,
1552 4424 1642 4479 καὶ
1695 4425 1764 4480 τὰ

109 4517 296 4586 ἥπατά
328 4536 430 4589 μου
462 4515 710 4588 ἀκίνητα,
742 4516 832 4570 καὶ
863 4514 930 4570 τὰ
968 4512 1258 4590 σπλάγχνα
1293 4534 1397 4588 μου
1444 4513 1760 4588 ἀσυμπαθῆο

109 4605 196 4661 ὅτι
244 4605 333 4660 καὶ
369 4606 404 4674 ἡ
456 4602 675 4682 ἀνδρεία
720 4595 825 4659 ἀπὸ
854 4602 1104 4678 Ὑψίστου
1138 4600 1352 4659 δέδοται
1381 4607 1500 4664 τοῖς
1552 4602 1759 4678 ἀνθρώ-

1895 671 2387 744 impietas,tamen
2420 676 2564 748 ipsis
2595 681 2734 732 sunt
2763 677 3046 750 {egritudo
3077 676 3543 742 insanabilis,vo-

1894 760 1983 816 bis
2009 778 2144 817 vero
2178 764 2551 835 opprobrium
2581 765 2766 820 Beliar
2786 766 3238 838 sempiternum;
3257 766 3537 837 quoniam

1893 849 2196 906 fornicatio
2227 868 2414 922 neque
2441 852 2805 909 intellectum
2837 871 3025 926 neque
3057 855 3327 924 pietatem
3361 855 3540 910 habet

1893 938 1952 992 in
1984 939 2196 1010 seipsa,
2219 945 2274 996 et
2304 941 2495 996 omnis
2525 942 2685 998 zelus
2716 943 2942 999 habitat
2972 944 3030 998 in
3062 944 3351 1000 desiderio
3382 944 3532 1013 ejus.

1891 1027 2133 1099 Propter
2186 1029 2296 1084 hoc
2347 1030 2684 1087 invidebitis
2740 1030 2876 1086 ﬁliis
2932 1032 3083 1101 Levi,
3144 1036 3200 1088 et
3259 1031 3532 1104 quaeretis

1891 1115 2129 1172 exaltari
2183 1135 2361 1191 super
2390 1135 2509 1188 eos,
2542 1121 2644 1176 sed
2696 1137 2812 1176 non
2856 1121 3135 1193 poteritis.
3169 1123 3323 1177 Deus
3373 1121 3530 1177 enim

1891 1205 2061 1262 faciet
2106 1205 2423 1264 vindictam
2455 1225 2680 1280 eorum,
2712 1213 2770 1264 et
2809 1209 3137 1266 moriemini
3188 1214 3372 1265 morte
3404 1227 3531 1282 per-

1889 1295 2133 1352 niciosa.
2165 1295 2301 1352 Levi
2349 1296 2504 1352 enim
2536 1298 2696 1353 dedit
2725 1297 3008 1354 Dominus
3051 1298 3443 1371 principatum
3475 1305 3534 1356 et

1886 1381 2212 1448 Judaa,cum
2243 1383 2336 1439 his
2366 1387 2423 1440 et
2452 1383 2596 1439 mihi
2620 1387 2676 1439 et
2697 1384 2820 1440 Dan
2850 1388 2908 1440 et
2931 1385 3242 1458 Joseph,ut
3268 1402 3532 1442 essemus

1886 1470 2201 1544 principes.
2247 1472 2488 1545 Propter
2532 1472 2642 1528 hoc
2671 1473 2888 1528 mando
2934 1473 3098 1529 vobis
3141 1474 3343 1530 audire
3375 1475 3528 1546 Levi,

1886 1561 2160 1632 quoniam
2192 1561 2317 1633 ipse
2357 1565 2559 1617 noscet
2588 1561 2778 1633 legem
2809 1561 3057 1628 Domini,
3091 1567 3150 1618 et
3197 1563 3411 1618 dividet
3430 1564 3530 1632 ju-

1885 1649 2038 1705 dicia
2066 1649 2176 1722 (81)
2207 1655 2266 1706 et
2312 1650 2598 1707 sacriﬁcia
2628 1667 2732 1722 pro
2780 1651 2938 1706 omni
2988 1649 3186 1721 Israel,
3219 1667 3404 1723 usque
3456 1652 3526 1706 ad

1883 1737 2452 1796 consummationem
2481 1744 2810 1812 temporum
2843 1739 3125 1811 principis
3156 1740 3525 1796 sacerdotum

1882 1827 2300 1900 Christi,quem
2331 1828 2476 1884 dixit
2505 1828 2807 1884 Dominus.
2827 1828 3045 1898 Adjuro
3076 1845 3178 1885 vos
3208 1845 3310 1900 per
3339 1835 3523 1885 Deum

1881 1916 2030 1983 coeli,
2065 1922 2130 1972 ut
2171 1918 2399 1973 faciatis
2448 1917 2755 1975 veritatem
2808 1917 3218 1989 unusquisque
3261 1919 3524 1990 proximo

1883 2010 2074 2074 suo,et
2099 2007 2170 2061 ad
2202 2006 2332 2062 Levi
2359 2005 2827 2078 appropinquate
2850 2006 2909 2061 in
2941 2006 3283 2062 humilitate
3313 2009 3525 2076 cordis,

1883 2099 1948 2150 ut
1977 2095 2272 2167 recipiatis
2296 2095 2760 2152 benedictionem
2777 2112 2846 2151 ex
2874 2111 2972 2150 ore
3001 2095 3346 2168 ipsius.lpse
3371 2097 3528 2152 enim

1882 2183 2183 2241 henedicet
2228 2184 2426 2241 Israeli
2474 2189 2531 2240 et
2575 2184 2791 2253 Judaz;
2847 2184 3125 2257 quoniam
3173 2201 3306 2239 cum
3356 2185 3529 2257 elegit

1881 2274 2036 2330 Deus
2085 2289 2278 2346 regem
2312 2274 2425 2345 (83)
2456 2290 2632 2346 super
2679 2289 2879 2329 omnes
2909 2272 3178 2345 populos.
3213 2273 3282 2327 Et
3319 2275 3527 2328 adora-

1881 2363 2020 2419 bitis
2053 2379 2250 2419 semen
2285 2363 2471 2436 ipsius
2502 2363 2636 2434 (84),
2670 2362 2946 2435 quoniam
2979 2379 3082 2434 pro
3111 2362 3275 2418 vobis
3317 2362 3525 2417 morie-

1879 2455 1978 2509 tur
2006 2453 2062 2507 in
2097 2451 2266 2508 bellis
2308 2450 2640 2507 visibilibus
2672 2455 2729 2507 et
2773 2450 3190 2520 invisibilibus,
3222 2455 3279 2506 et
3325 2451 3435 2506 erit
3465 2452 3524 2506 in

1880 2541 2041 2598 vobis
2071 2558 2170 2598 rex
2200 2540 2570 2598 saeculorum.
2604 2562 2634 2591 »

1948 2720 2071 2778 VII.
2120 2722 2192 2776 Et
2237 2724 2503 2777 mortuus
2553 2723 2642 2777 est
2687 2719 2915 2788 Ruben,
2972 2735 3106 2775 cum
3154 2719 3524 2792 pracepisset

1878 2811 2001 2867 haec
2032 2809 2168 2868 {iliis
2197 2810 2322 2866 suis
2346 2827 2359 2878 ;
2393 2814 2451 2865 et
2479 2812 2803 2882 posuerunt
2832 2825 2965 2864 eum
2997 2807 3057 2863 in
3085 2809 3275 2877 theca,
3306 2825 3521 2880 usque-

1879 2916 1994 2972 quo
2052 2899 2365 2955 referentes
2423 2914 2558 2954 eum
2616 2914 2685 2953 ex
2739 2897 3002 2971 Egypto,
3052 2897 3409 2969 sepelierunt
3459 2897 3518 2952 in

1883 2988 2108 3044 Hebron
2137 2987 2199 3043 in
2251 2985 2534 3060 spelunca
2563 2985 2805 3060 duplici,
2839 2985 2939 3042 ubi
2977 2990 3172 3058 patres
3199 2987 3328 3058 ejus
3358 2987 3520 3059 (dor-

1877 3076 2174 3148 mierunt).
2526 3082 2530 3086 '

2526 3165 2758 3222 CAPUT
2798 3165 2868 3222 II.

2163 3257 2559 3313 Testamentum
2588 3255 2878 3323 Simeom's,
2908 3253 2973 3310 de
2999 3253 3232 3310 invidia.

1949 3365 1993 3420 Ι.
2025 3363 2464 3435 Transcriptum
2497 3361 2806 3419 verborum
2837 3360 3097 3430 Simeon,
3129 3377 3254 3432 quae
3286 3360 3516 3418 locutus

1869 3456 1956 3509 est
2008 3451 2146 3508 ﬁliis
2207 3451 2352 3520 suis,
2414 3453 2730 3522 antequam
2789 3453 3114 3507 moreretur
3193 3450 3514 3507 centesimo

1867 3540 2142 3598 vicesimo
2174 3555 2325 3596 anno
2355 3539 2487 3596 vitea
2540 3555 2690 3610 suae,
2719 3539 2779 3594 in
2811 3555 2926 3611 quo
2979 3542 3246 3596 mortuus
3276 3544 3365 3596 est
3407 3541 3513 3597 Jo-

1867 3629 2034 3704 seph.
2063 3629 2362 3686 Venerunt
2397 3627 2553 3685 enim
2579 3627 2815 3685 visitare
2843 3627 3039 3701 ipsum
3086 3633 3459 3701 aegrotantem
3493 3645 3508 3687 :

1868 3723 1926 3776 et
1957 3719 2164 3776 enixus
2191 3717 2346 3774 sedit
2373 3717 2432 3773 in
2461 3717 2694 3786 lecto,et
2721 3716 3020 3774 osculatus
3036 3721 3126 3774 est
3153 3723 3336 3791 eos,et
3365 3719 3510 3775 dixit

1865 3809 1953 3866 eis
1983 3825 1996 3864 :

1940 3897 2008 3954 II.
2042 3919 2070 3947 ι(
2103 3895 2337 3962 Audite,
2388 3894 2515 3963 ﬁlii,
2549 3895 2748 3951 audite
2774 3894 3101 3952 Simeonem
3147 3899 3369 3968 patrem
3415 3912 3510 3952 ve-

1871 3990 2078 4054 strum,
2113 3999 2479 4057 quaecunque
2511 3984 2698 4041 habeo
2730 3985 2788 4040 in
2819 3985 2992 4040 corde
3025 4001 3170 4040 meo.
3204 3985 3319 4057 Ego
3350 3985 3510 4057 geni-

1868 4082 1968 4132 tus
2001 4091 2133 4131 sum
2180 4091 2248 4130 ex
2274 4074 2455 4130 Jacob
2507 4078 2668 4145 patre
2711 4089 2840 4128 meo
2890 4072 3047 4128 filius
3095 4075 3426 4141 secundus;
3459 4079 3516 4130 et

1869 4165 1967 4221 Lia
1997 4167 2183 4220 mater
2210 4179 2341 4218 mea
2366 4163 2588 4217 vocavit
2619 4178 2712 4217 me
2736 4162 3083 4233 Simeonem,
3102 4161 3380 4233 quoniam
3413 4177 3512 4218 au-

1871 4253 2016 4310 divit
2065 4253 2346 4309 Dominus
2379 4252 2700 4307 orationem
2754 4249 2959 4322 ipsius.
3013 4250 3224 4306 Potens
3273 4250 3514 4308 eﬂectus

1871 4359 2004 4398 sum
2035 4339 2240 4410 valde;
2274 4356 2390 4396 non
2421 4338 2728 4395 formidavi
2769 4338 3188 4411 operationem,
3221 4356 3411 4412 neque
3440 4340 3514 4396 ti-

1872 4431 1994 4486 mui
2027 4430 2098 4486 ab
2129 4428 2289 4485 omni
2319 4444 2400 4484 re.
2435 4431 2542 4483 Cor
2587 4428 2743 4483 enim
2777 4443 2968 4484 meum
3017 4431 3142 4484 erat
3191 4429 3428 4500 durum,
3460 4432 3518 4484 et

1871 4519 2086 4591 hepata
2113 4535 2241 4574 mea
2271 4516 2618 4585 immobilia,
2641 4521 2699 4572 et
2724 4517 2944 4572 viscera
2975 4533 3103 4574 mea
3134 4535 3248 4573 non
3281 4534 3516 4590 compa-

1871 4608 2076 4664 tientia
2099 4625 2114 4676 ;
2137 4606 2411 4678 quoniam
2432 4610 2488 4661 et
2516 4606 2794 4662 tortitudo
2821 4606 2893 4661 ab
2911 4605 3212 4662 Altissimo
3235 4606 3517 4662 daturho-

108 4715 238 4756 ποις
269 4693 321 4749 έν
354 4696 558 4770 ψυχαῖς
588 4692 680 4748 καὶ
713 4691 765 4748 ἐν
799 4694 1033 4766 σώμασι.
1068 4691 1166 4746 Καὶ
1215 4692 1265 4748 ἐν
1297 4691 1377 4764 τῷ
1431 4697 1605 4765 καιρῷ
1652 4689 1764 4746 νεό-

1885 4698 2135 4754 minibus
2166 4696 2227 4752 in
2259 4693 2569 4750 animabus
2601 4698 2658 4751 et
2688 4693 3050 4767 corporibus.
3074 4696 3141 4750 Et
3170 4695 3230 4750 in
3260 4699 3518 4766 tempore

109 4805 277 4854 τητος
311 4781 565 4854 ἐζήλωσα
596 4782 688 4838 τὸν
733 4783 955 4860 Ἰωσὴφ,
988 4780 1070 4836 ὅτι
1103 4782 1285 4857 ἠγάπα
1333 4780 1489 4837 αὐτὸν
1523 4781 1550 4836 6
1582 4781 1760 4856 πατὴρ

111 4876 298 4946 ἡμῶν
346 4871 435 4927 καὶ
489 4871 744 4948 ἐστήρισα
794 4869 875 4925 ἐπ’
925 4869 1083 4925 αὐτὸν
1132 4871 1198 4924 τὰ
1265 4868 1446 4939 ἥπατά
1505 4891 1608 4943 μου
1664 4874 1761 4924 τοῦ

113 4961 326 5018 ἀνελεῖν
359 4959 540 5033 αὐτὸν,
561 4959 642 5015 ὅτι
683 4960 711 5014 6
742 4957 928 5036 ἄρχων
960 4961 1057 5029 τῆς
1094 4957 1330 5032 πλάνης,
1354 4958 1677 5021 ἀποστείλας
1698 4958 1761 5014 τὸ

112 5056 329 5126 πνεῦμα
356 5054 454 5106 τοῦ
487 5049 679 5122 ζήλου,
713 5045 992 5129 ἐτύφλωσέ
1034 5068 1138 5122 μου
1166 5048 1256 5103 τὸν
1288 5052 1431 5118 νοῦν,
1470 5049 1544 5122 μὴ
1595 5069 1761 5125 προσ-

114 5141 260 5217 έχειν
294 5140 441 5214 αὐτῷ
467 5139 542 5202 ὡς
580 5135 821 5216 ἀδελφῷ,
852 5137 942 5193 καὶ
991 5138 1067 5212 μὴ
1115 5135 1394 5216 φείσασθαι
1425 5131 1618 5192 Ἰακὼϐ
1665 5140 1763 5192 τοῦ

111 5229 318 5307 πατρός
354 5250 477 5303 μου.
511 5226 670 5284 Ἀλλ’
702 5229 731 5282 6
763 5227 894 5290 Θεὸς
941 5226 1128 5297 αὐτοῦ,
1159 5226 1248 5281 καὶ
1280 5226 1308 5281 6
1339 5227 1467 5289 Θεὸς
1514 5231 1620 5282 τῶν
1665 5247 1764 5281 11a-

109 5322 280 5398 τέρων
330 5317 516 5388 αὐτοῦ,
559 5313 886 5379 ἀποστείλας
930 5315 1023 5371 τὸν
1075 5312 1309 5392 ἄγγελον
1356 5313 1542 5387 αὐτοῦ,
1602 5316 1760 5372 αὐτὸν

184 5501 298 5574 (79)
347 5497 664 5574 Ζηλώσετε-
693 5496 819 5574 τοὺς
878 5494 1030 5574 uici);
1088 5495 1425 5574 Aminiam.
1484 5497 1766 5574 Respicit

120 5568 200 5629 ad'
222 5568 600 5629 rebellionem
630 5569 874 5642 Dathan,
908 5568 1124 5642 Abiron
1153 5573 1210 5624 et
1256 5572 1404 5636 Hon,
1441 5568 1763 5642 atque—pm-

117 5661 256 5701 nam
284 5644 359 5699 iis
387 5642 686 5714 inﬂictam,
720 5641 788 5714 de
820 5657 936 5714 qua
963 5641 1137 5697 Num.
1167 5657 1281 5713 XVI,
1315 5657 1479 5714 seqq.
1511 5641 1692 5698 GRAB.

189 5716 306 5788 (80)
335 5712 546 5788 Θυσίας.
581 5711 949 5788 Θυμιάσειίξῐρ.

196 5783 310 5860 (81)
339 5787 556 5844 Dividet
571 5785 820 5859 judicia.
857 5783 1160 5842 Discernet
1186 5783 1247 5841 in
1269 5783 1584 5857 judicium.
1609 5784 1693 5843 ID.

1864 4786 2193 4860 juventutis
2223 4783 2404 4840 invidi
2430 4782 2954 4855 Joseph,quoniam
2974 4783 3177 4839 dilexit
3203 4800 3334 4840 eum
3353 4787 3520 4855 pater

1872 4879 2108 4942 noster;
2142 4877 2200 4929 et
2229 4871 2454 4928 ﬁrmavi
2486 4888 2664 4944 super
2694 4887 2828 4928 eum
2861 4871 3074 4944 hepata
3105 4889 3235 4929 mea
3263 4873 3335 4929 ad
3367 4873 3516 4928 occi-

1871 4963 2128 5020 dendum
2177 4977 2331 5030 eum,
2364 4961 2640 5033 quoniam
2689 4960 2962 5034 princeps
2993 4961 3226 5033 erroris,
3279 4961 3516 5018 mittens

1871 5051 2144 5124 spiritum
2171 5049 2300 5119 zeli,
2332 5048 2638 5106 excmcavit
2669 5051 2923 5105 mentem
2955 5063 3166 5118 meam,
3194 5054 3260 5105 ut
3290 5066 3404 5105 non
3437 5054 3517 5105 at-

1873 5141 2170 5197 tenderem
2201 5140 2251 5197 ei
2284 5138 2440 5196 sicut
2470 5137 2657 5209 fratri,
2685 5153 2792 5194 nec
2822 5153 3120 5210 parcerem
3150 5139 3331 5194 Jacob
3364 5138 3517 5210 patri

1873 5245 2023 5286 meo.
2073 5229 2181 5287 Sed
2231 5229 2385 5286 Deus
2433 5227 2561 5299 ejus
2607 5230 2665 5284 et
2717 5231 2870 5284 Deus
2917 5230 3151 5299 patrum
3201 5227 3349 5298 ejus,
3385 5229 3515 5284 mit-

1871 5321 2004 5375 tens
2062 5317 2336 5391 angelum
2395 5331 2605 5386 suum,
2666 5314 2818 5371 eruit
2891 5331 3025 5372 eum
3095 5331 3164 5373 cx
3241 5317 3516 5375 manibus

2104 5491 2202 5572 Καὶ
2250 5495 2385 5572 πρὸ-ς
2433 5491 2548 5550 τόν.
2599 5492 2700 5547 Καὶ
2749 5490 2960 5570 ἀγάπην
3005 5488 3226 5550 ἕκαστον
3258 5495 3394 5572 πρὸς
3425 5497 3516 5552 τὸν

1873 5563 2103 5621 ἀδελφὸν
2132 5563 2313 5620 αὐτοῦ’.
2351 5568 2430 5621 ID.

1946 5639 2057 5711 (83)
2089 5639 2264 5715 Elegit
2292 5655 2414 5694 eum
2441 5639 2580 5694 Deus
2610 5653 2809 5710 regem.
2834 5639 2897 5694 In
2927 5656 2994 5697 eo
3023 5640 3198 5715 elegit
3227 5640 3509 5701 Dominus

1875 5727 1935 5768 re
1977 5727 2138 5767 nare.
2170 5711 2253 5763 In.

1938 5727 2057 5856 ῗ84)
2091 5782 2283 5839 Semen
2313 5782 2506 5854 ipsius.
2536 5781 2755 5854 Ipsum.
2789 5784 2871 5838 In.
