4008 6350
453 352 608 418 1047

1446 354 1985 417 TESTAMENTA
2031 350 2141 413 Xll
2186 349 2896 418 PATlilARCllARUM.

3723 353 3753 411 1
3764 350 3859 413 043

452 487 619 543 meis.
679 484 753 542 Ut
809 484 965 541 enim
1024 501 1130 557 ego
1190 483 1368 541 ieram
1429 486 1489 542 in
1555 485 1831 542 Sichimis
1889 484 2136 548 afferre,

2249 482 2399 534 ιτῶν
2453 486 2655 557 χειρῶν
2706 504 2810 555 μου
2860 481 3257 560 ἐρῥύσατο.Ὠς
3310 481 3412 560 γὰρ
3462 478 3575 560 ἐγὼ
3644 479 3860 557 ἐπορεξ-

452 579 820 648 unguentum
870 575 1169 648 gregibus,
1219 580 1278 631 et
1318 575 1519 631 Ruben
1572 575 1629 630 in
1681 575 1949 631 Dothaim
2000 572 2099 628 ubi

456 666 623 720 erant
649 663 978 718 necessaria
1026 664 1197 719 nobis
1228 667 1286 719 et
1316 664 1507 719 omnis
1534 678 1739 735 penus,
1770 662 1956 718 Judas
1986 661 2101 716 fra-

457 756 551 808 ter
580 767 746 806 meus
776 752 1037 807 vendidit
1066 768 1199 807 eum
1232 751 1565 807 Ismaelitis.
1600 752 1665 807 Et
1711 751 1949 806 veniens
1979 750 2101 804 Ru-

460 841 574 897 ben
604 841 868 896 trislatus
899 846 1025 909 est;
1057 840 1239 897 voluit
1266 841 1421 896 enim
1455 840 1649 913 ipsum
1681 839 1907 895 salvum
1940 838 2107 893 redu-

462 946 591 987 cere
621 931 691 985 ad
726 934 970 1002 patrem.
1005 930 1119 1002 Ego
1150 947 1282 1000 vero
1312 930 1501 985 iratus
1532 945 1689 984 eram
1742 928 1929 995 Judae,
1961 943 2104 997 quo-

463 1019 623 1075 niam
653 1019 937 1075 viventem
969 1018 1162 1092 ipsum
1197 1018 1427 1074 dimisit
1449 1022 1535 1086 ;et
1565 1016 1648 1072 fui
1679 1033 1909 1072 menses
1940 1015 2107 1087 quin-

463 1126 577 1181 que
608 1109 792 1164 iratus
824 1109 874 1163 ei
900 1126 913 1176 ;
949 1108 1251 1179 impedivit
1282 1112 1479 1162 autem
1514 1122 1607 1162 me
1638 1106 1884 1176 Deus,et
1913 1103 2109 1176 probi-

462 1198 591 1255 buit
622 1215 655 1253 a
686 1213 777 1253 me
808 1198 1203 1269 operationem
1236 1212 1543 1262 manuum,
1578 1194 1853 1266 quoniam
1900 1209 2111 1248 manus

464 1302 597 1344 mea
624 1287 825 1341 dextra
856 1285 1162 1341 semisicca
1193 1289 1318 1341 erat
1359 1302 1461 1357 per
1490 1284 1615 1339 dies
1648 1287 1892 1355 septem.
1926 1286 1992 1336 Et
2019 1298 2111 1335 co-

466 1374 793 1447 gnovi,ﬁlii,
827 1374 983 1445 quod
1015 1378 1252 1445 pr0pter
1278 1372 1492 1443 Josepb
1526 1371 1635 1427 hoc
1670 1370 1813 1425 mihi
1863 1370 2112 1437 accidit;

469 1468 526 1519 et
555 1463 842 1534 paenitens
873 1462 1023 1529 ﬂevi,
1056 1466 1114 1517 et
1145 1461 1301 1518 oravi
1332 1461 1646 1518 Dominum
1682 1463 1743 1515 ut
1785 1459 2118 1515 restitueret

472 1567 715 1607 manum
748 1566 937 1607 meam
950 1555 1025 1619 ,et
1039 1550 1391 1607 abstinerem
1406 1550 1477 1605 ab
1492 1548 1651 1606 omni
1669 1548 2117 1619 inquinamento

476 1644 533 1697 et
561 1640 799 1707 invidia,
832 1644 890 1695 et
936 1640 1008 1696 ab
1042 1639 1201 1695 omni
1256 1637 1610 1711 insipientia.
1658 1635 1914 1711 Cognovi
1962 1635 2119 1690 enim

479 1728 634 1801 quod
666 1727 1053 1800 perniciosam
1085 1744 1207 1783 rem
1239 1726 1623 1800 cogitaveram
1650 1742 1844 1781 coram
1880 1722 2122 1779 Domino

2207 569 2305 637 θην
2337 567 2387 624 ἐν
2425 571 2716 643 Σικήμοις,
2752 571 2965 646 ἐνέγκαι
2996 570 3245 647 ἄλειμμα
3284 578 3401 635 τοῖς
3432 573 3761 644 ποιμνίοις,
3794 576 3862 626 κεῖ

2208 652 2457 731 Ῥουϐὴμ
2507 658 2583 721 εἷς
2615 661 2842 733 Δοθαῒμ,
2878 660 3015 717 ὅπου
3071 663 3138 716 τὰ
3192 661 3531 738 ἐγχρῄζοντα
3582 665 3763 734 ἡμῖν,
3797 665 3867 716 καῖ

2210 753 2353 801 πᾶσα
2395 750 2430 817 ἡ
2489 748 2761 822 ἀπόθεσις,
2816 748 3019 813 Ἰούδας
3066 752 3095 806 6
3144 749 3375 828 ἀδελφός
3424 773 3533 823 μου
3583 751 3865 820 ἐπώληπδ

2212 833 2371 889 αὐτὸν
2414 840 2531 898 τοῖς
2582 836 2958 910 Ισμαηλίταις.
2992 838 3089 892 Καὶ
3137 836 3309 902 ἐλθὼν
3359 834 3618 913 Ῥουϐἠμ
3676 838 3872 909 ilum“-

2216 926 2305 994 θη·
2364 921 2531 992 ἤθελε
2585 926 2687 1003 γὰρ
2744 924 2902 981 αὐτόν
2965 924 3225 981 διασῶσαι
3280 928 3416 1002 πρὸς
3470 928 3569 981 τὸν
3655 929 3874 1001 πατέρι,

2214 1012 2353 1088 Ἐγὼ
2404 1010 2461 1067 δὲ
2508 1012 2783 1089 ὠργίσθην
2830 1013 2911 1087 τῷ
2942 1012 3137 1087 Ἰούδᾳ,
3166 1012 3247 1070 ὅτι
3301 1020 3475 1085 ζῶντα
3527 1015 3702 1070 αὐτὸν
3763 1017 3879 1071 ἀπέ-

2218 1099 2367 1156 λυσε·
2417 1103 2505 1157 καὶ
2554 1102 2783 1174 ἐποίησα
2845 1110 3019 1178 μῆνας
3076 1106 3233 1159 πέντε
3291 1104 3663 1181 ὀργιζόμενος
3726 1106 3879 1177 αύτῷ·

2217 1190 2370 1265 καίγε
2426 1188 2732 1246 συνεπόδισέ
2793 1213 2859 1265 με
2924 1194 2951 1247 6
2984 1194 3132 1260 Θεὸς,
3163 1193 3252 1247 καὶ
3310 1192 3585 1247 ἐκώλυσεν
3626 1194 3729 1247 ἀπ’
3762 1193 3884 1264 ἐμοῦ

2222 1276 2406 1354 δρᾶσιν
2440 1285 2664 1355 χειρῶν·
2694 1281 2774 1335 ὅτι
2808 1282 2842 1351 ἦ
2874 1282 2995 1358 χείρ
3052 1303 3155 1355 μου
3208 1284 3243 1351 ἡ
3290 1278 3435 1352 δεξιά
3479 1282 3779 1357 ἡμίξηρος
3830 1284 3884 1350 ἦν

2224 1366 2311 1423 ἐπὶ
2372 1367 2582 1444 ἡμέρας
2710 1370 2807 1423 Καὶ
2865 1369 3058 1446 ἔγνων,
3112 1369 3292 1439 τέκνα,
3350 1371 3435 1425 ὅτι
3495 1370 3624 1443 περέ
3694 1373 3885 1443 Ἰωσὴε

2223 1457 2384 1513 τοῦτό
2447 1478 2542 1531 μοι
2612 1453 2830 1529 συνέϐη·
2888 1458 2977 1513 καὶ
3066 1462 3398 1532 μετανοήσας
3467 1457 3746 1529 ἔκλαυσα,
3811 1460 3886 1513 καῖ

2226 1546 2476 1619 ηὐξάμην
2536 1545 2741 1622 Κυρίῳ,
2768 1544 2860 1602 ’ίνα
2914 1547 3333 1623 ἀποκαταστήσῃ
3382 1550 3483 1616 τήν
3537 1551 3716 1624 χεῖρά
3770 1571 3888 1622 μου,

2226 1635 2317 1690 καὶ
2347 1635 2680 1712 ἀπόσχωμαι
2713 1635 2817 1691 ἀπὸ
2849 1637 3046 1699 παντὸς
3084 1636 3394 1711 μολυσμοῦ,
3426 1636 3519 1692 καὶ
3553 1637 3793 1715 φθόνου,
3809 1638 3889 1691 κιῖ

2228 1723 2336 1780 ἀπὸ
2398 1723 2575 1795 πάσης
2656 1723 2987 1804 ἀφροσύνης.
3038 1728 3250 1803 Ἔγνων
3306 1726 3436 1803 γὰρ,
3493 1726 3583 1781 δτι
3646 1729 3891 1801 πονηρὸν

480 1821 537 1874 et
565 1817 742 1874 Jacob
768 1821 931 1889 patre
962 1832 1111 1887 meo,
1144 1819 1346 1873 contra
1372 1815 1589 1889 Josepb
1620 1815 1860 1871 fratrem
1900 1828 2121 1881 meum,

2249 1819 2458 1890 πρᾶγμα
2508 1813 2844 1888 ἐνεθυμήθην
2891 1813 3121 1871 ἐνώπιον
3171 1814 3390 1892 Κυρίου,
3425 1817 3516 1871 καὶ
3553 1811 3764 1871 Ἰακὼϐ
3806 1821 3895 1870 τοῦ

481 1906 751 1963 invidens
779 1906 853 1962 ei.

555 2086 652 2142 III.
688 2108 716 2136 ‹‹
747 2086 818 2141 Et
865 2102 1041 2151 nunc,
1093 2082 1223 2154 ﬁlii,
1270 2083 1557 2140 custodite
1601 2099 1702 2139 vos
1732 2100 1766 2139 a
1817 2080 2126 2155 spiritibus

481 2174 695 2231 erroris
725 2178 782 2231 et
814 2173 1068 2229 invidiae.
1097 2172 1326 2229 Etenim
1352 2172 1576 2229 invidia
1603 2172 1947 2229 dominatur
1965 2169 2127 2227 omni

481 2262 880 2336 intelligentiae
926 2262 1207 2331 hominis,
1237 2266 1295 2319 et
1342 2278 1458 2317 non
1490 2260 1711 2334 patitur
1738 2277 1873 2318 eum
1902 2259 1993 2316 vel
2032 2276 2129 2316 co-

484 2354 735 2421 medere,
770 2351 855 2407 vel
904 2350 1123 2423 bibere,
1162 2351 1249 2406 vel
1299 2351 1487 2407 facere
1543 2348 1766 2423 aliquid
1814 2350 1991 2419 boni;
2027 2348 2129 2405 sed

486 2458 719 2515 semper
764 2440 1025 2514 suggerit
1070 2440 1331 2496 occidere
1376 2456 1533 2507 eum,
1575 2438 1668 2495 cui
1717 2438 2043 2508 invidetur;
2076 2441 2133 2494 et

486 2530 813 2588 invidiosus
843 2545 1076 2601 semper
1105 2529 1290 2601 ﬂoret,
1323 2528 1593 2586 invidens
1639 2544 1773 2584 vero
1805 2526 2129 2584 marcescit.

490 2624 602 2676 Per
637 2620 786 2675 duos
815 2635 1001 2674 annos
1047 2618 1276 2674 dierum
1308 2617 1367 2673 in
1416 2617 1625 2673 timore
1661 2616 1885 2673 Domini
1935 2615 2135 2689 punivi

495 2708 753 2765 animam
786 2723 978 2763 meam
1001 2707 1228 2779 jejunio
1253 2710 1339 2775 ;et
1367 2707 1607 2779 cognovi
1634 2707 1788 2778 quod
1820 2705 2032 2762 solutio
2055 2705 2138 2760 in-

495 2797 661 2852 vidiae
691 2812 795 2868 per
824 2795 1092 2851 timorem
1124 2795 1230 2850 Dei
1269 2795 1538 2850 efficitur.
1571 2796 1625 2850 Si
1655 2794 1787 2867 quis
1819 2796 1890 2851 ad
1940 2794 2135 2851 Domi-

501 2902 644 2941 num
678 2884 944 2958 refugiat,
963 2884 1192 2957 aufugit
1219 2884 1583 2956 perniciosus
1613 2884 1857 2957 spiritus
1888 2884 1959 2940 ab
1989 2884 2138 2956 ipso,

494 2978 552 3031 et
582 2975 834 3032 efficitur
850 2990 1018 3029 mens
1036 2973 1416 3043 levis;etiam
1463 2972 2141 3045 compatiturinvidioso,

494 3068 555 3121 et
584 3081 698 3121 non
730 3062 1104 3137 reprehendit
1134 3061 1441 3136 diligentes
1471 3061 1761 3137 ipsum,et
1786 3062 1868 3119 ita
1896 3062 2145 3135 quiescit

494 3155 566 3212 ab
599 3154 838 3211 invidia.

563 3332 654 3390 IV.
692 3354 712 3381 ι
746 3332 816 3387 Et
844 3330 1242 3403 interrogabat
1271 3332 1438 3404 pater
1465 3331 1538 3386 de
1568 3330 1967 3403 me,quoniam
1995 3330 2142 3387 vidit

491 3438 586 3479 me
615 3421 931 3489 tristem,et
958 3419 1226 3476 dicebam
1259 3436 1309 3475 :«
1343 3420 1565 3493 Hepata
1596 3436 1725 3478 mea
1754 3419 1975 3478 doleo»
2012 3420 2140 3477 Tri-

491 3511 693 3568 stabar
708 3509 864 3565 enim
896 3526 1083 3582 supra
1111 3509 1627 3583 omnes,quoniam
1646 3526 1751 3584 ego
1781 3527 1938 3566 eram
1964 3526 2144 3567 causa

496 3597 851 3655 venditionis
904 3597 1141 3670 Josepb.
1197 3599 1268 3654 Et
1322 3600 1559 3671 quando
1614 3600 2027 3655 descendimus
2081 3598 2142 3655 in

494 3689 888 3759 Egyptum,et
919 3686 1119 3759 ligavit
1143 3703 1237 3743 me
1257 3686 1418 3744 velut
1437 3688 2142 3761 exploratorem,cognovi

498 3776 653 3850 quod
677 3775 837 3846 juste
876 3775 1165 3849 patiebar,
1196 3780 1253 3831 et
1284 3793 1399 3833 non
1448 3793 1579 3832 sum
1611 3777 2011 3833 contristatus.
2041 3777 2145 3833 Jo-

500 3865 642 3940 seph
670 3879 803 3919 vero
834 3868 957 3919 erat
986 3864 1075 3919 vir
1116 3864 1340 3933 bonus;
1374 3869 1431 3920 et
1459 3865 1682 3921 habens
1712 3865 1993 3939 Spiritum
2044 3864 2146 3921 Dei

500 3955 561 4011 in
612 3953 825 4027 seipso,
861 3953 1196 4009 misericors
1230 3957 1287 4009 et
1336 3953 1614 4022 clemens,
1642 3971 1757 4009 non
1810 3956 2148 4012 recordatus

503 4048 592 4101 est
622 4043 808 4100 facere
857 4043 1078 4099 malum
1131 4043 1296 4111 mihi,
1320 4044 1421 4098 sed
1454 4047 1510 4098 et
1539 4042 1743 4099 dilexit
1770 4060 1863 4100 me
1889 4048 1954 4100 ut
2004 4043 2149 4101 alios

506 4134 734 4189 fratres.
768 4133 1065 4189 Custodite
1097 4133 1276 4206 igitur
1302 4132 1541 4197 vos,filii
1577 4133 1710 4202 mei,
1736 4134 1807 4189 ab
1838 4133 1997 4189 omni
2028 4133 2149 4190 zelo

504 4226 563 4278 et
592 4221 831 4289 invidia,
861 4225 920 4277 et
949 4222 1246 4277 ambulate
1277 4222 1334 4277 in
1368 4221 1743 4293 simplicitate
1769 4221 1974 4278 anima:
2007 4232 2060 4278 el
2092 4223 2151 4279 in

506 4310 658 4365 bono
690 4310 883 4377 corde,
914 4309 1235 4383 cogitantes
1268 4311 1505 4366 fratrem
1536 4310 1720 4383 patris
1750 4311 2030 4379 vestri,ut
2058 4312 2155 4367 det

506 4402 564 4455 et
592 4398 757 4453 vobis
788 4403 941 4453 Deus
970 4400 1302 4470 gratiam,et
1329 4398 1659 4471 gloriam,et
1690 4400 2152 4456 benedictionem

506 4502 686 4559 super
712 4486 904 4559 capita
932 4491 1144 4555 vestra,
1176 4488 1327 4543 sicut
1357 4488 1565 4545 videtis
1596 4488 1657 4544 in
1686 4488 1833 4560 ipso.
1867 4488 2154 4545 Omnibus

2234 1901 2437 1978 πατρός
2486 1923 2612 1977 μου,
2646 1900 2735 1959 διὰ
2785 1904 2989 1982 Ἰωσὴφ
3030 1904 3121 1959 τὸν
3172 1901 3404 1982 ἀδεΑφόν
3452 1925 3583 1979 μου,
3619 1907 3897 1983 φθονήσας

2236 1990 2402 2064 αὐτῷ.

2307 2081 2380 2140 Ι“’.
2417 2104 2445 2134 ι(
2475 2078 2575 2136 Xa?
2620 2086 2735 2155 νῦν,
2776 2081 2956 2153 τέκνα,
2999 2080 3299 2160 φυλάξασθε
3346 2083 3452 2137 ἀπὸ
3500 2087 3614 2138 τῶν
3667 2086 3905 2156 maugi-

2234 2191 2342 2227 των
2394 2177 2495 2241 τῆς
2550 2169 2764 2241 πλάνης
2810 2171 2900 2226 καὶ
2946 2175 3043 2225 τοῦ
3090 2170 3307 2249 φθόνου.
3344 2172 3442 2226 Καὶ
3488 2172 3594 2247 γὰρ
3646 2172 3679 2226 6
3712 2175 3904 2251 φθόνος

2236 2259 2473 2337 κυριεύει
2520 2257 2703 2331 πάσης
2742 2266 2845 2331 τῆς
2895 2256 3134 2323 διανοίας
3178 2264 3274 2316 τοῦ
3324 2260 3643 2336 ἀνθρώπου,
3682 2262 3785 2317 καὶ
3817 2262 3908 2316 οὐκ

2239 2348 2457 2429 ἀφίησιν
2490 2348 2648 2404 αὐτὸν
2710 2345 2832 2404 οὔτε
2886 2354 3093 2427 φαγεῖν,
3124 2346 3246 2405 οὕτε
3300 2356 3467 2423 πιεῖν,
3498 2346 3630 2404 οὔτε
3672 2351 3907 2419 ποιῆσαέ

2238 2459 2293 2494 τι
2326 2436 2546 2514 ἀγαθόν·
2579 2436 2727 2492 ἀλλὰ
2756 2436 2983 2493 πάντοτε
3016 2434 3316 2494 ὑποϐάλλει
3370 2436 3580 2493 ἀνελεῖν
3628 2439 3735 2493 τὸν
3782 2443 3906 2517 3:80-

2240 2526 2523 2601 νούμενον’
2557 2526 2647 2582 καὶ
2679 2526 2707 2581 6
2742 2527 2836 2601 μὲν
2877 2526 3241 2605 φθονούμενος
3287 2528 3517 2583 πάντοτε
3569 2527 3751 2596 ἀνθεῖ,
3788 2530 3819 2582 6

2245 2617 2453 2695 φθονῶν
2491 2615 2825 2693 μαραίνεται.
2858 2614 2963 2671 Δύο
2995 2612 3087 2687 ἔτη
3114 2618 3338 2691 ἡμερῶν
3379 2616 3430 2671 ἐν
3482 2612 3643 2693 φόϐῳ
3702 2616 3913 2691 Κυρίου

2246 2704 2492 2762 ἐκάκωσα
2516 2706 2615 2775 τήν
2649 2706 2834 2780 ψυχήν
2867 2727 2972 2779 μου
3023 2704 3074 2759 ἐν
3122 2705 3361 2777 νηστείᾳ³
3392 2705 3482 2760 καὶ
3524 2701 3706 2781 ἔγνων
3766 2708 3852 2760 ὅτι
3884 2709 3913 2771 ἦ

2249 2792 2406 2857 λύσις
2457 2799 2552 2849 τοῦ
2607 2793 2807 2873 φθόνου
2856 2791 2946 2849 διὰ
2989 2789 3162 2873 φόϐου
3211 2799 3344 2849 Θεοῦ
3394 2792 3625 2869 γίνεται.
3665 2796 3805 2851 Ἐάν
3836 2818 3915 2853 τες

2250 2882 2337 2940 ἐπὶ
2387 2881 2580 2958 Κύριον
2625 2882 2953 2960 καταφεύγῃ,
2999 2882 3289 2959 ἀποτρέχει
3328 2884 3391 2938 τὸ
3446 2884 3701 2959 πονηρὸν
3760 2890 3916 2938 πνεῦ-

2254 2993 2329 3048 μα
2385 2972 2475 3026 ἀπ’
2527 2971 2713 3039 αὐτοῦ,
2769 2971 2860 3026 καὶ
2920 2971 3121 3049 γίνεται
3180 2976 3215 3042 ἡ
3274 2970 3483 3027 διάνοια
3548 2972 3769 3049 κούφη
3834 2975 3917 3025 xz':

2252 3060 2445 3119 λοιπὸν
2503 3064 2777 3136 συμπαθεῖ
2825 3065 2905 3134 τῷ
2963 3062 3336 3140 φθονουμένῳ,
3364 3061 3452 3115 καὶ
3511 3061 3575 3116 ού
3607 3064 3919 3137 καταγινὼσ

2255 3172 2369 3207 σκει
2418 3154 2526 3207 τῶν
2577 3149 2912 3227 ἀγαπώντων
2948 3153 3059 3225 (85)
3090 3150 3271 3223 αὐτὸν,
3303 3151 3392 3206 καὶ
3445 3149 3625 3213 οὕτως
3686 3152 3916 3206 παύεταί

2166 3220 2211 3290 C
2246 3244 2344 3296 τοῦ
2375 3238 2595 3319 φθόνου.

2321 3330 2393 3387 Δ’.
2429 3354 2456 3381 ι(
2485 3328 2585 3384 Καὶ
2613 3331 2678 3399 ἦν
2709 3326 2923 3405 ἐρωτῶν
2956 3329 2984 3384 6
3016 3330 3194 3404 πατὴρ
3247 3328 3368 3403 περὶ
3428 3328 3588 3402 ἐμοῦ,
3621 3328 3714 3383 ὅτι
3775 3330 3917 3403 ἑώρα

2253 3440 2320 3494 με
2352 3418 2692 3496 σκυθρωπὸν,
2722 3418 2811 3473 καὶ
2842 3414 3045 3495 ἔλεγον·
3080 3443 3109 3470 ‹‹
3141 3420 3215 3472 Τὰ
3244 3417 3424 3488 ἥπατά
3485 3440 3592 3490 μου
3633 3424 3917 3491 κακοῦμαι

2251 3508 2377 3586 ἐγώ.
2412 3533 2441 3560 »
2473 3508 2760 3563 Ἐπὲνθουν
2784 3508 2889 3584 γὰρ
2919 3507 3064 3575 παρὰ
3093 3508 3316 3575 πάντας,
3349 3506 3433 3561 ὅτι
3466 3505 3578 3581 ἐγὼ
3618 3505 3787 3580 ἤμην
3834 3509 3914 3561 αἶ·

2248 3618 2365 3661 τιος
2413 3600 2512 3667 τῆς
2573 3598 2822 3673 πράσεως
2874 3597 3093 3674 Ἰωσήφ.
3162 3596 3262 3651 Καὶ
3322 3595 3411 3651 ὅτε
3472 3591 3799 3670 κατέϐημεν
3842 3596 3917 3657 εἷς

2254 3684 2547 3764 Δί’γυπτον,
2588 3686 2679 3742 καὶ
2722 3683 2883 3756 ἕδησὲ
2936 3707 3003 3759 με
3049 3685 3123 3747 ὡς
3182 3684 3539 3757 κατάσκοπον,
3594 3682 3777 3761 ἔγνων
3838 3686 3913 3740 6-:

2254 3772 2476 3839 δικαίως
2529 3774 2750 3850 πάσχω,
2799 3774 2889 3830 καὶ
2938 3773 3037 3829 οῦκ
3099 3773 3437 3846 ἐλυπούμην.
3490 3776 3699 3852 Ἰωσὴφ
3755 3774 3813 3831 δὲ
3851 3777 3911 3842 ἦ».

2253 3864 2390 3941 ἀνὴρ
2433 3864 2651 3941 ἀγαθὸς,
2698 3863 2787 3919 καὶ
2835 3861 2978 3939 ἔχων
3028 3868 3242 3936 πνεῦμα
3307 3867 3440 3918 Θεοῦ
3506 3862 3557 3916 ἐν
3605 3863 3785 3936 αὐτῷ,
3840 3863 3917 3919 εἰ-

2257 3952 2569 4029 σπλαγχνος
2620 3951 2709 4007 καὶ
2741 3949 3020 4026 ἐλεήμων,
3052 3951 3153 4007 οὐκ
3183 3952 3589 4025 ἐμνησικάκησε
3619 3975 3744 4025 μοι,
3783 3953 3919 4009 alii

2255 4041 2346 4098 καὶ
2376 4040 2629 4117 ἠγάπησὲ
2662 4061 2749 4114 με,
2778 4040 2851 4103 ὡς
2884 4038 3009 4101 τοὺς
3040 4038 3245 4101 ἄλλους
3280 4036 3567 4116 ἀδελφούς.
3605 4039 3919 4110 Φυλάξαεθε

2260 4129 2376 4200 οὖν,
2418 4131 2573 4185 τέκνα
2625 4149 2751 4203 μου,
2783 4127 2889 4183 ἀπὸ
2936 4127 3134 4190 παντὸς
3191 4126 3362 4198 ζήλου
3411 4126 3502 4182 καῖ
3549 4128 3789 4206 φθόνου,
3835 4130 3919 4183 xx‘;

2259 4217 2552 4294 πορεύεσθε
2583 4217 2633 4272 ἐν
2669 4214 2937 4285 ἁπλότητι
2986 4219 3191 4292 ψυχῆς,
3224 4213 3314 4269 καί
3364 4214 3415 4269 ἐν
3468 4217 3645 4291 ἀγαθῇ
3703 4216 3920 4291 καρξὲᾳ,

2262 4308 2569 4369 ἐννοοῦντες
2608 4306 2699 4361 τὸν
2750 4302 3126 4382 πατράδελφον
3180 4304 3331 4376 ὑμῶν
3361 4306 3495 4379 (86),
3522 4303 3617 4359 ἵνα
3665 4304 3791 4381 δώῃ
3838 4307 3924 4361 καὶ

2266 4399 2390 4472 ὑμῖν
2421 4398 2448 4451 ὁ
2480 4397 2610 4458 Θεὸς
2660 4392 2845 4470 χάριν,
2890 4392 2981 4448 καὶ
3032 4391 3211 4466 δόξαν,
3244 4393 3333 4447 καὶ
3379 4392 3631 4467 εὐλογίαν
3679 4393 3776 4449 ἐπῖ
3834 4398 3925 4454 τὶς

2264 4484 2504 4564 κεφαλὰς
2534 4484 2708 4558 ὑμῶν,
2738 4483 2916 4545 καθὼς
2948 4478 3115 4537 εἷ’δετε
3144 4480 3195 4537 ἐν
3229 4480 3396 4553 αὐτῷ.
3429 4481 3608 4544 Πάσας
3655 4485 3761 4545 τὰς
3794 4486 3924 4556 ήμὲι

507 4577 715 4632 diebus
749 4593 862 4630 non
892 4576 1262 4649 exprobravit
1294 4593 1399 4631 nos
1430 4578 1501 4633 de
1532 4577 1702 4633 verbo
1734 4577 1973 4649 boc,sed
2007 4578 2136 4633 dile-

2260 4596 2356 4651 ρας
2388 4573 2488 4629 οὐκ
2517 4571 2792 4628 ὠνείδισεν
2822 4572 2970 4645 ἡμᾶς
2994 4569 3120 4648 περὶ
3150 4574 3246 4625 τοῦ
3295 4569 3464 4645 λόγου
3516 4571 3746 4645 τούτου,
3782 4573 3923 4629 ἀλλὲ

506 4665 593 4721 xit
625 4682 730 4720 nos
761 4669 826 4719 ut
856 4666 1111 4720 animam
1147 4670 1403 4732 suam,et
1428 4683 1607 4738 supra
1636 4665 1786 4722 ﬁlios
1816 4683 1955 4723 suos
1986 4666 2156 4739 glori-

516 4755 709 4809 ficavit
735 4771 841 4809 nos
870 4772 883 4821 ;
916 4759 973 4810 et
1003 4754 1254 4821 divitias,
1288 4758 1344 4809 et
1364 4771 1591 4827 pecora,
1622 4759 1680 4811 et
1711 4756 1935 4811 fructus
1965 4756 2154 4811 omni-

516 4844 629 4900 bus
659 4844 827 4899 nobis
858 4842 1102 4916 largitus
1133 4849 1239 4898 est.
1262 4844 1332 4897 Et
1361 4861 1461 4899 vos
1490 4844 1758 4916 ergo,filii
1791 4844 1904 4898 mei
1936 4844 2154 4910 dilecti,

517 4931 739 5004 diligite
771 4933 1177 5004 unusquisque
1210 4932 1443 4988 fratrem
1475 4949 1648 4988 suum
1681 4932 1741 4988 in
1774 4932 1924 4989 bono
1964 4935 2155 5005 corde,

518 5025 575 5077 et
604 5028 865 5077 amovete
897 5040 929 5077 a
954 5022 1116 5077 vobis
1147 5021 1420 5093 spiritum
1454 5021 1705 5090 invidias,
1740 5022 2017 5094 quoniam
2048 5022 2159 5080 iste

519 5114 804 5184 agrestem
857 5112 992 5166 facit
1035 5110 1312 5177 animum,
1347 5116 1403 5165 et
1450 5110 1775 5183 corrumpit
1820 5128 2049 5183 corpus,
2097 5112 2158 5168 in

518 5199 664 5255 iram
696 5206 752 5255 et
802 5199 1020 5255 bellum
1054 5199 1222 5254 vertit
1252 5198 1589 5266 consilium,
1621 5203 1678 5255 et
1708 5199 1768 5255 in
1813 5200 2158 5273 sanguinem

520 5289 751 5360 (caedes)
800 5289 1050 5355 exacuit,
1082 5293 1138 5343 et
1186 5290 1241 5342 in
1274 5287 1532 5343 exstasin
1583 5288 1746 5343 ducit
1791 5294 2072 5361 mentem,
2104 5293 2162 5345 et

518 5395 631 5432 non
666 5377 805 5433 sinit
835 5375 1191 5433 intellectum
1224 5376 1284 5431 in
1317 5375 1654 5431 hominibus
1685 5377 1911 5448 operari
1937 5378 2071 5446 ;sed
2102 5382 2162 5434 et

590 5537 701 5611 (85)
734 5535 831 5588 Καὶ
862 5533 1373 5611 ,οὐᾳκαταγινώσκει
1439 5538 1546 5588 τῶν
1615 5534 1972 5609 ἀγαπώντων.
2021 5542 2159 5611 Συγ-

516 5605 768 5681 γινῴσκει
794 5610 911 5666 τοῖς
944 5605 1240 5681 ἀγαπῶσιν..
1274 5607 1455 5663 GRAB.

590 5678 703 5747 (86)
751 5674 1092 5739 Ἐννοοῦντες
1177 5677 1268 5730 τὸν
1337 5674 1714 5754 πατράδελφον
1781 5676 1953 5749 ὑμῶν.
2031 5679 2159 5736 Ηιεο

2271 4663 2561 4740 ἠγάπησεν
2597 4664 2747 4735 ἡμᾶς
2778 4660 2851 4722 ὡς
2910 4660 3010 4729 τὴν
3048 4661 3232 4736 ψυχὴν
3288 4659 3476 4729 αὐτοῦ,
3508 4658 3597 4714 καὶ
3634 4660 3774 4739 ὑπὲρ
3809 4664 3925 4721 τοὶς

2264 4752 2416 4814 υἱοὺς
2459 4751 2622 4806 αὐτοῦ
2672 4747 2914 4820 ἐδόξασεν
2959 4750 3130 4820 ἡμᾶς,
3161 4748 3250 4803 καὶ
3300 4745 3678 4821 πλοῦτονικαὶ
3726 4754 3919 4821 κτήνη,

2264 4842 2353 4898 καὶ
2409 4838 2651 4917 καρποὺς
2709 4838 3002 4914 ἐχαρίσατο
3052 4843 3211 4892 πᾶσιν
3265 4840 3423 4909 ἡμῖν.
3457 4838 3557 4891 Καὶ
3589 4838 3753 4911 ὑμεῖς
3814 4839 3920 4901 οὖν,

2264 4930 2423 4987 τέκνα
2455 4950 2560 5003 μου
2606 4926 2878 5006 ἀγαπητὰ,
2913 4927 3230 5003 ἀγαπήσατε
3270 4923 3493 4988 ἕκαστος
3538 4927 3632 4981 τὸν
3684 4926 3921 5007 ἀδελφὸν

2267 5019 2432 5075 αὐτοῦ
2487 5016 2538 5073 ἐν
2596 5016 2774 5094 ἀγαθῇ
2821 5014 3038 5091 καρδίᾳ,
3094 5015 3183 5072 καὶ
3239 5015 3580 5087 ἀποστήσατε
3628 5016 3720 5095 ἀφ’
3776 5020 3921 5092 ὑμῶν

2266 5109 2329 5165 τὸ
2356 5111 2571 5181 πνεῦμα
2604 5110 2702 5162 τοῦ
2740 5105 2957 5184 φθόνου,
2991 5103 3075 5160 ὅτι
3124 5105 3310 5181 ἀγριοῖ
3351 5109 3513 5160 τοῦτο
3558 5108 3660 5176 τήν
3712 5109 3925 5183 ψυχὴ,

2270 5196 2357 5254 καὶ
2389 5196 2591 5276 φθείρει
2619 5194 2683 5251 τὸ
2726 5199 2905 5269 σῶμα,
2938 5194 3107 5272 ὀργὴν
3157 5194 3247 5249 καὶ
3292 5191 3539 5268 πόλεμον
3584 5196 3821 5272 παρέχει
3866 5198 3926 5251 τὸ

2272 5280 2585 5342 διαὸούλιον
2621 5286 2754 5358 (87),
2788 5282 2878 5338 καί
2936 5283 3011 5345 εἷς
3067 5282 3269 5355 α’ίματα
3324 5283 3641 5357 παροξύνει,
3696 5286 3792 5339 καὶ
3851 5284 3922 5345 ε“ς

2271 5372 2511 5430 ἔκστασιν
2563 5371 2683 5449 ἄγει
2732 5372 2833 5441 τήν
2897 5368 3159 5438 διάνοιαν,
3190 5370 3279 5425 καὶ
3337 5370 3436 5425 οῦκ
3493 5370 3554 5443 ἐᾷ
3581 5374 3684 5442 την
3714 5375 3917 5429 σύνεσιν

2270 5535 2489 5593 omissa
2519 5537 2658 5589 sunt
2687 5534 2743 5587 in
2779 5549 2888 5589 ms.
2924 5533 3051 5589 cod.
3084 5532 3266 5588 Oxon.
3298 5533 3377 5587 In.

2340 5607 2452 5679 (87)
2481 5604 2552 5659 Τὸ
2584 5598 2920 5659 διαϐούλιον.
2950 5607 3038 5675 Τῷ
3068 5599 3388 5675 διαοουλίῳ.
3424 5604 3507 5660 ID.
