4008 6350
207 426 367 491 1053

1486 429 2083 494 TESTAMENTUM
2129 427 2335 491 LEVI.

3451 422 3615 487 1054

205 560 295 615 καὶ
345 558 433 615 ἐπὶ
482 556 725 635 πύργους
772 560 807 632 ἡ
860 558 1058 634 άνομία
1094 560 1358 631 κάθηται·
1408 560 1497 615 καὶ
1530 559 1848 633 ἐλυπούμην

1985 561 2155 634 [nitas
2185 560 2338 617 sedit
2362 563 2445 630 ;et
2473 560 2741 617 tristatus
2771 575 2905 616 sum
2936 559 3008 614 de
3037 572 3249 630 genere
3277 554 3611 629 hominum,

206 649 331 723 περὶ
380 654 476 704 105
523 648 706 725 γένους
754 654 861 705 τῶν
894 650 1216 725 ἀνθρώπων,
1247 650 1336 704 καὶ
1371 650 1611 723 εὐξάμην
1650 648 1854 725 Κυρίῳ,

209 737 361 800 ὅπως
418 740 597 794 σωθῶ.
641 739 770 793 Τότε
818 738 1066 793 ἐπέπεσεν
1118 738 1199 794 ἐπ’
1243 736 1339 810 ἒμὶ
1370 738 1552 808 ὕπνος,
1585 738 1673 793 καὶ
1706 738 1854 793 ἐθεα-

214 827 393 899 σάμην
449 826 574 901 ὅρος
621 826 829 899 ὑψηλόν
861 847 872 859 ’
932 832 1092 882 10510
1134 827 1260 902 ὅρος
1293 824 1548 889 Ἀσπίδος
1582 828 1633 882 ἐν
1668 822 1859 883 Ἀϐελ-

218 914 400 988 μαούλ
601 916 704 972 Καὶ
762 913 880 970 ἰδοὺ
912 916 1262 991 ἀνεῴχθησαν
1292 917 1342 970 οἱ
1376 915 1616 987 οὐρανοὶ,
1646 915 1734 970 καὶ
1768 914 1862 990 ἄγ-

213 1005 380 1080 γελος
431 1004 628 1077 Κυρίου
678 1004 793 1060 εἶπε
840 1005 974 1081 πρός
1004 1025 1104 1077 με·
1158 1029 1186 1057 ‹‹
1236 1002 1386 1073 Λευΐ,
1430 1002 1662 1069 ε’ίσελθε.
1708 1029 1728 1055 ι
1764 1004 1863 1058 Καὶ

216 1092 473 1162 εἰσῆλθον
526 1092 585 1147 ἐκ
630 1098 727 1148 105
775 1094 994 1169 πρώτου
1042 1092 1271 1169 ούρανοῦ
1320 1093 1394 1155 εἷς
1439 1093 1532 1148 τὸν
1597 1090 1863 1168 δεύτερον,

215 1183 307 1238 καὶ
369 1180 509 1237 εἶδον
571 1182 680 1237 ἐκεῖ
737 1180 882 1259 ὕδωρ
939 1183 1278 1259 κρεμάμενον
1336 1182 1437 1238 ἀνὰ
1480 1183 1643 1255 μέσον
1672 1180 1868 1236 τούτου

218 1270 485 1326 κάκείνου.
538 1271 635 1326 Καὶ
686 1268 824 1326 εἶδον
880 1273 957 1344 (4)
1008 1270 1188 1347 τρίτον
1235 1270 1460 1347 οὐρανὸν
1496 1269 1641 1327 πολὺ
1672 1290 1869 1349 φωτει-

217 1360 434 1435 νότερον
485 1360 631 1435 παρᾶ
670 1359 797 1422 τοὺς
848 1358 982 1416 δύο·
1032 1360 1121 1415 καὶ
1171 1360 1273 1437 γὰρ
1322 1359 1455 1433 ὅψος
1494 1360 1560 1430 ἡν
1612 1358 1663 1416 ἐν
1725 1357 1873 1431 αύτῷ

222 1450 468 1524 ἄπειρον.
505 1448 601 1503 Καὶ
633 1448 891 1522 εἶποντῷ
921 1448 1157 1524 ἀγγέλῳ·
1226 1471 1255 1503 ιι
1283 1448 1438 1519 Διατί
1470 1447 1678 1515 οὓτως;
1718 1472 1737 1499 ι
1774 1448 1872 1503 Καὶ

225 1538 375 1593 εἶπεν
405 1538 432 1592 6
484 1537 713 1613 ἅγγελος
765 1537 901 1613 πρός
935 1559 1021 1610 με’
1065 1561 1094 1590 ι(
1124 1538 1213 1607 Μὴ
1248 1536 1490 1611 θαύμαζε
1522 1535 1609 1592 ἐπὶ
1635 1535 1873 1609 τούτοις,

222 1624 433 1687 ἄλλους
490 1627 593 1702 γὰρ
638 1626 894 1701 τέσσαρας
924 1626 1183 1700 οὐρανοὺς
1212 1622 1331 1699 ὄψει
1364 1623 1755 1704 φαιδροτέρους
1786 1626 1875 1680 καὶ

221 1713 605 1789 ἀσυγκρίτους,
655 1712 779 1769 ὅταν
835 1712 1059 1788 ἀνέλθῃς
1122 1714 1266 1769 ἐκεῖ·
1330 1714 1413 1769 ὅτι
1472 1713 1533 1768 σὺ
1583 1712 1745 1789 ἐγγὺς
1780 1719 1878 1767 Κυ-

222 1803 349 1878 ρίου
396 1806 586 1877 στήσῃ,
640 1803 727 1858 καὶ
775 1801 1092 1878 λειτουργὸς
1142 1802 1306 1858 αύτοῦ
1332 1801 1447 1877 ἔσῃ,
1481 1803 1570 1859 καὶ
1606 1805 1881 1878 μυστήρια

224 1891 395 1947 αὐτοῦ
444 1890 748 1967 ἐξαγγελεῖς
794 1897 914 1954 τοῖς
969 1892 1294 1967 ἀνθρώποις,
1344 1891 1431 1963 καὶ
1464 1892 1586 1965 περὶ
1614 1896 1711 1947 105
1746 1890 1877 1965 μέλ-
1909 1936 1957 2002 Β

224 1980 248 2002 Ἴ
374 2000 382 2002 Α
473 1981 492 2002 Ἴ
586 2001 593 2002 κ
641 1985 667 1994 ’⁵
708 1983 734 2002 Δ
886 1980 900 1999 ‘
987 1984 1024 2002 οι
1072 2000 1108 2002 si
1143 1978 1192 2002 \\
1323 2000 1332 2002 Α
1357 1980 1401 2002 Ι)
1492 2000 1500 2002 ξ
1609 1981 1621 1996 ⁸
1668 1978 1692 2002 δ
1730 1981 1741 1996 ⁵
1794 1984 1873 2002 μίαν

223 1980 425 2041 λοντος
471 1981 793 2055 λυτροῦσθαι
846 1980 939 2036 τὸν
987 1978 1203 2054 Ἰσραὴλ
1234 1980 1501 2056 κηρύξεις·
1535 1981 1624 2037 καὶ
1665 1978 1753 2043 διά
1782 1984 1878 2035 σοῦ

227 2070 325 2124 καὶ
356 2066 533 2126 Ἰούδα
563 2069 849 2146 ὀρθήσεται
884 2070 1084 2145 Κύριος
1116 2069 1167 2131 ἐν
1217 2070 1543 2145 ἀνθρώποις,
1594 2070 1780 2139 σώζων
1826 2068 1879 2125 ἐν

226 2158 417 2220 αὐτοῖς
446 2165 550 2214 πᾶν
579 2163 734 2234 γένος
764 2160 1088 2233 ἀνθρώπων
1120 2158 1210 2217 καὶ
1270 2157 1329 2221 ἐκ
1364 2156 1582 2234 μερίδος
1613 2157 1809 2234 Κυρίου
1839 2160 1875 2229 ἡ

229 2249 348 2319 ζωή
383 2269 499 2318 σου,
533 2248 621 2303 καὶ
654 2247 814 2311 αὐτὸς
845 2247 989 2304 ἔσται
1022 2270 1117 2305 σου
1140 2248 1322 2325 ἀγρὸς,
1346 2246 1632 2325 ἀμπελὼν,
1653 2248 1876 2325 καρποὶ⁹

225 2336 455 2411 χρυσίον
484 2338 573 2391 καὶ
595 2335 877 2412 ἀργύριον⁸

302 2427 372 2480 Γ“.
434 2450 462 2478 ‹‹
521 2427 784 2480 ’Ἄκουσον
846 2423 937 2481 οὖν
995 2426 1120 2500 περὶ
1176 2430 1281 2480 τῶν
1340 2425 1475 2482 ἑπτὰ
1523 2424 1877 2503 ούρανῶν.’0

219 2516 529 2581 κατώτερος
574 2512 663 2569 διὰ
706 2518 867 2569 τοῦτο
908 2513 1255 2590 στυγνότερός
1288 2514 1453 2589 ἐστιν,
1487 2512 1674 2583 ἐπειδὴ
1716 2513 1873 2578 οὗτος

218 2603 372 2677 παρὰ
448 2605 620 2666 πάσας
684 2600 893 2665 ἀδικίας
958 2603 1278 2679 ἀνθρώπων.
1349 2608 1407 2659 '0
1456 2602 1702 2680 δεύτερος
1754 2600 1871 2680 ἔχει

217 2695 353 2766 πῦρ,
412 2692 596 2767 χιόνα,
648 2690 1010 2765 κρύσταλλον,
1061 2689 1257 2765 ἕτοιμα
1288 2692 1363 2755 εἷς
1396 2692 1605 2769 ἡμέραν
1638 2694 1875 2769 προστά-

218 2800 430 2855 γματος
493 2780 712 2850 Κυρίου,
759 2779 810 2835 ἐν
863 2784 931 2854 τῇ
966 2777 1329 2856 δικαιοκρισίᾳ
1355 2785 1454 2836 105
1488 2786 1622 2847 Θεοῦ
1649 2800 1662 2814 °
1698 2780 1749 2837 ἐν
1784 2781 1885 2847 αύον

219 2867 307 2940 τῷ
355 2869 457 2923 εἰσι
505 2870 673 2924 πάντα
719 2870 786 2925 τά
833 2869 1112 2943 πνεύματα
1162 2873 1237 2944 (5)
1285 2875 1389 2925 τῶν
1442 2869 1735 2946 ἐπαγωγῶν
1797 2870 1873 2928 εἷς

221 2956 500 3028 ἐκδίκησιν
549 2963 656 3013 τῶν
712 2958 951 3032 ἀνόμων.
1004 2961 1087 3013 Ἐν
1136 2963 1215 3031 τῷ
1261 2959 1430 3035 τρίτῳ
1463 2960 1595 3015 εἰσὶν
1628 2960 1681 3015 αἶ
1714 2957 1883 3025 δυνάςν

231 3069 356 3121 μεις
401 3052 509 3101 τῶν
559 3043 948 3123 παρεμϐολῶν,
1001 3050 1284 3124 ταχθεῖσαι
1307 3050 1385 3122 (6)
1416 3049 1493 3111 εἷς
1518 3050 1727 3123 ἡμέραν
1754 3047 1875 3123 κρί-

225 3157 386 3208 σεως,
446 3144 670 3206 ποιῆσαι
724 3135 998 3205 ἐκδίκησιν
1050 3136 1100 3193 ἐν
1148 3142 1264 3201 τοῖς
1308 3137 1578 3211 πνεύμασι
1607 3145 1707 3208 τῆς
1736 3136 1875 3195 πλά-

220 3247 325 3296 νης
357 3226 445 3281 καὶ
474 3231 572 3281 105
604 3225 823 3302 Βελιάρ.
858 3227 920 3281 Οἱ
953 3224 1008 3282 δὲ
1040 3226 1115 3290 εἷς
1154 3226 1405 3303 τέταρτον
1440 3226 1618 3283 ἐπάνω
1664 3228 1885 3291 τούτων

1966 655 2022 707 et
2050 650 2208 706 oravi
2238 651 2552 707 Dominum
2586 654 2650 706 ut
2677 648 2951 705 salvarer.
2983 648 3147 703 Tunc
3176 645 3386 703 cecidit
3432 662 3610 717 super

1969 756 2062 796 me
2074 738 2840 810 somnus,etcontemplatus
2867 753 3001 794 sum
3018 740 3278 791 montem
3291 733 3605 791 excelsum:

1968 829 2066 899 hic
2094 834 2184 884 est
2216 845 2386 885 mons
2427 828 2658 900 Aspidis
2686 827 2747 882 in
2792 825 3121 882 Abelmaul.
3155 826 3227 881 Et
3257 840 3388 881 ecce
3436 822 3621 895 aperti

1971 922 2113 973 sunt
2142 916 2292 984 coeli,
2324 921 2382 973 et
2411 916 2654 989 angelus
2686 916 2787 971 Dei
2818 914 2967 970 dixit
2995 914 3180 970 mihi:
3214 935 3243 964 «
3277 913 3622 985 Levi,ingre-

1973 1006 2166 1063 dere.»
2195 1007 2266 1061 Et
2296 1005 2663 1077 ingrediebar
2694 1005 2765 1060 de
2795 1004 2983 1076 primo
3012 1002 3154 1059 coelo
3186 1002 3243 1058 in
3271 1002 3621 1073 secundum,

1975 1099 2036 1152 et
2062 1094 2178 1151 vidi
2225 1094 2345 1150 illic
2372 1110 2585 1166 aquam
2635 1109 2985 1165 suspensam
3015 1092 3075 1147 in
3119 1092 3311 1148 medio
3355 1092 3537 1163 hujus
3568 1097 3627 1148 et

1977 1183 2159 1240 illius.
2179 1184 2251 1238 Et
2276 1182 2393 1239 vidi
2426 1182 2667 1237 tertium
2697 1180 2908 1237 cmlum
2941 1181 3128 1236 multo
3157 1178 3414 1235 lucidius
3444 1195 3625 1250 quam

1980 1272 2128 1328 duos
2153 1289 2167 1341 ;
2198 1271 2415 1328 etenim
2446 1270 2695 1327 altitudo
2726 1274 2853 1326 erat
2881 1269 2941 1325 in
2974 1269 3100 1341 ipso
3150 1268 3400 1324 inﬁnita.
3432 1268 3503 1325 Et
3531 1268 3625 1323 di-

1982 1362 2184 1418 cebam
2216 1359 2421 1433 angelo
2454 1376 2468 1417 :
2508 1378 2531 1408 ι
2563 1362 2808 1431 Rropter
2856 1357 2994 1431 quid
3028 1356 3154 1414 ita?
3187 1379 3215 1407 »
3250 1358 3317 1415 Et
3346 1356 3493 1413 dixit
3522 1373 3625 1412 an-

1983 1449 2151 1523 gelus
2181 1448 2327 1513 mihi
2359 1465 2415 1503 :c
2450 1448 2533 1511 Ne
2565 1447 2796 1504 mireris
2826 1447 2887 1501 in
2916 1446 3009 1502 bis
3036 1463 3087 1515 ;»
3118 1445 3264 1502 alios
3294 1445 3451 1502 enim
3482 1461 3627 1516 qua-

1984 1543 2124 1595 tuor
2162 1537 2336 1594 coelos
2391 1536 2615 1593 videbis
2671 1534 2945 1592 clariores
3001 1539 3058 1590 et
3112 1533 3626 1606 incomparabiles,

1986 1644 2120 1691 cum
2152 1626 2483 1683 ascenderis
2514 1624 2666 1692 illic;
2700 1624 2977 1696 quoniam
3013 1627 3076 1679 tu
3107 1640 3285 1696 prope
3319 1623 3631 1678 Dominum

1987 1715 2192 1783 stabis,
2228 1719 2285 1771 et
2312 1714 2581 1770 minister
2610 1713 2797 1786 ipsius
2828 1712 3029 1779 eris,et
3058 1711 3338 1785 mysteria
3366 1712 3495 1782 ejus
3526 1726 3629 1766 an-

1988 1804 2288 1860 nuntiabis
2318 1803 2681 1874 hominibus,
2713 1806 2769 1857 et
2800 1802 2872 1857 de
2900 1806 3143 1857 venturo
3175 1799 3423 1856 liberare
3453 1798 3631 1855 Israel

1988 1892 2331 1966 praedicabis
2357 1896 2440 1961 ;et
2469 1909 2571 1963 per
2603 1897 2653 1947 te
2684 1896 2743 1947 et
2769 1891 2984 1948 Judam
3016 1889 3320 1962 apparebit
3347 1888 3629 1945 Dominus

1986 1982 2138 2045 inter
2164 1980 2456 2049 homines,
2481 1979 2715 2039 salvans
2746 1980 2805 2035 in
2834 1979 2979 2051 ipsis
3009 1994 3184 2036 omne
3212 1994 3400 2050 genus
3439 1976 3629 2033 homi-

1987 2087 2131 2143 num
2155 2087 2170 2139 ;
2193 2075 2251 2127 et
2280 2086 2347 2125 ex
2377 2074 2540 2142 parte
2571 2068 2800 2131 Domini
2830 2067 2941 2124 erit
2966 2068 3086 2124 vita
3112 2072 3214 2124 tua
3238 2084 3252 2136 ;
3280 2074 3336 2123 et
3363 2067 3491 2139 ipse
3519 2065 3634 2123 erit

1986 2159 2095 2217 tibi
2122 2174 2279 2232 agar,
2310 2159 2499 2230 vinea,
2528 2158 2775 2226 fructus,
2806 2173 3017 2215 aurum
3047 2161 3107 2215 et
3134 2160 3463 2229 argentum.

2059 2426 2155 2483 III.
2188 2445 2217 2481 ι
2244 2426 2392 2482 Audi
2424 2441 2561 2499 ergo
2590 2426 2663 2483 de
2706 2429 2929 2497 septem
2961 2424 3121 2481 ccelis
3154 2440 3167 2479 :
3201 2422 3451 2480 Inferius
3497 2440 3632 2497 pro-

1986 2518 2182 2589 pterea
2209 2514 2439 2577 tristius
2469 2519 2577 2581 est,
2612 2514 2752 2588 quia
2781 2514 2941 2571 istud
2963 2515 3134 2586 juxta
3163 2529 3367 2571 omnes
3396 2513 3630 2585 injusti-

1984 2604 2099 2662 tias
2128 2604 2437 2662 hominum
2469 2608 2577 2660 est.
2596 2604 2927 2659 Secundum
2958 2602 3136 2659 habet
3165 2603 3382 2674 ignem,
3415 2602 3628 2672 nivem,

1984 2693 2252 2766 glaciem,
2284 2698 2490 2766 parata
2518 2693 2579 2748 in
2611 2693 2765 2748 diem
2798 2693 3064 2764 praecepti
3097 2691 3352 2760 Domini,
3384 2691 3445 2747 in
3466 2693 3631 2763 justo

1977 2783 2204 2855 judicio
2235 2783 2334 2839 Dei
2362 2782 2451 2853 ;in
2479 2782 2608 2855 ipso
2639 2786 2778 2838 sunt
2806 2797 3010 2838 omnes
3039 2781 3283 2853 spiritus
3304 2780 3635 2837 retributio-

1986 2888 2127 2937 num
2158 2872 2218 2929 in
2247 2871 2566 2927 vindictam
2596 2871 2956 2942 iniquorum.
2991 2869 3057 2925 In
3086 2869 3259 2926 tertio
3292 2873 3427 2925 sunt
3452 2868 3633 2925 virtu-

1984 2964 2072 3029 tes
2102 2964 2450 3032 castrorum,
2482 2960 2760 3016 ordinata)
2794 2959 2853 3015 in
2885 2959 3041 3015 diem
3062 2958 3382 3030 judicii,ad
3412 2958 3631 3015 facien-

1986 3050 2128 3117 dum
2156 3050 2476 3107 vindictam
2524 3048 2584 3105 in
2622 3048 2927 3121 spiritibus
2983 3048 3197 3105 erroris
3225 3052 3283 3104 et
3325 3046 3530 3103 Beliar.
3566 3049 3631 3105 In

1983 3142 2192 3213 quarto
2222 3143 2417 3197 autem
2450 3138 2725 3211 superius
2749 3137 2842 3195 his
2873 3137 3059 3195 sancti
3089 3136 3628 3209 sunt;qu0niamin

1983 3245 2259 3301 supremo
2290 3228 2554 3285 omnium
2599 3227 2827 3284 habitat
2854 3242 3068 3299 magna
3095 3225 3282 3298 gloria
3323 3226 3382 3281 in
3412 3226 3627 3283 Sancto

222 3315 369 3390 ἄγιοί
416 3314 563 3371 εἰσιν·
616 3316 699 3371 ὃτι
747 3315 798 3371 ἐν
846 3316 1100 3393 ἀνωτὲρῳ
1157 3318 1370 3371 πάντων
1419 3316 1673 3373 καταλύει
1715 3319 1748 3387 ἡ
1780 3339 1873 3391 με-

1986 3321 2348 3383 sanctorum,
2381 3334 2560 3389 supra
2590 3332 2821 3375 omnem
2852 3314 3245 3371 sanctitatem.
3278 3315 3342 3371 In
3386 3314 3496 3370 hoc
3523 3332 3626 3370 an-

220 3403 365 3480 γάλη
404 3401 531 3475 δόξα
561 3404 612 3459 ἐν
646 3404 818 3480 Ἃγίῳ
852 3405 1038 3483 ἁγίων,
1073 3405 1318 3481 ὑπεράνω
1342 3407 1526 3478 ,πάσης
1565 3406 1874 3484 ἁγιότητος·

219 3499 310 3548 Ἐν
369 3492 514 3566 αύτῴ
564 3495 639 3568 (7)
680 3495 733 3549 οἱ
792 3493 1015 3571 ἄγγελοί
1064 3494 1163 3550 εἶσι
1194 3499 1290 3551 105
1322 3496 1622 3572 προσώπου
1655 3496 1874 3571 Κυρίου,

224 3584 281 3637 οἱ
311 3582 752 3659 λειτουργοῦντες
781 3585 869 3638 καὶ
916 3582 1330 3657 ἐξιλασκόμενοι
1380 3585 1516 3659 πρὸς
1560 3584 1753 3661 Κύριον
1786 3584 1877 3641 ἐπὶ

224 3670 423 3733 πάσαις
472 3678 588 3734 ταῖς
636 3671 882 3747 ἀγνοίαις
927 3676 1033 3727 τῶν
1090 3670 1333 3731 δικαίων.
1400 3677 1768 3751 Προσφέρουσι
1818 3671 1876 3730 δὲ

228 3760 411 3835 Κυρίῳ
459 3763 536 3833 (8)
591 3760 766 3833 ὀσμὴν
824 3758 1049 3824 εὐωδίας
1096 3761 1341 3837 λογικὴν,
1390 3762 1478 3817 καὶ
1541 3762 1872 3835 ἀναίμακτον

224 3848 559 3924 προσφοράν.
622 3851 708 3906 Ἐν
759 3847 816 3905 δὲ
862 3854 940 3922 τῷ
990 3850 1241 3905 ὑποκάτω
1291 3850 1423 3905 είσὶν
1474 3852 1525 3905 οἱ
1558 3851 1789 3927 ἀγγελοι
1823 3852 1875 3907 οἱ

226 3940 481 4016 φέροντες
512 3939 608 4001 τὰς
639 3939 949 4015 ἀποκρίσεις
979 3944 1093 4001 τοῖς
1138 3938 1395 4016 ἆγγὲλοις
1440 3944 1536 3995 105
1579 3942 1875 4016 προσώπου

260 4030 273 4041 ν
358 4027 366 4045 Ι
506 4029 517 4047 γ
645 4025 687 4045 R‘
783 4033 810 4042 ευ
1066 4027 1080 4047 9
1137 4026 1151 4047 κ
1269 4028 1281 4047 9
1325 4029 1339 4047 κ
1622 4029 1636 4047 9

226 4030 455 4103 Κυριου.
525 4033 591 4081 Εν
641 4044 698 4082 οε
747 4049 823 4099 τῳ
856 4034 967 4102 μετ’
1025 4049 1204 4097 αυτον,
1240 4050 1341 4083 εισι
1375 4028 1585 4103 θρόνοι,
1619 4029 1873 4103 εξουσίαι,

227 4115 281 4170 ἐν
315 4118 361 4188 ᾦ
415 4115 495 4169 ἀεὶ
545 4115 705 4189 ὕμνοι
736 4121 815 4188 τῷ
846 4120 962 4188 Θεῴ
989 4116 1405 4195 προσφέρονται.
1440 4120 1599 4179 Ὅταν
1633 4117 1730 4173 οὖν
1762 4118 1875 4173 ἐπι-

225 4199 406 4279 ϐλέψῃ
454 4204 481 4258 ὁ
530 4204 834 4280 Κύριος
879 4204 959 4283 ἐφ’
1007 4208 1176 4279 ἡμᾶς,
1231 4209 1423 4268 πάντες
1456 4209 1618 4280 ἡμεῖς
1647 4205 1876 4264 σαλευό-

228 4304 367 4366 μεοα
390 4313 400 4324 ·
434 4292 522 4346 καὶ
553 4293 603 4347 οἷ
636 4292 879 4371 οὐρανοὶ,
910 4293 1000 4348 καὶ
1030 4296 1063 4365 ἡ
1097 4302 1194 4370 γῆ,
1226 4294 1317 4350 καὶ
1368 4296 1421 4349 αἱ
1472 4290 1719 4365 ἄϐδσσοι,
1768 4297 1875 4353 ἀπὸ

222 4382 523 4457 προσώπου
577 4389 676 4451 τῆς
729 4382 1123 4457 μεγαλωσύνης
1170 4382 1333 4439 αὐτοῦ
1366 4383 1682 4442 σαλεύονται
1743 4389 1872 4459 (1Ο)⁶

224 4469 278 4525 οἱ
313 4467 371 4524 δὲ
402 4470 508 4523 υἱοί
538 4474 645 4525 τῶν
682 4470 1001 4548 ἀνθρώπων,
1034 4470 1120 4526 ἐπὶ
1163 4472 1379 4541 τούτοις
1430 4470 1874 4545 ἄναισθητοῦντες

223 4559 616 4634 ἁμαρτάνουσι,
646 4558 737 4613 καὶ
766 4558 1154 4635 παροργίζουσι
1186 4561 1276 4616 τὸν
1309 4563 1586 4636 Ὕψιστον.

299 4649 372 4704 Δ’.
408 4672 435 4698 ι‹
470 4651 572 4701 Νῦν
607 4645 696 4703 οὗν
731 4648 1042 4723 γινώσκετε,
1073 4648 1157 4704 ὅτι
1184 4652 1402 4721 ποιήσει
1456 4650 1651 4726 Κύριος
1694 4650 1869 4725 κρίσιν
1904 4671 1947 4735 D

223 4736 316 4791 ἐπὶ
374 4734 500 4798 τοὺς
558 4737 712 4799 υἱοὺς
768 4741 875 4792 τῶν
936 4736 1252 4809 ἀνθρώπων,
1327 4737 1435 4812 ὅτε,
1494 4744 1602 4794 τῶν
1659 4744 1869 4816 πετρῶν

222 4825 590 4900 σχιζομένων,
642 4830 730 4879 καί
760 4829 857 4880 τοῦ
886 4824 1049 4895 ἡλίου
1081 4821 1459 4899 σϐενννὸμένου,
1492 4827 1579 4882 καὶ
1608 4832 1715 4883 τῶν
1747 4826 1871 4883 ὑδά-

220 4935 331 4968 των
393 4914 815 4988 ξηραινομένιυν,
872 4914 963 4969 καὶ
1020 4919 1117 4969 105
1174 4916 1344 4992 πυρὸς
1376 4919 1868 4991 καταπτήσσοντος,

220 5002 313 5059 καὶ
364 5004 541 5074 πάσης
589 5003 815 5068 κτίσεως
863 5002 1262 5078 κλονουμένης,
1313 5006 1403 5060 καὶ
1446 5010 1553 5061 τῶν
1624 5005 1868 5084 ἀοράτων

292 5183 378 5256 (3),
406 5180 505 5235 Καὶ
557 5178 877 5256 ἐλυπούμην
910 5225 923 5240 .
954 5221 970 5239 .
1011 5224 1025 5238 .
1064 5224 1077 5238 .
1140 5180 1215 5256 ,ἐν
1282 5177 1653 5255 Ἀϐελμαούλ”
1736 5190 1869 5244 Haec

218 5254 426 5381 omnga
475 5254 698 5379 (imissa
742 5260 903 5322 sunt,
953 5255 1154 5327 procul
1208 5256 1386 5313 dubio
1434 5254 1539 5329 per
1579 5256 1869 5315 incuriam

222 5344 338 5381 scr!
389 5343 455 5379 aa.
516 5342 572 5379 ι).

222 5342 455 5385 ΒΟῙἼΟΩ.
489 5342 572 5379 1D.

296 5398 373 5466 ιὶι)
409 5391 587 5451 Εἶδον,
624 5399 741 5449 Ἔτι
773 5395 1056 5451 additum.
1088 5396 1171 5451 In.

295 5470 372 5539 (5)
404 5466 477 5519 Τὰ
506 5466 803 5542 πνεύματα.
832 5467 1049 5542 De_hj_s
1097 5467 1483 5542 Ecclesiastici
1533 5488 1725 5542 χχχιι,
1775 5472 1866 5529 33.

224 5534 379 5593 Ἔστί
412 5534 708 5608 πνεύματα,
742 5536 774 5591 ἃ
804 5537 879 5599 είς
921 5534 1194 5606 ἐκδίκησιν
1227 5537 1482 5597 ἔκτισται.
1517 5543 1595 5597 ID.

407 5610 716 5699 'l‘aixgaiaa‘zi.
751 5610 813 5662 Οἱ
836 5608 1143 5699 ταχϐἑγτες.
1177 5616 1260 5667 In.

322 5678 380 5748 7)
623 5682 718 5752 Τῷ
753 5678 1077 5752 μετ’ᾂαῦτόν.
1112 5683 1194 5739 ID.

300 5747 380 5822 (8)
448 5747 815 5826 Πρόσφέροσσι
877 5747 934 5807 δὲ
988 5752 1189 5827 Κυρίῳ.
1250 5755 1337 5811 Ita
1391 5755 1515 5827 ipse
1554 5754 1870 5829 archange-

1985 3406 2099 3481 geli
2130 3411 2269 3463 sunt
2315 3406 2479 3461 faciei
2523 3406 2648 3472 Dei,
2681 3404 3084 3460 ministrantes
3136 3409 3194 3459 et
3244 3403 3629 3476 pr0pitiantes

1985 3496 2141 3567 apud
2172 3493 2489 3551 Dominum
2519 3494 2579 3549 in
2611 3493 2884 3550 omnibus
2932 3491 3282 3566 ignorantiis
3305 3494 3626 3565 justorum.

1986 3584 2250 3641 Offerunt
2288 3599 2423 3640 vero
2456 3583 2700 3639 Domino
2748 3583 2984 3639 odorem
3019 3581 3323 3638 suavitatis
3371 3581 3629 3638 rationa-

1982 3671 2186 3740 lem,et
2212 3671 2339 3728 sine
2370 3670 2655 3741 sanguine
2678 3670 3123 3727 oblationem.ln
3150 3686 3215 3727 eo
3246 3674 3442 3725 autem
3473 3671 3628 3743 quod

1985 3760 2196 3817 subtus
2225 3765 2479 3828 est,sunt
2507 3759 2700 3834 angeli
2731 3760 2834 3832 qui
2866 3760 3059 3816 ferunt
3088 3759 3501 3833 responsiones
3531 3776 3629 3814 an-

1984 3848 2131 3921 gelis
2162 3849 2325 3906 faciei
2376 3849 2632 3906 Domini.
2667 3849 2731 3906 In
2761 3866 2828 3907 eo
2856 3866 2989 3905 vero
3021 3850 3175 3921 quod
3206 3852 3341 3921 post
3377 3848 3487 3904 hoc
3518 3852 3627 3913 est,

1984 3944 2126 3995 sunt
2156 3938 2349 3995 throni
2379 3943 2438 3995 et
2466 3939 2871 4011 potestates,in
2888 3956 3003 4012 quo
3034 3937 3238 4011 hymni
3258 3954 3491 4010 semper
3513 3939 3627 3994 Deo

1985 4030 2329 4087 offeruntur.
2362 4029 2603 4094 Quando
2636 4045 2773 4102 ergo
2798 4028 3114 4100 respexerit
3138 4026 3423 4082 Dominus
3452 4043 3629 4098 super

1984 4136 2116 4187 nos,
2148 4134 2580 4175 commovemur
2608 4134 2811 4174 omnes
2840 4134 2985 4185 nos;
3017 4121 3075 4174 et
3104 4114 3250 4185 coeli,
3283 4120 3341 4171 et
3362 4119 3538 4183 terra,
3570 4118 3630 4171 et

1984 4208 2242 4282 abyssi,a
2264 4206 2409 4262 facie
2430 4206 2855 4280 magnitudinis
2875 4208 3003 4279 ejus
3025 4209 3495 4262 commoventur:
3520 4204 3626 4260 filii

1983 4302 2180 4353 autem
2209 4295 2515 4353 hominum
2546 4297 2605 4351 in
2636 4295 2731 4353 his
2762 4294 3467 4354 existentesinsensihiles
3498 4310 3629 4368 pec-

1983 4387 2221 4456 cabunt,
2252 4390 2309 4443 et
2338 4385 2653 4443 irritabunt
2681 4383 3071 4442 Altissimum.

2054 4653 2145 4710 IV.
2177 4675 2204 4707 ι
2234 4654 2400 4710 Nunc
2429 4668 2564 4725 ergo
2592 4651 3105 4726 cognoscite,quod
3140 4651 3312 4709 faciet
3340 4652 3624 4709 Dominus

1974 4742 2268 4814 judicium
2298 4759 2476 4814 super
2504 4742 2655 4798 filios
2685 4742 3252 4813 hominum,quando
3275 4741 3454 4814 petris
3484 4741 3625 4797 scis-

1982 4832 2087 4904 sis,
2117 4837 2175 4889 et
2203 4831 2323 4890 sole
2353 4831 2657 4897 exstincto,
2690 4836 2748 4888 et
2775 4830 2945 4903 aquis
2976 4830 3228 4899 siccatis,
3259 4836 3317 4887 et
3345 4830 3480 4902 igne
3510 4835 3623 4886 tre-

1981 4924 2194 4991 mente,
2235 4925 2295 4977 et
2342 4920 2503 4977 omni
2534 4923 2801 4978 creatura
2842 4919 3096 4989 turbata,
3126 4923 3183 4976 et
3229 4918 3621 4976 invisibilibus

1980 5010 2286 5084 spiritibus
2315 5008 2727 5085 liquefactis,et
2747 5010 2974 5069 inferno
3005 5008 3255 5084 spoliato
3272 5008 3331 5065 in
3348 5008 3622 5083 passione

1978 5187 2073 5263 lus
2112 5184 2405 5263 ‘Raphael,
2454 5186 2747 5263 Τοὶρηιιῐ,
2769 5187 2911 5263 _15_:_
2962 5184 3122 5263 Ἐγώ..
3168 5181 3282 5256 εἶμι
3351 5183 3618 5263 Ῥαιραήλ,

1979 5260 2056 5345 είς
2109 5256 2169 5314 ἐκ
2214 5253 2319 5311 τῶν
2364 5253 2498 5346 ἐσττᾶ
2515 5255 2708 5347 ,ἁγίων
2733 5253 3046 5349 ’ἀγγέλωγξ
3071 5253 3617 5349 οθίπροσαναξρέρουσὶ

1975 5331 2073 5392 τὰς
2120 5328 2430 5421 προσευχὰς
2472 5327 2916 5405 τῶν’ἆγίων,’καὶ
2957 5327 3354 5404 εἰσπορεύονται
3386 5327 3619 5384 ἐνώπιον

2014 5408 2042 5419 ιι-
2113 5400 2137 5421 Ὠ
2178 5402 2199 5421 ν
2367 5405 2392 5415 θ
2440 5400 2453 5421 9
2504 5400 2515 5421 Ι
2656 5403 2845 5421 n_,,n_,
2902 5402 2936 5421 Π
3001 5402 3233 5421 T-__m‘,
3283 5401 3591 5421 A___,,I,__._

1976 5408 2077 5471 τῆς
2109 5400 2270 5473 δύξης
2300 5400 2397 5456 τοῦ
2429 5400 2601 5477 ἀγίου.
2654 5400 2864 5459 Confer
2902 5402 2960 5457 S.
2990 5400 3237 5459 Joannis
3267 5401 3617 5474 Apocalyps.

1976 5491 2096 5530 vm.
2130 5477 2183 5530 3.
2216 5491 2336 5530 sea.
2376 5476 2453 5528 In.

1976 5491 2096 5539 vm,
2130 5490 2183 5540 ὅ,
2216 5491 2336 5540 seq.
2376 5490 2453 5528 ιο.

2049 5492 2465 5619 (ξῇίῗθοξξιὲξέὲὲ
2516 5537 2801 5619 ἐπιϐλέψη-
2854 5542 2883 5597 ὁ
2941 5542 3159 5619 Κύριος,
3192 5549 3300 5602 etc.
3350 5543 3623 5619 Respexit

1978 5615 2831 5689 ad:rprophetiathebacuci
2856 5633 2948 5689 ιιι,
2988 5615 3306 5689 ϐἐψἝστη,
3352 5616 3441 5671 καὶ
3468 5615 3617 5672 ἐσα-

1978 5680 2143 5755 λεύθῖη
2176 5680 2336 5762 ἡ’γῆ,
2371 5680 2655 5812 ἐπέὃλειζέε,
2687 5685 2778 5740 καὶ
2808 5684 3023 5757 διετάκη
3060 5685 3202 5760 ἔθνη.
3238 5680 3324 5745 lli.

2051 5760 2163 5812 (1οὶ
2196 5756 2546 5812 Σαλιύονται.
2624 5755 3036 5812 αλευθτίσονται.
3071 5762 3154 5812 In.

2051 5760 2163 5833 (10)
2196 5755 2546 5816 Σαλὰύονται.
2578 5755 3036 5827 Σαλευθήσονται.
3071 5762 3154 5818 ID.
