4008 6350
211 410 364 473 1057

1487 405 2080 470 TESTAMENTUM
2126 407 2332 470 LEVI.

3461 417 3620 481 1058

203 539 552 611 κατεδέξαντο
595 543 694 611 τὴν
747 541 1074 617 περιτομὴν,
1117 540 1206 595 καὶ
1255 540 1387 613 μετᾶ
1433 543 1594 594 τοῦτο
1654 537 1844 593 ἀπέθα-

1968 540 2214 607 sionem,
2250 543 2307 595 et
2339 543 2468 610 post
2498 540 2608 596 hoc
2630 541 2841 596 mortui
2871 546 3010 599 sunt
3042 561 3055 612 ;
3091 548 3147 601 et
3174 545 3233 602 in
3260 546 3619 606 benedictio-

204 652 319 685 νον·
365 630 454 684 καὶ
508 630 559 685 ἐν
608 635 727 691 ταῖς
774 630 1048 706 εὐλογίαις
1096 626 1283 691 ἄλλως
1332 627 1607 699 ἐποίησεν.
1648 628 1853 702 Ἡμάρ-

202 740 371 791 τομεν
428 720 551 795 γὰρ,
586 718 669 773 ὅτι
726 720 873 795 παρὰ
934 719 1159 793 γνώμην
1238 716 1403 771 αὐτοῦ
1474 717 1854 788 πεποιήκαμεν

200 813 387 862 τοῦτο·
430 808 582 882 καίγε
623 806 960 879 ἐμαλακίσθη
1015 806 1068 860 ἐν
1106 809 1175 879 τῇ
1224 804 1408 880 ἡμέρᾳ
1456 804 1648 878 ἐκείνῃ.
1701 803 1860 859 Ἀλλ“

203 895 318 972 ἐγὼ
363 896 525 968 εἶδον,
586 895 667 950 ὅτι
724 895 987 973 ἀπόφασις
1036 898 1168 949 Θεοῦ
1207 894 1273 962 ἦν
1323 893 1398 955 εἷς
1442 893 1582 947 κακὰ
1628 892 1715 948 ἐπὶ
1766 891 1858 946 Σί-

204 1004 381 1058 κημα’
416 984 556 1040 διότι
588 982 786 1053 ἤθελον
821 984 897 1046 εἷς
944 984 1044 1052 τὴν
1090 982 1299 1058 Σάρραν
1351 989 1603 1051 ποιῆσαι,
1632 982 1690 1036 ὃν
1739 979 1861 1055 τρό-

206 1092 311 1127 πον
371 1071 628 1140 ἐποίησαν
689 1071 840 1127 Δίθαν
898 1073 998 1141 τὴν
1062 1068 1299 1147 ἀδελφὴν
1355 1072 1539 1143 ἡμῶν·
1595 1069 1683 1124 καὶ
1755 1069 1858 1123 Κύα-

211 1182 329 1237 ριος
380 1160 646 1216 ἐκώλυσεν
692 1160 908 1223 αὐτούς.
960 1159 1055 1214 Καὶ
1106 1156 1278 1221 οὕτως
1342 1157 1563 1230 ἐδίωξαν
1610 1153 1863 1234 Ἀϐρααμ

207 1253 303 1307 τὸν
378 1249 581 1324 πατέρα
637 1252 818 1325 ἡμῶν,
879 1250 1023 1320 ξένον
1106 1243 1253 1320 ὄντα,
1311 1249 1401 1303 καὶ
1486 1248 1857 1317 κατεπάτησαν

208 1344 324 1414 (17)
353 1342 420 1395 τὰ
473 1340 697 1413 ποίμνια
754 1338 1056 1415 ὠγκωμένα
1112 1334 1239 1393 ὅντα
1295 1338 1376 1393 ἐπ’
1426 1336 1607 1392 αὐτόν’
1638 1336 1728 1392 καὶ
1760 1338 1857 1392 Ἰε-

210 1425 364 1500 ϐλαὶ,
396 1431 486 1485 τὸν
547 1429 795 1505 οἷ’κογενῆ
851 1428 1035 1499 αὐτοῦ,
1093 1426 1300 1506 σφόδρα
1358 1425 1649 1482 αἷκίσαντο.
1701 1424 1860 1501 Καίγε

210 1520 386 1581 οὕτως
438 1518 654 1573 ἐποίουν
701 1517 903 1579 πάντας
949 1517 1075 1579 τοὺς
1116 1516 1295 1586 ξένους
1327 1518 1461 1589 (18),
1494 1515 1546 1569 έν
1582 1512 1859 1586 δυναστείᾳ

210 1609 541 1682 ἁρπάζοντες
591 1607 685 1668 τὰς
740 1611 993 1681 γυναῖκας
1053 1605 1251 1677 αὐτῶν,
1302 1602 1391 1659 καὶ
1442 1602 1857 1675 ξενηλατοῦνσες

211 1697 673 1770 αύτούς.Ἕφθασε
694 1693 751 1751 δὲ
781 1698 815 1765 ἡ
838 1695 976 1770 ὀργὴ
1001 1694 1201 1769 Κυρίου
1232 1694 1314 1749 ἐπ’
1344 1693 1539 1755 αὐτοὺς
1569 1692 1644 1755 εἷς
1672 1691 1852 1756 τέλος.

281 1793 347 1841 Ζ.
385 1812 412 1839 ‹‹
445 1785 542 1840 Καὶ
601 1784 750 1839 εἶπον
805 1788 885 1855 τῷ
940 1782 1124 1859 πατρί·
1167 1783 1311 1852 (ίΜή
1374 1781 1618 1858 ὀργίζου,
1676 1781 1851 1859 κύριε,

208 1875 291 1931 ὅτι
323 1873 375 1930 ἐν
432 1875 514 1929 σοὶ
572 1870 910 1944 ἐξουδενώσει
943 1870 1140 1949 Κύριος
1194 1871 1320 1934 τοὺς
1370 1870 1723 1939 Χαναναίους,
1762 1871 1851 1926 καὶ

208 1962 370 2020 δώσει
424 1965 522 2033 τήν
580 1970 680 2040 γῆν
736 1962 911 2017 αὐτῶν
974 1982 1079 2034 σοι,
1110 1961 1199 2015 καὶ
1249 1959 1515 2035 σπέρματί
1564 1981 1660 2015 σου
1724 1962 1857 2033 μετᾶ

209 2055 287 2111 σέ.
315 2060 501 2108 Ἔσται
529 2054 630 2128 γὰρ
680 2052 786 2106 ἀπὸ
843 2052 1081 2126 σήμερον
1118 2051 1306 2123 Σικὴμ
1360 2048 1635 2125 λεγομένη
1690 2049 1854 2112 πόλις

208 2145 495 2199 ἀσυνέτων·
516 2143 597 2197 ὅτι
631 2140 758 2196 ὡσεί
787 2161 872 2202 τις
903 2137 1159 2215 ’χλευάσει
1194 2139 1397 2213 μωρὸν,
1421 2135 1595 2201 οὕτως
1627 2138 1854 2215 ἐχλευά-

207 2253 373 2305 σαμεν
406 2229 619 2294 αὐτούς·
645 2229 726 2285 ὅτι
757 2228 909 2305 καίγε
937 2227 1242 2306 ἀφροσύνην
1272 2226 1497 2300 ἔπραξαν
1531 2226 1581 2282 έν
1610 2226 1850 2302 Ἰσραὴλ,

212 2328 394 2393 μιᾶναι
427 2323 537 2393 (19)
568 2320 667 2388 τήν
697 2315 936 2395 ἀδελφὴν
983 2320 1167 2389 ἡμῶν.
1202 2317 1299 2371 Καὶ
1352 2312 1609 2379 λαϐόντες
1653 2316 1847 2371 ἐκεῖθεν

201 2412 301 2479 τήν
334 2408 574 2487 ἀδελφὴν
604 2407 1098 2481 ἡμῶν,ἀπάροντες
1130 2408 1243 2480 (20)
1275 2404 1519 2478 ἤλθομεν
1551 2405 1626 2468 εἷς
1650 2404 1847 2476 Βεθήλ.

277 2505 354 2554 H'.
395 2524 415 2550 ι
456 2497 618 2553 Κάκεῖ
644 2495 810 2551 πάλιν
845 2493 986 2551 εἶδον
1037 2500 1287 2569 πρᾶγμα,
1320 2492 1499 2570 ὥσπερ
1544 2496 1607 2549 τὸ
1655 2494 1849 2569 πρότε-

205 2610 320 2664 ρον,
356 2587 487 2661 μετά
541 2588 603 2641 τὸ
651 2585 877 2654 ποιῆσαι
934 2584 1145 2658 ἡμέρας
1179 2591 1219 2639 o’
1250 2586 1383 2657 (21).
1416 2583 1515 2637 Καὶ
1547 2580 1687 2637 εἶδον
1716 2582 1851 2638 ἑπτὰ

203 2676 519 2753 ἀνθρώπους
552 2674 603 2730 ἐν
638 2675 819 2744 ἐσθῆτι
859 2672 1049 2747 λευκῇ,
1084 2671 1342 2747 λέγοντάς
1384 2691 1497 2745 μοι·
1531 2696 1557 2723 ι(
1588 2674 1847 2735 ’Δναστάς

206 2764 419 2821 ἔνδυσαι
466 2767 563 2833 τήν
622 2761 823 2831 στολὴν
876 2770 978 2832 τῆς
1037 2760 1318 2838 ἱερατείας,
1350 2762 1438 2816 καὶ
1466 2760 1557 2819 τὸν
1589 2763 1844 2839 στέφανον

196 2863 297 2925 τῆς
326 2852 696 2923 δικαιοσύνης,
726 2851 817 2906 καὶ
858 2851 920 2906 τὸ
967 2850 1157 2925 λόγιον
1185 2857 1285 2919 τῆς
1328 2851 1607 2917 συνέσεως,
1642 2850 1731 2905 καὶ
1758 2851 1848 2905 τὸν

198 2942 418 3018 ποδήρη
452 2945 549 3011 τῆς
596 2940 878 3011 ἀληθείας,
907 2940 997 2994 καὶ
1042 2941 1102 2993 τὸ
1149 2936 1383 2994 πέταλον
1432 2947 1532 3009 τῆς
1591 2938 1845 3009 πίστεως,

196 3034 287 3088 καὶ
315 3034 413 3101 τὴν
452 3031 641 3107 μίτραν
669 3034 766 3085 τοῦ
797 3029 1047 3101 σημείου,
1079 3028 1167 3083 καὶ
1197 3029 1259 3083 τὸ
1292 3026 1455 3106 ἐφοὺδ
1483 3035 1582 3098 τῆς
1631 3050 1847 3106 προφη-

196 3122 366 3183 τείας.
404 3144 432 3172 ››
465 3122 561 3174 Καὶ
593 3121 666 3181 εἷς
710 3115 930 3179 ἕκαστος
977 3117 1150 3172 αὐτῶν
1201 3114 1423 3172 ἕκαστον
1471 3116 1845 3194 βαστάζοντες,

200 3210 468 3280 ἒπέθηκάν
505 3229 621 3282 μοι,
651 3207 741 3262 καὶ
792 3207 960 3261 εἶπον·
997 3207 1131 3262 Ἀπὸ
1178 3211 1273 3260 τοῦ
1313 3211 1403 3260 νῦν
1451 3207 1602 3283 γίνου
1653 3206 1729 3269 εἰς
1769 3207 1844 3261 ἰε-

1968 629 2144 685 nibus
2173 628 2339 684 aliter
2367 628 2521 684 fecit.
2556 631 2929 688 Peccavimus
2950 633 3131 703 enim,
3166 637 3447 707 quoniam
3479 654 3620 711 prae-

1966 723 2056 773 ter
2086 716 2395 773 consilium
2425 718 2553 788 ejus
2584 719 2692 775 hoc
2733 720 2985 778 fecimus
3022 740 3035 791 ;
3069 727 3127 779 et
3157 726 3491 783 inﬁrmatus
3531 731 3621 784 est

1969 805 2031 861 1n
2063 806 2161 862 die
2192 804 2308 860 illa.
2334 807 2440 861 Sed
2472 823 2575 879 ego
2610 809 2761 876 novi,
2797 811 2952 881 quod
2987 813 3278 870 sententia
3334 815 3437 872 Dei
3491 820 3619 873 erat

1969 894 2029 949 in
2060 893 2211 950 mala
2237 911 2414 966 super
2444 896 2703 952 Sichima
2738 915 2751 965 ;
2785 900 3059 970 quoniam
3115 902 3427 959 voluerunt
3460 906 3616 961 Sara)

1971 984 2177 1051 facere,
2212 985 2706 1054 quemadmodum
2740 988 3002 1044 fecerunt
3061 990 3223 1046 Dinae
3283 993 3467 1049 sorori
3508 1011 3615 1050 no-

1975 1077 2106 1127 strae
2141 1088 2155 1127 :
2192 1076 2250 1128 et
2279 1073 2563 1129 Dominus
2612 1075 2909 1145 prohibuit
2947 1094 3067 1133 eos.
3091 1080 3159 1133 Et
3206 1079 3288 1135 sic
3326 1082 3617 1153 persecuti

1978 1165 2119 1216 sunt
2144 1162 2436 1217 Abraham
2469 1170 2696 1234 patrem
2728 1170 3015 1235 nostrum,
3077 1169 3450 1241 peregrinum
3496 1171 3615 1226 exi-

1971 1254 2244 1318 stentem,
2278 1254 2336 1306 et
2364 1251 2852 1310 conculcaverunt
2899 1272 3103 1329 greges
3147 1257 3297 1328 ejus,
3346 1259 3616 1332 turgidos

1969 1340 2283 1395 existentes
2310 1340 2463 1411 apud
2497 1340 2693 1413 ipsum
2731 1367 2746 1410 ;
2778 1346 2835 1399 et
2862 1344 3071 1411 Jeblai,
3104 1345 3162 1400 in
3210 1347 3383 1404 domo
3425 1348 3615 1420 ipsius

1967 1428 2250 1497 genitum,
2279 1428 2447 1484 valde
2476 1430 2942 1489 verberaverunt.
2986 1434 3057 1488 Et
3102 1433 3185 1492 ita
3233 1436 3522 1493 faciebant
3553 1436 3615 1494 in

1968 1532 2173 1572 omnes
2202 1517 2561 1589 peregrinos,
2593 1518 2649 1575 vi
2680 1520 2972 1591 rapientes
3031 1540 3239 1579 uxores
3270 1541 3494 1595 eorum,
3556 1530 3614 1583 et

1965 1604 2026 1660 in
2060 1604 2328 1660 exsilium
2362 1606 2708 1679 inpellentes
2738 1625 2857 1665 eos.
2900 1610 3071 1667 Venit
3120 1614 3318 1669 autem
3365 1613 3453 1670 ira
3501 1615 3613 1671 Do-

1967 1694 2112 1748 mini
2143 1711 2321 1767 super
2350 1711 2449 1751 eos
2481 1696 2540 1751 in
2565 1696 2763 1753 ﬁnem.

2034 1782 2156 1839 VII.
2191 1806 2219 1833 «
2250 1784 2319 1839 Et
2348 1784 2612 1841 dicebam
2645 1787 2797 1858 patri
2830 1804 2843 1844 :
2878 1812 2907 1839 ‹‹
2938 1789 3022 1847 Ne
3052 1789 3345 1860 irascaris,
3380 1794 3612 1851 domine

1967 1873 2245 1945 quoniam
2276 1872 2334 1928 in
2358 1877 2413 1929 te
2444 1875 2515 1929 ad
2549 1874 2801 1931 nihilum
2818 1877 3041 1950 rediget
3072 1883 3223 1935 Deus
3247 1880 3608 1940 Chananaeos

1967 1965 2023 2016 et
2050 1961 2212 2016 dabit
2236 1965 2454 2017 terram
2485 1961 2747 2035 ipsorum
2778 1965 2906 2037 tibi,
2952 1970 3009 2022 et
3055 1967 3264 2024 semini
3318 1973 3421 2026 tuo
3477 1975 3611 2043 post

1962 2054 2040 2106 te.
2074 2073 2102 2099 »
2134 2050 2255 2106 Erit
2282 2051 2439 2107 enim
2470 2052 2541 2106 ab
2582 2051 2692 2109 hoc
2746 2053 2838 2110 die
2896 2054 3129 2111 Sichem
3189 2058 3344 2113 dicta
3401 2059 3609 2117 civitas

1963 2137 2302 2207 stultorum;
2335 2141 2613 2211 quoniam
2638 2146 2703 2197 ut
2732 2143 2867 2213 quis
2896 2143 3123 2200 deridet
3147 2146 3486 2216 fatuum,ita
3506 2150 3608 2207 de-

1962 2226 2203 2283 risimus
2216 2230 2619 2300 eos;quoniam
2635 2229 3035 2303 insipientiam
3058 2235 3279 2305 operati
3303 2236 3510 2292 suntin
3526 2242 3609 2295 Is-

1961 2315 2101 2385 rael,
2125 2316 2502 2388 inquinantes
2515 2335 2775 2375 sororem
2794 2325 3152 2378 nostram.Et
3166 2324 3519 2396 accipientes
3542 2326 3609 2382 il-

1960 2402 2077 2459 linc
2111 2421 2370 2462 sororem
2384 2409 3004 2478 nostram,auferentes
3020 2411 3285 2469 venimus
3301 2414 3359 2469 in
3376 2414 3600 2471 Betbel.

2028 2492 2175 2549 VIII.
2214 2516 2243 2544 «
2278 2495 2348 2551 Et
2376 2494 2457 2552 ibi
2487 2514 2692 2555 rursus
2721 2497 2988 2556 vldebam
3022 2516 3168 2572 rem,
3219 2504 3603 2574 quemadmo-

1957 2581 2100 2637 dum
2132 2582 2315 2654 prius,
2344 2589 2654 2658 postquam
2683 2588 2792 2644 feci
2823 2588 2947 2645 dies
2976 2591 3449 2664 septuaginta.Et
3478 2591 3597 2647 vidi

1956 2675 2178 2742 septem
2210 2672 2474 2730 hsmines
2505 2676 2564 2730 in
2595 2682 2752 2731 veste
2773 2676 3193 2747 alba,dicentes
3224 2678 3370 2735 mihi
3400 2697 3414 2736 :
3444 2703 3472 2731 «
3496 2681 3600 2737 Ex-

1958 2761 2414 2833 surgens,indue
2443 2763 2655 2820 stolam
2686 2766 3089 2835 sacerdotii,et
3119 2784 3393 2825 coronam
3418 2769 3596 2841 justi-

1957 2848 2075 2917 tiaa,
2106 2854 2162 2904 et
2199 2851 2479 2907 rationale
2506 2851 2858 2924 intellectus,
2892 2859 2949 2911 et
2994 2857 3267 2927 poderem
3307 2857 3594 2928 veritatis,

1956 2944 2013 2993 et
2042 2938 2299 3010 petalum
2329 2941 2486 3012 ﬁdei,
2518 2946 2577 2997 et
2608 2943 2840 3000 mitram
2867 2944 3105 3017 signi,et
3133 2946 3321 3018 ephod
3350 2947 3600 3020 prophe-

1956 3027 2107 3084 tiae.»
2137 3029 2207 3083 Et
2235 3030 2647 3103 unusquisque
2670 3032 2935 3104 ipsorum
2966 3036 3432 3107 unumquodque
3464 3051 3597 3107 por-

1956 3119 2165 3184 tantes,
2200 3118 2611 3189 imposuerunt
2642 3120 2809 3191 mihi,
2838 3127 2896 3177 et
2943 3122 3215 3178 dixerunt
3245 3139 3259 3180 :
3298 3145 3326 3173 «
3356 3124 3441 3179 Ab
3491 3123 3600 3179 hoc

1956 3206 2217 3277 tempore
2247 3212 2370 3263 esto
2400 3210 2671 3264 sacerdos
2708 3210 2954 3282 Domini,
2987 3214 3050 3266 tu
3081 3215 3139 3267 et
3192 3227 3389 3267 semen
3424 3215 3595 3267 tuum

191 3301 289 3376 ρέα
350 3299 574 3373 Κυρίου,
609 3297 671 3352 σὺ
726 3297 815 3351 καὶ
874 3296 1087 3369 σπέρμα
1143 3317 1237 3350 σου
1280 3294 1383 3357 ’έως
1416 3295 1634 3359 αἰῶνος.
1682 3295 1841 3351 Καὶὸ

1959 3309 2146 3364 usque
2177 3294 2235 3349 in
2280 3295 2619 3354 saeculum.»
2641 3299 2711 3353 Et
2739 3298 2967 3371 primus
2992 3299 3159 3356 unxit
3188 3316 3280 3356 me
3311 3300 3435 3356 oleo
3467 3317 3599 3357 san-

186 3393 409 3464 πρῶτος
440 3389 553 3461 (22)
581 3384 778 3460 ἤλειψέ
812 3407 877 3459 με
906 3383 1075 3458 ἐλαίῳ
1106 3384 1263 3461 ἁγίῳ,
1293 3384 1382 3439 καὶ
1424 3382 1592 3439 ἔδωκέ
1627 3406 1718 3457 μοι
1755 3384 1843 3461 ῥά-

184 3474 323 3532 ϐδον
355 3475 603 3549 γρίσεως.
635 3477 691 3529 Ὀ
741 3473 986 3550 δεύτερος
1034 3470 1224 3528 ἕλουσέ
1281 3494 1345 3546 με
1392 3471 1544 3528 ὕδατι
1601 3475 1839 3549 καθαρῷ,

180 3566 278 3620 καὶ
311 3565 553 3639 ἐψώμισε
584 3560 741 3640 ἄρτον
775 3564 893 3637 (23)
919 3562 1005 3617 καὶ
1066 3561 1234 3634 οἶνον,
1260 3564 1426 3638 ’Ἅγια
1483 3560 1650 3637 ἁγίων
1705 3564 1838 3636 (24),

185 3651 285 3710 καί
318 3651 604 3728 περιέθηκέ
638 3673 731 3725 μοι
762 3650 961 3719 στολὴν
1016 3649 1166 3726 ἁγίαν
1214 3648 1304 3704 καὶ
1350 3646 1582 3722 ἔνδοξον.
1628 3650 1685 3703 '0
1731 3648 1842 3725 τρί-

176 3763 279 3803 τος
341 3741 592 3817 βυσσίνην
652 3762 719 3813 με
769 3734 1108 3815 περιέϐαλεν,
1163 3738 1355 3811 ὁμοίαν
1416 3736 1601 3815 ἐφούδ.
1646 3739 1704 3793 Ὀ
1756 3738 1841 3793 τέ-

178 3851 382 3905 ταρτος
441 3831 617 3899 ζώνην
682 3850 776 3902 μοι
834 3828 1178 3901 περιέθηκεν,
1238 3827 1432 3901 ὁμοίαν
1483 3826 1839 3905 πορφύρα.⁸0

178 3921 437 3994 πέμπτος
466 3916 665 3973 κλάδον
704 3940 795 3992 μοι
848 3916 1030 3979 ἐλαίας
1078 3915 1246 3971 ἔδωκε
1292 3916 1572 3987 πιότητος.
1601 3918 1656 3969 '0
1684 3913 1838 3979 ἕκτος

181 4007 440 4087 στέφανόν
479 4029 571 4081 μοι
619 4011 688 4081 τῇ
737 4006 947 4084 κεφαλῇ
995 4007 1326 4082 περιέθηκεν.
1356 4011 1409 4058 Ὁ
1436 4001 1672 4079 ἕϐδομος
1728 4003 1839 4060 διά-

184 4096 342 4170 δημα
368 4099 439 4169 τῇ
467 4096 678 4174 κεφαλῇ
742 4117 834 4170 μοι
896 4095 1156 4171 ἱερατείας
1208 4094 1516 4171 περιέθηκε,
1548 4098 1636 4149 καὶ
1668 4094 1838 4165 ἐπλή-

184 4207 331 4263 ρωσε
385 4186 481 4247 τὰς
540 4186 731 4260 χεῖράς
790 4205 894 4256 μου
950 4181 1313 4256 θυμιάματος,
1360 4181 1497 4237 ὥστε
1548 4183 1838 4259 ἱερατεύειν

187 4296 257 4347 με
289 4273 485 4348 Κυρίῳ.
520 4273 687 4329 Εἶπαν
722 4269 779 4327 δὲ
818 4271 953 4349 πρός
990 4291 1074 4345 με’
1109 4296 1137 4324 ‹‹
1174 4272 1303 4326 Λευῒ
1328 4271 1405 4333 εἷς
1458 4276 1605 4339 τρεῖς
1660 4272 1835 4348 ἀρχὰς

182 4361 584 4439 διαιρεθήσεται
615 4362 677 4416 τὸ
725 4361 940 4437 σπέρμα
970 4382 1089 4431 σου,
1122 4360 1195 4423 εἲς
1237 4365 1465 4434 σημεῖον
1514 4356 1673 4432 δόξης
1732 4368 1833 4416 Κυ-

182 4452 303 4529 ρίου
332 4451 724 4527 ἐπερχομένου·
775 4450 865 4505 καὶ
897 4451 925 4505 ὁ
958 4448 1247 4513 πιστεύσας
1278 4452 1395 4525 (25)
1426 4455 1644 4524 πρῶτος
1699 4449 1835 4521 κλῆ-

180 4561 279 4618 ρος
331 4538 500 4610 ἔσται,
558 4539 647 4595 καὶ
711 4540 875 4616 μέγας
936 4539 1067 4614 ὑπὲρ
1125 4538 1282 4594 αὐτὸν
1322 4538 1384 4593 ού
1442 4541 1741 4616 γενήσεται.
1775 4542 1832 4596 '0

1953 3386 2063 3447 cto,
2096 3386 2153 3437 et
2181 3383 2343 3440 dedit
2371 3385 2519 3440 mihi
2558 3387 2781 3459 virgam
2806 3388 3038 3458 judicii.
3098 3389 3402 3445 Secundus
3452 3389 3596 3445 lavit

1952 3486 2046 3526 me
2075 3487 2228 3542 aqua
2257 3474 2563 3541 munda,et
2590 3474 2803 3531 cibavit
2829 3476 3025 3550 (dans)
3065 3494 3273 3549 panem
3306 3482 3366 3533 et
3390 3476 3592 3533 vinum

1952 3559 2172 3615 scilicet
2202 3561 2416 3617 Sancta
2445 3567 2865 3634 sanctorum,et
2892 3565 3277 3621 circumdedit
3307 3582 3400 3621 me
3443 3565 3594 3622 stola

1951 3651 2152 3704 sancta
2172 3652 2229 3704 et
2257 3649 2770 3721 gloriosa.Tertius
2792 3652 3030 3725 byssina
3050 3670 3144 3709 me
3174 3654 3388 3720 induit,
3412 3654 3593 3710 simili

1949 3735 2157 3806 ephod.
2192 3738 2445 3802 Quartus
2474 3756 2679 3794 zonam
2730 3741 2871 3795 mihi
2927 3741 3369 3814 circumposuit,
3428 3742 3592 3799 simi-

1951 3822 2064 3877 lem
2099 3825 2646 3895 purpurse.Quintus
2678 3844 2908 3883 ramum
2930 3827 3091 3883 olivae
3114 3829 3257 3883 mihi
3287 3827 3448 3883 dedit
3466 3828 3592 3899 pin-

1948 3912 2241 3982 guedinis.
2286 3913 2495 3969 Sextus
2540 3931 2814 3970 coronam
2863 3916 3036 3987 capiti
3087 3933 3212 3971 meo
3256 3915 3588 3986 circumpo-

1949 4000 2086 4056 suit.
2120 4001 2419 4074 Septimus
2451 4002 2721 4059 diadema
2750 4004 2924 4076 capiti
2957 4021 3084 4059 meo
3128 4004 3431 4059 sacerdotii
3477 4004 3587 4058 cir-
3618 4048 3629 4057 .

1947 4089 2369 4161 cumposuit,et
2397 4089 2659 4161 implevit
2689 4109 2900 4148 manus
2933 4108 3093 4147 meas
3114 4092 3588 4164 thymiamate,ut

1946 4178 2270 4234 sacerdotio
2302 4179 2575 4251 fungerer
2596 4179 3158 4236 Domino.Dixerunt
3187 4184 3382 4236 autem
3414 4180 3582 4237 mihi:

1948 4288 1977 4317 «
2011 4266 2163 4338 Levi,
2197 4269 2255 4323 in
2287 4267 2402 4322 tria
2431 4268 2715 4340 principia
2744 4268 3034 4324 dividetur
3072 4285 3269 4324 semen
3300 4272 3495 4336 tuum,
3526 4268 3585 4324 in

1945 4356 2181 4428 signum
2213 4355 2409 4429 glorias
2445 4357 2672 4412 Domini
2705 4357 3167 4429 supervenientis
3198 4374 3212 4424 ;
3241 4362 3298 4413 et
3332 4358 3432 4429 qui
3464 4375 3585 4414 cre-

1944 4444 2177 4512 diderit,
2212 4443 2401 4516 prima
2431 4462 2558 4500 sors
2588 4445 2717 4517 erit,
2749 4449 2805 4501 et
2826 4447 3016 4518 major
3036 4460 3214 4518 super
3243 4446 3438 4518 ipsum
3467 4463 3584 4503 non

1942 4532 2057 4589 ﬁet.
2090 4534 2393 4589 Secundus
2422 4533 2531 4590 erit
2558 4534 2619 4589 in
2649 4536 2995 4591 sacerdotio.
3028 4534 3279 4602 Tertius,
3312 4535 3364 4590 ei
3415 4551 3584 4591 voca-

178 4627 429 4704 δεύτερος
486 4623 629 4692 ἔςται
658 4628 709 4684 ἐν
740 4627 1023 4705 ἱερωσύνῃ.
1054 4632 1109 4682 '0
1163 4627 1370 4705 τρίτος,
1403 4627 1825 4700 ἐπικληθήσεται

1958 4621 2099 4675 )itur
2128 4637 2341 4676 nomen
2373 4636 2610 4691 novum,
2643 4622 2923 4694 quoniam
2955 4623 3075 4679 Rex
3103 4640 3172 4679 ex
3197 4622 3352 4678 Juda
3380 4637 3584 4678 exsur-

423 4787 825 4859 Κατεπάτησαν.
886 4784 1539 4861 Κατεπόνησανληίγηίίδ
1621 4790 1826 4845 labori-

177 4860 276 4916 bus
308 4860 704 4931 defatigarunt,
740 4861 858 4916 sive
887 4862 1261 4931 confecerunt.
1296 4860 1483 4931 GRAB.

400 4931 606 4993 Πάντας
636 4931 762 5004 τοὺς
797 4930 1315 5004 ξένουςλΠᾶσιίτοῖς
1347 4930 1538 5001 ξένοις.
1574 4935 1653 4986 ID.

248 5000 364 5074 (19)
397 5007 608 5056 Μιᾶναι.
643 5000 934 5063 Μιάναντες
968 5000 1140 5059 Δίναν.
1174 5003 1255 5058 ID.

249 5076 363 5149 (20)
394 5075 743 5149 Ἀπάροντες.
786 5075 1126 5149 Ἐπάραντες,
1178 5090 1290 5131 ms.
1351 5073 1530 5130 Oxon.
1580 5073 1692 5129 Sed
1741 5073 1821 5131 le-

174 5147 437 5221 gendum
469 5147 612 5221 puto
641 5147 955 5221 ἀπάραντες.
983 5147 1064 5201 ID.

393 5212 643 5291 Ἡμέρας.
662 5212 896 5274 Inserta:
927 5222 1065 5291 sunt
1086 5216 1212 5291 duae
1233 5232 1401 5291 voces
1422 5215 1569 5288 ἡμᾶς
1593 5212 1722 5272 ἐκεῖ.
1739 5222 1822 5273 ID.

246 5290 362 5363 (ἓξ)
393 5288 449 5363 ΪΟ
478 5288 711 5363 πρῶτος.
741 5294 857 5363 Ἔτι
892 5289 1155 5345 additum
1188 5288 1272 5343 Id.

245 5360 362 5429 (23)
393 5360 607 5430 νΑρτον.
642 5367 738 5416 Ms.
774 5362 853 5417 ID.

244 5431 361 5500 (24)
392 5429 558 5506 Ἅγια
606 5431 793 5506 ἁγίων.
831 5431 1022 5506 Minus
1078 5429 1308 5506 placent
1365 5446 1492 5506 quae
1551 5430 1611 5485 in
1668 5430 1825 5485 hunc

171 5501 371 5556 locum
406 5501 926 5559 ad'notat'Grabius
956 5520 968 5564 ;
1001 5501 1253 5557 ea’enim
1286 5501 1343 5556 in
1403 5501 1659 5557 alienum
1692 5517 1825 5557 sen-

171 5589 308 5628 sum
342 5574 565 5629 detorta
594 5572 962 5631 videntur.T&
992 5574 1159 5646 Ἅγια
1212 5575 1321 5646 τῶν
1379 5572 1546 5646 ᾁγίων
1617 5590 1824 5646 occur-

170 5648 315 5699 runt
343 5647 565 5716 passim
600 5647 659 5702 in
690 5647 873 5702 sacris
899 5644 1200 5712 litteri’s,in
1235 5644 1445 5716 primis
1476 5661 1608 5701 vero
1642 5644 1821 5716 Levit.

172 5715 647 5793 respondentque
691 5718 764 5775 iis
808 5716 1117 5793 praecipue,
1179 5715 1307 5790 qua
1364 5720 1573 5793 sponte
1630 5715 1825 5775 oblata

1937 4781 2203 4847 Domino,
2230 4780 2449 4853 ﬁebant
2475 4779 2676 4837 Sancta
2705 4790 3040 4847 sanctorum,
3069 4782 3469 4853 cadebantque
3524 4780 3583 4836 in

1938 4870 2114 4908 usum
2148 4852 2512 4908 sacerdotum
2545 4857 2602 4908 et
2628 4852 2956 4909 levitarum.
2993 4854 3191 4924 Neque
3223 4852 3391 4908 aliter
3438 4869 3579 4924 sane

1938 4924 2193 4981 sensisse
2223 4927 2519 4979 auctorem
2572 4926 3033 4981 Testamentorum
3086 4922 3247 4995 puto,
3299 4924 3442 4978 dum
3487 4922 3583 4995 hic

1937 4997 2071 5051 Levi
2099 4996 2182 5051 sic
2212 4995 2547 5066 loquentem
2579 4996 2819 5052 inducit.
2864 5027 2926 5037 —
2963 4994 3138 5052 Recte
3188 4994 3583 5050 consideranti

1935 5066 2059 5144 haec
2086 5066 2231 5122 visio
2263 5067 2458 5144 potius
2484 5066 2715 5122 videtur
2743 5068 2943 5124 referri
2999 5068 3069 5144 ad
3104 5066 3498 5144 christianum.
3526 5068 3584 5119 et

1936 5139 2201 5194 divinum
2233 5138 2435 5193 altaris
2466 5145 2897 5195 sacramentum
2931 5140 3041 5195 sub
3065 5144 3312 5209 utraque
3343 5138 3578 5209 specie;

1935 5211 2105 5280 cujus
2123 5214 2181 5265 et
2194 5209 2329 5264 hinc
2350 5225 2585 5281 quoque
2604 5211 2877 5281 primaeva
2890 5211 3034 5267 fides
3047 5206 3252 5266 contra
3272 5206 3577 5263 haereticos

1936 5282 2332 5355 Protestantes
2363 5282 2731 5355 comprobari
2760 5287 2977 5355 pote_st._
3002 5283 3219 5355 Dama.

2005 5353 2117 5423 (25)
2176 5350 2279 5407 Καὶ
2356 5350 2384 5403 ὁ
2441 5349 2901 5414 πιστεύσας.’Καὶ
2962 5349 3265 5423 ἐπίστευσα,
3299 5393 3318 5422 ,
3376 5350 3458 5406 ita
3514 5352 3582 5405 ut

1933 5428 2149 5498 πρῶτος
2182 5439 2389 5498 novam
2424 5423 2655 5480 inchoet
2687 5427 3010 5497 periodum.
3044 5426 3226 5498 GaAs.
3273 5453 3343 5498 έ-
3370 5423 3580 5487 ,Grseca

1933 5495 2104 5551 verbo
2138 5500 2308 5551 tenus
2340 5495 2422 5549 ita
2464 5502 2672 5551 sonant
2690 5495 2722 5551 ἐ
2758 5497 2821 5551 Et
2871 5499 2965 5567 qui
3010 5496 3335 5567 credzderit,
3371 5510 3580 5563 magna

1932 5583 2048 5623 sors
2079 5569 2202 5637 erit,
2226 5574 2289 5649 _et
2316 5582 2551 5649 magnus
2579 5583 2742 5640 super
2771 5564 2953 5643 ipsum
3008 5584 3116 5624 non
3148 5568 3239 5641 ﬁet
3270 5584 3288 5620 :
3322 5564 3432 5621 hoc
3489 5569 3580 5623 est

1932 5655 2092 5696 nemo
2123 5654 2300 5712 major
2330 5653 2465 5712 zpso.
