4036 6356
464 416 619 478 4059
1450 398 1987 477 TESTAMENTA
2030 399 2140 477 xii
2185 411 2893 480 PATRIARCHABUM.
3720 418 3889 481 mea

462 551 579 620 get,
612 551 672 602 et
700 545 873 602 taciet
901 545 1245 601 sacerdotim
1274 562 1509 615 novum,
1542 547 1865 602 secundum
1898 548 2056 618 typui

2296 547 2366 616 τῷ
2397 538 2571 619 ὄνομα
2599 546 2803 619 καινὸν,
2838 545 2917 602 ὅτι
2957 545 3210 621 βασιλεὺς
3258 546 3317 602 ἐκ
3362 553 3460 604 τοῦ
3518 547 3698 605 Ἰούδα
3751 551 3890 604 ἀνα-

462 634 728 710 gentium
759 634 819 689 in
852 650 1056 690 omnes
1088 638 1311 706 gentes.
1342 635 1640 692 Adventus
1690 639 1887 690 autem
1919 634 2056 706 ipsi!

2296 635 2491 707 ιςσεται,
2523 636 2612 690 καὶ
2657 638 2875 707 ποιήσει
2941 637 3203 713 ἱερατείαν
3252 639 3395 705 νέαν,
3443 639 3575 711 μετᾶ
3622 640 3719 693 τὸν
3786 638 3890 693 τύ-

460 722 796 789 inet’fabilis,
831 729 895 779 ut
925 723 1217 795 prepbeta
1246 722 1531 779 Altissimi
1561 739 1628 779 ex
1672 722 1897 779 semine
1926 722 2054 778 Ab’r:

2296 742 2319 774 ν
2362 726 2471 776 τῶν
2523 721 2711 792 ἐθνῶν,
2743 722 2820 785 εἷς
2871 725 3040 779 πάντα
3085 724 3151 778 τὰ
3198 722 3346 794 ἔθνη.
3378 725 3439 779 Ἣ
3483 722 3539 779 δὲ
3596 728 3890 800 παρουσία

461 812 601 869 ham
632 812 816 884 patris
846 812 1053 867 nostri.
1085 811 1268 867 Omne
1297 809 1681 868 desiderabile
1703 810 1765 866 in
1797 810 1977 867 Israel
1999 811 2055 867 til

2291 814 2381 864 τοῦ
2407 811 2698 888 ἄφραστος,
2728 810 2803 873 ὡς
2846 814 3133 888 προφήτου
3186 811 3401 887 ὑψηλοῦ
3433 814 3545 885 (26)
3596 813 3655 867 ἐκ
3702 812 3885 889 σπέρ-

464 900 596 971 erit,
628 904 685 957 et
709 899 919 957 semini
947 904 1045 955 tuo
1078 917 1092 967 ;
1126 905 1183 956 et
1206 899 1523 957 comedetis
1572 916 1744 956 omne
1791 898 2058 972 pulchrui

2295 919 2389 961 τος
2441 893 2690 975 Ἀϐραὰμ
2750 901 2956 977 πατρὸς
3015 903 3195 975 ἡμῶν.
3246 904 3356 956 Πᾶν
3427 900 3774 975 ἐπιθυμητὸν
3836 903 3888 955 ἐν

456 991 612 1059 visu,
645 993 704 1046 et
734 1005 997 1045 mensam
1030 988 1261 1045 Domini
1290 989 1605 1045 distribuet
1626 1004 1825 1045 semen
1860 993 2046 1059 tuum,

2294 986 2436 1063 ραήλ
2490 1008 2575 1042 σοι
2621 986 2787 1061 ἔσται,
2818 990 2908 1043 καὶ
2956 993 3033 1062 τῷ
3080 988 3345 1065 σπέρματί
3396 1008 3511 1044 σου·
3542 991 3633 1045 καὶ
3683 988 3887 1055 ἕδεσθε

462 1094 537 1136 ex
557 1078 705 1152 ipsis
734 1082 909 1135 erunt
940 1077 1246 1150 pontifices
1277 1082 1333 1133 et
1354 1078 1609 1150 jndices,
1638 1082 1694 1133 et
1723 1076 2056 1148 scribaé;quc

2294 1097 2317 1129 ν
2368 1076 2567 1153 ὡραῖον
2618 1077 2820 1153 ὁράσει,
2853 1078 2942 1133 καὶ
2988 1080 3087 1147 τὴν
3121 1080 3384 1150 τράπεζαν
3416 1080 3623 1156 Κυρίου
3682 1078 3888 1135 διανε-

458 1168 619 1225 niam
651 1169 712 1225 in
743 1183 842 1225 ore
873 1183 1073 1225 eorum
1119 1167 1481 1223 custodietur
1528 1170 1819 1223 sanctum.
1850 1186 1880 1216 η
1916 1166 1981 1220 Et
2009 1181 2052 1222 e:

2302 1186 2448 1220 σεται
2477 1165 2537 1220 τὸ
2569 1167 2783 1241 σπέρμα
2811 1187 2929 1233 σου,
2954 1167 3044 1222 καὶ
3094 1166 3143 1240 ἐξ
3193 1166 3368 1222 αὐτῶν
3418 1164 3623 1223 ἔσονται
3672 1168 3887 1244 ἀρχιε-

455 1258 820 1329 pergefactus
850 1257 1417 1328 intellexi,quoniam
1449 1256 1557 1312 hoc
1580 1255 1773 1312 simile
1801 1253 1961 1310 illlus
1993 1272 2049 1310 es

2288 1258 2346 1321 ῖς,
2378 1254 2578 1328 κριταὶ,
2611 1260 2973 1330 γραμματεῖς·
3007 1255 3089 1311 ὅτι
3124 1255 3210 1311 ἐπὶ
3245 1256 3513 1329 στόματος
3544 1257 3727 1311 αὐτῶν
3778 1280 3882 1335 ςυ-

455 1347 751 1402 Abscondi
783 1362 916 1402 vero
948 1345 1056 1401 hoc
1084 1344 1145 1400 in
1170 1345 1341 1401 corde
1372 1349 1586 1414 meo,et
1614 1362 1728 1401 non
1760 1343 2048 1401 annuntio.

2290 1344 2551 1417 χθήσεται
2731 1344 2792 1398 τὸ
2837 1344 3013 1419 ἅγιον.
3044 1367 3072 1396 ››
3102 1345 3203 1402 Καὶ
3257 1344 3583 1415 ἐξυπνισθεὶς
3636 1354 3884 1417 συνῆκα,

458 1434 568 1491 hoc
599 1434 875 1506 cuiquam
906 1433 1133 1491 homini
1162 1433 1222 1489 in
1251 1437 1427 1490 terra.

2294 1436 2484 1486 τοῦτο
2518 1429 2709 1505 ὅμοιον
2743 1430 2932 1506 ἐκείνῳ
2976 1432 3106 1489 ἐστί.
3139 1433 3301 1511 Καίγε
3352 1429 3554 1510 ἔκρυψα
3598 1440 3772 1491 τοῦτο
3834 1436 3888 1491 ἐν

2209 1523 2278 1595 τῇ
2327 1517 2521 1595 καρδίᾳ
2573 1539 2697 1593 μου,
2731 1520 2821 1576 καὶ
2880 1521 2981 1577 οὐκ
3029 1520 3332 1599 ἂνήγγειλα
3392 1523 3519 1578 αύτὸ
3568 1524 3729 1579 παντῖ
3786 1524 3886 1579 ἇν-

2212 1609 2422 1684 θρώπῳ
2451 1608 2538 1663 ἐπὶ
2577 1615 2677 1679 τῆς
2701 1616 2824 1686 γῆς.

522 1699 616 1772 ΙΧ,
650 1723 680 1753 ‹‹
709 1700 782 1757 Et
809 1701 1106 1773 postduos
1136 1700 1263 1757 dies
1284 1700 1659 1759 ascendimus
1692 1712 1799 1773 ego
1828 1704 1887 1756 et
1912 1700 1944 1756 J
1953 1700 2102 1756 udas

2289 1699 2355 1756 9'.
2388 1723 2417 1750 «
2451 1700 2552 1756 Καὶ
2601 1701 2716 1773 μεθ’
2745 1698 2954 1775 ἡμέρας
3004 1697 3100 1756 δύο
3151 1694 3347 1772 ἀνέϐην
3399 1701 3507 1777 ἐγὼ
3537 1701 3627 1757 καὶ
3656 1700 3883 1763 Ἰούδας

453 1790 527 1847 ad
559 1795 722 1847 Isaac
752 1806 885 1846 cum
913 1792 1076 1861 patre
1106 1793 1326 1858 nostro;
1354 1792 1411 1845 et
1436 1788 1729 1846 benedixit
1758 1788 1903 1843 mihi
1936 1792 2047 1860 pati

2288 1788 2345 1849 ὸς
2397 1788 2576 1843 Ἰσαὰκ
2633 1791 2767 1861 μετᾶ
2814 1789 2903 1843 τὸν
2957 1790 3161 1866 πατέρα
3216 1793 3406 1863 ἡμῶν·
3457 1792 3546 1846 καὶ
3594 1790 3882 1867 εὐλόγησέ

453 1880 638 1953 patris
667 1879 802 1949 mei,
828 1878 1151 1935 secundum
1182 1895 1482 1935 sermones
1506 1878 1800 1934 visionum
1832 1893 2047 1934 mearui

2310 1878 2338 1933 ὁ
2367 1879 2547 1952 πατὴρ
2593 1882 2690 1932 τοῦ
2740 1877 2941 1952 πατρός
2994 1899 3121 1952 μου,
3152 1880 3288 1935 κατᾶ
3334 1880 3459 1942 τοὺς
3502 1880 3697 1956 λόγους
3755 1886 3876 1936 τῶν

2291 1966 2300 1981 .
2394 1966 2411 1981 ,η
2690 1966 2717 1981 ν
2831 1963 2884 1981 τε.
3094 1967 3107 1981 .
3213 1967 3225 1981 ς
3326 1966 3352 1981 ς,
3421 1967 3440 1981 κ
3704 1972 3777 1981 ,μ

455 1985 605 2040 quas
633 1968 914 2037 videram;
938 1972 1125 2025 etnon
1138 1967 1324 2024 voluit
1346 1968 1431 2024 ire
1452 1968 1762 2025 nobiscum
1788 1968 1848 2023 in
1871 1966 2049 2024 Bethe

2286 1966 2445 2021 ὶσεών
2510 1987 2637 2040 μου,
2681 1966 2754 2020 ὧν
2806 1963 2969 2021 εἶδονο
3021 1967 3110 2021 καὶ
3171 1967 3270 2022 οὐκ
3315 1966 3482 2037 ἤθελε
3529 1972 3880 2044 πορευθῆναι

455 2057 531 2114 Ut
559 2060 754 2113 autem
776 2056 1045 2113 venimus
1076 2056 1523 2128 in,Bethel,vidit
1543 2061 1707 2128 pater
1729 2072 1895 2112 meus
1916 2056 2049 2112 Jaco

2284 2055 2328 2119 θ’
2356 2056 2517 2127 ἡμῶν
2552 2053 2629 2117 εἰς
2663 2052 2860 2124 Βεθήλ.
2894 2056 2983 2117 Ὠς
3016 2053 3073 2109 δὲ
3102 2053 3350 2128 ἤλθομεν
3375 2056 3451 2117 είς
3485 2056 3679 2133 βεθὴλ,
3724 2057 3878 2113 εἶδεν

456 2146 517 2203 in
546 2146 770 2202 visione
800 2146 870 2201 de
901 2146 1176 2217 me,quod
1211 2145 1443 2201 futurus
1488 2160 1677 2201 essem
1708 2144 1793 2200 eis
1824 2145 2050 2201 sacerdc

2290 2144 2445 2218 πατήρ
2480 2162 2585 2215 μου
2618 2138 2810 2199 Ἰακὼϐ
2859 2142 2911 2199 ἐν
2953 2144 3185 2216 ὁράματι
3244 2145 3369 2221 περὶ
3420 2144 3577 2218 ἐμοῦ,
3608 2146 3691 2200 ὅτι
3753 2146 3884 2202 ἔσο-

452 2236 525 2291 ad
556 2234 763 2291 Deum.
787 2235 857 2291 Et
885 2249 1203 2307 exsurgens
1235 2249 1407 2290 mane
1437 2233 1747 2289 decimavit
1766 2233 1966 2289 omnia
1994 2249 2046 2305 pl

2290 2252 2303 2284 ι
2362 2228 2546 2292 αὐτοῖς
2602 2229 2677 2292 εἰς
2735 2225 2883 2307 ἱερέα
2938 2231 3073 2305 πρὸς
3125 2232 3216 2287 τὸν
3268 2232 3420 2288 Θεόν.
3474 2232 3576 2290 Καὶ
3630 2234 3884 2298 ἀναστὰς

452 2340 547 2381 me
579 2324 920 2380 Domino.Et
948 2324 1219 2379 venimus
1253 2322 1313 2378 in
1339 2322 1570 2378 Hebron
1602 2322 1674 2377 ad
1706 2321 2046 2377 habitandui

2295 2320 2408 2393 (28)
2439 2319 2587 2394 πρωῒ
2633 2316 3007 2375 ἀπεδεκάτωσε
3049 2318 3217 2375 πάντα
3248 2317 3317 2374 δι’
3344 2319 3481 2394 ἐμοῦ
3526 2326 3605 2393 τῷ
3656 2322 3879 2397 Κυρίῳ,

448 2416 506 2471 et
534 2418 697 2469 Isaac
716 2412 941 2470 vocavit
972 2429 1065 2469 me
1097 2412 1400 2479 continuo,
1435 2415 1501 2468 ut
1547 2414 1899 2467 memoraret
1946 2409 2042 2466 mil

2288 2406 2305 2461 ὶ
2352 2405 2598 2481 ἤλθομεν
2652 2405 2727 2469 εἰς
2770 2403 3009 2483 Χεϐρὼν,
3038 2412 3137 2464 τοῦ
3181 2407 3500 2464 καταλῦσαν
3548 2410 3639 2465 καὶ
3682 2412 3882 2467 Ἰσαὰκ

449 2501 639 2575 legem
670 2502 927 2571 Domini,
967 2502 1121 2558 sicut
1151 2500 1499 2557 monstravit
1519 2500 1661 2555 mihi
1696 2499 1938 2572 angelus
1973 2501 2043 2555 De

2286 2494 2382 2552 ἱλει
2417 2517 2484 2570 με
2514 2500 2756 2572 συνεχῶς
2788 2500 2883 2551 τοῦ
2916 2496 3228 2571 ὑπομνῆσαι
3264 2501 3381 2572 (29)
3419 2519 3487 2571 με
3534 2499 3704 2573 νόμον
3764 2507 3880 2556 Κυ-

450 2582 519 2646 Et
545 2590 746 2646 docuit
776 2606 868 2646 me
896 2589 1085 2663 legem
1116 2588 1901 2657 sacerdotii,sacri{iciorum,
1931 2587 2044 2644 holi

2283 2608 2344 2657 νυ,
2376 2587 2553 2647 καθὼς
2584 2582 2749 2657 ἔδειξέ
2783 2607 2877 2660 μοι
2907 2586 2936 2640 ὁ
2976 2584 3213 2663 ἄγγελος
3258 2592 3356 2643 τοῦ
3402 2592 3557 2645 Θεοῦ.
3589 2590 3690 2644 Καὲ
3752 2589 3877 2646 ἐδί-

449 2683 871 2748 cautomatum,
908 2679 1323 2751 primitiarum,
1355 2678 1841 2744 voluntariorum,
1874 2675 2043 2732 saluti

2277 2674 2363 2729 σκέ
2413 2696 2480 2748 με
2522 2673 2691 2747 νόμον
2742 2673 3065 2749 ἱερωσύνης,
3096 2677 3314 2744 θυσιῶν,
3348 2674 3871 2753 ὁλοκαυτωμάτων,

450 2768 627 2825 rium.
660 2768 921 2842 Singulis
948 2768 1369 2824 diebusdocuit
1396 2784 1490 2822 me
1521 2766 1929 2839 intelligere,et
1959 2782 2044 2838 pei

2281 2768 2487 2839 αρχῶν,
2550 2761 2833 2835 ἑκουσίων,
2892 2764 3199 2841 σωτηρίων.
3258 2766 3355 2819 Καὶ
3427 2767 3493 2836 ἦν
3553 2770 3671 2831 καθ’
3732 2769 3875 2823 ἑκά-

454 2858 756 2915 severabat
777 2859 837 2913 in
860 2873 953 2913 me
971 2874 1169 2913 coram
1198 2856 1543 2913 Domino.Et
1554 2854 1696 2912 dixit
1714 2854 2048 2911 mihimCavc

2286 2875 2329 2924 γι
2371 2853 2579 2929 ἡμέραν
2610 2853 2895 2923 συνετίζων
2932 2874 3017 2927 με,
3049 2855 3138 2908 καὶ
3188 2854 3263 2917 εἰς
3311 2854 3407 2927 ἐμὲ
3438 2855 3880 2932 ἀσχολούμενος

448 2946 595 3018 ﬁli,a
616 2946 826 3020 spiritu
850 2945 1276 3014 fornicationis;
1297 2945 1391 3001 hic
1421 2945 1578 3001 enim
1609 2943 1995 3017 permanebit,
2032 2961 2042 2999 ι

2323 2940 2554 2997 ἐνώπιον
2600 2940 2821 3018 Κυρίου.
2856 2941 2953 2996 Καὶ
3002 2938 3154 3018 ἔλεγέ
3206 2961 3319 3015 μοι·
3370 2968 3400 2995 «
3452 2944 3715 3021 Πρόσεχε,
3778 2950 3875 3003 τὲ-

445 3053 549 3109 per
577 3052 777 3093 semen
799 3040 970 3091 tuum
994 3034 1331 3108 inquinabit
1358 3034 1799 3105 sancta.Accipe
1828 3049 1964 3106 ergo
1986 3032 2039 3088 ti?

2278 3052 2322 3086 >v
2367 3033 2501 3105 (30),
2552 3030 2658 3086 ἀπὸ
2716 3034 2814 3086 τοῦ
2861 3029 3166 3105 πνεύματος
3210 3040 3311 3101 τῆς
3366 3034 3637 3106 πορνείας·
3688 3041 3872 3091 τοῦτο

447 3133 710 3192 uxore’m,
742 3124 934 3181 adhuc
956 3124 1191 3196 juvenis
1222 3123 1494 3191 existens,
1514 3121 1806 3179 maculam
1837 3139 1953 3178 non
1985 3121 2041 3178 hi

2280 3139 2297 3174 9
2329 3117 2625 3196 ἐνδελεχεῖ,
2655 3120 2744 3174 καὶ
2781 3117 2974 3193 μέλλει
3008 3119 3234 3193 μιαίνειν
3266 3118 3354 3176 διὰ
3397 3126 3495 3177 τοῦ
3542 3124 3874 3199 σπέρματός

441 3215 677 3271 bentem
691 3229 881 3288 neque
895 3213 1284 3286 inquinatam,
1299 3228 1487 3285 neque
1501 3213 1794 3285 degenere
1815 3209 2035 3284 alienigi

2270 3230 2298 3265 υ
2346 3210 2494 3284 ἅγιαο
2529 3203 2675 3264 Λάϐε
2704 3206 2793 3263 οὖν
2826 3212 3031 3281 σεαυτῷ
3076 3213 3323 3284 γυναῖκα,
3356 3206 3433 3265 ἔτι
3465 3210 3584 3273 νέος
3627 3210 3729 3282 ὢν,
3780 3216 3864 3287 μή

454 3322 664 3362 narum
681 3303 770 3361 vel
786 3284 1148 3377 gentiu_m.Et
1163 3284 1477 3374 antequam
1500 3284 1682 3357 intres
1703 3300 1763 3356 in
1784 3299 2048 3367 sancta,li

2278 3318 2431 3354 ουσαν
2468 3301 2680 3371 μῶμον,
2718 3294 2858 3371 μηδὲ
2891 3294 3310 3374 βεϐηλωμὲνην,
3343 3301 3483 3373 μήτε
3510 3300 3616 3356 ἀπὸ

454 3411 592 3451 vare
625 3412 639 3451 :
671 3396 729 3449 et
758 3394 817 3449 in
850 3391 1474 3461 sacrificando,lavare;
1507 3392 1565 3448 et
1592 3388 1892 3463 complens
1916 3405 2047 3447 sacr

2283 3385 2540 3467 λοιρύλων
2572 3387 2609 3457 ἢ
2638 3386 2824 3444 ἐθνῶν.
2865 3387 2968 3443 Καὶ
3024 3388 3131 3452 πρὸ
3184 3392 3283 3443 τοῦ
3336 3387 3591 3444 εἶσελθεῖν
3655 3390 3735 3451 εἷς
3800 3394 3873 3448 τᾶ

454 3484 887 3550 ﬁcium,rursus
900 3480 1434 3538 lavare.Duodecim
1450 3478 1724 3536 arborum
1743 3479 2048 3552 semperha

2279 3499 2351 3545 ια,
2385 3475 2573 3533 λούουο
2605 3475 2694 3531 καὶ
2753 3476 2804 3531 ἐν
2860 3481 2941 3548 τῷ
3001 3475 3163 3543 θύειν,
3222 3476 3437 3532 νίπτου’
3478 3478 3567 3533 καὶ
3627 3479 3871 3557 ἀπαρτί-

456 3572 724 3629 bentium
758 3570 895 3627 folia
926 3571 1197 3643 (fructus)
1228 3571 1370 3626 oil‘er
1400 3570 1664 3636 Domino,
1697 3572 1764 3624 ut
1791 3569 1967 3625 etiam
2001 3574 2050 3624 ω

2270 3588 2309 3622 »ν
2358 3564 2522 3622 πάλιν
2564 3566 2662 3635 τὴν
2712 3564 2917 3638 θυσίαν,
2964 3565 3176 3620 νίπτου.
3220 3563 3439 3621 Δώδεκα
3486 3564 3721 3641 δένδρων
3776 3569 3864 3624 ἀεὶ

449 3659 745 3717 Abraham
772 3660 987 3714 docuit.
1021 3661 1089 3714 Et
1118 3659 1310 3715 omnis
1342 3658 1615 3715 animalis
1646 3657 1873 3726 mundi,
1907 3660 1965 3714 et
1991 3673 2043 3713 vc

2273 3656 2441 3711 ὄντων
2475 3652 2660 3735 φύλλα
2688 3653 2923 3729 ἀνάγαγε
2949 3658 3029 3727 τῷ
3061 3653 3266 3731 Κυρίῳ,
3299 3655 3373 3716 ὡς
3419 3656 3562 3729 κάμὲ
3592 3653 3863 3733 ’Δϐραᾶμ

449 3747 629 3804 latilis
658 3747 865 3803 mundi
893 3748 1035 3803 oll'er
1063 3747 1418 3803 sacrificium
1457 3747 1726 3804 Domino.
1778 3748 1848 3802 Et
1898 3763 2034 3802 omn

2270 3742 2421 3817 ίδαξε.
2479 3743 2576 3797 Καὶ
2650 3743 2849 3806 παντὸς
2925 3743 3068 3812 ζώου
3131 3745 3387 3820 καθαροῦ,
3448 3746 3537 3800 καὶ
3596 3754 3864 3803 πετεινοῦ

450 3836 623 3909 primi
655 3836 936 3909 germinis
967 3837 1051 3892 tui
1081 3840 1139 3892 et
1166 3835 1285 3891 vini
1316 3836 1457 3891 offer
1495 3836 1806 3908 primitias,
1867 3835 2044 3892 sacrit:

2272 3838 2435 3910 θαροῦ
2498 3832 2735 3911 πρόφερε
2810 3831 2989 3896 θυσίαν
3066 3836 3146 3904 τῷ
3205 3833 3409 3907 Κυρίῳ.
3479 3836 3578 3889 Καὶ
3658 3840 3864 3899 παντὸς

450 3926 605 3981 cium
636 3924 882 3982 Domino
957 3929 1014 3981 et
1042 3941 1214 3981 omne
1244 3924 1597 3981 sacrificium
1644 3923 1767 3981 sale
1815 3941 2044 3998 conspei

2267 3920 2694 3997 νωτογενήματὸς
2750 3941 2865 3993 σου,
2897 3920 2985 3975 καὶ
3045 3917 3205 3975 οἷ’νων
3263 3920 3533 3998 πρόσφερε
3573 3923 3861 3999 ἀπαρχὰς,

452 4030 579 4088 ges.
622 4036 652 4066 ››
2201 4010 2381 4076 θυσίαν
2439 4015 2518 4083 τῷ
2565 4008 2766 4086 Κυρίῳ’
2797 4008 2886 4063 καὶ
2937 4014 3104 4064 πᾶσαν
3154 4009 3333 4073 θυσίαν
3386 4009 3543 4065 ἅλατι
3588 4010 3794 4073 ἐλεεῖς.
3834 4036 3866 4064 ι»

518 4107 590 4160 Χ.
624 4125 653 4155 ‹‹
682 4107 850 4160 Nunc
881 4103 1059 4177 igitur
1100 4104 1408 4171 custodite,
1461 4094 1825 4177 quiscunque
1873 4104 2088 4160 mando

2271 4106 2330 4159 P.
2365 4121 2394 4150 ‹‹
2424 4103 2529 4154 Νῦν
2561 4097 2651 4155 οὖν
2680 4096 2965 4177 φυλάξατε,
3001 4096 3097 4152 ὅσα
3154 4090 3257 4173 ἐγὼ
3308 4096 3640 4171 ἐντέλλομαι
3702 4101 3865 4174 ὑμῖν,

444 4193 632 4261 vobis,
663 4192 807 4261 filii;
840 4194 1119 4266 quoniam
1149 4208 1509 4266 quaecunque
1538 4193 1732 4249 audivi
1763 4210 1797 4249 a
1826 4193 2038 4266 patribt

2269 4206 2374 4244 ιναο
2433 4186 2515 4244 ὅτι
2575 4186 2673 4243 ὅσα
2728 4184 2936 4265 ἤκουσα
3006 4187 3151 4263 παρὰ
3226 4191 3332 4240 τῶν
3408 4188 3658 4263 πατέρων
3727 4211 3863 4263 μου,

447 4281 617 4351 meis,
651 4282 988 4338 annuntiavi
1019 4282 1496 4339 vobis.lnnocens
1526 4299 1659 4339 sum
1691 4281 1762 4338 ab
1794 4282 2041 4338 omniin

2276 4274 2504 4354 ἤγγειλα
2570 4275 2718 4349 ὑμῖν.
2768 4273 2974 4337 Ἀθῶός
3030 4274 3145 4347 εἶμι
3200 4274 3306 4329 ἀπὸ
3361 4277 3537 4344 πάσης
3602 4274 3870 4341 ἀσεϐείας

444 4369 658 4441 pietate
687 4373 880 4425 vestra
909 4376 965 4425 et
996 4370 1478 4443 lransgreésione,
1529 4387 1709 4443 quam
1758 4362 1983 4428 facietis
2027 4372 2038 4426 i

2275 4371 2351 4422 Ew
2412 4365 2501 4421 καὶ
2553 4358 2927 4441 παραϐάσεως,
2972 4365 3034 4433 ἣν
3092 4365 3351 4435 ποιήσετε
3423 4363 3510 4419 ἐπὶ
3570 4366 3869 4441 συντελείᾳ

444 4459 956 4515 consummatione
988 4459 1335 4515 saa'culorum
1367 4458 1427 4516 in
1473 4459 1831 4516 Salvatorem
1880 4475 2038 4515 muni

2272 4476 2305 4509 ,ν
2337 4454 2545 4511 αἰώνων
2579 4452 2653 4516 εἷς
2680 4454 2771 4509 τὸν
2803 4458 3035 4528 Σωτῆρα
3089 4457 3187 4537 τοῦ
3243 4452 3453 4526 κόσμου
3506 4452 3866 4528 ἀσεϐοῦντες,

441 4546 622 4619 impie
650 4547 951 4616 facientes,
983 4549 1328 4604 seducentes
1348 4539 1545 4618 Israel,
1570 4552 1627 4604 et
1656 4549 2035 4606 suscitantes

2279 4548 2507 4607 ανῶντες
2555 4543 2644 4598 τὸν
2692 4540 2934 4619 Ἰσραῆλ,
2964 4541 3053 4596 καὶ
3103 4540 3467 4619 ἐπεγείροντες
3508 4542 3667 4615 αὐτῷ’
3719 4548 3870 4601 κακὲ

442 4634 599 4691 mala
622 4651 835 4709 magna
856 4653 888 4691 a
912 4636 1253 4692 Domino.Et
1276 4637 1472 4709 inique
1490 4628 1714 4694 faeieti’s
1740 4653 1874 4693 cum
1909 4638 2036 4693 Israi

2272 4631 2413 4710 γάλα
2442 4633 2587 4709 παρὰ
2616 4631 2820 4708 Κυρίῳ.
2854 4631 2954 4686 Καὶ
3004 4632 3307 4704 ἀνομήσετε
3346 4630 3439 4686 σὺν
3478 4636 3560 4705 τῷ
3601 4634 3866 4710 Ἰσραῆλ,

439 4728 507 4780 ut
536 4742 654 4782 non
686 4725 976 4782 sustineat
1006 4742 1068 4781 se
1095 4724 1423 4781 Jerusalem
1450 4742 1484 4780 a
1516 4726 1659 4781 facie
1719 4724 1955 4781 malitiae
1986 4741 2033 4779 ν(

2273 4742 2336 4778 τε
2387 4724 2462 4796 μὴ
2518 4720 2775 4797 βαστάσαι
2822 4718 3185 4793 Ἰερουσαλήμ
3226 4720 3330 4775 ἀπὸ
3390 4723 3696 4798 προσώπου
3757 4746 3867 4780 πο-

442 4817 574 4872 straa
608 4832 622 4885 ;
656 4814 758 4871 sed
789 4814 1096 4871 scindatur
1122 4813 1316 4871 velum
1348 4812 1646 4886 templi,ut
1676 4830 1792 4869 non
1817 4812 1965 4870 velet
1987 4814 2036 4869 dt

2277 4810 2387 4886 ρίας
2422 4811 2593 4883 ὑμῶν’
2629 4807 2774 4866 ἀλλά
2805 4805 2987 4885 σχίσαι
3018 4809 3079 4863 τὸ
3130 4806 3332 4883 ἔνδυμα
3372 4814 3469 4864 τοῦ
3524 4816 3685 4883 ναοῦ,
3721 4812 3871 4868 ὥστε

440 4904 798 4961 formitatem
819 4908 1070 4961 vestram
1086 4947 1096 4959 .
1111 4904 1178 4959 Et
1195 4903 1613 4976 dispergemini
1636 4902 1849 4975 captivi
1867 4902 1928 4958 in
1951 4918 2034 4975 gei

2275 4933 2277 4969 ι
2328 4896 2757 4955 κατακαλύπτειν
2812 4896 3201 4974 ἀσχημοσύνῃν
3261 4898 3433 4971 ὑμῶν.
3468 4898 3566 4954 Καὶ
3621 4897 3869 4957 διασπα-

439 4993 624 5061 tibus,
658 4996 716 5048 et
743 4994 905 5050 eritis
937 4993 995 5049 in
1028 4992 1434 5065 opprobrium,
1486 4996 1544 5048 et
1591 4991 2033 5048 maledictionen

2276 4989 2427 5043 σεσθε
2456 4985 2813 5062 αἰχμάλωτοι
2843 4984 2894 5040 ἐν
2926 4991 3041 5049 τοῖς
3076 4983 3267 5058 ἔθνεσι,
3296 4987 3386 5041 καὶ
3420 4983 3597 5043 ἔσεσθε
3631 4988 3715 5051 εἷς
3748 4994 3870 5065 (31)

440 5087 498 5138 et
526 5078 1267 5150 conculcationem;domus
1298 5080 1454 5137 enim
1486 5096 1665 5153 quam
1699 5078 1872 5153 eliget
1896 5080 2032 5135 Dom

2273 5075 2532 5150 ειδισμὸν,
2592 5074 2681 5130 καί
2766 5076 3022 5150 κατάραν,
3078 5073 3167 5130 καὶ
3226 5078 3605 5148 καταπάτήμα·
3674 5079 3703 5133 ὁ
3756 5082 3867 5157 γὰρ

441 5188 578 5240 nus,
605 5170 936 5229 Jerusalem
966 5170 1797 5243 vocabitur,quemadmodum
1831 5170 2035 5225 contini

2276 5187 2374 5238 ιος,
2407 5167 2465 5221 ὃν
2500 5165 2560 5220 ἂν
2595 5163 2870 5235 ἐκλέξηται
2919 5163 3138 5240 Κύριος,
3167 5164 3528 5241 Ἰερουσαλὴμ
3578 5164 3870 5238 κληθήσε-

444 5260 593 5317 liber
620 5261 816 5318 Enoch
840 5260 1011 5334 justi.

2274 5276 2304 5329 ι,
2332 5250 2510 5317 καθὼς
2566 5252 2808 5330 περιέχει
2875 5249 3070 5329 βίϐλος
3103 5254 3286 5331 Ἑνὼχ
3339 5259 3436 5310 τοῦ
3468 5253 3687 5311 διααίου
3720 5260 3868 5333 (3‘2).

514 5456 622 5539 (2t?)
669 5456 1006 5539 :Aqapaa'roc,
1194 5525 1205 5539 '
1244 5454 1528 5539 προφήτου
1597 5452 1835 5530 ὑψηλοῦ.
1924 5452 2089 5529 Ἀγα-
2414 5452 2633 5539 Ἐέκνον.
2670 5456 2908 5539 ξεαυτιῶ.
2939 5454 3021 5510 ΙΙ).

444 5525 621 5607 «ira,
654 5525 1049 5607 ᾡςθέροφήτής
1085 5525 1572 5607 Timarum-
1643 5525 1652 5530 ·
2005 5525 2015 5529 ⁷

1542 5546 1572 5607 ε.
1643 5525 1652 5530 ’
2005 5525 2015 5529 ⁷
2416 5525 3028 5607 Ej‘ﬁjExsiadditum:
3056 5526 3136 5607 Ιρ.

661 5590 1105 5677 Ῠυλᾴχόῇσεται.
1138 5590 1504 5677 Ᾱηφθήσεται.
1534 5600 1616 5656 ID.

2440 5590 2659 5677 Βίβλος.
2692 5596 2875 5677 Ἐκὼχ
2928 5599 3024 5677 τοῦ
3082 5592 3323 5677 δικαίου..
3369 5596 3502 5677 {am
3549 5615 3731 5671 supra
3800 5597 3863 5655 in

2368 5454 2384 5669 Ξ

539 5671 632 5744 28)
656 5667 755 5744 _Td.
787 5667 944 5727 ’Ᾰῖπόζ
978 5673 1058 5744 In,
1209 5667 1251 5677 "
1322 5667 1329 5670 ‘
1411 5738 1421 5744 ,
1567 5741 1588 5744 _

2269 5667 2574 5744 istamento
2601 5667 2896 5744 Simeon'is
2927 5670 2956 5736 §
2984 5669 3345 5744 v,citaverat
3357 5668 3556 5742 aliqua
3584 5667 3654 5726 ex
3686 5688 3863 5744 χαρατ

539 5671 632 5739 28)
662 5669 755 5726 Τό.
787 5669 944 5727 Ἀπό.
978 5673 1058 5728 ID.
1211 5669 1251 5677 ⁷’
1325 5669 1328 5670 ⁷

511 5669 625 5820 ί29)
653 5741 1008 5816 Ὑπομνῆσαι.
1041 5743 1282 5817 Ὑπομνη
1295 5738 1531 5816 ματίσαι.
1566 5741 1647 5798 ID.

2268 5673 2574 5725 :stamento
2601 5669 2896 5725 Simeon’i‘s
2927 5670 2956 5736 §
2984 5669 3332 5736 v,citaverat
3357 5669 3556 5742 aliqua
3584 5669 3654 5726 ex
3686 5688 3862 5744 χαρα-

2272 5744 2365 5817 ῆρι
2402 5742 2623 5818 γραφῆς
2658 5737 2859 5816 Ἑνὼχ,
2892 5744 2951 5797 et
2994 5740 3123 5813 jam
3183 5740 3243 5798 in
3299 5739 3670 5798 Testamento
3725 5740 3862 5799 Levi
