4036 6356
478 418 632 485 1063

1457 413 1987 478 TESTAMENTA
2033 411 2140 477 XII
2184 412 2893 479 PATRIARCHARUM.

3738 413 3881 478 1064

472 555 792 614 Dominum
823 551 1006 610 Deum
1041 564 1306 608 nostrum
1339 567 1407 605 ex
1436 552 1554 605 toto
1584 550 1756 605 corde
1782 574 1796 617 ;
1827 553 1884 605 et
1912 548 2093 605 ambu

2237 540 2443 601 δεῖσθαι
2499 545 2692 622 Κύριον
2738 547 2831 602 τὸν
2879 548 3007 603 Θεὸν
3038 548 3197 621 ἡμῶν
3232 546 3283 618 ἐξ
3314 545 3453 618 ὅλης
3482 555 3582 618 τῆς
3613 546 3842 623 καρδίας
3868 572 3879 584 ο

473 644 590 702 late
616 644 677 700 in
708 641 1082 714 simplicitate
1109 639 1300 697 cordis
1331 639 1656 695 secundum
1689 654 1900 694 omnen
1931 637 2120 710 legem

470 734 680 807 ipsius.
706 732 916 788 Docete
939 734 1135 786 autem
1166 732 1222 785 et
1242 745 1344 785 vos
1368 727 1519 784 ﬁlios
1539 731 1765 784 vestros
1786 727 2030 798 litteras,
2056 730 2122 782 ut

471 822 729 878 habeant
757 819 1117 876 intellectum
1150 818 1208 873 in
1239 817 1400 873 omni
1442 817 1560 873 vita
1602 832 1826 886 eorum,
1863 815 2122 888 legentes

470 909 875 966 indesinenter
896 908 1082 981 legem
1106 906 1237 975 Dei;
1271 905 1549 977 quoniam
1573 912 1765 960 omnis
1788 904 1888 976 qui
1913 920 2122 976 cogno-

468 999 581 1057 scit
607 998 793 1071 legem
827 997 921 1052 Dei
951 1015 964 1064 ;
994 994 1379 1051 honorabitur
1398 998 1457 1050 et
1482 1010 1594 1048 non
1618 994 1727 1049 erit
1751 993 2115 1065 peregrinus,

467 1102 823 1159 quocunque
842 1085 1019 1142 vadit.
1043 1084 1278 1139 Amicos
1301 1099 1534 1153 quoque
1557 1081 1743 1138 multo
1775 1082 1971 1153 plures
1994 1082 2120 1138 suis

461 1176 828 1250 genitoribus
858 1172 1121 1241 habebit,
1153 1178 1210 1228 et
1240 1170 1661 1227 desiderabunt
1706 1169 1877 1225 multi
1926 1169 2116 1225 homi-

467 1282 617 1322 num
648 1263 866 1321 servire
896 1263 970 1331 ei,
1002 1266 1176 1334 atque
1210 1260 1412 1316 audire
1449 1259 1638 1332 legem
1669 1276 1739 1314 ex
1785 1276 1882 1315 ore
1902 1258 2114 1330 ipsius.

465 1353 658 1410 Facite
681 1351 1000 1424 justitiam,
1037 1349 1140 1405 ﬁlii
1187 1349 1324 1417 mei,
1355 1348 1415 1403 in
1437 1352 1611 1416 terra,
1637 1352 1701 1403 ut
1721 1348 2032 1404 inveniatis
2053 1347 2114 1403 in

460 1441 655 1510 caelis;
689 1444 747 1497 et
774 1440 1059 1495 seminata
1084 1438 1145 1493 in
1169 1437 1486 1493 animabus
1509 1436 1720 1493 vestris
1742 1436 1918 1504 bona,
1941 1439 2007 1491 ut
2025 1435 2118 1492 in-

455 1529 708 1587 veniatis
739 1544 808 1585 ea
835 1528 897 1584 in
926 1528 1044 1584 vita
1072 1531 1285 1584 vestra.
1316 1526 1377 1583 Si
1407 1524 1563 1581 enim
1596 1525 1900 1581 seminetis
1931 1524 2107 1596 mala,

461 1634 698 1676 omnem
727 1616 1126 1674 turbationem
1158 1620 1216 1672 et
1243 1613 1686 1671 tribulationem
1717 1613 1971 1670 metetis.
2002 1614 2109 1670 Sa-

458 1707 744 1780 pientiam
773 1705 1064 1778 possidete
1091 1706 1151 1761 in
1183 1704 1391 1760 timore
1420 1703 1523 1758 Dei
1543 1719 1676 1758 cum
1705 1702 1900 1758 studio
1925 1719 1940 1769 ;
1968 1718 2109 1774 quo-

456 1797 618 1853 niam
649 1796 699 1852 si
729 1796 832 1851 ﬁat
861 1794 1192 1867 captivitas,
1215 1797 1271 1849 et
1300 1792 1562 1849 civitates
1593 1792 2027 1862 disperdantur,
2047 1794 2105 1846 et

454 1886 745 1959 regiones,
776 1887 832 1941 et
861 1899 1095 1951 aurum,
1128 1884 1185 1938 et
1210 1885 1542 1953 argentum,
1566 1884 1623 1936 et
1652 1879 1847 1935 omnis
1874 1895 2104 1950 posses-

455 1974 543 2031 sio
570 1976 785 2046 pereat,
818 1970 1101 2045 sapientis
1135 1969 1484 2042 sapientiam
1515 1967 1714 2024 nullus
1759 1970 1949 2040 potest
1992 1984 2102 2023 au-

454 2064 624 2132 ferre,
658 2061 773 2119 nisi
805 2061 1034 2118 caecitas
1064 2058 1384 2132 impietatis
1415 2061 1473 2113 et
1500 2057 1809 2113 obcaecatio
1835 2057 2097 2128 peccati;

459 2149 734 2224 quoniam
781 2150 891 2206 erit
938 2148 991 2205 ei
1037 2148 1159 2204 haec
1204 2152 1262 2203 et
1308 2148 1463 2219 apud
1511 2146 1713 2202 hostes
1744 2145 1923 2212 clara,
1954 2150 2011 2201 et
2040 2145 2100 2201 in

451 2243 609 2296 terra
637 2238 827 2295 aliena
856 2237 1065 2309 patria,
1098 2241 1155 2293 et
1183 2236 1243 2291 in
1275 2234 1466 2292 medio
1507 2234 1883 2290 inimicorum
1934 2233 2097 2290 inve-

450 2328 644 2384 nietur
674 2327 917 2383 amicus.
951 2326 1011 2381 Si
1043 2327 1243 2381 docert
1270 2324 1393 2380 haec
1435 2328 1492 2379 et
1538 2323 1729 2390 faciat,
1763 2323 1990 2378 sedebit
2036 2322 2097 2378 in

448 2418 661 2474 throno
693 2433 826 2472 cum
855 2430 1011 2489 rege,
1044 2413 1197 2470 sicut
1222 2418 1281 2470 et
1309 2413 1525 2486 Joseph
1554 2413 1731 2467 frater
1759 2416 1976 2467 noster.

520 2716 668 2772 XIV.
705 2737 734 2767 «
755 2715 825 2771 Et
845 2732 1023 2782 nunc,
1051 2713 1179 2782 ﬁlii,
1212 2712 1453 2787 cognovi
1478 2729 1547 2769 ex
1573 2712 1872 2785 Scriptura
1894 2712 2089 2769 Enoch

449 2807 605 2877 quod
637 2805 696 2860 in
728 2804 844 2860 ﬁne
872 2803 1050 2875 impie
1077 2802 1282 2875 agetis,
1305 2803 1363 2858 in
1387 2802 1701 2858 Dominum
1727 2818 1940 2857 manus
1960 2799 2092 2871 inji-

448 2893 668 2949 cientes
705 2892 765 2948 in
819 2893 977 2948 omni
1030 2891 1289 2959 malitia;
1339 2891 1775 2947 confundantur
1818 2889 1880 2944 in
1925 2889 2090 2945 vobis

447 2982 654 3037 fratres
682 2980 880 3048 vestri,
907 2984 965 3036 et
993 2981 1268 3036 omnibus
1296 2979 1571 3052 gentibus
1598 2978 1698 3034 fiet
1742 2977 1959 3034 illusio.
1993 2979 2089 3033 Et-

447 3070 605 3126 enim
639 3074 802 3142 pater
831 3073 1032 3124 noster
1059 3068 1235 3124 Israel
1267 3068 1527 3123 mundus
1556 3068 1667 3123 erit
1685 3067 1758 3121 ab
1789 3067 2089 3137 impietate

444 3157 776 3230 principum
800 3158 1192 3223 sacerdotum,
1217 3155 1319 3229 qui
1346 3155 1612 3227 injicient
1632 3172 1844 3210 manus
1865 3171 2005 3210 suas
2026 3155 2087 3210 in

2229 635 2318 689 καὶ
2369 635 2661 711 πορεύεσθε
2710 635 2761 690 ἐν
2812 635 3083 707 ἁπλότητι
3134 634 3356 714 καρδίας
3405 640 3543 692 κατὰ
3587 639 3767 693 πάντα
3799 640 3877 694 τὸν

2229 722 2399 796 νόμον
2452 724 2636 783 αὐτοῦ.
2685 722 2939 796 Διδάξατε
2983 723 3041 780 δὲ
3088 725 3177 781 καὶ
3228 726 3383 799 ὑμεῖς
3430 726 3679 781 τὰτέκνα
3736 728 3877 799 ὑμᾷιιι

2228 811 2547 888 γράμματα,
2592 811 2685 868 ἵνα
2741 811 2910 890 ἔχωσι
2960 814 3165 869 σύνεσιν
3213 813 3264 869 ἐν
3316 815 3459 889 πάσῃ
3504 820 3572 889 τῇ
3626 820 3744 889 ζωῇ
3786 817 3877 870 αὖ·

2227 906 2359 972 τῶν,
2392 902 2849 977 ἀναγινώσκοντες
2881 900 3245 965 ἀδιαλείπτως
3274 904 3365 958 τὸν
3396 903 3560 977 νόμον
3590 909 3691 959 τοῦ
3722 910 3873 960 θεοῦ·

2228 988 2309 1044 ὅτι
2361 995 2488 1061 πᾶς,
2543 989 2601 1053 ὅς
2648 992 2914 1066 γνώσεται
2962 991 3131 1064 νόμον
3182 997 3337 1059 Θεοῦ,
3368 996 3757 1065 τιμηθήσεται,
3790 996 3871 1048 zz‘:

2228 1078 2329 1134 οὐκ
2376 1077 2522 1134 ἔσται
2570 1078 2740 1150 ξένος,
2791 1080 2928 1135 ὃπου
2975 1080 3185 1157 ὑπάγει.
3218 1080 3381 1157 Καίγε
3408 1082 3654 1144 πολλοὺς
3683 1083 3873 1159 φίλους

2228 1166 2362 1243 ὑπερ
2384 1173 2566 1243 γονεῖς
2587 1170 2863 1242 κτήσεται,
2894 1169 2983 1224 καὶ
3001 1169 3401 1243 ἐπιθυμήσουσι
3432 1168 3637 1226 πολλοὶ
3658 1177 3772 1226 τῶν
3796 1174 3876 1227 ἀν-

2226 1256 2459 1332 θρώπων
2513 1254 2799 1311 δουλεῦσαι
2844 1257 3010 1330 αὐτῷ,
3053 1258 3142 1314 καὶ
3190 1258 3412 1314 ἀκοῦσαι
3467 1258 3630 1331 νόμον
3681 1263 3743 1315 ἐκ
3784 1266 3875 1315 τοῦ

2222 1344 2493 1419 στόματος
2541 1344 2726 1403 αὐτοῦ.
2779 1348 3053 1417 Ποιήσατε
3122 1345 3490 1418 δικαιοσύνην,
3538 1350 3698 1404 τέκνα
3751 1371 3871 1423 μου,

2222 1432 2310 1488 ἐπὶ
2355 1440 2456 1504 τῆς
2504 1441 2629 1511 γῆς,
2676 1432 2768 1490 ἵνα
2810 1434 3003 1512 εὕρητε
3055 1436 3106 1491 ἐν
3136 1441 3251 1498 τοῖς
3282 1435 3531 1512 οὐρανοῖς
3555 1457 3567 1469 ο
3599 1436 3691 1492 καὶ
3726 1439 3872 1493 σπεί-

2221 1542 2347 1596 ρατε
2402 1522 2452 1577 ἐν
2500 1529 2622 1586 ταῖς
2676 1526 2882 1600 ψυχαῖς
2938 1524 3089 1597 ὑμῶν
3141 1525 3326 1601 ἀγαθὰ,
3382 1524 3469 1580 ἵνα
3516 1524 3710 1600 εὕρητε
3743 1526 3871 1581 αὗτᾶ

2219 1609 2272 1666 ἐν
2315 1614 2385 1685 τῇ
2438 1615 2553 1686 ζωῇ
2612 1612 2785 1685 ὑμῶν.
2846 1613 2965 1667 Ἐὰν
3020 1613 3121 1689 γὰρ
3179 1612 3439 1688 σπείρητε
3477 1615 3635 1683 κακὰ,
3696 1622 3863 1670 πᾶσαν

2213 1701 2462 1776 ταραχήν
2511 1699 2601 1755 καὶ
2658 1699 2841 1775 θλίψιν
2902 1701 3155 1777 θερίσετε.
3216 1702 3417 1779 Σοφίαν
3491 1706 3757 1774 κτήσασθε
3815 1704 3863 1759 ἐν

2214 1783 2370 1866 φόϐῳ
2418 1786 2551 1844 Θεοῦ
2603 1790 2738 1862 μετά
2780 1787 3019 1859 σπουδῆς
3042 1797 3055 1819 ⁸
3092 1788 3174 1845 ὅτι
3208 1788 3296 1845 ἐὰν
3323 1793 3542 1866 γένηται
3574 1792 3864 1867 αἷγμαλω-

2214 1874 2323 1948 σία,
2369 1877 2460 1933 καὶ
2506 1875 2697 1940 πόλεις
2750 1876 3136 1954 ὀλοθρευθῶσι,
3185 1879 3275 1933 καὶ
3323 1883 3527 1955 χῶραι,
3576 1880 3668 1935 καί
3725 1900 3859 1956 χρυ-

2216 1965 2327 2034 σὸς,
2385 1966 2474 2021 καὶ
2529 1965 2787 2042 ἄργυρος,
2843 1966 2934 2021 καὶ
2988 1974 3131 2021 πᾶσα
3172 1974 3364 2037 κτῆσις
3394 1968 3701 2041 ἀπολεῖται,
3770 1976 3862 2025 τοῦ

2216 2058 2384 2132 σοφοῦ
2429 2055 2529 2124 τήν
2588 2054 2775 2133 σοφίαν
2824 2052 2999 2118 οὐδεὶς
3047 2053 3260 2111 δύναται
3307 2055 3619 2135 ἀφελέσθαι,
3680 2058 3727 2115 εἶ
3790 2061 3861 2132 μὴ

2210 2140 2491 2221 τόφλωσις
2545 2139 2789 2206 ἀσεϐείας
2844 2144 2933 2200 καὶ
2964 2146 3215 2219 πήρωσις
3249 2146 3515 2220 ἁμαρτίας
3542 2166 3553 2179 '
3595 2146 3679 2202 ὅτι
3712 2152 3861 2223 γενή-

2211 2252 2356 2286 σεται
2410 2231 2556 2304 αὐτῷ
2603 2232 2738 2303 αὐτὴ
2788 2234 2879 2287 καὶ
2926 2234 3073 2309 παρά
3119 2239 3236 2296 τοῖς
3282 2234 3576 2308 πολεμίοις
3610 2235 3860 2314 λαμπρὰ,

2210 2321 2301 2375 καὶ
2351 2321 2439 2375 ἐπὶ
2488 2327 2595 2396 γῆς
2641 2318 2939 2397 ἀλλοτρίας
2982 2322 3198 2397 πατρὶς,
3241 2322 3331 2377 καὶ
3382 2323 3434 2377 ἐν
3472 2324 3619 2397 μέσῳ
3651 2326 3857 2401 ἐχθρῶν

2218 2409 2565 2486 εὑρεθήσεται
2617 2407 2800 2488 φίλος.
2863 2412 2985 2467 Ἐὰν
3030 2408 3254 2487 διδάσκῃ
3289 2417 3475 2483 ταῦτα,
3507 2414 3596 2467 καὶ
3625 2415 3858 2490 πράσσῃ,

2207 2496 2492 2572 σύνθρονος
2540 2495 2687 2554 ἔσται
2741 2496 3031 2575 βασιλέως,
3084 2499 3158 2562 ὡς
3206 2499 3295 2556 καὶ
3328 2502 3529 2580 Ἰωσὴφ
3560 2504 3588 2557 6
3621 2502 3856 2581 ἀδελφὸς

2205 2587 2389 2660 ἠμῶψ

2276 2713 2354 2769 ur
2483 2710 2843 2767 K‘”~é
3014 2710 3040 2768 ι

2362 2736 2438 2769 .‹‹
2527 2733 2579 2766 αι
2630 2734 2741 2779 νυ),
2785 2733 2964 2784 τκνα,
3040 2734 3179 2789 γνων
3226 2735 3333 2769 απο
3380 2736 3594 2791 γραφης
3667 2723 3848 2792 Even],

2200 2799 2282 2857 ὅτι
2333 2800 2420 2856 ἐπὶ
2467 2799 2612 2856 τέλει
2662 2796 2973 2871 ἁσεϐήσετε,
3026 2801 3113 2857 ἐπὶ
3160 2802 3355 2878 Κύριον
3402 2810 3591 2880 χεῖρας
3622 2802 3847 2862 ἐπιϐαλ-

2201 2888 2390 2953 λοντες
2420 2888 2470 2945 ἐν
2503 2889 2645 2963 πάσῃ
2674 2890 2855 2961 κακίᾳ,
2883 2890 2973 2945 καὶ
3012 2889 3461 2967 αἰσχυνθήσονται
3488 2892 3570 2971 ἐφ’
3615 2895 3746 2969 ὑμῖν
3798 2897 3844 2950 οἳ

2200 2976 2427 3057 ἀδελφοὶ
2484 2978 2656 3051 ὑμῶν,
2698 2978 2789 3033 καὶ
2834 2984 2963 3033 πᾶσι
3006 2985 3122 3041 τοῖς
3167 2978 3335 3035 ἔθνεσι
3388 2985 3668 3057 γενήσεται
3738 2988 3846 3057 (42)

2199 3066 2536 3143 χλευασμός.
2588 3065 2690 3123 Καῖ
2735 3069 2838 3142 γὰρ
2885 3068 2913 3123 6
2957 3068 3136 3145 πατὴρ
3169 3071 3330 3142 ἡμῶν
3366 3070 3583 3147 Ἰσραὴλ
3614 3076 3846 3150 καθαρὰς

2198 3152 2344 3210 ἔσται
2396 3157 2500 3211 ἀπὸ
2541 3163 2642 3226 τῆς
2696 3151 2939 3218 ἀσεϐείας
2994 3161 3097 3212 τῶν
3148 3158 3470 3235 ἀρχιερέων,
3505 3159 3703 3224 οἵτινες
3737 3163 3846 3217 ἐπι-

446 3246 800 3303 Salvatorem
834 3245 1059 3302 mundi.
1085 3245 1369 3300 Mundum
1401 3248 1490 3299 est
1518 3243 1729 3300 coelum
1762 3260 1941 3315 supra
1970 3248 2087 3300 ter-

2209 3239 2433 3300 6αλοῦσι
2476 3245 2571 3307 τὰς
2624 3250 2815 3321 χεῖρας
2862 3245 3035 3300 αὐτῶν
3082 3245 3170 3301 ἐπὶ
3219 3248 3310 3302 τὸν
3363 3252 3595 3325 Σωτῆρα
3641 3257 3743 3307 τοῦ
3766 3252 3850 3307 κό-

445 3352 595 3400 ram,
628 3340 685 3390 et
712 3351 815 3391 vos
843 3335 986 3391 estis
1033 3332 1344 3388 luminaria
1395 3331 1542 3403 cceli,
1576 3337 1641 3388 ut
1688 3332 1773 3388 sol
1824 3337 1882 3387 et
1928 3331 2091 3388 luna.

446 3425 594 3489 Quid
625 3423 838 3478 facient
867 3438 1070 3477 omnes
1099 3427 1323 3494 gentes,
1357 3421 1405 3477 si
1443 3437 1546 3477 vos
1596 3420 2092 3476 obtenebrescatis

445 3511 505 3566 in
540 3510 857 3583 impietate,
890 3516 945 3566 et
976 3511 1270 3566 inducatis
1302 3509 1774 3565 maledictionem
1800 3526 1977 3581 super
2001 3526 2093 3581 ge-

448 3615 562 3654 nus
593 3602 871 3665 vestrum,
899 3616 1075 3669 super
1095 3616 1242 3670 quos
1267 3598 1553 3670 (exortum
1575 3601 1684 3666 est)
1705 3597 1904 3653 lumen
1927 3615 2093 3653 mun-

447 3688 529 3753 di,
564 3687 765 3742 datum
796 3686 856 3741 in
885 3687 1049 3743 vobis
1072 3688 1142 3742 ad
1163 3686 1652 3742 illuminationem
1686 3687 1879 3742 omnis
1909 3686 2093 3742 homi-

446 3777 540 3832 nis
560 3776 589 3831 ‘I
617 3776 725 3831 hoc
754 3775 1010 3831 volentes
1054 3774 1442 3846 exstinguere,
1475 3774 1768 3830 contraria
1817 3775 2094 3830 mandata

447 3865 721 3920 docentes
750 3862 850 3919 Dei
889 3862 1436 3935 justiﬁcationibus,
1487 3862 1814 3919 oblationes
1863 3861 2091 3917 Domini

446 3951 962 4020 latrocinabimini,
995 3955 1053 4008 et
1081 3952 1152 4007 de
1182 3951 1448 4023 partibus
1478 3951 1665 4022 ipsius
1709 3951 2046 4006 furabimini
2074 3969 2088 4019 ;

445 4046 503 4097 et
531 4046 845 4114 antequam
872 4040 1211 4097 sacrificetis
1236 4039 1502 4107 Domino,
1526 4040 1839 4095 assumetis
1871 4039 2090 4107 electa;

445 4136 502 4186 et
528 4130 587 4184 in
619 4135 961 4202 contemptu
993 4131 1369 4185 comedentes
1412 4146 1547 4183 cum
1576 4128 1997 4196 meretricibus,
2029 4128 2090 4184 in

445 4219 689 4275 avaritia
719 4221 996 4275 mandata
1027 4218 1252 4275 Domini
1274 4218 1591 4285 docebitis;
1614 4234 1711 4273 eas
1733 4234 1863 4290 quae
1883 4218 1994 4273 sub
2015 4218 2093 4272 vi-

443 4307 527 4363 ris
557 4311 719 4374 sunt,
740 4307 1199 4379 coinquinabitis
1228 4332 1243 4376 ;
1274 4312 1331 4363 et
1351 4306 1608 4378 virgines
1625 4306 1951 4362 Jerusalem
1973 4305 2092 4362 vio-

442 4394 641 4451 labitis
666 4412 680 4463 ;
709 4400 767 4451 et
796 4396 1205 4452 meretricibus
1233 4400 1290 4451 et
1312 4393 1594 4450 adulteris
1624 4393 2047 4466 copulabimini
2072 4410 2086 4461 ;

442 4483 596 4539 ﬁlias
626 4485 890 4556 gentium
926 4484 1223 4556 accipietis
1252 4485 1313 4539 in
1345 4500 1575 4549 uxores,
1600 4483 1976 4553 puriﬁcantes
1991 4499 2090 4539 eas

440 4571 848 4644 purificatione
878 4572 1081 4644 iniqua
1107 4597 1121 4639 ;
1170 4576 1228 4627 et
1256 4572 1543 4627 efficietur
1573 4571 1776 4626 mistio
1803 4575 1996 4627 vestra
2025 4575 2091 4626 ut

2207 3355 2369 3406 σμου.
2427 3334 2666 3405 Καθαρὸς
2724 3334 2752 3388 6
2810 3333 3037 3410 οὐρανὸς
3088 3337 3201 3409 (43)
3252 3336 3383 3413 ὑπὲρ
3412 3340 3512 3406 τήν
3562 3346 3667 3414 γῆν
3697 3360 3710 3372 ο
3764 3340 3847 3395 καὶ

2203 3421 2359 3493 ὑμεῖς
2410 3423 2464 3475 οἱ
2508 3428 2790 3500 φωστῆρες
2839 3427 2934 3476 τοῦ
2985 3421 3215 3497 οὐρανοῦ
3246 3426 3379 3497 (44),
3412 3426 3485 3488 ὡς
3515 3428 3543 3481 6
3572 3426 3734 3496 ἣλιος
3764 3430 3846 3484 καὶ

2201 3511 2236 3579 ἡ
2306 3508 2531 3581 σελήνη.
2589 3510 2650 3565 Τί
2707 3512 2996 3581 ποιήσουσι
3054 3511 3226 3567 πάντα
3281 3514 3349 3567 τὰ
3392 3513 3537 3586 ἔθνη,
3575 3515 3663 3570 ἐὰν
3698 3518 3847 3591 ὑμεῖς

2201 3605 2519 3668 σκοτισθῆτε
2571 3597 2622 3653 ἐν
2672 3593 2904 3669 ἀσεϐείᾳ,
2956 3600 3045 3653 καὶ
3100 3599 3328 3672 ἐπαξητε
3374 3603 3603 3667 κατάθαν
3657 3606 3749 3660 ἐπὶ
3790 3608 3845 3661 τὸ

2198 3687 2352 3762 γένος
2402 3688 2574 3760 ὑμῶν,
2619 3687 2749 3763 ὑπὲρ
2782 3688 2857 3741 ὦν
2889 3691 3002 3759 (45)
3041 3688 3103 3743 τὸ
3137 3694 3249 3768 φῶς
3280 3696 3377 3745 τοῦ
3407 3692 3635 3765 κόσμου,
3670 3696 3736 3749 τὸ
3767 3694 3850 3749 δο-

2200 3776 2285 3830 θὲν
2332 3775 2383 3830 ἐν
2436 3776 2562 3848 ὑμῖν
2615 3775 2689 3837 είς
2739 3777 3016 3854 φωτισμὸν
3066 3779 3265 3840 παντὸς
3307 3781 3627 3854 ἀνθρώπου;
3688 3790 3842 3839 τοῦτο

2200 3864 2445 3925 θέλοντες
2489 3863 2693 3919 ἀνελεῖν
2746 3869 2879 3937 (46),
2931 3865 3169 3929 ἐναντίας
3234 3868 3457 3931 ἐντολὰς
3503 3868 3842 3933 διδάσκοντες

2198 3958 2313 4014 τοῖς
2370 3957 2465 4007 τοῦ
2523 3957 2656 4008 Θεοῦ
2717 3951 3070 4028 δικαιώμασι,
3124 3957 3221 4018 τὰς
3277 3962 3589 4036 πρυσφορνὶς
3648 3962 3841 4035 Κυρίου

2201 4039 2552 4114 λῃστεύσετεο
2614 4043 2703 4097 καὶ
2755 4043 2859 4097 ἀπὸ
2906 4048 3013 4099 τῶν
3074 4043 3309 4121 μερίδων
3351 4046 3512 4102 αὐτοῦ
3564 4052 3680 4121 (ei?)
3728 4049 3844 4105 κλε-

2198 4132 2345 4203 ψετε,
2407 4130 2496 4184 καὶ
2551 4131 2658 4203 πρὸ
2711 4135 2806 4186 τοῦ
2836 4134 3077 4187 θυσιάσαι
3110 4134 3287 4208 Κυρίῳ
3320 4133 3557 4209 λήψεσθε
3593 4138 3661 4192 τὰ
3704 4138 3843 4193 ἐχλε-

2198 4216 2335 4272 κτά·
2396 4217 2447 4273 ἐν
2506 4222 2905 4297 καταφρονήσει
2965 4219 3226 4283 ἐσθίοντες
3285 4225 3419 4296 μετὰ
3492 4231 3737 4299 πορνῶν,
3795 4226 3841 4281 ἑν

2197 4304 2482 4377 πλεονεξίᾳ
2534 4309 2629 4369 τὰς
2687 4307 2908 4371 ἐντολὰς
2965 4309 3166 4385 Κυρίου
3223 4309 3495 4385 διδάξετε·
3553 4314 3651 4376 τὰς
3687 4317 3839 4371 {mdv-

2200 4392 2359 4470 δρους
2413 4390 2777 4471 βεϐηλώσετε,
2837 4400 2928 4452 γαί
2982 4403 3279 4475 παρθένους
3326 4401 3695 4478 Ἰερουσαλὴμ
3732 4426 3846 4476 μιαο

2197 4487 2355 4551 νεῖτε,
2393 4482 2483 4537 καὶ
2530 4483 2754 4560 πόρναις
2803 4485 2891 4540 καὶ
2944 4487 3232 4563 μοιχαλίσι
3278 4492 3700 4568 συναφθήσεσθε,
3760 4495 3843 4547 θυ-

2197 4571 2422 4647 γατέρας
2481 4571 2642 4627 ἐθνῶν
2711 4571 2952 4648 λήψεσθε
3006 4576 3084 4638 είς
3137 4582 3416 4653 γυναῖκας,
3469 4580 3844 4655 καθαρίζοντες

441 4661 701 4718 Sodoma
716 4665 773 4717 et
789 4661 1114 4717 Gomorrha
1146 4660 1204 4715 in
1236 4660 1631 4732 impietate,et
1659 4658 2011 4715 inﬂabimini
2028 4659 2087 4714 in

2209 4659 2358 4722 ῑύτάς
2414 4660 2743 4735 καθαρισμῷ
2788 4663 3116 4738 παρανόμῳ,
3152 4648 3246 4720 καὶ
3290 4648 3643 4742 γενήσεταιῆ
3686 4648 3843 4743 μίξις

442 4750 1085 4819 sacerdotio,adversus
1110 4749 1379 4806 homines
1409 4748 1543 4805 elati
1573 4765 1586 4818 ;
1620 4764 1726 4805 nec
1754 4764 1854 4804 eos
1871 4747 2085 4818 solum,

509 4945 624 5017 (42)
655 4945 964 5017 Γενήσεται.
999 4944 1309 5017 Γενήσεσθε,
1342 4945 1503 5016 ﬂetis,
1536 4944 1773 5001 rectius.
1799 4944 1980 5001 GRAB.

537 5014 627 5084 43)
658 5016 715 5071 Ὀ
748 5016 997 5090 οὐρανός.
1030 5017 1087 5070 Ὀ
1116 5014 1279 5090 ἥλιος

655 5092 762 5164 Τοῦ
797 5084 1049 5164 ορρανοῦ.
1082 5091 1187 5143 Τοῦ
1220 5084 1441 5161 Ἰσραήλ
1472 5091 1559 5143 ID.

536 5157 626 5217 45)
660 5160 754 5213 Ὠν
788 5157 875 5213 Οἶί
896 5164 975 5217 ID.

669 5202 1198 5311 ἆὲλῶἓεξωᾲνελεῖν,
1258 5235 1374 5311 etc.
1429 5228 1607 5311 Paulo
1630 5232 1809 5311 _ante
1866 5229 2091 5311 dixerat

441 5301 674 5360 Judmbs
705 5320 919 5360 manus
948 5303 1236 5360 violentas
1256 5302 1524 5358 illaturos
1546 5302 1605 5356 in
1630 5301 1942 5357 Dominum
1967 5301 2090 5359 Sal-

438 5379 699 5431 vatorem
731 5376 978 5444 mundi;
1017 5380 1073 5432 et
1093 5376 1229 5447 jam,
1250 5374 1467 5431 iterum
1500 5377 1769 5447 repetens
1800 5373 1955 5445 quod
1989 5390 2093 5429 ca-

442 5447 574 5501 dem
607 5448 736 5518 ejus
769 5449 890 5503 sint
921 5444 1147 5517 facturi,
1184 5446 1343 5502 aliud
1367 5444 1840 5518 jungitjcrimen,
1875 5460 2092 5518 nempe

442 5518 595 5587 quod
629 5515 918 5575 sacriﬁcia
949 5521 1061 5575 Deo
1094 5515 1250 5574 haud
1293 5515 1510 5573 debite_
1535 5516 1656 5572 sint
1700 5515 1973 5572 oblaturi.
2007 5515 2090 5572 Ob

441 5591 971 5661 utrumquegsimul
1001 5591 1236 5647 Judaaos
1270 5588 1655 5661 reprehendit
1675 5603 1906 5661 quoque
1934 5587 2090 5661 Deus

440 5674 543 5731 per
572 5676 637 5715 os
667 5658 968 5716 Malacbiaa
998 5679 1038 5728 1,
1072 5662 1159 5729 13,
1204 5660 1297 5716 his
1333 5658 1545 5716 natatu
1601 5658 2039 5731 dignisigverbis
2070 5674 2086 5717 :

441 5729 580 5797 ima
623 5740 874 5797 omnm
917 5743 1163 5799 cannam
1203 5743 1424 5795 nmmo
1462 5742 1599 5794 nan.
1630 5729 1697 5788 Et
1721 5729 2094 5805 dammam

2200 4748 2351 4823 ὑμῶν
2382 4749 2456 4812 ὡς
2491 4747 2715 4825 Σόδομα
2741 4750 2833 4805 καὶ
2863 4751 3119 4829 Γόμορῥα
3147 4753 3197 4808 ἐν
3230 4750 3467 4827 ἀσεϐείᾳ,
3502 4757 3593 4811 καὶ
3646 4778 3844 4835 cpnom-

2201 4946 2383 5018 qualis
2407 4948 2595 5023 vilitas
2627 4946 3022 5023 (sacriﬁcium,
3038 4949 3109 5023 de
3122 4967 3237 5023 quo
3251 4952 3603 5023 prolixusibi
3627 4954 3842 5019 sermo)

2198 5028 2250 5075 et
2270 5034 2356 5074 me
2376 5021 2662 5093 exspirare
2680 5021 2901 5093 [βοίδείδ.
2918 5021 3046 5093 scio
3063 5021 3187 5093 jam
3214 5021 3270 5077 in
3295 5024 3492 5078 codice
3506 5025 3665 5079 Maso
3676 5025 3839 5079 retico

2200 5106 2303 5165 pro
2333 5089 2482 5148 una
2501 5106 2585 5145 me
2605 5089 2717 5165 legi
2744 5099 2884 5150 ima
2913 5089 3083 5165 illud,
3090 5094 3257 5164 quasi
3276 5096 3346 5149 ad
3366 5096 3837 5165 sacriﬁcium,non

2200 5161 2273 5217 ad
2325 5166 2498 5216 Deum
2545 5163 2847 5217 releratur.
2900 5165 3007 5218 Sed
3052 5161 3389 5220 Judteorum
3440 5161 3839 5225 doctores—3m:

2202 5233 2648 5288 transformasse
2680 5233 2737 5307 in
2769 5242 2913 5307 inn,
2939 5234 3063 5307 ipse
3094 5236 3160 5291 R.
3195 5236 3427 5292 Salomo
3458 5237 3653 5293 Jarchi
3689 5254 3840 5293 com-

2202 5308 2472 5380 mentans
2504 5303 3093 5380 superbunc'locum
3128 5308 3341 5380 fatetur
3366 5324 3434 5380 :7«
3462 5313 3600 5375 Ista,
3629 5309 3839 5380 inquit,

2200 5379 2289 5431 est
2345 5391 2461 5431 una
2517 5374 2593 5430 de
2644 5374 2998 5433 dictionibus
3059 5378 3436 5434 correctionis
3495 5374 3835 5436 scribarum.

2199 5445 2492 5524 Scriptum
2525 5451 2689 5524 erat:
2724 5457 2833 5506 ’ΠΝ
2875 5459 3142 5524 ιοῃτ-ιεηπ.
3195 5453 3272 5505 Et
3319 5452 3609 5521 exspirare
3634 5451 3839 5524 fecisti:

2200 5533 2323 5580 me;
2364 5519 2463 5593 sed
2496 5518 2789 5593 scriptura
2813 5521 3163 5593 _sc!jibarum
3213 5538 3316 5593 pro
3348 5518 3483 5582 ﬁnis:
3517 5538 3619 5587 me,
3634 5518 3839 5593 'posuit

2199 5598 2347 5666 'llj‘lrt
2368 5590 2572 5666 ipsum.
2591 5610 2631 5666 _»
2660 5589 2843 5666 _(_lonf.
2875 5589 3052 5666 idem_
3083 5589 3295 5666 [taschi
3344 5609 3524 5666 super
3554 5589 3749 5650 Heliae.
3796 5610 3832 5661 ι,

2203 5661 2292 5719 42.
2327 5659 2412 5716 Ιᾶ.
2443 5691 2513 5732 -—_-
2542 5660 2623 5732 C_f.
2660 5659 2952 5732 Masoram
2984 5663 3057 5719 ad
3088 5662 3182 5720 Ps.
3215 5681 3325 5732 ενι,
3355 5659 3445 5723 2οζ
3480 5671 3697 5727 Οιιλοιι.

2276 5732 2389 5807 (47)
2419 5727 2599 5789 Αὐτοῦ
2632 5727 2844 5789 Αὐτῶν.
2876 5736 3057 5793 ϐω.
