4008 6350
122 390 282 458 1088

1403 391 1997 456 TESTAMENTUM
2049 390 2224 453 LEVI
2238 436 2253 450 .

3372 382 3528 449 1066

117 526 344 597 θήσεσθε
387 523 474 581 ἐπὶ
517 526 587 599 τῇ
637 524 921 601 ἱερωσύνῃ,
953 524 1089 580 κατὰ
1132 525 1239 580 τῶν
1290 523 1588 600 ἀνθρώπων
1620 522 1769 578 έπαι-

1888 522 1984 579 eed
1996 525 2053 579 et
2082 522 2360 579 adversus
2384 523 2659 579 mandata
2683 522 2787 579 Dei
2808 504 3278 585 inﬂati.illudetis
3302 528 3525 592 sancta,

117 615 365 689 ρόμενοι·
398 613 461 670 ού
521 612 684 688 μόνον
735 611 813 684 δὲ,
855 612 1002 669 ἀλλὰ
1046 613 1136 668 καὶ
1183 611 1321 668 κατά
1367 612 1475 667 τῶν
1529 609 1766 666 ἐντολῶν

110 708 213 760 τοῦ
259 707 394 760 Θεοῦ
438 701 813 781 φυσιούμενοι,
853 700 1205 776 καταπαίξετε
1248 701 1317 757 τὰ
1372 700 1501 777 ἅγια
1543 701 1678 775 (48),
1712 699 1764 755 έν

107 793 515 871 καταφρονήσει
547 788 948 867 γελοιάζοντες.

187 882 291 937 ΙΕ’.
318 905 349 933 ι(
395 879 493 935 Διά
534 882 702 935 ταῦτα
749 881 778 935 6
824 879 970 949 ναὸς,
1002 877 1061 933 ὃν
1104 877 1162 933 ἂν
1215 876 1496 949 ἐκλέξηται
1545 873 1766 953 Κύριος,

110 965 324 1043 ἔρημος
382 968 527 1024 ἔσται
578 966 631 1024 έν
678 966 992 1044 ἀκαθαρσία,
1041 966 1131 1022 καὶ
1200 966 1360 1039 ὑμεῖς
1413 963 1766 1041 αἶ’χμάλωτοι

112 1054 297 1113 ἔσεσθε
327 1059 441 1132 (49)
484 1055 562 1119 εἲς
609 1057 781 1111 πάντα
825 1057 893 1110 τὰ
937 1052 1088 1125 ἔθνη,
1118 1053 1209 1110 καὶ
1259 1050 1438 1109 ἔσεσθε
1490 1050 1769 1130 βδέλυγμα

114 1145 171 1202 ἐν
202 1147 409 1219 αὐτοῖς,
440 1145 530 1201 καὶ
564 1144 802 1219 λήψεσθε
832 1138 1037 1206 ὄνειδος
1084 1142 1174 1199 καὶ
1221 1141 1487 1219 αἰσχύνην
1547 1139 1767 1197 αἰώνιον

113 1237 267 1312 παρά
293 1242 393 1306 τῆς
425 1232 817 1310 δικαιοκρισίας
846 1236 942 1289 τοῦ
972 1236 1125 1289 Θεοῢ-
1160 1232 1249 1288 καὶ
1289 1231 1484 1295 πάντες
1533 1230 1585 1286 οἱ
1631 1241 1768 1295 θεω-

120 1326 337 1401 ροῦντες
398 1322 537 1397 ὑμᾶς
596 1321 874 1400 φεύξονται
931 1320 1022 1399 ἀφ’
1078 1320 1252 1395 ὑμῶν.
1300 1320 1400 1376 Καὶ
1453 1318 1499 1375 εἲ
1569 1319 1646 1393 μὴ
1700 1314 1772 1373 δι’

120 1409 398 1489 Ἀϐραὰμ,
469 1411 559 1467 καὶ
619 1410 816 1484 Ἰσαὰκ,
872 1409 963 1465 καὶ
1048 1404 1262 1479 Ἰακὼϐ,
1322 1407 1452 1472 τοὺς
1535 1408 1769 1483 πατέρας

119 1504 310 1576 ἡμῶν,
336 1502 414 1563 εἷς
445 1500 504 1556 έκ
532 1504 629 1556 τοῦ
657 1499 965 1577 σπέρματός
1026 1520 1133 1573 μου
1189 1497 1251 1554 ού
1304 1498 1381 1573 μὴ
1435 1494 1770 1574 καταλειφθῇ

124 1590 216 1647 ἐπὶ
245 1597 344 1657 τῆς
372 1597 501 1666 γῆς.

197 1681 288 1750 Ιζ“.
323 1703 351 1732 ‹‹
386 1677 483 1736 Καὶ
525 1681 617 1732 νῦν
664 1676 834 1753 ἔγνων
886 1675 938 1732 έν
983 1671 1187 1753 βιϐλίῳ
1234 1675 1436 1751 Ἑνὼχ,
1487 1672 1569 1730 δτι
1620 1668 1773 1729 ἐϐδο-

126 1769 376 1841 μήκοντα
421 1761 729 1838 ἑϐδομάδας
783 1763 1219 1836 πλανηθήσεσθε,
1264 1763 1354 1818 καὶ
1391 1763 1490 1832 τὴν
1541 1760 1771 1835 ἱερωσύ-

115 1876 223 1927 νην
276 1848 642 1932 βεϐηλώσετε,
689 1854 779 1908 καὶ
826 1851 923 1916 τὰς
977 1852 1161 1915 θυσίας
1229 1855 1486 1926 μιανεῖτε,
1536 1851 1627 1906 καὶ
1680 1851 1774 1906 τὸν

115 1944 294 2019 νόμον
323 1943 618 2022 ἀφανίσετε,
650 1943 739 1997 καὶ
771 1941 972 2017 λόγους
1026 1945 1321 2019 προφητῶν
1365 1937 1765 2012 έξουδενὼσετε,

118 2033 176 2090 ἐν
230 2030 527 2110 διαστροφῇ
579 2028 798 2103 διώξετε
844 2028 1040 2105 ἄνδρας
1088 2027 1349 2101 δικαίους,
1385 2029 1477 2085 καὶ
1537 2023 1773 2092 εὐσεϐεῖς

124 2124 404 2197 μισήσετε,
466 2119 740 2191 ἀληθινῶν
800 2118 1003 2195 λόγους
1067 2116 1404 2196 βδελύξεσθε,
1452 2117 1544 2174 καὶ
1605 2114 1775 2192 ἄνδρα

119 2214 644 2267 ἀνακαινοποιοῦντα
670 2210 761 2264 τὸν
791 2208 965 2282 νόμοτ
996 2207 1047 2263 έν
1091 2206 1315 2281 δυνάμει
1344 2206 1595 2281 Ὑψίστου
1629 2204 1771 2261 πλά-

114 2322 215 2355 νον
261 2297 741 2375 προσαγορεύσετε,
776 2297 866 2351 καὶ
923 2296 1105 2368 τέλος,
1176 2297 1251 2358 ὡς
1312 2295 1582 2369 νομίσετε,
1636 2295 1771 2350 ἀπο-

112 2394 356 2443 κτενεῖτε
402 2388 584 2455 αὐτὸν,
628 2386 725 2441 οὐκ
772 2383 971 2447 εἰδότες
1019 2384 1184 2440 αὐτοῦ
1229 2385 1292 2439 τὸ
1357 2385 1662 2458 ἀνάστημα,
1710 2384 1773 2439 τὸ

115 2478 300 2533 ἀθῶον
332 2478 467 2550 αἱμα
497 2475 549 2531 ἐν
602 2474 764 2547 κακίᾳ
803 2474 891 2530 ἐπὶ
938 2472 1178 2553 κεφαλὰς
1229 2473 1379 2546 ὑμῶν
1437 2471 1773 2550 ἀναδεχόμε-

115 2589 236 2623 νοι.
268 2565 372 2623 Καὶ
417 2563 487 2619 δι’
542 2564 701 2620 αὐτὸν
752 2561 895 2620 ἔσται
941 2564 1007 2619 τὰ
1054 2564 1179 2640 ἅγια
1227 2561 1379 2636 ὑμῶν
1422 2560 1622 2638 ἔρημα,
1668 2558 1772 2625 ἓως

114 2653 357 2733 ἐδάφους
394 2651 765 2727 μεμιαμμένα’
798 2654 888 2708 καὶ
937 2651 1037 2707 οὐκ
1074 2650 1221 2707 ἔσται
1269 2649 1438 2713 τόπος
1481 2650 1631 2723 ὑμῶν
1676 2670 1773 2705 κα-

112 2746 305 2819 θαρὸς,
345 2741 471 2799 ἀλλ’
523 2740 574 2797 έν
624 2746 740 2804 τοῖς
788 2737 989 2807 ἔθνεσιν
1030 2737 1211 2805 ἔσεσθε
1258 2738 1335 2803 είς
1396 2740 1627 2815 κατάραν
1682 2738 1773 2795 καὶ

117 2833 203 2896 εἷς
262 2830 716 2909 διασκορπισμὸν,
755 2828 862 2894 ἕως
940 2830 1099 2893 αὐτὸς
1166 2827 1332 2885 πάλιν
1397 2826 1771 2903 έπισκέψηται,

112 2922 213 2978 καὶ
286 2920 629 2997 οἷκτειρήσας
699 2917 1059 2995 προσδέξηται
1124 2920 1266 2994 ὑμᾶς
1330 2917 1382 2973 έν
1447 2916 1626 2975 πίστει
1681 2917 1773 2975 καὶ

121 3009 305 3069 ὕδατι.

195 3106 293 3157 ΙΖ’.
331 3122 360 3154 ‹‹
396 3101 496 3156 Καὶ
546 3100 631 3157 ὅτι
678 3096 946 3170 ἠκούσατε
1000 3097 1124 3175 περὶ
1171 3100 1274 3153 τῶν
1335 3097 1379 3152 ο’
1425 3090 1770 3171 ἑϐδομάδων,

118 3190 391 3246 ἀκούσατε
424 3191 515 3245 καὶ
561 3187 685 3266 περὶ
728 3195 830 3257 τῆς
878 3186 1191 3264 ἱερωσύνης.
1226 3188 1350 3242 Καθ’
1396 3182 1617 3243 ἕκαστον
1667 3185 1771 3263 γὰρ

1800 1899 1848 1966 Β

1876 610 1938 669 in
1969 615 2304 685 contemptu
2337 611 2686 669 deridentes.

1945 875 2057 935 XV.
2091 899 2119 928 «
2153 880 2393 950 Propter
2420 877 2543 934 haec
2572 877 2860 951 templum
2907 878 3064 951 quod
3095 878 3300 951 utique
3349 875 3525 951 eliget

1876 966 2180 1036 Dominus,
2213 966 2572 1023 desolabitur
2599 966 2660 1023 in
2690 967 3151 1036 immunditia,et
3177 984 3279 1024 vos
3310 964 3522 1040 captivi

1876 1055 2039 1112 eritis
2071 1055 2132 1111 in
2161 1071 2365 1112 omnes
2394 1060 2615 1129 gentes,
2647 1059 2705 1112 et
2736 1055 3093 1112 abominatio
3123 1056 3275 1111 inter
3303 1071 3401 1112 eas
3426 1073 3441 1124 ;
3464 1058 3523 1113 et

1878 1145 2173 1219 accipietis
2220 1145 2601 1219 approbrium
2650 1149 2708 1201 et
2754 1144 3157 1202 confusionem
3210 1144 3519 1217 sempiter-

1878 1251 2016 1291 nam
2049 1252 2083 1290 a
2088 1234 2253 1307 justo
2276 1234 2500 1307 judicio
2534 1233 2631 1290 Dei
2649 1237 2743 1297 ;et
2761 1250 2964 1290 omnes
2996 1233 3097 1307 qui
3124 1234 3375 1290 viderint
3395 1250 3521 1306 vos,

1879 1322 2105 1397 fugient
2132 1340 2167 1379 a
2213 1323 2400 1379 vobis.
2434 1324 2503 1380 Et
2549 1323 2664 1379 nisi
2714 1326 2871 1379 esset
2918 1326 3153 1395 propter
3200 1322 3521 1391 Abraham,

1881 1413 2041 1468 Isaac
2087 1415 2145 1470 et
2187 1413 2385 1481 Jacob,
2432 1416 2629 1484 patres
2677 1414 2929 1481 nostros,
2979 1428 3134 1469 unus
3181 1428 3250 1469 ex
3300 1411 3525 1469 semine

1880 1518 2008 1558 meo
2040 1518 2156 1558 non
2187 1502 2617 1576 relinqueretur
2644 1501 2705 1557 in
2735 1506 2910 1559 terra.

1949 1680 2089 1738 XVI.
2125 1703 2153 1731 «
2188 1680 2256 1737 Et
2286 1697 2441 1736 nunc
2472 1683 2715 1754 cognovi
2746 1680 2804 1736 in
2836 1679 2985 1738 libro
3015 1680 3398 1753 Enoch,quod
3429 1696 3526 1737 se-

1879 1769 2191 1842 ptuaginta
2211 1768 2612 1826 hebdomadas
2642 1768 2995 1837 errabitis,et
3015 1769 3408 1826 sacerdotium
3437 1768 3527 1826 in-

1879 1856 2220 1930 quinabitis,
2254 1861 2312 1914 et
2339 1856 2627 1914 sacriﬁcia
2656 1856 3012 1930 polluetis,et
3041 1856 3229 1937 legem
3261 1856 3528 1914 extermi-

1882 1946 2119 2016 nabitis,
2154 1950 2213 2003 et
2241 1962 2542 2004 sermones
2574 1946 2995 2019 prophetarum
3024 1947 3430 2019 contemnetis,
3462 1947 3525 2004 in

1880 2035 2255 2109 perversitate
2285 2034 2716 2108 persequemini
2745 2035 2899 2091 viros
2920 2036 3203 2106 justos,et
3231 2036 3358 2108 pios
3389 2036 3524 2093 odio

1880 2123 2193 2194 habebitis,
2241 2123 2534 2180 veracium
2581 2139 2882 2180 sermones
2929 2124 3434 2194 abominabimini,
3469 2130 3526 2183 et

1879 2214 2070 2269 virum
2100 2215 2475 2268 renovantem
2504 2211 2691 2284 legem
2722 2212 2783 2267 in
2812 2211 3027 2268 virtute
3070 2211 3383 2282 Altissimi,
3410 2214 3526 2270 im-

1882 2305 2175 2373 postorem
2205 2299 2574 2373 appellabitis
2599 2305 2690 2368 ;et
2717 2300 2777 2355 in
2807 2299 3014 2366 ﬁne,ut
3042 2301 3527 2373 estimabitispc-

1884 2389 2086 2447 cidetis
2116 2389 2604 2459 eum,nescientes
2630 2388 2820 2463 ipsius
2852 2390 3529 2461 resurrectionem,inno-

1883 2483 2108 2536 centem
2158 2479 2505 2552 sanguinem
2536 2479 2598 2535 in
2645 2478 2869 2534 malitia
2899 2496 3076 2551 super
3103 2478 3294 2551 capita
3334 2484 3530 2537 vestra

1883 2567 2271 2641 recepturi.Et
2300 2572 2535 2640 propter
2563 2567 2760 2640 ipsum
2781 2571 2956 2624 erunt
2985 2571 3189 2623 sancta
3212 2571 3405 2624 vestra
3432 2569 3531 2625 de.

1884 2659 2254 2728 serta,usque
2284 2656 2356 2711 ad
2386 2655 2787 2729 pavimentum
2817 2656 3123 2728 profanata
3146 2674 3161 2725 ;
3183 2660 3240 2712 et
3270 2673 3386 2714 non
3417 2655 3531 2714 erit

1881 2744 2044 2801 locus
2072 2749 2262 2801 vester
2291 2745 2570 2816 mundus,
2601 2746 2702 2801 sed
2734 2744 2795 2801 in
2824 2745 3096 2819 gentibus
3126 2745 3288 2802 eritis
3318 2746 3378 2801 in
3409 2762 3531 2802 ma~

1880 2833 2250 2891 ledictionem
2279 2837 2337 2890 et
2364 2834 2426 2889 in
2469 2834 2916 2907 dispersionem,
2951 2834 3133 2891 donec
3163 2833 3290 2907 ipse
3319 2851 3529 2892 rursus

1880 2922 2164 2989 visitabit,
2194 2924 2252 2978 et
2281 2922 2568 2979 miserens
2606 2922 2848 2995 recipiet
2874 2939 2976 2979 vos
3005 2923 3066 2979 in
3097 2923 3212 2980 ﬁde
3239 2926 3298 2980 et
3348 2939 3526 2996 aqua.

1950 3099 2116 3159 XVII.
2146 3120 2169 3150 α
2201 3099 2269 3156 Et
2298 3098 2575 3173 quoniam
2606 3099 2856 3156 audistis
2887 3100 2958 3157 de
2986 3100 3359 3174 septuaginta
3385 3100 3527 3157 heb-

1878 3190 2250 3258 domadibus,
2283 3188 2479 3245 audite
2508 3188 2684 3244 etiam
2717 3189 2786 3244 de
2818 3189 3166 3244 sacerdotio.
3186 3189 3521 3245 Secundum

114 3273 448 3349 Ἰωϐηλαῖον
478 3264 942 3352 ἔπαινὶερωσύνη.
977 3275 1079 3333 Καὶ
1111 3275 1162 3330 ἐν
1197 3280 1275 3348 τῷ
1321 3276 1527 3352 πρώτῳ
1574 3269 1768 3346 Ἰωϐη-

1888 3293 2367 3351 unumquemque
2392 3276 2548 3333 enim
2563 3276 2874 3346 jubilaaum
2904 3274 3013 3333 erit
3037 3276 3522 3335 sacerdotium.In

112 3366 268 3441 λαίῳ
298 3368 327 3422 ὁ
352 3372 568 3442 πρῶτος
596 3366 894 3442 χριόμενος
924 3365 1001 3427 εἷς
1033 3364 1335 3440 ἱερωσύνήν
1386 3366 1553 3440 μέγας
1601 3362 1768 3436 ἔσται,

106 3458 207 3512 καὶ
258 3455 491 3527 λαλήσει
541 3454 657 3528 Θεῷ
710 3455 786 3517 ὡς
834 3453 1016 3530 πατρί’
1067 3454 1157 3508 καὶ
1205 3455 1241 3523 ἡ
1283 3452 1549 3527 ἱερωσύνη
1608 3450 1772 3507 αὐτοῦ

105 3546 344 3621 πλήρης
396 3566 529 3618 μετα
559 3540 731 3623 φόϐου
760 3543 980 3619 Κυρίου·
1011 3542 1101 3597 καὶ
1135 3542 1186 3598 έν
1219 3544 1403 3618 ἡμέρᾳ
1449 3547 1627 3619 χαρᾶς
1676 3541 1771 3597 αύ-

104 3639 213 3691 τοῦ
264 3633 353 3690 ἐπὶ
404 3635 649 3709 σωτηρίᾳ
694 3633 903 3706 κόσμου
953 3631 1112 3694 αὐτὸς
1152 3631 1527 3702 ἀναστήσεται.
1560 3632 1648 3687 Ἐν
1692 3629 1773 3704 τῷ

107 3722 359 3796 δευτέρῳ
385 3718 700 3795 Ἰωϐηλαιῳ
733 3722 760 3777 6
802 3721 1098 3797 χριόμενος
1146 3720 1197 3775 έν
1248 3722 1429 3775 πένθει
1477 3719 1772 3795 ἀγαπητῶν

106 3811 589 3889 συλληφθήσεται,
628 3811 716 3866 καὶ
767 3808 910 3865 ἔσται
960 3812 996 3879 ἡ
1049 3809 1314 3883 ἱερωσύνη
1374 3808 1540 3863 αὐτοῦ
1593 3808 1772 3881 τιμία,

104 3902 206 3957 καὶ
256 3902 404 3976 παρά
447 3908 578 3956 πὶσι
631 3897 1033 3970 δοξασθήσεται.
1066 3899 1123 3952 Ὀ
1173 3895 1230 3953 δὲ
1277 3895 1460 3974 τρίτος
1501 3897 1674 3974 ἱερεὺς
1720 3896 1772 3952 έν

108 3991 271 4065 λύπῃ
333 3987 839 4067 παραληφθήσεται.
891 3988 994 4044 Καὶ
1044 3987 1072 4042 6
1114 3985 1366 4063 τέταρτος
1439 3985 1489 4041 έν
1562 3983 1777 4049 ὀδύναις

110 4078 293 4135 ἔσται·
329 4076 413 4132 ὅτι
454 4078 752 4154 προσθήσει
802 4074 886 4131 ἐπ’
929 4075 1087 4131 αὐτὸν
1131 4077 1167 4146 ἡ
1200 4072 1382 4130 ἀδικία
1431 4074 1508 4136 είς
1535 4072 1772 4145 πλῆθος·

105 4169 208 4225 καὶ
269 4170 375 4229 πᾶς
433 4164 652 4241 Ἰσραὴλ
728 4166 1049 4240 μισήσουσιν
1101 4160 1326 4225 ἕκαστος
1390 4163 1482 4218 τὸν
1540 4161 1777 4235 πλησίον

108 4257 311 4312 αὐτοῦ.
360 4256 417 4309 Ὀ
459 4255 707 4329 πέμπτος
755 4253 807 4309 ἐν
859 4254 1036 4308 σκότει
1109 4249 1614 4330 παραληφθήσεται·
1666 4252 1773 4308 ὡσ-

106 4346 301 4407 αύτως
329 4342 419 4398 καὶ
449 4344 478 4399 ὁ
507 4340 685 4416 ἕκτος,
710 4341 799 4397 καὶ
845 4343 873 4397 6
901 4336 1165 4415 ἕϐδομος.
1206 4342 1291 4396 Ἐν
1324 4338 1382 4396 δὲ
1427 4346 1506 4414 τῷ
1553 4338 1776 4415 ἑϐδόμῳ

106 4434 271 4490 ἔσται
305 4431 563 4505 μιασμὸς,
596 4432 655 4487 ὃν
690 4428 752 4486 ού
793 4426 1023 4503 δύναμαι
1072 4428 1260 4503 εἰπεῖν,
1295 4428 1524 4484 ἐνώπιον
1575 4429 1776 4505 Κυρίου

104 4523 209 4578 καὶ
261 4520 579 4596 ἀνθρώπων·
651 4517 734 4573 ὅτι
798 4516 952 4573 αὐτοὶ
1019 4518 1315 4594 γνώσονται
1384 4517 1437 4573 οἱ
1494 4521 1776 4580 ποιοῦντες

1881 3369 2070 3442 primo
2076 3366 2313 3438 jubilaao
2326 3366 2554 3439 primus
2568 3368 2780 3421 unctus
2792 3366 2851 3420 in
2866 3365 3259 3421 sacerdotium
3273 3381 3525 3439 magnus

1881 3456 2076 3524 erit,et
2104 3455 2374 3527 loquetur
2401 3454 2516 3509 Deo
2539 3457 2603 3509 ut
2633 3454 2782 3525 patri
2807 3471 2821 3522 ;
2844 3458 2901 3510 et
2932 3454 3321 3510 sacerdotium
3337 3455 3526 3527 ipsius

1884 3542 2120 3614 plenum
2152 3543 2264 3599 erit
2292 3559 2426 3598 cum
2457 3541 2666 3598 timore
2698 3542 2928 3598 Domini
2958 3560 2972 3611 ;
3003 3546 3063 3598 et
3093 3542 3152 3597 in
3184 3543 3279 3599 die
3325 3544 3529 3617 gaudii

1882 3631 2068 3702 ipsius
2099 3631 2157 3686 in
2189 3628 2377 3687 salute
2431 3631 2637 3686 mundi
2669 3631 2795 3703 ipse
2834 3636 3119 3704 resurget.
3164 3633 3228 3688 In
3276 3634 3535 3691 secundo

1876 3719 2115 3792 jubilaeo
2148 3724 2383 3787 unctus,
2413 3720 2474 3775 in
2506 3719 2745 3775 tristitia
2774 3719 3116 3777 dilectarum
3148 3721 3534 3795 concipietur,

1883 3814 1941 3865 et
1967 3808 2076 3866 erit
2104 3808 2494 3865 sacerdotium
2524 3809 2651 3880 ejus
2681 3808 3111 3877 honorabile,et
3140 3810 3293 3882 apud
3327 3827 3533 3870 omnes

1884 3897 2324 3971 gloriﬁcabitur.
2356 3898 2587 3954 Tertius
2616 3915 2750 3955 vero
2782 3899 3051 3955 sacerdos
3082 3898 3142 3953 in
3169 3898 3407 3956 tristitia
3436 3916 3532 3956 as-

1884 3988 2248 4044 sumetur.Et
2277 3991 2522 4060 quartus
2551 3987 2611 4043 in
2643 3986 2839 4044 dolore
2866 3986 3013 4057 erit;
3046 3986 3324 4059 quoniam
3355 4004 3533 4061 appoc

1885 4080 1986 4133 net
2032 4093 2208 4149 super
2252 4076 2449 4149 ipsum
2500 4076 2794 4149 injustitia
2843 4076 2902 4132 in
2952 4075 3389 4133 multitudinem
3424 4093 3438 4133 :
3469 4080 3532 4134 et

1885 4165 2077 4222 omnis
2107 4163 2281 4221 Israel
2312 4165 2446 4222 odio
2475 4164 2717 4221 habebit
2747 4164 3155 4237 unusquisque
3194 4165 3529 4238 proximum

1883 4254 2345 4320 suum.Quintus
2375 4254 2436 4310 in
2467 4252 2729 4310 tenebris
2758 4252 3287 4325 comprehendetur
3314 4271 3329 4310 :
3365 4254 3533 4311 simi-

1882 4341 2016 4399 liter
2041 4346 2099 4399 et
2148 4346 2348 4399 sextus
2380 4346 2439 4399 et
2486 4343 2794 4415 septimus.
2832 4342 2895 4398 In
2946 4341 3196 4414 septimo
3244 4359 3378 4399 vero
3426 4343 3540 4401 erit

1885 4431 2266 4500 abominatio,
2300 4447 2479 4503 quam
2510 4448 2626 4487 non
2656 4447 2899 4504 possum
2949 4429 3161 4499 dicere,
3193 4447 3389 4487 coram
3419 4432 3535 4489 Do-

1887 4519 2045 4576 mino
2077 4523 2133 4576 et
2160 4519 2537 4591 hominibus;
2570 4520 2847 4592 quoniam
2877 4518 2990 4592 ipsi
3023 4525 3396 4591 cognoscent,
3430 4519 3534 4591 qui

106 4607 277 4666 αὗτά.
330 4607 429 4663 Διὰ
487 4612 650 4664 τοῦτο
717 4607 769 4663 έν
838 4605 1217 4683 αἰχμαλωσίᾳ,
1263 4606 1354 4662 καὶ
1413 4606 1465 4661 έν
1518 4609 1770 4681 προνομῇ

1888 4607 2098 4664 facient
2142 4624 2231 4664 ea.
2264 4611 2506 4679 Propter
2554 4608 2662 4665 hoc
2694 4608 2752 4663 in
2805 4606 3137 4679 captivitate
3188 4612 3245 4663 et
3274 4608 3333 4663 in
3377 4608 3531 4665 dire-

105 4696 359 4755 ἔσονται·
390 4698 480 4752 καὶ
535 4700 570 4767 ἡ
631 4704 727 4772 γῆ,
758 4695 914 4766 καὶή
965 4694 1189 4770 ὕπαρξις
1246 4694 1421 4751 αὐτῶν
1480 4694 1778 4773 ἀφανισθή-

109 4807 295 4843 σεται.
346 4784 443 4841 Καὶ
492 4785 543 4841 ἐν
606 4784 828 4860 πέμπτῃ
895 4780 1156 4857 έϐδομάδι
1226 4782 1633 4858 ἐπιστρέφουσιν
1699 4784 1775 4848 εἷς

107 4882 228 4953 γῆν
262 4873 597 4949 ἐρημώσεως
643 4873 841 4944 αὐτῶν,
872 4872 963 4928 καὶ
1002 4873 1580 4944 ἀνακαινοποιήσουσιν
1630 4872 1774 4930 οἶκον

104 4963 351 5040 Κυρίου.
388 4964 472 5018 Ἐν
525 4960 583 5019 δὲ
609 4968 689 5035 τῷ
718 4957 942 5036 ἑϐδόμῳ
972 4956 1319 5036 ἑϐδοματικῷ
1346 4962 1565 5033 ἥξουσιν
1614 4962 1780 5039 ἱερεῖς

107 5048 673 5128 εἷδωλολατροῦντες,
732 5053 996 5129 μάχιμοι,
1036 5051 1384 5130 φιλάργυροι,
1419 5052 1775 5129 ὑπερήφανοι,

108 5147 351 5217 ἄνομοι,
379 5140 652 5219 ἀσελγεῖς,
685 5138 1069 5221 παιδοφθόροι,
1099 5140 1483 5221 κτηνοφθόροι.

192 5323 307 5377 ΙΗ¹.
340 5342 371 5374 ‹‹
399 5318 496 5376 Καὶ
551 5317 684 5394 μετὰ
730 5318 795 5375 τὸ
849 5318 1094 5396 γενέσθαι
1142 5318 1243 5389 τὴν
1287 5315 1559 5390 ἰκδίκησιν
1600 5316 1776 5375 αὐτῶν

105 5574 144 5627 ἁ
189 5498 312 5625 S48)
350 5497 716 5627 ξαταπαίξετε
785 5499 855 5554 τὰ
928 5499 1074 5575 ἅγια.
1154 5498 1597 5578 Καταφρονήσετε
1667 5500 1775 5555 τῶν

148 5594 185 5627 Ὺ
217 5591 318 5626 ων.
378 5589 434 5627 Β.

340 5589 520 5714 “Elei;
570 5638 945 5725 αἶ’χμτςὶλωςερι¹
976 5636 1185 5713 ἔσεσθε,
1202 5630 1544 5725 ‘udsaorum‘
1560 5712 1571 5725 .
1596 5642 1776 5725 placi-

98 5712 209 5775 tis
235 5712 482 5774 adversa
528 5712 769 5772 omnino
797 5714 1029 5773 videtur
1072 5712 1373 5790 praedictio
1418 5712 1776 5787 captivitatis

408 5840 678 5923 Paeon,
724 5839 839 5924 Gs,
880 5838 962 5906 II.

1886 4696 2081 4768 ptione
2110 4700 2283 4753 erunt
2306 4700 2391 4765 ;et
2420 4700 2576 4752 terra
2604 4700 2662 4753 et
2689 4696 3021 4753 substantia
3035 4712 3236 4753 eorum
3263 4696 3535 4753 extermi-

1887 4785 2145 4843 nabitur.
2178 4786 2248 4840 Et
2294 4784 2357 4840 in
2387 4785 2595 4857 quinta
2642 4785 3008 4841 hebdomade
3059 4788 3422 4841 revertentur
3467 4786 3530 4846 in

1885 4878 2102 4931 terram
2134 4872 2513 4930 desolationis
2533 4870 2881 4947 ipsorum,et
2910 4874 3271 4930 renovabunt
3286 4874 3529 4931 domum

1887 4962 2206 5020 Domini.In
2236 4962 2487 5035 septima
2514 4979 2648 5019 vero
2680 4962 3046 5021 hebdomade
3076 4962 3308 5018 venient
3338 4979 3529 5020 sacer-

1888 5054 2051 5110 dotes
2081 5051 2541 5118 idololatrantes,
2582 5050 2912 5118 bellatores,
2943 5050 3121 5119 avari,
3155 5050 3533 5122 superbi,ini-

1888 5141 2009 5215 qui,
2028 5140 2655 5212 impudici,puerorum
2687 5143 3075 5212 corruptores,
3100 5155 3374 5212 pecorum
3404 5155 3532 5196 cor-

1887 5234 2180 5302 ruptores.

1957 5316 2158 5374 XVIII.
2190 5338 2220 5369 «
2252 5317 2323 5374 Et
2349 5320 2665 5390 postquam
2693 5315 2847 5375 facta
2875 5314 3052 5374 fuerit
3086 5315 3344 5373 vindicta
3371 5315 3529 5389 ipso-

1888 5500 2062 5569 atque
2092 5494 2717 5569 afﬂictionistempore
2745 5495 2991 5565 Messisa,
3022 5494 3132 5569 sub
3165 5509 3279 5567 quo
3318 5492 3530 5569 omnia

1888 5566 1999 5641 sibi
2030 5583 2308 5641 prospera
2338 5566 2976 5641 pollicenturAttamen
3002 5566 3226 5638 priscos
3250 5567 3528 5641 rabbinos

1887 5637 2049 5722 male
2070 5637 2228 5711 genti
2259 5637 2399 5722 suae,
2430 5637 2605 5722 etiam
2631 5642 2762 5722 post
2791 5637 3106 5722 adventum
3139 5637 3531 5722 Messiammi-

1886 5716 2055 5771 natos
2074 5708 2235 5785 Esse,
2267 5725 2336 5767 ex
2362 5708 2791 5770 traditionibus
2806 5716 3013 5773 eorum
3040 5708 3290 5767 constat.
3321 5708 3409 5771 In.
3476 5762 3488 5775 ,

3175 5834 3257 5929 3‘.
