4036 6356
503 339 656 400 1067

1484 337 2005 401 TESTAMENTA
2055 335 2162 399 Xll
2207 337 2910 404 PATRIARCHARUM.

3753 334 3891 398 1068

499 487 634 526 rum
667 487 700 526 a
728 469 1235 541 Domino,deﬁciet
1263 472 1652 526 sacerdotium
1681 475 1767 538 ;et
1795 475 1936 525 tunc
1962 468 2146 525 susci-

2279 469 2402 546 ταρᾶ
2453 469 2678 544 Κυρίου,
2729 471 2964 545 ἐκλείψει
3015 471 3050 540 ἡ
3097 467 3387 542 ἱερωσύνη·
3434 465 3524 523 καὶ
3567 466 3691 523 τότε
3735 467 3894 543 ἐγερεῖ

499 561 651 617 tabit
679 561 832 616 Deus
863 562 1223 616 sacerdotem
1243 561 1577 626 novum,cui
1611 576 1813 616 omnes
1843 574 2145 615 sermones

502 649 733 705 Domini
767 648 1174 704 revelabuntur
1201 666 1215 717 ;
1248 653 1306 704 et
1331 649 1456 721 ipse
1488 649 1660 704 faciet
1681 648 1975 720 judicium
2005 646 2151 702 veri-

511 737 650 792 tatis
698 737 757 792 in
807 741 962 792 terra
1016 737 1073 791 in
1108 736 1485 793 multitudine
1512 737 1762 794 dierum.
1815 739 1884 793 Et
1933 736 2152 792 orietur

509 830 734 882 astrum
768 825 954 897 ipsius
985 826 1044 881 in
1075 827 1239 894 calo,
1273 827 1424 883 sicut
1456 827 1923 892 rex,illuminans
1952 825 2151 881 lumen

508 914 860 986 cognitionis
893 915 951 970 in
985 916 1106 971 sole
1137 917 1248 971 diei
1276 935 1289 985 ;
1321 922 1378 973 et
1409 916 1880 989 magniﬁcabitur
1909 916 1969 970 in
2015 914 2153 970 orbe

507 1007 822 1071 terrarum,
852 1021 1034 1076 usque
1067 1006 1135 1060 ad
1171 1006 1632 1078 assumptionem
1665 1005 1873 1077 ipsius.
1905 1004 2034 1075 Ipse
2063 1017 2152 1057 re-

509 1091 843 1164 splendebit
873 1094 1024 1147 sicut
1055 1095 1140 1150 sol
1173 1095 1229 1148 in
1261 1099 1436 1165 terra,
1469 1100 1524 1150 et
1552 1094 1716 1150 tollet
1761 1110 1964 1149 omnes
1996 1097 2155 1147 tene-

509 1181 647 1237 bras
679 1198 807 1252 qua
838 1187 977 1238 sunt
1007 1184 1117 1238 sub
1150 1183 1389 1251 coelo,et
1421 1185 1530 1239 erit
1561 1201 1668 1255 pax
1700 1183 1759 1238 in
1791 1182 1950 1239 omni
1980 1184 2154 1236 terra.

511 1268 649 1325 Gali
682 1270 1057 1327 exsultabunt
1085 1272 1144 1326 in
1177 1272 1386 1328 diebus
1416 1273 1625 1344 ipsius,
1659 1277 1716 1328 et
1743 1277 1900 1328 terra
1937 1269 2160 1342 gaude-

512 1357 621 1430 bit,
654 1363 710 1414 et
741 1361 926 1415 nubes
976 1360 1348 1432 latabuntur,
1380 1368 1437 1418 et
1461 1362 1713 1434 cognitio
1766 1361 1996 1416 Domini
2030 1359 2160 1414 fun-

516 1447 688 1502 detur
716 1447 776 1502 in
807 1453 1054 1519 torra,ut
1085 1467 1239 1522 aqua
1270 1451 1520 1505 marium
1551 1454 1640 1518 ;et
1669 1448 1860 1521 angeli
1892 1446 2088 1520 gloria
2106 1448 2164 1500 et

516 1535 684 1591 faciei
717 1536 947 1592 Domini
979 1539 1318 1609 gaudebunt
1349 1539 1407 1594 in
1439 1556 1526 1594 eo.
1559 1538 1693 1593 (ΣαιΙὶ
1727 1537 2062 1609 aperientur
2094 1536 2162 1600 “,

515 1627 574 1678 et
605 1640 672 1679 ex
701 1624 921 1696 templo
951 1625 1147 1697 gloria
1171 1627 1360 1682 veniet
1382 1644 1558 1698 super
1589 1626 1758 1681 illum
1781 1623 2163 1681 sanctificatio

516 1728 650 1766 cum
701 1729 836 1768 voce
865 1719 1128 1786 paterna,
1163 1715 1316 1769 sicut
1348 1716 1417 1770 ab
1467 1715 1754 1770 Abraham
1787 1718 1948 1786 patre
1981 1713 2160 1768 Isaac.

516 1801 584 1856 Et
613 1800 797 1872 gloria
829 1801 1112 1858 Altissimi
1146 1820 1322 1875 super
1350 1804 1542 1875 ipsum
1577 1805 1883 1871 dicetur,et
1911 1800 2164 1872 Spiritus

515 1888 846 1947 intellectus
859 1895 915 1946 et
928 1893 1409 1948 sanctificationis
1432 1893 1755 1963 requiescet
1776 1890 2156 1962 superipsum

515 1978 576 2033 in
609 1995 763 2050 aqua
795 1980 860 2035 ‘3.
889 1981 1015 2052 Ipse
1044 1980 1204 2036 dabit
1236 1981 1728 2053 magnificentiam
1766 1979 1990 2035 Domini
2026 1976 2163 2032 filiis

517 2066 642 2122 suis
674 2066 732 2121 in
764 2069 1002 2123 veritate
1032 2069 1091 2124 in
1118 2070 1395 2124 saculum
1423 2087 1436 2138 ;
1474 2075 1530 2125 et
1561 2087 1674 2124 non
1709 2070 1821 2124 erit
1871 2066 2164 2122 successio

517 2155 627 2226 ipsi
662 2156 718 2210 in
751 2157 1154 2228 generationes
1184 2163 1240 2214 et
1271 2159 1674 2231 generationes
1692 2174 1880 2230 usque
1912 2157 1969 2211 in
1991 2172 2167 2212 sacu-

516 2242 740 2298 lum.Et
760 2244 817 2299 in
841 2247 1162 2301 sacerdatio
1185 2247 1371 2318 ipsius
1398 2246 1625 2302 deﬁciet
1644 2263 1817 2302 omne
1839 2250 2164 2318 peccatum,

519 2335 576 2388 et
608 2331 794 2404 iniqui
825 2334 1193 2405 requiescent
1223 2335 1281 2389 in
1332 2335 1503 2390 malis
1535 2351 1548 2389 :
1575 2335 1724 2406 justi
1757 2350 1888 2389 vero
1939 2332 2166 2404 requie-

520 2425 686 2476 scent
715 2422 773 2476 in
806 2422 952 2494 ipso.
990 2425 1058 2478 Et
1089 2424 1213 2495 ipse
1245 2424 1462 2496 aperiet
1491 2429 1688 2496 portas
1737 2422 2013 2496 paradisi,
2047 2425 2167 2478 sta-

518 2512 759 2580 tuatque
789 2512 902 2583 (53)
939 2512 1260 2569 minantem
1292 2513 1554 2584 gladium
1577 2513 1855 2568 adversus
1886 2513 2171 2581 Adam,et

521 2597 687 2652 dabit
739 2601 957 2670 sanctis
1007 2603 1308 2657 comedere
1356 2602 1427 2657 de
1458 2600 1615 2673 ligno
1645 2602 1796 2669 vita,
1830 2605 1888 2657 et
1927 2599 2170 2671 spiritus

525 2688 1008 2744 sanctificationis
1058 2691 1169 2745 erit
1197 2690 1257 2745 in
1305 2691 1412 2746 eis.
1445 2692 1514 2745 Et
1558 2689 1745 2745 Beliar
1791 2689 2070 2762 ligabitur
2099 2687 2172 2742 ab

526 2773 678 2845 ipso,
714 2782 769 2831 et
797 2777 960 2832 dabit
986 2783 1331 2850 potestatem
1380 2779 1517 2834 ﬁliis
1549 2778 1672 2834 suis
1703 2780 1774 2834 ad
1827 2778 2171 2834 calcandum

527 2879 706 2936 super
735 2867 1094 2937 perniciosos
1127 2867 1781 2939 spiritus.Etlatabitur
1811 2866 2172 2922 Dominusin

528 2951 667 3007 filiis
699 2955 844 3024 ejus,
877 2959 936 3011 et
965 2957 1293 3030 acquiescet
1336 2957 1613 3012 Dominus
1661 2956 1720 3012 in
1769 2955 1996 3011 dilectis
2044 2956 2173 3027 ejus

535 3058 723 3114 usque
773 3044 832 3099 in
888 3045 1126 3103 sacula.
1187 3047 1350 3102 Tunc
1409 3045 1691 3102 exultabit
1743 3045 2056 3112 Abraham,
2118 3048 2176 3100 et

533 3129 714 3204 Isaac,
747 3139 805 3190 et
831 3134 1010 3192 Jacob
1037 3161 1051 3205 ;
1084 3140 1141 3192 et
1170 3152 1276 3208 ego
1328 3136 1615 3208 gaudebo,
1647 3141 1704 3191 et
1734 3151 1938 3192 omnes
1987 3133 2175 3190 sancti

530 3218 852 3280 induantur
881 3224 1100 3281 latitia.

599 3578 741 3635 XIX.
776 3603 803 3630 ‹‹
837 3583 906 3635 Et
952 3596 1127 3648 nunc,
1158 3579 1262 3634 filii
1310 3579 1445 3651 mei,
1491 3578 1689 3634 omnia
1740 3577 1988 3635 audistis
2025 3593 2038 3633 :
2072 3577 2173 3633 eli-

531 3668 648 3740 gite
678 3668 857 3740 igitur
903 3668 1334 3740 vobismetipsis
1365 3667 1452 3724 vel
1502 3669 1773 3725 tenebras
1820 3667 1907 3723 vel
1955 3667 2169 3736 lucem,

527 3755 616 3812 vel
648 3756 834 3829 legem
871 3757 1095 3812 Domini
1127 3756 1214 3812 vel
1248 3773 1422 3828 opera
1449 3756 1655 3814 Beliar.
1690 3779 1720 3806 »
1752 3757 1822 3812 Et
1867 3756 2173 3827 respondi-

530 3861 664 3901 mus
695 3863 801 3900 nos
833 3845 1005 3917 patri,
1040 3845 1296 3900 dicentes
1330 3860 1342 3898 :
1377 3866 1404 3894 «
1437 3844 1641 3900 Coram
1675 3844 1922 3899 Domino
1964 3845 2171 3900 ambu-

529 3934 806 4005 labimus,
858 3934 1181 3990 secundum
1231 3933 1418 4005 legem
1472 3932 1678 4004 ipsius.
1714 3955 1742 3982 »
1775 3934 1842 3988 Et
1888 3933 2032 3988 dixit
2069 3950 2172 4005 pa-

528 4028 616 4079 ter
645 4027 842 4079 noster
875 4040 889 4078 :
932 4044 958 4077 ιι
989 4022 1180 4078 Testis
1219 4027 1307 4078 est
1342 4023 1620 4077 Dominus
1670 4030 1726 4077 et
1755 4026 1932 4078 testes
1982 4021 2172 4095 angeli

529 4114 677 4182 ejus,
711 4118 768 4168 et
813 4112 976 4167 testis
1008 4128 1112 4184 ego
1161 4115 1219 4168 et
1248 4116 1425 4167 testes
1473 4127 1574 4166 vos
1615 4111 1685 4166 de
1738 4128 2004 4167 sermone
2054 4111 2172 4167 oris

526 4201 724 4256 vestri.
761 4224 789 4250 »
823 4203 889 4255 Et
938 4201 1193 4256 diximus
1226 4217 1238 4255 :
1273 4223 1299 4251 ‹‹
1334 4201 1534 4256 Testes
1586 4201 1861 4272 (sumus).
1899 4223 1926 4250 »
1971 4202 2039 4256 Et
2087 4201 2172 4256 sic

529 4290 812 4360 requievit
853 4290 1007 4358 Levi,
1031 4290 1151 4345 hac
1180 4289 1467 4345 mandans
1491 4289 1627 4345 ﬁliis
1662 4289 1807 4356 suis,
1831 4294 1887 4344 et
1915 4290 2174 4345 extendit

527 4379 706 4451 pedes
737 4395 895 4446 suos,
941 4384 997 4434 et
1026 4379 1327 4451 appositus
1373 4385 1463 4434 est
1493 4380 1565 4434 ad
1599 4385 1792 4450 patres
1841 4396 2002 4450 suos,
2037 4396 2170 4435 cum

527 4467 768 4523 vixisset
798 4472 1031 4523 centum
1055 4473 1111 4523 et
1139 4468 1377 4540 triginta
1405 4473 1630 4540 septem
1661 4468 1941 4524 annos.Et
1970 4485 2174 4540 posue-

2256 559 2452 634 Κύριος
2483 561 2629 637 ἱερέα
2657 560 2863 630 καινὸν,
2896 561 2942 632 ᾧ
2974 558 3166 620 πάντες
3219 559 3270 613 οἱ
3320 557 3481 633 λόγοι
3527 557 3730 633 Κυρίου
3781 558 3893 612 ἀπο-

2256 647 2717 728 καλυφθήσονται·
2767 649 2858 703 καὶ
2908 648 3068 710 αὐτὸς
3137 649 3354 717 ποιήσει
3416 646 3591 721 κρίσιν
3651 646 3893 715 ἀληθείας

2259 737 2345 792 ἐπὶ
2376 745 2476 807 τῆς
2507 745 2609 815 γῆς
2640 737 2692 793 ὲν
2741 738 2940 808 πλήθει
2987 740 3233 812 ἡμερῶν.
3268 735 3372 792 Καὶ
3423 734 3673 789 ἀνατελεῖ
3719 733 3894 805 ἄστρα-α

2261 826 2424 881 αὐτοῦ
2465 827 2516 882 ὲν
2576 828 2784 901 οὐρανῷ
2840 830 2974 900 (50),
3027 827 3103 888 ὡς
3161 823 3440 901 βασιλεὺς,
3496 823 3748 902 ιρωτίζων
3798 828 3897 900 φῶς

2261 917 2514 993 γνώσεως
2546 915 2597 970 ἐν
2631 915 2777 988 ἡλίῳ
2808 916 3034 990 ἡμέρας
3069 914 3159 968 καὶ
3211 910 3679 988 μεγαλυνθήσεται
3742 912 3794 966 ἐν
3989 959 3991 970 .

2264 1004 2575 1079 οἰκουμένῃ,
2625 1002 2731 1067 ἕως
2791 1001 3114 1076 ἀναλήψεως
3164 1001 3347 1057 αὐτοῦ.
3389 1001 3555 1063 Οὗτος
3603 1001 3900 1073 ἀναλάμψει
3987 995 3991 1020 ¹

2265 1094 2338 1156 ὡς
2369 1095 2396 1148 ὁ
2425 1093 2585 1162 ἥλιος
2634 1092 2685 1148 ἐν
2735 1097 2802 1167 τῇ
2851 1091 2948 1167 γῇ,
2977 1093 3067 1146 καὶ
3117 1092 3290 1166 ἐξαρεῖ
3336 1097 3437 1145 πᾶν
3467 1091 3660 1153 σκότος
3721 1091 3782 1145 ἐκ
3817 1098 3905 1157 τῆς

2269 1184 2357 1239 ὑπ’
2415 1183 2662 1259 οὐρανὸν,
2712 1185 2802 1237 καὶ
2856 1179 3000 1237 ἔσται
3049 1180 3238 1257 εῗρήνη
3287 1180 3338 1235 ἐν
3399 1179 3541 1254 πάσῃ
3585 1184 3656 1253 τῇ
3851 1182 3902 1234 0'!

2267 1272 2486 1349 οὐρανοὶ
2538 1269 2952 1347 ἀγαλλιάσονται
3002 1269 3053 1326 ἐν
3097 1275 3218 1332 ταῖς
3264 1270 3496 1346 ἡμέραις
3538 1269 3726 1340 αὐτοῦ,
3758 1268 3845 1324 καὶ
3875 1270 3901 1336 ἡ

2265 1369 2336 1438 γῆ
2386 1363 2706 1436 χαρήσεται,
2739 1361 2828 1416 καὶ
2875 1361 2930 1414 αἱ
2979 1357 3199 1438 νεφέλαι
3249 1358 3725 1436 εὐφρανθήσονται,
3758 1357 3901 1421 καἰῆ

2267 1455 2465 1526 γνῶσις
2494 1450 2689 1526 Κυρίου
2745 1447 3108 1525 ἐκχυθήσεται
3169 1447 3258 1503 ἐπὶ
3314 1455 3413 1516 τῆς
3450 1454 3575 1524 γῆς,
3631 1447 3708 1510 ὡς
3769 1444 3905 1520 ὕδωρ

2269 1539 2693 1596 θαλασσῶνοκαὶ
2737 1539 2789 1593 οἱ
2845 1537 3074 1613 ἄγγελοι
3129 1543 3232 1607 τῆς
3291 1533 3450 1610 δόξης
3502 1535 3716 1591 καὶτοῦ
3751 1557 3908 1612 προσ-

2273 1631 2424 1684 ώπου
2458 1627 2657 1704 Κυρίου
2709 1628 3041 1703 χαρήσονται
3099 1625 3151 1681 ἐν
3207 1625 3372 1697 αὐτῷ.
3405 1625 3472 1682 Οἱ
3521 1624 3740 1700 οὐρανοὶ
3777 1626 3908 1679 dvo:-

2271 1721 2554 1794 γήσονται,
2586 1717 2674 1772 καὶ
2706 1715 2766 1771 ἐκ
2793 1719 2890 1771 τοῦ
2929 1719 3066 1769 ναοῦ
3111 1720 3211 1783 τῆς
3263 1711 3426 1784 δόξης
3470 1712 3583 1784 ἥξει
3645 1712 3727 1767 ἐπ’
3761 1712 3908 1767 αὐτὸν

2273 1807 2513 1883 ἀγίασμα
2580 1806 2716 1879 μετὰ
2779 1810 2965 1882 φωνῆς
3026 1809 3318 1876 πατρικῆς,
3374 1802 3448 1864 ὡς
3517 1802 3620 1856 ἀπὸ
3669 1797 3910 1876 Ἀϐραὰμ

2269 1895 2474 1970 πατρὸς
2522 1895 2715 1950 Ἰσαάκ.
2779 1891 2881 1950 Καὶ
2926 1889 3053 1962 δόξα
3100 1889 3350 1965 Ὑψίστου
3395 1889 3478 1945 ἐπ’
3527 1889 3686 1944 αὐτὸν
3745 1889 3910 1965 ῥηθή-

2271 2005 2438 2054 σεται,
2468 1983 2557 2036 καὶ
2606 1985 2818 2054 πνεῦμα
2862 1981 3125 2042 συνέσεως
3173 1978 3262 2034 καὶ
3326 1979 3600 2054 ἀγιασμοῦ
3655 1977 3915 2033 καταπαῶ

2386 2071 2409 2126 ἐ
2456 2072 2467 2091 ’
2542 2070 2555 2090 ’
2604 2072 2618 2090 “
2689 2069 2713 2125 ἐ
2808 2074 2834 2083 ”
2885 2066 2948 2123 Ψ
3153 2066 3166 2085 ’
3222 2069 3235 2084 ⁸
3375 2068 3386 2086 '
3511 2069 3576 2106 ’Ὺ

2273 2093 2351 2127 σει
2411 2093 2450 2126 π
2498 2092 2654 2125 αυτον
2715 2092 2739 2123 ν
2767 2091 2847 2140 τῳ
2921 2083 3059 2125 οατι.
3098 2076 3276 2130 Αυτος
3319 2066 3480 2122 δωσει
3523 2088 3610 2136 »ην
3669 2067 3910 2144 μεγαλω-

2273 2160 2435 2231 σύνην
2488 2159 2686 2235 Κυρίου
2735 2163 2853 2220 τοῖς
2900 2158 3040 2220 υἱοῖς
3089 2157 3254 2212 αὐτοῦ
3307 2155 3358 2211 ἐν
3408 2154 3642 2229 ἀληθείᾳ
3699 2155 3777 2218 εἰς
3833 2157 3913 2210 15v

2273 2250 2460 2305 αἷῶνα’
2511 2249 2599 2303 καὶ
2647 2247 2746 2302 οὐκ
2791 2245 2935 2302 ἔσται
2987 2243 3220 2321 διαδοχὴ
3271 2245 3416 2317 αὐτῷ
3465 2245 3543 2308 εἷς
3597 2244 3781 2320 γενεὰς
3836 2245 3917 2297 καὶ

2275 2338 2460 2414 γενεὰς
2490 2335 2594 2399 ἓως
2648 2336 2862 2398 αἰῶνος.
2897 2334 2999 2392 Καὶ
3055 2335 3142 2390 ἐπὶ
3189 2341 3291 2404 τῆς
3339 2337 3452 2407 (51)
3479 2333 3782 2409 ἱερωσύνης
3832 2333 3914 2386 αὖ·

2274 2431 2376 2483 τοῦ
2408 2424 2646 2499 ἐκλείψει
2684 2429 2827 2478 πᾶσα
2865 2423 3121 2498 ἁμαρτία,
3152 2422 3243 2478 καὶ
3292 2423 3344 2477 οἱ
3394 2423 3589 2494 ἄνομοι
3650 2420 3915 2476 tutata-3-

2278 2535 2458 2570 σουσιν
2515 2513 2590 2576 εἷς
2630 2513 2784 2566 κακά’
2845 2511 2896 2566 οἱ
2976 2508 3032 2566 δὲ
3101 2508 3301 2565 δίκαιοι
3376 2508 3808 2565 καταπαύσουσιν
3873 2509 3917 2564 ἐν

2280 2604 2443 2676 αὐτῷ.
2477 2601 2641 2677 Καίγε
2668 2601 2826 2663 αὐτὸς
2858 2599 3055 2670 ἀνοίξει
3079 2601 3174 2661 τὰς
3210 2598 3373 2675 θύρας
3421 2603 3518 2653 τοῦ
3574 2597 3917 2676 παραδείσου,

2277 2695 2366 2749 καὶ
2415 2693 2599 2763 στήσει
2640 2693 2753 2764 (52)
2802 2691 2900 2759 τὴν
2951 2687 3278 2744 ἆπειλοῦσαν
3327 2687 3597 2766 ῥομφαίαν
3643 2689 3783 2742 κατὰ
3833 2692 3916 2742 τοῦ

2280 2781 2480 2854 Ἀδὰμ,
2520 2780 2610 2834 καὶ
2659 2777 2819 2833 δώσει
2865 2782 2984 2840 τοῖς
3035 2777 3206 2853 ἁγίοις
3249 2782 3438 2854 φαγεῖν
3495 2776 3554 2831 ἐκ
3599 2781 3699 2832 τοῦ
3762 2777 3916 2846 ξύλου

2277 2879 2377 2942 τῆς
2413 2873 2579 2940 ζωῆς,
2609 2868 2699 2923 καὶ
2755 2871 2968 2940 πνεῦμα
3023 2865 3325 2942 ἁγιωσύνης
3386 2863 3528 2920 ἔσται
3581 2864 3663 2919 ἐπ’
3716 2865 3914 2926 αὐτοῖς.

2284 2962 2386 3019 Καὶ
2434 2961 2461 3015 ὁ
2507 2957 2698 3032 Βελιᾶρ
2754 2955 3032 3026 δεθήσεται
3082 2955 3170 3009 ὑπ’
3215 2954 3400 3026 αὐτοῦ,
3431 2954 3522 3008 καὶ
3573 2951 3733 3009 δώσει
3777 2953 3917 3025 ἐξου-

2283 3049 2398 3105 σίαν
2429 3053 2544 3110 τοῖς
2573 3047 2784 3107 τὲκνοις
2814 3044 2976 3100 αὐτοῦ
3007 3047 3191 3098 πατεῖν
3250 3041 3337 3097 ἐπὶ
3386 3043 3453 3097 τὰ
3496 3044 3713 3118 πονηρὲ
3765 3042 3914 3095 πνεύ-

2290 3159 2450 3213 ματα.
2509 3135 2608 3192 Καὶ
2674 3135 3086 3213 εὐφρανθήσεται
3126 3133 3322 3208 Κύριος
3388 3129 3474 3186 ἐπὶ
3528 3136 3645 3193 τοῖς
3719 3131 3918 3190 τεκνοις

2205 3203 2248 3271 C
2283 3203 2469 3297 αὐτοῦ,
2513 3224 2602 3280 καὶ
2655 3203 2937 3294 εὐδοκήσει
2984 3221 3184 3297 Κύριος
3207 3203 3316 3276 ⁷ἐπὶ
3345 3224 3461 3282 τοῖς
3494 3220 3804 3294 ἀγαπητοῖς
3835 3219 3924 3272 αὖ·

2281 3320 2377 3372 τοῦ
2426 3312 2531 3376 ἓως
2575 3317 2682 3368 τῶν
2743 3311 2978 3368 αἰώνων.
3025 3309 3156 3364 Τότε
3221 3306 3603 3386 ἀγαλλιάσεται
3654 3304 3916 3385 Ἀϐραὰμ,

2281 3404 2371 3460 καὶ
2421 3401 2615 3473 Ἰσαὰκ,
2674 3399 2763 3455 καὶ
2818 3393 3032 3454 Ἰακώϐ⁶
3078 3397 3231 3473 κάγὼ
3282 3398 3622 3472 χαρήσομαι,
3678 3396 3772 3452 καὶ
3813 3396 3922 3451 πὲρ

2280 3513 2367 3554 τες
2399 3492 2451 3547 οἱ
2482 3491 2624 3567 ἅγιοι
2656 3486 2962 3544 ἐνδύσονται
2986 3483 3317 3563 εὐφροσύνην
3351 3487 3486 3558 (54).

2354 3582 2453 3638 ΙΘ’.
2486 3604 2514 3633 ‹‹
2560 3578 2658 3634 Καὶ
2711 3582 2822 3650 νῦν,
2879 3575 3038 3631 τὲκνα
3090 3595 3216 3645 μου,
3269 3575 3442 3628 πάντα
3490 3571 3763 3643 ἠκούσατε
3816 3570 3919 3628 ἕλε-

2281 3673 2373 3726 σθε
2404 3667 2494 3724 οὖν
2527 3669 2737 3729 ἑαυτοῖς
2766 3666 2800 3735 ἢ
2833 3665 2897 3720 τὸ
2945 3664 3135 3726 σκότος
3179 3665 3214 3732 ἢ
3262 3663 3326 3717 τὸ
3375 3665 3512 3739 φῶς.
3545 3663 3578 3730 ἢ
3610 3661 3786 3736 νόμον
3836 3666 3916 3716 τοῦ

2283 3759 2481 3835 Κυρίου
2510 3759 2546 3828 ἢ
2582 3753 2713 3832 ἔργα
2738 3753 2834 3811 τοῦ
2874 3755 3090 3829 ΒεΛιάρ.
3126 3778 3147 3806 ι
3186 3750 3290 3807 Καὶ
3341 3750 3712 3826 ἀπεκρίθημεν
3770 3754 3917 3823 ἡμεῖς

2279 3853 2358 3921 τῷ
2399 3847 2585 3923 πατρὶ,
2632 3844 2899 3922 λέγοντες
2955 3866 2983 3895 ι(
3032 3841 3291 3896 Ἐνώπιον
3338 3837 3538 3915 Κυρίου
3594 3840 3920 3916 πορευσόμε-

2283 3948 2368 4006 θα,
2425 3936 2560 3991 κατὰ
2608 3935 2699 3989 τὸν
2757 3932 2925 4006 νόμον
2988 3929 3170 3987 αὐτοῦ.
3223 3955 3245 3985 ι
3312 3929 3414 3986 Καὶ
3455 3926 3597 3982 εἶπεν
3661 3929 3691 3981 ὁ
3754 3929 3918 4000 πατὴρ

2280 4028 2464 4099 ἡμῶν·
2514 4046 2536 4074 ι
2581 4023 2797 4097 Μάρτυς
2853 4019 3067 4094 Κύριος,
3117 4017 3206 4073 καὶ
3268 4016 3534 4094 μάρτυρες
3586 4016 3639 4070 οἱ
3704 4015 3921 4092 ἄγγελοι

2281 4114 2466 4181 αὐτοῦ,
2512 4111 2602 4167 καὶ
2656 4111 2858 4186 μάρτυς
2908 4107 3033 4184 ἐγὼ,
3084 4107 3172 4161 καὶ
3250 4107 3516 4182 μάρτυρες
3592 4104 3754 4179 ὑμεῖς
3809 4105 3920 4178 περὶ

2278 4207 2376 4258 τοῦ
2433 4199 2604 4276 λόγου
2676 4203 2772 4254 τοῦ
2847 4195 3113 4269 στόματος
3191 4195 3363 4267 ὑμῶν.
3429 4219 3455 4246 ››
3517 4194 3614 4248 Καὶ
3685 4192 3922 4268 εἴπαμεν·

2282 4317 2310 4344 ‹‹
2349 4292 2649 4368 Μάρτυρες.
2709 4311 2738 4339 ››
2797 4285 2894 4340 Καὶ
2935 4284 3108 4346 οὕτως
3167 4281 3432 4337 ἐπαύσατο
3484 4283 3632 4355 Aeni,
3677 4282 3920 4338 ἐντελλό-

2286 4402 2442 4455 μενος
2471 4384 2588 4440 τοῖς
2640 4377 2781 4438 υἱοῖς
2829 4373 3016 4443 αὐτοῦ,
3041 4371 3131 4428 καί
3175 4371 3396 4442 ἐξέτεινε
3444 4371 3571 4434 τοὺς
3622 4369 3804 4434 πόδας
3850 4369 3924 4425 αὖ·

2279 4474 2396 4540 τοῦ,
2428 4467 2517 4522 καὶ
2575 4463 2868 4542 προσετέθη
2929 4463 3064 4539 πρὸς
3116 4459 3244 4523 τοὺς
3296 4458 3529 4535 πατέρας
3587 4459 3781 4530 αὐτοῦ,
3846 4463 3922 4528 ζήο

528 4561 669 4612 runt
719 4573 852 4613 eum
886 4558 944 4612 in
993 4556 1197 4624 theca;
1233 4560 1289 4611 et
1319 4561 1518 4628 postea
1545 4555 1900 4628 sepelierunt
1947 4574 2080 4614 eum
2112 4558 2167 4614 in

2282 4581 2372 4621 σας
2407 4555 2520 4635 ρλζ¹
2560 4553 2676 4626 ἔτη.
2707 4559 2810 4610 Καῖ
2853 4547 3046 4623 ἔθηκαν
3095 4549 3251 4604 αὐτὸν
3312 4549 3364 4604 ἐν
3417 4553 3578 4622 σορῷ·
3636 4549 3732 4603 καὶ
3788 4549 3922 4603 ὅστε·

529 4647 779 4718 Hebron,
804 4648 972 4718 juxta
999 4646 1314 4713 Abraham,
1344 4649 1400 4701 et
1430 4646 1611 4714 Isaac,
1645 4649 1702 4701 et
1731 4645 1931 4702 Jacob.

528 4827 571 4863 ιι
604 4825 808 4882 Matth.
842 4841 980 4893 xvu,
1009 4826 1064 4882 5.
1144 4825 1188 4859 ¹²
1218 4823 1426 4882 Matth.
1457 4841 1540 4895 ιιι,
1574 4824 1660 4895 16,
1695 4825 1796 4892 17;
1834 4824 1973 4880 Luc.
2006 4842 2092 4896 ιιι,
2122 4827 2216 4888 22.

599 4933 714 5014 (50)
761 4931 993 5014 ’Ἄστρον
1050 4928 1214 5012 αὐτοῦ
1275 4927 1325 4983 ἐν
1384 4927 1618 5014 οὐρανῷ.
1654 4931 1847 5014 'Hisce
1919 4935 2176 5014 auctoris

529 5002 715 5061 nostri
761 5002 951 5059 verbis
1002 5003 1237 5074 gemina
1285 5002 1522 5076 scripsit
1551 5007 1605 5076 ξ.
1653 5002 1916 5073 Ignatius
1963 5003 2178 5076 aliique

530 5076 753 5140 Patres,
787 5073 1034 5146 quorum
1069 5076 1240 5128 verba
1269 5073 1541 5146 recitavit
1559 5073 1906 5142 Pearsonus,
1926 5073 2175 5146 partfu,

535 5147 744 5206 Vindic.
782 5144 949 5218 Epist.
976 5147 1198 5218 Ignatiz',
1231 5144 1695 5218 cap.‘10.__GnAAB.

602 5220 716 5288 (51)
751 5211 852 5272 Καὶ
913 5211 1017 5269 ἐπῖ
1055 5221 1177 5283 τῆς,
1208 5235 1260 5269 κ.
1291 5211 1340 5267 τ.
1468 5215 1569 5288 Hic
1628 5216 1848 5271 incerta
1896 5221 2034 5271 sunt
2087 5234 2176 5273 se-

533 5285 770 5372 quentia
800 5288 1134 5370 in.Cantab.
1168 5285 1508 5372 exemplari,
1533 5287 1603 5368 ob
1635 5289 1836 5372 eadem
1859 5289 2041 5372 ‘verb‘a
2073 5289 2179 5372 in_i-

531 5356 694 5416 tialia
727 5378 827 5431 per
874 5360 1158 5431 incuriam
1184 5356 1407 5431 scriba
1452 5357 1716 5431 omissa:
1778 5357 1886 5431 Kai_
1935 5356 2021 5412 ἐπὶ
2075 5364 2175 5431 τῆς

533 5424 832 5504 ἱερωσύνης
860 5429 1023 5504 αὐτού
1077 5428 1144 5481 τὰ
1181 5424 1299 5504 ἔθνη
1350 5425 1818 5504 πληθυνθήσονται
1870 5428 1920 5483 ἐν
1980 5424 2174 5504 γνῴσει

533 5496 748 5575 τῇς
781 5496 907 5575 γῆς,
933 5499 1028 5575 Δδιαὶ
1061 5496 1496 5575 φωτισθήσονται
1543 5496 1631 5553 διὰ
1667 5502 1902 5575 Δχάριτος
1955 5496 2173 5575 Κυρίουο

534 5572 562 5625 ὁ
595 5569 650 5624 δὲ
680 5569 913 5647 Ἰσραὴλ⁸
929 5569 1356 5642 ἐλαττωθήσεται
1387 5569 1439 5625 ἐν
1473 5569 1734 5647 ἀγνωσίᾷ,
1755 5569 1845 5627 καὶ
1896 5569 2179 5645 σκοτισθή-

533 5661 676 5696 σεται
712 5640 763 5695 ὲν
791 5643 991 5697 πένθει.
1026 5647 1110 5699 ID.

600 5714 716 5808 (52)
748 5713 966 5787 Στήσει.
999 5713 1344 5787 ’Δποστήσει.
1375 5715 1438 5772 ID

2276 4669 2367 4725 ρον
2409 4633 2608 4719 ἔθαψαν
2657 4642 2813 4698 αὐτὸν
2883 4639 2934 4696 ἐν
2997 4633 3242 4725 Χεϐρῲν,
3291 4636 3388 4693 ἀνᾶ
3433 4641 3596 4714 χεῖρα
3836 4641 3921 4693 Ἀ.

2276 4722 2480 4815 δραὰμ,
2512 4735 2603 4789 καὶ
2627 4732 2827 4802 Ἰσαὰκ,
2859 4729 2949 4784 καὶ
2980 4722 3197 4786 Ἰακώϐ.

2359 4935 2481 5008 (53)-
2504 4933 2836 5008 διαιιιεῑᾳμε.
2865 4926 3043 5008 ’δέρης
3061 4923 3486 5008 [ασξεξλιᾳρςῤ
3515 4926 3766 4994 uterque
3814 4939 3922 5008 ma-

2289 4995 2627 5076 nu‘scriptus
2657 4995 2833 5076 codex
2861 4999 2926 5076 i_n_
2952 4995 3513 5076 BibliothLBoleta
3544 5011 3784 5076 quoque

2288 5079 2347 5134 C.
2383 5066 2525 5133 adeo
2560 5079 2623 5130 ut
2651 5072 2742 5127 vix
2791 5070 3035 5125 dubium
3080 5069 3175 5135 sit,
3213 5067 3527 5123 Robertum
3559 5066 3620 5121 in
3666 5066 3920 5121 versione

2288 5166 2396 5204 sua
2426 5150 2581 5203 hunc
2629 5159 2868 5198 sensum
2918 5140 3393 5212 expressisse,‘eo
3437 5138 3592 5212 quod
3613 5137 3685 5212 _in
3740 5137 3921 5212 Graec

2288 5219 2501 5292 legeret
2529 5216 2734 5292 στήσει,
2768 5213 2854 5292 uti
2872 5207 3060 5292 habet
3089 5211 3265 5292 codex
3293 5207 3921 5292 Cantabrigiensia.“-

2287 5279 2417 5346 ruum
2444 5291 2562 5345 hac
2594 5279 3041 5354 lectio,indeque
3071 5279 3920 5354 nata_versio,antecedentibus

2287 5363 2504 5434 pariter
2532 5376 2598 5414 ac
2633 5350 3030 5438 sequentibus
3077 5352 3285 5438 verbis,
3316 5351 3548 5438 ipsique
3579 5350 3659 5404 rei
3711 5355 3920 5405 natura

2287 5421 2592 5504 repugnat.
2629 5421 2856 5504 Optime
2887 5442 3016 5504 vero
3044 5429 3255 5504 cuncta
3269 5421 3396 5504 sibi
3428 5421 3674 5477 invicem
3720 5436 3920 5504 conso-

2287 5446 2592 5504 repugnat.
2629 5446 2671 5484 U
2717 5446 2856 5481 tune
2887 5446 3016 5480 vero
3044 5446 3255 5478 cuncta
3285 5446 3396 5478 sun
3428 5446 3674 5477 luvwem
3720 5446 3918 5477 consu-

2287 5510 2448 5572 nant,
2481 5504 2528 5558 si
2557 5519 2623 5556 ex
2663 5446 2972 5572 gxoniensi
3030 5493 3460 5572 codiceGraco
3491 5509 3741 5566 reponas
3791 5490 3918 5546 ἀπο-

2284 5565 2490 5645 στήσει,
2523 5571 2802 5645 abscedere
2827 5570 3017 5645 faciet,
3047 5565 3333 5645 ιιηιρυσὸιιΣ
3363 5565 3451 5622 In.

2377 5634 2867 5730 ῥέξ’ἓύφροσύνρν.
2900 5634 3276 5730 Διέαιοσύνην.
3306 5640 3395 5695 In.

2353 5654 2469 5792 (54)
2497 5654 2867 5730 Εὐφροσῡνρν.
2900 5654 3042 5692 Δικαι

2375 5718 2468 5790 55)
2496 5720 2682 5790 Χιιρα.
2710 5715 2926 5792 Χαιρας.
2955 5709 3042 5772 In.
