4036 6356
147 439 300 500 1069

729 577 1083 630 ΚΕΦΛΛΙΟΝ
1114 579 1151 629 Δ
1171 618 1185 634 .

144 678 380 750 Διαθήκη
426 675 610 734 Ἰούδα
656 679 781 756 περὶ
841 678 1107 806 ἀνδρεὲας,
1174 681 1263 736 καὶ
1290 680 1669 758 φιλαργυρίας,
1700 681 1789 736 καὶ

831 772 1000 806 ποονε
1026 772 1104 806 ας.

831 772 1104 828 πορνειας.

211 871 271 927 A'
318 870 670 951 Ἀντίγραφον
719 872 898 949 λόγων
950 871 1147 947 Ἰούδα,
1215 872 1314 929 ὅσα
1378 870 1617 940 έλάλησε
1669 876 1788 935 τοῖς

138 960 279 1023 υἱοῖς
326 960 491 1016 αὐτοῦ
541 962 648 1037 πρὸ
694 966 791 1016 τοῦ
834 962 1122 1018 ἀποθανεῖν
1174 961 1357 1020 αὐτόν.
1420 961 1788 1037 Συναχθέντες

134 1047 306 1117 ἦλθον
365 1051 503 1126 πρὸς
549 1049 730 1119 αὐτὸν,
789 1050 879 1105 καὶ
939 1049 1084 1105 εἶπεν
1151 1047 1356 1113 αὺτοῖς.
1425 1073 1455 1103 ‹‹
1522 1048 1785 1125 Τέταρτος

134 1138 253 1201 υἱὸς
302 1137 567 1213 ὖγενόμην
616 1139 721 1215 ἐγὼ
769 1143 849 1211 τῷ
889 1137 1053 1216 πατρί
1088 1160 1214 1212 μου,
1274 1138 1363 1194 καὶ
1392 1140 1427 1208 ἡ
1464 1139 1647 1214 μήτηρ
1681 1157 1786 1209 μου

132 1227 249 1300 (56)
297 1227 547 1299 ὠνόμασέ
600 1248 666 1301 με
723 1224 949 1298 Ἰούδαν,
1004 1226 1275 1302 λέγουσα·
1344 1224 1785 1301 Ἀνθομολογοῦ-

133 1336 231 1388 μαι
278 1320 358 1389 τῷ
404 1315 609 1392 Κυρίῳ,
659 1315 744 1372 ὅτι
797 1313 999 1372 δέδωκέ
1049 1336 1143 1389 μοι
1188 1313 1279 1372 καί
1337 1314 1592 1391 τέταρτον
1643 1312 1785 1373 υἱόν.

126 1404 285 1479 Ὀξὺς
332 1400 485 1478 ἤμην
535 1404 625 1460 καὶ
676 1403 971 1467 σπουδαῖος
1020 1404 1073 1460 ἐν
1104 1402 1320 1477 νεότητί
1353 1425 1479 1479 μου,
1504 1403 1595 1459 καὶ
1646 1404 1783 1459 ὑπα-

125 1492 307 1548 κούων
359 1498 439 1565 τῷ
496 1492 663 1570 πατρὶ
719 1493 854 1549 κατὰ
909 1492 1084 1549 πάντα
1134 1491 1324 1569 λόγον·
1382 1492 1473 1549 καὶ
1523 1491 1781 1569 εύλόγουν

126 1582 243 1657 (58)
300 1582 399 1652 τὴν
431 1581 641 1657 μητέρα
674 1602 799 1655 μου,
859 1582 950 1637 καὶ
1006 1583 1107 1652 τήν
1148 1578 1386 1661 ἀδεκφὴν
1416 1584 1517 1652 τῆς
1574 1579 1781 1656 μητρός
1826 1586 1839 1595 “

133 1692 261 1745 μου.
298 1669 394 1726 Καὶ
443 1669 673 1747 ἐγένετο,
725 1670 801 1733 ὡς
849 1667 1135 1746 ἠνδρώθην
1186 1672 1321 1745 (58),
1367 1669 1459 1725 καὶ
1516 1671 1544 1725 ὁ
1600 1671 1781 1744 πατήρ

130 1780 239 1833 μου
288 1754 482 1816 Ἰακὼϐ
530 1756 729 1831 ηὔξατό
786 1780 879 1832 μοι
929 1761 1064 1834 (59),
1107 1758 1323 1835 λέγων·
1372 1756 1635 1823 Βασιλεὺς
1665 1756 1781 1833 ἔσῃ,

121 1846 590 1923 κατευοδούμενος
621 1848 672 1904 ἐν
698 1854 850 1906 πᾶσι.

1400 440 1999 504 'I‘ESTAMENTUM
2041 440 2287 503 JUD/E.

1817 576 1870 640 Α

3393 442 3549 504 10ἷο

2542 573 2779 630 CAPUT
2818 574 2909 631 ιν.

1903 680 2298 735 Testamentum
2341 678 2516 747 Iudae,
2569 680 2642 736 de
2686 680 3036 752 fortitudine,
3085 687 3137 737 et
3179 682 3440 746 avaritia.
3491 687 3546 739 et

2524 752 2912 821 fornicatione.

1969 873 2014 930 Ι.
2063 874 2506 947 Transcriptum
2554 891 2892 932 sermonum
2942 876 3129 946 Judm,
3179 892 3545 950 quacunque

1898 960 2128 1020 locutus
2179 968 2267 1020 est
2314 962 2450 1019 ﬁliis
2494 964 2640 1032 suis,
2675 970 2988 1037 antequam
3021 970 3363 1022 moreretur.
3396 967 3545 1024 Con-

1895 1052 2119 1123 gregati
2160 1056 2449 1107 venerunt
2476 1054 2548 1107 ad
2580 1053 2862 1124 ipsum,et
2888 1053 3034 1110 dixit
3062 1054 3146 1110 eis
3180 1071 3193 1110 :
3228 1076 3257 1104 ‹‹
3289 1056 3543 1121 Quartus

1896 1139 2057 1196 ﬁlius
2088 1141 2327 1196 effectus
2357 1157 2490 1197 sum
2522 1142 2673 1213 patri
2705 1146 2918 1213 meo,et
2948 1146 3135 1198 mater
3165 1159 3295 1199 mea
3319 1144 3546 1200 vocavit

1896 1244 1988 1284 me
2017 1228 2255 1295 Judam,
2288 1228 2487 1285 dicens
2518 1244 2532 1284 :
2567 1251 2595 1279 ‹‹
2630 1228 2918 1286 Conﬁteor
2959 1231 3227 1303 Domino,
3261 1231 3541 1304 quoniam

1894 1316 2053 1373 dedit
2082 1316 2227 1372 mihi
2257 1320 2316 1373 et
2345 1321 2623 1389 quartum
2654 1317 2900 1374 ﬁlium.»
2929 1319 3111 1376 Velox
3138 1336 3299 1377 eram
3331 1324 3390 1376 et
3418 1324 3541 1377 stu-

1893 1405 2096 1462 diosus
2125 1406 2185 1461 in
2208 1406 2516 1477 juventute
2546 1411 2771 1478 mea,et
2798 1407 3075 1465 obediens
3105 1408 3257 1481 patri
3286 1425 3414 1466 meo
3440 1425 3539 1466 se-

1892 1495 2149 1550 cundum
2181 1495 2607 1551 omneverbum
2633 1500 2722 1565 ;et
2751 1497 3167 1553 benedicebam
3183 1497 3356 1554 matri
3372 1514 3539 1567 meae,

1891 1586 1949 1639 et
1977 1582 2162 1640 sorori
2212 1584 2419 1640 matris
2446 1600 2609 1640 mea.
2658 1588 2727 1641 Et
2755 1585 2977 1642 factum
3027 1590 3137 1655 est,
3185 1589 3252 1642 ut
3300 1586 3541 1644 effectus

1892 1686 2026 1727 sum
2054 1670 2161 1741 vir,
2210 1676 2270 1727 et
2299 1677 2465 1744 pater
2516 1688 2685 1730 meus
2731 1673 2913 1730 Jacob
2961 1675 3146 1731 oravit
3194 1690 3371 1746 super
3418 1691 3534 1745 me,

1890 1759 2093 1817 dicens
2123 1776 2138 1815 :
2171 1782 2201 1811 «
2233 1763 2353 1818 Rex
2380 1760 2517 1833 eris,
2547 1766 2924 1835 prosperatus
2954 1763 3016 1819 in
3047 1763 3346 1821 omnibus.
3382 1786 3412 1815 ››

196 1957 273 2013 Β’.
310 1978 338 2009 ‹‹
370 1954 469 2010 Καὶ
500 1952 671 2011 ἔδωκέ
703 1975 795 2029 μοι
829 1953 1029 2030 Κύριος
1051 1956 1213 2032 χάριν
1247 1954 1299 2011 ἐν
1340 1960 1470 2011 πᾶσι
1518 1959 1636 2017 τοῖς
1687 1950 1777 2031 ἔρ-

1959 1955 2028 2012 ΙΙ.
2062 1977 2091 2006 ‹‹
2123 1955 2195 2012 Et
2245 1955 2407 2012 dedit
2437 1955 2583 2011 mihi
2635 1956 2922 2014 Dominus
2966 1958 3217 2030 gratiam
3247 1958 3309 2014 in
3350 1958 3540 2016 omni-

117 2065 246 2120 γοις
303 2065 428 2118 μου,
480 2042 533 2099 ἔν
608 2065 667 2099 τε
730 2048 810 2116 τῷ
867 2043 1042 2119 ἀγρῷ,
1099 2043 1187 2099 καὶ
1245 2043 1298 2099 ἐν
1346 2049 1428 2117 τῷ
1471 2041 1630 2117 οἷ’κῳ.
1689 2044 1778 2107 Ὦς

118 2131 273 2189 εἶδου
504 2132 586 2187 δτι
637 2130 971 2209 συνέδραμον
1017 2136 1087 2206 τῇ
1158 2130 1366 2211 ἐλάφῳ,
1430 2132 1521 2188 καὶ
1586 2132 1780 2194 πιάσας

116 2222 319 2291 αὐτὴν,
348 2221 579 2292 ἐποίησα
606 2225 685 2293 τῷ
714 2220 876 2296 πατρί
926 2242 1030 2294 μου
1081 2221 1299 2297 βρῶμα.
1356 2222 1461 2284 Τὰς
1510 2217 1781 2297 δορκάδας

118 2310 386 2386 ἐκράτουν
420 2308 507 2365 διὰ
534 2314 632 2365 τοῦ
665 2307 895 2386 δρόμου,
925 2310 1016 2364 καὶ
1047 2314 1173 2381 πᾶν,
1215 2308 1246 2364 ὅ
1292 2310 1359 2379 ἦν
1411 2309 1462 2364 έν
1515 2314 1633 2372 τοῖς
1680 2330 1782 2364 πε-

122 2396 297 2469 δίοις,
339 2393 768 2472 κατελάμϐανον.
821 2395 1042 2475 Φοράδα
1086 2397 1278 2474 ἀγρίαν
1318 2393 1644 2466 κατέλαϐον,
1692 2399 1782 2453 καὶ

116 2487 328 2550 πιάσας
384 2487 650 2561 ἡμέρωσα
708 2489 841 2561 (64)
901 2488 991 2543 καὶ
1050 2484 1247 2542 λέοντα
1310 2486 1612 2559 ἀπέκτεινα,
1691 2487 1783 2542 καὶ

119 2575 442 2655 ἀφειλόμην
495 2575 681 2655 ἔριφον
723 2575 784 2631 έκ
828 2581 924 2631 τοῦ
968 2575 1237 2649 πόματος
1293 2575 1480 2634 αὐτοῦ.
1550 2576 1782 2649 ’Δρκτον

126 2660 326 2721 λαϐὼν
381 2666 487 2720 ἀπὸ
534 2670 631 2721 τοῦ
685 2662 877 2735 ποδὸς,
910 2663 1212 2720 ἀπεκύλισα
1241 2663 1319 2728 εἷς
1347 2664 1592 2741 κρημνόν
1619 2684 1633 2697 ·
1693 2664 1784 2719 καὶ

123 2760 240 2809 πᾶν
292 2751 505 2829 Θηρίον,
551 2753 598 2808 εἰ
642 2752 959 2833 ἐπέστρεφεν
1010 2753 1093 2808 ἐπ’
1162 2753 1280 2828 ἐμὲ,
1346 2751 1579 2809 διέσπων
1633 2753 1786 2823 αὐτὸ,

125 2844 208 2904 ὡς
258 2842 428 2900 κύων.
472 2842 677 2918 Ἀγρίῳ
724 2842 902 2919 χοίρῳ
955 2840 1309 2918 συνέδραμον,
1356 2841 1448 2897 καὶ
1486 2837 1786 2919 προλαϐὼν

126 2931 189 2987 ἒν
220 2936 304 3004 τῷ
350 2930 567 3006 τρέχειν
623 2952 709 3004 με,
766 2930 1136 3008 κατεσπάραξα
1177 2930 1357 2988 αὐτόν·
1409 2929 1686 3008 Πάρδαλις
1734 2931 1785 2987 ἐν

128 3014 366 3097 Χεϐρὼν
398 3018 812 3096 προσεπήδησεν
846 3018 933 3075 ἐπὶ
962 3021 1054 3075 τὸν
1096 3019 1231 3076 κύνα
1257 3040 1270 3053 ·
1316 3019 1407 3075 καὶ
1454 3019 1649 3081 πιάσας
1698 3019 1790 3075 αύ-

124 3110 235 3178 τήν
289 3109 396 3164 ἀπὸ
439 3116 541 3178 τῆς
582 3108 766 3185 οὐρᾶς,
811 3109 1150 3179 ἀπηκόντισα
1197 3108 1390 3178 αὐτὴν,
1438 3108 1528 3164 καὶ
1582 3105 1786 3185 ἐρράγη

128 3198 186 3253 ἐν
242 3202 364 3260 τοῖς
426 3196 577 3274 ὅροις
629 3200 822 3268 Γάζης.
875 3202 1010 3252 Βοῦν
1060 3199 1248 3273 ἄγριον
1290 3197 1343 3252 ἐν
1370 3198 1532 3273 χώρᾳ
1558 3197 1793 3272 νεμόμε-

1888 2044 2000 2100 bus
2030 2043 2306 2116 operibus
2354 2043 2522 2111 meis,
2552 2048 2611 2100 et
2656 2044 2717 2101 in
2751 2061 2889 2118 agro
2934 2049 3081 2102 etin
3112 2046 3307 2103 domo.
3344 2047 3413 2103 Ut
3454 2046 3541 2102 vi-

1888 2134 2122 2200 debam,
2173 2132 2329 2204 quod
2379 2134 2799 2189 concurrebam
2847 2150 3063 2204 cervae;
3114 2139 3171 2192 et
3215 2136 3540 2209 apprehen-

1889 2223 2037 2278 dens
2067 2222 2280 2294 ipsam,
2315 2222 2423 2277 feci
2454 2221 2651 2278 cibum
2682 2223 2834 2295 patri
2864 2240 3014 2280 meo.
3046 2223 3265 2297 Capras
3295 2241 3538 2296 supera-

1890 2311 2026 2367 bam
2058 2326 2161 2382 per
2204 2326 2465 2379 cursum,
2495 2314 2553 2366 et
2597 2327 2772 2367 omne
2809 2311 2966 2383 quod
3014 2316 3137 2367 erat
3183 2312 3241 2368 in
3287 2313 3537 2385 campis,

1892 2399 2214 2471 capiebam.
2264 2402 2487 2469 Equam
2532 2404 2821 2473 agrestem
2869 2400 3191 2472 capiebam,
3224 2404 3282 2457 et
3329 2417 3537 2474 appre-

1893 2488 2159 2544 hendens
2188 2487 2545 2543 mansuefeci
2576 2505 2591 2554 ;
2618 2491 2676 2544 et
2698 2486 2926 2544 leonem
2955 2488 3303 2558 interfeci,et
3331 2489 3542 2562 eripie-

1893 2576 2029 2633 bam
2052 2576 2286 2632 haedum
2316 2590 2386 2631 ex
2412 2592 2511 2633 ore
2538 2576 2908 2647 ejus.Ursum
2927 2578 3163 2649 capiens
3177 2594 3278 2649 per
3301 2579 3536 2650 pedem,

1893 2664 2191 2721 volvebam
2221 2664 2283 2720 in
2314 2664 2739 2736 praecipitium;
2774 2670 2833 2721 et
2860 2682 3093 2723 omnem
3126 2667 3329 2735 feram,
3359 2667 3411 2723 si
3442 2682 3540 2722 re-

1893 2770 2062 2811 versa
2089 2759 2179 2810 est
2204 2753 2265 2809 in
2297 2769 2413 2819 me,
2436 2752 2826 2810 dilacerebam
2858 2769 3013 2822 eam,
3046 2759 3112 2811 ut
3142 2755 3328 2811 canis.
3360 2755 3540 2813 Porco

1896 2842 2147 2900 silvestri
2198 2842 2638 2910 concurrebam,
2671 2846 2728 2899 et
2755 2859 3169 2916 praoccupans
3207 2843 3266 2900 in
3299 2861 3545 2900 curren-

1896 2932 2306 3003 do,dilaceravi
2353 2930 2778 2988 eum.Pardalis
2808 2931 2871 2989 in
2922 2932 3148 2988 Hebron
3178 2932 3410 2989 insiluit
3438 2950 3544 2989 su-

1896 3036 2001 3093 per
2029 3036 2231 3076 canem
2256 3038 2270 3089 ;
2304 3025 2361 3076 et
2390 3019 2834 3093 apprehendens
2864 3036 2992 3076 eam
3026 3037 3129 3092 per
3158 3022 3541 3088 caudam,ab-

1889 3109 2167 3179 jiciebam
2217 3125 2370 3179 eam,
2412 3114 2471 3165 et
2520 3108 2755 3181 dirupta
2801 3112 2890 3165 est
2935 3109 2993 3163 in
3041 3108 3308 3166 terminis
3357 3109 3542 3165 Gazae.

1896 3199 2108 3255 Bovem
2156 3197 2483 3256 silvestrem
2512 3198 2573 3253 in
2624 3196 2859 3269 regione
2896 3201 3129 3269 pastum
3160 3197 3323 3253 tenui
3354 3197 3545 3253 corni-

124 3308 227 3342 νον
262 3286 532 3363 ἐκράτησα
570 3289 681 3361 (62)
707 3291 814 3341 τῶν
846 3285 1107 3362 κεράτων.
1135 3286 1226 3341 καὶ
1258 3286 1309 3341 έν
1341 3284 1532 3359 κύκλῳ
1578 3285 1785 3342 συσσεί-

1909 3289 2031 3357 bus,
2063 3290 2121 3342 et
2150 3288 2209 3342 in
2241 3285 2525 3342 circulum
2553 3284 2756 3342 volens
2785 3289 2843 3340 et
2879 3285 3290 3354 obtenebrans,
3315 3286 3547 3357 jaciens

129 3396 253 3447 σας,
285 3375 377 3430 καὶ
402 3373 675 3447 σκοτίσας,
710 3375 867 3452 ῥίψας
898 3374 1113 3430 ἀνεῖλον
1137 3373 1320 3431 αὐτόν.

210 3483 287 3539 1".
328 3502 351 3531 α
382 3481 481 3536 Καὶ
512 3479 602 3536 ὅτε
628 3480 798 3549 ἦλθον
828 3481 880 3536 οἱ
911 3477 1007 3536 δύο
1064 3479 1307 3557 βασιλεῖς
1345 3484 1453 3536 τῶν
1480 3478 1791 3537 Χαναναίων

128 3568 603 3648 τεθωρακισμένοι
633 3570 721 3625 ἐπὶ
749 3572 818 3625 τὰ
845 3569 1097 3643 ποίμνια,
1128 3570 1219 3624 καὶ
1267 3568 1447 3632 πολὺς
1496 3569 1627 3632 λαὸς
1677 3570 1793 3642 μετ’

130 3660 347 3732 αὐτῶν,
395 3658 544 3735 κάγὼ
594 3659 760 3732 μότος
808 3656 1028 3735 δραμὼν
1079 3657 1166 3713 ἐπὶ
1212 3658 1304 3713 τὸν
1358 3657 1582 3734 βασιλέα
1626 3657 1792 3733 Σοὺρ,

132 3748 411 3824 συνέσχοδ
587 3749 765 3816 αὐτὸν,
794 3747 882 3802 καὶ
932 3747 1018 3802 ἐπὶ
1076 3748 1171 3810 τὰς
1222 3745 1492 3819 κνημίδας
1539 3746 1793 3824 κρούσας,

129 3837 477 3909 κατέσπασα,
535 3837 625 3892 καὶ
678 3836 850 3898 οὕτως
898 3835 1111 3891 ἀνεῖλον
1156 3832 1336 3891 αὐτόν.
1388 3836 1483 3891 Καὶ
1529 3837 1621 3891 τὸν
1684 3833 1797 3891 ἔτε-

134 3946 240 4003 ρον
302 3923 537 4004 βασιλέα
592 3925 820 4003 Ταφουὲ,
892 3926 1202 3997 καθήμενον
1276 3923 1365 3979 ἐπὶ
1438 3928 1536 3979 τοῦ
1602 3921 1800 3998 ἵππου,

136 4012 367 4069 ἀνεῖλον
399 4011 581 4081 αὐτὸν,
611 4012 701 4067 καὶ
733 4012 906 4075 οὕτως
934 4012 1111 4067 πάντα
1137 4013 1228 4067 τὸν
1262 4009 1394 4067 λαὸν
1420 4015 1529 4086 (64)
1550 4012 1800 4088 γιεσκόρ-

132 4122 304 4157 πισα.
354 4102 454 4156 Τὸν
503 4101 689 4178 Ἀχὼρ
758 4099 1005 4177 βασιλέα,
1072 4098 1239 4177 ἄνδρα
1305 4100 1596 4177 γιγάντων,
1670 4098 1805 4177 βάλ-

138 4191 324 4247 λοντα
377 4190 505 4262 τόξα
554 4187 856 4267 ἔμπροσθεν
916 4189 1007 4245 καὶ
1057 4185 1292 4261 ὄπισθεν,
1345 4188 1427 4268 ἐφ’
1468 4188 1646 4245 ’ίππου
1685 4189 1806 4245 ἀνε-

139 4280 412 4353 λόμενος,
462 4278 613 4344 λίθον
660 4278 919 4351 ἐξήκοντα
966 4278 1168 4355 λιτρῶν
1217 4277 1515 4348 ἀκοντίσας,
1601 4275 1811 4334 δέδωκα

137 4373 230 4442 νῷ
285 4365 447 4441 ’ίππῳ
509 4368 600 4422 καὶ
649 4368 933 4423 ἀπέκτεινα
982 4366 1165 4423 αὐτόν.
1215 4366 1315 4422 Καὶ
1344 4366 1666 4440 πολεμήσας
1720 4367 1814 4422 τὸν

142 4457 354 4534 ’Δχὼρ
401 4455 489 4511 ἐπὶ
537 4455 681 4532 ὣρας
740 4454 856 4529 δύο,
909 4454 1195 4513 ἀπέκτεινα
1249 4455 1430 4528 αὐτὸν,
1479 4456 1568 4510 καὶ
1598 4455 1676 4518 εἰς
1718 4452 1814 4510 δύο

151 4547 309 4622 μέρη
361 4546 593 4616 ποιήσας
649 4545 748 4614 τὴν
798 4542 999 4599 ἀσπίδα
1046 4543 1229 4603 αὐτοῦ.
1261 4544 1526 4618 συνέκοψα
1552 4542 1688 4606 τοὺς
1714 4538 1818 4599 πό-

147 4634 259 4697 δας
313 4633 500 4693 αὐτου.
554 4634 642 4690 Ἐν
692 4631 751 4688 δὲ
796 4637 875 4706 τῷ
923 4630 1128 4689 ἐκδύειν
1165 4654 1231 4705 με
1259 4632 1419 4688 αὐτὸν
1450 4632 1542 4688 τὸν
1574 4632 1816 4709 θώρακα,

148 4723 288 4779 ἰδοὺ
332 4720 522 4799 ἄνδρες
579 4722 744 4794 ὀκτὼ,
796 4722 1001 4798 ἑταῖροι
1049 4722 1237 4790 αὐτοῦ,
1277 4718 1511 4797 ἤρξαντο
1548 4719 1813 4795 πολεμεῖν

146 4812 306 4887 πρός
365 4832 453 4886 με.
515 4810 833 4881 Ἐτειλῆσας
889 4810 981 4865 οὗν
1033 4812 1134 4880 τὴν
1194 4808 1396 4881 στολήν
1457 4830 1562 4883 μου
1639 4808 1690 4864 έν
1747 4808 1817 4884 τῇ

148 4900 320 4979 χειρί
373 4921 499 4973 μου,
550 4898 724 4962 λίθοις
770 4897 1127 4978 σφενδονήσας
1189 4898 1403 4968 αὐτοὺς,
1458 4898 1714 4974 τέσσαρας
1770 4897 1822 4970 ἐξ

152 4992 348 5047 αὐτῶν
401 4988 637 5045 ἀνεῖλον·
699 4990 753 5044 οἱ
809 4986 867 5044 δὲ
924 4988 1089 5045 ἄλλοι
1136 4983 1356 5066 ἔφυγον·
1418 4988 1517 5041 Καὶ
1549 4981 1740 5045 Ἰακὼϐ
1796 4988 1825 5042 ὁ

1898 3376 2083 3433 occidi
2114 3391 2273 3431 eum.

1970 3482 2113 3539 III.«
2144 3482 2215 3538 Et
2243 3482 2478 3553 quando
2505 3480 2817 3537 veniebant
2843 3481 2959 3537 duo
2991 3495 3156 3553 reges
3186 3480 3548 3538 Chananteo-

1900 3588 2032 3629 rum
2063 3570 2291 3626 loricati
2320 3587 2498 3643 super
2526 3585 2749 3641 greges,
2779 3573 2838 3625 et
2866 3568 3088 3625 multus
3118 3570 3373 3643 populus
3403 3586 3540 3627 cum

1903 3660 2069 3734 ipsis,
2099 3663 2156 3715 et
2184 3674 2290 3732 ego
2320 3657 2484 3714 solus
2516 3674 2755 3714 currens
2786 3658 2845 3713 in
2879 3673 3072 3729 regem
3113 3659 3248 3728 Sur,
3279 3660 3546 3716 continui

1906 3766 2040 3806 eum
2071 3753 2127 3803 et
2154 3747 2215 3802 in
2244 3747 2420 3803 tibias
2450 3747 2803 3818 percutiens,
2832 3748 3139 3819 prostravi,
3163 3752 3221 3804 et
3248 3748 3331 3805 ita
3364 3748 3551 3805 occidi

1907 3838 2140 3895 eum.Et
2170 3836 2353 3891 alium
2382 3853 2577 3909 regem
2607 3836 3175 3908 Tapbue,sedentem
3206 3837 3264 3893 in
3291 3854 3438 3910 equo
3462 3853 3555 3893 oc-

1910 3926 2047 3997 cidi,
2078 3930 2253 3998 atque
2285 3925 2366 3980 ita
2398 3940 2632 3980 omnem
2664 3924 2946 3996 populum
2978 3924 3442 3997 dispersi.Acbor
3472 3940 3556 3980 re-

1912 4032 2065 4089 gem,
2096 4014 2286 4069 virum
2318 4013 3002 4086 gigantum,sagitantem
3034 4018 3171 4069 ante
3199 4017 3255 4069 et
3290 4018 3461 4081 retro,
3494 4012 3556 4069 in

1914 4120 2064 4177 equo
2076 4101 2802 4175 apprehendens,lapidem
2824 4101 3413 4174 sexagintalibrarum
3427 4118 3561 4158 con-

1915 4197 2218 4265 torquens,
2248 4190 2465 4263 projeci
2494 4191 2552 4245 in
2580 4205 2822 4262 equum,
2856 4195 2914 4245 et
2938 4190 3135 4263 ipsum
3178 4190 3461 4247 interfeci.
3494 4190 3564 4246 Et

1918 4296 2261 4354 expugnans
2290 4279 2482 4335 Achor
2510 4278 2671 4335 boris
2701 4278 2951 4347 duabus,
2971 4278 3156 4335 occidi
3184 4282 3414 4351 eum,et
3443 4279 3566 4335 dis-

1921 4386 2125 4428 secans
2142 4368 2410 4441 clypeum
2431 4366 2843 4439 ejus,conscidi
2866 4368 3042 4439 pedes
3063 4368 3114 4439 ej
3123 4368 3280 4429 us.In
3302 4368 3568 4425 exuendo

1923 4463 2121 4516 autem
2153 4458 2282 4530 ejus
2308 4457 2767 4524 tboracem,ecce
2798 4460 2927 4512 octo
2956 4455 3087 4528 viri,
3120 4456 3293 4513 amici
3322 4458 3450 4528 ejus
3480 4456 3572 4513 in-

1925 4551 2203 4619 ceperunt
2250 4559 2511 4618 pugnare
2574 4545 2854 4601 adversus
2902 4560 3015 4602 me.
3068 4544 3368 4602 Involvens
3436 4560 3574 4617 ergo

1928 4635 2137 4693 stolam
2172 4650 2362 4690 meam
2392 4633 2454 4688 in
2487 4649 2666 4689 manu
2697 4631 3149 4706 mea,lapidibus
3181 4649 3212 4689 ο
3240 4633 3423 4689 funda
3448 4649 3579 4705 per-

1927 4724 2153 4781 cutiens
2181 4722 2630 4795 ipsos,quatuor
2661 4737 2862 4778 eorum
2894 4722 3079 4778 occidi
3106 4740 3121 4791 ;
3153 4722 3344 4778 caeteri
3376 4726 3583 4778 autem

1929 4814 2224 4886 fugerunt.
2256 4812 2325 4866 Et
2353 4811 2529 4868 Jacob
2562 4814 2727 4882 pater
2755 4813 2954 4866 noster
2981 4810 3192 4866 occidit
3220 4810 3464 4878 Beelisa,
3494 4824 3587 4867 re-

1933 4917 2066 4976 gem
2096 4900 2361 4957 omnium
2394 4898 2927 4973 regum,gigantem
2959 4899 3322 4969 fortitudine,
3356 4899 3581 4956 cubito-

1937 5007 2070 5047 rum
2119 4988 2448 5045 duodecim.
2483 4989 2553 5043 Et
2599 4987 2811 5044 cecidit
2839 5004 3016 5060 super
3044 4987 3207 5061 ipsos
3252 4991 3494 5059 tremor,
3527 4992 3586 5043 et

150 5080 357 5154 πατὴρ
424 5080 584 5151 ἡμῶν
636 5075 819 5132 ἀνεῖλε
874 5078 966 5133 τὸν
1024 5075 1276 5146 Βεελισᾶ,
1336 5072 1563 5151 βασιλέα
1611 5076 1793 5131 πάντω

1940 5082 2316 5136 cessaverunt
2344 5092 2605 5149 pugnare
2634 5080 2838 5132 contra
2867 5080 3242 5148 nos.Propter
3272 5076 3382 5133 hoc
3412 5092 3586 5132 secu-

147 5173 274 5225 τῶν
334 5166 621 5243 βασιλέων,
666 5166 898 5243 γίγαντα
941 5170 1010 5241 τῇ
1072 5164 1246 5243 ἰσχύϊ,
1293 5163 1524 5241 πηχέων
1594 5160 1825 5223 δώδεκα.

1944 5185 2046 5225 rus
2077 5172 2202 5224 erat
2232 5171 2395 5238 pater
2425 5181 2591 5220 meus
2620 5165 2681 5220 in
2714 5163 2951 5236 praeliis,
2982 5166 3260 5236 quoniam
3292 5182 3398 5237 ego
3430 5180 3591 5221 eram

156 5257 280 5320 Καὶ
343 5256 593 5311 ἐπέπεσεν
655 5254 740 5311 ἐπ’
796 5255 989 5318 αὐτοὺς
1048 5254 1276 5330 τρόμος,
1351 5252 1442 5309 καὶ
1526 5250 1793 5309 ἐπαύσαντ

1946 5273 2081 5314 cum
2114 5255 2392 5312 fratribus
2424 5253 2592 5310 meis.
2624 5253 2786 5309 Vidit
2831 5253 2987 5310 enim
3019 5254 3079 5310 in
3106 5253 3329 5312 visione
3358 5253 3428 5310 de
3476 5269 3592 5322 me,

280 5612 374 5689 58)
408 5612 746 5689 Ἐκδρὶίξθηνο
790 5612 1112 5689 ’ῌδρύγβηνο
1145 5612 1227 5689 [Do

280 5618 352 5671 58
408 5618 746 5689 Ἠνδρώθην.
790 5618 1112 5689 Ἡδρύνθην.
1145 5618 1227 5667 ID.

281 5687 354 5743 59
408 5681 617 5757 Ηύξατό
655 5705 767 5759 μοι.
802 5683 1128 5756 Ἐπηύξατο.
1162 5687 1248 5739 ID.

254 5618 377 5834 (60)
407 5760 492 5820 Ὧς
524 5753 690 5813 εἶδον.
721 5753 873 5817 Οἶδα.
906 5762 995 5813 In.

247 5472 371 5597 (56)
399 5471 601 5597 Μῄῖηρ
639 5489 765 5563 μου,
796 5468 920 5526 Δία.
957 5473 1039 5527 ID.

250 5546 347 5597 {57
400 5548 474 5596 Ευ
521 5542 708 5597 όγουν.
761 5541 1039 5597 Ετίμων.]

250 5541 371 5632 ζὲζὶ
400 5541 708 5632 autem
744 5541 1114 5632 asse.»-

282 5472 345 5527 56

282 5546 347 5599 57

282 5616 352 5671 58

282 5687 354 5743 59

282 5758 357 5816 60

407 5753 690 5820 Ὧςέἷδον.
721 5753 873 5817 Οἶδα.
906 5753 995 5813 In.

2024 5468 2135 5543 (61)
2168 5460 2391 5543 Φοράδα
2416 5461 2607 5541 ἀγρίαν
2630 5456 2954 5533 κατέλαϐον,
2978 5462 3069 5520 καὶ
3088 5460 3282 5528 πιάσας
3303 5461 3587 5543 ἡμέρωσα.

1955 5538 2194 5599 Desunt.
2227 5538 2311 5594 In.
2466 5538 2476 5541 ’

2173 5606 2493 5685 Ἐκράτησα,
2525 5603 2843 5685 Κρατείσαςἔ
2874 5610 2959 5663 ID.

2028 5674 2132 5754 (63'
2176 5674 2343 5756 Σοῦρ,
2374 5674 2657 5752 συνέσχον.
2689 5676 2910 5755 Ἀσοὺρ,
2942 5681 3213 5756 συνεῖχον.
3246 5677 3331 5747 ID.

2031 5684 2145 5829 (64)
2174 5750 2338 5811 Δαόν.
2369 5748 2586 5808 Αὐτῶν.
2616 5752 2701 5809 In.
3325 5754 3335 5768 '

2031 5748 2145 5828 (64)
2174 5748 2338 5811 Δαόνέ
2369 5748 2586 5808 Αὐτῶν.
2616 5752 2701 5809 In.
