4008 6350
486 377 636 437 1071

1473 371 2009 435 TESTAMENTA
2054 372 2163 434 ΧΠ
2208 370 2917 435 PATllIARCHARUM.

3760 374 3900 439 ’⁸⁷³

482 506 640 579 quod
672 504 915 578 angelus
943 504 1176 561 virtutis
1199 504 1554 579 sequebatur
1586 518 1679 559 me
1716 503 1776 559 in
1827 503 2123 574 omnibus,

2255 499 2613 573 πολεμοῦντες
2662 498 2743 576 ἐφ’
2808 503 2980 573 ἡμᾶς.
3032 501 3129 559 Διά
3182 503 3343 557 τοῦτο
3391 498 3717 578 ἀμέριμνος
3766 504 3830 572 ἦν
3876 506 3892 557 ἐ
3972 498 3973 555 Ξ

483 600 549 651 ut
578 612 694 651 non
724 594 1008 651 vincerer.

2238 590 2419 664 πατήρ
2454 609 2560 662 μου
2592 587 2644 645 ἐν
2682 592 2801 652 τοῖς
2830 586 3130 664 πολέμοις,
3158 588 3240 645 δτι
3274 589 3385 665 ἐγὼ
3426 587 3462 661 ἤ
3473 613 3588 665 μην
3656 592 3757 647 σὺν
3800 599 3895 655 τοῖς

484 638 1084 760 ἀϐελξϐῖςίνέίδε
1137 680 1241 759 γάρ
1300 681 1352 737 ἐν
1400 680 1634 758 ὁράματι
1688 679 1810 755 περὶ
1864 678 2026 753 ἐμοῦ,
2082 676 2167 734 ὅτι
2838 638 3791 757 ’ξλιὲξῖτῇοἶέῖῙτᾶξξξοέξέῆ

484 776 693 831 τᾶσθαι.

562 866 690 920 IV.«
715 865 867 921 Etad
891 868 1157 921 austrum
1183 865 1403 921 factum
1429 868 1518 921 est
1541 863 1710 920 nobis
1732 862 1999 937 prmlium
2022 877 2143 917 ma-

482 954 605 1026 jus,
640 971 816 1027 quam
849 956 1003 1027 quod
1036 955 1095 1010 in
1125 955 1399 1011 Sicbimis
1429 971 1442 1023 ;
1475 958 1533 1010 et
1562 954 1888 1010 instructus
1930 952 1989 1007 in
2020 949 2143 1007 acie

490 1060 623 1099 cum
674 1044 951 1100 fratribus
980 1044 1146 1111 meis,
1197 1048 1537 1115 persecutus
1586 1059 1720 1098 sum
1752 1040 1910 1097 mille
1955 1041 2132 1106 viros,

489 1137 545 1190 et
575 1134 758 1189 occidi
803 1150 871 1189 ex
902 1133 987 1189 eis
1034 1134 1314 1189 ducentos
1340 1133 1514 1203 viros,
1546 1137 1603 1187 et
1643 1135 1897 1203 quatuor
1947 1145 2132 1203 reges.

489 1222 559 1278 Et
588 1222 823 1279 escendi
873 1238 1050 1294 super
1095 1221 1255 1299 ipsos
1303 1221 1364 1275 in
1413 1236 1675 1286 murum,
1709 1224 1765 1275 et
1795 1218 1941 1275 alios
1987 1218 2137 1273 duos

490 1326 655 1383 reges
687 1310 867 1367 occidi
900 1336 915 1379 ;
941 1314 999 1366 et
1044 1310 1124 1366 ita
1153 1309 1533 1365 liberavimus
1565 1308 1817 1377 Hebron,
1862 1312 1919 1365 et
1951 1306 2135 1362 abdu-

486 1400 682 1459 ximus
712 1416 946 1457 omnem
976 1415 1179 1473 regum
1210 1397 1633 1471 captivitatem.

560 1579 626 1632 V.
664 1600 691 1629 «
717 1579 788 1633 Et
818 1582 1047 1649 postero
1077 1577 1170 1633 die
1218 1575 1511 1632 abivimus
1542 1576 1601 1631 in
1650 1577 1906 1643 Aretam,
1938 1572 2139 1629 civita-

492 1672 611 1723 tem
661 1671 956 1739 potentem
1001 1670 1057 1722 et
1106 1669 1423 1734 muratam,
1457 1668 1514 1721 et
1545 1664 1713 1720 nobis
1761 1660 2139 1719 inaccessibi-

490 1755 630 1824 lem,
664 1759 910 1812 mortem
961 1755 1307 1810 minantem.
1339 1753 1458 1827 Ego
1489 1752 1671 1826 igitur
1700 1758 1758 1809 et
1788 1752 1910 1809 Gad
1959 1751 2138 1808 adve-

2313 858 2385 915 A'.
2420 882 2449 909 ‹‹
2482 856 2583 915 Καὶ
2613 858 2750 913 κατά
2772 857 2927 915 νότον
2957 861 3172 937 γέγονεν
3206 862 3341 933 ἡμῖν
3386 858 3654 934 πόλεμος
3711 859 3893 936 μείζων

2240 950 2338 1002 τοῦ
2370 946 2421 1003 ἐν
2469 948 2758 1020 Σικήμοις·
2808 948 2899 1004 καὶ
2948 948 3387 1027 παραταξάμενος
3425 949 3563 1023 μετὰ
3600 955 3721 1005 τῶν
3752 951 3901 1007 ἀδελ-

2246 1040 2357 1109 φῶν
2411 1058 2537 1109 μου,
2588 1034 2780 1108 ἐδίωξα
2828 1036 3054 1115 χιλίους
3102 1037 3314 1116 ἄνδρας,
3362 1039 3453 1095 καὶ
3503 1039 3811 1096 ἀπέκτεινα
3858 1042 3896 1115 ἐξ

2245 1124 2419 1180 αὐτῶν
2478 1122 2787 1189 διακοσίους
2855 1123 3073 1201 ἄνδρας,
3145 1126 3237 1185 καὶ
3305 1127 3569 1205 τέσσαρας
3641 1131 3900 1207 βασιλεῖς.

2246 1214 2344 1269 Καὶ
2378 1212 2615 1283 ἀνῆλθον
2649 1213 2732 1270 ἐπ’
2758 1214 2952 1279 αὐτοὺς
2984 1215 3071 1272 ἐπὶ
3102 1221 3198 1275 τοῦ
3241 1217 3486 1294 τείχους,
3540 1219 3641 1273 καί
3708 1217 3900 1281 ἄλλους

2248 1300 2343 1358 δύο
2407 1300 2652 1378 βασιλεῖς
2700 1302 2915 1360 ἀνεῖλον
2938 1324 2951 1337 ·
2994 1306 3083 1362 καὶ
3110 1304 3283 1369 οὕτως
3314 1306 3793 1383 ἠλευθερώσαμεν
3822 1311 3903 1379 :1}.-

2248 1386 2493 1467 Χεϐρὼν,
2538 1390 2629 1447 καὶ
2678 1388 2948 1469 ἐλάϐομεν
2996 1400 3168 1452 πᾶσαν
3215 1396 3315 1467 τὴν
3364 1394 3774 1473 αἰχμαλωσίαν
3806 1402 3899 1454 τῶν

2251 1479 2540 1557 βασιλέων.

2323 1571 2394 1629 E'.
2434 1591 2456 1621 ι
2488 1569 2587 1625 Kal
2617 1570 2689 1645 τῇ
2746 1570 2870 1645 ἑξῆς
2917 1569 3239 1648 ἀπήλθομεν
3298 1573 3375 1637 εἷς
3437 1572 3706 1650 ’Δρὲταν,
3749 1573 3903 1632 πόλιν

2248 1659 2503 1734 κραταιὰν
2536 1659 2626 1714 καὶ
2655 1662 2918 1736 τειχήρη,
2968 1660 3057 1715 καὶ
3107 1660 3536 1740 ἀπροσὲγγιστον
3588 1664 3767 1738 ἡμῖν,
3826 1665 3907 1729 ei-

2248 1768 2406 1803 νατον
2457 1746 2807 1808 άπειλοῢσαν.
2856 1750 2999 1825 Ἐγὼ
3063 1746 3159 1805 οὗν
3222 1750 3311 1806 καὶ
3378 1748 3485 1806 Γὰδ
3552 1754 3903 1828 argos-{galia

495 1846 693 1901 nimus
723 1846 796 1901 ab
826 1844 1045 1901 oriente
1083 1842 1337 1899 civitatis
1363 1867 1378 1911 ;
1406 1842 1608 1898 Ruben
1640 1858 1771 1896 vero
1803 1845 1860 1897 et
1905 1840 2035 1895 Levi
2064 1838 2137 1895 ab

2255 1835 2355 1892 ἀπὸ
2410 1834 2652 1892 ἆντολῶν
2702 1844 2801 1908 τῆς
2851 1838 3086 1901 πόλεως·
3135 1834 3381 1912 Ῥουϐἢμ
3459 1838 3519 1896 δὲ
3607 1841 3712 1896 καί
3788 1844 3904 1897 Λεέ

2258 1926 2274 1947 3
2306 1926 2347 1947 ,S
2406 1922 2430 1947 ᾗ
2486 1946 2495 1947 κ
2550 1929 2581 1941 ’⁸
2672 1946 2675 1947 ,
2743 1926 2758 1947 \
2843 1926 2858 1947 Ι
3028 1933 3068 1947 π
3110 1927 3126 1947 \
3304 1927 3350 1947 lu
3587 1929 3607 1947 ε
3674 1931 3693 1947 ι
3750 1930 3773 1947 ι
3882 1936 3903 1947 ο

496 1934 795 1991 occidente
819 1937 878 1989 et
905 1932 1201 1989 austro.Et
1226 1930 1635 1987 existimantes
1666 1930 1766 2001 qui
1798 1944 1978 2001 super
2005 1944 2137 1984 mu-

497 2040 593 2079 ros
622 2028 808 2090 erant,
839 2023 995 2094 quod
1028 2038 1134 2077 nos
1166 2020 1275 2077 soli
1305 2035 1593 2085 essemus,
1627 2018 1857 2075 attracti
1910 2021 2051 2073 sunt
2077 2016 2138 2073 in

498 2130 643 2180 nos;
675 2116 734 2168 et
780 2113 859 2170 ita
888 2110 1137 2167 latentes
1186 2109 1394 2164 fratres
1419 2108 1533 2163 mei
1576 2123 1646 2163 ex
1681 2111 1929 2176 utraque
1977 2109 2140 2177 parte

496 2201 728 2275 paxillis
776 2201 1167 2257 ascenderunt
1213 2214 1473 2265 murum,
1506 2200 1565 2252 et
1594 2195 1962 2250 intraverunt
2000 2193 2141 2249 civi-

494 2294 696 2356 tatem,
728 2288 1133 2362 ignorantibus
1163 2286 1328 2357 ipsis.
1361 2286 1429 2341 Et
1473 2283 1740 2356 cepimus
1770 2299 1901 2338 eam
1932 2282 1991 2337 in
2042 2298 2141 2337 ore

495 2379 701 2452 gladii,
730 2383 788 2434 et
816 2376 1169 2450 refugientes
1207 2376 1266 2430 in
1297 2374 1531 2444 turrim,
1565 2372 1940 2428 incendentes
1986 2387 2137 2439 eam,

494 2484 627 2523 cum
662 2467 806 2539 ipsis
836 2466 1115 2538 cepimus.
1134 2466 1202 2520 Et
1228 2480 1363 2519 cum
1392 2462 1816 2529 recederemus,
1848 2460 1955 2515 viri
1985 2459 2139 2516 Tha-

494 2556 652 2628 phue
680 2555 1033 2610 invadebant
1078 2552 1332 2625 pradam
1364 2555 1624 2607 nostram
1651 2567 1665 2617 ;
1699 2554 1757 2605 et
1786 2564 1919 2604 cum
1973 2564 2139 2605 acce-

494 2644 721 2716 pissent
750 2659 877 2698 eam
910 2658 1041 2697 cum
1064 2640 1198 2696 ﬁliis
1224 2637 1761 2711 nostris,congressi
1779 2652 2134 2693 sumuscum

496 2733 582 2788 eis
611 2747 799 2803 usque
827 2731 898 2786 ad
930 2729 1253 2801 Thaphue;
1285 2743 1503 2799 eosque
1532 2726 1875 2795 occidimus,
1910 2730 1970 2782 et
1998 2724 2141 2781 civi-

495 2825 678 2877 tatem
730 2818 1119 2883 incendimus,
1151 2820 1463 2890 postquam
1510 2814 1709 2872 omnia
1737 2831 1865 2887 quis
1913 2815 1973 2870 in
2012 2813 2143 2887 ipsa

500 2914 689 2979 erant,
720 2908 1164 2981 spoliassemus.

566 3088 662 3145 Vl.
695 3110 723 3140 «
758 3088 825 3145 Et
850 3090 914 3143 ut
942 3101 1103 3142 eram
1142 3084 1203 3140 in
1234 3082 1405 3155 aquis
1454 3082 1742 3150 Cbuzeba,
1776 3082 1816 3137 ii
1851 3080 2011 3155 quia
2035 3082 2140 3140 Jo-

498 3178 615 3251 bel,
662 3177 972 3235 veniebant
1001 3175 1282 3231 adversus
1332 3188 1438 3230 nos
1468 3173 1527 3227 in
1582 3171 1845 3245 praelium
1872 3197 1887 3243 ;
1918 3176 1976 3229 et
2003 3188 2141 3228 cou-

498 3267 684 3342 gressi
713 3282 922 3323 sumus
951 3280 1085 3320 cum
1116 3263 1223 3328 eis,
1253 3261 1529 3335 ipsosque
1554 3244 1894 3329 occidimus,
1925 3277 2141 3333 eosque
2171 3244 2214 3313 C

499 3357 600 3429 qui
632 3374 666 3412 a
696 3355 866 3411 Selon
901 3352 1188 3410 auxiliarii
1218 3351 1481 3423 ipsorum
1511 3354 1714 3418 erant;
1750 3354 1807 3406 et
1835 3366 1951 3406 non
1981 3350 2146 3406 dedi-

501 3462 637 3502 mus
666 3444 750 3501 eis
779 3458 1104 3516 egressum,
1138 3445 1203 3497 ut
1230 3439 1493 3496 venirent
1522 3440 1591 3495 ad
1627 3455 1753 3496 nos.
1777 3440 1847 3495 Et
1876 3439 1974 3510 qui
2006 3442 2147 3495 sunt

503 3552 539 3591 a
564 3533 781 3589 Mecbir
807 3534 1269 3604 supervenerunt
1298 3529 1465 3586 nobis
1494 3528 1701 3600 quinto
1730 3529 1844 3596 die,
1867 3532 1933 3584 ut
1961 3528 2144 3600 capti-

503 3639 607 3679 vos
646 3622 1024 3685 abducerent,
1054 3624 1111 3675 et
1139 3618 1361 3691 egressi
1392 3634 1492 3673 eos
1523 3616 1656 3674 forti
1687 3632 1884 3689 pugna
1931 3616 2147 3672 invasi.

506 3728 664 3777 mus,
697 3709 972 3781 quoniam
1007 3712 1174 3764 erant
1204 3706 1583 3767 multitudine
1629 3709 1933 3779 potentes;
1966 3710 2024 3761 et
2052 3721 2146 3761 oc-

507 3800 760 3856 cidimus
785 3814 904 3866 eos,
937 3800 1253 3867 antequam
1283 3795 1673 3851 ascenderunt
1718 3794 2143 3851 ascensionem.

506 3889 582 3946 Ut
609 3894 804 3945 autem
855 3886 1121 3942 venimus
1152 3884 1224 3939 ad
1271 3882 1563 3938 civitatem
1591 3898 1815 3950 eorum;
1867 3881 2144 3938 mulieres

505 3995 705 4035 eorum
740 3976 1350 4046 volvebantsupernos
1382 3971 1608 4043 lapides
1639 3970 2142 4039 averticemontis,

502 4068 564 4123 in
597 4084 712 4141 quo
759 4069 883 4123 erat
910 4063 1133 4120 civitas.
1186 4062 1254 4117 Et
1283 4059 1576 4118 latitantes
1606 4076 1710 4132 ego
1755 4062 1813 4116 et
1841 4058 2076 4116 Simeon
2108 4076 2142 4116 a

498 4159 682 4228 tergo,
714 4151 1212 4227 apprehendimus
1250 4149 1497 4217 excelsa,
1528 4152 1585 4205 et
1614 4152 1798 4206 totum
1845 4148 2137 4207 civitatem

499 4243 881 4316 perdidimus.

568 4333 692 4389 VII.
726 4354 755 4383 «
788 4332 858 4389 Et
886 4328 1153 4401 sequenti
1185 4327 1279 4385 die
1304 4327 1528 4385 dictum
1559 4331 1651 4383 est
1679 4325 2029 4399 nobis,quod
2057 4327 2139 4383 ci-

496 4422 706 4478 vitates
734 4421 987 4476 duorum
1018 4434 1221 4491 regum
1253 4432 1387 4473 cum
1420 4415 1634 4487 populo
1664 4416 1825 4487 gravi
1873 4416 2140 4473 venirent

496 4512 571 4568 ad
604 4527 732 4566 nos.
781 4510 900 4581 Ego
925 4508 1105 4581 igitur
1156 4510 1213 4563 et
1261 4510 1405 4575 Dan,
1456 4505 1741 4577 fingentes
1783 4521 1890 4561 nos
1932 4508 2138 4563 Amor-

2249 1926 2355 1981 ἀπὸ
2402 1922 2620 1999 δυσμῶν
2669 1926 2759 1981 καὶ
2803 1926 2981 1984 νότου.
3028 1927 3127 1983 Kal
3185 1927 3503 2002 νομίζοντες
3554 1929 3613 1984 ol
3664 1930 3777 1986 sua
3822 1936 3904 1986 τσῦ

2244 2014 2489 2090 τείχους,
2521 2012 2604 2070 ὅτι
2644 2018 2809 2089 ἡμεῖς
2858 2016 3013 2089 μόνοι
3056 2015 3238 2090 ἐσμὲν,
3283 2016 3731 2096 ἐφειλκυσθησαν
3782 2022 3905 2096 πρὸς

2247 2106 2419 2177 ἡμᾶς·
2473 2103 2563 2159 καὶ
2608 2102 2780 2167 οὕτως
2827 2104 3078 2180 λαθραῖοι
3124 2106 3176 2160 οἱ
3224 2103 3447 2185 ἀδελφοί
3495 2128 3606 2181 μου
3643 2106 3701 2183 ἐξ
3732 2108 3904 2165 ἔχετέ-

2250 2212 2359 2265 ρων
2396 2194 2510 2265 (65)
2553 2192 2857 2256 πασσάλοις
2905 2188 3239 2264 ἐπανέϐησαν
3281 2197 3363 2267 τῷ
3409 2194 3618 2271 τείχει,
3662 2197 3759 2252 καὶ
3816 2197 3907 2252 είς-

2248 2277 2419 2350 ῆλθον
2453 2280 2529 2343 εἷς
2558 2282 2659 2351 τήν
2687 2280 2871 2354 πόλιν,
2922 2282 3259 2359 ἀγνοούντων
3311 2282 3507 2340 αὐτῶν.
3556 2284 3665 2340 Καὶ
3717 2282 3905 2342 ἐλάϐε-

2253 2390 2349 2443 μεν
2397 2368 2563 2438 αὐτὴν
2611 2369 2662 2425 ἐν
2704 2371 2933 2445 στόματι
2995 2373 3294 2450 μαχαίρας,
3354 2372 3445 2428 καὶ
3520 2373 3658 2436 τοὺς
3731 2374 3787 2430 ἐν
3844 2382 3909 2447 τῷ

2248 2457 2446 2534 πύργῳ
2492 2459 2919 2539 καταφυγόντας,
2982 2460 3357 2536 ἐμπρήσαντες
3406 2461 3498 2518 τὸν
3542 2463 3795 2540 πύργον,
3830 2466 3905 2521 σῖνι

2249 2546 2434 2610 αὐτοῖς
2494 2543 2787 2622 ἐλάϐομεν.
2837 2548 2942 2606 Καὶ
2999 2549 3159 2623 ἐντῷ
3207 2552 3414 2607 άπιὲναι
3459 2553 3641 2626 ἡμᾶς,
3726 2552 3909 2628 ἄνδρες

2250 2636 2459 2715 Θαφουέ
2490 2632 2753 2693 ἐπέϐαλον
2782 2642 2851 2713 τῇ
2900 2636 3262 2716 αἰχμαλωσίᾳ
3312 2642 3497 2713 ἡμῶν,
3529 2643 3626 2696 καὶ
3661 2642 3908 2720 παραλία

2250 2720 2435 2788 ϐόντες
2476 2725 2643 2795 αὐτὴν
2704 2726 2796 2781 σὺν
3003 2733 3122 2791 τοῖς
3172 2728 3311 2791 υἱοῖς
3358 2731 3546 2803 ἡμῶν,
3593 2735 3912 2807 συνήψαμεέ

2248 2814 2385 2890 πρὸς
2413 2814 2607 2878 αὐτοὺς
2645 2812 2751 2879 ἕως
2806 2818 3013 2895 Θαφουὲ
3251 2817 3535 2881 κάκείνους
3594 2821 3912 2876 lim—ssim-

2254 2924 2368 2977 μεν,
2422 2904 2511 2959 καὶ
2558 2904 2659 2973 τήν
2700 2903 2865 2961 πόλιν
2915 2904 3306 2983 ἑνεπρήσαμεν,
3348 2906 3524 2963 πάντα
3565 2908 3645 2965 τὰ
3692 2908 3745 2965 ἐν
3778 2911 3909 2983 aliti;

2251 2988 2655 3055 σκυλεύσαντες.

2324 3084 2386 3150 ζ’*
2423 3105 2444 3133 ι
2479 3081 2579 3135 Καὶ
2628 3081 2703 3145 ὡς
2750 3078 2903 3156 ἤμην
2954 3081 3006 3138 ἐν
3054 3087 3171 3146 τοῖς
3207 3080 3361 3139 ὕδασι
3394 3078 3690 3157 Χουζηϐἇ,
3726 3087 3784 3143 cl

2252 3163 2457 3238 Ἰωϐήλ
2504 3169 2674 3239 ἦλθον
2722 3172 2859 3247 πρὸς
2912 3173 3062 3246 ἡμᾶς
3108 3171 3185 3236 εἷς
3232 3173 3501 3248 πόλεμον·
3534 3176 3635 3230 καὶ
3670 3179 3909 3251 συνῆψε-

2256 3278 2350 3332 μεν
2402 3257 2597 3322 αύτοὺς
2646 3262 2779 3333 (68),
2824 3261 3103 3324 κακείνους
3155 3262 3541 3336 ἀπεκτείναμεν
3571 3282 3585 3298 ⁸
3644 3266 3743 3321 καὶ
3794 3268 3910 3325 rei:

2254 3348 2359 3401 ἀπὸ
2392 3347 2608 3421 Σηλὼμ
2637 3350 2966 3425 συμμάχους
2994 3348 3168 3406 αὐτῶν
3203 3349 3593 3425 ἀπεκτείναμεν
3619 3372 3637 3387 ·
3674 3354 3775 3409 καὶ
3826 3355 3911 3409 οὖα

2254 3432 2531 3509 ἐδώκαμεν
2558 3434 2741 3499 αὐτοῖς
2775 3434 3033 3507 διέξοδον,
3080 3442 3177 3493 τοῦ
3225 3438 3480 3496 εἰσελθεῖν
3552 3441 3710 3515 πρὸς
3748 3446 3910 3515 ἡμᾶς.

2255 3524 2358 3581 Καὶ
2388 3524 2440 3580 ol
2471 3526 2578 3581 ἀπὸ
2604 3526 2800 3602 Μεχήρ
2841 3524 3081 3591 ἐπῆλθον
3131 3530 3268 3601 ἡμῖν
3314 3528 3384 3603 τῇ
3432 3529 3672 3606 πέμπτῃ
3712 3534 3909 3607 iure“,

2254 3608 2439 3671 λαϐεῖν
2486 3615 2587 3683 τήν
2656 3613 3063 3690 αἰχμαλωσίαν·
3134 3616 3225 3675 καὶ
3288 3617 3669 3693 προστάξαντες
3737 3621 3913 3679 αὐτοῖς

2254 3700 2305 3757 ἐν
2354 3722 2585 3778 κρατερᾳ
2636 3703 2786 3779 μάχῃ
2831 3703 3272 3781 περιεγενόμεθα,
3324 3706 3408 3762 ὅτι
3454 3709 3594 3776 ἦσαν
3672 3708 3913 3778 aliaet»;

2256 3787 2470 3845 δυνατοὶ
2516 3790 2567 3846 ἐν
2617 3792 2803 3855 αὐτοῖς
2826 3810 2839 3824 ·
2890 3793 2979 3847 καὶ
3029 3794 3410 3868 ἀπεκτείναμεν
3441 3794 3653 3860 αὐτοὺς
3683 3799 3800 3874 πρὸ
3827 3803 3909 3854 ει·σὶ

2253 3873 2511 3949 ἀναϐῆναι
2569 3882 2669 3949 τήν
2728 3876 3005 3941 ἀνάϐασιν.
3061 3883 3150 3945 Ὠς
3198 3880 3256 3938 δὲ
3303 3881 3552 3957 ἤλθομεν
3611 3890 3692 3960 τῇ
3735 3873 3906 3943 ίπύλε

2253 3967 2449 4038 αὐτῶν,
2498 3968 2552 4023 αἱ
2599 3974 2845 4046 γυναῖκες
2894 3969 3068 4026 αὐτῶν
3124 3969 3342 4027 ἑκύλιον
3396 3973 3475 4050 ἐφ’
3526 3974 3694 4047 ἡμᾶς
3726 3973 3907 4041 λίθους

2254 4056 2358 4112 ἀπό
2406 4064 2505 4127 τῆς
2550 4061 2795 4136 κορυφῆς
2838 4062 2936 4114 τοῦ
2981 4059 3163 4135 ὃρους,
3217 4059 3269 4115 ἐν
3300 4059 3338 4134 ᾔ
3386 4061 3454 4130 ἦν
3485 4062 3523 4133 ἢ
3553 4062 3758 4125 πόλις.
3816 4066 3907 4122 Καὶ

2254 4143 2644 4222 ὑποκρυϐἑντες
2695 4146 2809 4222 ἐγὼ
2847 4147 2937 4203 καὶ
2986 4148 3213 4221 Συμεὼν
3263 4144 3562 4223 ἰξόπισθεν,
3638 4148 3905 4208 ἀπλαὲέ-

2255 4236 2390 4309 μεθα
2414 4239 2521 4290 τῶν
2555 4235 2807 4309 ὑψηλῶν,
2835 4235 2926 4291 καὶ
2956 4234 3094 4307 ὅλην
3126 4239 3227 4307 τήν
3256 4237 3423 4294 πόλιν
3451 4238 3902 4317 ὠλοθρεύσαμεν.

2321 4325 2391 4382 Z'.
2428 4346 2455 4381 α
2482 4324 2583 4381 Kal
2610 4327 2679 4398 τῇ
2708 4324 2832 4397 ὶξῆς
2861 4324 3053 4401 ἰῤῥὲθη
3088 4326 3227 4402 πρὸς
3258 4329 3430 4400 ἡμᾶς,
3463 4326 3552 4383 ’ὁτι
3601 4330 3667 4385 αἱ
3713 4329 3901 4391 πόλεις

2244 4416 2356 4468 τῶν
2386 4410 2483 4468 δύο
2532 4410 2799 4487 βασιλέων
2844 4416 2961 4485 (69)
3007 4413 3061 4469 ὲν
3107 4409 3270 4492 ὄχλῳ
3309 4415 3466 4493 βαρεῖ
3491 4415 3764 4492 ἔρχονται
3796 4422 3903 4493 (τθι

2245 4500 2382 4577 πρὸς
2413 4503 2583 4575 ἡμᾶς.
2636 4502 2776 4578 Ἐγὼ
2822 4500 2914 4557 οὗν
2961 4502 3052 4558 καὶ
3102 4503 3227 4577 Δᾶν,
3266 4502 3796 4581 προσποιησάμενοι
3828 4510 3899 4565 ’Λα

495 4600 706 4670 rhssos,
738 4603 805 4655 ut
850 4595 1138 4653 auxiliarii
1166 4593 1439 4651 venimus
1484 4592 1544 4648 in
1574 4592 1866 4649 civitatem
1910 4610 2133 4651 eorum.

2255 4588 2691 4679 nopﬁaioucgcbc
2738 4590 3027 4667 σύμμαχοι
3064 4589 3311 4667 ἤλθομεν
3338 4593 3419 4656 είς
3443 4595 3544 4664 τήν
3578 4594 3759 4653 πόλιν
3811 4596 3897 4651 a5-

495 4688 674 4745 Nocte
704 4690 898 4744 autem
930 4684 1219 4758 profunda
1264 4681 1636 4741 venientibus
1668 4682 1947 4739 fratribus
1998 4700 2134 4756 ape-

493 4776 725 4832 ruimus
755 4778 973 4847 portas,
1005 4776 1062 4829 et
1090 4787 1294 4830 omnes
1323 4787 1422 4827 eos
1452 4770 1837 4842 perdidimus,
1852 4776 1910 4827 et
1936 4773 2137 4830 omnia

492 4881 624 4937 quas
652 4879 853 4921 eorum
885 4865 1066 4929 erant,
1100 4860 1518 4932 depraedantes,
1549 4862 1670 4917 tres
1698 4876 1900 4917 muros
1929 4877 2131 4918 eorum

491 4951 938 5025 prostravimus.
972 4950 1043 5005 Et
1071 4949 1349 5004 Tbamnaa
1380 4945 2001 5020 appropinquavimus,
2030 4949 2131 5006 ubi

490 5042 614 5096 erat
641 5055 814 5095 omne
843 5036 1134 5109 refugium
1164 5034 1509 5091 bellantium
1540 5035 1948 5105 regum.Tunc
1973 5036 2130 5108 inju-

488 5127 637 5186 riam
666 5143 879 5200 passus
910 5126 1096 5183 iratus
1134 5139 1289 5190 sum,
1319 5126 1378 5179 et
1404 5121 1690 5193 impetum
1722 5123 1830 5181 feci
1858 5124 1919 5181 in
1965 5125 2128 5198 ipsos

580 5271 671 5343 65)
701 5267 1023 5343 'Eztatépmv,
1203 5266 1402 5343 μερῶν.
1421 5263 1608 5343 Quae.

580 5271 671 5338 65)
701 5268 1023 5343 Ἑκατὲρων,
1053 5268 1166 5319 Τῶν
1203 5268 1402 5338 μερῶν.
1436 5268 1608 5321 GBAB.

556 5268 668 5412 (66)
699 5339 796 5394 Kal
844 5331 1251 5413 παραλαϐόντες
1297 5333 1487 5405 αὐτήν.
1539 5333 1637 5389 Καὶ
1667 5337 1998 5409 πράσσοντες
2026 5339 2122 5396 αὖ.

482 5411 836 5622 τήέ67)υ“ίΕως
868 5479 1093 5557 Θαφονὲ.
1128 5479 1212 5532 Ἐν
1243 5481 1322 5550 τῷ
1354 5476 1581 5553 Θαφουὲ.
1612 5478 1693 5534 ID.

524 5617 538 5622 _
572 5552 664 5622 68)
690 5553 1005 5622 Ευνήψαμεν
1042 5548 1256 5613 αύτούς.
1314 5548 1419 5609 Καὶ
1468 5547 1693 5622 συνάψαι

479 5547 676 5681 αὐξῗὲὲ
690 5547 1005 5677 Εἶέήψαμέν
1042 5548 1275 5629 αὐτούς.¹
1296 5547 1419 5609 Καὶ
1443 5547 1793 5625 ’συνάψαντες
1821 5549 2118 5627 ἐτρέψαμεν

546 5691 662 5782 (69)
716 5689 789 5748 Al
843 5688 1036 5756 πόλεις
1084 5694 1196 5752 τῶν
1255 5686 1355 5747 δύο
1417 5687 1707 5769 βασιλὲῳν.
1760 5697 1907 5767 Γαᾶς,
1950 5691 2119 5760 πόλις

2240 4683 2371 4735 τῶν·
2439 4677 2606 4734 Νυκτὶ
2664 4676 2723 4734 δὲ
2783 4679 2972 4753 βαθείᾳ
3026 4680 3240 4738 ἐλθοῦσι
3286 4686 3412 4745 τοῖς
3460 4680 3740 4762 ἀδελφοῖς
3790 4687 3897 4757 (τίς)

2240 4766 2524 4842 ἠνοίεαμεν
2566 4768 2663 4831 τὰς
2713 4766 2890 4832 πύλας
2935 4770 3070 4844 (72),
3120 4769 3210 4827 καὶ
3252 4770 3455 4835 πάντας
3496 4770 3704 4836 αὐτοὺς
3749 4772 3895 4829 ὠὶεο

2242 4856 2561 4934 θρεύσαμεν,
2591 4856 2681 4912 καὶ
2737 4858 2911 4913 πάντα
2936 4858 3005 4913 τὰ
3050 4858 3225 4915 αὐτῶν
3280 4860 3791 4937 προνομεύσαντες,
3836 4863 3896 4915 τὶ

2237 4946 2361 5022 τρία
2422 4945 2583 5022 τείχη
2650 4943 2826 5002 αὐτῶν
2895 4945 3233 5022 καθείλομεν.
3304 4950 3403 5004 Kal
3461 4948 3513 5005 ἐν
3570 4953 3647 5025 τῇ
3708 4950 3893 5025 Θάμνα

2238 5034 2715 5111 προσηγγίσαμεν,
2774 5032 2838 5089 οὗ
2892 5037 2961 5108 ᾖν
3013 5042 3160 5093 πᾶσα
3214 5040 3249 5108 ἡ
3308 5038 3561 5116 ἀποφυγὴ
3616 5040 3734 5112 (73)
3788 5044 3889 5095 τῶ

2236 5124 2519 5199 πολεμίων
2583 5121 2870 5200 βασιλέωνε
2943 5125 3099 5183 Τότε
3143 5122 3501 5203 ὑϐριζόμενος
3572 5126 3887 5203 ἐθυμώθῆν,

2239 5262 2643 5344 βαὲὶμωξῐθ·

2302 5339 2419 5481 g0)
2445 5338 2773 5428 ,”prqv1at.
2791 5337 3086 5465 _'Ep)getal.
3098 5344 3202 5426 _ID.

2364 5412 2387 5465 1
2462 5405 2696 5481 Ελθουσι
2725 5427 2841 5470 τοις
2889 5409 2923 5463 ἀ
2960 5408 3166 5481 ελφοις.
3215 5407 3519 5470 Ἐλθόντων
3560 5416 3679 5471 τῶν
3728 5410 3881 5472 ael-

2302 5428 2415 5481 (ιι)
2462 5428 2696 5470 ιλυουσι
2725 5428 2841 5470 τοις
2889 5428 3166 5487 αοελφοις.
3220 5428 3519 5470 ΕΛυΟντων
3560 5428 3679 5471 τῶν

2230 5478 2755 5558 φῶξῇεῷξιοκ.
2829 5553 2855 5558 _
2937 5556 2960 5558 _

2300 5547 2649 5620 (72)VII6)\ac.
2684 5547 2904 5612 Δύτοῖς,
2936 5556 3020 5609 In.

2300 5554 2392 5620 (72
2444 5554 2649 5610 Πύλας.
2684 5554 2904 5612 Δύτοῖς,
2936 5556 3020 5609 In.

2296 5554 2412 5697 (73)
2441 5620 2749 5699 ’Δποφυγή.
2780 5621 3111 5699 ’Δποσκευή.
3144 5625 3231 5689 ID.
