4036 6356
196 441 357 505 (073

1476 428 2075 512 TESTAMEN'I‘UM
2116 430 2369 518 Π]Πῶ

3459 430 3615 510 107's

186 571 288 629 καὶ
346 568 584 649 ὥρμησα
634 568 719 629 ἐπ’
770 568 970 637 αὖτοὺς
1025 572 1115 630 ἐπὶ
1163 575 1262 645 τὴν
1310 578 1575 655 κορυφήν·
1608 576 1845 632 κάκεῖνοι

1987 597 2138 652 :uper
2165 582 2437 639 verticem
2475 599 2487 637 :
2523 585 2580 638 et
2610 580 2693 637 illi
2727 581 2925 638 fundis
2970 579 3271 653 jaciebant
3300 596 3478 653 super
3521 596 3615 638 me

200 660 539 742 ἐσφενδόνων
596 660 686 719 ἐπ’
740 662 841 739 ἐμὲ
892 663 1067 728 λίθοις
1126 664 1216 720 καὶ
1280 665 1481 737 τόξοις·
1532 666 1621 721 καὶ
1671 666 1715 722 εἷ
1778 670 1853 740 μὴ

191 750 302 807 Adv
335 752 365 807 6
394 750 629 831 ἀδελφός
662 772 767 826 μου
796 754 1139 829 συνεμάχησέ
1188 775 1302 827 μοι,
1335 754 1487 830 εἶχόν
1523 776 1589 829 με
1627 752 1856 813 ἀνελεῖν.

190 841 546 915 Ἐπήλθομεν
602 839 694 897 οὗν
754 840 837 896 ἐπ’
866 842 1061 905 αὐτοὺς
1122 844 1258 917 μετὰ
1285 845 1483 917 θυμοῦ,
1514 843 1603 899 καὶ
1660 845 1856 907 πάντες

188 925 415 1008 ἔφυγονο
472 929 565 986 καὶ
622 927 929 995 διελθόντες
996 928 1067 986 δι’
1124 930 1304 1002 ἄλλης
1355 930 1505 1005 ὁδοῦ,
1558 930 1854 1003 ἐδεήθησαν

182 1023 292 1074 τοῦ
344 1017 548 1093 πατρός
613 1040 741 1093 μου,
789 1019 879 1075 καὶ
932 1018 1181 1091 ἐποίησεν
1235 1020 1458 1097 εἰρήνην
1518 1023 1633 1095 μετ’
1681 1020 1854 1077 αὐτῶν

184 1109 334 1183 (74),
364 1106 454 1163 καὶ
510 1106 609 1163 οὐκ
656 1108 985 1182 ἐποιήσαμεν
1035 1107 1222 1171 αὐτοῖς
1280 1106 1433 1165 οὐδὲν
1489 1110 1671 1179 κακὸν,
1731 1107 1860 1166 ἀλλ’

188 1196 534 1271 ἐποιήσαμεν
605 1196 801 1259 αὐτοὺς
878 1195 1273 1270 ὑποσπόνδους,
1323 1198 1414 1253 καὶ
1502 1196 1856 1273 ἀπεδώκαμεν

185 1286 381 1348 αὐτοῖς
409 1291 580 1341 πᾶσαν
612 1288 711 1357 τὴν
768 1285 1174 1363 αἰχμαλωσίαν.
1219 1287 1315 1342 Καὶ
1368 1285 1703 1361 ᾠκοδόμησα
1752 1287 1857 1366 ἐγὼ

180 1376 294 1445 τὴν
342 1373 576 1449 Θάμναν,
608 1376 699 1430 καὶ
745 1376 775 1431 6
820 1378 1002 1452 πατήρ
1053 1398 1156 1450 μου
1197 1378 1296 1447 τήν
1328 1373 1635 1449 Ῥαμϐαήλ.
1669 1374 1857 1433 Εἴκοσι

184 1462 328 1519 ἐτῶν
377 1461 556 1538 ἤμην,
586 1461 677 1519 ὅτε
724 1464 936 1540 ἐγένετο
989 1465 1017 1520 6
1064 1462 1311 1538 πόλεμος
1360 1463 1539 1528 οὗτος·
1572 1466 1661 1521 καὶ
1720 1467 1856 1536 ἦσαν

187 1552 247 1608 οἱ
282 1556 578 1609 Χαναναῖοι
610 1548 943 1630 φοϐούμενοί
979 1574 1065 1626 με,
1096 1554 1188 1608 καὶ
1224 1554 1352 1617 τοὺς
1403 1552 1672 1633 ἀδελφούς
1730 1576 1856 1628 μου.

268 1643 355 1699 Η’.
382 1664 417 1695 ιι
445 1643 543 1696 Ἦν
574 1639 633 1696 δέ
665 1663 757 1715 μοι
789 1641 879 1697 καὶ
910 1643 1082 1713 κτήνη
1129 1642 1336 1711 πολλὰ,
1368 1642 1458 1698 καὶ
1506 1643 1655 1719 εἶχον
1701 1643 1860 1720 ἀρχι-

194 1729 437 1805 πυίμενα
472 1732 612 1806 Ἰρᾶν
660 1732 752 1786 τὸν
797 1729 1188 1804 Ὀδολαμίτην·
1239 1732 1375 1808 πρὸς
1442 1732 1500 1787 ὃν
1560 1730 1756 1803 ἐλθὼν,
1789 1732 1861 1787 εἶ-

198 1816 304 1875 δον
332 1820 538 1896 Βάρσαν
564 1820 679 1895 (75)
714 1818 941 1896 βασιλέα
969 1818 1237 1894 Ὀδολάμ.
1270 1821 1371 1875 Καὶ
1423 1818 1674 1892 ἐποίησεν
1724 1823 1861 1895 ἡμῖν

194 1907 393 2013 πόῗον·
424 1908 515 1964 καὶ
540 1906 923 2019 παρακαλέσας
964 1907 1293 2019 δίδωσίνμοι
1332 1910 1433 1980 τήν
1463 1910 1726 2019 θργατέρα
1762 1910 1856 1967 αὖ·
1888 1953 1936 2019 Β

188 2001 299 2054 τοῖ’)
330 1997 569 2069 Βησσουὲ
600 1997 676 2062 εἰς
706 2002 953 2074 γυναῖκα.
972 1996 1120 2069 Αὕτη
1154 1996 1299 2054 ἔτεκέ
1328 2019 1421 2073 μοι
1450 1998 1543 2054 τὸν
1573 1999 1672 2076 Εἳρ
1696 2002 1853 2075 (75.),

191 2084 293 2141 καὶ
322 2086 412 2142 τὸν
434 2086 610 2144 Αὐνᾶν
640 2087 778 2161 (76),
804 2080 895 2142 καὶ
928 2085 1148 2161 Σιλώμ’
1180 2088 1254 2143 ὧν
1284 2088 1413 2150 τοὺς
1455 2085 1553 2143 δύο
1605 2088 1857 2152 ἀτέκνους

193 2172 385 2231 ἀνεῖλε
412 2173 635 2251 Κύριος·
666 2176 695 2231 6
723 2176 825 2253 γὰρ
857 2173 1060 2245 Σιλὼυ.
1086 2175 1265 2251 ἔζησε,
1290 2177 1381 2232 καὶ
1409 2178 1477 2231 τὰ
1503 2178 1664 2233 τέκνα
1692 2178 1858 2233 αὐτοῦ

197 2262 366 2332 ὑμεῖς
404 2262 540 2321 ἐστι.

276 2352 357 2408 6'.
389 2374 419 2406 α
449 2353 733 2408 Δεκαοκτὼ
782 2348 878 2424 ἔτη
934 2352 1270 2427 ἐποιήσαμεν
1328 2352 1566 2433 εἷ’ρήνην,
1598 2356 1627 2411 6
1678 2357 1860 2432 πατὴρ

195 2442 372 2514 ἡμῶν
398 2441 487 2496 καὶ
519 2444 704 2515 ἡμεῖς,
736 2443 871 2515 μετᾶ
915 2446 1012 2497 τοῦ
1056 2440 1299 2520 ἀδελφοῦ
1348 2444 1513 2499 αὐτοῦ
1553 2441 1740 2517 Ἠσαῦ,
1772 2444 1863 2501 καὶ

200 2530 259 2586 οἱ
307 2527 419 2584 υἱοὶ
472 2526 637 2584 αὐτοῦ
672 2530 790 2603 μεθ’
827 2530 1013 2602 ἡμῶν,
1062 2529 1197 2603 μετά
1239 2527 1338 2585 τοῦ
1385 2528 1560 2585 ἐλθεῖν
1614 2533 1761 2605 ἡμᾶς
1807 2530 1867 2586 ἐκ

211 2617 643 2691 Μεσοποταμίας
712 2618 819 2673 ἀπὸ
884 2613 1090 2674 Λάϐαν.
1141 2617 1239 2673 Καὶ
1306 2616 1707 2695 πληρωθέντων
1755 2623 1864 2676 τῶν

210 2706 496 2765 δεκαοκτὼ
529 2706 684 2776 ἐτῶν,
720 2707 771 2762 ἐν
831 2711 911 2779 τῷ
954 2712 1366 2784 τεσσαρακοστῷ
1416 2706 1520 2763 ἔτει
1577 2715 1676 2779 τῆς
1725 2714 1868 2779 ζωῆς

212 2817 351 2871 μου,
386 2794 620 2866 ἐπῆλθεν
652 2797 789 2868 ἡμῖν
824 2797 1011 2868 Ἡσαῦ,
1044 2797 1072 2851 6
1096 2794 1331 2875 ἀδελφὸς
1360 2800 1459 2851 τοῦ
1486 2797 1688 2872 πατρός
1740 2818 1866 2871 μου,

214 2886 277 2942 ἐν
325 2883 442 2957 λαῷ
484 2887 640 2961 βαρεῖ
692 2885 783 2939 καὶ
833 2883 1065 2963 ἰσχυρῷ·
1097 2884 1187 2940 καὶ
1237 2882 1419 2941 ἔπεσεν
1469 2888 1583 2961 (77)
1632 2886 1683 2942 ἐν
1729 2886 1869 2961 τόξῳ

217 2969 417 3034 Ἰακὼϐ
467 2977 599 3049 (78),
650 2972 740 3029 καί
797 2971 944 3051 ἤρθη
1006 2974 1197 3051 νεκρὸς
1264 2974 1316 3030 ἐν
1381 2973 1495 3051 ὅρει
1565 2976 1735 3052 Σιείρ·
1778 2976 1870 3031 καὶ

205 3061 585 3139 πορευόμενος
635 3062 816 3118 ἐπάνω
862 3062 1143 3139 Εἰρῥαμνᾶ
1350 3064 1628 3120 ἀπέθανεν.
1680 3066 1869 3139 Ἡμεῖς

210 3152 274 3210 δὲ
308 3149 599 3226 ἐδιώξαμεν
647 3152 736 3207 ἐπὶ
773 3152 902 3214 τοὺς
950 3152 1105 3214 υἱοὺς
1153 3153 1339 3209 Ἡσαῦ.
1390 3154 1491 3210 Ἧν
1544 3150 1601 3208 δὲ
1652 3153 1869 3216 τούτοις

211 3240 403 3313 πόλις,
431 3240 523 3296 καὶ
568 3246 759 3316 τεῖχος
806 3237 1089 3317 σιδηροῦν,
1135 3240 1224 3295 καὶ
1273 3238 1443 3297 πύλαι
1500 3242 1728 3317 χαλκαῖ’
1778 3241 1869 3296 καὶ

1969 670 2275 744 lapides,et
2296 672 2711 744 jaculabantur
2738 671 2992 728 arcubus
3018 688 3032 741 ;
3055 674 3111 727 et
3140 670 3251 725 nisi
3283 674 3403 726 Dan
3436 669 3618 726 frater

1968 777 2135 816 meus
2179 762 2481 833 suppetias
2515 759 2656 816 mihi
2706 760 2959 825 tulisset,
3016 759 3449 816 interfecissent
3497 777 3610 816 me.

1965 849 2423 922 Supervenimus
2454 850 2805 922 igituripsis
2854 866 2988 905 cum
3035 850 3247 919 furore,
3293 854 3350 904 et
3408 866 3613 907 omnes

1968 939 2277 1011 fugerunt;
2312 944 2369 994 et
2398 943 2769 995 transeuntes
2800 955 2902 1011 per
2930 937 3103 994 aliam
3134 938 3288 993 viam
3338 938 3611 1009 depreca-

1968 1027 2185 1083 bantur
2232 1033 2456 1100 patrem
2491 1044 2708 1097 meum,
2742 1031 2800 1083 et
2830 1028 2964 1084 fecit
3010 1043 3211 1099 pacem
3251 1043 3384 1082 cum
3420 1028 3525 1094 eis,
3557 1030 3613 1082 et

1968 1134 2083 1173 non
2141 1116 2384 1173 fecimus
2432 1116 2516 1173 eis
2571 1116 2893 1188 quidquam
2940 1115 3098 1184 mali,
3141 1116 3242 1171 sed
3293 1117 3429 1171 data
3476 1117 3611 1181 fide,

1967 1205 2297 1278 recepimus
2326 1221 2428 1261 eos
2459 1205 2516 1260 in
2552 1205 2972 1272 societatem,et
2992 1204 3351 1260 reddidimus
3381 1206 3465 1260 eis
3494 1222 3614 1260 om-

1967 1310 2071 1349 nes
2102 1294 2381 1366 captivos.
2418 1292 2486 1349 Et
2526 1292 2803 1347 aadilicavi
2834 1308 2938 1365 ego
2984 1292 3332 1359 Thamnam,
3366 1298 3421 1348 et
3453 1300 3615 1366 pater

1967 1399 2135 1439 meus
2180 1381 2522 1438 Rambahel.
2556 1381 2776 1454 Viginti
2826 1399 3113 1437 annorum
3163 1398 3346 1450 eram,
3377 1383 3613 1453 quando

1968 1473 2187 1528 factum
2218 1476 2307 1528 est
2350 1471 2507 1527 istud
2542 1470 2801 1539 bellum;
2830 1474 2887 1527 et
2933 1470 3243 1527 Chananaei
3292 1471 3616 1527 timuerunt

1967 1578 2081 1631 me,
2122 1565 2180 1616 et
2209 1560 2417 1616 fratres
2449 1576 2635 1616 meos.

2035 1650 2187 1705 VIII.
2222 1672 2251 1699 «
2287 1650 2464 1705 Erant
2495 1654 2689 1705 autem
2722 1648 2868 1704 mihi
2899 1652 2955 1705 et
2984 1664 3193 1721 pecora
3223 1648 3492 1719 multa,et
3511 1648 3615 1705 ha-

1966 1740 2179 1796 bebam
2217 1738 2541 1811 principem
2579 1742 2884 1810 pastorum
2915 1743 3047 1794 Iran
3079 1737 3507 1805 Odolamitem;
3542 1737 3615 1792 ad

1969 1844 2146 1901 quem
2196 1843 2331 1883 cum
2382 1826 2539 1897 veni,
2568 1825 2687 1881 vidi
2735 1826 2952 1882 Barsan
3003 1842 3199 1898 regem
3251 1825 3515 1882 Odolam.
3547 1826 3618 1880 Et

1969 1917 2104 1973 fecit
2144 1915 2315 1972 nobis
2363 1914 2733 1984 convivium,
2782 1920 2839 1971 et
2887 1916 3203 1987 deprecans
3253 1914 3413 1969 dedit
3471 1912 3616 1969 mihi

1966 2004 2146 2062 ﬁliam
2179 2021 2349 2061 suam
2399 2004 2617 2060 Bessus
2656 2004 2715 2059 in
2747 2020 3007 2060 uxorem.
3042 2003 3172 2059 Haec
3220 2002 3444 2075 peperit
3472 2001 3618 2058 mihi

1966 2095 2101 2165 Her,
2139 2098 2197 2150 et
2226 2099 2458 2161 Aunan,
2490 2096 2547 2148 et
2590 2093 2807 2161 Silom;
2841 2108 3087 2165 quorum
3122 2092 3271 2148 duos
3322 2092 3449 2147 sine
3480 2090 3617 2147 ﬁliis

1966 2183 2178 2240 occidit
2207 2182 2532 2251 Dominus;
2565 2180 2749 2238 Silom
2778 2180 2935 2237 enim
2964 2179 3187 2251 vixit,et
3221 2179 3326 2234 filii
3357 2181 3485 2252 ejus
3515 2196 3618 2236 vos

1968 2272 2131 2330 estis.

2044 2362 2135 2418 IX.
2172 2382 2201 2413 «
2230 2360 2563 2417 Octodscim
2595 2359 2766 2416 annis
2795 2358 3041 2415 fecimus
3070 2375 3293 2432 pacem,
3328 2361 3492 2430 pater
3521 2375 3621 2414 no-

1973 2457 2093 2508 ster
2122 2455 2179 2506 et
2208 2466 2335 2517 nos,
2368 2466 2502 2505 cum
2542 2449 2718 2505 fratre
2750 2450 2879 2520 ejus
2907 2449 3082 2514 Esau,
3122 2454 3178 2503 et
3208 2447 3311 2503 filii
3356 2448 3485 2519 ejus
3516 2463 3619 2502 no-

1974 2540 2226 2606 biscum,
2278 2543 2589 2612 postquam
2641 2538 2930 2607 ivenimus
2976 2554 3045 2594 ex
3110 2536 3530 2609 Mesopotamia
3590 2553 3624 2592 a

1977 2630 2186 2687 Laban.
2223 2628 2291 2683 Et
2321 2625 2577 2700 impletis
2608 2626 2929 2682 octodecim
2962 2624 3155 2694 annis,
3186 2626 3244 2680 in
3298 2626 3623 2697 quadrage-

1977 2718 2127 2773 simo
2159 2733 2311 2773 anno
2341 2716 2470 2772 vita
2501 2732 2664 2787 mete,
2698 2714 3036 2787 supervenit
3064 2714 3233 2770 nobis
3265 2714 3415 2769 Esau
3448 2714 3626 2769 frater

1978 2806 2163 2880 patris
2194 2806 2330 2874 mei,
2377 2806 2435 2859 in
2470 2802 2685 2877 populo
2734 2804 2892 2876 gravi
2923 2808 2979 2859 et
3030 2804 3161 2859 forti
3188 2821 3202 2870 ;
3234 2807 3290 2858 et
3320 2802 3527 2857 cecidit
3564 2802 3625 2856 in

1979 2912 2116 2951 arcu
2138 2895 2402 2964 Jacob,et
2422 2892 2575 2949 latus
2596 2896 2684 2948 est
2705 2896 2973 2948 mortuus
2998 2892 3055 2948 in
3079 2896 3336 2948 montem
3359 2891 3623 2962 Seir(79).

1976 2984 2093 3041 Nos
2125 2988 2317 3039 autem
2350 2981 2868 3055 persecutisumus
2897 2982 3050 3037 filios
3080 2982 3396 3037 Esau.Erat
3426 2985 3624 3035 autem

1979 3072 2064 3128 eis
2112 3072 2339 3140 civitas,
2370 3076 2429 3126 et
2476 3087 2684 3126 murus
2732 3072 2973 3137 ferreus,
3004 3074 3061 3125 et
3108 3073 3285 3142 porta:
3340 3086 3517 3137 aereae,
3568 3071 3626 3123 et

1979 3177 2096 3217 non
2129 3160 2431 3232 potuimus
2461 3160 2680 3215 intrare
2708 3158 2769 3214 in
2801 3158 3292 3225 eam,obsidentes
3321 3173 3453 3212 vero
3485 3173 3625 3212 con-

1981 3249 2267 3305 clusimus
2297 3264 2396 3305 eos
2422 3273 2436 3315 ;
2467 3252 2523 3303 et
2552 3264 2685 3304 cum
2716 3264 2832 3303 non
2875 3246 3187 3319 aperirent,
3221 3251 3352 3319 post
3382 3245 3505 3300 dies
3534 3244 3625 3300 vi-

210 3328 321 3387 οὗκ
345 3327 698 3403 ἠδυνήθημεν
741 3316 999 3394 εἴσελθεῖν
1043 3329 1094 3385 ἐν
1146 3328 1307 3404 αὐτῇ,
1336 3330 1427 3385 καὶ
1491 3316 1866 3407 περικαθίσαν-

1987 3338 2147 3412 ginti,
2178 3338 2514 3393 videntibus
2563 3336 2669 3406 eis,
2702 3316 2932 3391 adduxi
2965 3316 3309 3405 scalamiet
3356 3333 3626 3407 clypeum

208 3441 306 3482 τες
337 3418 766 3497 ἐπολιορκοῦμεν
808 3418 1026 3481 αὐτούς.
1060 3422 1158 3474 Καὶ
1208 3419 1286 3482 ὡς
1336 3418 1433 3475 οὐκ
1459 3417 1703 3497 ἤνοιγον,
1736 3422 1871 3493 μετὰ

209 3506 421 3567 εἴκοσιν
475 3508 713 3585 ἡμέρας,
741 3509 993 3585 ὁρώντων
1052 3502 1253 3576 αὐτῶν,
1285 3508 1547 3585 προσάγω
1602 3509 1870 3583 κλίμακα,

207 3599 309 3655 καὶ
350 3599 452 3668 τὴν
500 3595 703 3654 ἀσπίδα
749 3597 839 3653 ἐπὶ
883 3604 986 3668 τῆς
1033 3595 1277 3676 κεφαλῆς
1330 3615 1454 3672 μουσ
1495 3598 1585 3653 καὶ
1632 3598 1867 3669 ἀνῆλθον

211 3684 631 3764 ἀποδεχόμενος
662 3685 851 3751 λίθους
879 3682 990 3749 ἓως
1018 3685 1300 3742 ταλάντων
1349 3692 1536 3764 τριῶν·
1566 3688 1656 3742 καὶ
1712 3686 1867 3744 ἀνελ-

208 3778 328 3833 θὼν
360 3778 470 3851 (81)
518 3776 780 3852 τέσσαρας
826 3774 955 3838 τοὺς
1001 3772 1261 3838 δυνατοὺς
1307 3774 1359 3846 ἐξ
1407 3775 1601 3831 αὐτῶν.
1644 3776 1746 3832 Καὶ
1799 3780 1869 3851 τῇ

212 3864 344 3936 ἑξῆς
376 3857 639 3938 ἐμϐάντες
668 3858 913 3938 Ῥουϐἠμ
940 3863 1031 3919 καὶ
1062 3861 1168 3919 Γὰδ
1192 3863 1405 3919 ἀνεῖλον
1431 3865 1643 3941 ἑτέρους
1664 3862 1718 3936 ἓξ
1735 3866 1870 3940 (82).

209 3953 351 4010 Τότε
397 3952 638 4009 αἰτοῦσιν
679 3955 828 4026 ἡμᾶς
874 3951 939 4008 τά
987 3953 1123 4029 πρὸς
1174 3951 1414 4029 εῗρήνην·
1448 3953 1536 4008 καὶ
1588 3953 1871 4030 γενόμενοι

207 4048 320 4113 τῆς
349 4041 558 4118 βουλῆς
586 4045 688 4097 τοῦ
727 4042 932 4118 πατρὸς
962 4043 1146 4115 ἡμῶν,
1180 4039 1468 4115 ἐδεξάμεθα
1496 4041 1692 4105 αὐτοὺς
1733 4044 1870 4099 ὑπο-

211 4130 445 4210 φόρους.
494 4131 593 4186 Καὶ
650 4124 785 4201 ἦσαν
854 4128 1095 4193 διδόντες
1140 4131 1278 4205 ἡμῖν
1336 4134 1511 4205 πυροῦ
1562 4131 1759 4207 κόρους
1809 4135 1872 4199 σ’,

214 4219 409 4277 ἐλαίου
439 4220 535 4276 Βέθ
566 4222 683 4294 (83)
711 4221 783 4299 φ’,
817 4214 967 4275 οἴνου
1003 4220 1172 4296 μέτρα
1199 4240 1245 4289 ,α
1272 4220 1344 4297 φ’,
1375 4217 1482 4283 ἕως
1542 4220 1632 4276 ὅτε
1673 4220 1877 4294 κατήλ-

215 4311 392 4383 θομεν
420 4309 499 4373 εἷς
526 4307 825 4385 Αἴγυπτον.

290 4404 355 4456 P.
386 4422 418 4453 α
448 4399 597 4455 Μετὰ
623 4396 683 4454 δὲ
707 4402 877 4454 ταῦτα
903 4396 1004 4476 Εῗρ
1035 4398 1064 4454 6
1103 4397 1219 4461 υἱός
1252 4418 1357 4472 μου
1386 4399 1575 4475 ἄγεται
1626 4399 1724 4469 τὴν
1772 4402 1875 4455 Θάο

220 4506 337 4566 μαρ
387 4485 449 4544 ἐκ
493 4485 935 4562 Μεσοποταμίας,
968 4485 1232 4564 θυγατέρα
1280 4488 1477 4564 ’Δράμ.
1510 4488 1610 4543 Ἦν
1672 4486 1730 4544 δὲ
1776 4489 1875 4564 Ε’ἰρ

217 4574 487 4652 πονηρὸς,
520 4577 611 4633 καὶ
640 4576 838 4653 ἠπόρει
869 4574 995 4651 περὶ
1030 4582 1133 4645 τῆς
1182 4573 1393 4649 Θάμαρ,
1425 4573 1509 4631 ὅτι
1552 4576 1654 4632 οὐκ
1698 4578 1765 4647 ἦν
1817 4577 1877 4633 ἐκ

1980 3443 2158 3499 super
2187 3431 2362 3499 caput
2400 3442 2636 3493 meum;
2669 3430 2727 3480 et
2757 3424 3012 3493 ascendi,
3062 3424 3355 3496 accipiens
3402 3422 3627 3495 lapides

1978 3532 2167 3587 usque
2197 3516 2268 3571 ad
2301 3514 2531 3587 pondus
2564 3512 2917 3570 talentorum
2949 3512 3128 3569 trium
3154 3516 3232 3581 ;et
3261 3528 3392 3568 cum
3426 3528 3629 3567 ascen-

1980 3604 2225 3670 dissem,
2273 3603 2455 3659 occidi
2491 3606 2743 3676 quatuor
2788 3605 3058 3674 potentes
3101 3618 3170 3657 ex
3217 3601 3383 3674 ipsis:
3417 3601 3487 3655 Et
3536 3600 3630 3656 die

1981 3693 2248 3766 sequenti
2280 3693 2567 3748 intrantes
2622 3692 2826 3748 Ruben
2858 3695 2917 3746 et
2944 3690 3066 3747 Gad
3113 3691 3453 3747 occiderunt
3483 3689 3629 3745 alios

1980 3799 2100 3840 sex.
2134 3783 2299 3838 Tunc
2331 3782 2666 3853 petiverunt
2694 3798 2729 3836 a
2760 3779 2931 3836 nobis
2960 3779 3322 3835 conditiones
3354 3780 3513 3851 pacis
3538 3796 3551 3846 ;
3575 3781 3631 3833 et

1982 3871 2140 3928 ducti
2173 3870 2417 3926 consilio
2450 3870 2634 3942 patris
2666 3869 2844 3925 nostri
2879 3869 3208 3940 recepimus
3255 3884 3353 3923 eos
3383 3867 3630 3920 tributa-

1983 3961 2123 4017 rios.
2156 3964 2223 4015 Et
2270 3959 2557 4015 dederunt
2588 3959 2757 4014 nobis
2811 3956 3086 4013 frumenti
3117 3973 3282 4012 coros
3326 3956 3627 4025 ducentos,

1983 4054 2041 4106 et
2086 4048 2197 4105 olei
2247 4049 2356 4104 Bes
2406 4047 2781 4120 quingentos,
2830 4045 2949 4100 vini
2998 4061 3304 4101 mensuras
3367 4041 3526 4097 mille
3574 4046 3632 4098 et

1986 4139 2358 4212 quingentas,
2391 4138 2574 4193 donec
2606 4137 3018 4194 descendimus
3045 4134 3104 4190 in
3134 4136 3468 4206 Egyptum.

2054 4404 2157 4461 Χ.‹‹
2191 4404 2327 4460 Post
2357 4403 2467 4459 hoc
2497 4402 2610 4459 Her
2641 4401 2797 4459 filius
2829 4418 2996 4459 meus
3025 4400 3188 4457 duxit
3218 4416 3457 4457 uxorem
3476 4399 3631 4455 Tha-

1987 4510 2117 4550 mar
2163 4508 2233 4549 ex
2279 4491 2717 4564 Mesopotamia,
2768 4490 2952 4547 ﬁliam
3003 4497 3200 4546 Aram.
3250 4491 3387 4545 Erat
3434 4492 3631 4544 autem

1986 4582 2100 4639 Her
2128 4581 2513 4654 perniciosus,
2546 4584 2601 4635 et
2631 4580 2919 4636 dubitavit
2948 4580 3018 4636 de
3048 4580 3324 4648 Thamar,
3347 4577 3627 4649 quoniam

216 4671 331 4743 γῆς
377 4664 606 4722 Χαναάν.
650 4666 747 4722 Καὶ
792 4662 1025 4743 ἅγγελος
1072 4664 1271 4738 Κυρίου
1319 4663 1529 4721 ἀνεῖλεν
1589 4665 1747 4721 αὐτὸν
1803 4670 1866 4741 τῇ

1987 4688 2100 4727 non
2132 4674 2258 4726 erat
2287 4686 2356 4725 ex
2385 4674 2539 4725 terra
2562 4668 2858 4725 Chanaan.
2893 4668 2959 4724 Et
2987 4666 3230 4739 angelus
3261 4664 3490 4722 Domini
3532 4681 3628 4719 oc-

216 4753 383 4832 τρίτῃ
426 4754 610 4831 ἡμέρᾳ
652 4758 723 4830 τῇ
768 4754 945 4825 νυκτὶ,
994 4753 1085 4809 καὶ
1122 4753 1292 4816 ἀὐτὸς
1332 4752 1435 4809 οὐκ
1497 4750 1634 4830 ἔγνω
1684 4755 1873 4827 αὐτὴν,

216 4842 363 4900 κατά
399 4843 729 4922 πανουργίαν
770 4850 869 4914 τῆς
919 4843 1126 4918 μητρὸς
1176 4841 1362 4897 αὐτοῦ·
1414 4841 1475 4897 οὗ
1523 4844 1626 4921 γὰρ
1682 4842 1874 4915 ἤθελεν

220 4933 379 5011 ἔχειν
423 4935 586 4991 τέκνα
633 4933 726 4990 ἀπ’
753 4933 942 5003 αὐτῆς·
969 4931 1121 5008 καίγε
1167 4932 1326 4994 οὗτος
1373 4930 1625 4988 ἀπέθανεν
1676 4933 1729 4988 ἐν
1776 4954 1876 4989 πο-

218 5021 414 5101 νηρίᾳ.
448 5023 535 5079 Ἐν
584 5027 705 5086 ταῖς
749 5024 985 5099 ἡμέραις
1022 5024 1120 5076 τοῦ
1168 5018 1420 5095 θαλάμου
1468 5017 1881 5099 ἐπεγάμϐρευσκ

364 5131 397 5185 4
447 5128 663 5188 Αὐτῶν.
696 5129 891 5189 Αὐτοῦ.
927 5129 1011 5186 ID.

323 5131 420 5275 75)
448 5201 674 5279 Βάρσαν.
707 5195 977 5273 Βαρσαϐά.
1009 5248 1011 5253 .

323 5275 449 5349 75⁴)
478 5277 759 5349 Septuag.
791 5274 920 5347 Ἤρ.
951 5272 1011 5328 D1

334 5345 435 5419 76)
479 5346 675 5404 Αόνᾰν.
733 5348 1011 5419 Origenes

362 5195 419 5279 ᾗ)
433 5201 674 5279 Βάρσαν.
707 5195 988 5279 Βαρσαϐάᾷ
1009 5204 1094 5256 ID.

323 5272 449 5349 15")
478 5272 759 5349 Septuag.
788 5272 920 5347 Ἤρ.
951 5272 1168 5329 Βιυιοη.

334 5343 441 5420 76)
479 5343 1039 5428 Αόνᾰνεξρρεοροε,
1089 5350 1239 5428 ῐοωἒ
1287 5359 1410 5428 vni.
1466 5343 1747 5428 commensi
1779 5415 1793 5428 λ
1824 5347 1885 5401 in

223 5411 523 5492 106mm,
554 5437 613 5492 p.
651 5419 756 5492 I32
781 5411 1077 5492 T531068;
1112 5413 1262 5492 παρ’·
1284 5415 1442 5492 ἡμῖν,
1471 5414 1571 5492 μὲν
1605 5416 1646 5492 ,ὁ
1706 5412 1884 5492 δεύτε-

274 5434 613 5505 οοππειηζρ.
651 5434 756 5476 132
782 5434 869 5491 np
902 5434 1077 5486 ’loooq
1112 5434 1263 5500 παρ’
1284 5434 1370 5539 τλὲζ

274 5509 336 5550 ος
397 5490 571 5546 Δῦναν
626 5490 760 5545 εἶναι
829 5489 1082 5561 λέγεται,
1126 5504 1273 5561 παρα
1363 5507 1370 5538 ε

271 5579 360 5614 στι
390 5564 550 5622 Iuda:
583 5562 858 5619 secundus
888 5556 1091 5633 (filius)
1120 5556 1273 5633 apicii
1302 5573 1396 5614 nos

238 5649 355 5707 esss
378 5637 603 5702 dicitur,
634 5634 779 5707 apud
805 5628 1032 5689 Hehraes
1052 5628 1180 5707 vero
1213 5628 1388 5686 0mm.

309 5704 428 5780 (7⁷)
457 5704 702 5780 Emei-
744 5709 1017 5780 Ἔπᾳισεκὲ
1049 5705 1135 5780 10.-

317 5771 436 5854 (78')
464 5772 682 5835 Ἰακώϐ.
716 5778 818 5834 Τὸν
852 5775 1017 5833 Ἠσαῦ
1048 5771 1184 5831 add.
1214 5775 1297 5828 In.

1473 5648 1600 5688 ΗΑΒ.

1360 5485 1387 5539 ἐ
1430 5485 1704 5560 Ἐοραίοις
1736 5488 1888 5541 Ὠνᾶν

1482 5560 1662 5615 uidem
1690 5560 1889 5617 Aunan

1985 4759 2124 4816 cidit
2155 4775 2290 4814 eum
2320 4757 2495 4814 tertia
2525 4758 2618 4813 die
2652 4758 2711 4813 in
2744 4762 2931 4827 nocte,
2963 4761 3019 4812 et
3048 4755 3173 4828 ipse
3205 4772 3316 4811 non
3364 4753 3632 4826 cognovit

1986 4864 2139 4918 eam,
2172 4863 2274 4920 per
2322 4848 2600 4902 astutiam
2635 4847 2844 4903 matris
2887 4862 3044 4912 sua;
3077 4860 3191 4900 non
3244 4843 3399 4898 enim
3450 4841 3633 4897 voluit

1987 4937 2201 4993 habere
2232 4935 2382 4991 filios
2432 4952 2502 4991 ex
2533 4935 2662 5006 ipsa
2688 4953 2701 5003 ;
2734 4938 2792 4991 et
2820 4934 2915 4990 hic
2946 4934 3006 4989 in
3054 4932 3315 5005 nequitia
3364 4934 3633 4986 mortuus

1988 5025 2167 5082 est.In
2198 5023 2406 5080 diebus
2430 5023 2674 5080 thalami
2706 5023 2837 5079 dedi
2867 5022 2919 5079 ei
2947 5022 3137 5078 virum
3168 5028 3375 5077 Aunan
3401 5037 3413 5088 ;
3442 5023 3498 5075 et
3526 5019 3636 5074 iste

2060 5130 2173 5203 (79)
2206 5130 2433 5187 Montem
2482 5128 2622 5186 Seir.
2676 5129 2927 5185 Additur
2962 5129 3022 5184 in
3071 5127 3267 5184 Graaco
3319 5129 3502 5203 textu,
3550 5125 3634 5181 vi-

1989 5202 2138 5258 tiose
2171 5218 2184 5258 :
2215 5211 2266 5258 et
2294 5203 2686 5272 vadensgauper
2718 5204 2960 5264 Iramna,
2990 5207 3248 5272 mortuus
3267 5202 3367 5253 est.
3405 5202 3483 5252 In.

2085 5275 2178 5347 80)
2208 5270 2755 5347 ξιῐπάνω-Εἷῤῥὲιιμνειἶ
2784 5272 2869 5347 Ἐν
2905 5270 3195 5344 Ανονιράμ.
3228 5270 3312 5324 ID.

2086 5338 2178 5412 81)
2207 5338 2678 5400 Ἀνελθών.’Ᾱάὂ.
2731 5340 2963 5408 ἀνεῖλον,
3016 5338 3252 5415 propter
3298 5338 3639 5415 similitudi-

1995 5411 2129 5473 nem
2159 5411 2316 5471 vocis
2350 5418 2724 5485 praecedentis
2754 5415 2981 5469 incuria
3010 5411 3212 5470 scriba:
3236 5411 3639 5469 omissum.In.

2089 5486 2302 5554 82)’"EE
2332 5486 2618 5555 Ἑξήκοντα
2648 5503 2759 5542 ms.
2793 5485 2959 5556 Coll.,
2994 5486 3183 5551 Trin.,
3213 5485 3452 5556 Cantab.
3483 5485 3565 5539 ID.

2092 5559 2180 5630 83)
2214 5558 2337 5614 Βὲθ.
2370 5554 2645 5631 Suspicor
2691 5554 3004 5631 legendum
3038 5556 3256 5631 βάτους.
3283 5554 3452 5631 Barce;
3484 5557 3641 5612 enim

1999 5628 2090 5705 est
2119 5628 2395 5705 mensura
2425 5628 2809 5705 liquidarum,
2844 5632 2908 5684 ut
2938 5628 3105 5685 docet
3131 5628 3373 5705 Joseph.
3406 5629 3508 5687 lib.
3540 5632 3645 5687 An-

2001 5702 2182 5773 tiquit.
2213 5701 2346 5760 Jud.
2378 5717 2500 5773 VIII,
2533 5718 2658 5773 cap.
2689 5700 2743 5755 2.
2776 5703 2859 5756 In.
