4036 6356
474 392 632 459 1075

1515 395 2049 489 TESTAMENTA
2091 394 2203 458 XII
2244 391 2959 460 PATRIARCHARUM.

3738 392 3877 456 10⁸16

471 528 533 585 ἱῑι
563 527 785 586 malitia
818 547 935 587 non
952 530 1222 604 cognovit
1251 531 1607 598 eam,vivens
1637 547 1771 586 cum
1791 546 1858 585 ea
1876 546 2118 585 annum.

2254 524 2368 599 ιύτῇ
2400 525 2494 581 τὸν
2530 525 2726 581 Αύνᾶν·
2757 525 2911 603 καίγε
2966 525 3125 589 οὗτος
3186 524 3239 581 ἐν
3297 524 3538 603 πονηρίᾳ
3595 522 3703 581 οὔκ
3762 522 3879 600 ἔγνω

474 622 546 675 Et
576 622 809 692 quando
836 619 1097 678 minatus
1127 638 1262 677 sum
1295 620 1547 690 ei,coivit
1578 621 1817 692 quidem
1836 636 1971 676 cum
2002 619 2121 691 illa,

476 724 675 765 semen
705 725 837 764 vero
867 709 1079 766 corruit
1111 709 1226 783 (85)
1256 709 1315 763 in
1347 709 1922 776 terram,secundum
1957 725 2122 764 man-

478 798 680 853 datum
711 797 914 853 matris
946 814 1064 853 suae
1092 816 1106 865 ;
1139 803 1195 853 et
1224 797 1318 853 hic
1348 798 1406 852 in
1440 796 1666 853 malitia
1714 802 1981 853 mortuus
2012 801 2119 853 est.

472 885 752 943 Volebam
800 891 994 943 autem
1027 890 1084 942 et
1129 886 1310 944 Silom
1363 886 1502 943 dare
1544 887 1618 953 ei,
1652 886 1754 943 sed
1802 903 1947 942 uxor
1995 902 2125 942 mea

472 974 691 1032 Bessue
719 992 835 1032 non
866 974 1170 1047 permisit;
1208 974 1502 1031 malitiosa
1532 974 1689 1030 enim
1721 980 1846 1031 erat
1874 974 1934 1031 in
1965 975 2124 1031 Tha-

472 1079 621 1130 mar,
654 1063 934 1135 quoniam
962 1079 1079 1120 non
1110 1068 1234 1120 erat
1263 1081 1332 1120 ex
1361 1063 1594 1120 ﬁliabus
1624 1062 1921 1132 Chanaan,
1972 1065 2125 1121 sicut

470 1152 623 1226 ipsa.

541 1241 637 1298 XI.
670 1263 698 1291 ‹‹
726 1241 795 1297 Et
822 1257 927 1314 ego
958 1241 1236 1311 sciebam,
1257 1241 1413 1313 quod
1445 1240 1841 1314 perniciosum
1870 1246 1996 1298 erat
2025 1258 2123 1315 ge-

473 1347 589 1388 nus
619 1330 917 1395 Chanaan.
948 1332 1049 1387 sed
1090 1330 1405 1387 consilium
1452 1330 1779 1402 juventutis
1825 1331 2127 1387 excmcavit

476 1437 577 1478 cor
604 1436 824 1476 meum.
856 1420 927 1475 Et
974 1420 1178 1476 videns
1225 1436 1355 1476 eam
1410 1420 1612 1475 vinum
1661 1420 2024 1491 fundentem,
2065 1420 2125 1475 in

475 1507 757 1565 ebrietate
806 1507 925 1562 vini
975 1509 1252 1578 deceptus
1305 1524 1460 1577 sum,
1492 1511 1550 1563 et
1596 1507 1819 1563 concidi
1852 1509 1925 1563 ad
1972 1524 2123 1564 eam.

480 1597 635 1669 Ipsa,
666 1612 760 1652 me
788 1597 1049 1662 absente,
1080 1595 1307 1663 abiit,et
1336 1596 1557 1668 accepit
1586 1595 1768 1652 Silom
1792 1613 2031 1653 uxorem
2059 1615 2128 1653 ex

478 1688 637 1741 terra
665 1684 960 1740 Chanaan.
994 1686 1062 1739 At
1092 1700 1227 1740 cum
1270 1684 1673 1756 cognovissem
1705 1684 1843 1757 quid
1894 1686 2126 1758 fecerat,

481 1772 754 1829 maledixi
784 1772 835 1828 ei
866 1772 926 1827 in
955 1772 1151 1828 dolore
1181 1773 1390 1828 animae
1422 1790 1562 1829 mea)
1607 1789 1620 1830 :
1652 1778 1709 1831 et
1738 1774 1870 1847 ipsa
1899 1780 2129 1832 mortua

478 1866 571 1919 est
600 1862 661 1918 in
693 1861 919 1917 malitia
947 1860 1203 1917 filiorum
1236 1878 1499 1918 suorum.

549 1950 672 2007 XII.
707 1973 736 2001 «
770 1954 909 2007 Post
937 1950 1045 2007 hos
1075 1954 1272 2007 autem
1306 1967 1607 2008 sermones
1639 1952 1773 2025 (87),
1803 1953 1980 2009 vidua
2010 1954 2127 2009 exi-

477 2044 667 2098 stente
714 2040 992 2107 Thamar,
1038 2044 1168 2112 post
1221 2042 1369 2096 duos
1419 2058 1606 2097 annos
1656 2043 1921 2114 audiens,
1974 2045 2128 2115 quod

476 2130 727 2186 ascendo
757 2130 997 2185 tondere
1033 2146 1186 2198 oves,
1212 2134 1419 2186 ornata
1451 2129 1828 2202 sponsalibus
1852 2147 2133 2188 ornamen

476 2218 737 2290 tis,sedit
763 2221 898 2274 ante
926 2217 1219 2274 civitatem
1254 2219 1324 2274 ad
1360 2220 1732 2291 portam.Lex
1753 2220 1908 2276 enim
1929 2225 2135 2277 Amor-

479 2307 771 2364 rhzeorum
802 2310 1162 2378 est,nuptam
1195 2308 1505 2379 praesidere
1534 2306 1594 2362 in
1628 2308 2008 2366 fornicatione
2033 2326 2137 2382 per

480 2401 707 2470 septem
739 2395 862 2452 dies
884 2397 1058 2467 juxta
1086 2400 1335 2469 portam.
1369 2396 1699 2453 Inebriatus
1730 2396 1910 2470 igitur
1939 2415 2044 2471 ego
2074 2399 2136 2455 in

482 2486 650 2557 aquis
681 2485 1049 2557 Chozeb,non
1076 2485 1283 2558 agnovi
1313 2502 1441 2541 eam
1472 2503 1587 2558 prae
1618 2486 1751 2542 vino
1782 2512 1796 2555 ;
1826 2491 1884 2543 et
1913 2488 2140 2561 decepit

483 2590 579 2631 me
610 2573 984 2647 pulchritudo
1015 2573 1203 2646 ipsius
1234 2590 1339 2647 per
1367 2574 1615 2631 formam
1647 2580 1911 2632 ornatus.
1944 2577 2014 2633 Et
2046 2578 2141 2635 de'

482 2662 739 2722 olinatus
771 2663 842 2718 ad
878 2662 1693 2737 ipsam,dicebam:lngredior
1720 2666 1791 2721 ad
1817 2665 1970 2721 te.Et
1995 2667 2142 2723 dixit

482 2750 630 2808 mihi
663 2766 678 2808 :
715 2750 862 2818 Quid
894 2750 1039 2807 mihi
1070 2750 1236 2807 dabis
1259 2751 1287 2807 ?
1317 2753 1387 2807 Et
1419 2752 1550 2808 dedi
1581 2752 1633 2809 ei
1666 2752 1886 2826 virgam
1922 2771 2137 2828 meam,

482 2844 541 2898 et
569 2857 796 2908 zonam,
830 2845 886 2896 et
932 2840 1204 2896 diadema
1234 2840 1401 2913 regni
1436 2856 1450 2895 :
1483 2845 1541 2897 et
1592 2858 1726 2897 cum
1757 2842 1971 2899 coirem
2004 2862 2138 2901 cum

481 2929 606 3001 illa,
660 2928 946 3001 concepit.
999 2930 1283 3002 Ignorans
1329 2933 1525 2986 autem
1575 2929 1714 3002 quid
1767 2931 1923 3000 fecit,
1986 2921 2142 2989 volui

479 3018 739 3078 occidere
787 3019 1116 3091 eam;ipsa
1170 3022 1365 3075 autem
1421 3019 1661 3075 mittens
1689 3020 1748 3075 in
1802 3020 2142 3079 abscondito

478 3108 745 3183 pignora,
798 3108 1017 3180 pudore
1068 3107 1313 3163 suffudit
1364 3124 1477 3165 me.
1530 3107 1757 3164 Vocans
1806 3124 1940 3166 vero
1989 3126 2143 3178 eam,

481 3196 676 3256 audivi
708 3199 765 3252 et
812 3195 1092 3269 mysticos
1134 3212 1458 3267 sermones,
1506 3213 1655 3269 quos
1701 3197 1936 3255 locutus
1981 3216 2137 3261 sum,

2236 615 2425 686 αὐτὴν,
2458 618 2693 687 ποιήσας
2725 615 2818 672 σὺν
2850 615 2986 691 αὐτῇ
3031 613 3291 671 ἐνιαυτόν.
3324 617 3425 671 Καὶ
3472 614 3561 671 ὅτε
3612 613 3880 685 ἠπείλησα

2234 702 2399 777 αὐτῷ,
2451 702 2688 775 συνῆλθε
2745 706 2840 779 μὲν
2904 705 3062 777 αὐτῇ,
3114 703 3381 783 διέφθειρε
3441 703 3499 760 δέ
3547 706 3613 760 τὸ
3673 703 3881 779 σπέρμα

2234 790 2322 848 ἐπὶ
2350 795 2451 863 τήν
2482 797 2608 870 γῆν,
2630 794 2763 867 μετά
2790 796 2889 864 τήν
2923 792 3147 864 ἐντολὴν
3178 801 3278 864 τῆς
3314 794 3522 866 μητρὸς
3550 791 3727 848 αὐτοῦ
3759 794 3880 866 (83)·

2230 882 2387 958 καίγε
2436 883 2593 946 οὗτος
2643 882 2900 948 ἀπέθανεν
2967 882 3019 937 ἐν
3090 883 3347 959 πονηρίᾳ,
3393 881 3626 940 ’Ἠθελον
3701 879 3764 936 δὲ
3808 881 3885 936 καὶ

2231 971 2323 1027 τὸν
2355 971 2556 1046 Σιλὼμ
2586 969 2771 1027 δοῦναι
2800 971 2959 1046 αὐτῇ,
2990 969 3117 1027 ἀλλ’
3148 974 3181 1042 ἡ
3214 973 3349 1047 γυνή
3389 993 3492 1045 μου
3525 971 3770 1047 βησσουὲ
3798 970 3884 1025 οὐκ

2234 1060 2459 1138 ἀφῆκεν⁸
2496 1060 2851 1135 ἐπονηρεύετο
2900 1061 3002 1138 γὰρ
3050 1061 3189 1135 πρὸς
3236 1062 3337 1131 τήν
3391 1062 3603 1135 Θάμαρ,
3654 1059 3747 1114 ὅτι
3798 1060 3887 1115 οὒκ

2232 1150 2300 1221 ἦν
2332 1148 2391 1204 ἐκ
2421 1148 2723 1226 θυγατέρων
2758 1149 2990 1219 Χαναὰν,
3021 1150 3099 1212 ὡς
3127 1147 3289 1220 αὐτή.

2305 1239 2411 1295 ΙΑ’.
2452 1262 2479 1294 α
2510 1238 2669 1315 Κάγὼ
2699 1233 2872 1313 ᾔδειν,
2906 1238 2991 1294 ὅτι
3038 1238 3278 1314 πονηρὸν
3336 1238 3398 1292 τὸ
3442 1237 3596 1315 γένος
3654 1237 3883 1309 Χαναὲι,

2234 1325 2382 1384 ἀλλά
2429 1328 2491 1382 τὸ
2544 1322 2859 1383 διαϐούλιον
2888 1330 2985 1397 τῆς
3015 1326 3414 1401 νεότητος
3465 1324 3754 1406 ἐτύφλωσε
3798 1327 3885 1394 τὴν

2233 1413 2454 1494 καρδίαν
2499 1438 2625 1490 μου.
2660 1416 2758 1471 Καὶ
2812 1414 2939 1472 ἰδὼν
2997 1416 3163 1487 αὐτὴν
3211 1416 3582 1492 οἰνοχοοῦσαν,
3645 1414 3699 1471 ἐν

2272 1502 2298 1526 Ἰ
2870 1505 2885 1524 \
3358 1506 3371 1521 κ
3512 1504 3525 1523 9
3772 1504 3831 1538 '0'

2236 1526 2386 1561 οινου
2432 1506 2747 1576 ήπατήθην,
2797 1526 2888 1561 και
2954 1504 3218 1561 συνέπεσα
3273 1525 3410 1581 προς
3466 1506 3657 1576 αυτήν.
3718 1508 3885 1574 Aur"

2234 1593 2465 1657 ἀπόντος
2501 1616 2627 1667 μου,
2660 1592 2950 1669 ἐπορεύθη,
2981 1594 3071 1649 καὶ
3104 1588 3267 1649 ἔλαϐε
3294 1599 3374 1666 τῷ
3432 1593 3637 1667 Σιλὼμ
3661 1596 3884 1670 γυναῖκα

2237 1682 2297 1739 ἐκ
2342 1689 2445 1760 γῆς
2513 1682 2746 1740 Χαναάν.
2796 1682 2957 1746 Γνοὺς
3017 1681 3076 1738 δὲ
3124 1683 3153 1738 ’ὁ
3204 1682 3449 1753 ἐποίησε,
3499 1681 3885 1759 κατηρασάμην

2236 1771 2373 1843 αὐτῇ
2422 1771 2473 1827 ἐν
2528 1768 2689 1846 ὀδύνῃ
2737 1774 2922 1848 ψυχῆς
2975 1790 3101 1846 μου·
3144 1770 3296 1849 καίγε
3342 1770 3478 1841 αύτή
3528 1768 3786 1827 ἀπέθανεν
3841 1770 3887 1825 ἐν

2161 1902 2208 1966 Β
2237 1860 2477 1936 πονηρίᾳ
2505 1861 2637 1916 υἱῶν
2678 1859 2869 1930 αὐτῆς.

2312 1951 2386 1966 -.υ
2534 1956 2585 1966 --
2656 1949 2671 1966 ι
2730 1947 2774 1966 μ

2312 1951 2405 2006 IB’.
2455 1973 2483 2002 (ι
2533 1949 2681 2005 Μετά
2727 1947 2785 2005 δὲ
2828 1948 2957 2013 τοὺς
3005 1946 3207 2026 λόγους
3251 1949 3498 2019 τούτους,
3548 1947 3887 2025 χηρευούσης

2238 2044 2341 2109 τῆς
2381 2037 2591 2115 Θάμαρ,
2626 2038 2761 2112 μετᾶ
2807 2036 2902 2094 δύο
2954 2036 3046 2111 ἔτη
3106 2038 3399 2108 ἀκούσασα,
3452 2038 3535 2094 ὅτι
3582 2039 3888 2114 ἀνέρχομαι

2242 2132 2416 2203 κεῖραι
2472 2133 2541 2183 τὰ
2591 2122 2858 2201 πρόϐατα,
2915 2130 3254 2202 κοσμηθεῖσα
3335 2127 3529 2201 κόσμῳ
3612 2128 3885 2205 νυμφικῷ,

2244 2214 2483 2273 ἐκάθισεν
2516 2217 2766 2273 ἀπέναντι
2807 2221 2877 2291 τῇ
2924 2216 3084 2273 πόλει
3130 2218 3267 2293 πρὸς
3314 2218 3415 2286 τὴν
3474 2215 3682 2287 πύλην.
3715 2214 3886 2288 Νόμος

2244 2307 2347 2382 γὰρ
2397 2306 2767 2384 Ἀμορραίων,
2812 2307 2913 2377 τήν
2959 2311 3236 2383 γαμοῦσαν
3284 2304 3606 2383 προκαθίσαι
3663 2304 3719 2360 ἐν
3765 2325 3885 2379 πορσ
3988 2370 3989 2373 η

2243 2394 2360 2467 νείᾳ
2406 2396 2539 2451 ἑπτὰ
2584 2394 2795 2471 ἡμέρας
2843 2397 2989 2472 παρά
3038 2396 3139 2465 τήν
3209 2393 3416 2466 πύλην.
3467 2392 3763 2455 Μεθυσθεὶς
3806 2390 3885 2447 οὗν

2247 2484 2352 2560 ἐγὼ
2390 2483 2441 2539 ἐν
2492 2481 2645 2539 ὕδασι
2697 2479 2922 2555 Χωζὴϐ,
2973 2484 3072 2540 ούκ
3118 2483 3355 2559 ἐπέγνων
3402 2482 3569 2551 αὐτὴν
3628 2482 3739 2537 ἀπὸ
3799 2481 3883 2536 τοῦ

2249 2571 2418 2630 οἷ’νου·
2452 2573 2541 2629 καὶ
2566 2574 2816 2645 ἠπάτησέ
2845 2594 2913 2647 με
2938 2574 3002 2629 τὸ
3030 2570 3239 2636 κάλλος
3294 2571 3463 2641 αὐτῆς
3519 2568 3607 2626 διά
3636 2575 3737 2626 τοῦ
3768 2570 3889 2645 σχήο

2252 2684 2422 2738 ματος
2474 2669 2575 2733 τῆς
2640 2664 2986 2737 κοσμήσεως.
3046 2661 3145 2717 Καὶ
3205 2659 3456 2724 ἐκκλίνας
3514 2660 3651 2735 πρὸς
3711 2659 3885 2727 αύτήν,

2250 2752 2420 2809 εἶπονο
2454 2777 2482 2805 ‹‹
2523 2750 2767 2808 Εἶσέλθω
2813 2752 2947 2825 πρὸς
2995 2752 3072 2808 σέ.
3105 2774 3133 2804 »
3176 2750 3277 2806 Καὶ
3328 2750 3446 2805 ε’ίπέ
3489 2768 3599 2823 μοι·
3641 2774 3665 2799 ι
3700 2748 3761 2803 Τί
3806 2766 3885 2820 μοι

2252 2840 2480 2911 δώσεις;
2521 2866 2541 2893 ι
2578 2841 2676 2896 Καὶ
2710 2838 2887 2895 ἔδωκα
2931 2839 3067 2914 αὐτῇ
3115 2840 3216 2909 τήν
3271 2834 3466 2915 ῥάϐδον
3514 2859 3639 2912 μου,
3671 2836 3762 2892 καὶ
3802 2836 3885 2903 τήν

2254 2931 2454 3002 ζώνην,
2485 2929 2574 2985 καὶ
2603 2930 2666 2985 τὸ
2697 2927 2940 3003 διάδημα
2965 2936 3065 2998 τῆς
3105 2926 3403 3004 βασιλείας’
3434 2927 3524 2983 καὶ
3577 2927 3657 2988 ὡς
3702 2922 3885 2993 συνῆλ-

2253 3032 2345 3084 θον
2401 3019 2558 3093 αὐτῇ,
2592 3016 2935 3097 συνείληφεν.
2967 3018 3204 3093 Ἀγνοῶν
3239 3014 3297 3071 δὲ
3324 3018 3354 3072 ’ὀ
3404 3015 3682 3087 ἐποίησεν,
3708 3011 3884 3084 ἤθελον

2253 3107 2419 3177 αὐτὴν
2445 3107 2677 3163 ἀνελεῖν·
2700 3107 2958 3181 πέμψασα
2988 3103 3046 3161 δὲ
3075 3105 3127 3161 ἐν
3155 3110 3377 3180 κρυπτῷ
3404 3103 3535 3167 τοὺς
3565 3098 3880 3181 ἀρῥαϐῶνας,

2252 3195 2557 3273 κατῄσχυνέ
2609 3216 2693 3270 με.
2747 3193 2988 3258 Καλέσας
3036 3192 3093 3250 δὲ
3140 3196 3332 3269 αὐτὴν,
3381 3191 3589 3264 ἤκουσα
3641 3193 3736 3248 καὶ
3778 3189 3884 3250 rei);

480 3286 782 3344 dormiens
811 3301 947 3341 cum
977 3301 1064 3355 ea,
1097 3284 1157 3340 in
1189 3285 1470 3341 ebrietate
1519 3302 1688 3355 mea;
1720 3290 1778 3343 et
1806 3304 1922 3343 non
1972 3288 2135 3360 potui

2254 3285 2303 3342 ἐν
2340 3271 2624 3362 μυστηρίῳ
2665 3284 2888 3360 λόγους,
2931 3283 3044 3352 οὓς,
3074 3280 3346 3339 καθεύδων
3399 3282 3491 3337 σὺν
3542 3281 3709 3354 αὐτῇ,
3740 3278 3786 3335 ἐν

487 3375 748 3433 occidere
803 3390 955 3443 eam,
988 3374 1267 3445 quoniam
1300 3392 1334 3431 a
1379 3374 1623 3432 Domino
1668 3380 1809 3432 erat.
1864 3377 2135 3434 Dicebam

489 3468 686 3520 autem
716 3481 729 3521 :
753 3463 837 3519 Ne
864 3464 1009 3520 forte
1038 3463 1171 3519 dolo
1203 3480 1433 3520 mecum
1461 3466 1693 3537 agat,ab
1716 3465 1830 3521 alia
1847 3466 2139 3540 accipiens

490 3552 727 3625 pignus.
748 3552 859 3607 Sed
891 3568 1078 3624 neque
1100 3553 1563 3626 appropinquavi
1596 3553 1648 3610 ei
1675 3554 1933 3627 amplius
1954 3573 2142 3628 usque

493 3641 566 3698 ad
599 3644 847 3696 mortem
899 3657 1111 3708 meam,
1159 3642 1435 3713 quoniam
1486 3642 1982 3700 abominationem
2033 3646 2143 3702 feci

493 3729 646 3786 hanc
676 3730 736 3784 in
769 3728 926 3785 omni
959 3729 1232 3786 Israel.Et
1262 3730 1363 3801 qui
1393 3735 1558 3786 erant
1587 3731 1644 3786 in
1701 3732 1953 3801 civitate,
1986 3733 2142 3791 dice-

492 3818 639 3875 bant
669 3834 785 3873 non
817 3833 946 3874 esse
970 3817 1031 3873 in
1056 3818 1286 3874 civitate
1304 3819 1715 3891 desponsatam
1742 3839 1756 3889 ;
1781 3823 2060 3894 quoniam
2078 3840 2147 3879 ex

492 3906 607 3964 alio
639 3906 764 3963 loco
794 3905 1036 3963 veniens
1083 3907 1156 3963 ad
1188 3907 1359 3963 breve
1388 3912 1625 3981 tempus
1657 3910 1808 3966 sedit
1849 3912 1905 3967 in
1939 3917 2143 3984 porta;

493 4001 553 4055 et
581 3996 957 4067 existimavit,
999 3997 1158 4069 quod
1192 3995 1392 4054 nullus
1422 3997 1690 4070 cognovit
1719 4015 1812 4056 me
1842 3999 2149 4058 intravisse

496 4086 568 4143 ad
601 4102 752 4143 eam.
784 4086 855 4142 Et
884 4092 1017 4158 post
1049 4085 1171 4142 haec
1201 4086 1471 4143 venimus
1500 4087 1561 4142 in
1608 4088 1917 4162 Egyptum
1948 4090 2022 4146 ad
2050 4090 2148 4147 Jo-

497 4173 639 4247 sepb
697 4178 930 4247 propter
977 4174 1211 4231 famem.
1263 4175 1660 4250 Quadraginta
1708 4194 1809 4233 sex
1855 4194 2147 4235 annorum

500 4277 685 4334 eram,
718 4267 775 4319 et
803 4262 1166 4335 septuaginta
1201 4267 1319 4320 tres
1350 4281 1536 4321 annos
1566 4265 1678 4320 vixi
1708 4264 1849 4321 illic.

573 4352 759 4408 ΧΙΙ[.‹‹
786 4351 859 4407 Et
888 4368 1043 4407 nunc
1073 4368 1436 4425 quaecunque
1465 4370 1571 4427 ego
1600 4354 1764 4411 vobis
1796 4356 2032 4426 mando,
2047 4373 2151 4413 au-

506 4440 624 4496 dite
655 4438 761 4496 filii
790 4439 928 4507 mei,
958 4439 991 4495 J
999 4440 1176 4497 udam
1209 4446 1431 4513 patrem
1462 4446 1743 4510 vestrum,
1774 4447 1835 4500 et
1863 4445 2156 4501 custodite

508 4545 713 4587 omnes
744 4543 1045 4585 sermones
1076 4546 1259 4602 meos,
1282 4531 1351 4585 ad
1384 4530 1719 4587 faciendum
1748 4548 1953 4589 omnes
1974 4533 2154 4605 justi-

2253 3374 2387 3450 μέθῃ
2423 3396 2529 3448 μου
2562 3372 2829 3444 ἐλάλησα⁶
2862 3372 2952 3429 καὶ
2983 3372 3084 3428 οὐκ
3128 3370 3407 3443 ἠδυνήθην
3457 3369 3668 3425 ἀνελεῖν
3722 3368 3887 3435 αὖτῆν,

2250 3463 2334 3520 ὅτι
2390 3463 2538 3541 παρά
2585 3463 2783 3539 Κυρίου
2828 3463 2917 3533 ἦν.
2948 3460 3181 3537 Ἔλεγον
3213 3459 3337 3537 γάρ⁴
3373 3485 3401 3511 ‹‹
3431 3461 3660 3530 Μήποτε
3718 3458 3767 3514 ἐν
3816 3454 3887 3510 δον

2256 3553 2473 3624 λιότητι
2507 3552 2749 3623 ἐποίησε,
2770 3552 2917 3627 παρά
2945 3548 3125 3621 ἄλλης
3158 3544 3400 3606 λαϐοῦσα
3427 3549 3518 3603 τὸν
3548 3542 3845 3623 ἀρραϐῶνα.
3863 3567 3884 3594 ιι

2250 3640 2407 3700 Ἀλλ’
2440 3639 2565 3697 οὐδὲ
2589 3638 2791 3718 ⁴ἤγγισα
2820 3638 2957 3715 αὐτῇ
2991 3637 3067 3694 ἔτι
3097 3635 3201 3701 ἓως
3229 3639 3459 3693 θανάτου
3501 3657 3625 3709 μου,
3664 3635 3748 3691 ὅτι
3784 3631 3883 3708 βδέ-

2255 3729 2444 3807 λυγμα
2486 3729 2717 3800 ἐποίησα
2759 3733 2922 3785 τοῦτο
2971 3728 3023 3784 ἐν
3071 3727 3231 3783 παντὶ
3282 3723 3525 3803 Ἰσραήλ.
3567 3724 3739 3802 Καίγε
3774 3724 3819 3777 οί
3845 3722 3884 3775 ἐν

2252 3825 2322 3895 τῇ
2371 3818 2532 3875 πόλει
2581 3817 2797 3895 ἔλεγον,
2842 3820 2916 3892 μή
2969 3818 3100 3874 εἶναι
3153 3816 3205 3873 ἐν
3257 3820 3327 3890 τῇ
3377 3814 3538 3871 πόλει
3584 3808 3883 3883 τελισκομέ-

2253 3930 2352 3980 νην
2387 3911 2517 3982 (88)’
2550 3906 2633 3963 ὅτι
2664 3905 2715 3980 ἐξ
2772 3904 2947 3962 ἄλλου
2996 3904 3209 3980 χωρίου
3259 3902 3490 3967 ἐλθοῦσα
3538 3902 3683 3975 πρὸς
3732 3896 3883 3977 βραχὺ

2256 3995 2491 4053 ἐκάθισεν
2552 3997 2603 4053 ἐν
2652 4000 2722 4071 τῇ
2766 3994 2934 4070 πύλῃ·
2986 3994 3075 4050 καὶ
3134 3992 3379 4067 ἐνόμιζεν
3425 3993 3558 4063 (89),
3601 3987 3689 4044 ὅτι
3738 3985 3887 4046 οὐδείς
3988 4028 3989 4071 ς

2257 4082 2419 4163 ἔγνω,
2446 4084 2526 4141 ὅτι
2559 4084 2812 4155 εἰσῆλθον
2845 4084 2923 4146 εἷς
2973 4083 3163 4154 αὐτήν.
3194 4081 3293 4136 Καὶ
3347 4081 3481 4154 μετᾶ
3525 4081 3697 4134 ταῦτα
3734 4076 3885 4147 ἤλθο-

2263 4148 2356 4249 μιεν
2390 4148 2466 4238 εἷς
2500 4148 2773 4251 Αἴγυπτον
2805 4173 2943 4248 πρὸς
2975 4148 3175 4246 Ἰωσῆφ
3207 4168 3297 4226 διὰ
3322 4148 3413 4225 τὸν
3447 4166 3634 4241 λιμόν·
3665 4163 3882 4241 μς¹έτῶν

2257 4263 2293 4335 ἤ
2305 4286 2434 4339 μην,
2465 4263 2555 4320 καὶ
2595 4264 2675 4339 ογ⁹
2707 4260 2873 4335 ἔζησα
2902 4261 3013 4317 ἐκεῖ
3041 4259 3158 4331 ἔτη.

2333 4354 2431 4411 lI".
2463 4378 2491 4405 ί(
2526 4352 2623 4408 Καὶ
2651 4356 2742 4407 νῦν
2776 4350 2875 4406 ὅσα
2904 4348 3014 4425 ἐγὼ
3064 4350 3191 4423 ὑμῖν
3248 4342 3597 4420 ἐντέλλομαι,
3625 4342 3885 4412 ἀκούσατε,

2259 4444 2419 4498 τέκνα
2473 4463 2600 4515 μου,
2651 4437 2829 4498 Ἰούδα
2882 4442 2980 4495 τοῦ
3034 4438 3240 4513 πατρὸς
3287 4436 3459 4510 ὑμῶν,
3504 4432 3596 4490 καὶ
3642 4432 3886 4512 φυλάξατε

2261 4532 2462 4593 πάντας
2489 4528 2618 4593 τοὺς
2650 4528 2853 4606 λόγους
2885 4548 3011 4602 μου,
3045 4531 3142 4583 τοῦ
3188 4530 3363 4582 ποιεῖν
3399 4523 3571 4579 πάντα
3597 4523 3666 4579 τά
3699 4520 3887 4578 δικαιώ-

508 4618 810 4676 ficationes
839 4617 1156 4688 Domini,et
1185 4619 1255 4674 ad
1286 4619 1676 4677 obediendum
1707 4621 2001 4679 mandatis
2030 4622 2132 4680 Dei

2268 4641 2410 4696 μετα
2456 4619 2683 4696 Κυρίου,
2731 4617 2823 4673 καὶ
2868 4615 3156 4672 ὑπακούειν
3202 4612 3426 4676 ἐντολὰς
3475 4616 3630 4669 Θεοῦ.
3673 4609 3772 4666 Καὶ
3824 4607 3881 4680 μή

507 4711 578 4763 Et
625 4724 740 4763 non
775 4706 1088 4762 ambuletis
1136 4712 1271 4779 post
1297 4708 1590 4765 desideria
1619 4714 1834 4779 vestra,
1867 4727 2057 4783 neque
2094 4712 2153 4768 in

507 4796 957 4869 cogitationibus
988 4795 1365 4853 consiliorum
1396 4800 1744 4864 vestrorum,
1777 4799 1836 4853 in
1881 4798 2155 4871 superbia

506 4885 699 4943 cordis
727 4883 989 4952 vestri,et
1019 4900 1090 4941 ne
1120 4884 1452 4958 gloriamini
1482 4886 1541 4942 in
1572 4885 1846 4959 operibus
1868 4886 2156 4945 fortitudi-

571 5084 686 5211 ἳ48)
742 5080 815 5137 Οὐ
896 5080 997 5206 vi?
1088 5074 1276 5148 ἤθελεν
1355 5077 1500 5156 ἔχειν
1576 5080 1736 5136 τέκνα
1809 5080 1930 5169 ἀπ’,
1964 5078 2152 5151 αὐτῆς⁸

595 5176 658 5211 γε
722 5154 885 5211 οὗτος
986 5148 1204 5211 πέθανεν
1264 5150 1315 5205 ἐν
1382 5151 1635 5211 πονηρία.
1697 5152 1783 5207 Ἐν
1838 5173 1959 5211 ταις
2014 5150 2152 5211 ἡμέ-

498 5148 681 5231 καίγέ
722 5148 922 5231 οὗτος
948 5148 1204 5231 ἀπέθανεν
1264 5150 1315 5231 ἐν
1346 5148 1651 5231 ,πονηρίᾳκ
1697 5152 1783 5231 :Ev
1838 5156 1975 5231 ςιςςιῖςΔ
2011 5148 2154 5231 fw}-

499 5216 619 5305 ραις
672 5229 771 5305 τος)
826 5221 1077 5305 θαλάμου
1134 5216 1539 5305 ἐπεγάμβρευςᾶ
1593 5216 1736 5305 αὐτῇ.
1792 5223 1890 5305 ’τὸν
1949 5216 2146 5305 Δύναψ

498 5290 658 5386 καίγε
696 5297 871 5386 ὀὗτος
906 5290 1261 5386 ἐν’πρνηρίᾳ’κ
1296 5290 1399 5386 egi
1467 5290 1633 5386 ἔγνωἸ
1680 5290 1868 5386 αὐτὴν2
1921 5296 2155 5377 ποιήσας

500 5364 619 5442 συν’
653 5368 789 5442 αὐτῇ
854 5366 1113 5442 ἐνιαυτόν.
1136 5364 1261 5442 ςιςαὶ
1324 5365 1443 5442 ὅτε-
1478 5364 1755 5442 ἦπείληοςα
1809 5364 1984 5442 αὐτῷΔ
2025 5364 2149 5442 συν-

502 5440 640 5511 ῆλθε
702 5434 815 5515 μένΔ
863 5438 1021 5515 αὐτῇ,
1072 5434 1336 5515 διέφθειρε
1401 5435 1459 5494 δὲ
1502 5434 1574 5494 ’τὸ
1632 5434 1846 5515 σπέρμα
1901 5434 1989 5515 ἐπὶ
2030 5438 2152 5515 ΔῙςήν

505 5507 829 5593 meo
896 5507 1311 5593 .r-a'v..év='om'v.
1363 5517 1465 5580 τῆς
1523 5507 1743 5593 μητρὸς·
2028 5510 2154 5593 ne?

506 5560 907 5641 in'bxoniensi
945 5560 1142 5638 codice
1199 5560 1349 5637 male
1407 5560 1862 5641 sunt‘oini‘ssa:
1922 5586 2153 5639 exstant

508 5672 645 5727 vero
675 5659 734 5713 in
765 5672 831 5711 eo
865 5653 1174 5727 sequentia
1198 5652 1595 5727 {Kalyeoﬁtoc
1645 5654 1902 5727 ἀπέθανεν
1950 5652 2003 5707 ἐν
2051 5673 2153 5709 πο-

508 5726 694 5805 νηρίᾳ,
727 5744 852 5801 quae
884 5724 1430 5798 in’Cantabrigiensi
1460 5727 1692 5786 desunt.
1728 5726 1909 5784 GRAB.

2261 4708 2554 4785 πορεύεσθε
2586 4705 2762 4762 ὀπίσω
2789 4710 2895 4762 τῶν
2925 4703 3227 4778 ἐπιθυμιῶν
3271 4704 3448 4777 ὑμῶν,
3483 4698 3624 4775 μηδὲ
3668 4698 3883 4771 ἐνθυμῆ-

2263 4820 2374 4854 σεσι
2409 4792 2740 4853 διαϐουλίων
2766 4795 2940 4869 ὑμῶν,
2973 4792 3025 4849 ἐν
3060 4792 3397 4870 ὑπερηφανίᾳ
3458 4786 3684 4866 καρδίας
3737 4788 3881 4861 ὑμῶν.

2259 4887 2350 4945 καὶ
2413 4887 2491 4962 μὴ
2539 4886 2811 4961 καυχᾶσθε
2857 4882 2909 4941 ἐν
2960 4881 3141 4962 ἔργοις
3192 4880 3383 4958 ἰσχύος
3429 4878 3688 4951 νεότητος
3736 4876 3880 4951 ὑμῶν,

2332 5084 2447 5154 (85)
2480 5082 2721 5154 Corruit.
2754 5081 2817 5137 In
2848 5078 3065 5147 Graeco,
3095 5078 3365 5154 corrupit,
3393 5076 3477 5131 Io.

2334 5085 2426 5154 (85
2480 5085 2721 5139 Corruit.
2754 5085 2817 5137 In
2848 5085 3065 5147 Graeco,
3095 5085 3361 5151 corrupit.
3398 5085 3477 5131 lo.

2479 5151 2768 5226 Νεότητος.
2801 5155 3003 5226 Ψυχῆς
3030 5148 3121 5204 καὶ
3149 5154 3249 5218 τῆς
3279 5146 3556 5226 νεότητος.
3592 5144 3678 5226 Ῑ-ῡ.

2355 5223 2449 5289 87)
2476 5228 2605 5282 Post
2634 5217 2727 5281 hos
2755 5217 2940 5279 anteiri
2961 5217 3260 5289 sermones.
3295 5220 3565 5289 Posthac.
3607 5217 3695 5289 In.

2355 5228 2449 5289 87)
2476 5228 2605 5282 Post
2634 5228 2727 5281 hos
2755 5231 2940 5279 autem
2967 5237 3260 5278 sermones.
3295 5228 3565 5277 Posthac.
3607 5228 3695 5273 lo.

2334 5228 2652 5369 3882116169
2687 5290 3111 5369 σιςελισκομένηνἱ
3158 5288 3313 5365 Πύλῃ
3352 5286 3767 5369 τελωνουμένην
3805 5284 3873 5365 in.

2262 5358 2753 5442 -’Τελισκομ.ένη,
2787 5358 3050 5442 non'est'
3075 5358 3439 5442 desponjata,‘
3468 5366 3534 5442 u_t
3579 5358 3765 5442 reddit
3802 5358 3877 5442 in:

2262 5444 2487 5513 terpres
2525 5424 2759 5513 Latine,
2811 5437 2910 5493 sed
2961 5424 3220 5513 scortum.
3252 5424 3444 5513 Semel
3493 5430 3706 5513 legitur
3733 5429 3797 5513 in
3826 5424 3873 5513 Β,

2264 5499 2475 5599 script.
2507 5511 2578 5567 de
2609 5499 2801 5599 scorto
2832 5507 3113 5599 masculo:
3143 5507 3381 5593 Denter.
3413 5499 3578 5599 ξιιμ,
3607 5501 3691 5599 L8,
3718 5499 3869 5599 Alex:

2264 5581 2363 5637 οὐκ
2391 5573 2534 5637 ἔσται
2577 5578 2962 5652 τελισκόμενος
3011 5578 3150 5652 πρὸς
3173 5582 3343 5652 πᾷσαν
3379 5575 3575 5651 εὐχήν.
3606 5573 3808 5631 DBACH.

2334 5654 2447 5728 (89)
2476 5652 2574 5708 Καὶ
2606 5650 2877 5725 ἐνομιζεν.
2910 5650 3187 5724 Νομίζων.
3220 5650 3407 5709 GBAB.
