4008 6350
147 472 296 536 1077

1393 468 1995 536 TESTAMENTUM
2035 470 2282 536 JUDE.

3394 475 3550 545 1078

140 602 223 659 ὅτι
252 600 403 680 καίγε
429 604 590 659 τοῦτο
618 600 857 681 πονηρὼ
889 600 941 659 έν
979 602 1286 683 ὀφθαλμοῖς
1317 602 1537 680 Κυρίου.
1563 599 1782 669 Ἐπειδὴ

1901 603 1991 659 nis
2014 605 2342 675 juventutis
2374 610 2596 674 vestrae,
2632 608 2909 679 quoniam
2939 612 2998 665 et
3026 608 3136 666 hoc
3157 612 3246 667 est
3266 612 3549 684 pernicio-

138 694 242 769 γὰρ
286 692 439 769 κάγὼ
488 691 929 769 καυχησάμενος,
962 691 1043 748 ὅτι
1088 691 1139 749 έν
1186 692 1457 768 πολέμοις
1510 693 1609 748 οὐκ
1650 690 1789 761 ἡπά-

138 783 268 852 τησέ
336 804 404 856 με
469 782 760 860 πρόσωπον
829 782 1081 860 γυναικὸς
1155 782 1455 862 εὐμόρφου,
1514 778 1784 850 ὠνείδιζον

131 866 379 946 Ῥουϐἠμ
406 872 498 927 τὸν
531 869 763 950 ἀδελφόν
798 892 901 945 μου
952 870 1075 947 περὶ
1127 870 1342 935 Βαλλας
1389 870 1636 947 γυναικὸς
1682 889 1787 924 πα-

130 961 262 1036 τρός
298 980 420 1035 μουσ
453 961 542 1016 καὶ
571 961 634 1016 τὸ
662 965 874 1035 πνεῦμα
901 964 997 1016 τοῦ
1032 960 1203 1031 ζήλου
1250 961 1339 1016 καὶ
1382 967 1482 1030 τῆς
1531 956 1785 1034 πορνείας

133 1049 464 1124 παρετάξατο
516 1048 568 1106 έν
616 1048 761 1124 ἐμοί,
809 1046 914 1113 ἕως
968 1051 1228 1105 συνέπεσα
1267 1049 1344 1113 εἴς
1394 1048 1632 1120 Βησσουὶ
1685 1048 1786 1117 τὴν

132 1138 457 1211 Χαναναίαν,
509 1140 598 1195 καὶ
661 1138 737 1203 εἷς
796 1137 984 1216 Θάμαρ
1049 1141 1150 1209 τὴν
1211 1143 1601 1218 νυμφευθεῖσαν
1667 1141 1784 1198 τοῖς

130 1230 274 1293 υἱοῖς
326 1251 450 1303 μου.
485 1231 583 1284 Καὶ
631 1226 819 1305 ἔλεγον
863 1233 944 1301 τῷ
988 1225 1229 1305 πενθερῷ
1281 1246 1405 1301 μου’
1456 1251 1485 1280 ‹‹
1530 1220 1782 1301 Συμϐου-

128 1318 310 1375 λεύσω
350 1317 430 1392 τῷ
476 1318 640 1395 πατρί
691 1340 816 1392 μου,
847 1318 936 1373 καὶ
986 1316 1159 1380 οὕτως
1190 1315 1444 1391 λήψομαι
1481 1317 1581 1385 τήν
1624 1316 1783 1391 θυγα-

128 1408 257 1483 τέρα
286 1429 404 1467 σου.
438 1431 468 1459 ››
498 1409 598 1463 Καὶ
628 1405 794 1478 ἔδειξέ
839 1428 931 1480 μοι
968 1405 1049 1461 ἐπ’
1096 1405 1320 1480 ὀνόματι
1367 1413 1467 1476 τῆς
1517 1404 1779 1480 θυγατρὸς

130 1497 295 1552 αὐτοῦ
325 1500 534 1573 χρυσοῦ
572 1495 786 1566 πλῆθος
834 1497 1076 1570 ἄπειρονυ
1110 1496 1176 1566 ἦν
1224 1495 1324 1572 γὰρ
1373 1493 1646 1570 βασιλεύς.
1681 1493 1780 1547 Kal

129 1586 295 1656 αὐτὴν
326 1588 612 1660 κοσμήσας
641 1584 692 1640 ἐν
724 1583 940 1660 χρυσίῳ
976 1584 1065 1641 καὶ
1118 1583 1496 1661 μαργαρίταις,
1528 1581 1777 1653 ἐποίησεν

127 1678 261 1750 ἡμῖν
297 1674 569 1751 οἰνοχοεῖν
602 1675 653 1730 έν
682 1679 763 1747 τῷ
792 1672 1014 1747 δείπνῳ,
1046 1673 1097 1729 έν
1129 1673 1327 1729 κάλλει
1353 1676 1640 1750 γυναικῶν.
1680 1670 1777 1725 Καὶ

128 1764 156 1820 6
205 1764 353 1827 οἶνος
403 1762 678 1840 διέστρεψέ
729 1784 821 1837 μοι
885 1763 1015 1827 τοὺς
1046 1760 1388 1842 ὀφθαλμὸὺς,
1438 1761 1529 1817 καὶ
1596 1758 1778 1834 ἠμαύ-

128 1873 267 1929 ρωσε
314 1854 415 1923 τὴν
463 1850 682 1927 καρδίαν
733 1874 837 1927 μοο
868 1854 904 1923 ἠ
935 1850 1133 1923 ἡδονή,
1167 1851 1265 1907 Καὶ
1316 1850 1553 1928 ἐρασθεὶς
1610 1849 1777 1919 αὐτῆς

1898 710 2029 748 sum
2063 694 2122 748 in
2153 693 2339 751 oculis
2368 695 2621 752 Domini.
2654 696 2799 763 Quia
2828 698 2985 754 enim
3017 703 3073 754 et
3102 715 3208 771 ego
3259 701 3543 774 gloriatus

1896 798 2050 851 sum,
2073 785 2222 852 quod
2250 784 2307 839 in
2340 784 2509 841 bellis
2539 803 2654 841 non
2687 785 2913 858 decepit
2945 804 3037 842 me
3070 788 3245 845 facies
3278 790 3545 849 mulieris

1896 872 2184 938 formosas,
2218 874 2425 943 probro
2458 874 2621 930 affeci
2663 875 2867 931 Ruben
2927 877 3165 933 fratrem
3215 895 3413 934 meum
3469 881 3543 938 de

1894 959 2057 1017 Balla
2088 978 2263 1017 uxore
2294 962 2474 1033 patris
2506 961 2657 1019 mei:
2690 968 2746 1018 et
2774 964 3017 1035 spiritus
3046 965 3153 1021 zeli
3183 971 3238 1023 et
3286 968 3543 1025 fornica-

1892 1048 2070 1105 tionis
2102 1051 2365 1106 constitit
2392 1050 2451 1105 in
2487 1067 2598 1123 me,
2631 1053 2813 1109 donec
2842 1052 3020 1109 incidi
3052 1054 3108 1110 in
3142 1057 3357 1112 Bessus
3387 1057 3541 1113 Cha-

1893 1154 2178 1211 nauseam,
2211 1142 2268 1194 et
2297 1138 2353 1193 in
2385 1139 2641 1195 Thamar
2670 1145 2913 1213 nuptam
2943 1142 3081 1199 filiis
3112 1144 3277 1200 meis.
3297 1146 3366 1201 Et
3386 1146 3541 1202 dice-

1892 1226 2027 1283 bam
2089 1244 2287 1284 socero
2318 1243 2486 1284 meo:
2548 1230 2915 1286 Persuadebo
2972 1232 3122 1303 patri
3180 1250 3329 1303 meo,
3365 1238 3423 1290 et
3461 1235 3542 1291 ita

1892 1316 2174 1387 accipiam
2208 1315 2388 1371 ﬁliam
2411 1319 2595 1373 tuam.
2619 1318 2688 1373 Et
2707 1318 2965 1375 ostendit
2984 1320 3125 1376 mihi
3151 1323 3385 1379 nomine
3407 1323 3538 1379 ﬁlias

1891 1422 2010 1462 sua:
2042 1405 2166 1460 auri
2190 1404 2628 1461 multitudinem
2651 1406 2941 1463 inﬁnitam
2969 1435 2983 1477 ;
3005 1414 3129 1465 erat
3149 1412 3304 1466 enim
3329 1429 3447 1468 rex.
3474 1414 3541 1469 Et

1890 1509 2023 1550 cum
2056 1498 2322 1550 ornasset
2350 1510 2477 1550 eam
2510 1512 2651 1551 auro
2681 1500 2738 1551 et
2777 1498 3131 1570 margaritis,
3191 1500 3322 1556 fecit
3369 1502 3539 1559 nobis

1887 1582 2090 1640 vinum
2122 1583 2341 1638 effundi
2374 1582 2433 1637 in
2457 1583 2715 1652 caana,in
2739 1584 3173 1656 pulchritudine
3196 1588 3536 1648 mulierum.

1887 1672 1957 1727 Et
1985 1671 2185 1727 vinum
2218 1672 2491 1743 pervertit
2521 1672 2721 1728 oculos
2753 1689 2935 1740 meos,
2968 1678 3024 1729 et
3049 1676 3385 1734 obscuravit
3440 1696 3541 1736 cor

1889 1776 2083 1816 meum
2129 1759 2418 1832 voluptas.
2484 1760 2552 1816 Et
2607 1760 2951 1818 desiderans
3005 1780 3134 1819 eam
3192 1767 3437 1836 concidi,
3483 1772 3541 1825 et

1886 1852 2293 1922 transgressus
2326 1865 2459 1904 sum
2492 1850 2838 1906 mandatum
2857 1851 3089 1907 Domini
3112 1858 3168 1909 et
3190 1856 3535 1912 mandatum

124 1940 407 2017 συνέπεσα,
436 1941 526 1997 καὶ
575 1937 817 2019 παρέϐην
868 1939 1094 2011 ἐντολὴν
1143 1938 1374 2017 Κυρίου,
1411 1938 1501 1995 καὶ
1548 1936 1774 2007 ἐντολὴν

1896 1942 2121 2010 patrum
2153 1953 2438 2005 meorum,
2467 1942 2523 1994 et
2551 1938 2743 2010 accepi
2776 1955 2905 1995 eam
2938 1941 2997 1996 in
3033 1959 3291 2000 uxorem.
3325 1945 3395 2000 Et
3444 1962 3536 2002 se-

122 2030 372 2108 πατέρων
427 2052 557 2105 μου,
605 2032 695 2087 καὶ
757 2025 953 2087 ἔλαϐον
1020 2029 1187 2100 αὐτ-ἧν
1258 2029 1334 2092 εἷς
1385 2033 1627 2105 γυναῖκα.
1678 2028 1777 2083 Καὶ

1896 2027 2149 2082 cundum
2180 2026 2491 2083 consilium
2524 2027 2716 2083 cordis
2748 2029 2859 2084 mei
2892 2029 3160 2087 retribuit
3180 2032 3323 2088 mihi
3344 2033 3536 2090 Domi-

122 2117 471 2175 ἀνταπέδωκέ
503 2140 597 2193 μοι
627 2118 825 2195 Κύριος
852 2119 988 2175 κατᾶ
1023 2118 1087 2174 τὸ
1137 2112 1454 2173 διαϐούλιον
1498 2122 1600 2186 τῆς
1644 2135 1776 2192 καρ-

125 2206 240 2271 δίας
274 2230 402 2283 μου,
434 2207 516 2264 ὅτι
550 2207 649 2265 οὐκ
687 2206 988 2287 εύφράνθην
1024 2205 1075 2264 ἒν
1096 2211 1215 2270 τοῖς
1244 2205 1449 2269 τέκνοις
1480 2204 1669 2276 αὐτῆς.

192 2298 292 2354 ΙΔ’.
327 2322 357 2352 ‹‹
390 2297 488 2354 Kal
547 2295 659 2367 νῦν,
698 2297 859 2353 τέκνα
909 2318 1036 2370 μου,
1088 2297 1164 2370 μὴ
1239 2294 1561 2370 μεθύσκεσθε
1621 2289 1775 2368 οἴνῳο

122 2386 203 2444 ὅτι
235 2387 381 2450 οἶνος
429 2385 734 2464 διαστρέφει
779 2387 872 2442 τὸν
919 2389 1043 2441 νοῦν
1092 2386 1198 2441 ἀπὸ
1246 2391 1348 2454 τῆς
1380 2382 1657 2456 ἀληθείας,
1687 2382 1778 2438 καὶ

124 2471 393 2551 ἐμϐάλλει
442 2476 612 2551 ὀργὴν
646 2477 758 2549 (90)
790 2472 1101 2547 ἐπιθυμίας,
1132 2473 1222 2529 καὶ
1270 2471 1465 2548 ὁδηγεῖ
1512 2470 1587 2534 εἰς
1636 2469 1779 2527 πλά-

122 2588 220 2636 νην
267 2565 396 2628 τους
447 2564 792 2641 ὀφθαλμούς.
842 2563 913 2619 Τὸ
961 2562 1066 2639 γὰρ
1114 2566 1330 2635 πνεῦμα
1375 2568 1477 2631 τῆς
1522 2559 1777 2638 πορνείας

124 2656 213 2710 τὸν
266 2654 435 2723 οἶνον,
487 2653 561 2716 ὡς
628 2652 875 2709 διάκονον
925 2652 1063 2728 πρὸς
1108 2651 1206 2713 τὰς
1257 2647 1455 2721 ἡδονὰς
1515 2646 1631 2724 ἔχει
1680 2651 1780 2703 τοῦ

125 2743 267 2805 νοός·
303 2741 388 2798 ὅτι
438 2741 595 2817 καίγε
639 2744 707 2797 τὰ
750 2740 845 2797 δύο
894 2745 1060 2796 ταῦτα
1100 2741 1361 2818 ἆφιστῶσι
1389 2739 1490 2807 τήν
1552 2735 1777 2811 δύναμιν

123 2830 221 2887 τοῦ
250 2832 559 2907 ἀνθρώπου.
593 2832 716 2886 Ἐὰν
765 2829 865 2907 γάρ
912 2850 995 2892 τις
1041 2828 1138 2903 πίῃ
1185 2828 1330 2883 οἶνον
1378 2826 1454 2890 εἷς
1510 2825 1698 2900 μέθην,
1730 2824 1782 2880 έν

132 2920 510 2997 διαλογισμοῖς
598 2919 858 2997 ῥυπαροῖς
942 2917 1288 2994 συνταράσσει
1354 2918 1446 2972 τὸν
1510 2918 1636 2970 νοῦν
1702 2912 1778 2977 εἲς

134 3009 405 3085 πορνείαν,
433 3008 522 3064 καὶ
565 3009 900 3083 ἐκθερμαίνει
944 3008 1008 3063 τὸ
1057 3011 1214 3080 σῶμα
1263 3004 1339 3068 εἷς
1393 3004 1554 3077 μίξιν·
1594 3002 1684 3058 καὶ
1732 3003 1779 3057 εί

136 3098 355 3174 πάρεστι
396 3097 461 3153 τὸ
489 3104 588 3167 τῆς
618 3096 904 3171 ἐπιθυμίας
960 3092 1154 3164 αἶ’τιον,
1186 3092 1412 3169 πράσσει
1459 3093 1559 3161 τήν
1610 3092 1780 3166 ἁμαρ-

132 3185 245 3242 τίαν
272 3189 406 3261 (91),
437 3185 525 3241 καὶ
558 3185 658 3241 οὐκ
703 3183 1037 3260 αἰσχύνεται.
1068 3181 1327 3245 Τοιοῦτός
1378 3183 1518 3236 ἐστιν
1550 3181 1579 3235 6
1609 3179 1777 3251 οἶνος,

130 3275 287 3331 τέκνα
339 3296 465 3348 μου,
510 3273 593 3330 ὅτι
643 3276 670 3331 6
722 3273 929 3347 μεθύων
980 3269 1132 3328 οὐδὲν
1187 3268 1435 3327 αἰδεῖται.
1489 3266 1629 3327 Ἰδοὺ
1673 3267 1777 3345 γὰρ

132 3366 271 3438 κάμὲ
301 3331 595 3437 ἐπλάνησε,
631 3331 1088 3439 μήιαῖσχυνθῆναι
1121 3360 1331 3430 πλῆθος
1381 3358 1433 3414 ἐν
1480 3361 1550 3433 τῇ
1598 3331 1779 3413 πόλείο
1813 3331 1858 3400 c

133 3452 213 3510 ὅτι
247 3453 297 3509 ἐν
336 3451 645 3532 ὀφθαλμοῖς
683 3451 894 3507 πάντων
944 3448 1188 3521 ἐξέκλινα
1237 3448 1373 3525 πρὸς
1418 3448 1517 3517 τήν
1568 3445 1779 3522 Θάμαρ,

130 3544 218 3598 καὶ
267 3542 499 3612 ἐποίησα
546 3540 807 3619 ἁμαρτίαν
861 3537 1129 3617 μεγάλην,
1183 3536 1272 3593 καὶ
1338 3534 1649 3610 ἀνεκάλυψα
1693 3532 1783 3589 κά-

133 3631 329 3707 λυμμα
354 3630 678 3708 ἀκαθαρσίας
708 3631 835 3685 υίῖυν
877 3650 1002 3702 μου.
1038 3626 1184 3683 ῘΙιὼν
1232 3625 1398 3696 οἶνον,
1435 3624 1534 3679 οὐκ
1579 3621 1785 3699 ἠσχύν-

138 3734 233 3793 θην
264 3722 364 3791 τὴν
400 3718 628 3789 ἐντολὴν
659 3722 758 3774 τοῦ
788 3721 944 3790 Θεοῦ,
976 3716 1063 3772 καὶ
1098 3709 1295 3771 ἔλαϐον
1343 3716 1568 3791 γυναῖκα
1618 3718 1789 3767 Χανα-

133 3810 302 3867 ναίαν.
338 3808 615 3870 Συνέσεως
642 3808 747 3885 γὰρ
778 3805 976 3884 χρῄζει
1007 3806 1036 3860 6
1066 3804 1206 3860 πιὼν
1241 3803 1408 3870 οἶνον,
1439 3802 1599 3857 τέκνα
1657 3819 1782 3873 μου·

133 3900 221 3954 καὶ
249 3898 382 3971 αὕτη
419 3896 558 3953 ἐστὶν
588 3899 623 3967 ἡ
657 3896 867 3957 σύνεσις
896 3899 998 3963 τῆς
1032 3889 1361 3964 οἷνοποσίας,
1386 3888 1479 3945 ’ίνα
1504 3885 1611 3952 ἕως
1659 3887 1785 3943 ὅτου

136 3984 249 4063 ἔχει
281 3985 441 4056 αἷδὼ,
472 3985 589 4061 πίῃ·
625 3984 713 4040 ἐὰν
748 3981 805 4039 δὲ
850 3980 1094 4059 παρέλθῃ
1138 3981 1229 4037 τὸν
1280 3980 1407 4056 ὅρον
1448 3982 1663 4047 τοῦτον,
1696 3976 1789 4051 ἐμ-

137 4071 332 4131 ϐάλλει
362 4075 438 4138 εἷς
464 4074 557 4129 τὸν
593 4077 714 4128 νοῦν
745 4072 809 4128 τὸ
835 4074 1050 4145 πνεῦμα
1089 4076 1190 4140 τῆς
1237 4068 1473 4139 πλάνης,
1502 4067 1593 4122 καὶ
1638 4070 1789 4121 ποιεῖ

134 4164 223 4220 τὸν
274 4164 500 4239 μέθυσον
566 4160 1089 4238 αἱσχρορῥημονεῖν,
1137 4158 1228 4214 καὶ
1292 4161 1648 4232 παρανομεῖν,
1696 4154 1787 4211 καὶ

140 4256 213 4326 μὴ
266 4252 635 4329 αἷσχύνεσθαι,
667 4248 793 4306 ἀλλ’
842 4247 1203 4327 ἐγκωχΞσθαι
1252 4249 1321 4321 τῇ
1372 4244 1586 4320 ἀτιμίᾳ,
1634 4241 1791 4318 νομί-

144 4348 299 4411 ζοντα
328 4341 462 4397 εἶναι
491 4338 680 4397 καλόν.

210 4435 311 4489 ΙΕ’.
346 4454 375 4483 ιι
415 4430 474 4486 ⁸0
519 4428 822 4505 πορνεύων,
869 4424 960 4482 καί
1034 4422 1407 4502 γυμνούμενος
1469 4428 1571 4492 τῆς
1643 4421 1793 4497 βασι-

140 4518 288 4582 λείας
320 4521 455 4590 (92),
487 4515 760 4594 ἐξέρχεται
794 4518 931 4589 (93),
962 4512 1262 4578 δουλωθεὶς
1317 4515 1387 4587 τῇ
1437 4510 1682 4587 πορνείᾳ,
1712 4510 1788 4566 ὡς

140 4607 288 4685 κάγὼ
317 4605 648 4684 γυμνωθείς.
676 4602 894 4661 Ἔδωκα
920 4605 1021 4680 γὰρ
1069 4603 1169 4672 τήν
1222 4594 1418 4677 ῥάϐδον
1471 4621 1597 4675 μου,
1628 4620 1786 4654 τουτ-

1889 2131 2002 2172 nus
2033 2116 2310 2188 quoniam
2342 2132 2457 2172 non
2489 2115 2717 2172 laatatus
2746 2134 2878 2173 sum
2911 2118 2971 2174 in
3002 2118 3139 2177 ﬁliis
3167 2122 3315 2193 ejus.

1959 2294 2097 2350 XIV.
2129 2317 2157 2345 «
2191 2295 2263 2350 Et
2293 2311 2469 2367 nunc,
2506 2294 2608 2350 ﬁlii
2642 2295 2778 2364 mei,
2826 2311 2899 2352 ne
2948 2297 3316 2354 inebriemini
3359 2300 3535 2371 vino;

1888 2384 2165 2456 quoniam
2205 2384 2405 2440 vinum
2457 2384 2665 2441 avertit
2714 2384 3074 2442 intellectum
3107 2404 3142 2444 a
3170 2389 3429 2456 veritate,
3483 2395 3541 2447 et

1888 2473 2094 2529 imittit
2122 2473 2269 2529 iram
2302 2472 2601 2541 desiderii,
2645 2477 2703 2528 et
2731 2474 2891 2530 ducit
2918 2474 2976 2530 in
3008 2492 3263 2532 errorem
3314 2478 3537 2537 oculos.

1888 2562 2145 2634 Spiritus
2177 2561 2333 2618 enim
2366 2561 2765 2618 fornicationis
2791 2562 2991 2619 vinum
3017 2569 3083 2620 ut
3102 2565 3439 2623 ministrum
3464 2568 3537 2624 ad

1887 2651 2216 2723 voluptates
2246 2650 2421 2706 habet
2452 2651 2665 2707 mentis
2693 2669 2707 2719 ;
2742 2652 3018 2723 quoniam
3050 2657 3105 2709 et
3137 2655 3251 2711 duo
3277 2656 3397 2712 hac
3432 2675 3538 2713 au-

1888 2740 2083 2796 ferunt
2111 2740 2430 2812 potentiam
2463 2739 2747 2796 hominis.
2780 2741 2835 2795 Si
2865 2741 3021 2797 enim
3064 2742 3276 2815 aliquis
3326 2745 3542 2803 biberit

1886 2829 2089 2885 vinum
2118 2828 2178 2884 in
2211 2829 2576 2900 ebrietatem,
2619 2829 3069 2901 cogitationibus
3100 2833 3354 2891 sordidis
3405 2851 3540 2891 con-

1888 2918 2088 2974 turbat
2107 2916 2465 2973 intellectum
2497 2918 2557 2973 in
2576 2918 3110 2986 fornicationem,et
3131 2921 3394 2978 accendit
3416 2940 3539 2979 cor-

1888 3024 2000 3080 pus
2030 3007 2103 3062 ad
2134 3007 2470 3063 mistionem
2498 3024 2512 3076 ;
2546 3011 2604 3063 et
2622 3007 2669 3064 si
2695 3009 2861 3064 adest
2886 3009 3161 3065 desiderii
3184 3027 3381 3082 causa,
3406 3029 3539 3084 ope-

1886 3100 2054 3152 ratur
2081 3100 2407 3168 peccatum,
2431 3100 2488 3152 et
2509 3113 2623 3153 non
2645 3098 3008 3154 suffunditur
3026 3100 3265 3171 pudore.
3290 3100 3428 3156 Tale
3450 3105 3542 3157 est

1887 3184 2112 3252 vinum,
2141 3183 2245 3239 ﬁlii
2281 3185 2418 3254 mei,
2451 3185 2727 3256 quoniam
2786 3185 2983 3242 ebrius
3028 3186 3175 3242 nihil
3223 3189 3533 3245 erubescit.

1893 3274 2035 3330 Ecce
2061 3274 2218 3329 enim
2245 3277 2301 3329 et
2332 3290 2424 3329 me
2452 3289 2643 3329 errare
2670 3274 2825 3345 fecit,
2859 3278 2924 3330 ut
2965 3291 3081 3331 non
3132 3276 3536 3333 erubescerem

1896 3364 1968 3420 ob
1992 3362 2432 3418 multitudinem
2452 3362 2511 3417 in
2529 3362 2758 3419 civitate
2781 3381 2795 3433 ;
2818 3364 3096 3435 quoniam
3118 3363 3177 3419 in
3200 3364 3385 3421 oculis
3411 3382 3538 3422 om-

1892 3451 2055 3508 nium
2087 3450 2371 3506 declinavi
2404 3451 2476 3507 ad
2508 3452 2784 3521 Thamar,
2818 3457 2876 3508 et
2905 3451 3011 3508 feci
3062 3457 3365 3525 peccatum
3416 3470 3540 3511 ma-

1890 3558 2095 3615 gnum,
2125 3544 2183 3596 et
2241 3539 2484 3596 revelavl
2534 3538 2799 3597 velamen
2848 3541 3235 3598 immunditiis
3284 3541 3538 3599 ﬁliorum

1894 3646 2177 3687 meorum.
2210 3629 2356 3686 Cum
2388 3628 2648 3684 biberem
2678 3630 2907 3699 vinum,
2948 3647 3064 3686 non
3113 3633 3540 3689 verecundatus

1894 3737 2026 3777 sum
2046 3719 2385 3776 mandatum
2406 3718 2529 3785 Dei,
2562 3723 2617 3775 et
2640 3719 2833 3791 accepi
2858 3735 3097 3775 uxorem
3127 3719 3538 3777 Chananaeam.

1893 3810 2131 3881 Propter
2160 3809 2314 3880 quod
2350 3806 2646 3864 intellectu
2679 3825 2827 3880 opus
2857 3807 3054 3876 habet,
3114 3809 3209 3878 qui
3264 3810 3414 3865 bibit
3456 3810 3544 3864 vi-

1894 3914 2059 3965 num,
2094 3896 2198 3952 ﬁlii
2228 3897 2341 3953 mei
2366 3914 2379 3965 ;
2411 3902 2468 3952 et
2497 3897 2547 3952 is
2579 3900 2670 3953 est
2698 3896 3028 3954 intellectus
3058 3897 3176 3953 vini
3204 3899 3541 3969 potationis,

1897 3991 1961 4043 ut
1989 3986 2249 4058 quandiu
2284 3985 2459 4041 habet
2504 3987 2992 4055 erubescentiam,
3050 3987 3248 4055 bibat;
3310 3987 3358 4043 si
3407 4002 3542 4043 vero

1893 4080 2156 4132 transeat
2170 4074 2487 4130 terminum
2503 4074 2679 4142 hunc,
2705 4075 2969 4130 immittit
2980 4074 3037 4129 in
3054 4074 3413 4131 intellectum
3427 4074 3542 4148 spi-

1896 4166 2079 4222 ritum
2110 4162 2342 4232 erroris,
2376 4164 2475 4235 qui
2509 4163 2644 4218 facit
2669 4163 2894 4218 ebrium
2924 4162 3121 4235 turpia
3150 4163 3330 4236 loqui,
3355 4168 3412 4220 et
3432 4164 3543 4219 ini-

1898 4271 2015 4328 qua
2043 4268 2232 4326 agere,
2264 4257 2322 4307 et
2351 4269 2467 4307 non
2498 4251 2905 4321 verecundari,
2948 4252 3050 4308 sed
3089 4256 3148 4308 et
3195 4252 3434 4325 gloriari
3481 4252 3545 4309 in

1897 4341 2244 4416 ignominia,
2275 4340 2644 4397 existimante
2659 4356 2849 4396 messe
2893 4339 3136 4396 bonum.

1968 4430 2088 4487 XV.
2125 4453 2146 4480 ι
2178 4429 2286 4495 Qui
2317 4428 2653 4497 fornicatur,
2687 4432 2744 4485 et
2769 4430 3028 4485 nudatus
3069 4445 3265 4503 regno,
3317 4429 3543 4502 egredi-

1897 4525 2015 4589 tur,
2042 4536 2243 4575 servus
2273 4520 2509 4574 effectus
2541 4517 2927 4585 fornicationi,
2960 4516 3116 4573 sicut
3145 4523 3203 4574 et
3230 4533 3333 4591 ege
3356 4519 3547 4573 nuda-

1897 4613 1995 4665 tus
2026 4624 2181 4663 sum.
2213 4605 2357 4663 Dedi
2389 4605 2546 4660 enim
2572 4603 2753 4677 (aliis)
2778 4604 3004 4677 virgam
3036 4620 3252 4673 meam,
3284 4604 3393 4660 hoc
3433 4607 3547 4674 est,

142 4696 275 4769 έστι,
317 4696 382 4753 τὸ
425 4696 705 4772 στήριγμα
749 4699 850 4763 τῆς
900 4691 1038 4766 έμῆς
1085 4690 1282 4769 φυλῆς·
1316 4688 1406 4745 καὶ
1451 4689 1552 4758 τήν
1605 4688 1781 4758 ζώνην

1896 4697 2330 4753 ﬁrmamentum
2354 4709 2495 4749 meae
2516 4693 2706 4748 tribus
2728 4710 2742 4761 ;
2765 4698 2823 4749 et
2841 4710 3048 4749 zonam
3073 4710 3285 4759 meam,
3304 4692 3412 4749 hoc
3433 4697 3544 4763 est,

148 4806 273 4859 μου,
330 4782 597 4854 τουτέστι,
645 4780 891 4855 δύναμινο
946 4779 1035 4836 καὶ
1102 4780 1166 4836 τὸ
1214 4775 1477 4851 διάδημα,
1525 4775 1790 4845 τουτέστι,

142 4876 240 4945 τὴν
292 4871 450 4948 δόξαν
498 4875 598 4942 τῆς
652 4868 928 4949 βασιλείας
963 4889 1088 4943 μου.
1119 4865 1285 4942 Καίγε
1331 4867 1663 4939 μετανοήσας
1703 4864 1793 4921 ἐπὶ

140 4962 377 5034 τούτοις,
403 4962 547 5019 οἶνον
577 4958 667 5016 καὶ
706 4957 867 5035 κρέας
898 4957 997 5013 οὐκ
1025 4950 1221 5012 ἔλαϐον
1240 4952 1345 5018 ἓως
1366 4957 1563 5031 γῆρας,
1581 4954 1669 5009 καὶ
1698 4959 1795 5009 πᾶ-

145 5073 237 5108 σαν
265 5050 599 5132 εὐφροσύνην
651 5049 752 5105 οὐκ
797 5045 961 5105 εἶδον.
997 5044 1091 5100 Kal
1151 5041 1321 5132 ἔδειξέ
1374 5044 1529 5132 μοι.ᾼὸ
1560 5040 1795 5119 ἄγγελος

142 5145 238 5197 τοῦ
266 5130 422 5212 Θεοῦ,
447 5138 530 5195 ὅτι
559 5136 667 5201 ἓως
696 5140 792 5193 τοῦ
823 5132 1151 5208 αἱῶνος,κᾶν
1184 5131 1417 5210 βασιλεῖ,
1430 5130 1527 5187 κᾶν
1558 5132 1795 5209 πτωχῷ,

146 5231 201 5285 αἱ
255 5233 507 5306 γυναῖκες
556 5224 1054 5301 κατακυριεύσουσι,
1102 5222 1193 5278 καὶ
1232 5224 1331 5276 τοῦ
1382 5222 1476 5295 μὲν
1525 5218 1793 5297 βασιλέως

145 5317 332 5396 ἆροῦσι
377 5319 478 5388 τὴν
530 5314 708 5388 δόξαν,
738 5318 835 5369 τοῦ
886 5309 945 5368 δὲ
990 5308 1237 5385 ἀνδρείου
1282 5311 1382 5380 τὴν
1424 5308 1674 5384 δύναμιν,
1704 5308 1795 5365 καὶ

146 5412 242 5464 τοῦ
295 5411 528 5484 πτωχοῦ
580 5406 645 5462 τὸ
698 5406 796 5473 τῆς
841 5399 1117 5477 πτωχείας
1164 5397 1473 5513 ἐλάχιστον⁴
1495 5401 1794 5476 στήριγμα.

155 5658 199 5715 G
220 5587 331 5661 (90)
368 5585 595 5662 Ὀργήν.
628 5582 909 5655 Suspicor
936 5579 1250 5654 legendum
1285 5577 1487 5653 ὁρμήν,
1514 5580 1797 5652 impetum,

204 5676 336 5715 ass.

204 5676 336 5716 ΕΔΒ.

223 5731 339 5803 (91)
361 5726 676 5803 ’Δμαρτίαν.
711 5720 1149 5803 ’ξίπιθυμίανῌω⁸

225 5732 311 5787 (91
361 5731 676 5803 ’Δμαρτίαν.
711 5731 1032 5796 Ἐπιθυμιαν
1064 5731 1149 5780 ID.

225 5731 343 5877 (92)
368 5799 469 5858 Kal
532 5794 909 5876 γυμνούμενος
990 5799 1090 5865 τῆς
1176 5789 1476 5871 βασιλείας.
1552 5788 1798 5866 Ζημιού-

1902 4786 2222 4859 potentiam
2249 4802 2262 4853 ;
2294 4786 2353 4839 et
2382 4782 2672 4850 diadema,
2707 4781 2816 4838 hoc
2845 4787 2933 4838 est
2952 4781 3199 4854 gloriam
3220 4781 3382 4855 regni
3406 4783 3546 4838 mei.

1902 4876 1974 4930 Et
2000 4872 2285 4947 pmnitens
2309 4873 2379 4928 de
2406 4871 2521 4943 his,
2555 4872 2756 4927 vinum
2787 4874 2844 4926 et
2874 4887 3082 4927 carnes
3112 4888 3227 4927 non
3248 4871 3551 4943 assumpsi

1904 4979 2093 5035 usque
2122 4962 2194 5017 ad
2225 4964 2607 5026 senectutem,
2638 4964 2697 5014 et
2735 4974 2972 5015 omnem
3001 4957 3263 5014 lmtitiam
3308 4960 3550 5016 nescivi.

1904 5055 1971 5108 Et
1998 5049 2257 5108 ostendit
2286 5048 2429 5104 mihi
2455 5048 2700 5121 angelus
2732 5047 2852 5119 Dei,
2885 5047 3044 5119 quod
3067 5063 3253 5119 usque
3284 5047 3343 5102 in
3375 5065 3551 5103 saecu-

1903 5140 2051 5208 lum,
2070 5142 2128 5196 et
2151 5137 2294 5211 regi,
2320 5141 2375 5194 et
2396 5136 2667 5210 pauperi,
2690 5135 2966 5192 mulieres
2981 5135 3468 5205 dominabuntur;
3493 5140 3554 5193 et

1903 5229 2058 5302 regis
2075 5228 2311 5301 quidem
2334 5225 2536 5283 tollent
2554 5223 2801 5297 gloriam
2829 5227 2886 5279 et
2902 5223 3089 5280 virilis
3119 5224 3459 5296 potentiam,
3492 5228 3553 5280 et

1905 5316 2181 5392 pauperis
2213 5314 2573 5389 paupertatis
2604 5312 2918 5369 minimum
2948 5312 3407 5368 ﬁrmamentum.

1910 5593 2069 5649 μενος
2102 5571 2201 5649 οὐκ
2226 5569 2550 5649 αἰσθάνεται,
2579 5567 2669 5624 καὶ
2694 5565 2890 5649 ,ἄδοξον
2940 5566 3041 5649 οὐκ
3079 5565 3414 5649 αἰσχύνεται.
3447 5567 3553 5626 Κᾶν

1906 5638 2478 5722 ῖάρ,εις,β,οεσιλεύσῃ,
2507 5640 2788 5722 πρρνεύων
2818 5638 3225 5717 γυμνούμενάά
3261 5642 3344 5699 Ῑοσ

1984 5713 2098 5790 (93)
2130 5713 2471 5793 Ἐξέρχεταις
2497 5713 2625 5768 Οὐκ.
2660 5713 2743 5770 ID.
