4036 6356
480 411 639 489 1079

486 637 640 695 Sunt
677 634 833 690 enim
865 633 924 688 in
955 650 1020 690 eo
1052 637 1303 705 quatuor
1334 633 1579 706 spiritus
1610 633 1958 707 perniciosi;
1994 650 2132 689 con-

488 723 881 798 Cupisceutiaa,
910 721 1417 788 inﬂammationis,
1446 721 1710 790 luxuriae,
1733 726 1789 778 et
1818 722 2011 794 turpis
2041 721 2133 777 lu-

490 815 594 873 cri.
623 814 680 868 Si
710 812 928 869 bibatis
955 810 1161 867 vinum
1209 811 1269 866 in
1315 810 1538 879 laetitia,
1584 828 1719 866 cum
1772 811 1983 866 timore
2035 810 2134 865 Dei

489 905 915 971 erubescentes,
948 900 1175 955 vivetis.
1207 899 1267 955 Si
1297 902 1454 956 enim
1501 899 1717 955 bibatis
1766 916 1883 955 non
1929 899 2134 955 erube-

491 996 740 1062 scentes,
773 995 829 1047 et
859 991 1091 1046 recedat
1123 989 1223 1045 Dei
1256 989 1452 1060 timor,
1469 990 1595 1060 jam
1615 989 1867 1045 efﬁcitur
1886 988 2137 1045 ebrietas

492 1086 550 1140 et
578 1081 873 1138 subintrat
900 1078 1331 1135 invcrecundia.
1374 1077 1434 1134 Si
1488 1094 1623 1133 vero
1667 1094 1857 1150 neque
1898 1076 2135 1133 omnino

492 1170 708 1227 bibetis
739 1171 872 1243 (95),
906 1172 971 1225 ut
1001 1186 1116 1224 non
1148 1167 1400 1241 peccetis
1437 1167 1497 1222 in
1527 1166 1718 1223 verbis
1747 1164 2135 1229 contumeliis,

493 1265 551 1318 et
580 1275 811 1333 pugnae,
843 1262 901 1314 et
929 1256 1258 1325 calumniae,
1287 1260 1344 1313 et
1372 1254 1851 1329 transgressionis
1891 1255 2140 1311 manda-

493 1353 690 1407 torum
711 1347 812 1403 Dei
844 1352 900 1403 et
928 1345 1178 1419 pereatis
1210 1349 1343 1400 ante
1380 1348 1615 1416 tempus
1663 1348 1942 1401 vestrum.
1992 1347 2139 1399 Nam

496 1436 776 1512 mysteria
806 1434 902 1490 Dei
933 1440 990 1490 et
1018 1433 1324 1489 ho‘minum
1347 1433 1552 1489 alienis
1584 1433 1797 1489 revelat
1831 1434 2031 1491 vinum
2056 1435 2114 1507 (u

500 1532 559 1584 et
581 1542 686 1599 ego
717 1525 994 1581 mandata
1022 1522 1121 1579 Dei
1146 1526 1202 1577 et
1221 1521 1501 1595 mysteria
1517 1523 1699 1578 Jacob
1720 1522 1904 1595 patris
1926 1524 2038 1580 mei
2052 1540 2140 1580 re-

496 1614 682 1673 velavi
713 1611 1083 1669 Chananitidi
1109 1610 1349 1681 Bessue)
1371 1610 1588 1683 quibus
1608 1611 1793 1667 vetuit
1814 1615 1963 1667 Deus
1991 1629 2145 1669 reve-

500 1704 639 1762 lare.
672 1703 785 1760 Sed
814 1705 873 1757 et
898 1700 1036 1758 belli
1066 1704 1122 1756 et
1160 1698 1623 1757 conturbationis
1671 1716 1850 1759 causa
1893 1702 2146 1759 efficitur

497 1792 724 1850 vinum.

1472 407 2005 479 TESTAMENTA
2043 408 2154 483 XII
2195 408 2898 483 PATRIABBHARUM.

552 544 700 601 XVI.
737 565 767 595 ‹‹
798 543 1095 601 Custodite
1124 558 1281 616 ergo,
1315 542 1420 597 ﬁlii
1461 544 1596 614 mei,
1628 543 1946 600 terminum
1986 544 2124 598 vim.
2162 544 2213 611 Α

3740 414 3897 479 40m

2318 543 2405 613 1ζ’.
2458 568 2487 597 ‹‹
2534 543 2880 603 Φυλάσσεσθε
2927 543 3041 621 οῦν,
3087 544 3245 603 τέκνα
3306 567 3436 622 μου,
3475 544 3569 603 τὸν
3625 543 3765 621 ὅρον
3809 552 3901 602 τοῦ

2244 630 2409 691 οἶ¹νου.
2446 640 2597 691 ’Ἐστι
2645 637 2748 713 γάρ
2804 634 2854 692 ἐν
2907 636 3053 710 αὑτῷ
3096 635 3325 711 τέσσαρα
3367 635 3653 711 πνεύματα
3686 642 3904 711 πονηρᾶ

2245 718 2550 795 ἐπιθυμίας,
2593 725 2915 799 πυρώσεως,
2965 725 3217 796 ἀσωτίας,
3270 723 3756 803 αἰσχροκερδείας.
3794 728 3904 781 Ἐὲι

2244 807 2436 882 πίνητε
2475 812 2615 868 οἶνον
2667 814 2718 869 ἐν
2769 814 3091 892 εὐφροσύνῃ,
3128 817 3261 888 μετά
3308 811 3480 893 φόϐου
3520 820 3657 871 Θεοῦ
3720 813 3909 870 exigo-$-

2249 920 2420 973 μενοι,
2456 904 2696 973 ζήσεσθε.
2744 904 2865 958 Ἐάν
2916 905 3018 980 γὰρ
3068 903 3260 973 πίνητε
3312 905 3388 978 μὴ
3438 902 3797 977 αἰδούμενοι,
3830 906 3913 959 καί

2246 987 2457 1065 ἀποστῇ
2488 992 2515 1048 6
2544 996 2642 1047 τοῦ
2672 996 2805 1048 Θεοῦ
2828 988 3017 1071 φόϐος,
3035 992 3227 1048 λοιπὸν
3248 993 3449 1069 γίνεται
3477 992 3759 1068 μέθη,καῖ
3788 1015 3916 1067 παρ-

2248 1077 2547 1155 εισέρχεται
2579 1083 2614 1152 ἠ
2647 1081 3018 1157 ἀναισχυντία,
3040 1083 3103 1137 Ei
3137 1080 3193 1137 δὲ
3226 1080 3367 1156 μηδε
3396 1081 3541 1144 ὅλως
3573 1082 3755 1154 πίητε
3778 1086 3914 1157 {9:1},

2243 1164 2333 1221 ’ίνα
2364 1170 2441 1242 μὴ
2493 1169 2771 1247 ἁμάρτητε
2829 1170 2879 1227 ἐν
2923 1168 3114 1247 λόγοις
3161 1166 3391 1248 ὕϐρεως,
3420 1170 3509 1226 καί
3564 1174 3798 1248 μάχης,
3829 1173 3913 1226 καὶ

2248 1257 2620 1335 συκοφαντίας,
2706 1258 2794 1315 καὶ
2865 1254 3223 1333 παραϐάσεως
3293 1259 3526 1317 ἐντολῶν
3593 1266 3766 1331 Θεοῦ,
3832 1261 3917 1315 καῖ

2250 1344 2545 1403 ἀπολεῖσθε
2590 1346 2691 1403 οὑκ
2736 1346 2788 1403 ἐν
2814 1353 2988 1425 καιρῷ
3020 1348 3194 1422 ὑμῶν.
3230 1350 3396 1425 Καίγε
3446 1352 3734 1426 μυστήρια
3785 1356 3915 1407 Θεοῦ

2248 1434 2339 1491 καὶ
2388 1435 2686 1512 ἀνθρώπων
2738 1434 3054 1510 ἀλλοτρίοις
3108 1435 3477 1497 ἀποκαλύπτει
3528 1439 3557 1493 6
3608 1438 3774 1501 οἶνος
3820 1441 3919 1509 (ὡς

2249 1523 2399 1600 κάγὼ
2432 1523 2653 1588 ἐντολὰς
2684 1530 2817 1582 Θεοῦ
2860 1526 2949 1581 καὶ
2987 1528 3261 1600 μυστήρια
3309 1522 3502 1581 Ἰακὼϐ
3549 1532 3651 1584 τοῦ
3706 1528 3920 1604 πατρός

2256 1634 2361 1687 μου
2408 1612 2729 1690 ἀπεκάλυψα
2768 1614 2839 1690 τῇ
2887 1612 3192 1671 Χανανίτιδι
3244 1616 3509 1690 Βησσουὲ)
3560 1617 3651 1681 οἷς
3701 1617 3855 1674 εἶπεν
3893 1620 3920 1674 6

2253 1703 2381 1767 Θεὸς
2414 1704 2491 1777 μὴ
2525 1703 2894 1762 ἀποκαλύψαι.
2928 1704 3025 1759 Καὶ
3083 1702 3142 1760 δὲ
3193 1702 3447 1779 πολέμου
3503 1705 3598 1761 καὶ
3650 1714 3921 1785 ταραχῆς

2253 1788 2427 1855 αίίτιος
2456 1791 2658 1867 γίνεται
2690 1793 2719 1847 6
2741 1792 2902 1855 οἶνος.

573 1881 746 1937 XVII.
782 1902 811 1931 ‹‹
842 1880 1053 1937 Mando
1083 1878 1262 1952 igitur
1289 1877 1473 1949 vobis,
1506 1877 1609 1934 ﬁlii
1638 1878 1775 1947 mei,
1806 1883 1871 1935 ut
1899 1897 2015 1936 non
2055 1879 2143 1941 di-

2325 1885 2419 1937 IZ’.
2453 1905 2481 1933 «
2513 1878 2874 1954 Ἐντέλλομαι
2925 1878 3015 1981 οξν
3071 1881 3221 1955 ὑμῖν,
3250 1879 3411 1939 τέκνα
3458 1904 3587 1956 μου,
3634 1885 3719 1957 μὴ
3784 1883 3917 1961 ἀγα-

499 1971 695 2044 ligatis
727 1973 1057 2043 argentum,
1082 1983 1269 2040 neque
1298 1967 1627 2040 inspiciatis
1655 1968 1715 2024 in
1755 1968 2141 2041 pulchritudi-

502 2077 635 2118 nem
661 2059 974 2116 mulierum
998 2079 1012 2125 ς
1042 2057 1181 2129 quia
1205 2060 1261 2113 et
1277 2061 1513 2129 propter
1525 2061 1831 2129 argentum
1854 2062 1911 2114 et
1927 2058 2142 2114 formo-

500 2151 734 2208 sitatem
765 2149 945 2203 erravi
978 2146 1039 2201 in
1066 2146 1282 2202 Bessue
1312 2145 1722 2201 Chananeam.
1773 2146 1914 2203 Novi
1962 2147 2142 2215 enim,

501 2239 656 2313 quod
688 2236 1051 2310 prOpterduo
1081 2234 1325 2290 hascerit
1343 2250 1529 2306 genus
1555 2251 1754 2290 meum
1772 2235 1832 2291 in
1854 2234 2144 2307 nequitia;

499 2314 779 2402 quoniam
802 2330 858 2382 et
880 2323 1173 2397 sapientes
1193 2322 1348 2379 viros
1370 2322 1626 2379 filiorum
1650 2340 1915 2379 meorum
1930 2324 2145 2380 aliena-

497 2418 670 2487 bunt,
702 2420 759 2473 et
786 2431 1032 2488 regnum
1061 2413 1227 2469 Judaa
1268 2412 1555 2479 minuent,
1589 2413 1744 2484 quod
1792 2413 1951 2469 dedit
2000 2413 2147 2469 mihi

498 2505 785 2566 Dominus
814 2505 873 2560 in
904 2502 1234 2559 obedientia
1262 2501 1466 2573 patris.
1498 2502 1809 2574 Nunquam
1833 2501 1991 2558 enim
2011 2519 2148 2558 con-

498 2595 725 2653 tristavi
754 2593 994 2649 verbum
1033 2590 1217 2663 patris
1246 2590 1359 2646 mei
1388 2590 1589 2660 Jacob,
1635 2591 1912 2663 quoniam
1952 2591 2152 2648 omnia

503 2701 632 2759 quas
662 2681 825 2753 dixit,
859 2680 1162 2737 faciebam.
1196 2679 1263 2735 Et
1290 2678 1585 2735 Abraham
1616 2682 1781 2751 pater
1812 2679 1997 2752 patris
2036 2680 2151 2736 mei

503 2770 799 2830 benedixit
827 2769 993 2837 mihi,
1027 2771 1093 2824 ut
1120 2783 1425 2841 regnarem
1456 2768 1514 2822 in
1547 2767 1725 2824 Israel
1750 2785 1765 2837 ;
1787 2772 1847 2825 et
1873 2773 2033 2825 Isaac
2054 2770 2151 2826 be-

502 2860 726 2919 nedixit
755 2857 901 2915 mihi
933 2856 1112 2914 simili
1142 2856 1337 2913 modo.
1366 2857 1435 2912 Et
1463 2872 1568 2930 ego
1595 2857 1749 2929 novi,
1782 2858 1937 2930 quod
1958 2875 2027 2915 ex
2057 2874 2151 2915 me

500 2950 682 3008 stabit
710 2964 976 3022 regnum.

568 3038 769 3095 XVIII.
797 3060 825 3090 «
850 3036 920 3092 Et
939 3034 1052 3109 legi
1075 3034 1137 3090 in
1158 3033 1327 3091 libris
1346 3034 1544 3091 Enoch
1559 3035 1728 3108 justi,
1752 3038 1975 3109 quanta
1993 3035 2153 3093 mala

499 3128 727 3187 facietis
757 3128 815 3182 in
837 3123 1111 3183 extremis
1141 3123 1366 3180 diebus.
1400 3127 1602 3182 Cavete
1631 3124 1813 3198 igitur
1858 3124 1963 3180 ﬁlii
2012 3125 2148 3196 mei,

2250 1973 2354 2041 πᾷν
2382 1968 2663 2046 ἀργύριον,
2700 1968 2841 2043 μηδὲ
2872 1965 3166 2044 ἐμϐλέπειν
3217 1970 3294 2035 εἷς
3351 1970 3558 2036 κάλλος
3611 1980 3915 2049 γυναικῶν.

2252 2057 2519 2135 δτικαίγε
2566 2056 2637 2113 δι’
2675 2059 2956 2135 ἀργύριον,
2988 2059 3079 2115 καὶ
3128 2057 3197 2115 δι’
3244 2059 3540 2139 εὐμορφίαν
3590 2061 3919 2135 ἐπλανήθην

2254 2147 2331 2210 εἷς
2364 2148 2603 2218 Βησσουὶ
2628 2150 2729 2217 τὴν
2763 2147 3085 2208 Χαναναίαν.
3118 2152 3238 2205 Ὅτι
3270 2148 3390 2205 οῖδα
3420 2150 3547 2226 ἐγὼ,
3579 2150 3667 2207 ὅτι
3714 2150 3815 2207 διὰ
3855 2156 3922 2208 τὰ

2254 2234 2351 2292 δύο
2387 2240 2554 2291 ταῦτα
2605 2232 2751 2292 ἔσται
2789 2238 2854 2293 τὸ
2899 2237 3052 2313 γένος
3106 2258 3211 2312 μου
3243 2236 3294 2293 ἐν
3325 2239 3581 2314 πονηρίᾳο
3618 2238 3704 2296 ὅτι
3760 2242 3917 2318 καίγε

2256 2324 2454 2403 σοφοὺς
2482 2323 2671 2403 ἄνδρας
2699 2330 2807 2381 τῶν
2866 2327 2998 2382 υἱῶν
3051 2348 3155 2400 μου
3205 2325 3600 2400 ἀλλοιώσουσι,
3630 2332 3729 2385 καὶ
3766 2332 3919 2407 βασις

2256 2412 2402 2471 λείαν
2452 2412 2626 2472 Ἰούδα
2672 2416 3066 2489 σμικρυνθῆναι
3112 2418 3452 2487 ποιήσουσιν,
3480 2418 3541 2487 ἢν
3594 2416 3781 2474 ἔδωκέ
3832 2443 3919 2495 μοι

2256 2502 2454 2579 Κύριος
2510 2503 2562 2559 ἐν
2622 2504 2834 2578 ὑπακοῇ
2892 2504 3117 2581 πατρός.
3170 2502 3443 2562 Οὐδέποτε
3506 2508 3612 2583 γάρ
3661 2508 3923 2581 ἐλύπησα

2259 2590 2420 2669 λόγον
2451 2588 2645 2648 Ἰακὼϐ
2701 2597 2797 2649 τοῦ
2852 2593 3058 2667 πατρός
3290 2616 3418 2669 μου,
3448 2594 3531 2650 ὅτι
3586 2596 3799 2670 πάντα,
3827 2599 3923 2654 ὅσα

2260 2680 2426 2748 εἶπεν,
2458 2679 2691 2739 ἐποίουν.
2727 2682 2824 2739 Καὶ
2855 2681 3111 2759 Ἀϐραὰμ
3141 2684 3169 2738 6
3199 2685 3378 2759 πατὴρ
3407 2688 3505 2739 τοῦ
3542 2685 3761 2762 πατρός
3818 2710 3918 2761 μου

2258 2769 2522 2846 εὐλόγησέ
2555 2791 2641 2844 με,
2688 2770 2990 2847 βασιλεύειν
3044 2770 3095 2827 ἐν
3138 2770 3382 2846 Ἰσραήλ·
3439 2773 3530 2828 καὶ
3588 2775 3785 2833 Ἰσαὰκ
3842 2778 3923 2833 εὖ·

2258 2856 2467 2934 λόγησέ
2498 2880 2565 2932 με
2594 2858 2823 2933 ὁμοίως.
2856 2860 2955 2914 Καὶ
2986 2859 3091 2937 ἐγὼ
3121 2858 3261 2933 οἶδα,
3304 2861 3387 2917 ὅτι
3435 2861 3488 2933 ἐξ
3538 2862 3677 2937 ἐμοῦ
3724 2868 3925 2936 στῆτε.

2256 2968 2346 3004 ται
2374 2949 2438 3003 τὸ
2471 2946 2768 3023 βασίλειον.

2329 3037 2438 3094 IH'.
2471 3061 2499 3089 ‹‹
2533 3036 2693 3113 Καίγε
2722 3033 2891 3112 ἔγνων
2934 3036 2986 3092 ἐν
3027 3032 3267 3113 βιϐλίοις
3301 3040 3477 3116 Ἐνὼχ
3525 3044 3624 3095 τοῦ
3674 3036 3919 3113 δικαίου,

2259 3123 2355 3181 ὅσα
2400 3124 2538 3179 κακᾶ
2580 3126 2837 3195 ποιήσετε
2884 3124 2936 3181 ἐν
2987 3124 3240 3202 ἐσχάταις
3286 3128 3539 3203 ἡμέραις.
3590 3128 3921 3204 Φυλάξασθε

500 3235 537 3276 a
566 3215 948 3275 fornicatione
976 3219 1035 3271 et
1082 3212 1358 3270 avaritia:
1420 3214 1617 3270 audite
1662 3215 1874 3272 Judam
1923 3218 2146 3286 patrem

2260 3214 2376 3288 οῦν,
2412 3213 2573 3269 τέκνα
2623 3234 2749 3287 μου,
2783 3214 2889 3268 ἀπὸ
2936 3218 3037 3283 τῆς
3082 3216 3336 3291 πορνείας
3366 3217 3579 3288 καὶτῆς
3639 3219 3917 3298 φιλαργυ-

495 3312 781 3378 vestrum,
804 3303 1081 3378 quoniam
1104 3303 1219 3359 ista
1238 3306 1515 3375 separant
1535 3321 1570 3359 a
1593 3303 1719 3377 lege
1742 3303 1863 3374 Dei,
1888 3283 1945 3359 et
1967 3320 2146 3360 exces-

2262 3302 2399 3380 ρίας·
2450 3302 2713 3358 ἀκούσατε
2760 3301 2937 3358 Ἰούδα
2980 3307 3079 3359 τοῦ
3124 3306 3330 3381 πατρὸς
3380 3307 3557 3379 ὑμῶν,
3603 3283 3691 3364 ὅτι

500 3400 636 3454 cant
667 3394 979 3452 consilium
1010 3393 1239 3461 animae,
1264 3397 1319 3448 et
1340 3392 1675 3464 superbiam
1707 3393 1934 3459 docent,
1958 3397 2015 3449 et
2034 3410 2150 3449 non

505 3482 1113 3560 patiunturhominem
1127 3480 1588 3537 misericordiam
1603 3481 1875 3538 exhibere
1888 3483 2151 3555 proximo

507 3592 639 3643 suo,
669 3574 899 3646 privant
920 3572 1175 3628 animam
1202 3570 1388 3643 ipsius
1413 3570 1571 3626 omni
1595 3571 1871 3642 bonitate,
1896 3575 1953 3627 et
1972 3570 2153 3627 conti-

509 3666 649 3719 nent
674 3662 871 3734 ipsum
901 3662 959 3716 in
992 3659 1290 3716 laboribus
1319 3664 1377 3715 et
1405 3659 1725 3729 doloribus,
1769 3664 1827 3716 et
1883 3664 2153 3716 amovent

510 3769 783 3810 somnum
809 3751 880 3806 ab
901 3752 1354 3818 eo,consumunt
1367 3748 1856 3820 carnesipsius,et
1867 3749 2153 3806 sacriﬁcia

505 3842 607 3898 Dei
631 3840 979 3914 impediunt,
1007 3842 1065 3893 et
1091 3836 1525 3893 benedictiones
1557 3854 1673 3893 non
1704 3842 2052 3909 memorant,
2098 3844 2155 3894 et

505 3929 800 4005 prophetis
832 3927 1090 4000 loquenti
1125 3942 1238 3981 non
1271 3926 1571 3995 obediunt,
1604 3930 1661 3982 et
1687 3926 1861 3983 verbo
1916 3926 2152 3999 pietatis

503 4020 902 4077 offenduntur.
942 4016 1177 4072 Duabus
1223 4013 1379 4071 enim
1426 4013 1800 4087 passionibus
1844 4014 2152 4071 contrariis

502 4107 800 4165 mandatis
822 4106 921 4163 Dei
944 4104 1223 4175 serviens,
1244 4104 1361 4160 Deo
1383 4102 1617 4159 obedire
1638 4118 1754 4159 non
1778 4106 2153 4176 potest,quo-

504 4197 666 4254 niam
695 4196 1125 4251 excaecaverunt
1154 4192 1410 4248 animam
1435 4192 1584 4264 ejus,
1608 4194 1665 4247 et
1694 4190 1754 4247 in
1777 4191 1891 4258 die,
1918 4193 2071 4248 sicut
2091 4192 2149 4247 in

503 4289 673 4343 nocte
703 4284 986 4341 ambulat.

579 4373 720 4431 XIX.
770 4372 897 4428 Filii
955 4371 1092 4441 mei,
1149 4370 1393 4427 avaritia
1446 4369 1519 4426 ad
1577 4368 1732 4425 idola
1778 4368 1960 4438 ducit,
2003 4386 2150 4443 quo-

504 4464 667 4520 niam
686 4462 747 4517 in
767 4475 961 4517 errore
983 4476 1084 4533 per
1110 4463 1441 4531 argentum,
1464 4474 1563 4514 eos
1583 4458 1685 4530 qui
1710 4473 1828 4513 non
1843 4458 2150 4526 sunt,deos

504 4552 843 4619 nominant;
876 4554 934 4606 et
955 4548 1093 4605 facit
1121 4548 1436 4604 habentem
1467 4563 1596 4604 eam
1629 4546 1687 4601 in
1720 4546 1977 4603 exstasin
2000 4546 2146 4602 inci-

2262 3394 2459 3471 ἀφιστᾷ
2487 3391 2658 3465 νόμου
2689 3396 2842 3461 Θεοῦ,
2870 3391 2959 3447 καὶ
2987 3391 3189 3471 τυφλοῖ
3215 3392 3277 3449 τὸ
3309 3390 3625 3452 διαϐούλιον
3673 3404 3788 3467 τῆς
3823 3405 3922 3473 ψυ-

2259 3489 2392 3559 χῆς,
2424 3481 2515 3536 καὶ
2574 3480 2935 3558 ὑπερηφανίαν
3006 3479 3327 3553 ἐκδιδάσκει,
3386 3484 3475 3539 καὶ
3532 3486 3635 3541 οὐκ
3688 3486 3917 3567 ἀφίησιν

2260 3568 2428 3647 ἄνδρα
2456 3567 2675 3639 ἐλεῆσαι
2705 3574 2802 3625 τοῦ
2831 3569 3066 3641 πλησίον
3114 3571 3301 3641 αὑτοῦ,
3333 3573 3595 3649 στερίσκει
3652 3576 3761 3645 τὴν
3817 3582 3919 3651 ψ’)-

2260 3660 2369 3736 χην
2403 3658 2565 3714 αὑτοῦ
2594 3658 2701 3715 ἀπὸ
2730 3660 2908 3731 πάσης
2941 3660 3321 3735 ἀγαθωσύνης,
3351 3663 3442 3717 καὶ
3481 3665 3698 3741 συνέχει
3758 3666 3919 3721 αὑτὸν

2261 3747 2313 3805 ἐν
2346 3747 2578 3823 μόχθοις
2607 3747 2697 3803 καὶ
2747 3747 2957 3820 πόνοις,
2994 3749 3086 3804 καὶ
3133 3751 3331 3827 ἀφιστᾷ
3376 3750 3535 3806 ὕπνον
3586 3752 3786 3826 αὑτοῦ,
3827 3776 3921 3809 κα-

2258 3835 2537 3907 ταδαπανᾷ
2567 3836 2765 3913 σάρκας
2816 3836 3002 3907 αὑτοῦ,
3034 3837 3124 3892 καὶ
3176 3838 3358 3902 θυσίας
3414 3844 3549 3895 Θεοῦ
3600 3840 3920 3915 ἐμποδίζει,

2259 3926 2349 3981 καὶ
2383 3923 2631 4003 εὐλογίας
2664 3924 2725 3981 οὑ
2761 3926 3032 3999 μέμνηται
3065 3927 3199 4000 (97),
3230 3926 3319 3982 καὶ
3351 3932 3605 4007 προφήτῃ
3651 3928 3923 3989 λαλοῦντι

2262 4013 2369 4090 οὑχ
2418 4012 2696 4083 ὑπακούει,
2727 4012 2816 4068 καὶ
2866 4012 3014 4091 λόγῳ
3062 4010 3329 4077 εὐσεϐείας
3376 4018 3757 4094 προσοχθίζει.
3792 4023 3923 4076 Δυσὶ

2259 4103 2363 4179 γὰρ
2412 4103 2629 4158 πάθεσιν
2678 4101 2933 4165 ἐναντίοις
2982 4107 3089 4158 τῶν
3140 4103 3372 4160 ἐντολῶν
3438 4110 3531 4161 τοῦ
3587 4111 3723 4163 Θεοῦ
3789 4107 3923 4165 δου-

2261 4190 2455 4265 λεύων,
2487 4196 2602 4263 Θεῷ
2628 4190 2912 4247 ὑπακούειν
2945 4191 3009 4248 οὑ
3041 4190 3281 4263 δύναται,
3314 4192 3398 4249 ὅτι
3446 4194 3768 4273 ἐτύφλωσαν
3817 4202 3919 4269 τὴν

2258 4282 2442 4356 ψυχὴν
2470 4279 2655 4353 αὑτοῦ,
2687 4280 2775 4335 καὶ
2825 4279 2877 4335 ἐν
2930 4281 3131 4356 ἡμέρᾳ,
3165 4281 3240 4345 ὡς
3296 4281 3348 4337 ἐν
3397 4284 3571 4354 νυκτὶ,
3599 4286 3923 4360 πορεύεται.

2331 4371 2430 4426 ΙΘ’.
2453 4394 2481 4422 ‹‹
2516 4370 2692 4427 Τέκνα
2724 4371 2903 4443 μου,ή
2935 4367 3267 4447 φιλαργυρία
3295 4372 3433 4445 πρὸς
3464 4368 3667 4427 εἴδωλα
3690 4372 3920 4452 ὁδηγεῖ,

2258 4458 2344 4515 ὅτι
2372 4458 2424 4514 ἐν
2452 4458 2629 4533 πλάνη
2662 4456 2734 4514 δι’
2757 4457 3021 4533 ἀργυρίου
3046 4458 3172 4523 τοὺς
3207 4460 3284 4533 μὴ
3315 4455 3473 4524 ὄντας
3520 4462 3675 4526 θεοὺς
3709 4464 3927 4540 ὀνομά-

2260 4553 2429 4619 ζουσι’
2462 4547 2552 4603 καὶ
2582 4553 2734 4603 ποιεῖ
2759 4548 2852 4604 τὸν
2884 4546 3081 4623 ἔχοντα
3106 4548 3273 4619 αὐτὴν
3324 4550 3401 4612 εἷς
3450 4547 3692 4606 ἔκστασιν
3745 4552 3919 4629 ἐμπε-

502 4643 657 4699 dere.
682 4641 921 4713 Propter
940 4641 1247 4711 argentum
1267 4636 1380 4709 (98)
1400 4652 1505 4710 ego
1520 4635 1747 4709 perdidi
1766 4635 1916 4692 filios
1944 4652 2106 4693 meos
2130 4653 2145 4704 ;

2260 4643 2389 4695 σεῖν.
2423 4638 2502 4692 Δι’
2549 4636 2808 4713 ἀργυρίου
2860 4636 2971 4713 ἐγὼ
3024 4635 3284 4693 ἀπώλεσα
3322 4638 3390 4694 τὰ
3432 4641 3594 4695 τέκνα
3644 4662 3788 4714 μου,
3831 4646 3917 4701 καὶ

502 4735 561 4788 et
590 4730 702 4786 nisi
732 4727 1075 4802 paenitentia
1102 4725 1295 4783 carnis
1327 4742 1489 4793 mete,
1521 4730 1578 4782 et
1605 4723 1908 4780 humilitas
1938 4725 2146 4781 animis

503 4838 645 4877 mese
675 4825 732 4876 et
752 4818 1039 4874 orationes
1060 4816 1239 4872 Jacob
1252 4815 1437 4888 patris
1451 4814 1562 4871 mei
1576 4813 2146 4887 (obstitissent),sine

501 4908 703 4967 liberis
735 4923 1008 4963 morerer.
1040 4906 1150 4961 Sed
1183 4911 1330 4960 Deus
1366 4908 1595 4976 patrum
1613 4920 1899 4970 meorum,
1928 4902 2150 4959 miseri-

501 5015 629 5056 cors
643 5002 701 5054 et
720 4996 997 5060 clemens,
1011 4993 1279 5067 cognovit
1294 4992 1451 5065 quod
1472 4992 1530 5047 in
1548 4992 1879 5065 ignorantia
1892 4991 2016 5047 feci.
2037 4992 2146 5047 Ex-

499 5088 733 5146 cescavit
760 5086 918 5143 enim
938 5100 1030 5140 me
1052 5083 1323 5155 princeps
1343 5080 1576 5149 erroris,
1603 5085 1660 5137 et
1680 5081 1960 5154 ignoravi,
1990 5081 2147 5138 sicut

498 5177 697 5248 homo,
730 5179 787 5232 et
815 5174 967 5231 sicut
996 5188 1150 5240 caro,
1181 5171 1241 5226 in
1272 5169 1526 5242 peccatis
1563 5174 1898 5242 corruptus.
1939 5169 2006 5225 Et
2051 5185 2146 5226 co-

592 5314 789 5391 911)_E,i_
816 5311 896 5391 δὲ.
934 5308 1074 5387 μηδὲ
1126 5307 1273 5391 ἕλωρ
1328 5308 1490 5391 πίητε
1543 5310 1777 5391 corrige
1834 5327 1904 5368 ex
1958 5310 2142 5369 Oxon.

496 5380 621 5447 cod.
654 5380 708 5444 τί
749 5384 807 5442 δὲ
842 5380 1010 5460 λέγω,
1048 5380 1178 5457 μηδ’
1207 5382 1355 5460 ὅλως
1383 5380 1569 5460 πίνετε
1591 5380 1773 5460 βηλῷ.

569 5463 681 5534 (95)
712 5461 774 5517 Si
799 5452 1124 5534 veramque
1151 5459 1373 5534 omnino
1432 5455 1641 5513 bibatis.
1694 5452 1844 5526 Quid
1886 5470 2011 5512 vero
2056 5455 2144 5512 di-

499 5528 617 5590 cain
637 5528 673 5585 γ’
690 5548 758 5587 ne
789 5531 1014 5587 omnino
1037 5529 1248 5584 bibatis.
1284 5528 1363 5584 In.

531 5604 682 5729 é(9(2)
737 5600 906 5677 Λόγον
955 5592 1148 5656 Ἰακὼϐ
1202 5602 1299 5653 τοῦ
1356 5595 1586 5673 πατρός.
1653 5589 1848 5654 Ἰακὼϐ
1899 5596 1991 5652 τὸν
2048 5616 2149 5653 πα-

559 5692 625 5729 οα
669 5689 725 5729 D.

496 5689 625 5729 τερα
643 5689 725 5729 ΙΙ).

558 5692 781 5819 ῗὸὕῗὸύ
815 5761 1089 5817 μεμνηται
1118 5744 1253 5797 Θεοῦ
1284 5739 1347 5796 οὑ
1382 5737 1734 5815 μνημονεύειο
1770 5744 1856 5797 ID.

2259 4725 2306 4782 εἲ
2335 4726 2412 4800 μὴ
2443 4728 2479 4797 ἡ
2514 4725 2771 4799 μετάνοια
2794 4731 2896 4795 τῆς
2930 4724 3127 4801 σαρκός
3163 4726 3392 4799 μου,καὶ
3412 4729 3448 4797 ἢ
3468 4728 3917 4803 ταπείνωσις-τῆς

2257 4818 2443 4891 ψυχῆς
2495 4836 2621 4888 μου,
2680 4815 2769 4869 καὶ
2815 4814 2869 4869 αἱ
2917 4814 3075 4892 εὐχαὶ
3123 4810 3317 4873 Ἰακὼϐ
3383 4821 3482 4872 τοῦ
3528 4820 3733 4895 πατρός
3787 4844 3920 4894 μου,

2258 4906 2475 4968 ἄτεκνος
2522 4904 2673 4980 εἶχον
2726 4904 3033 4963 ἀποθανεῖν.
3063 4903 3224 4961 Ἀλλ’
3254 4906 3282 4960 ὁ
3314 4906 3444 4969 Θεὸς
3492 4911 3600 4963 τῶν
3654 4910 3915 4987 πατέρων

2261 5014 2387 5067 μου,
2419 4993 2447 5048 6
2478 4992 2778 5066 οἰκτίρμων
2804 4991 2893 5046 καὶ
2922 4989 3197 5067 ἐλεήμων,
3232 4993 3463 5071 συνέγνω
3494 4995 3578 5051 ὅτι
3626 4993 3680 5052 ἐν
3723 4997 3919 5077 ἀγνοίᾳ

2256 5081 2505 5153 ἐποίησα.
2537 5079 2847 5160 Ἐτύφλωσε
2875 5082 2979 5156 γάρ
3013 5102 3081 5155 με
3105 5083 3134 5137 6
3164 5079 3350 5159 ἅρχων
3397 5091 3501 5153 τῆς
3545 5084 3795 5158 πλάνης,
3826 5091 3916 5145 καὶ

2256 5170 2525 5248 ἠγνόησα,
2576 5170 2651 5235 ὡς
2697 5171 3004 5247 ἄνθρωπος,
3054 5169 3144 5227 καὶ
3189 5171 3267 5235 ὡς
3314 5173 3441 5249 σάρξ
3480 5176 3615 5250 (99),
3646 5174 3700 5231 ἐν
3730 5177 3918 5256 ἆμαρς

2348 5313 3193 5395 _98)_Propter_argentum._Du9
3245 5316 3419 5395 verba
3466 5317 3581 5395 ista
3634 5320 3711 5377 ad
3759 5339 3913 5395 pre-

2257 5386 3067 5460 cedentemfperiodumsunt
3087 5388 3405 5444 referenda:
3429 5390 3477 5445 si
3494 5386 3910 5452 Graecum‘tex-

2254 5463 2380 5536 tum
2412 5459 2576 5530 sequi
2594 5458 2877 5536 velimus,
2900 5458 3150 5536 incuigs
3169 5464 3417 5536 utroque
3433 5463 3905 5536 exemplari,tam

2253 5535 2432 5610 Oxon.
2466 5526 2639 5601 q‘uam
2672 5526 2913 5610 Cantab.
2946 5526 3151 5601 postdi’
3173 5526 3444 5610 ἀργυρίου
3465 5538 3555 5591 est
3569 5526 3902 5610 punctum;

2254 5601 2468 5657 melius
2498 5617 2650 5667 vero,
2673 5601 2843 5667 juxta
2874 5601 3022 5656 hanc
3045 5601 3396 5661 versionem.
3422 5606 3506 5661 In.

2326 5673 2440 5745 (99)
2454 5671 2616 5747 Σάρξ,
2648 5671 2970 5737 Omissum.
2993 5675 3079 5730 In.
