4008 6350
188 444 343 511 1084

1444 443 2051 515 TMAMENTUM
2090 445 2343 513 JUDIE.’

3435 436 3597 500 1082

185 580 330 643 τίαις
378 578 617 658 φθαρείς.
672 578 773 634 Καὶ
817 578 1057 653 ἐπέγνων
1103 578 1203 649 τὴν
1263 577 1497 652 ἐμαυτοῦ
1539 577 1833 650 ἀσθένειαν,

1952 582 2299 651 gnoscebam
2332 582 2569 637 tandem
2618 579 2732 637 mei
2763 576 2953 652 ipsius
3010 572 3438 641 inﬁrmitatem,
3490 571 3594 645 qui

184 691 247 724 νο
257 669 424 743 μίζων
456 666 883 744 ἀκαταμάχητος
916 668 1070 727 εἶναι.

264 760 341 816 K'.
384 760 684 834 Ἐπιγνωτε
736 756 826 813 οὖν
876 760 1026 831 (100)
1077 756 1237 813 τέκνα
1276 777 1399 830 μου,
1431 754 1515 811 ὅτι
1547 754 1643 812 δύο
1674 756 1839 812 πνεύ-

192 868 338 921 ματα
368 847 703 923 σχολάζουσι
750 851 828 918 τῷ
875 846 1166 919 ἀνθρώπῳ,
1213 846 1277 901 τὸ
1303 854 1403 915 τῆς
1435 844 1715 917 ἀληθείας,
1747 845 1836 900 καὶ

184 936 257 990 τὸ
302 943 401 1005 τῆς
451 935 664 1005 πλάνης
689 955 702 968 ·
749 933 838 989 καὶ
875 933 1035 1007 μέσον
1084 934 1195 989 ἐστὶ
1231 933 1295 989 τὰ
1326 942 1425 1004 τῆς
1454 933 1712 997 συνέσεως
1740 939 1837 990 τοῦ

188 1025 339 1095 νοὸς,
398 1022 460 1079 οὗ
492 1024 577 1079 ἐὰν
610 1022 741 1098 θέλῃ
769 1022 973 1080 κλῖναι.
1007 1022 1171 1099 Καίγε
1198 1023 1265 1078 τὰ
1301 1031 1400 1093 τῆς
1430 1021 1715 1095 ἀληθείας,
1746 1023 1837 1079 καὶ

190 1116 269 1169 τὰ
295 1120 392 1183 τῆς
424 1110 657 1185 πλάνης,
691 1111 985 1188 γέγραπται
1018 1111 1104 1167 ἐπὶ
1132 1112 1197 1167 τὸ
1239 1120 1436 1182 στῆθος
1484 1116 1580 1167 τοῦ
1633 1112 1839 1189 ἀνθρώ-

187 1223 302 1257 που
327 1222 339 1233 ·
368 1201 455 1257 καὶ
484 1198 540 1255 ἓν
561 1197 780 1256 ἕκαστον
812 1200 985 1255 αὐτῶν
1018 1200 1272 1277 γνωρίζει
1326 1200 1540 1276 Κύριος.
1593 1201 1691 1256 Καὶ
1740 1200 1839 1257 οὑκ

189 1288 307 1345 ἔστι
338 1290 546 1366 καιρὸς,
580 1288 630 1343 έν
663 1291 709 1362 ᾧ
740 1287 1019 1360 δυνήσεται
1052 1289 1234 1354 λαθεῖν
1258 1290 1558 1367 ἀνθρώπων
1578 1288 1725 1367 ἔργα,
1752 1290 1836 1347 δτι

189 1379 248 1436 ἐν
286 1381 469 1450 στήθει
525 1378 721 1434 ὀστέων
772 1379 906 1434 αύτά
959 1378 1319 1456 ἐγγέγραπται
1351 1379 1581 1434 ἐνώπιον
1615 1378 1833 1455 Κυρίου,

188 1468 295 1525 Καὶ
341 1468 404 1524 τὸ
448 1472 662 1542 πνεῦμα
707 1474 807 1538 τῆς
864 1467 1125 1538 ἀληθείας
1201 1473 1462 1544 μαρτυρεῖ
1506 1469 1699 1537 πάντα,
1746 1468 1836 1523 καὶ

186 1561 485 1632 κατηγορεῖ
525 1556 762 1629 πάντων,
812 1557 902 1612 καὶ
953 1556 1345 1634 ἐμπεπύρισται
1376 1558 1404 1611 ὁ
1436 1558 1750 1633 ἃμαρτήσας
1781 1556 1840 1613 ἐκ

185 1653 294 1716 τῆς
327 1643 462 1708 ἰδίας
493 1643 739 1721 καρδίας,
768 1646 860 1701 καὶ
892 1648 1015 1722 ἆραι
1047 1645 1341 1722 πρόσωπον
1364 1645 1426 1702 ού
1459 1643 1677 1702 δύναται
1699 1646 1838 1721 πρὸς

187 1736 286 1791 τὸν
314 1735 522 1810 κριτήν.
1390 1726 1393 1729 Δ

270 1823 396 1880 ΚΔ’.
429 1847 457 1875 ι(
508 1820 606 1877 Καὶ
654 1825 768 1892 νῦν,
817 1821 978 1878 τέκνα
1029 1843 1156 1895 μου,
1202 1822 1518 1897 ἀγαπήσατε
1560 1823 1652 1880 τὸν
1685 1821 1837 1897 Acut,

1944 670 2373 727 existimassem
2407 686 2497 726 me
2524 666 3039 742 inexpugnabilem
3071 681 3220 722 esse.

2014 759 2126 815 XX.
2165 779 2193 813 ιι
2221 759 2558 831 Cognoscite
2586 758 2787 831 igitur,
2822 756 2926 813 filii
2958 754 3093 823 mei,
3127 754 3280 825 quod
3330 752 3445 807 duo
3475 750 3592 823 spi-

1946 849 2094 904 ritus
2125 854 2331 904 vacant
2352 847 2595 913 homini,
2646 847 2889 919 spiritus
2936 843 3218 908 veritatis,
3243 846 3301 897 et
3349 840 3597 913 spiritus

1945 938 2195 1006 erroris;
2226 943 2283 992 et
2304 938 2535 993 medius
2565 940 2653 993 est
2682 934 2925 1007 spiritus
2959 932 3293 988 intellectus
3351 928 3592 1000 mentis,

1946 1028 2117 1099 cujus
2150 1032 2256 1096 est,
2291 1043 2405 1098 quo
2425 1025 2549 1081 vult
2581 1024 2880 1081 inclinare.
2908 1026 2973 1078 Et
3000 1039 3124 1093 qua:
3148 1023 3287 1076 sunt
3307 1017 3593 1089 veritatis,

1946 1119 2003 1171 et
2023 1132 2152 1187 quae
2174 1120 2313 1171 sunt
2333 1114 2565 1184 erroris,
2591 1114 2811 1185 scripta
2832 1114 2970 1167 sunt
2991 1127 3166 1182 super
3182 1111 3381 1180 pectus
3402 1106 3593 1162 homi-

1948 1206 2122 1273 nis“,
2155 1209 2211 1260 et
2243 1219 2661 1275 unumquoque
2704 1218 2904 1257 eorum
2956 1198 3255 1271 cognoscit
3293 1196 3593 1252 Dominus.

1947 1298 2015 1349 Et
2047 1310 2161 1350 non
2184 1298 2275 1349 est
2298 1298 2551 1365 tempus,
2577 1292 2636 1347 in
2660 1308 2775 1363 quo
2796 1294 3067 1362 poterunt
3090 1287 3267 1342 latere
3286 1285 3593 1341 hominum

1947 1400 2121 1456 opera
2147 1400 2159 1451 ;
2194 1384 2468 1455 quoniam
2498 1398 2567 1437 ea
2586 1381 2645 1435 in
2665 1386 2895 1453 pectore
2915 1378 3137 1433 ossium
3156 1374 3437 1446 inscripta
3458 1376 3597 1429 sunt

1947 1488 2145 1529 coram
2177 1471 2443 1528 Domino.
2481 1471 2549 1525 Et
2573 1470 2817 1540 spiritus
2870 1466 3129 1522 veritatis
3188 1462 3593 1519 testimonium

1948 1562 2212 1632 perhibet
2232 1562 2303 1616 de
2330 1560 2629 1627 omnibus,
2663 1564 2719 1614 et
2748 1562 2987 1613 accusat
3006 1554 3235 1621 omnia;
3270 1558 3327 1607 et
3347 1552 3594 1607 adustus

1948 1654 2039 1707 est
2070 1651 2171 1722 qui
2203 1655 2405 1722 peccat
2434 1665 2503 1705 ex
2558 1648 2791 1721 praprio
2844 1645 3035 1716 corde,
3068 1648 3123 1700 et
3152 1642 3340 1699 levare
3387 1640 3593 1696 faciem

1949 1757 2063 1796 non
2098 1744 2287 1811 potest
2317 1739 2388 1794 ad
2409 1737 2688 1809 judicem.

2020 1829 2163 1885 XXI.
2198 1850 2226 1879 «
2259 1831 2326 1882 Et
2352 1824 2655 1893 nunc,{llii
2689 1824 2827 1889 mei,
2859 1821 3084 1894 diligite
3107 1818 3259 1887 Levi,
3285 1822 3351 1874 ut
3376 1833 3597 1891 perma-

184 1911 306 2014 Yxa‘
335 1909 667 1985 διαμείνητε·
720 1912 809 1966 καὶ
864 1912 941 1984 μή
1000 1910 1278 2014 ἐπαίρεσθε
1318 1910 1399 1967 ἐπ’
1428 1911 1610 1981 αὑτὸν,
1637 1909 1728 1969 *ίνα
1760 1914 1834 1987 μὴ

1952 1916 2174 1984 neatis;
2206 1920 2263 1972 et
2292 1932 2405 1971 non
2438 1912 2761 1970 eﬂ‘eramini
2792 1928 2969 1984 super
2997 1910 3215 1982 ipsum,
3247 1912 3313 1962 ut
3344 1923 3457 1963 non
3482 1906 3601 1963 dis-

192 1998 635 2078 έξολοθρευθῆτε.
696 1998 852 2073 Ἐμοὶ
896 1999 997 2076 γὰρ
1047 1995 1216 2055 ἔδωκε
1273 1999 1469 2076 Κύριος
1514 2001 1613 2070 τήν
1684 2002 1840 2077 βασι-

196 2090 371 2158 λείαν,
420 2088 652 2162 κάκείνῳ
695 2090 794 2158 τὴν
833 2086 1118 2165 ἱερατείαν,
1186 2089 1275 2143 καὶ
1326 2088 1548 2161 ὑπέταξε
1594 2091 1695 2160 τήν
1752 2092 1844 2167 βα-

195 2177 405 2235 σιλείαν
454 2182 523 2252 τῇ
572 2178 857 2254 ἱερωσύνῃ.
917 2178 1075 2251 Ἐμοὶ
1124 2176 1294 2233 ἔδωκε
1332 2179 1401 2234 τὰ
1446 2178 1535 2234 ἐπὶ
1580 2186 1684 2250 τῆς
1712 2187 1840 2255 γῆς,

191 2267 425 2340 κάκείνῳ
466 2268 533 2321 τὰ
584 2267 635 2322 ἐν
686 2265 959 2342 οὐρανοῖς.
1008 2269 1095 2329 Ὠς
1146 2267 1399 2343 ὑπερέχει
1457 2267 1683 2344 οὐρανὸς
1739 2276 1842 2339 τῆς

190 2363 322 2434 γῆς,
370 2356 542 2419 οὕτως
592 2355 845 2432 ὑπερέχει
882 2360 1013 2411 Θεοῦ
1042 2356 1277 2423 ἱερατεία
1304 2364 1405 2427 τῆς
1437 2355 1524 2412 ἐπὶ
1554 2365 1659 2433 γῆς
1693 2359 1843 2434 βασι-

195 2444 345 2507 λείας
539 2444 637 2499 Kal
686 2444 789 2519 γὰρ
838 2443 998 2499 αὑτὸν
1051 2444 1182 2521 ὑπὲρ
1235 2446 1293 2502 σὶ
1337 2443 1611 2517 ἐξελέξατο
1642 2445 1839 2524 Κύριος

196 2533 428 2610 ἐγγίζειν
504 2534 668 2606 αὐτῷ,
742 2533 831 2589 καὶ
908 2532 1096 2589 ἐσθίειν
1161 2533 1427 2610 τράπεζαν
1502 2535 1691 2610 αὑτοῦ,
1749 2536 1839 2592 καὶ

195 2624 449 2698 ἀπαρχὰς
496 2622 920 2701 ἐντρυφημάτων
971 2624 1101 2679 υἱῶν
1151 2622 1413 2700 Ἰσραήλ·
1468 2625 1557 2679 καὶ
1607 2625 1704 2700 ὶσῃ
1750 2625 1842 2681 αὖ·

190 2714 431 2786 τοῖς
481 2711 556 2775 ὡς
603 2714 639 2781 ἠ
700 2710 941 2775 θάλασσα
985 2714 1188 2788 Ὠσπερ
1246 2715 1351 2789 γὰρ
1392 2712 1445 2768 ὲν
1470 2713 1604 2788 αὑτῇ
1637 2711 1836 2770 δίκαιοι

192 2801 285 2856 καὶ
316 2798 492 2856 ἄδικοι
522 2799 899 2876 χειμάζονται,
932 2801 983 2857 οἱ
1031 2802 1127 2875 μὲν
1166 2801 1733 2878 αἰχμαλωτιζόμενοι,
1785 2804 1840 2859 οἱ

194 2886 257 2946 δὲ
285 2887 665 2952 πλουτοῦντες·
725 2888 899 2953 οὕτως
944 2890 1035 2945 καὶ
1082 2890 1135 2945 ἐν
1178 2892 1264 2946 σοὶ
1311 2897 1413 2946 πᾶν
1446 2892 1601 2966 γένος
1631 2892 1840 2969 ἀνθρώ-

192 2999 335 3048 πων,
389 2979 443 3033 οἱ
493 2979 589 3052 μὶν
639 2975 967 3034 κινδυνεύσιν
1032 2976 1601 3054 αἷχμαλωτιζόμενοι,
1671 2981 1725 3035 οἱ
1781 2977 1842 3037 δὶ

192 3064 520 3123 πλουτοῦσιν
562 3068 911 3139 ἁρπάζοντες.
942 3072 1059 3123 ⁴¹Οτι
1090 3069 1142 3123 οἱ
1177 3067 1555 3144 βασιλεύοντες
1604 3067 1839 3140 ἔσονται,

192 3157 271 3219 ὡς
300 3158 463 3229 κήτη,
494 3155 876 3218 κάταπίνοντες
909 3155 1244 3232 ἀνθρώπους,
1286 3157 1362 3219 ὡς
1414 3156 1609 3233 ἰχθύας
1630 3178 1642 3192 ο
1684 3170 1839 3236 θυγα-

190 3247 350 3321 τέρας
380 3246 467 3301 καὶ
500 3244 649 3307 υἱοὺς
687 3244 999 3319 ἐλευθέρους
1047 3244 1576 3302 καταδουλώσουσιν
1628 3246 1833 3323 οἷ’κους,

194 3316 411 3410 ἀγροὺς,
452 3334 702 3408 ποίμνια,
763 3316 1028 3411 χρήματα
1076 3334 1410 3408 ἁρπάσουσι·
1470 3336 1560 3392 καὶ
1608 3316 1835 3394 πολλῶν
1864 3316 1906 3383 C

191 3424 390 3499 σάρκας
448 3421 650 3485 ἀδίκως
704 3423 929 3501 κόρακες
983 3424 1074 3479 καὶ
1136 3419 1269 3487 ἴϐεις
1320 3426 1670 3501 χορτάσουσι,
1742 3426 1834 3483 καὶ

185 3512 555 3588 προκόψουσιν
588 3512 675 3568 ἐπὶ
703 3513 767 3568 τὸ
796 3512 959 3568 κακὸν
992 3511 1045 3567 έν
1077 3512 1363 3587 πλεονεξίᾳ
1383 3514 1703 3589 ὑψούμενοι.
1727 3516 1834 3573 Καὶ

188 3600 403 3658 ἔσονται
448 3602 523 3664 ὡς
568 3599 872 3678 καταιγίδες
903 3599 1369 3682 ψευδοπροφῆται,
1395 3603 1485 3660 καὶ
1515 3607 1716 3669 πάντας
1749 3603 1831 3662 δι-

185 3692 375 3754 καίους
408 3689 714 3762 διώξονται.

260 3783 383 3839 ΚΒ’.
432 3805 461 3834 ι(
514 3780 723 3851 Ἐπάξει
774 3777 833 3836 δὲ
876 3779 1063 3844 αὑτοῖς
1112 3778 1315 3858 Κύριος
1362 3778 1651 3859 διαιρέσεις
1717 3786 1834 3841 κατ’

186 3868 481 3940 ἀλλήλων,
520 3868 608 3924 καὶ
657 3867 896 3943 πόλεμοι
944 3874 1190 3946 συνεχεῖς
1248 3866 1457 3926 ἔσονται
1506 3872 1557 3928 ἐν
1588 3872 1833 3948 Ἰσραὴλ,

186 3959 279 4015 καὶ
329 3959 381 4014 έν
431 3955 771 4036 ἀλλοφύλοις
821 3956 1293 4029 συντελεσθήσεται
1343 3962 1377 4030 ἡ
1427 3961 1674 4035 βασιλεία
1707 3983 1833 4037 μου,

184 4048 293 4111 ἓως
324 4052 421 4103 τοῦ
451 4045 625 4111 ἐλθεῖν
655 4046 719 4104 τὸ
770 4049 1042 4120 σωτήριον
1074 4046 1154 4122 τῷ
1183 4049 1426 4125 Ἰσραὴλ,
1479 4048 1584 4115 ἕως
1636 4072 1837 4129 παρου-

186 4136 306 4199 σίας
334 4141 431 4191 τοῦ
462 4140 594 4192 Θεοῦ
625 4138 722 4206 τῆς
755 4133 1120 4209 δικαιοσύνης,
1149 4142 1247 4191 τοῦ
1275 4138 1548 4215 ἡσυχάσαι
1586 4140 1679 4195 τὸν
1731 4143 1833 4199 Ἰα-

184 4220 306 4282 κὼϐ
338 4224 391 4280 ἐν
426 4226 634 4302 εἰρήνῃ,
665 4225 755 4280 καὶ
786 4225 961 4280 πάντα
988 4224 1057 4280 τὰ
1086 4224 1236 4297 ἔθνη.
1270 4226 1368 4281 Καὶ
1400 4227 1561 4291 αὑτὸς
1610 4226 1835 4307 φυλάξει

186 4316 386 4389 κράτος
440 4313 715 4390 βασιλείας
762 4334 866 4387 μου
913 4312 1018 4377 ἓως
1064 4318 1163 4369 τοῦ
1210 4314 1427 4378 αἰῶνος.
1497 4318 1679 4391 Ὀρκῳ
1727 4320 1832 4395 γὰρ

188 4401 374 4477 ὢμοσέ
396 4424 489 4477 μοι
513 4402 738 4479 Κύριος,
764 4403 840 4477 μή
865 4400 1131 4476 ἐκλείψειν
1152 4402 1215 4458 τὸ
1243 4404 1514 4480 βασίλειόν
1533 4427 1637 4479 μου
1659 4406 1719 4462 ἐκ
1737 4413 1835 4464 τοῦ

186 4492 497 4568 σπέρματός
531 4512 657 4564 μου,
697 4493 869 4553 πάσας
898 4492 995 4554 τὰς
1018 4493 1248 4566 ἡμέρας,
1278 4490 1384 4555 ἕως
1410 4498 1509 4550 τοῦ
1540 4494 1760 4559 αἰῶνος.

259 4583 377 4639 KI“.
411 4604 441 4634 ιι
466 4578 660 4650 Πολλή
696 4577 753 4637 δὲ
785 4578 934 4651 λύπη
968 4579 1065 4654 μοί
1097 4580 1227 4652 ἐστι,
1258 4580 1418 4637 τέκνα
1442 4604 1572 4657 μου,
1606 4581 1695 4641 διὰ
1736 4586 1834 4649 τὰς

1956 2005 2226 2079 pereatis.
2260 2003 2403 2060 Mihi
2432 2004 2587 2059 enim
2621 2002 2780 2058 dedit
2808 2001 3094 2056 Dominus
3122 2014 3390 2069 regnum,
3422 2000 3480 2051 et
3509 1995 3596 2050 illi

1953 2093 2366 2159 sacerdotium,
2396 2097 2454 2149 et
2482 2091 2735 2163 subjecit
2778 2105 3025 2161 regnum
3075 2085 3415 2143 sacerdotio.
3450 2084 3595 2140 Mihi

1952 2184 2114 2240 dedit
2142 2200 2271 2255 qua:
2300 2182 2360 2237 in
2392 2190 2579 2249 terra;
2613 2180 2698 2235 illi
2729 2196 2883 2245 vero,
2916 2194 3042 2249 quae
3069 2180 3210 2231 sunt
3240 2174 3297 2229 in
3317 2172 3499 2229 cmlis.
3526 2173 3597 2232 Ut

1951 2272 2349 2345 supereminet
2375 2270 2587 2327 caelum
2609 2274 2796 2335 terras,
2828 2268 2912 2322 ita
2941 2263 3337 2337 supereminet
3364 2261 3464 2317 Dei
3496 2277 3591 2317 sa-

1951 2361 2273 2419 cerdotium
2321 2376 2499 2433 regno
2532 2358 2685 2431 quod
2716 2362 2805 2414 est
2847 2355 2906 2411 in
2937 2360 3106 2410 terra.
3144 2351 3367 2408 Etenim
3397 2351 3593 2422 ipsum

1952 2456 2196 2524 suprate
2208 2449 2380 2523 elegit
2397 2448 2680 2506 Dominus
2698 2445 2937 2518 apprOpi
2950 2458 3166 2515 square
3186 2441 3321 2512 ipsi,
3352 2443 3410 2495 et
3428 2442 3594 2494 com-

1949 2542 2119 2597 edere
2148 2555 2413 2596 mensam
2460 2537 2669 2609 ipsius,
2703 2540 2760 2591 et
2792 2533 3080 2608 primitias
3124 2529 3465 2587 deliciarum
3520 2528 3591 2583 ﬁ-

1949 2629 2160 2685 liorum
2194 2627 2372 2684 Israel
2406 2645 2418 2682 :
2452 2630 2509 2682 et
2530 2625 2647 2682 eris
2678 2625 2762 2681 eis
2784 2627 2847 2678 ut
2879 2638 3059 2677 mare.
3087 2617 3592 2687 Quemadmodum

1950 2718 2106 2774 enim
2129 2716 2188 2772 in
2220 2716 2367 2772 mari
2390 2714 2535 2787 justi
2569 2717 2625 2770 et
2654 2711 2860 2784 iujusti
2899 2711 3181 2777 hiemant,
3236 2706 3296 2762 hi
3353 2704 3589 2777 quidem

1949 2807 2158 2880 captivi
2190 2805 2351 2877 facti,
2384 2804 2440 2861 hi
2461 2821 2594 2860 vero
2625 2801 2792 2858 ditati
2815 2818 2828 2857 :
2852 2801 2932 2856 ita
2951 2804 3009 2855 et
3038 2798 3097 2853 in
3127 2801 3185 2852 te
3214 2812 3386 2851 omne
3405 2811 3592 2866 genus

1948 2896 2281 2967 hominum,
2313 2894 2372 2949 hi
2406 2893 2641 2966 quidem
2675 2890 3077 2964 periclitantur
3105 2888 3163 2942 in
3194 2884 3587 2957 captivitatem

1950 2985 2082 3054 acti,
2117 2984 2179 3041 hi
2208 3000 2341 3041 vero
2371 2984 2634 3039 ditantur
2663 2980 2977 3053 rapientes.
3036 2976 3321 3045 Quoniam
3370 2973 3471 3046 qui
3501 2989 3590 3029 re-

1948 3078 2134 3149 gnant
2155 3078 2327 3131 erunt
2356 3072 2508 3129 sicut
2539 3075 2681 3139 cete,
2715 3067 3101 3141 deglutientes
3133 3064 3399 3123 homines
3427 3061 3589 3118 velut

1948 3164 2138 3237 pisces
2162 3181 2175 3220 :
2201 3162 2353 3219 filias
2373 3166 2430 3217 et
2451 3161 2601 3217 ﬁlios
2630 3157 2913 3215 liberosin
2937 3155 3279 3212 servitutem
3293 3152 3591 3224 redigant;

1948 3254 2175 3323 domos,
2198 3268 2390 3323 agros,
2423 3266 2646 3323 greges,
2680 3247 2958 3320 pecunias
2988 3244 3248 3316 rapient;
3281 3246 3337 3296 et
3375 3238 3591 3295 multo-

1944 3358 2076 3398 rum
2104 3342 2381 3397 carnibus
2413 3340 2630 3411 injuste
2661 3353 2861 3393 corvos
2899 3339 2956 3389 et
2988 3332 3166 3389 ibices
3216 3329 3588 3396 saturabunt,

1943 3435 1998 3487 et
2055 3430 2360 3503 proﬁcient
2406 3429 2465 3483 in
2523 3426 2746 3483 malum
2804 3425 2863 3479 in
2923 3422 3161 3478 avaritia
3215 3417 3469 3475 exaltati.
3515 3419 3588 3473 Et

1943 3523 2116 3575 erunt
2145 3523 2209 3574 ut
2230 3516 2492 3591 procellae
2516 3513 3059 3590 pseudoprophetis,
3091 3516 3364 3566 etomnes
3386 3508 3583 3579 justos

1941 3612 2386 3681 persequentur.

2014 3786 2175 3843 XXII.
2213 3805 2240 3838 ι
2270 3786 2511 3841 Inducet
2547 3786 2743 3839 autem
2802 3780 2888 3837 eis
2935 3779 3210 3836 dominus
3267 3777 3585 3835 divisiones

1942 3875 2096 3931 inter
2124 3891 2209 3943 se,
2240 3878 2298 3930 et
2327 3872 2478 3929 bella
2534 3872 2814 3929 continua
2867 3870 3127 3926 eruntin
3188 3868 3387 3936 Israel,
3420 3872 3478 3923 et
3528 3867 3588 3922 in

1945 3964 2288 4037 alienigenis
2310 3962 2819 4019 consummabitur
2847 3976 3093 4032 regnum
3127 3973 3343 4025 meum,
3402 3956 3587 4012 donec

1942 4054 2135 4110 veniet
2165 4053 2423 4108 salutare
2454 4050 2653 4116 Israel,
2688 4066 2875 4122 usque
2906 4049 2977 4103 ad
3010 4048 3323 4103 adventum
3356 4044 3455 4100 Dei
3484 4045 3585 4115 ju-

1945 4143 2140 4211 stitiae,
2172 4147 2238 4199 ut
2266 4142 2531 4212 quiescat
2558 4139 2737 4196 Jacob
2762 4138 2819 4193 in
2860 4153 3021 4209 pace.
3052 4140 3109 4192 et
3138 4150 3342 4191 omnes
3381 4138 3587 4205 gentes

1942 4234 2013 4288 Et
2040 4232 2166 4304 ipse
2197 4231 2486 4287 custodiet
2529 4232 2873 4301 potestatem
2933 4225 3095 4297 regni
3145 4224 3259 4279 mei
3308 4238 3497 4295 usque
3525 4222 3585 4278 in

1944 4320 2244 4377 saeculum.
2275 4321 2617 4377 Juramento
2657 4318 2814 4374 enim
2847 4316 3071 4387 juravit
3104 4313 3247 4370 mihi
3278 4312 3583 4381 Dominus,

1942 4427 2058 4466 non
2088 4411 2453 4466 defecturam
2484 4423 2732 4479 regnum
2765 4422 2958 4462 meum
2988 4421 3020 4460 e
3042 4404 3265 4461 semine
3295 4419 3445 4469 meo,
3468 4418 3592 4459 om-

1943 4499 2119 4555 nibus
2150 4499 2377 4568 diebus,
2410 4513 2595 4568 usque
2624 4495 2683 4551 in
2716 4496 3016 4551 saeculum.

2013 4588 2198 4645 XXIII.
2236 4610 2259 4638 ι
2292 4586 2472 4642 Multa
2502 4590 2697 4641 autem
2731 4584 2969 4641 tristitia
3002 4582 3143 4639 mihi
3166 4586 3255 4638 est
3286 4580 3389 4636 filii
3448 4579 3583 4647 mei,

185 4669 462 4747 ἀσελγείας
490 4669 580 4725 καὶ
609 4668 884 4746 γοητείας,
914 4669 1003 4724 καὶ
1036 4665 1511 4745 εἰδωλολατρείας,
1562 4672 1624 4736 ἅς
1670 4676 1833 4746 ποιή-

1952 4681 2178 4750 propter
2222 4674 2642 4748 impudicitiae,
2675 4677 2729 4730 et
2759 4672 3075 4745 sortilegis,
3108 4675 3164 4726 et
3203 4668 3583 4737 idololatrias,

184 4779 305 4816 σετε
334 4758 411 4821 εἰς
464 4758 527 4813 τὸ
563 4757 857 4833 βασίλειον,
891 4756 1341 4835 ἐγγαστριμύθοις
1384 4758 1830 4835 ἀκολουθοῦντες,

180 4846 413 4923 κληδόσι
468 4849 570 4922 (3),
628 4846 717 4902 καὶ
783 4844 1004 4920 δαίμοσι
1062 4846 1296 4919 πλάνης.
1365 4850 1468 4912 Τὰς
1539 4850 1831 4927 θυγατέρας

184 4938 342 5010 ὑμῶν
393 4937 659 5010 μουσικὰς
706 4935 795 4991 καὶ
842 4932 1111 5009 δημοσίας
1166 4939 1443 5011 ποιήσετε,
1510 4939 1600 4996 καὶ
1647 4939 1831 5014 ἐπιμι-

181 5029 417 5103 γήσεσθε
446 5026 499 5081 ἐν
556 5022 921 5101 βδελύγμασιν
969 5024 1183 5081 ἐθνῶνοε
1213 5026 1324 5082 ἀνθ’
1369 5029 1445 5082 ὧν
1497 5026 1607 5099 ἄξει
1638 5028 1833 5106 Κύριος

181 5115 265 5195 ἐφ’
313 5116 454 5189 ὑμᾶς
522 5114 710 5188 λιμὸν,
761 5112 985 5170 θάνατον
1035 5114 1125 5170 καὶ
1171 5114 1464 5194 ῥομφαίαν,
1515 5115 1827 5174 ἑκδικοῦσαν

176 5203 528 5281 πολιορκίαν,
576 5204 665 5259 καὶ
710 5201 869 5266 κύνας
915 5202 991 5266 εἷς
1035 5201 1394 5278 διασπασμὸν,
1459 5204 1673 5282 ἐχθρῶν
1738 5206 1829 5264 καὶ

178 5293 359 5375 φίλων
408 5290 769 5367 ὀνειδισμοὺς,
816 5290 1092 5349 ἀπώλειαν
1161 5293 1250 5349 καὶ
1310 5296 1388 5370 (4)
1461 5296 1830 5375 ωφακελισμὸν

251 5386 302 5423 ⁸⁸
330 5385 500 5441 Rom.
533 5401 596 5452 ιι,
630 5384 718 5452 14,
752 5383 840 5440 15.

175 5488 727 5625 ἀυξοῗζῖεπίγνωτε
773 5489 888 5546 οὖν.
936 5492 1171 5551 Omissa
1221 5492 1450 5567 integra
1491 5493 1615 5551 haec
1644 5495 1829 5568 perio-

224 5626 327 5707 (1)
358 5631 665 5707 Βασιλείας.
699 5630 1005 5707 Βασιλείας,
1030 5633 1131 5707 ,ἐὰνῄ
1158 5634 1236 5707 μή
1268 5631 1338 5707 δι’
1369 5634 1637 5707 ἁμαρτίας
1666 5634 1828 5692 ἐκπέ-

173 5703 496 5835 ἓέξέρίου,
526 5703 616 5760 καὶ
646 5710 900 5781 κυριευθῆ
948 5703 1052 5760 ὑπὸ
1116 5703 1375 5783 ἐπιγείοις,
1409 5703 1598 5767 ἀὰᾶίι
1649 5710 1830 5768 codex

1942 4783 2091 4838 quas
2120 4765 2342 4822 facietis
2368 4765 2427 4820 in
2469 4778 2739 4835 regnum,
2800 4761 3195 4833 ventriloquos
3249 4761 3582 4831 sequentes,

1940 4852 2327 4908 divinationes
2374 4857 2431 4907 et
2486 4851 2783 4906 daemonas
2837 4848 3070 4904 erroris.
3132 4847 3306 4903 Filias
3359 4850 3584 4903 vestras

1939 4942 2291 4997 cantatrices
2328 4945 2385 4996 et
2412 4938 2678 5012 publicas
2707 4939 2951 5006 facietis,
2986 4944 3043 4994 et
3101 4936 3581 4993 immiscebimini

1941 5030 2478 5086 abominationibus
2499 5030 2760 5101 gentium
2787 5046 2800 5095 ;
2826 5044 2928 5100 pro
2960 5027 3173 5099 quibus
3194 5027 3366 5082 ducet
3389 5024 3583 5081 Domi-

1941 5136 2056 5175 nus
2085 5136 2263 5191 super
2289 5136 2390 5175 vos
2421 5120 2635 5174 famem
2661 5123 2719 5173 et
2750 5117 3166 5189 pestilentiam,
3223 5120 3469 5172 mortem
3527 5118 3585 5171 et

1936 5208 2224 5280 gladium,
2256 5207 2631 5264 ulciscentem
2664 5206 3049 5274 obsidionem,
3080 5209 3137 5261 et
3162 5220 3335 5262 canes
3384 5204 3444 5259 in
3494 5202 3582 5259 di-

1936 5295 2339 5366 laniationem,
2372 5295 2747 5352 inimicorum
2776 5298 2835 5352 et
2874 5295 3198 5352 amicorum
3247 5291 3583 5367 opprobria,

2006 5496 2085 5569 (2)
2115 5494 2213 5550 Καὶ
2243 5491 2335 5568 ἔσῃ
2386 5492 2588 5556 αὐτοῖς.
2640 5494 2784 5552 Add.
2833 5490 2897 5547 σὺ
2954 5488 3012 5547 δὲ
3058 5487 3150 5566 ἔσῃ
3196 5485 3449 5566 βασιλεὺς
3472 5492 3577 5549 Ἰα-

1934 5561 2073 5622 nec.
2107 5568 2287 5625 Gaas.

2006 5641 2085 5712 (3)
2154 5634 2632 5712 ’Δκολουθοῦντες,
2682 5631 2959 5712 θιληδόσι.

1935 5703 2156 5770 omissa
2186 5710 2452 5783 sequenti
2482 5703 2625 5783 voce
2647 5703 2895 5783 κληδόσι.
2926 5713 3009 5783 lu.

2006 5783 2085 5857 (4)
2136 5780 2234 5835 Καὶ
2264 5775 2448 5844 ’κύνας
2507 5778 2585 5843 εἰς
2643 5775 3001 5855 διώσπασμὸν,
3066 5778 3281 5858 έχθρῶν
3354 5778 3443 5838 καὶ
3500 5777 3584 5857 φί-

3042 5631 3577 5707 Ἐξακολουθοῦντες,
