4036 6356
451 394 604 457 1083

1443 395 1980 461 TESTAMENTA
2023 393 2135 458 XII
2177 392 2890 460 PATRIARGHARUM.

3703 390 3865 456 1084

435 525 820 601 perditionem
856 531 913 582 et
944 527 1120 584 talem
1151 527 1521 595 occulodum,
1557 545 1868 600 puerorum
1929 527 2079 583 occi-

2198 523 2521 600 ὀφθαλμῶν,
2572 524 2786 595 τήπίων
2839 525 3128 602 ἀναίρεσιν,
3179 524 3270 580 xui
3325 517 3570 598 συμϐίων
3627 522 3861 603 ἀφαίρε-

439 617 685 688 sionem,
719 623 774 672 et
801 635 1042 672 uxorum
1075 617 1448 684 ablationem,
1493 619 1933 690 possessionum
1993 632 2082 670 ra-

437 706 659 779 pinam,
691 711 856 762 terras
891 706 1328 776 desolationem,
1361 706 1567 778 templi
1590 707 1687 761 Dei
1721 704 2082 774 incendium,

431 795 607 851 vestri
636 795 898 868 ipsorum
934 795 1270 850 servitutem
1303 796 1362 850 in
1395 795 1672 867 gentibus
1707 813 1719 862 ;
1753 800 1810 850 et
1858 794 2083 849 exscin-

433 885 572 940 dent
601 901 630 940 e
661 885 824 940 vobis
854 885 1110 941 enuchos
1146 885 1424 940 uxoribus
1456 885 1603 954 suis,
1653 885 1836 939 donec
1895 899 2083 938 rever-

432 974 638 1030 tamini
673 975 744 1028 ad
777 974 1089 1029 Dominum
1112 974 1171 1028 in
1199 974 1423 1046 integro
1457 975 1648 1041 corde,
1711 971 2082 1044 pcsnitentes,

433 1067 490 1119 et
521 1063 889 1118 ambulantes
923 1064 978 1117 in
1013 1063 1287 1119 omnibus
1319 1063 1613 1118 mandatis
1654 1062 1776 1132 Dei,
1810 1065 1864 1116 et
1892 1060 2085 1115 visitet

432 1169 536 1208 vos
568 1151 849 1207 Dominus
873 1152 930 1206 in
964 1152 1384 1219 misericordia,
1420 1155 1476 1208 et
1499 1153 1738 1207 reducat
1768 1167 1801 1206 a
1836 1148 2078 1221 captivi-

433 1244 553 1298 tate
581 1241 954 1297 inimicorum
982 1246 1343 1297 vestrorum.

502 1330 694 1386 XXIV.
732 1352 761 1382 «
803 1332 869 1385 Et
925 1336 1056 1403 post
1087 1331 1206 1384 haec
1253 1330 1469 1385 orietur
1524 1329 1687 1384 vobis
1729 1333 1953 1384 astrum
2014 1343 2081 1383 ex

431 1419 609 1476 Jacob
640 1419 700 1474 in
733 1437 891 1491 pace,
927 1424 981 1474 et
1028 1424 1297 1491 exsurget
1345 1419 1518 1474 homo
1568 1436 1636 1474 ex
1676 1418 1899 1473 semine
1929 1433 2078 1486 meo,

431 1513 497 1564 ut
517 1508 604 1564 sol
647 1509 913 1579 justitise,
949 1508 1258 1563 ambulans
1307 1525 1437 1563 cum
1491 1508 1626 1562 (iliis
1675 1506 1982 1562 hominum
2015 1506 2074 1560 in

430 1597 883 1652 mansuetudine
914 1601 970 1651 et
1002 1598 1256 1665 justitia,
1289 1602 1345 1652 et
1375 1597 1695 1668 quidquam
1721 1595 1937 1668 peccati
1963 1611 2077 1649 non

430 1684 800 1740 invenientur
828 1685 886 1740 in
921 1701 1005 1740 eo.
1039 1686 1107 1740 Et
1138 1687 1472 1757 aperientur
1501 1685 1892 1757 superipsum
1928 1683 2075 1752 caeli,

433 1775 504 1831 ad
538 1775 956 1830 effundendum
1001 1774 1305 1846 Spiritum,
1367 1775 1828 1831 benedictionem
1889 1773 2077 1828 Patris

2196 635 2299 685 σιν,
2352 614 2708 690 ὑπαρχόντων
2763 614 3014 692 ἁρπαγὴν
3063 618 3162 690 (5),
3210 621 3314 691 γῆς
3367 614 3675 690 ἐρήμωσιν,
3733 618 3862 668 ναοῦ

2195 706 2329 759 Θεοό
2377 703 2738 779 ἐμπυρισμὸν,
2787 704 2938 775 ὑμῶν
2987 705 3165 760 αὐτῶν
3221 701 3467 758 δουλείαν
3532 702 3586 758 ἐν
3643 702 3862 758 ἒθνεσγ

2191 791 2280 846 xui
2308 790 2624 865 ἐκυεμοῢσιν
2655 791 2704 865 ἐξ
2755 792 2909 865 ὐμῶν
2965 793 3042 855 είς
3097 791 3392 869 εὐνούχους
3442 798 3565 854 ταῖς
3612 791 3862 868 γυναιξὶν

2193 880 2391 950 αὐτῶν,
2449 877 2559 942 ἕως
2606 879 2665 935 ἂν
2716 880 3074 957 ἐπιστρεψητε
3119 882 3254 957 πρὸς
3302 881 3502 956 Κύριον
3555 880 3607 935 ἐν
3667 880 3867 950 τελείᾳ

2192 967 2406 1046 καρδίᾳ,
2461 969 2950 1044 μεταμελούμενοι,
3009 972 3098 1025 καὶ
3143 969 3506 1047 πορευόμενοι
3556 969 3610 1024 ἐν
3652 971 3865 1030 πάσαις

2189 1063 2308 1121 ταῖς
2350 1057 2596 1123 ἐντολαῖς
2639 1063 2736 1114 τοῦ
2776 1064 2930 1131 Θεοῦ,
2963 1060 3052 1114 καὶ
3086 1059 3429 1133 ἐπισκὲψηται
3469 1059 3612 1132 ὑμᾶς
3645 1060 3862 1134 Κύριος

2192 1147 2242 1202 ἐν
2296 1146 2458 1216 ἐλὲει,
2506 1147 2596 1202 xui
2649 1148 2899 1225 ἀναγάπῃ
2946 1150 3024 1224 (6)
3053 1149 3159 1204 ἀπὸ
3188 1150 3290 1218 τὴς
3320 1147 3720 1224 αἰχμαλωσίαις
3752 1152 3860 1202 τῶν

2193 1236 2406 1313 ἐχθρῶν
2442 1238 2616 1312 ὑμῶν.

2263 1327 2377 1381 ΚΔ’.
2440 1350 2468 1378 ‹‹
2527 1326 2626 1381 Καὶ
2688 1329 2820 1400 μετᾶ
2867 1331 3031 1382 ταῦτα
3069 1324 3320 1383 ἀνατελεῖ
3361 1327 3488 1400 ὑμῖν
3541 1327 3749 1400 ἄστρον
3814 1325 3863 1396 ἐξ

2191 1410 2385 1469 Ἰακὼϐ
2416 1415 2466 1470 ἐν
2504 1415 2712 1491 εἰρήνῃ,
2759 1414 2848 1470 καὶ
2898 1416 3251 1486 ἀναστήσεται
3299 1414 3585 1490 ἄνθρωπος
3644 1414 3710 1470 ἐκ
3765 1419 3862 1469 τοῦ

2191 1503 2499 1580 σπέρματός
2534 1525 2660 1578 μου,
2689 1505 2766 1568 ὡς
2824 1507 2851 1561 6
2901 1504 3064 1574 ἥλιος
3113 1503 3456 1574 δικαιοσύνης
3507 1504 3859 1579 συμπορευὸ·

2193 1614 2353 1667 μενος
2405 1597 2526 1656 τοῖς
2577 1594 2718 1656 υἱοῖς
2769 1597 2878 1648 τῶν
2927 1593 3226 1668 ἀνθρώπων
3261 1593 3312 1647 ἐν
3343 1592 3610 1670 πραότητι
3642 1593 3742 1647 καὶ
3779 1590 3860 1647 δι-

2187 1681 2466 1756 καιοσύνῃ,
2517 1682 2606 1738 καὶ
2657 1688 2800 1737 πᾶσα
2881 1682 3118 1759 ἁμαρτία
3184 1681 3295 1758 οὐχ
3371 1681 3726 1757 εὑρεθήσεται
3810 1682 3861 1737 ἐν

2188 1769 2354 1844 αύτῷ.
2398 1771 2495 1826 Καὶ
2530 1773 2903 1847 ἀνοιγήσονται
2938 1771 3020 1826 ἐπ’
3067 1770 3226 1826 αὐτὸν
3259 1772 3311 1826 oi
3366 1771 3608 1846 οὐρανοὶ,
3659 1770 3860 1847 ἐκχέαι

431 1862 617 1920 sancti
643 1880 656 1919 :
689 1867 744 1919 et
775 1863 896 1934 ipse
917 1864 1176 1918 eflundet
1206 1864 1477 1935 spiritum
1511 1864 1709 1935 gratiae
1743 1879 1920 1935 super
1949 1879 2076 1931 vos,

2197 1866 2427 1935 Πνεῦμα,
2479 1859 2732 1937 εὐλογίαν
2789 1861 2998 1938 Πατρὸς
3041 1860 3240 1937 ἁγίουο
3304 1859 3394 1916 xui
3443 1859 3603 1922 αὐτὸς
3662 1858 3862 1934 ἐκχεεῖ

2284 1955 2310 1965 ..
2502 1948 2513 1965 ο
2723 1949 2738 1965 ς
2788 1951 2800 1965 .
2855 1951 2868 1965 .
2927 1955 2955 1965 _.
3116 1946 3187 1965 ..ι
3287 1950 3312 1965 ,ι
3419 1948 3432 1965 ,
3478 1953 3506 1965 ..
3578 1948 3592 1965 ,
3727 1948 3745 1965 ο
3795 1947 3810 1965 ς

429 1956 488 2008 et
509 1952 669 2007 eritis
701 1955 752 2008 ei
783 1952 886 2006 filii
917 1953 974 2007 in
1009 1953 1267 2020 veritate,
1301 1957 1356 2007 et
1386 1951 1765 2008 ambulabitis
1815 1953 1873 2007 in
1931 1968 2078 2022 prae-

430 2040 613 2112 ceptis
642 2040 802 2096 illius
831 2042 1036 2112 primis
1067 2047 1123 2096 et
1155 2041 1399 2096 ultimis.
1435 2042 1532 2095 Hic
1575 2045 1664 2096 est
1710 2056 1946 2112 germen
1981 2038 2076 2093 Dei

427 2130 739 2197 Altissimi,
791 2135 847 2184 et
876 2131 968 2185 hic
1000 2135 1090 2185 est
1120 2131 1250 2186 fons
1280 2132 1338 2184 in
1378 2131 1556 2186 vitam
1608 2131 1803 2185 omnis
1860 2127 2074 2184 carnis.

428 2219 592 2275 Tunc
641 2219 952 2291 refulgebit
1002 2223 1296 2292 sceptrum
1348 2219 1510 2291 regni
1549 2219 1681 2283 mei,
1715 2223 1831 2273 sta
1884 2217 2078 2272 radice

425 2312 617 2363 vestra
647 2313 917 2363 nascetur
963 2325 1217 2380 propago
1247 2327 1261 2376 ;
1296 2313 1353 2363 et
1403 2308 1460 2362 in
1493 2325 1558 2362 eo
1591 2308 1864 2363 ascendet
1915 2305 2079 2377 virga

421 2397 668 2468 justitiaa
698 2397 990 2468 gentibus,
1024 2403 1089 2453 ut
1111 2397 1332 2467 judicet
1369 2401 1426 2452 et
1454 2396 1636 2453 salvet
1685 2411 1888 2452 omnes
1919 2395 2079 2451 invo-

434 2490 634 2543 cantes
665 2486 999 2542 Dominum.

501 2661 665 2718 XXV.
695 2681 722 2714 α
751 2663 822 2717 Et
851 2666 982 2734 post
1009 2661 1120 2719 hoc
1143 2667 1408 2736 resurget
1435 2661 1750 2729 Abraham,
1784 2667 1842 2718 et
1893 2662 2075 2730 lsaac,

430 2753 488 2806 et
515 2751 695 2806 Jacob
724 2750 781 2805 in
814 2751 993 2806 vitam
1024 2769 1036 2820 ;
1072 2756 1128 2806 et
1158 2768 1283 2823 ego,
1313 2755 1370 2808 et
1394 2753 1601 2808 fratres
1625 2752 1736 2807 mei
1761 2752 2071 2823 principes,

432 2843 730 2910 sceptrum
755 2845 1012 2896 vertrum
1056 2840 1117 2895 in
1151 2840 1327 2896 Israel
1381 2842 1602 2897 erimus
1635 2840 1766 2896 Levi
1827 2841 2073 2913 primus,

433 2929 728 2984 secundus
758 2945 885 3000 ego,
918 2930 1126 2986 tertius
1165 2929 1404 3002 Joseph,
1456 2935 1702 3001 quartus
1749 2929 2073 3000 Benjamin,

433 3017 675 3089 quintus
707 3016 964 3083 Simeon,
1026 3021 1224 3073 sextus
1284 3018 1536 3084 Isachar,
1570 3021 1626 3072 et
1673 3017 1755 3072 ita
1802 3017 2078 3088 deinceps

433 3122 657 3163 omnes.
692 3107 760 3161 Et
791 3107 1070 3162 Dominus
1118 3106 1411 3162 benedixit
1441 3107 1601 3174 Levi;
1635 3105 1878 3178 angelus
1913 3105 2078 3161 faciei

2187 1955 2396 2023 πνεῦμα
2443 1948 2672 2026 χάριτος
2721 1949 2800 2028 ἐφ’
2849 1951 3013 2024 ὑμᾶς,
3043 1949 3134 2004 καὶ
3161 1946 3344 2005 ἔσεσθε
3375 1948 3520 2021 αύτῷ
3549 1948 3626 2011 εἷς
3686 1947 3855 2010 υἱοὺς

2187 2036 2240 2093 ἐν
2286 2036 2533 2111 ἀληθείᾳ,
2579 2039 2669 2094 καὶ
2742 2037 3065 2113 πορεύσεσθε
3108 2037 3158 2094 ἐν
3228 2037 3606 2114 προστάγματι
3669 2037 3856 2092 αὐτοῦ

2185 2128 2427 2203 πρώτοις
2457 2127 2546 2180 καὶ
2579 2124 2833 2202 ἐσχάτοις
2996 2127 3165 2189 Οὗτος
3196 2127 3225 2182 6
3262 2125 3495 2202 βλαστὸς
3527 2130 3660 2181 Θεοῦ
3718 2126 3858 2199 ὑψί-

2186 2236 2340 2285 στου,
2370 2214 2458 2270 καὶ
2490 2214 2625 2287 αὕτη
2653 2217 2687 2285 ἡ
2720 2219 2876 2290 πηγή
2911 2214 2988 2278 είς
3025 2217 3168 2285 ζωήν
3200 2216 3380 2286 πάσης
3435 2214 3658 2286 σαρκός.
3712 2213 3861 2270 Τότε

2184 2304 2492 2378 ἀναλάμψει
2524 2305 2602 2377 (8)
2637 2311 2916 2377 σκῆπτρον
2954 2303 3233 2378 βασιλείας
3269 2325 3396 2376 μου,
3453 2303 3541 2358 καὶ
3590 2305 3699 2358 ἀπὸ
3744 2311 3855 2373 τῆς

2187 2392 2334 2469 ῥίζης
2368 2393 2520 2466 ὑμῶν
2547 2393 2825 2468 γενήσεται
2865 2394 3107 2465 πυθμήν*
3149 2392 3237 2447 καὶ
3265 2392 3315 2448 ἐν
3345 2389 3489 2465 αύτῷ
3507 2386 3674 2462 ἀναϐή
3687 2413 3857 2447 σεται

2186 2477 2382 2559 ῥάϐδος
2415 2479 2759 2551 δικαιοσύνης
2791 2486 2906 2544 τοῖς
2940 2477 3129 2552 ἔθνεσι,
3161 2486 3339 2558 κρῖναι
3365 2481 3454 2536 καὶ
3485 2485 3654 2536 σῶσαι
3711 2481 3859 2536 πάν-

2181 2592 2276 2635 τας
2300 2570 2427 2634 τοὺς
2460 2570 2916 2644 ἐπικαλουμένττς
2948 2570 3164 2648 Κύριον.

2256 2662 2374 2718 ΚΕ’.
2411 2684 2438 2711 ‹‹
2488 2659 2593 2716 Καὶ
2648 2661 2782 2734 μετὰ
2827 2664 2994 2716 ταῦτα
3022 2659 3373 2732 ἀναστήσεται
3405 2655 3714 2735 Ἀϐραὰμ,³
3748 2662 3845 2714 καὶ

2185 2749 2382 2822 Ἰσαὰκ,
2412 2750 2500 2805 καὶ
2531 2746 2745 2820 Ἰακὼϐ,
2807 2749 2882 2812 εἷς
2926 2751 3071 2822 ζωήν
3095 2768 3108 2781 ⁸
3159 2749 3248 2805 xui
3295 2748 3422 2826 ἐγὼ,
3467 2750 3554 2804 xui
3585 2749 3637 2802 οἱ
3668 2747 3854 2803 ἀδελ-

2185 2839 2276 2919 φοί
2311 2862 2415 2913 μου
2465 2839 2707 2916 ἕξαρχοι,
2759 2842 3032 2914 σκῆπτρον
3081 2841 3241 2913 ἡμῶν
3277 2840 3353 2913 (9)
3387 2837 3438 2894 ἐν
3470 2836 3690 2912 Ἰσραὴλ
3730 2836 3855 2892 €36-

2189 2932 2341 3003 μεθα.
2404 2926 2536 2984 Αευΐ
2583 2933 2823 3005 πρῶτος,
2887 2927 3134 3005 δεύτερος
3181 2927 3311 3003 ἐγὼ,
3361 2927 3545 3004 τρίτος
3613 2927 3854 3003 Ἰωσὴφ,

2183 3017 2437 3094 τέταρτος
2488 3018 2758 3091 Βενιαμὶν,
2809 3017 3058 3090 πέμπτος
3113 3018 3361 3091 Ευμεὼν,
3404 3013 3560 3078 ἕκτος
3592 3015 3853 3092 Ἰσαχὰρ,

2184 3108 2273 3162 καὶ
2305 3105 2476 3168 οῧτῶς
2509 3107 2734 3177 καθεξῆς
2763 3107 2979 3168 πάντες.
3013 3106 3111 3161 Καὶ
3169 3105 3366 3180 Κύριος
3427 3099 3695 3179 εὐλόγησε
3751 3105 3851 3158 τὸν

437 3212 567 3264 me;
599 3195 850 3251 virtutes
880 3195 1071 3269 gloriae
1101 3196 1336 3251 Simeon
1371 3213 1385 3263 ;
1419 3194 1630 3251 cmlum
1679 3195 1876 3250 Ruben
1904 3213 1917 3263 ;
1952 3195 2077 3250 Isa-

2197 3191 2315 3250 Λευΐ
2343 3215 2357 3227 ·
2392 3196 2421 3250 6
2451 3193 2680 3272 ἄγγελος
2707 3199 2804 3250 τοῦ
2834 3195 3123 3272 προσώυου
3162 3193 3260 3269 ἐμέ
3285 3213 3298 3227 ⁸
3354 3195 3410 3248 αἱ
3451 3191 3706 3266 δυνάμεις
3741 3201 3854 3264 τῆς

430 3285 574 3341 chac
604 3289 793 3353 terra;
829 3267 986 3340 mare
1015 3285 1269 3341 Zabulon
1297 3304 1310 3354 ;
1345 3289 1575 3341 montes
1604 3284 1853 3356 Joseph;
1882 3285 2072 3339 taber-

2197 3282 2350 3356 δόξης
2406 3267 2826 3357 τὸνΠΣυμεών·
2971 3267 3202 3359 οὐρανὸς
3257 3283 3349 3340 τὸν
3409 3278 3686 3355 Ῥουϐήμ·
3751 3283 3850 3337 τὸν

426 3373 705 3430 naculum
738 3375 1041 3445 Benjamin
1078 3393 1090 3438 ;
1133 3374 1448 3429 luminaria
1478 3374 1599 3430 Dan
1636 3391 1650 3444 ;
1702 3373 1921 3429 deliciae
1961 3373 2072 3428 Ne-

429 3462 675 3536 ptbalim
700 3481 713 3532 ;
749 3463 832 3518 sol
863 3463 1014 3531 Gad;
1045 3462 1192 3519 olivo
1221 3465 1398 3519 Aser:
1434 3467 1490 3519 et
1510 3463 1618 3518 erit
1647 3480 1802 3519 unus
1824 3461 2073 3534 populus

431 3551 685 3616 Domini,
719 3557 774 3606 et
804 3552 1002 3624 lingua
1026 3570 1178 3620 una;
1209 3557 1398 3608 etnon
1426 3553 1535 3608 erit
1555 3551 1809 3625 amplius
1832 3552 2075 3623 spiritus

433 3640 648 3696 erroris
681 3640 886 3710 Beliar,
918 3641 1195 3712 quoniam
1234 3643 1494 3698 mittetur
1515 3643 1572 3697 in
1597 3644 1792 3713 ignem
1819 3644 1877 3696 in
1901 3657 2077 3696 saecu-

430 3728 577 3785 lum.
611 3731 682 3784 Et
713 3730 812 3801 qui
842 3729 898 3784 in
928 3731 1170 3786 tristitia
1201 3733 1413 3787 mortui
1441 3736 1598 3799 sunt,
1652 3735 1959 3803 resurgant
2014 3730 2075 3786 in

433 3819 686 3892 gaudio;
719 3823 776 3874 et
807 3819 976 3890 quiin
1003 3825 1356 3892 pauperpate
1375 3825 1606 3892 propter
1627 3821 1965 3886 Dominum,
1989 3820 2076 3874 di-

433 3909 750 3976 tabuntur;
785 3914 842 3964 et
862 3908 963 3980 qui
995 3909 1054 3963 in
1077 3909 1294 3982 inopia,
1317 3911 1773 3976 saturabuntur;
1802 3914 1859 3964 et
1881 3908 2080 3981 quiin-

434 3998 796 4067 inﬁrmitate,
831 3997 1330 4067 fortiﬁcabuntur;
1365 4005 1420 4053 et
1460 4000 1561 4070 qui
1619 4003 1853 4070 propter
1888 3997 2078 4054 Domi-

437 4103 581 4143 num
614 4087 829 4143 mortui
864 4094 1020 4156 sunt,
1054 4087 1411 4158 evigilabunt
1433 4089 1488 4143 in
1521 4087 1658 4143 vita.
1695 4092 1760 4142 Et
1800 4088 1948 4143 cervi
1981 4088 2081 4142 Ja-

438 4176 546 4230 cob
576 4181 810 4231 current
855 4177 911 4230 in
953 4176 1325 4242 exultatione,
1375 4182 1432 4232 et
1462 4177 1668 4249 aquila:
1718 4177 1895 4232 Israel
1927 4176 2080 4232 vola-

440 4264 588 4318 bunt
619 4264 676 4317 in
699 4264 913 4336 gaudio
947 4282 960 4331 ;
993 4264 1158 4334 impii
1190 4282 1319 4319 vero
1351 4264 1762 4334 tristabuntur,
1794 4269 1851 4320 et
1881 4281 2081 4336 pecca-

439 4357 595 4408 tores
619 4351 922 4423 lugebunt,
941 4358 998 4409 et
1018 4370 1220 4408 omnes
1244 4353 1445 4426 populi
1469 4353 2085 4425 gloriﬁcabuntDomi-

441 4458 584 4497 num
614 4441 675 4497 in
696 4441 928 4498 saecula.

505 4708 691 4764 XXVI.
726 4732 753 4759 ‹‹
788 4709 1086 4766 Custodite
1111 4708 1313 4782 igitur,
1346 4707 1449 4765 ﬁlii
1479 4709 1617 4776 mei,
1641 4726 1874 4766 omnem
1896 4710 2083 4783 legem

436 4797 694 4869 Domini,
724 4799 1000 4870 quoniam
1055 4815 1189 4870 spes
1245 4804 1333 4854 est
1361 4799 1639 4855 omnibus
1697 4799 2084 4872 dirigentibus

434 4886 588 4943 viam
620 4889 767 4959 ejus.
801 4892 913 4942 »Εἰ
933 4887 1078 4943 dixit
1109 4889 1194 4943 eis
1215 4906 1228 4944 :
1253 4890 1541 4944 «Centum
1566 4889 1763 4944 decem
1792 4894 1850 4944 et
1880 4905 2083 4945 novem

439 4992 730 5033 onnorum
762 4991 867 5048 ego
899 4977 1117 5032 morior
1145 4977 1318 5032 hodie
1347 4978 1406 5031 in
1439 4976 1624 5032 oculis
1646 4978 1872 5033 vestris.
1903 4977 2084 5034 Nemo

442 5081 536 5122 me
567 5065 810 5137 sepeliet
838 5065 896 5120 in
928 5066 1183 5137 pretiosa
1219 5070 1397 5132 veste,
1445 5065 1536 5121 vel
1585 5069 1846 5122 ventrem
1887 5082 2085 5122 meum

439 5223 554 5280 λων
639 5223 945 5297 ὀνειισμοὺς
1014 5222 1292 5297 ἀπώλειαν
1335 5225 1447 5297 xui.
1513 5227 1737 5285 Desunt
1783 5229 1981 5285 omnia
2030 5233 2089 5287 et

436 5299 563 5428 ἔσο
595 5294 895 5371 sequentis
926 5297 1081 5355 vocis
1113 5294 1478 5376 σφακελισμόν
1510 5300 1698 5372 posita
1725 5317 1834 5358 vox
1874 5297 2083 5374 λήμην.

496 5387 629 5427 ΒΑΗ.

496 5387 607 5426 ΕΑΒ
617 5414 629 5427 .

532 5443 586 5528 ᾗ)
618 5439 1000 5528 ’Σπαρχόντων
1032 5442 1295 5528 ἁρπαγήν.
1332 5443 1573 5528 Desunt.
1609 5449 1692 5499 ID.

533 5511 590 5585 6)
627 5511 920 5588 ᾊναγᾶπῃ,
955 5511 1386 5588 Αναλίάγῄ,(]υἱθ
1426 5515 1597 5588 lectio
1649 5515 1831 5572 multo
1884 5515 2089 5588 melior

445 5583 1085 5663 est,"alter§_prors_us'
1117 5583 1339 5642 vitiosa.
1393 5587 1608 5663 Neque
1640 5588 1794 5663 enim
1849 5586 2087 5663 ᾁναγάπῃ

445 5654 680 5727 uspiam
712 5653 850 5711 alibi
877 5657 1132 5733 legitur,-
1166 5675 1270 5733 nec
1302 5653 1554 5733 sequens
1586 5659 1692 5714 ἀπὸ
1724 5661 1797 5716 ad
1828 5653 2085 5733 aliquam

441 5743 644 5788 vocem
673 5728 1094 5801 praecedentem
1127 5731 1326 5788 referri
1357 5728 1566 5803 potest.
1598 5735 1682 5789 In.

2183 3375 2402 3451 Ἰσαχὰρ
2434 3380 2467 3444 ἧ
2499 3379 2570 3450 γῆ
2599 3393 2611 3406 ·
2645 3375 2680 3443 ἡ
2715 3373 2957 3437 θάλασσα
2981 3374 3073 3429 τὸν
3107 3369 3418 3430 Ζαϐουλὼν·
3469 3371 3538 3428 τὰ
3585 3372 3681 3446 δρη
3752 3373 3855 3427 τὸν

2181 3456 2425 3541 Ἰωσήφ·
2470 3465 2505 3533 ἡ
2566 3463 2738 3542 σκιρνή
2796 3462 2886 3518 τὸν
2962 3461 3256 3537 Βενιαμίν
3306 3463 3357 3517 οἱ
3411 3468 3690 3539 φωστῆρες
3758 3463 3859 3517 τὸν

2185 3551 2285 3607 Δάν
2315 3573 2326 3585 ·
2387 3554 2423 3622 ἡ
2471 3553 2648 3630 τρυφή
2699 3553 2789 3608 τὸν
2842 3550 3196 3629 Νεφθαλείμ⁶
3257 3551 3286 3606 6
3336 3550 3500 3620 ἣλιος
3535 3551 3626 3606 τὸν
3699 3549 3852 3606 Γὰδο

2185 3640 2340 3697 ἐλαία
2381 3642 2474 3696 τὸν
2521 3643 2727 3716 Ἀσήρ·
2777 3641 2868 3696 καὶ
2918 3638 3061 3696 ἔσται
3127 3641 3201 3703 είς
3269 3638 3402 3702 λαὸς
3465 3639 3687 3712 Κυρίου,
3755 3641 3856 3694 καὶ

2183 3729 2403 3808 γλῶσσα
2452 3729 2550 3802 μία
2577 3749 2590 3763 ·
2637 3729 2728 3784 xui
2779 3727 2880 3784 οὐκ
2925 3727 3071 3785 ἔσται
3123 3727 3200 3784 ἔτι
3247 3732 3458 3801 πνεῦμα
3498 3727 3717 3798 πλάνης
3748 3735 3856 3784 τοῦ

2187 3817 2402 3894 Βελιὰρ,
2449 3817 2532 3873 ὅτι
2585 3813 2997 3891 ἐμϐληθήσεται
3043 3816 3095 3873 ἐν
3134 3818 3215 3890 τῷ
3246 3818 3381 3896 πυφὶ
3414 3816 3491 3879 εἷς
3522 3816 3611 3871 τὸν
3645 3816 3855 3875 αἰῶνα.

2187 3906 2287 3962 Καὶ
2341 3908 2394 3962 οἱ
2442 3907 2493 3962 ἐν
2547 3904 2694 3981 λύπῃ
2721 3907 3136 3977 τελευτήσαντες
3169 3905 3556 3977 ἀναστήσονται
3588 3904 3638 3960 ἓν
3669 3912 3856 3982 χαρᾷ,

2187 3996 2278 4052 καὶ
2325 3995 2376 4051 οἷ
2422 3995 2474 4051 ἐν
2524 3996 2772 4072 πτωχείᾳ
2818 3992 2908 4050 διὰ
2954 3994 3172 4072 Κύριον,
3206 3991 3720 4065 πλουτισθήσονται,
3758 3997 3858 4050 καὶ

2191 4085 2243 4140 οἱ
2291 4083 2343 4140 ἐν
2393 4084 2569 4157 πενίᾳ,
2617 4085 3117 4160 χορτασθήσονται,
3175 4084 3265 4140 καὶ
3328 4084 3382 4139 οἱ
3455 4083 3505 4139 ἐν
3575 4083 3858 4158 ἀσθενείᾳ,

2190 4173 2500 4251 ῒσχύσουσι,
2551 4173 2641 4229 καὶ
2694 4175 2746 4228 οὶ
2790 4171 2880 4229 διὰ
2928 4172 3132 4246 Κύριον
3200 4173 3560 4238 ἀποθανόντες
3630 4173 3860 4244 ἐξυπνι-

2192 4266 2477 4335 σθήσονται
2526 4261 2578 4318 ἐν
2637 4266 2773 4337 ζωῇ.
2823 4262 2922 4318 Καὶ
2955 4263 3006 4317 οἱ
3039 4258 3232 4338 ἔλαφοι
3278 4258 3475 4319 Ἰακὼϐ
3507 4261 3860 4339 δραμοῦνται

2194 4353 2244 4410 ἐν
2295 4351 2638 4429 ἀγαλλιάσει,
2671 4352 2762 4407 xui
2827 4352 2882 4406 οἱ
2941 4352 3087 4407 ἀετοὶ
3145 4351 3364 4428 Ἰσραὴλ
3418 4353 3864 4422 πετασθήσονται

2195 4442 2248 4499 ἐν
2277 4447 2455 4518 χαρᾷ*
2507 4442 2560 4496 οἱ
2611 4438 2670 4495 δὲ
2717 4435 2927 4503 ἀσεϐεῖς
2975 4443 3322 4513 πενθήσουσι,
3380 4440 3470 4496 xui
3519 4441 3860 4517 ἁμαρτωλοὶ

2193 4531 2541 4603 κλαύσονται,
2581 4529 2672 4585 καὶ
2723 4527 2916 4593 πάντες
2966 4529 3020 4585 οἱ
3064 4527 3187 4586 λαοὶ
3220 4527 3500 4603 δοξάσουσι
3529 4529 3725 4606 Κύριον
3776 4532 3860 4594 εἰς

2120 4637 2164 4702 D
2196 4621 2410 4682 αἰῶνας.

2265 4711 2374 4780 KC.
2407 4732 2436 4762 «
2489 4706 2772 4781 Φυλάεατε
2819 4705 2934 4781 οὖν,
2981 4708 3141 4764 τὲκνα
3187 4729 3314 4782 μου,
3347 4711 3520 4764 πάντα
3546 4708 3644 4764 τὸτ
3671 4708 3856 4783 νόμον

2193 4798 2414 4876 Κυρίου,
2466 4795 2549 4853 ὅτι
2596 4795 2752 4860 ἐλπίς
2805 4796 2944 4852 ἐστιν
2992 4803 3122 4853 πᾶσι
3173 4803 3288 4861 τοῖς
3332 4797 3710 4854 κατευθύνουσι
3745 4801 3862 4870 τὴτ

2194 4886 2318 4945 ὁδὸν
2371 4886 2556 4942 αὐτοῦ.
2599 4885 2699 4942 Καὶ
2752 4885 2897 4942 εἶπεν
2928 4885 3067 4963 πρός
3100 4885 3313 4948 αὐτούς*
3353 4912 3373 4938 ι
3415 4888 3515 4962 ριθ¹
3547 4885 3678 4942 ἑτῶν
3711 4889 3859 4945 ἀπο-

2194 4979 2407 5049 θνήσκω
2438 4975 2548 5052 ἐγὼ
2579 4977 2819 5051 σήμερον
2851 4975 2903 5031 ἐν
2948 4973 3260 5054 ὀφθαλμοῖς
3309 4975 3481 5050 ὑμῶν.
3531 4973 3745 5046 Μηδείς
3792 4998 3862 5051 με

2193 5066 2478 5145 ὲνταφιάσῃ
2527 5061 2828 5121 πολυτελεῖ
2880 5063 3088 5138 ἐσθῆτι,
3147 5065 3182 5135 ἢ
3233 5063 3522 5142 ἀναῤῥήξοι
3569 5066 3672 5134 τήν
3732 5086 3859 5121 κοι-

2265 5229 2342 5304 (Ἱ)
2372 5227 2474 5304 Καὶ
2522 5224 2857 5304 πορῴσεσθε
2893 5223 2946 5304 ἐν
2975 5225 3357 5304 προστάγματι
3384 5225 3576 5304 *αὐτοῦ
3605 5226 3859 5303 πρώτοις

2193 5298 2283 5357 xui
2313 5298 2610 5376 ἐσχάτοις(
2635 5300 2867 5376 Desunt
2919 5299 2978 5355 in
3009 5298 3343 5376 Qxionensi.
3384 5298 3688 5376 Puto‘ver'o
3748 5316 3858 5372 pro

2195 5367 2602 5457 προστᾶγματι,
2635 5370 2946 5457 legendum
2984 5369 3304 5457 .plpraliter
3339 5367 3772 5446 προστάγμασιξ
3795 5376 3858 5429 ut

2197 5443 2507 5503 sequentia
2533 5443 2712 5500 verba
2739 5444 3022 5499 indicant.
3058 5447 3143 5500 Io.

2290 5507 2345 5587 8)
2373 5515 2514 5587 Td-cs
2561 5511 2890 5587 ἀναλάμψει.
2941 5514 3174 5587 Omissa
3213 5512 3412 5570 omnia
3442 5529 3629 5587 usque
3659 5513 3730 5569 ad
3767 5507 3856 5567 δο-

2193 5584 2412 5662 ξάσουσι
2445 5585 2640 5662 Κύριον
2666 5584 2993 5662 deuia;qu
3026 5585 3148 5642 sive
3179 5602 3368 5658 usque
3408 5587 3480 5642 ad
3531 5584 3704 5642 finem
3755 5601 3854 5642 se-

2198 5661 2433 5734 quentis
2465 5658 2837 5734 paragraphi.
2871 5662 2956 5734 in.

2270 5731 2348 5806 (9(
2378 5725 2580 5805 Ἦεὶῶν.
2608 5725 2770 5805 Lego
2797 5728 2996 5805 potius
3024 5725 3195 5804 ὑμῶν.
3227 5732 3312 5786 In.
