4008 6350
148 425 315 490 1085

1355 433 1953 500 TESTAMENTUM
1995 433 2358 498 ISACHAR.

3411 435 3567 500 1086

142 556 276 614 λίαν
312 581 440 633 μου,
471 558 553 616 ὅτι
583 565 751 618 ταῦτα
785 560 1049 637 μέλλουσι
1081 571 1254 621 ποιεῖν
1301 566 1353 621 οἱ
1406 564 1799 642 βασιλεύοντες.

1923 567 2235 631 rescindat,
2270 566 2547 637 quoniam
2581 566 2704 623 haec
2734 565 2944 623 facturi
2973 568 3115 623 sunt
3141 569 3473 639 regnantes.
3496 567 3569 625 Et

146 648 258 703 Καὶ
316 648 608 726 ἀναγάγετέ
670 672 736 725 με
798 652 876 715 εἷς
934 648 1156 729 Χεϐρὼν
1213 657 1325 729 μεθ’
1386 657 1559 729 ὑμῶν.
1618 679 1649 709 ››
1710 654 1810 710 Καὶ

142 741 322 792 ταῦτα
412 739 601 808 εἰπὼν,
653 739 920 814 ἐκοιμήθη
989 740 1211 806 Ἰούδας·
1271 743 1360 799 καὶ
1427 744 1683 815 ἐποίησαν
1758 744 1811 798 οἳ

144 826 266 881 υἱοὶ
326 826 490 882 αὐτοῦ
543 831 679 884 κατᾶ
729 832 922 901 πάντα,
968 831 1065 887 ὅσα
1129 832 1403 889 ἐντείλατο
1465 832 1671 906 αὐτοῖς,
1720 832 1810 889 καὶ

142 912 352 991 ἔθαψαν
380 916 539 973 αὐτὸν
569 917 620 973 ἐν
660 914 882 994 Χεϐρὼν
919 922 1054 993 μετά
1081 927 1186 977 τῶν
1218 921 1464 999 πατέρων
1488 927 1674 979 αῦτοῦ.

719 1046 1125 1107 ΚΕΦΔΛΔΙΟΝ
1162 1052 1236 1103 Ε’.

458 1133 706 1203 Λιαθήκη
743 1134 989 1211 Ἰσαχάρ,
1021 1134 1144 1208 περὶ
1177 1132 1507 1207 ἁπλότητος.

220 1237 299 1295 Ᾱ’.
342 1237 696 1316 Ἀντίγραφον
781 1239 962 1317 λόγων
1046 1244 1287 1319 Ἰσαχάρ.
1359 1242 1600 1307 Καλέσας
1680 1244 1806 1309 τοὺς

139 1324 305 1388 υἱοὺς
350 1326 534 1399 αὐτοῦ,
568 1328 713 1383 εἶπεν
761 1328 966 1393 αὐτοῖς·
1014 1355 1042 1383 ‹‹
1078 1332 1393 1403 Ἀκούσατε,
1442 1331 1617 1405 τέκνα,
1668 1334 1807 1389 Ἰσα-

140 1413 263 1490 χᾶρ
308 1420 407 1470 τοῦ
452 1417 656 1493 πατρὸς
708 1418 881 1491 ὑμῶν,
926 1418 1242 1485 ἐνωτίσασθε
1310 1421 1530 1498 ῥήματα
1586 1423 1807 1498 ἠγαπη-

149 1504 311 1574 μένοι
344 1506 458 1577 (10)
486 1505 591 1561 ὑπὸ
651 1506 871 1583 Κυρίου.
919 1510 1058 1586 Ἐγὼ
1116 1509 1344 1585 ἐτέχθην
1392 1512 1643 1584 πέμπτος
1690 1512 1805 1574 υἱὸς

144 1595 234 1663 τῷ
266 1587 487 1661 Ἰακὼϐ,
526 1593 577 1648 ἐν
629 1597 807 1668 μισθῷ
852 1600 962 1652 τῶν
1014 1596 1415 1675 μανδραγόρων.
1447 1595 1642 1656 Ἰακὼϐ
1695 1604 1806 1675 (11)

148 1680 264 1755 γὰρ
335 1678 524 1758 ἤνεγκε
592 1680 999 1762 μανδραγόρους
1048 1689 1162 1758 (12)
1204 1686 1265 1742 ἐκ
1315 1692 1412 1743 τοῦ
1470 1688 1661 1765 ἀγροῦ,
1715 1690 1806 1745 καὶ

148 1772 616 1844 προαπαντήσασα
662 1772 873 1847 Ῥαχὴλ
926 1769 1117 1829 ἔλαϐεν
1158 1774 1351 1838 αὐτούς
1399 1778 1534 1850 (13).
1581 1776 1807 1833 ’Έκλαιε

148 1853 213 1911 δὲ
262 1853 527 1931 Ῥουϐὴμ,
576 1859 665 1914 καὶ
715 1859 802 1915 ἐπὶ
843 1861 913 1937 τῇ
964 1867 1114 1941 φωνῇ
1164 1863 1328 1919 αὐτοῦ
1377 1863 1570 1935 ἐξῆλθε
1616 1866 1721 1921 Λία
1766 1869 1801 1937 ἡ

1921 657 2180 712 reducite
2230 672 2324 710 me
2355 655 2413 710 in
2464 656 2693 712 Hebron
2744 655 3069 713 vobiscum.
3106 678 3127 705 ι
3164 656 3232 712 Et
3262 672 3397 712 cum
3445 656 3566 713 hac

1923 744 2184 815 dixisset,
2238 744 2590 800 obdormivit
2631 746 2855 813 Judas;
2891 748 2948 800 et
2979 746 3242 801 fecerunt
3287 745 3392 800 filii
3438 747 3567 816 ejus

1920 834 2246 889 secundum
2278 835 2476 889 omnia
2501 851 2628 906 quas
2660 834 2959 891 mandavit
2986 833 3092 905 eis,
3124 839 3180 890 et
3221 833 3577 907 sepelierunt

1920 938 2056 979 eum
2088 922 2146 978 in
2181 921 2407 979 Hebron
2439 940 2572 979 cum
2606 924 2869 995 patribus
2900 924 3047 980 suis.

2573 1046 2804 1104 CAPUT
2842 1047 2909 1103 V.

2154 1138 2555 1193 Testamentum
2584 1137 2825 1202 Isachar,
2855 1136 2921 1193 de
2947 1139 3329 1209 simplicitate.

1990 1248 2036 1300 Ι.
2069 1244 2514 1316 Transcriptum
2544 1244 2853 1300 verborum
2878 1244 3284 1301 Isachar.Cum
3306 1248 3569 1301 vocasset

1918 1333 2073 1390 inios
2104 1349 2264 1397 suos,
2297 1333 2442 1388 dixit
2470 1332 2554 1387 eis
2587 1348 2602 1388 :
2640 1355 2669 1383 «
2697 1332 2906 1388 Audite
2937 1332 3039 1388 ﬁlii
3071 1333 3308 1388 Isachar
3337 1338 3565 1406 patrem

1916 1427 2199 1487 vestrum,
2220 1420 2463 1477 auribus
2495 1421 2773 1494 percipite
2801 1423 2977 1477 verba
3007 1422 3202 1478 dilecti
3234 1438 3267 1477 a
3297 1422 3562 1478 Domino.

1916 1516 2033 1584 Ego
2063 1527 2197 1567 sum
2252 1515 2426 1565 natus
2466 1510 2708 1582 quintus
2758 1508 2915 1565 ﬁlius
2958 1510 3157 1575 Jacob,
3191 1511 3249 1565 in
3298 1512 3568 1567 mercede

1917 1600 2464 1672 mandragorarum.
2502 1598 2703 1654 Ruben
2734 1598 2889 1654 enim
2922 1598 3117 1654 attulit
3146 1600 3566 1672 mandragorae

1915 1704 1983 1744 ex
2014 1704 2172 1760 agro,
2204 1692 2261 1743 et
2292 1686 2651 1759 praeobvians
2697 1686 2911 1743 Rachel
2966 1688 3187 1758 accepit
3215 1704 3335 1744 eas.
3386 1687 3567 1743 Flevit

1916 1782 2111 1832 autem
2166 1777 2392 1844 Ruben,
2434 1781 2489 1831 et
2519 1776 2577 1832 in
2626 1792 2763 1831 voce
2796 1775 2982 1847 ipsius
3027 1776 3199 1831 exivit
3245 1776 3347 1832 Lia
3372 1780 3564 1833 mater

1915 1866 2467 1937 mea.Mandragorae
2498 1870 2690 1921 autem
2722 1870 2889 1921 erant
2918 1864 3071 1921 mala
3091 1866 3399 1934 odorifera,
3432 1881 3561 1936 qua:

150 1947 345 2021 μήτηρ
396 1968 523 2020 μου.
572 1953 749 2005 Ταῦτα
792 1947 849 2005 δὲ
892 1952 1026 2020 ἦσαν
1078 1952 1229 2026 μῆλα
1276 1952 1538 2027 εὖώδημα
1586 1956 1721 2028 (14),
1773 1954 1799 2009 ’ἂ

1923 1954 2184 2026 producit
2214 1960 2369 2010 terra
2396 1957 2570 2009 Aram
2593 1954 2651 2009 in
2685 1953 2909 2011 excelso
2940 1954 3050 2009 sub
3075 1953 3219 2009 velle
3250 1970 3567 2025 aquarum.

143 2032 324 2090 ἐποίει
374 2038 409 2106 ἡ
459 2043 529 2114 γῆ
574 2038 755 2114 Ἀρὰμ
803 2037 855 2094 ἐν
906 2038 1025 2114 ὕψει
1072 2042 1325 2098 ὑποκάτω
1367 2042 1640 2121 φάραγγος
1684 2041 1808 2099 ὑδά-

141 2143 285 2180 των.
318 2123 450 2179 Εἶπε
481 2122 539 2180 δὲ
567 2126 797 2202 Ῥαχήλ·
832 2152 860 2182 (ι
894 2128 971 2185 Οὐ
1003 2127 1163 2184 δώσω
1212 2152 1298 2185 σοι
1347 2131 1501 2206 αὐτὰ,
1534 2131 1616 2187 6'1:
1664 2131 1810 2188 ἔσον·

141 2212 243 2268 ταί
280 2234 371 2285 μοι
404 2214 516 2269 ἀντὶ
561 2217 779 2274 τέκνων.
818 2242 846 2269 ››
876 2220 1043 2275 Ἦσαν
1092 2216 1150 2274 δὲ
1199 2218 1352 2293 μῆλα
1396 2220 1511 2276 δύο.
1544 2222 1643 2277 Καὶ
1692 2223 1807 2279 εἶπε

148 2301 281 2358 Λία·
314 2304 688 2359 «Ἱκανούσθω
737 2327 844 2376 σοι,
890 2306 973 2362 ὅτι
1022 2303 1214 2370 ἔλαϐες
1257 2308 1351 2365 τὸν
1398 2307 1565 2387 ἄνδρα
1610 2323 1807 2388 παρθε-

144 2390 299 2452 νείας
373 2412 497 2464 μου·
562 2394 639 2467 μή
701 2393 791 2449 καὶ
851 2400 1018 2451 ταῦτα
1075 2396 1265 2471 λήψῃ;
1323 2422 1344 2449 ι
1394 2399 1459 2456 Ἠ
1527 2396 1585 2454 δὲ
1642 2399 1804 2455 εἶπεν·

152 2501 186 2533 ‹‹
219 2478 385 2550 Ἰδοὺ,
419 2477 555 2536 ἔστω
592 2504 678 2538 σοι
708 2479 899 2540 Ἰακὼϐ
946 2486 1044 2555 τήν
1087 2484 1251 2541 νύκτα
1294 2486 1493 2557 ταύτην
1542 2487 1656 2543 ἀντὶ
1701 2492 1810 2543 τῶν

157 2566 550 2646 μανδραγόρων
595 2576 691 2626 τοῦ
722 2573 843 2627 υἱοῦ
883 2594 998 2631 σου.
1033 2598 1063 2626 ››
1093 2575 1230 2631 Εἶπε
1277 2572 1334 2631 δὲ
1378 2575 1483 2631 Δία
1529 2576 1665 2653 πρὸς
1713 2576 1808 2631 αὕ-

1917 2042 2073 2099 Dixit
2101 2047 2295 2099 autem
2337 2042 2551 2099 Rachel
2585 2061 2634 2099 :«
2658 2043 2785 2101 Non
2816 2043 2966 2099 dabo
2998 2042 3118 2100 haec
3149 2043 3564 2115 tibi,quoniam

1916 2135 2089 2187 erunt
2117 2130 2261 2186 mihi
2298 2149 2402 2203 pro
2436 2131 2591 2188 filiis.
2627 2154 2656 2182 »
2687 2132 2864 2187 Erant
2894 2136 3090 2187 autem
3143 2131 3295 2187 mala
3324 2133 3462 2187 duo.
3498 2133 3569 2188 Et

1918 2218 2064 2276 dixit
2096 2220 2191 2275 Lia
2224 2236 2236 2276 :
2273 2242 2302 2271 ‹‹
2335 2221 2599 2276 Sufﬁciat
2626 2220 3040 2293 tibi,quoniam
3073 2219 3343 2292 accepisti
3372 2220 3565 2276 virum

1914 2308 2264 2381 virginitatis
2297 2326 2472 2378 mete;
2506 2327 2648 2365 num
2679 2314 2736 2365 et
2760 2310 2881 2365 haec
2911 2309 3158 2379 accipies
3180 2309 3207 2363 ?
3240 2330 3268 2358 »
3300 2308 3404 2364 llla
3428 2325 3562 2365 vero

1917 2397 2107 2454 dixit:
2146 2419 2174 2449 ‹‹
2221 2399 2383 2465 Ecce,
2427 2398 2506 2455 sit
2533 2399 2707 2455 Jacob
2752 2398 2859 2454 tibi
2892 2403 3058 2454 nocte
3104 2397 3213 2453 hac
3242 2414 3345 2469 pro
3393 2414 3559 2453 man-

1916 2484 2182 2556 dragoris
2214 2484 2316 2539 ﬁlii
2348 2486 2489 2541 tui.»
2526 2485 2675 2541 Dixit
2703 2491 2896 2542 autem
2927 2485 2978 2541 ei
3012 2485 3147 2540 Lia:
3185 2507 3213 2537 «
3244 2486 3324 2541 Ne
3347 2486 3559 2556 jactes,

1916 2576 1975 2628 et
2003 2589 2075 2627 ne
2103 2572 2403 2645 glorieris;
2441 2591 2608 2631 meus
2638 2575 2793 2631 enim
2842 2579 2933 2631 est
2960 2574 3160 2642 Jacob,
3194 2577 3251 2629 et
3280 2590 3384 2647 ego
3415 2592 3562 2630 uxor

151 2659 287 2727 τήν·
324 2680 351 2709 ‹‹
382 2660 468 2728 Μὴ
523 2665 736 2736 καυχῶ,
776 2662 867 2717 καὶ
916 2664 992 2736 μὴ
1038 2661 1282 2735 δοξάζου·
1335 2664 1467 2739 ἐμὸς
1510 2664 1614 2741 γάρ
1667 2664 1799 2721 ἐστίν

1923 2661 2240 2733 iuventutis
2271 2665 2467 2733 eius.»
2499 2664 2712 2720 Rachel
2744 2680 2878 2719 vero
2908 2664 3089 2721 dixit:
3129 2662 3304 2728 «Quid
3337 2662 3515 2735 igitur
3535 2663 3564 2719 ‘l

155 2745 187 2800 6
224 2741 440 2819 Ἰακὼϐ,
470 2748 625 2823 κάγὼ
681 2751 814 2826 γυνὴ
873 2745 1124 2822 νεότητος
1183 2752 1367 2809 αὐτοῦ.
1403 2777 1431 2806 »
1470 2754 1532 2809 Ἠ
1582 2751 1640 2808 δὲ
1685 2754 1809 2809 Ῥα-

153 2833 282 2910 χήλ
322 2835 454 2890 εἷπε·
489 2860 519 2889 ‹‹
548 2836 610 2891 Τί
653 2836 742 2893 οῦν
770 2856 784 2908 ;
818 2838 901 2895 6'1:
952 2839 1076 2913 ἐμοὶ
1123 2845 1337 2913 πρῶτον
1369 2843 1482 2915 (15)
1511 2841 1806 2915 ἥρμοσται,

1918 2751 2194 2822 quoniam
2229 2751 2375 2807 mihi
2408 2754 2595 2825 primo
2625 2754 2933 2826 copulatus
2963 2758 3071 2824 est,
3102 2758 3160 2808 et
3208 2757 3442 2825 propter
3473 2769 3567 2809 me

1918 2839 2150 2895 servivit
2179 2841 2331 2913 patri
2362 2848 2561 2898 nostro
2593 2843 2763 2898 annis
2794 2842 3256 2914 quatuordecim.
3277 2841 3421 2908 Quid
3455 2842 3562 2898 tibi

149 2922 252 2978 καί
278 2921 347 2978 δι’
377 2925 473 2998 ἐμὲ
503 2923 787 2983 ἐδούλευσε
814 2933 893 3001 τῷ
923 2930 1087 3003 πατρὶ
1134 2932 1297 3003 ἡμῶν
1352 2927 1444 2997 ἔτη
1495 2928 1579 2988 ιδ’.
1610 2930 1671 2986 Τί
1721 2953 1799 2987 σοι

1923 2927 2146 3000 faciam,
2179 2930 2454 3001 quoniam
2486 2930 2913 3003 multiplicatus
2942 2936 3031 2987 est
3060 2932 3230 2987 dolus
3261 2935 3318 2986 et
3346 2931 3563 2988 astutia

150 3015 398 3086 ποιήσω,
432 3014 516 3070 ὅτι
547 3015 841 3087 ἐπλήθυνεν
872 3019 900 3073 ὁ
932 3015 1095 3081 δόλος
1126 3020 1215 3074 καὶ
1263 3021 1298 3089 ἡ
1348 3020 1652 3097 πανουργία
1694 3026 1799 3077 τῶν

1923 3016 2245 3085 hominum,
2292 3025 2351 3077 et
2397 3019 2567 3077 dolus
2614 3019 2873 3092 procedit
2914 3020 2974 3075 in
3029 3020 3228 3075 terra?
3255 3019 3313 3074 8i
3355 3024 3553 3076 autem

151 3103 480 3179 ἀνθρώπων,
508 3104 597 3160 καὶ
629 3107 658 3160 6
681 3104 843 3170 δόλος
872 3113 1161 3184 προχωρεῖ
1188 3107 1274 3163 ἐπὶ
1319 3115 1420 3179 τῆς
1452 3117 1557 3186 γῆς
1585 3129 1599 3181 ;
1633 3110 1698 3166 Εἰ
1750 3108 1799 3167 δὲ

1923 3122 2084 3164 secus
2113 3112 2288 3176 esset,
2321 3125 2435 3164 non
2488 3108 2691 3181 utique
2720 3113 2783 3164 tu
2824 3108 3052 3165 videres
3102 3110 3302 3165 faciem
3333 3109 3553 3177 Jacob;

156 3193 265 3265 μὴ,
297 3192 396 3247 οὐκ
442 3192 502 3248 ἂν
552 3194 616 3266 ᾖς
666 3195 729 3249 σὺ
777 3197 956 3271 ὁρῶσα
1011 3197 1303 3273 πρόσωπον
1338 3193 1556 3256 Ἰακώϐ·
1590 3199 1652 3255 οὐ
1699 3200 1799 3277 γὰρ

1923 3211 2030 3250 non
2063 3196 2218 3251 enim
2267 3213 2412 3251 uxor
2439 3198 2626 3270 ipsius
2672 3203 2738 3253 tu
2777 3214 2859 3264 es,
2893 3198 2994 3252 sed
3041 3198 3098 3252 in
3131 3197 3262 3253 dolo
3313 3214 3417 3270 pro
3462 3214 3557 3254 me

315 3280 487 3383 ἀξτοῦ
517 3283 571 3383 εί
592 3284 677 3354 σὺ,
710 3283 834 3341 ἀλλ’
863 3284 915 3339 ἐν
948 3283 1098 3359 δόλῳ
1143 3288 1255 3343 ἀντ’
1312 3288 1448 3361 ἐμοῦ
1514 3287 1799 3365 εἰσήχθης.

1923 3283 2157 3341 inducta
2180 3302 2263 3341 es.
2296 3288 2364 3343 Et
2406 3287 2638 3344 seduxit
2669 3304 2762 3343 me
2794 3292 2954 3358 pater
2983 3303 3168 3353 meus,
3201 3290 3258 3342 et
3305 3287 3557 3342 transfe-

154 3369 259 3424 Καὶ
311 3368 578 3441 ἐπλάνησέ
629 3394 695 3446 με
741 3373 770 3428 6
801 3375 982 3450 πατήρ
1042 3396 1167 3449 μου,
1214 3376 1304 3429 καὶ
1356 3379 1690 3449 μεταστήσας
1741 3399 1799 3452 με

1923 3390 2057 3429 rens
2088 3390 2179 3429 me
2209 3379 2375 3431 nocte
2406 3375 2525 3445 illa,
2558 3394 2671 3432 non
2724 3376 2992 3448 permisit
3021 3393 3115 3431 me
3142 3375 3373 3443 videre;
3410 3391 3562 3448 quo-

151 3462 228 3533 τῇ
262 3462 409 3514 νυκτῖ
440 3459 632 3535 ἐκείνῃ,
666 3461 764 3517 οὐκ
795 3459 937 3517 εἷάσέ
971 3484 1037 3535 με
1069 3461 1220 3518 ἰδεῖν·
1255 3463 1340 3519 6'1:
1390 3465 1436 3520 εἰ
1492 3463 1644 3538 ἤμην
1678 3466 1806 3537 ἐκεῖ,

156 3548 264 3603 οὐκ
295 3548 493 3625 ἐγίνετο
518 3555 701 3607 τοῦτο.
733 3573 761 3605 ι
796 3552 893 3606 Καὶ
926 3552 1043 3608 εἶπε
1079 3553 1311 3629 Ῥαχήλ·
1350 3579 1371 3605 ι
1406 3550 1552 3609 Λάϐε
1578 3552 1672 3610 ἕνα
1696 3558 1809 3631 (16)

157 3635 557 3713 μανδραγόραν,
580 3639 669 3694 καὶ
703 3639 820 3695 ἀντὶ
844 3645 942 3696 τοῦ
973 3642 1088 3704 ἐνὸς
1121 3640 1360 3716 ἐκμισθῶ
1389 3645 1501 3717 (17)
1531 3664 1615 3698 σοι
1647 3643 1805 3700 αὐτὸν

150 3727 208 3783 ἐν
244 3733 343 3800 μιᾷ
369 3728 540 3787 νυκτί.
575 3753 604 3781 ››
636 3730 732 3785 Καὶ
765 3725 903 3807 ἔγνω
935 3727 1125 3787 Ἰακὼϐ
1154 3733 1252 3802 τὴν
1285 3732 1441 3802 Λίαν,
1481 3735 1569 3789 καὶ
1602 3733 1807 3791 συλλα-

152 3812 331 3871 ϐοῦσά
362 3839 431 3891 με
462 3814 626 3874 ἔτεκε·
660 3820 750 3874 καὶ
780 3817 870 3875 διὰ
895 3822 986 3875 τὸν
1040 3822 1228 3895 μισθὸν
1290 3821 1529 3895 ἐκλήθην
1564 3823 1804 3900 Ἰσαχάρ.

231 3904 306 3989 B'.
347 3929 367 3955 ι
399 3904 531 3960 Τότε
562 3903 715 3984 ὤφθη
746 3912 824 3978 τῷ
854 3903 1048 3963 Ἰακὼϐ
1090 3907 1322 3985 ἅγγελος
1356 3910 1573 3985 Κυρίου,
1607 3911 1807 3989 λὲγων,

154 3990 241 4046 ὅτι
273 3988 370 4046 δύο
400 3993 559 4048 τέκνα
587 3993 797 4071 Ῥαχὴλ
829 3996 1053 4070 τέξεται,
1088 3996 1170 4053 ὅτι
1227 3996 1475 4055 διέπτυσε
1525 3988 1805 4057 συνουσίαν

152 4077 370 4156 ἀνδρὸς,
403 4081 491 4135 καὶ
542 4082 815 4155 ἐξελέξατο
870 4083 1197 4161 ἐγκράτειαν.
1252 4087 1351 4142 Καὶ
1402 4088 1447 4142 εἰ
1510 4091 1586 4162 μή
1639 4090 1803 4161 Λίαὴ

158 4171 346 4243 μήτηρ
382 4191 486 4242 μου
518 4169 701 4226 ἀπέδω
731 4172 846 4228 ἀντὶ
876 4173 1161 4237 συνουσίας
1210 4176 1275 4230 τὰ
1324 4174 1419 4231 δύο
1455 4176 1626 4251 μῆλα,
1660 4179 1806 4234 ὀκτὼ

152 4257 307 4320 υἱοὺς
357 4259 475 4334 εἶχε
524 4265 719 4315 τεκεῖν·
755 4258 843 4316 διὰ
897 4267 1060 4319 τοῦτο
1102 4263 1156 4335 ’ἐξ
1210 4261 1374 4337 ἔτεκε,
1424 4265 1550 4330 τοὺς
1602 4264 1660 4322 δὲ
1709 4265 1805 4323 δύο

152 4346 388 4422 Ῥαχὴλ,
448 4347 532 4403 6'1:
589 4349 642 4404 ἐν
693 4348 1091 4427 μανδραγόραις
1165 4352 1493 4429 ἐπεσκέψατο
1560 4354 1729 4425 αὐτὴν
1776 4358 1805 4413 6

154 4433 377 4507 Κύριος.
425 4434 554 4492 Εἴδε
598 4438 721 4513 γὰρ,
761 4437 843 4494 ὅτι
895 4437 986 4495 διὰ
1027 4441 1187 4497 τέκνα
1232 4440 1400 4512 ἤθελε
1447 4448 1676 4500 συνεῖναι
1724 4444 1805 4519 τῷ

150 4518 371 4593 Ἰακὼϐ,
416 4526 505 4580 καὶ
551 4525 613 4582 οὔ
663 4526 751 4583 διὰ
799 4525 1138 4608 φιληδονίαν.
1188 4533 1489 4600 Προσθεῖσα
1552 4534 1654 4611 γὰρ
1712 4518 1803 4589 καὶ

148 4612 223 4689 τῇ
270 4611 524 4689 ἐπαύριον
572 4612 804 4671 ἀπέδοτο
852 4618 941 4672 τὸν
988 4612 1203 4689 Ἰακὼϐ,
1246 4615 1337 4674 ’ίνα
1383 4616 1526 4696 λάϐῃ
1580 4622 1669 4677 καὶ
1706 4622 1799 4678 τὸν

147 4700 329 4759 ἄλλον
381 4701 754 4782 μανδραγόραν
785 4708 920 4781 (18).
952 4708 1051 4762 Διά
1093 4712 1253 4763 τοῦτο
1304 4706 1355 4763 ἐν
1406 4714 1521 4773 τοῖς
1566 4710 1801 4785 μανδρα-

144 4791 341 4869 γόραις
393 4794 505 4867 (19)
556 4793 826 4865 ἐπήκουσε
872 4795 1068 4870 Κύριος
1113 4803 1215 4867 τῆς
1246 4798 1481 4872 Ῥαγήλ·
1511 4797 1615 4867 ὅτι,
1647 4799 1803 4875 καίγε

144 4883 439 4952 ποθήσασα
492 4881 689 4946 αὐτοὺς
755 4886 891 4959 (20),
937 4884 1037 4941 οὐκ
1094 4881 1310 4965 ἔφαγεν,
1359 4885 1487 4942 ἀλλ’
1547 4888 1802 4961 ἀνέθηκεν

364 5044 578 5121 Ῐῌγαπῃ
589 5042 771 5121 μένοιλ
795 5045 1009 5121 Ἠγαπη
1020 5045 1204 5121 μένου.
1239 5048 1421 5106 GRAB.

246 5110 335 5198 11)
364 5110 904 5198 ἸαέιώϐζςῬουϐήμἘ
938 5110 1262 5198 et'_'quidem
1312 5125 1487 5189 recte,
1534 5122 1695 5180 unde
1743 5128 1800 5181 et

142 5189 411 5243 Latinam
444 5189 768 5244 versionem
804 5189 1055 5245 correxi.
1080 5192 1162 5249 ID.

216 5259 334 5337 (12)
379 5256 856 5337 ιδίανδραγόρ-ους.⁸
897 5258 1307 5337 Μανδραγόραν.
1377 5268 1461 5337 ID.
1526 5294 1597 5305 —
1646 5264 1797 5321 Mav-

139 5327 434 5414 δραγόρων
481 5327 542 5387 et
588 5327 1011 5414 μανδραγόρους,
1056 5327 1373 5414 hominum
1420 5335 1608 5414 i_ns_tar
1636 5337 1796 5414 _8im-

137 5402 388 5481 plicium
410 5402 478 5481 in
509 5419 568 5458 os
592 5402 1139 5481 'desinentium-ned
1162 5405 1605 5481 pauloinferigs
1636 5405 1795 5481 leges

142 5470 520 5550 μανδραγόραν
600 5480 659 5530 et
727 5470 1181 5550 μανδραγόραις.’
1215 5478 1280 5532 In
1337 5477 1446 5550 νει
1518 5470 1794 5550 Τεβιῖφι

141 5545 302 5617 apud
334 5545 608 5632 p‘ro'fanos
657 5545 971 5632 scriptores
1004 5545 1376 5632 solummodo
1407 5549 1435 5603 ὁ
1478 5545 1793 5632 μανδραγό-

178 5613 379 5695 etc-udi
444 5613 825 5695 μανδραγόρής
860 5617 949 5695 _vel
1093 5616 1438 5695 μανδραγόρα
1476 5613 1789 5695 invenitur.

140 5634 242 5745 Bac
292 5634 379 5671 καί
444 5634 825 5700 μρινοραγορης
860 5634 949 5699 γει
1003 5634 1037 5687 η
1093 5634 1438 5695 μανδραγόρα
1476 5634 1789 5706 Invenitur.

182 5689 311 5768 nde
340 5689 451 5768 hoc
479 5706 541 5768 1n
570 5690 700 5768 loco
724 5691 1137 5763 corrigendum
1166 5698 1307 5765 puto
1349 5709 1363 5749 :
1399 5688 1789 5768 μανδραγορων

140 5764 203 5818 et
236 5756 636 5838 μανδραγόρας.
666 5756 885 5819 Dacos.

1919 3462 2078 3518 niam
2107 3464 2155 3519 si
2186 3462 2429 3520 fuissem
2461 3466 2601 3531 illic,
2633 3482 2751 3521 non
2782 3467 2999 3521 factum
3030 3465 3240 3521 fuisset
3270 3464 3399 3520 hoc.
3431 3483 3457 3515 ι»
3494 3467 3565 3519 Et

1918 3551 2063 3607 dixit
2092 3552 2304 3609 Rachel
2333 3570 2347 3609 :
2381 3554 2587 3624 Accipe
2618 3571 2797 3609 unam
2846 3554 3322 3625 mandragoram,
3354 3556 3413 3608 et
3458 3570 3561 3625 pro

1918 3656 2036 3697 una
2064 3641 2125 3697 in
2174 3644 2499 3699 mercedem
2530 3643 2604 3699 do
2651 3642 2757 3698 tibi
2788 3658 2923 3698 eum
2953 3642 3011 3697 in
3055 3658 3171 3696 una
3214 3646 3398 3698 nocte.
3435 3663 3464 3692 »
3498 3642 3565 3697 Et

1916 3732 2186 3803 cognovit
2212 3732 2389 3787 Jacob
2427 3732 2609 3799 Liam,
2642 3735 2701 3786 et
2728 3730 3062 3803 concipiens
3096 3746 3188 3785 me
3214 3730 3473 3803 peperit;
3507 3734 3566 3785 et

1916 3824 2155 3892 prapter
2183 3821 2507 3876 mercedem
2538 3825 2778 3876 vocatus
2809 3836 2942 3876 sum
2973 3819 3228 3876 Isachar.

1987 3913 2059 3963 II.
2094 3931 2122 3960 «
2150 3910 2311 3965 Tunc
2360 3909 2633 3983 apparuit
2677 3908 2857 3966 Jacob
2889 3908 3134 3982 angelus
3193 3908 3441 3979 Domini,
3473 3907 3563 3963 di-

1915 4013 2075 4065 cens,
2108 4000 2262 4071 quod
2295 4000 2443 4055 duos
2468 3999 2620 4055 filios
2668 3998 2879 4055 Rachel
2922 3997 3127 4070 pariet,
3159 3997 3437 4069 quoniam
3468 4013 3564 4053 re-

1916 4086 2079 4159 spuit
2106 4086 2323 4143 coitum
2355 4087 2485 4157 viri,
2516 4092 2574 4144 et
2622 4087 2798 4161 elegit
2843 4086 3282 4142 continentiam.
3333 4085 3403 4140 Et
3447 4085 3563 4140 nisi

1919 4175 2015 4231 Lia
2042 4181 2229 4232 mater
2255 4194 2383 4233 mea
2412 4193 2516 4249 pro
2539 4177 2692 4233 coitu
2724 4176 3076 4233 reddidisset
3105 4176 3219 4231 duo
3250 4173 3561 4240 mala,octo

1915 4264 2065 4320 filios
2097 4265 2358 4337 paritura
2386 4266 2592 4322 fuisset
2615 4284 2628 4334 ;
2654 4271 2887 4338 propter
2906 4264 3015 4321 hoc
3042 4281 3142 4320 sex
3162 4263 3559 4336 peperit,duos

1914 4370 2046 4409 vero
2094 4355 2329 4425 Rachel,
2379 4355 2657 4427 quoniam
2706 4355 2765 4410 in
2830 4353 3236 4426 mandragoris
3306 4352 3560 4409 visitavit

1913 4457 2042 4498 eam
2096 4444 2395 4500 Dominus.
2447 4444 2627 4500 Scivit
2676 4444 2861 4513 enim,
2912 4444 3066 4515 quod
3123 4446 3358 4516 propter
3404 4443 3557 4499 ﬁlios

1910 4530 2092 4587 voluit
2118 4532 2274 4589 coire
2303 4549 2437 4589 cum
2466 4533 2668 4599 Jacob,
2697 4537 2755 4589 et
2783 4550 2896 4589 non
2930 4536 3162 4605 prepter
3199 4532 3558 4588 desiderium

1912 4620 2252 4693 voluptatis.
2284 4624 2594 4695 Apponens
2642 4621 2798 4677 enim
2831 4625 2889 4677 et
2915 4622 2977 4677 in
3016 4621 3269 4677 crastino
3308 4619 3562 4676 reddidit

1910 4708 2110 4778 Jacob,
2143 4714 2208 4765 ut
2255 4711 2539 4782 acciperet
2567 4714 2625 4766 et
2672 4709 2847 4767 aliam
2901 4711 3370 4781 mandragoram.
3424 4708 3559 4764 Pro-

1912 4802 2041 4871 pter
2068 4798 2179 4855 hoc
2228 4799 2287 4855 in
2319 4799 2729 4869 mandragoris
2777 4798 3067 4855 exaudivit
3114 4797 3396 4852 Dominus
3443 4796 3559 4852 Ra-

1911 4887 2038 4944 chel
2065 4906 2079 4958 ;
2108 4888 2386 4961 quoniam
2413 4892 2470 4943 et
2498 4887 2838 4944 desiderans
2868 4903 3109 4955 eas,non
3142 4884 3413 4954 comedit,
3451 4885 3554 4940 sed

2005 5049 2094 5118 13)
2123 5045 2353 5118 Αὖτοός,
2379 5046 2580 5118 Αὗτήν.
2614 5052 2794 5118 (ὶῐιᾼΒ.

2003 5110 2091 5193 14)
2119 5124 2293 5193 Ταῦτα
2337 5116 2393 5193 δὲ
2440 5110 2576 5189 ἦσαν
2631 5116 2783 5193 μῆλα
2830 5113 3112 5190 εὖώδημα.
3165 5113 3312 5186 Αὕτη
3370 5110 3428 5168 δὲ
3482 5114 3549 5183 ἦν

1909 5188 2317 5265 μῆλαίεῦοσμα.
2351 5192 2433 5246 ID.

2122 5259 2662 5338 Hpt‘ii1ov._ﬂp61sp6v
2695 5281 2790 5316 σου
2822 5264 2906 5318 ID.

1976 5331 2089 5406 (16)
2118 5331 2271 5406 Ἕνα,
2306 5331 2467 5406 Μίαν.
2500 5331 2583 5406 ID;

1974 5400 2088 5476 (17)
2117 5408 2222 5460 Τοῦ
2253 5403 2677 5476 ἐνρς-ἐκμισθῶ1
2700 5400 2916 5476 Ταύτης
2946 5400 3287 5476 ἐκμ-ισθῴσω·
3322 5400 3407 5456 ID.

1972 5468 2087 5551 (18)
2134 5476 2233 5531 Τὸν
2307 5468 2479 5531 ἄλλον
2547 5468 2946 5551 μανδραγόραν.
2995 5468 3102 5542 Τὴν
3170 5468 3348 5541 ἄλλην
3420 5489 3553 5543 μαν-

1903 5543 2169 5624 δραγόραν
2204 5553 2284 5604 ID.

1972 5612 2086 5765 (19)
2112 5624 2235 5681 Τοῖς
2272 5612 2687 5708 (ιι-ανδρμγόραις.
2719 5619 2847 5678 Ταῖς
2880 5613 3301 5691 μανδραγόραις.
3332 5614 3416 5673 In.

1972 5693 2061 5765 (20
2115 5688 2344 5753 Αὐτους.
2376 5688 2574 5751 Αυτάς.
2605 5689 2700 5747 Sic
2728 5694 2789 5747 et
2816 5688 2992 5762 paulo
3022 5694 3175 5762 post.
3206 5688 3290 5747 In.

1971 5688 2084 5766 (20)
2115 5688 2344 5753 Αὐτοός.
2376 5688 2574 5751 Ᾱύτάς.
2605 5689 2700 5747 Sic
2728 5694 2789 5747 et
2816 5688 2992 5762 paulo
3022 5688 3175 5762 post;
3206 5688 3290 5747 In.
