4036 6356
468 373 624 440 108⁸1

1451 375 1980 443 TESTAMENTA
2008 377 2133 443 ΧΗ
2162 376 2885 445 ῬΛΜΗΕΗΑΒΠΜ.

3724 366 3886 439 11188

467 508 733 583 reposuit
759 526 857 566 eas
900 508 960 563 in
1003 509 1178 566 domo
1230 509 1479 578 Domini,
1534 512 1781 568 offerens
1828 512 2110 568 sacerdoti

2240 510 2420 574 ιιύτοὺς
2454 511 2507 566 ἐν
2539 508 2675 584 οἴκῳ
2725 510 2943 588 Κυρίου,
2989 508 3391 588 προσενέγκασα
3434 512 3517 584 τῷ
3564 508 3710 587 ἱερεῖ
3734 508 3883 584 Ὑψί-

465 598 772 670 Altissimi,
806 598 903 671 qui
937 604 1059 654 erat
1090 599 1150 654 in
1181 603 1441 671 tempore
1476 599 1594 657 illo.

536 710 637 760 III.
674 726 703 756 ‹‹
734 705 976 771 Quando
1027 704 1208 777 igitur
1256 706 1444 762 factus
1492 723 1623 762 sum
1670 707 1777 777 vir,
1821 707 1923 763 filii
1974 708 2110 777 mei,

463 793 757 852 ambulavi
788 793 848 848 in
882 794 1184 849 rectudine
1223 796 1440 866 cordis,
1474 801 1531 851 et
1560 797 1750 853 factus
1781 814 1913 852 sum
1964 797 2113 868 agri-

464 883 592 940 cola
621 886 852 954 patrum
885 887 1233 952 meorum,et
1264 883 1509 939 fratrum
1543 900 1828 952 meorum,
1856 892 1913 941 et
1944 886 2114 942 attuli

463 973 690 1028 fructus
720 989 788 1027 ex
817 971 973 1043 agris
1005 972 1329 1027 secundum
1360 977 1595 1045 tempus
1625 980 1910 1041 eorum,et
1936 975 2112 1031 bene-

463 1061 611 1117 dixit
640 1060 784 1115 mihi
814 1064 981 1132 pater
1012 1061 1421 1130 meus,videns
1452 1063 1608 1133 quod
1642 1063 1700 1118 in
1734 1063 2114 1136 simplicitate

465 1148 863 1206 ambulabam.
898 1151 966 1204 Et
1013 1167 1126 1205 non
1161 1167 1319 1205 eram
1372 1156 1766 1223 perscrutator
1797 1153 1855 1207 in
1887 1153 2113 1209 actibus

465 1238 833 1311 meis,neque
865 1238 1228 1310 perniciosus
1262 1244 1318 1294 et
1347 1239 1615 1296 invidens
1647 1241 1909 1313 proximo
1942 1257 2111 1314 meo;

467 1344 583 1383 non
617 1326 923 1383 oblocutus
960 1344 1090 1383 sum
1124 1327 1317 1397 alicui,
1353 1345 1541 1401 neque
1584 1329 1902 1401 vituperavi
1935 1330 2113 1386 vitam

468 1415 725 1473 hominis
764 1416 1075 1471 ambulans
1108 1417 1166 1471 in
1200 1416 1572 1488 simplicitate
1621 1419 1943 1474 oculorum.
1980 1420 2116 1475 Pro-

465 1511 596 1579 pter
624 1505 734 1560 hoc
762 1506 1004 1577 triginta
1030 1523 1317 1561 annorum
1350 1508 1541 1579 accepi
1565 1507 1835 1563 mihimet
1854 1525 2115 1580 uxorem,

469 1594 748 1667 quoniam
783 1594 948 1649 labor
976 1595 1349 1651 devoraverat
1379 1596 1780 1653 fortitudinem
1815 1614 2025 1653 meam.
2051 1597 2119 1653 Et

471 1700 590 1741 non
620 1682 1153 1738 animadvertebam
1188 1683 1540 1755 voluptatem
1574 1685 1858 1756 mulieris,
1883 1686 1984 1742 sed
2016 1701 2120 1758 per

469 1772 733 1830 laborem
764 1788 1008 1828 somnus
1038 1789 1204 1828 meus
1237 1773 1622 1830 circumdedit
1652 1790 1765 1842 me,
1799 1780 1857 1830 et
1887 1791 2120 1847 semper

2224 621 2371 674 στου,
2403 606 2483 674 τῷ
2514 596 2627 657 ὄντι
2661 601 2712 657 ἐν
2743 606 2823 673 τῷ
2852 605 3026 677 καιρῷ
3058 599 3264 675 ἐκείνῳ.

2294 713 2365 764 1".
2401 731 2430 760 α
2460 710 2587 764 Ὅτε
2615 709 2707 764 οὗν
2735 705 3032 783 ἡδρύνθην,
3062 706 3222 763 τέκνα
3264 726 3389 780 μου,
3422 704 3782 780 ἐπορευόμην
3836 704 3883 759 ἐν

2222 795 2477 866 εὐθύτητι
2506 794 2752 871 καρδίας,
2780 797 2871 851 καὶ
2904 794 3169 872 ἐγενόμην
3201 794 3443 871 γεωργὸς
3472 800 3584 849 τῶν
3627 794 3883 869 πατέρων

2226 905 2352 958 μου,
2383 886 2474 940 καὶ
2519 890 2627 940 τῶν
2670 882 2918 964 ἀδελφῶν
2972 905 3098 959 μου,
3150 884 3239 939 καὶ
3288 880 3476 962 ἔφερον
3524 882 3784 958 καρποὺς
3840 882 3888 953 ἐξ

2222 973 2404 1049 ἀγρῶν
2436 974 2573 1030 κατὰ
2617 975 2804 1050 καιρὸν
2854 972 3050 1045 αὐτῶν,
3081 972 3171 1028 καὶ
3218 971 3483 1048 εὐλόγησέ
3537 994 3610 1045 με
3640 973 3671 1026 6
3704 972 3888 1045 πατὴρ

2228 1084 2356 1137 μου,
2392 1061 2610 1138 βλέπων
2660 1061 2743 1117 ὅτι
2797 1062 2848 1118 ἐν
2899 1061 3172 1131 ἁπλότητι
3226 1061 3553 1136 πορεύομαι.
3609 1060 3721 1117 Καὶ
3793 1060 3892 1114 οὐκ

2223 1148 2375 1224 ἤμην
2426 1149 2714 1227 περίεργος
2763 1148 2816 1204 ἐν
2869 1155 2990 1213 ταῖς
3050 1148 3269 1226 πράξεσί
3342 1170 3468 1223 μου,
3520 1146 3651 1202 οὐδὲ
3720 1168 3892 1213 πονη-

2226 1240 2316 1315 ρὸς
2347 1241 2460 1313 (21)
2489 1239 2579 1294 καὶ
2633 1238 2897 1314 βάσκανος
2945 1242 3025 1311 τῷ
3070 1236 3304 1309 πλησίον
3364 1255 3488 1311 μου·
3542 1235 3608 1291 ού
3655 1235 3892 1291 κατελά-

2225 1326 2370 1400 λησά
2409 1348 2576 1397 τινος,
2610 1325 2736 1383 οὐδὲ
2780 1324 2938 1402 ἕψεξα
2990 1326 3107 1402 βίον
3163 1325 3477 1402 ἀνθρώπου,
3506 1324 3891 1402 πορευόμενος

2225 1415 2278 1473 ἐν
2323 1414 2596 1485 ἁπλότητι
2663 1415 2985 1495 ὀφθαλμῶν,
3036 1417 3134 1471 Διά
3194 1419 3357 1471 τοῦτο
3418 1416 3723 1492 τριάκοντα
3772 1415 3891 1487 (22)

2227 1504 2359 1561 ἐτῶν
2411 1501 2606 1561 ἔλαϐον
2658 1504 2877 1580 ἐμαυτῷ
2921 1509 3166 1581 γυναῖκα,
3211 1502 3294 1559 ὅτι
3341 1505 3369 1559 6
3415 1505 3664 1577 κάματος
3713 1504 3890 1571 κατή-

2226 1596 2342 1649 σθιε
2367 1595 2467 1663 τὴν
2501 1592 2658 1671 ἰσχύν
2694 1611 2817 1668 μου’
2849 1594 2941 1650 καὶ
2985 1593 3086 1649 οὐκ
3139 1593 3381 1649 ἐνενόουν
3432 1590 3639 1663 ἡδονὴν
3693 1612 3890 1667 γυναι-

2223 1683 2343 1751 κὸς,
2375 1681 2523 1739 ἀλλὰ
2569 1679 2659 1738 διὰ
2708 1686 2805 1738 τοῦ
2845 1681 3020 1738 κόπου
3067 1682 3235 1746 ὕπνος
3268 1704 3367 1756 μοι
3396 1682 3773 1759 περιεγένετο,
3801 1682 3892 1736 καὶ

2226 1772 2453 1827 πάντοτε
2481 1766 2698 1847 ἔχαιρεν
2748 1770 2835 1828 ἐπὶ
2883 1775 2954 1845 τῇ
3002 1768 3275 1842 ἁπλότητι
3321 1792 3427 1845 μου
3457 1772 3487 1826 6
3515 1772 3704 1845 πατήρ
3762 1791 3891 1843 μου.

473 1861 708 1935 gavisus
755 1865 844 1915 est
890 1860 949 1915 in
1007 1860 1383 1931 simplicitate
1432 1879 1561 1918 mea
1605 1868 1770 1935 pater
1816 1880 2004 1920 meus.
2054 1862 2115 1919 Si

2240 1857 2347 1917 Είίτι
2409 1859 2512 1938 γὰρ
2560 1857 2840 1935 ἔκαμνον,
2909 1865 3078 1916 πᾶσαν
3150 1858 3368 1937 ὀπώραν
3436 1861 3567 1934 (23),
3621 1858 3717 1914 καὶ
3787 1862 3890 1913 πᾶν

468 1949 612 2023 quid
658 1949 814 2005 enim
861 1949 1222 2018 laborabam,
1255 1968 1488 2008 omnem
1542 1952 1794 2008 fructum
1842 1957 1899 2008 et
1943 1968 2116 2007 omne

466 2039 725 2112 primum
758 2055 995 2111 germen
1031 2040 1290 2102 primum
1325 2057 1427 2111 per
1457 2042 1820 2098 sacerdotem
1875 2041 2117 2097 Domino

469 2128 805 2198 offerebam,
837 2127 1048 2184 deinde
1097 2129 1249 2199 patri
1280 2146 1430 2200 meo,
1462 2135 1520 2185 et
1566 2135 1706 2186 tunc
1737 2147 1841 2203 ego
1885 2131 2016 2203 (24).
2049 2130 2120 2185 Et

471 2217 756 2273 Dominus
785 2216 1105 2287 duplicavit
1142 2218 1296 2273 bona
1325 2218 1383 2273 in
1417 2219 1692 2275 manibus
1741 2220 1907 2276 meis.
1944 2218 2121 2275 Scivit

473 2309 670 2363 autem
703 2308 761 2361 et
785 2306 984 2373 Jacob,
1018 2308 1171 2378 quod
1207 2309 1356 2362 Deus
1386 2312 1731 2380 cooperatur
1758 2307 2121 2381 simplicitati

473 2394 804 2451 mearomni
836 2395 993 2450 enim
1026 2397 1265 2467 pauperi
1282 2401 1339 2452 et
1367 2397 1757 2453 omniafﬂicto
1789 2398 2121 2455 tribuebam

471 2488 639 2541 terra;
671 2483 824 2540 bona
854 2484 914 2539 in
945 2483 1314 2556 simplicitate
1346 2485 1557 2542 cordis.

546 2594 643 2645 IV.
677 2612 706 2641 ‹‹
740 2590 808 2646 Et
860 2607 1014 2646 nunc
1055 2592 1253 2647 audite
1304 2609 1417 2659 me,
1452 2593 1576 2664 filii,
1609 2598 1669 2650 et
1715 2593 2013 2650 ambulate
2060 2593 2123 2650 in

472 2678 851 2751 simplicitate
901 2680 1114 2749 cordis,
1150 2681 1427 2753 quoniam
1479 2682 1611 2738 novi
1660 2682 1719 2739 in
1770 2683 1899 2756 ipsa
1950 2700 2125 2740 omne

473 2768 907 2840 beneplacitum
937 2768 1189 2825 Domini.
1223 2769 1479 2843 Simplex
1510 2788 1720 2827 aurum
1751 2789 1867 2828 non
1910 2789 2120 2829 concu-

477 2856 672 2931 piscit,
722 2858 1051 2929 proximum
1105 2875 1217 2915 non
1268 2859 1668 2930 circumvenit,
1729 2861 1890 2917 cibos
1936 2861 2125 2918 varios

482 2964 601 3004 non
630 2947 875 3019 appetit,
924 2951 1143 3003 vestem
1178 2948 1469 3005 diversam
1522 2966 1638 3006 non
1663 2949 1808 3017 vult,
1860 2955 2128 3023 tempora

478 3035 654 3109 longa
684 3036 795 3092 sibi
826 3053 941 3092 non
973 3038 1297 3108 praescribit
1334 3038 1651 3106 vivere,sed
1684 3039 1875 3096 solum
1922 3040 2130 3113 recipit

481 3125 839 3182 voluntatem
892 3126 1032 3193 Dei;
1066 3131 1124 3182 et
1170 3127 1413 3200 spiritus
1461 3129 1675 3185 erroris
1724 3128 1804 3183 nil
1850 3129 2128 3185 valebunt

480 3215 761 3271 adversus
791 3230 949 3271 eum.
981 3216 1104 3272 Non
1133 3216 1288 3272 enim
1322 3217 1481 3273 novit
1508 3218 1763 3290 recipere
1802 3217 2126 3290 pulchritu-

480 3304 677 3360 dinem
727 3303 1011 3372 mulieris,
1043 3309 1104 3360 ut
1152 3322 1267 3362 non
1300 3306 1359 3361 in
1392 3308 1761 3379 perversione
1790 3307 2129 3379 coinquinet

479 3397 737 3448 mentem
768 3410 938 3449 suam
964 3411 977 3463 ;
1012 3411 1126 3450 non
1173 3395 1333 3451 zelus
1365 3394 1424 3451 in
1456 3395 1720 3452 consiliis
1750 3397 1880 3468 ejus
1925 3412 2129 3468 super-

475 3481 690 3549 veniet,
722 3498 833 3537 non
876 3482 1097 3538 invidia
1124 3483 1423 3556 liquefacit
1467 3485 1727 3541 animam
1759 3486 1907 3557 ejus,
1942 3500 2130 3558 neque

479 3568 716 3625 lucrum
747 3570 806 3625 in
837 3570 1279 3629 insatiabilitate
1307 3573 1595 3648 excogitat
1618 3576 1745 3643 ;sed
1779 3574 2043 3631 ambulat
2070 3574 2131 3629 in

487 3659 838 3715 rectitudine
890 3659 1041 3730 vitae,
1085 3665 1142 3717 et
1188 3663 1385 3719 omnia
1427 3664 1583 3719 videt
1624 3662 1686 3719 in
1735 3663 2131 3736 simplicitate,

490 3764 606 3804 non
636 3747 921 3820 recipiens
943 3749 1129 3806 oculis
1150 3750 1544 3824 malignitates
1574 3753 1646 3808 ab
1677 3769 1869 3810 errore
1901 3753 2130 3821 mundi,

488 3840 555 3895 ut
585 3853 701 3894 non
730 3837 924 3894 videat
966 3855 1232 3911 perverse
1261 3840 1498 3911 aliquod
1547 3843 1959 3899 mandatorum
2007 3842 2130 3900 Dei.

556 3945 628 4001 V.
662 3967 689 3995 «
723 3945 1029 4002 Custodite
1078 3946 1276 4019 igitur,
1330 3946 1433 4002 filii
1482 3949 1617 4015 mei,
1667 3949 1854 4021 legem
1902 3948 2025 4017 Dei,
2076 3951 2135 4005 et

488 4033 925 4107 simplicitatem
957 4036 1332 4107 possidete,et
1360 4036 1419 4091 in
1449 4036 1783 4094 innocentia
1812 4037 2132 4107 ambulate,

489 4139 608 4180 non
640 4123 818 4179 nimis
849 4124 1078 4180 curiose
1120 4130 1446 4182 scrutantes
1477 4128 1756 4184 mandata
1799 4127 2049 4199 Domini,
2082 4130 2139 4183 et

491 4211 741 4286 proximi
771 4214 1029 4269 actiones
1058 4233 1072 4282 ;
1106 4216 1207 4270 sed
1239 4215 1465 4287 diligite
1496 4217 1805 4272 Dominum
1838 4221 1895 4272 et
1939 4216 2138 4288 proxi-

498 4316 687 4371 mum,
736 4302 1008 4373 pauperis
1037 4305 1095 4358 et
1142 4303 1361 4359 inﬁrmi
1404 4304 1786 4361 miseremini.
1819 4304 2141 4377 Supponite

496 4390 738 4447 dorsum
768 4394 1025 4446 vestrum
1059 4392 1130 4448 ad
1161 4408 1367 4465 agrum
1398 4391 1730 4464 colendum,
1761 4398 1820 4450 et
1865 4393 2140 4449 laboran-

496 4480 640 4537 dum
672 4480 733 4536 in
764 4481 1039 4553 operibus
1068 4486 1256 4553 terrae,
1289 4483 1612 4539 secundum
1662 4498 2144 4556 unamquamque

493 4569 917 4644 agriculturam
947 4571 1099 4627 dona
1128 4588 1260 4627 cum
1293 4574 1618 4644 gratiarum
1641 4572 1868 4629 actione
1896 4572 2142 4628 Domino

492 4660 830 4729 offerentes;
847 4662 1124 4732 quoniam
1157 4660 1216 4716 in
1234 4661 1442 4733 primis
1453 4662 1817 4735 germinibus
1842 4662 2138 4718 fructuum

491 4753 658 4805 terra:
687 4749 988 4805 benedixit
1014 4750 1116 4806 tibi
1154 4750 1454 4821 Dominus,
1487 4751 1643 4807 sicut
1690 4751 1986 4808 benedixit
2012 4766 2139 4807 om-

495 4838 672 4895 nibus
701 4839 944 4909 sanctis,
976 4840 1048 4894 ab
1080 4838 1224 4895 Abel
1256 4856 1443 4912 usque
1472 4842 1545 4897 ad
1575 4840 1683 4896 hoc
1726 4846 1983 4913 tempus.
2013 4839 2140 4896 Non

497 4927 654 4984 enim
685 4928 859 4984 datur
887 4928 993 4984 tibi
1025 4928 1140 4984 alia
1172 4945 1513 5001 pars,quam
1544 4928 1920 5002 pinguedinis
1949 4934 2139 4996 terra,

498 5018 669 5091 cujus
699 5017 756 5073 in
786 5017 1085 5075 doloribus
1117 5022 1258 5074 sunt
1289 5019 1551 5088 fructus;
1585 5018 1861 5091 quoniam
1893 5023 1951 5074 et
1979 5022 2143 5091 pater

496 5112 697 5165 noster
723 5108 905 5164 Jacob
938 5108 996 5162 in
1028 5107 1534 5164 benedictionibus
1563 5111 1728 5164 terra
1758 5111 1816 5165 et
1855 5107 2142 5180 primitia-

494 5215 629 5257 rum
660 5198 960 5255 fructuum
1008 5196 1307 5253 benedixit
1353 5196 1521 5254 mihi.
1570 5198 1642 5255 Et
1687 5197 1821 5256 Levi
1862 5200 1921 5254 et
1959 5196 2144 5255 Judas

588 5432 683 5507 21)
712 5428 987 5507 Πον-ηρός.
1021 5427 1528 5507 Φθονερόςηῼιωρ.

710 5501 1023 5576 Τριάκοντα.
1059 5501 1239 5571 Πέντε,
1272 5503 1404 5557 add.
1445 5502 1626 5559 GRAB.

718 5576 987 5650 Ὀπώραν.
1021 5577 1205 5641 Ὥραν.
1239 5578 1320 5650 l1).

594 5579 665 5633 23
718 5577 987 5650 Ὀπώραν.
1021 5577 1205 5641 Ὥραν.
1239 5578 1320 5630 1D.

593 5577 685 5723 24;
714 5649 782 5705 Et
832 5651 966 5705 tunc
1013 5661 1132 5718 ego.
1184 5644 1291 5701 Hic
1355 5643 1580 5717 aliquid
1657 5644 1826 5702 desse
1897 5643 2146 5701 videtur.

2225 1950 2663 2027 πρωτογέννημα
2690 1953 2905 2026 πρῶτον
2938 1946 3028 2005 διὰ
3079 1952 3179 2004 τοῦ
3229 1948 3421 2024 ίερέως
3477 1947 3662 2025 Κυρίῳ
3724 1968 3896 2025 προσο

2226 2038 2438 2119 ἐφερον,
2497 2034 2682 2095 ἔπειτα
2725 2042 2805 2112 τῷ
2858 2038 3022 2115 πατρί
3069 2059 3195 2113 μου,
3240 2038 3331 2094 καὶ
3385 2037 3510 2094 τότε
3596 2037 3731 2115 ἐγώ.
3791 2037 3894 2092 Καὶ

2226 2128 2425 2205 Κύριος
2524 2124 2875 2183 ἐδιπλασίασε
2967 2128 3035 2184 τὰ
3118 2126 3290 2203 ἀγαθὰ
3372 2125 3425 2183 tv
3514 2126 3672 2203 χερσῖ
3762 2147 3894 2199 μου.

2226 2214 2378 2288 ᾜδει
2428 2214 2487 2272 δὲ
2525 2216 2616 2272 καὶ
2660 2211 2874 2290 Ἰακὼϐ,
2906 2216 2989 2273 ὅτι
3039 2217 3067 2272 6
3110 2217 3240 2280 Θεὸς
3289 2221 3531 2294 συνεργεῖ
3584 2219 3655 2290 τῇ
3721 2214 3898 2271 ἁπλό-

2225 2306 2354 2379 τητί
2417 2327 2541 2381 μουο
2592 2306 2753 2362 παντὶ
2806 2305 2908 2383 γὰρ
2964 2304 3161 2378 πένητι
3201 2306 3293 2361 καὶ
3354 2305 3515 2360 παντί
3563 2299 3893 2379 θλιϐομένῳ

2226 2402 2495 2474 παρεῖχον
2523 2402 2622 2467 τῆς
2652 2402 2757 2473 γῆς
2784 2396 2854 2450 τὰ
2880 2394 3052 2473 ἀγαθὰ
3080 2395 3133 2451 ἐν
3161 2393 3434 2465 ἁπλότητι
3463 2391 3719 2470 καρδίας.

2300 2595 2373 2650 Δ¹.
2406 2615 2434 2645 ‹‹
2469 2590 2568 2646 Kal
2612 2593 2701 2646 νῦν
2747 2589 3010 2646 ἀκούσατέ
3058 2606 3185 2664 μου,
3223 2588 3405 2661 τέκνα,
3453 2590 3545 2645 καὶ
3590 2587 3899 2665 πορεύεσθε

2232 2679 2283 2737 ἐν
2316 2679 2585 2751 ἁπλότητι
2614 2677 2861 2757 καρδίας,
2894 2678 2976 2735 ὅτι
3009 2676 3154 2736 εἶδον
3184 2679 3235 2735 ἐν
3278 2678 3417 2755 αὐτῇ
3462 2685 3637 2735 πᾶσαν
3702 2678 3895 2755 εὐαρέ-

2231 2791 2419 2842 στησιν
2469 2769 2689 2845 Κυρίου.
2722 2771 2781 2825 '0
2830 2766 3040 2833 ἁπλοῦς
3081 2769 3307 2847 χρυσίον
3359 2769 3461 2825 οὐκ
3488 2767 3773 2841 ἐπιθυμεῖ,
3808 2768 3896 2823 τὸν

2231 2859 2466 2932 πλησίον
2498 2858 2559 2915 οὗ
2589 2856 2920 2932 πλεονεκτεῖ,
2958 2859 3265 2935 βρωμάτων
3294 2856 3563 2914 ποικίλων
3597 2857 3700 2913 ὐοκ
3753 2856 3897 2936 ἐφίε-

2230 2969 2345 3019 ται,
2373 2948 2570 3019 ἐσθῆτα
2599 2946 2855 3025 διάφορον
2911 2946 2974 3002 οὐ
3017 2945 3186 3014 θέλει.
3216 2945 3455 3023 χρόνους
3491 2944 3743 3022 μακροὺς
3793 2945 3901 3019 οὑχ

2236 3036 2538 3117 ὑπογράφει
2572 3040 2693 3111 ζῇν,
2725 3035 2871 3092 ἀλλὰ
2904 3035 3068 3110 μόνον
3101 3032 3381 3112 ἐκδέχεται
3418 3036 3481 3091 τὸ
3527 3034 3758 3108 θέλημα
3804 3039 3899 3089 τοῦ

2235 3131 2388 3184 Θεοῦ·
2419 3125 2577 3201 καίγε
2619 3125 2689 3181 τὰ
2724 3123 3003 3199 πνεύματα
3042 3131 3143 3195 τῆς
3192 3122 3408 3196 πλάνης
3458 3124 3558 3180 οὐκ
3586 3127 3705 3196 (25)
3741 3124 3899 3200 ἰσχύ-

2238 3237 2391 3273 σουσι
2436 3215 2576 3292 πρὸς
2619 3214 2803 3270 αὐτόν.
2835 3214 2909 3269 Ού
2955 3215 3059 3289 γὰρ
3109 3211 3244 3270 εἶδεν
3290 3212 3627 3285 ἐπιδέξασθαι
3684 3211 3902 3275 κάλλος

2242 3303 2488 3377 θηλείας,
2512 3302 2605 3360 ἵνα
2637 3304 2714 3377 μὴ
2746 3303 2799 3359 ἐν
2838 3300 3138 3380 διαστροφῇ
3168 3304 3335 3378 μιάνῃ
3387 3303 3478 3359 τὸν
3525 3307 3653 3357 νοῦν
3707 3301 3896 3357 αὐτοῦ·

2238 3394 2302 3452 ού
2333 3394 2501 3465 ζῆλος
2532 3392 2583 3450 ἐν
2617 3388 2956 3455 διαϐουλίοις
2987 3391 3151 3448 αὐτοῦ
3181 3391 3545 3448 ἐπελεύσεται·
3580 3392 3649 3447 οὐ
3693 3392 3897 3468 βασκα·

2237 3484 2327 3540 νία
2354 3482 2569 3554 ἐκτήκει
2599 3483 2784 3560 ψυχὴν
2816 3481 3004 3552 αὐτοῦ,
3037 3478 3163 3537 οὐδὲ
3191 3482 3599 3559 πορισμὸν
3632 3480 3686 3536 ἐν
3717 3478 3899 3551 ἀπλη·

2240 3571 2361 3645 στίᾳ
2410 3572 2600 3628 ἐννοεῖ·
2633 3568 2919 3648 πορεύεται
2968 3567 3026 3627 δὲ
3073 3568 3125 3626 ἐν
3177 3569 3423 3638 εὖθύτητι
3456 3574 3606 3640 ζωῆς
3635 3571 3779 3643 (27),
3809 3569 3892 3624 καὶ

2240 3663 2409 3719 πάντα
2437 3662 2538 3739 ὁρᾳ
2567 3659 2619 3717 ἐν
2675 3658 2969 3732 ἁπλότητι,
3006 3660 3082 3734 μὴ
3132 3657 3525 3736 ἐπιδεχόμενος
3579 3657 3895 3736 ὀφθαλμοῖς

2240 3750 2501 3829 πονηρίας
2531 3750 2637 3807 ἀπὸ
2658 3756 2761 3819 τῆς
2791 3748 3006 3819 πλάνης
3034 3752 3132 3805 τοῦ
3158 3747 3393 3823 κόσμου,
3415 3746 3510 3805 ’ίνα
3542 3749 3620 3821 μὴ
3653 3745 3750 3822 ἴδῃ
3789 3745 3892 3803 διε-

2246 3839 2605 3915 πραμμένως
2629 3860 2682 3895 τι
2710 3842 2815 3894 τῶν
2849 3836 3083 3894 ἐντολῶν
3115 3840 3229 3912 (28)
3258 3841 3357 3893 τοῦ
3386 3837 3650 3915 Κυρίουᾶ

2314 3948 2391 4003 E'.
2424 3970 2453 3999 «
2486 3944 2766 4019 Φυλάξατε
2790 3940 2905 4017 οὖν,
2935 3943 3091 4001 τέκνα
3124 3963 3249 4018 μου,
3280 3943 3453 4018 νόμον
3478 3947 3635 4015 Θεοῦ,
3667 3940 3763 3999 καὶ
3800 3944 3895 4011 τήν

2246 4034 2532 4107 ἁπλότητα
2589 4035 2879 4107 κτήσασθε,
2928 4034 3019 4089 καὶ
3082 4033 3135 4089 ἐν
3198 4033 3394 4106 ἀκακία
3454 4033 3768 4108 πορεύεσθε,
3822 4036 3893 4107 μὴ

2244 4123 2726 4204 περιεργαζόμενοι
2758 4122 2982 4185 ἐντολὰς
3013 4122 3235 4201 Κυρίου,
3265 4143 3355 4179 και
3382 4127 3481 4179 τοῦ
3509 4122 3753 4193 πλησίον
3810 4124 3900 4186 τὰς

2244 4214 2484 4290 πράξεις’
2535 4212 2662 4270 ἀλλ’
2714 4213 2957 4288 ἀγαπᾶτε
3004 4213 3201 4289 Κύριον
3257 4211 3347 4269 καὶ
3388 4214 3481 4269 τὸν
3512 4211 3777 4283 πλησίον,
3809 4211 3897 4268 xt-

2245 4324 2382 4375 νητα
2408 4301 2498 4358 καὶ
2527 4303 2722 4373 ἀσθενῆ
2755 4300 3033 4373 ἐλεήσατε.
3063 4301 3368 4359 Ὑποτίθετε
3390 4302 3483 4358 τὸν
3525 4305 3699 4357 νῶτον
3748 4300 3899 4374 ὖμῶν

2250 4392 2327 4457 είς
2372 4392 2436 4447 τὸ
2480 4396 2761 4470 γεωργεῖν,
2793 4391 2882 4447 καὶ
2921 4389 3237 4469 ἐργάζεσθαι
3284 4390 3338 4448 ἐν
3383 4388 3563 4469 ἔργοις
3605 4397 3735 4467 γῆς,
3787 4391 3899 4447 καθ’

2251 4481 2480 4553 ἑκάστην
2512 4479 2783 4558 γεωργίαν
2814 4477 2965 4556 δῶρα
2996 4481 3111 4554 μετ’
3138 4479 3485 4558 εὐχαριστίας
3517 4478 3706 4555 Κυρίῳ
3737 4500 3901 4557 προσ-

2252 4571 2521 4653 φέροντες·
2562 4568 2649 4626 δτι
2700 4569 2754 4626 ἐν
2799 4571 3282 4647 πρωτογεννήμασι
3328 4574 3553 4647 καρπῶν
3595 4567 3703 4645 γῆς
3752 4568 3900 4626 εὐλό-

2248 4660 2387 4738 γησέ
2416 4681 2475 4716 σε
2504 4658 2724 4737 Κύριος,
2754 4658 2936 4721 καθὼς
2985 4656 3251 4735 εὖλόγησε
3280 4659 3479 4722 πάντας
3506 4656 3637 4720 τοὺς
3694 4659 3897 4735 ἁγίους,

2250 4750 2357 4806 ἀπὸ
2384 4744 2558 4805 ’Ἅϐελ
2588 4747 2693 4811 ἕως
2715 4751 2814 4803 τοῦ
2841 4746 2958 4805 νῦν.
2990 4747 3070 4806 Οὐ
3096 4748 3198 4824 γὰρ
3229 4745 3444 4804 δέδοταί
3473 4768 3557 4804 σοι
3596 4744 3751 4819 ἄλλη
3808 4768 3899 4822 με·

2251 4839 2360 4917 ρὶς,
2390 4839 2426 4909 ἢ
2450 4844 2559 4908 τῆς
2587 4835 2850 4908 πιότητος
2879 4839 2979 4906 τῆς
3004 4839 3133 4912 γῆς,
3162 4839 3232 4907 ἧς
3260 4835 3314 4893 ἐν
3342 4836 3537 4900 πόνοις
3583 4837 3640 4893 οἳ
3680 4837 3895 4915 καρποί

2250 4928 2334 4985 δτι
2360 4927 2450 4983 καὶ
2499 4927 2528 4983 6
2570 4926 2751 5000 πατὴρ
2799 4927 2960 4999 ἡμῶν
3001 4920 3196 4981 Ἰακὼϐ
3236 4925 3289 4983 ἐν
3337 4924 3613 5003 εὐλογίαις
3660 4932 3771 5004 γῆς
3818 4927 3899 4983 καὶ

2249 5016 2515 5093 ἀπαρχῶν
2563 5017 2784 5088 καρπῶν
2836 5012 3103 5092 εὐλόγησέ
3154 5036 3241 5090 με.
3296 5015 3396 5071 Καὶ
3454 5015 3485 5071 6
3536 5015 3673 5072 Λευῒ
3725 5016 3824 5073 καὶ
3874 5017 3899 5071 ὁ

2253 5102 2433 5164 Ἰούδα
2484 5102 2832 5179 ἐδοξάσθησαν
2877 5101 3025 5181 παρὰ
3070 5102 3254 5181 Κυρίῳ
3292 5101 3345 5161 ἐν
3382 5105 3524 5168 υἱοῖς
3556 5098 3778 5164 Ἰακώϐ.
3810 5108 3900 5164 Καὶ

2252 5194 2359 5273 γὰρ
2390 5194 2419 5251 6
2450 5193 2647 5270 Κύριος
2680 5190 2992 5271 ἐκλήρωσεν
3020 5192 3073 5251 ἐν
3100 5191 3310 5268 αὐτοῖς,
3339 5193 3431 5251 καὶ
3458 5199 3539 5269 τῷ
3590 5194 3690 5271 μὲν
3742 5192 3902 5253 ἔδωκε

2325 5427 2434 5499 (25)
2464 5423 2594 5482 Οὔκ.
2626 5422 2814 5499 otes.
2845 5425 2929 5484 In.

2352 5501 2445 5573 26)
2475 5496 2776 5573 Πορισμόν.
2811 5498 3217 5573 Περισπασμόν.
3250 5500 3336 5557 ID.

2478 5570 2663 5639 Ζωῆς.
2683 5570 2907 5639 Ψυχῆς.
2940 5570 3021 5628 ID.

2355 5587 2419 5627 zr
2478 5587 2651 5639 ιωης.
2688 5587 2771 5624 ψυ
2814 5590 2851 5639 η

2350 5587 2448 5716 28ί
2480 5648 2705 5715 Διεστρα
2748 5587 2851 5778 ἐν

2350 5732 2429 5777 νας
2456 5711 2553 5777 τὰς
2584 5660 2753 5771 ἐντολ
2814 5756 2828 5772 .

2328 5639 2440 5716 (28)
2480 5648 2705 5715 Διεστρα
2780 5639 2932 5703 ’νως
2992 5660 3047 5699 τι
3111 5643 3221 5697 τῶν
3279 5639 3540 5699 ἐντολῶν.
3610 5646 3897 5723 Acm-

2266 5710 2429 5788 μίνας
2456 5711 2553 5777 τὰς
2584 5639 2828 5778 Morti
2861 5714 2948 5773 ID.

2334 5732 2429 5777 νας
2456 5732 2553 5777 τας
2584 5732 2704 5769 ιντο

2861 5714 2948 5773 In.
