4036 6356
164 384 321 461 1089

1348 380 1946 445 TESTAMENTUM
1989 381 2381 446 ZABULON.

3410 378 3572 445 1090

158 520 260 588 τήν
290 513 581 593 ἱερατείαν,
626 516 706 586 τῷ
760 509 817 569 δὶ
867 509 1166 589 βασιλείαν.
1218 510 1417 575 Αὖτοῖς
1450 508 1840 589 ὖπακούσατεη

1956 512 2226 569 'loriﬁcati
2273 517 2414 570 sunt
2445 530 2477 569 a
2508 512 2752 570 Domino
2808 512 2867 570 in
2907 512 3042 569 ﬁliis
3089 512 3286 569 Jacob.
3335 513 3567 571 Etenim

161 607 255 664 καὶ
282 611 352 681 τῇ
382 604 657 673 ἁπλότητι
699 606 799 659 τοῦ
845 602 1048 678 πατρὸς
1090 601 1242 675 ὑμῶν
1274 601 1696 676 περιπατήσατε·
1729 599 1816 656 ὃτι

160 694 255 751 rei
300 697 379 765 τῷ
424 688 531 749 Γὰδ
562 688 723 760 ἐδόθη
752 688 1018 749 ἀπολέσαι
1046 688 1117 744 τά
1138 689 1467 766 πειρατήρια
1490 688 1559 745 τὰ
1588 685 1821 763 ἐπερχό-

168 804 305 860 μενα
332 779 575 858 Ἰσραήλ.

247 1053 307 1119 Co.
347 1073 367 1099 ,
397 1043 529 1102 οῖδα
560 1042 640 1115 δὲ,
668 1045 828 1100 τέκνα
860 1064 987 1118 μον,
1018 1042 1101 1100 ὅτι
1132 1041 1184 1099 ἐν
1216 1041 1469 1119 ἐσχάτοις
1492 1048 1702 1118 καιροῖς
1726 1062 1822 1097 κα*

166 1136 527 1213 ταλείψουσιν
559 1136 611 1190 οἱ
642 1135 749 1191 υἱοὶ
780 1135 941 1207 ἡμῶν
974 1135 1089 1209 (29)
1119 1134 1221 1202 τήν
1246 1131 1553 1203 ἁπλότητα,
1578 1130 1666 1186 καί
1688 1129 1821 1187 κολ-

171 1226 513 1299 ληθήσονται
695 1220 992 1295 ἀπληστίᾳ·
1039 1221 1130 1279 καὶ
1178 1222 1397 1300 ἀφέντες
1445 1222 1544 1290 τὴν
1574 1220 1821 1293 ἀκακίαν,

168 1313 615 1393 προσπελασουσι
667 1315 741 1384 τῇ
782 1309 1102 1386 κακουργίᾳ,
1136 1309 1227 1367 καὶ
1278 1304 1667 1373 καταλιπόντες
1708 1312 1825 1385 (30)

167 1405 270 1469 τὰς
315 1400 537 1466 ἐντολὰς
579 1400 799 1477 Κυρίου,
856 1396 1299 1473 κοΛληθήσονται
1349 1403 1429 1471 τῷ
1460 1397 1674 1475 Βύιάρ·
1732 1398 1824 1454 καὶ

173 1494 395 1573 ἀφέντες
427 1492 492 1549 τὸ
523 1491 812 1568 γεώργιον,
860 1486 1349 1559 έξακολουθήσουσι
1398 1492 1527 1553 τοῖς
1560 1492 1824 1562 πονηροῖς

175 1577 517 1644 διαϐουλίοις
548 1579 747 1654 αὐτῶν,
770 1576 861 1637 καὶ
893 1574 1350 1653 διασπαρήσονται
1381 1576 1434 1634 έν
1463 1582 1581 1639 τοῖς
1632 1573 1824 1649 ἔθνεσι,

173 1674 270 1728 καὶ
330 1668 680 1733 δουλεύσουσι
731 1670 847 1733 τοῖς
898 1664 1121 1743 ἐχθροῖς
1176 1664 1376 1723 αὐτῶν.
1426 1664 1526 1722 Καὶ
1552 1666 1706 1739 ὑμεῖς
1732 1663 1826 1721 οὖν

176 1761 369 1817 εἴπατε
421 1763 588 1815 ταῦτα
631 1762 747 1819 τοῖς
786 1756 999 1817 τέκνοις
1044 1755 1218 1829 ὑμῶν,
1262 1752 1436 1830 ὅπως,
1467 1754 1553 1813 ἐὰν
1586 1755 1830 1830 ἁμαρτῆ-

174 1870 317 1907 σωσι
348 1850 485 1925 (31),
511 1845 704 1924 τάχιον
736 1842 1099 1920 ἐπιστρέψωσι
1130 1844 1266 1920 πρὸς
1295 1845 1523 1921 Κύριον·
1558 1842 1641 1899 ὅτι
1674 1841 1827 1914 ἐλεή-

1859 1891 1910 1957 Β

1923 601 2080 657 Deus
2108 601 2505 658 haereditatem
2538 603 2864 675 assumpsit
2891 619 2959 659 ex
2991 602 3145 673 illis;
3178 607 3235 659 et
3263 603 3401 659 huic
3435 604 3569 676 qui-

1925 691 2059 746 dem
2110 690 2272 747 dedit
2320 692 2734 758 sacerdotium,
2784 691 2920 748 huic
2974 708 3107 749 vero
3158 709 3425 766 regnum.
3472 693 3571 750 Eis

1924 794 2062 851 ergo
2091 779 2343 847 obedite,
2366 786 2424 836 et
2450 780 2510 835 in
2543 778 2920 852 simplicitate
2948 780 3131 852 patris
3158 781 3335 837 vestri
3367 782 3571 837 ambu-

1925 866 2042 925 late
2064 868 2374 939 ;quoniam
2395 872 2454 924 et
2480 869 2601 924 Gad
2614 869 2815 923 datum
2846 874 2937 925 est
2955 869 3195 941 perdere
3214 870 3570 928 tentationes

1928 957 2400 1028 supervenientes
2429 956 2630 1013 Israel.

1997 1044 2093 1100 VI.
2132 1068 2153 1095 ι
2190 1045 2329 1102 Novi
2360 1063 2517 1113 vero,
2551 1045 2655 1102 ﬁlii
2683 1045 2818 1113 mei,
2848 1047 3004 1119 quod
3034 1045 3093 1102 in
3124 1047 3399 1105 extremis
3428 1052 3575 1121 tem-

1930 1134 2170 1205 poribus
2218 1135 2624 1206 derelinquant
2673 1135 2774 1190 ﬁlii
2807 1136 2984 1192 vestri
3037 1136 3469 1209 simplicitatem
3518 1141 3576 1194 et

1932 1222 2312 1279 adhaerebunt
2346 1224 2640 1291 avaritiae;
2672 1228 2730 1279 et
2759 1224 3120 1281 dimittentes
3152 1226 3571 1299 innocentiam,

1932 1313 2488 1385 appropinquabunt
2536 1312 2886 1384 malignitati
2937 1331 2951 1381 ;
3001 1318 3057 1369 et
3103 1315 3574 1388 derelinquentes

1933 1403 2213 1457 mandata
2259 1400 2382 1466 Dei,
2417 1401 2800 1458 adhaarebunt
2848 1402 3072 1471 Beliar;
3107 1409 3165 1460 et
3208 1404 3577 1461 dimittentes

1934 1489 2377 1561 agriculturam,
2410 1494 2733 1562 sequentur
2762 1491 3089 1563 perniciosa
3108 1493 3353 1549 consilia
3380 1497 3583 1564 sua,et

1935 1578 2349 1650 dispergentur
2378 1579 2435 1633 in
2468 1578 2763 1651 gentibus,
2785 1583 2842 1635 et
2866 1578 3118 1635 servient
3146 1580 3403 1637 inimicis
3433 1582 3583 1640 suis.

1935 1667 2004 1722 Et
2027 1684 2128 1723 vos
2158 1666 2338 1739 igitur
2369 1667 2488 1722 hinc
2516 1666 2689 1723 dicite
2718 1668 2855 1723 ﬁliis
2881 1669 3111 1739 vestris,
3145 1674 3211 1724 ut
3241 1670 3292 1725 si
3322 1674 3581 1742 peccent,

1934 1754 2206 1810 velociter
2254 1759 2619 1813 revertantur
2647 1757 2717 1811 ad
2772 1757 3124 1827 Dominum;
3157 1759 3431 1831 quoniam
3474 1759 3587 1816 mi-

1937 1842 2186 1899 sericors
2215 1848 2324 1913 est,
2356 1848 2415 1900 et
2459 1843 2665 1917 eripiet
2693 1859 2815 1912 eos,
2847 1848 2913 1901 ut
2964 1852 3330 1905 revertantur
3359 1848 3418 1905 in
3468 1854 3589 1907 ter-

178 1959 305 2015 μων
332 1936 466 2006 ἐστὶ,
496 1935 585 1997 καὶ
611 1933 873 2008 ἐξολεῖται
899 1930 1118 2008 αὐτοὺς,
1146 1936 1247 1988 τοῦ
1275 1931 1592 2009 ἐπιπρέψαι
1622 1931 1699 1996 εἷς
1727 1933 1830 2003 τὴν
1860 1930 1910 1957 ⁸³
1942 1949 2068 1989 ram
2099 1949 2291 1990 suam.

170 2035 288 2106 γῆν
316 2025 492 2082 αὐτῶν
520 2026 657 2097 (32).

211 2104 218 2113 ’
253 2118 327 2174 Z'.
358 2140 387 2165 ››
434 2108 555 2169 Ρκῦ¹
596 2111 730 2167 ἐτῶν
781 2109 896 2185 εἰμι
948 2109 1075 2187 ἐγώ·
1132 2110 1223 2167 καὶ
1270 2109 1370 2167 οὐκ
1416 2106 1579 2187 ἔγνων
1628 2109 1709 2167 ἐπ’
1737 2109 1841 2183 ἐμὲ·

177 2203 453 2280 ἁμαρτίαν
502 2201 579 2264 εἷς
632 2200 877 2259 θάνατον·
934 2196 1088 2268 Πλὴν
1128 2201 1227 2268 τῆς
1275 2199 1531 2274 γυναικός
1575 2220 1704 2272 μου,
1734 2199 1836 2257 οὐκ.

176 2290 353 2371 ἔγνων
408 2288 608 2361 ἄλλην·
642 2288 741 2344 οὐκ
786 2287 1085 2365 ἐπόρνευσα
1124 2287 1175 2344 ἐν
1239 2293 1597 2366 μετεωρισμῷ
1626 2289 1833 2366 ὀφθαλ-

181 2386 334 2457 μῶν·
387 2380 527 2436 οἶνον
574 2379 650 2441 εὶς
696 2375 1075 2446 ἁποπλάνησιν
1128 2375 1226 2431 οὐκ
1277 2374 1452 2432 ἔπιον·
1504 2382 1609 2433 πᾶν
1646 2374 1832 2440 ἐπιού-

183 2493 269 2546 μη
280 2491 357 2544 μα
382 2473 480 2525 τοῦ
513 2465 747 2538 πλησίον
780 2465 878 2523 ούκ
907 2465 1167 2536 ἐπόθησα·
1223 2463 1390 2528 δόλος
1421 2464 1521 2521 οὐκ
1549 2465 1754 2543 ἐγένετο
1781 2465 1833 2521 έν

180 2557 389 2633 καρδίᾳ
419 2576 542 2631 μου·
593 2555 791 2631 ψεῦδος
842 2554 941 2611 οὐκ
968 2552 1174 2626 ἀνῆλθε
1202 2552 1293 2610 διά
1318 2560 1427 2610 τῶν
1460 2553 1695 2632 χειλέων
1733 2576 1837 2628 μου

184 2648 363 2705 Παντὶ
395 2647 663 2723 ἀνθρώπῳ
714 2642 1044 2719 ὀδυνωμένῳ
1092 2644 1455 2718 συνεστέναξα,
1495 2644 1585 2701 καὶ
1626 2644 1839 2720 πτωχῷ

182 2735 467 2794 κετέδωκα
513 2737 604 2791 τὸν
647 2734 804 2806 ἄρτον
869 2754 994 2808 μου.
1045 2732 1157 2789 Οὐκ
1202 2728 1397 2811 ἔφαγον
1452 2733 1638 2808 μόνος·
1688 2733 1838 2809 ὅριον

187 2827 299 2883 οὐκ
328 2825 511 2895 ἔλυσα,
547 2819 815 2880 εύσέϐείαν
845 2821 1077 2894 ἐποίησα
1105 2822 1157 2879 ἐν
1188 2824 1385 2886 πάσαις
1438 2829 1558 2885 ταῖς
1607 2821 1840 2899 ἡμέραις

189 2915 358 2991 ἐμοῦ,
389 2916 477 2971 καὶ
508 2913 766 2985 ἀληθειαν
799 2914 934 2987 (33).
966 2913 1070 2970 Τὸν
1103 2912 1297 2989 Κύριον
1328 2910 1587 2989 ἠγάπησα
1616 2911 1669 2968 ἐν
1700 2914 1845 2987 πάσῃ

185 3010 266 3081 τῇ
303 3003 456 3079 ἰσχύϊ
485 3024 590 3077 μου
621 3001 829 3077 ὁμοίως
878 3000 970 3057 καὶ
1016 3002 1191 3058 πάντα
1239 3003 1520 3078 ἁτθρωπον
1562 3000 1843 3079 ἠγάπησα,

191 3095 275 3157 ὡς
322 3095 440 3169 (34)
493 3093 562 3148 τά
616 3090 771 3148 τέκνα
831 3112 958 3164 μου.
1005 3093 1182 3147 Ταῦτα
1234 3092 1467 3162 πιήσατε
1518 3095 1609 3147 καὶ
1668 3091 1845 3166 ὑμεῖς,

188 3182 360 3240 τέκνα
410 3204 515 3256 μου
559 3181 649 3237 καὶ
697 3186 805 3236 πᾶν
846 3183 1061 3254 πνεῦμα
1103 3184 1202 3236 τοῦ
1248 3178 1445 3258 Βελιάρ
1485 3179 1726 3259 φεύξεται
1756 3181 1847 3260 ἀφ’

2012 2110 2137 2166 VII.
2176 2129 2201 2159 ε
2232 2111 2478 2168 Centum
2509 2110 2713 2183 viginti
2744 2112 2861 2167 duo
2891 2129 3176 2168 annorum
3212 2132 3345 2172 sum
3375 2133 3480 2189 ego
3505 2120 3592 2186 ;et

1944 2216 2059 2256 non
2092 2200 2334 2271 cognovi
2368 2215 2545 2271 super
2575 2216 2668 2255 me
2700 2205 3001 2272 peccatum
3032 2202 3092 2257 in
3136 2210 3404 2261 mortem.
3439 2211 3590 2262 Prae-

1942 2293 2031 2345 ter
2061 2304 2300 2344 uxorem
2333 2304 2548 2355 meam,
2581 2305 2695 2344 non
2728 2291 2967 2360 cognovi
3016 2290 3231 2361 aliam;
3265 2311 3381 2350 non
3410 2295 3591 2352 forni-

1945 2381 2110 2434 catus
2142 2393 2272 2432 sum
2304 2377 2366 2432 in
2397 2376 2646 2433 elatione
2676 2377 3015 2447 oculorum;
3047 2381 3246 2437 vinum
3278 2383 3337 2439 in
3369 2384 3595 2441 aberra-

1946 2466 2165 2522 tionem
2193 2482 2307 2520 non
2342 2465 2463 2520 bibi
2494 2483 2507 2534 ;
2540 2482 2715 2522 omne
2753 2467 3133 2525 desiderabile
3178 2472 3425 2541 proximi
3475 2490 3593 2530 non

1947 2554 2311 2623 desideravi;
2352 2553 2522 2609 dolus
2571 2572 2685 2610 non
2737 2558 2926 2611 factus
2960 2562 3048 2613 est
3099 2558 3155 2613 in
3212 2561 3384 2616 corde
3422 2577 3591 2631 meo;

1950 2643 2321 2699 mendacium
2354 2660 2469 2699 non
2501 2644 2764 2700 ascendit
2795 2661 2896 2716 per
2917 2645 3075 2702 labia
3105 2664 3249 2704 mea.
3285 2647 3453 2705 Omni
3485 2650 3591 2706 ho-

1951 2733 2094 2789 mini
2127 2731 2323 2788 dolore
2343 2733 2599 2789 cruciato
2631 2735 2961 2805 congemui,
2993 2742 3048 2793 et
3073 2738 3313 2810 pauperi
3344 2739 3477 2795 dedi
3499 2756 3597 2812 pa-

1952 2838 2086 2878 nem
2139 2838 2359 2878 meum.
2409 2822 2535 2877 Non
2585 2823 2811 2878 comedi
2859 2823 3066 2894 solus;
3117 2828 3433 2885 terminum
3478 2845 3597 2885 non

1952 2911 2136 2979 solvi;
2173 2909 2448 2982 pietatem
2495 2911 2603 2966 feci
2654 2911 2713 2966 in
2763 2913 3039 2969 omnibus
3086 2914 3293 2972 diebus
3341 2916 3509 2989 meis,
3541 2920 3599 2975 et

1950 3000 2597 3056 veritatem.Dominum
2629 3000 2802 3056 dilexi
2832 3001 2892 3057 in
2926 3007 3049 3059 tota
3078 3004 3418 3063 fortitudine
3443 3024 3596 3077 mea;

1955 3088 2229 3145 similiter
2254 3092 2312 3145 et
2339 3104 2571 3145 omnem
2604 3088 2905 3145 hominem
2937 3091 3202 3165 dilexi,ut
3232 3094 3383 3151 ﬁlios
3414 3112 3597 3152 meos.

1956 3178 2086 3234 Hec
2135 3181 2193 3233 et
2235 3193 2337 3233 vos
2389 3177 2634 3247 faciatis,
2680 3178 2783 3233 filii
2822 3180 2956 3247 mei,
3008 3185 3065 3236 et
3115 3183 3308 3240 omnis
3354 3184 3600 3256 spiritus

192 3274 382 3348 ὖμων,
432 3271 521 3331 καὶ
564 3275 709 3326 π’ἀσα
750 3269 941 3346 πρᾶξις
992 3273 1248 3346 πονηρῶν
1299 3270 1597 3345 ἀνθρώπων
1638 3269 1700 3325 οὗ
1746 3290 1840 3325 κυ-

1956 3265 2147 3323 Beliar
2174 3266 2359 3339 fugiet
2388 3283 2422 3322 a
2451 3266 2614 3323 vobis
2639 3284 2653 3335 ;
2676 3272 2731 3324 et
2747 3269 2940 3325 omnis
2969 3270 3117 3327 actio
3142 3272 3599 3343 perniciosorum

193 3361 403 3439 ριεύσει
430 3360 602 3433 ὑμῶν.
635 3357 725 3415 καὶ
746 3359 917 3415 πάντο
949 3354 1133 3435 ἄγριον
1165 3359 1306 3436 θῆρα
1344 3357 1844 3429 καταδουλώσεσθε,

193 3451 432 3527 ἔχοντας
467 3449 580 3521 μεθ’
611 3448 813 3507 ἑαυτῶν
845 3448 974 3504 Θεὸν
998 3451 1097 3507 τοῦ
1128 3446 1379 3524 ούρανοῦ·
1429 3446 1850 3523 συμπορευόμε-

189 3561 289 3595 νοι
316 3544 433 3601 τοῖς
460 3538 769 3614 ἀνθρώποις
802 3536 853 3592 έν
885 3536 1159 3608 ἁπλότητι
1187 3534 1433 3614 καρδίας.
1467 3562 1488 3589 ι
1526 3537 1624 3592 Καὶ
1654 3536 1849 3592 ἐνετεί-

195 3628 342 3685 λατο
371 3629 578 3697 αὐτοῖς,
612 3627 763 3689 ὃπως
789 3624 1058 3700 ἀνάγωσιν
1081 3624 1244 3681 αὐτὸν
1301 3624 1355 3681 έν
1402 3620 1649 3700 Χεϐρὼν,
1696 3629 1853 3681 κακεῖ

196 3715 369 3771 αὐτὸν
404 3717 643 3790 θάψωσιν
675 3714 728 3769 ἐν
753 3718 834 3786 τῷ
864 3712 1123 3787 σπηλαίῳ
1173 3714 1309 3787 μετά
1348 3718 1453 3768 τῶν
1485 3713 1731 3789 πατέρων
1763 3712 1855 3769 αὖ·

192 3809 326 3861 τοῦ·
387 3804 489 3861 Καὶ
548 3803 771 3874 ἐξέτεινε
822 3801 950 3865 τοὺς
1005 3800 1200 3875 πόδας,
1251 3801 1438 3876 αὐτοῦ,
1467 3803 1557 3858 καὶ
1587 3802 1853 3859 ἀπάθανεν

198 3893 461 3968 πέμπτος
670 3892 724 3947 έν
770 3893 927 3969 γήρει
965 3889 1139 3964 καλῷ,
1170 3896 1273 3946 πᾶν
1308 3889 1473 3966 μέλος
1505 3888 1649 3968 ἔχων
1683 3892 1853 3969 ὑγιὲς,

199 3983 299 4041 καὶ
333 3981 538 4058 ἰσχύων
571 3981 812 4038 ὕπνωσεν
845 3980 1010 4037 ὕπνον
1037 3980 1279 4041 αἰώνιον.

783 4179 1185 4234 ΚΕΦΔΛΑΙΟΝ
1226 4177 1287 4246 ς.

384 4285 628 4355 Διαθήκη
662 4277 1144 4412 Ζαϐουλὼέἱὲπερὶ
1176 4280 1569 4360 εύσκλαγχνίας
1601 4288 1690 4342 καὶ

1023 4376 1137 4412 ους.

1023 4376 1137 4418 ους.

282 4462 365 4519 Δ’.
400 4462 751 4540 ’Δντίγραφον
796 4456 1112 4527 Ζαϐουλὼν,
1161 4456 1190 4515 ὅ
1238 4458 1440 4517 διέθετο
1485 4466 1606 4525 τοῖς
1656 4463 1865 4527 τέκνοις

1956 3355 2264 3412 hominum
2294 3372 2409 3411 non
2443 3355 2842 3412 dominabitur
2869 3358 3067 3425 vobis;
3102 3364 3159 3415 et
3180 3377 3412 3417 omnem
3445 3378 3605 3435 agre-

1957 3448 2106 3500 stem
2139 3444 2320 3499 feram
2352 3444 3266 3515 servitutisubjicietis,habentes
3296 3450 3599 3508 vobiscum

1960 3539 2140 3589 Deum
2171 3532 2329 3600 cmli;
2352 3532 2722 3589 ambulantes
2750 3550 2886 3589 cum
2918 3535 3256 3593 hominibus
3286 3539 3346 3595 in
3378 3540 3605 3613 simpli-

1960 3623 2133 3678 citate
2162 3622 2374 3678 cordis.
2410 3643 2437 3671 ››
2470 3622 2539 3676 Et
2580 3623 2878 3678 mandavit
2907 3624 3011 3692 eis,
3048 3630 3112 3680 ut
3141 3629 3424 3685 reducant
3470 3646 3607 3686 eum

1962 3711 2031 3765 in.
2053 3710 2305 3779 Hebron,
2338 3714 2396 3765 et
2426 3709 2545 3764 illic
2574 3726 2707 3766 eum
2758 3711 3043 3784 sepeliant
3068 3715 3124 3769 in
3158 3716 3440 3787 spelunca
3469 3734 3606 3774 cum

1964 3798 2229 3872 patribus
2259 3799 2404 3854 suis.
2436 3800 2504 3853 Et
2530 3799 2791 3855 extendit
2838 3803 3013 3873 pedes
3045 3821 3203 3875 suos,
3235 3810 3293 3861 et
3339 3811 3607 3863 mortuus

1964 3892 2053 3945 est
2084 3888 2326 3960 quintus
2372 3886 2552 3959 (ﬁlius
2586 3887 2734 3961 Line),
2767 3889 2827 3945 in
2878 3897 3173 3949 senectute
3221 3894 3393 3967 bona,
3435 3911 3609 3952 omne

1968 3977 2298 4034 membrum
2324 3976 2549 4033 habens
2580 3982 2885 4045 sanum,et
2912 3984 3118 4051 potens
3150 3982 3424 4040 dormivit
3450 3999 3610 4041 som-

1967 4082 2110 4122 num
2141 4068 2510 4138 perpetuum.

2606 4171 2838 4230 CAPUT
2876 4172 2969 4229 VI.

1970 4281 2378 4337 Testamentum
2426 4277 3304 4405 Zabulon,-dedcommiseratione
3347 4289 3401 4344 et
3442 4288 3613 4346 mise-

2657 4366 2805 4405 rzcor
2842 4368 2914 4405 ια.

2657 4366 2914 4408 νιεοναῖα.

2042 4462 2086 4513 I.
2120 4454 2564 4527 Transcriptum
2622 4456 2903 4525 Zabulon,
2937 4461 3093 4531 quod
3139 4461 3432 4534 disposuit
3476 4463 3617 4521 ﬁliis

198 4550 382 4607 αὐτοῦ
428 4549 702 4623 ἑκατοστῷ
742 4554 1153 4628 τεσσαρακοστῷ
1201 4552 1320 4625 (36)
1359 4549 1449 4605 καὶ
1499 4548 1705 4625 δεκάτῳ
1756 4550 1840 4610 ἔτε

1972 4547 2098 4604 suis
2128 4545 2445 4602 centesimo
2475 4544 2701 4600 decimo
2732 4550 2940 4617 quarto
2970 4566 3122 4605 anno
3154 4551 3280 4606 vita:
3310 4569 3452 4620 suae,
3483 4555 3619 4624 post

192 4648 309 4711 τῆς
347 4644 494 4710 ζωῆς
533 4640 719 4714 αὐτοῦ,
757 4641 891 4713 μετά
920 4638 1018 4695 δύο
1068 4636 1161 4710 ἔτη
1208 4642 1308 4694 τοῦ
1364 4640 1595 4695 θανάτου
1638 4642 1838 4722 Ἰωσήφ

1969 4637 2117 4693 duos
2150 4650 2341 4722 annos
2383 4631 2585 4722 mortis
2615 4633 2853 4705 Joseph.
2886 4637 2955 4692 Et
3003 4637 3149 4694 dixit
3178 4641 3262 4696 eis
3295 4657 3308 4696 :
3348 4660 3373 4689 ι
3402 4641 3627 4697 Αιλάἱιθκ

196 4730 312 4788 Καὶ
375 4727 519 4785 εἶπεν
576 4728 782 4793 αὐτοῖς·
842 4753 872 4783 α
932 4726 1225 4785 ’Δκούσατε
1284 4749 1414 4802 μου,
1471 4728 1581 4784 υἱοὶ
1664 4725 1864 4787 Ζαϐου-

283 4928 401 5011 (29)
431 4927 640 5013 Ἡμῶν.
671 4928 845 5013 ’Υμῷν
868 4930 1018 5013 puto
1074 4924 1529 5013 legendummuti
1576 4927 1864 5013 Robertus

191 4997 431 5083 legisse
457 4997 686 5083 videtur
708 4997 897 5083 {licet
918 4997 1263 5083 oxoniensis
1299 4997 1515 5069 pariter
1545 5016 1611 5055 ac
1654 5002 1862 5058 Canta-

193 5071 531 5140 brigiensia
562 5072 742 5128 codex
768 5072 984 5128 habeat
1010 5071 1189 5140 ἡμῶν.
1211 5073 1303 5140 νΙι).

284 5138 404 5212 (30)
434 5140 859 5203 Καταλιπόντες.
890 5138 1428 5212 Καταλιμπάνοντες.
1458 5145 1544 5196 In.

284 5184 407 5342 ὶὲἶξ
434 5184 859 5342 Ἆῌέρξέξᾶᾧξῖ
876 5184 1404 5339 ’Κρὲιᾙὲῖἆὶζῐῖξ

284 5287 383 5342 (32
432 5289 537 5338 Του
594 5284 879 5342 πιστοέὼαι
910 5305 935 5340 ε
964 5304 988 5342 ς
1015 5284 1116 5342 τὴν
1141 5302 1244 5342 γην
1271 5300 1404 5335 dum

309 5284 405 5413 32;
432 5284 537 5338 Τοῦ
566 5284 879 5375 ἐπιστρέψαι
910 5284 988 5345 εἰς
1015 5284 1244 5371 τήνιγῆν
1271 5284 1469 5366 αὖτῷν.
1514 5286 1750 5340 Desunt.
1776 5284 1861 5370 113.

309 5358 383 5413 33
424 5352 709 5413 Εὐσέϐειαν
743 5356 976 5413 εποίησα
1002 5352 1057 5410 ἐν
1082 5372 1266 5413 οασαις
1294 5371 1412 5412 ταις
1439 5351 1674 5413 ἡμέραις
1704 5352 1861 5413 ἐμου,

388 5214 407 5423 ξ

424 5351 976 5427 Εὐσέϐειανέτέοίησα
1002 5352 1057 5410 ἐν
1075 5351 1266 5414 οάσαις
1294 5356 1412 5412 ταῖς
1439 5351 1674 5427 ἡμέραις
1704 5352 1729 5407 ἐ
1778 5358 1863 5425 οὗ,

424 5428 616 5479 ﬁdem-
652 5422 935 5479 Εὐσέϐειαν
969 5425 1216 5479 ἐποίησα.
1246 5423 1299 5479 ἐν
1326 5423 1522 5479 πάσαις
1550 5429 1671 5479 ταῖς
1719 5375 1862 5479 ’ζαέ-

192 5422 304 5484 xui
336 5422 616 5497 ἀλήθειαν.
652 5422 935 5484 Εὐσέϐειαν
969 5425 1216 5496 ἐποίησα,
1246 5423 1299 5479 ἐν
1326 5422 1522 5487 πάσαις
1550 5422 1671 5487 ταῖς
1719 5422 1862 5499 ἡμέὲ

195 5519 339 5577 ραις
362 5518 480 5577 *μου
508 5499 765 5577 ἀλήθειαν
786 5499 1036 5577 έποίησα.
1070 5503 1151 5554 ID.

433 5576 540 5646 Ὡς.
573 5571 768 5646 Ὑπὲρἒ
786 5573 868 5629 ID.

307 5642 404 5717 35)
433 5642 709 5717 Πέμπτος·
738 5644 934 5709 Deest.
966 5644 1049 5717 In.

308 5572 381 5627 34
433 5576 540 5634 Ὡς.
573 5572 752 5646 Ὑπὲρ.
786 5573 868 5629 In.

307 5642 384 5699 35
433 5642 707 5717 Πέμπτος·
738 5644 934 5709 Deest.
966 5644 1049 5700 In.

458 5718 898 5796 Ταιναρακοπῷ.
970 5710 1224 5788 ’τετάρτῳ
1308 5706 1647 5786 legendum,
1730 5709 1867 5770 licet

1972 4741 2086 4792 me,
2119 4722 2223 4778 ﬁlii
2253 4720 2820 4788 Zabulon,attendite
2854 4725 3043 4781 verbis
3067 4730 3250 4799 patris
3272 4728 3469 4786 vestri.
3495 4729 3615 4802 Ego

1972 4924 2098 4999 tam
2124 4917 2185 4974 in
2217 4914 2551 4982 Oxoniensi,
2580 4930 2757 4999 quam
2789 4917 3482 4999 Can_tabrig_i_ensi_c_odice
3510 4922 3617 4980 ba-

1972 4993 2181 5077 beatur
2223 4992 2657 5077 τεσσαρακοστῷ,
2669 4992 2955 5077 quamvis
2985 4992 3043 5048 in
3074 4992 3430 5077 willo‘ultim‘a
3480 5012 3619 5077 pars

1973 5064 2166 5139 hujus
2181 5060 2340 5139 vocis
2386 5058 2575 5139 deleta
2606 5058 2721 5139 sit;
2759 5064 2913 5139 quod
2942 5081 3126 5139 _error
3173 5058 3616 5139 chronologicus

1974 5132 2731 5203 deprehenderetur.Buben
2745 5132 2900 5189 enim
2934 5135 3112 5191 frater
3137 5142 3278 5193 natu
3301 5132 3616 5203 maximus,

1974 5201 2178 5281 eodem
2209 5219 2326 5281 quo
2374 5201 2640 5281 zabulon‘
2678 5220 2852 5281 anno,
2908 5209 3163 5281 secundo
3214 5208 3436 5281 scilicet
3484 5201 3622 5281 post

1975 5272 2860 5353 mortemiJosephi,defunctus
2896 5278 3131 5353 dicitur
3159 5297 3340 5353 supra
3387 5272 3617 5353 Tectum.

1972 5354 2018 5417 Ι,
2049 5350 2077 5417 §
2108 5348 2159 5401 1.
2185 5345 2382 5417 Atqui
2411 5344 2462 5398 is
2491 5344 2715 5417 ibidem
2760 5352 3026 5405 mortuus
3066 5344 3281 5407 dicitur
3314 5351 3420 5406 425
3467 5367 3621 5408 anno

1972 5414 2101 5493 vita:
2123 5414 2462 5493 ipsius.Non
2488 5414 2667 5493 igitur
2684 5416 3145 5493 Za_bulon,fratcr
3160 5424 3382 5493 junior,
3400 5438 3623 5478 annum

1978 5492 2078 5546 150
2109 5486 2393 5561 attingere
2422 5486 2633 5561 potuit,
2668 5490 2766 5542 sed
2801 5486 3003 5561 utique
3036 5493 3136 5547 114
3160 5486 3321 5550 ἶιηηο
3351 5486 3622 5551 mortuus

1974 5568 2084 5628 est,
2117 5566 2181 5636 u_t
2210 5556 3113 5636 Latini_'codi_ces,_manuscripti
3143 5565 3360 5636 pariter
3402 5582 3469 5622 ac
3511 5566 3626 5623 im-

1973 5631 2183 5714 pressi,
2209 5629 2451 5714 habent.
2482 5629 2590 5714 S.ed
2621 5629 2683 5687 in
2707 5630 2802 5689 his
2832 5632 2986 5691 male
3012 5629 3102 5711 32,
3131 5629 3238 5714 pro
3263 5637 3497 5697 duobus
3526 5655 3626 5699 an-

1974 5701 2068 5766 nis
2097 5701 2276 5779 positi
2304 5702 2462 5759 sunt.
2494 5702 2581 5757 In.
