4036 6356
170 374 326 439 1093

1352 370 1945 435 TESTAMENTUM
1991 371 2036 433 Ζ
2044 370 2359 436 ABULUN
2373 416 2387 432 .

3419 371 3577 435 1094

171 506 468 574 ἀναστῆσαι
522 506 601 577 τῷ
658 499 878 583 ἀδελφῷ
932 501 1116 577 αὖτοῧ,
1152 500 1583 573 δπολυθήσεσθαι
1617 502 1729 575 (46)
1760 500 1824 557 τὸ

1950 517 2136 559 semen
2177 501 2339 559 fratri
2394 516 2521 573 suo,
2583 501 2924 558 solvendum
2986 501 3469 572 calcoamentum,
3522 509 3581 563 et

175 592 453 667 ὑπόδημα,
503 592 594 649 καὶ
638 591 968 666 ἐμπτύεσθαι
1024 591 1101 655 εἷς
1154 593 1218 648 τὸ
1274 590 1584 669 πρόσωπον.
1620 591 1721 648 Καὶ
1769 590 1823 645 οἳ

172 680 400 761 ἀδελφοὶ
432 682 636 759 Ἰωσὴφ
667 682 766 737 οὐκ
807 680 1083 753 ἠθέλησαν
1135 680 1212 744 εἰς
1245 683 1360 754 (47)
1391 682 1535 750 ζωὴν
1585 677 1823 753 ἀδελφοῦ

172 772 372 827 αὐτῶν·
406 771 495 827 καὶ
528 770 723 844 Κύριος
757 768 1019 825 ὖπέλυσεν
1051 769 1237 832 αὐτοῖς
1280 769 1346 824 τὸ
1394 766 1655 842 ὑπόδημα
1706 769 1824 824 Ἰω-

175 862 287 939 σήφ
316 862 452 934 (48).
487 858 590 918 Καὶ
636 860 738 936 γὰρ
770 858 1017 921 ἐλθόντες
1067 857 1119 913 ἐν
1167 857 1448 934 Αἰγύπτῳ,
1482 855 1821 925 ὑπελύθησαν

176 949 284 1005 ὑπὸ
328 953 436 1004 τῶν
480 945 688 1003 παίδων
740 948 962 1025 Ἰωσὴφ,
1009 946 1145 1002 κατὰ
1198 947 1289 1001 τὸν
1348 945 1516 1000 τύπον
1572 949 1668 1000 τοῦ
1713 950 1824 999 Φα-

174 1038 293 1111 ραώ
533 1037 607 1091 Οὐ
669 1036 831 1109 μόνον
895 1034 953 1090 δὲ
996 1034 1399 1112 προσεκύνησαν
1454 1033 1623 1107 αὐτῷ,
1680 1030 1827 1089 ἀλλά

171 1125 266 1181 καὶ
325 1125 739 1196 ἐνεπτύσθησαν,
797 1131 1143 1201 παραχρῆμα
1217 1123 1468 1187 πεσόντες
1526 1123 1828 1198 ἔμπροσθεν

170 1213 361 1270 αὐτοῦ’
407 1213 497 1269 καὶ
538 1213 710 1276 οὕτως
754 1212 1101 1289 ᾐσχύνθησαν
1162 1209 1461 1290 ἔμπροσθεν
1513 1216 1619 1266 τῶν
1667 1210 1827 1287 Αἰγυ-

172 1302 371 1361 πτίων.
406 1304 559 1361 Μετά
584 1307 755 1357 ταῦτα
779 1303 882 1379 γὰρ
940 1299 1178 1372 ἤκουσαν
1218 1302 1273 1357 οὶ
1316 1300 1603 1378 Δῗγόπτιοι
1653 1301 1830 1356 πάντα

171 1394 244 1448 τὰ
274 1393 413 1448 κακὰ
441 1391 475 1446 ’ὰ
504 1392 834 1464 ἐποιήσαμεν
861 1391 942 1462 τῷ
974 1392 1197 1469 Ἰωσήφ.

253 1483 330 1538 Δ’.
390 1506 419 1535 α
478 1480 629 1538 Μετὰ
678 1484 848 1536 ταῦτα
902 1475 1101 1537 ἔϐαλον
1159 1478 1349 1535 ἐσθίειν
1418 1478 1632 1538 ἐκεῖνοι.
1689 1477 1829 1554 Ἐγὼ

173 1570 287 1647 γὰρ
345 1567 441 1625 δύο
496 1568 709 1645 ἡμέρας
762 1569 853 1625 καὶ
911 1566 1008 1624 δύο
1074 1568 1269 1633 νύκτας
1344 1567 1444 1624 οὐκ
1498 1566 1829 1643 ἐγευσάμην,

173 1657 693 1735 σπλαγχνιζόμενος
742 1657 831 1713 ἐπὶ
877 1659 1102 1735 Ἰωσήφ.
1153 1658 1259 1715 Καὶ
1318 1654 1519 1721 Ἰούδας
1577 1656 1641 1713 οὐ
1686 1654 1833 1711 συνέ-

172 1768 385 1825 τρωγεν
416 1747 622 1810 αὐτοῖς’
653 1752 916 1824 προσεῖχε
948 1744 1005 1802 δὲ
1056 1752 1134 1819 τῷ
1176 1745 1383 1820 λάκκῳ,
1415 1744 1501 1801 ὅτι
1559 1740 1830 1825 ἐφοϐεῖτο,

1931 592 2371 663 conspuendum
2424 591 2484 645 in
2539 590 2767 647 faciem.
2814 591 2884 646 Et
2930 592 3136 648 fratres
3186 592 3405 666 Joseph
3459 610 3577 651 non

1929 678 2240 736 voluerunt
2266 680 2447 735 vitam
2479 679 2674 735 fratris
2701 696 2904 735 eorum
2930 697 2943 737 :
2975 681 3046 735 Et
3094 682 3377 738 Dominus
3408 681 3580 739 solvit

1930 767 2016 824 eis
2064 767 2525 824 calceamentum
2590 768 2808 840 Joseph
2870 774 3003 826 ante
3051 775 3276 842 portam
3335 772 3472 843 (49),
3521 776 3581 828 et

1932 855 2017 912 ita
2086 857 2475 912 adoraverunt
2545 856 2784 929 Joseph.
2843 858 3068 913 Etenim
3147 859 3444 917 venientes
3516 860 3576 916 in

1934 949 2270 1018 Egyptum,
2302 944 2478 1000 soluti
2513 948 2651 1000 sunt
2683 963 2716 1001 a
2745 946 2942 1017 pueris
2980 947 3219 1020 Joseph,
3252 949 3577 1005 secundum

1934 1038 2135 1107 typum
2166 1033 2507 1090 Pharaonis.
2551 1038 2676 1089 Non
2717 1034 2907 1090 solum
2965 1041 3158 1091 autem
3192 1038 3582 1095 adoraverunt

1935 1139 2095 1193 eum,
2127 1123 2229 1179 sed
2259 1122 2434 1178 etiam
2466 1122 2733 1193 consputi
2758 1127 2916 1191 sunt,
2944 1125 3247 1181 confestim
3283 1128 3582 1199 prociden-

1935 1215 2023 1268 tes
2055 1228 2251 1268 coram
2282 1227 2387 1267 eo:
2420 1215 2478 1267 et
2509 1211 2593 1267 sic
2624 1211 2849 1267 confusi
2881 1217 3021 1268 sunt
3045 1230 3238 1269 coram
3272 1216 3578 1289 Egyptiis.

1937 1300 2074 1356 Post
2103 1300 2226 1356 haec
2254 1300 2410 1356 enim
2434 1299 2747 1356 audierunt
2770 1301 3020 1375 Egyptii
3053 1302 3249 1360 omnia
3269 1304 3424 1362 mala
3448 1322 3577 1379 quis

1938 1389 2184 1446 fecimus
2211 1388 2449 1461 Joseph.

2009 1478 2102 1534 ιν.
2141 1498 2163 1527 ι
2196 1478 2333 1533 Post
2363 1477 2483 1533 hinc
2523 1484 2922 1550 apposuerunt
2968 1479 3052 1535 illi
3081 1481 3331 1555 (fratres)
3360 1483 3585 1553 cibum,

1941 1573 2007 1624 nt
2036 1568 2424 1624 comederent.
2458 1571 2575 1640 Ego
2627 1567 2783 1624 enim
2835 1585 2939 1641 per
2994 1569 3141 1625 duos
3171 1571 3295 1627 dies
3351 1576 3409 1627 et
3437 1572 3587 1629 duas

1942 1661 2141 1713 noctes
2172 1672 2285 1712 non
2313 1655 2542 1729 gustavi
2572 1656 2843 1730 (cibum),
2890 1658 3205 1715 miseratus
3248 1660 3487 1734 Joseph.
3522 1662 3591 1718 Et

1939 1746 2125 1804 Judas
2175 1762 2289 1801 non
2347 1744 2601 1802 comedit
2648 1763 2783 1801 cum
2842 1746 2965 1816 eis;
3012 1748 3351 1807 intendebat
3390 1754 3591 1807 autem

181 1838 263 1910 μὴ
298 1832 750 1907 ἀποπηδήσαντες
782 1835 1009 1909 Συμεὼν
1049 1834 1140 1890 καὶ
1189 1832 1295 1890 Γὰδ
1342 1834 1601 1891 ἀνέλωσιν
1646 1833 1829 1891 αὐτόν.

1950 1834 2005 1890 in
2037 1833 2255 1902 lacum,
2292 1834 2569 1905 quoniam
2600 1833 2866 1901 timebat,
2900 1852 2970 1892 ne
3003 1837 3325 1894 resilientes
3352 1838 3591 1896 Simeon

175 1925 288 1983 Καὶ
345 1926 579 2001 ὁρῶντες
634 1923 777 1997 κάμὲ
836 1925 912 1997 μὴ
973 1922 1231 1992 ἐσθίοντα,
1289 1921 1466 1989 ἔθεντό
1526 1944 1593 1997 με
1646 1928 1832 2001 τηρεῖν

178 2012 371 2084 αὐτὸν,
417 2009 522 2075 ἕως
578 2012 640 2068 οὗ
700 2011 931 2087 ἐπράθη.
983 2010 1241 2083 Ἐποίησε
1289 2009 1347 2068 δὲ
1395 2012 1446 2066 ἐν
1503 2017 1582 2084 τῷ
1646 2009 1836 2085 λάκκῳ

174 2107 332 2178 τρεῖς
383 2102 593 2178 ἡμέρας
645 2101 735 2155 καὶ
790 2105 936 2176 τρεῖς
990 2100 1208 2168 νύκτας,
1258 2101 1349 2156 καὶ
1398 2100 1572 2164 οὕτως
1630 2099 1833 2175 ἐπράθη

178 2189 395 2253 ἄσιτος.
445 2189 543 2245 Καὶ
600 2189 832 2252 ἀκούσας
886 2184 1139 2260 Ῥουϐὴν,
1198 2188 1282 2245 ὅτι
1340 2187 1542 2265 ἐπράθη
1604 2189 1837 2251 ἀπόντος

178 2279 376 2351 αὐτοῦ,
434 2280 888 2355 περισχισάμενος
935 2278 1171 2355 ἐθρήνει,
1222 2276 1420 2354 λέγων·
1456 2282 1580 2342 Πῶς
1630 2274 1837 2352 ὅψομαί

174 2369 246 2425 τὸ
306 2366 599 2442 πρόσωπον
657 2362 851 2424 Ἰακὼϐ
901 2371 999 2422 τοῦ
1054 2366 1259 2445 πατρός
1319 2386 1458 2441 μου,
1491 2366 1591 2423 Καὶ
1652 2362 1836 2423 λαϐὼν

176 2457 248 2513 τὸ
326 2456 610 2533 ἀργύριον,
683 2452 987 2531 κατέδραμε
1044 2458 1157 2531 (51)
1221 2460 1337 2518 τοῖς
1404 2454 1691 2534 ἐμπόροις,
1746 2454 1837 2511 καὶ

180 2542 341 2602 οὐδὲν
558 2545 726 2621 εὗρεψ
785 2543 1004 2623 ἀφέντες
1049 2545 1151 2621 γὰρ
1204 2546 1305 2614 τήν
1360 2542 1485 2600 ὁδὸν
1539 2546 1637 2614 τήν
1683 2543 1841 2620 μεγά-

180 2635 315 2707 λην,
348 2633 713 2710 ἐπορεύθησαν
775 2631 865 2688 διὰ
916 2633 1435 2709 τρωγλοκολπητῶν
1499 2635 1615 2708 (53)
1669 2633 1720 2689 ἐν
1768 2637 1837 2708 τῇ

183 2722 467 2795 συντόμῳο
499 2722 589 2777 καὶ
647 2720 746 2777 οὐκ
803 2719 965 2799 ἔφαγε
1020 2716 1267 2795 Ῥουϐἠμ
1322 2723 1435 2796 (54)
1466 2720 1625 2796 ἄρτον
1666 2721 1716 2776 ἐν
1769 2725 1838 2796 τῇ

181 2811 376 2887 ἡμέρᾳ
432 2810 623 2885 ἐκείνῃ.
681 2809 1006 2887 Προσελθὼν
1076 2808 1167 2865 οὗν
1226 2811 1254 2865 6
1311 2812 1411 2865 Δὰν
1470 2810 1611 2865 εἶπεν
1671 2809 1835 2884 αὐτῷ·

186 2926 220 2957 α
256 2902 349 2970 Μή
380 2898 557 2968 κλαῖε,
593 2897 733 2973 μηδέ
789 2899 986 2955 πένθει’
1023 2899 1175 2975 εὗρον
1232 2900 1332 2977 γὰρ
1388 2899 1441 2955 τί
1471 2896 1707 2973 εἴπωμεν
1762 2904 1842 2973 τῷ

188 2989 362 3063 πατρὶ
420 2991 582 3061 ἡμῶν
638 2983 851 3045 Ἰακώϐ.
884 2986 1124 3063 Θύσομεν
1343 2986 1617 3065 χίμαρῥον
1650 2988 1842 3064 α’ίγῶν,

189 3078 292 3133 καὶ
351 3072 668 3152 ἐμϐάψομεν
730 3078 821 3132 τὸν
878 3081 1091 3154 χιτῶνα
1151 3077 1374 3155 Ἰωσὴφ,
1426 3077 1518 3132 καὶ
1596 3076 1844 3153 ἐροῦμενο

1945 1927 2002 1980 et
2028 1923 2149 1977 Gad
2173 1918 2563 1978 interficerent
2582 1939 2736 1979 eum.
2761 1924 2830 1979 Et
2857 1924 3118 1981 videntes
3144 1942 3237 1982 me
3258 1944 3373 1983 non
3396 1944 3590 1985 come-

1946 2013 2200 2076 dentem,
2233 2014 2556 2083 posuerunt
2586 2027 2679 2067 me
2708 2013 3003 2068 custodire
3032 2014 3249 2085 ipsum,
3277 2032 3587 2087 quousque

1944 2100 2215 2156 venditus
2246 2104 2352 2156 est.
2387 2100 2517 2155 Fuit
2563 2106 2757 2156 autem
2806 2102 2864 2156 in
2897 2102 3025 2157 lacu
3061 2110 3172 2159 tres
3229 2105 3353 2161 dies
3384 2110 3441 2161 et
3466 2111 3586 2163 trss

1947 2192 2168 2259 noctes,
2201 2192 2259 2244 et
2303 2187 2386 2244 ita
2428 2189 2701 2245 venditus
2756 2195 2843 2245 est
2874 2190 3185 2262 impastus.
3247 2194 3309 2249 Et
3341 2195 3587 2252 audiens

1948 2278 2172 2341 Ruben,
2207 2278 2361 2349 quod
2403 2277 2674 2334 venditus
2723 2290 2877 2335 esset
2922 2281 3164 2337 absente
3214 2297 3300 2350 eo,
3333 2282 3585 2340 circum-

1948 2368 2168 2423 scissus
2199 2365 2484 2438 plorabat,
2516 2365 2752 2422 dicens:
2796 2367 3095 2432 Quomodo
3146 2370 3350 2427 videbo
3383 2372 3590 2428 faciem

1945 2455 2126 2511 Jacob
2159 2454 2341 2527 patris
2366 2455 2476 2511 mei
2498 2453 2526 2509 ?
2556 2455 2625 2511 Et
2675 2456 2963 2529 accipiens
2993 2464 3301 2530 argentum
3332 2462 3594 2517 cucurrit

1948 2545 2021 2601 ad
2053 2548 2427 2611 mercatores,
2482 2548 2539 2599 et
2593 2544 2882 2601 neminem
2940 2546 3195 2605 invenit:
3228 2548 3590 2607 dimittentes

1948 2633 2106 2689 enim
2136 2632 2291 2689 viam
2346 2648 2641 2705 magnam,
2701 2634 3149 2692 ambulaverunt
3197 2654 3300 2710 per
3351 2655 3590 2710 asperos

1950 2721 2119 2777 sinus
2148 2720 2207 2776 in
2236 2720 2329 2776 via
2357 2721 2825 2793 compendiaria:
2859 2728 2915 2779 et
2943 2741 3057 2780 non
3102 2727 3355 2783 comedit
3385 2727 3589 2784 Ruben

1952 2825 2161 2882 panem
2196 2810 2255 2865 in
2289 2809 2381 2865 die
2427 2810 2546 2865 illa.
2597 2812 2885 2868 Accedens
2943 2814 3123 2886 igitur
3152 2819 3272 2871 Dan
3321 2816 3467 2872 dixit
3496 2817 3591 2874 ei:

1959 2921 1982 2949 ι
2017 2899 2097 2954 Ne
2129 2899 2288 2969 ﬂeas,
2320 2915 2509 2971 neque
2539 2899 2788 2956 trieteris
2814 2926 2828 2968 ;
2852 2900 3042 2958 inveni
3076 2904 3231 2959 enim
3266 2906 3407 2977 quid
3440 2905 3598 2962 dica-

1955 3004 2090 3044 mus
2120 2988 2268 3060 patri
2302 2993 2498 3044 nostro
2526 2988 2726 3045 Jacob.
2760 2990 3105 3048 Occidemus
3138 2993 3367 3049 hircum
3400 3011 3601 3067 capro-

1954 3093 2108 3147 rum,
2141 3080 2200 3131 et
2256 3076 2552 3149 tingemus
2608 3078 2865 3135 tunicam
2896 3079 3133 3152 Joseph,
3194 3087 3250 3138 et
3292 3083 3596 3142 dicemus:

189 3166 517 3243 Ἐπίγνωθι,
550 3165 595 3221 εἰ
625 3166 795 3243 χιτὼν
838 3170 935 3221 τοῦ
992 3166 1115 3221 υἱοῦ
1161 3162 1256 3221 σού
1287 3166 1426 3221 ἐστιν
1459 3166 1616 3229 οὗτος
1812 3186 1837 3220 ι

1956 3164 2271 3237 Cognosce,
2304 3164 2351 3220 si
2385 3165 2586 3221 tunica
2617 3166 2717 3221 filii
2750 3168 2837 3222 tui
2868 3168 2944 3223 sit
2974 3169 3122 3237 ista;
3158 3193 3180 3223 ι
3213 3171 3414 3227 tunica
3441 3172 3597 3229 enim

187 3257 292 3312 τὸν
341 3233 455 3331 ’γὰρ
504 3233 717 3331 ’χιτῶνα
762 3259 860 3311 τοῦ
905 3253 1109 3331 πατρὸς
1140 3256 1303 3329 ἡμῶν
1332 3250 1575 3328 ἐξέδυσαν
1604 3233 1695 3311 τόν
1729 3233 1837 3311 ’ῖω-

1958 3253 2142 3327 patris
2168 3253 2351 3309 nostri
2380 3255 2913 3328 exueruntJoseph,
2932 3273 3064 3313 cum
3088 3258 3379 3315 vendituri
3402 3265 3601 3319 essent

191 3345 313 3423 σήφ
353 3343 405 3398 ἐν
450 3347 529 3416 τῷ
590 3341 811 3417 μέλλειν
865 3340 1186 3418 πιπράσκειν
1243 3342 1424 3411 αὐτὸν,
1456 3343 1546 3399 καὶ
1601 3341 1846 3399 ἐνέδυσαν

187 3433 359 3489 αὐτὸν
393 3431 610 3506 ἱμάτιον
640 3430 873 3488 παλαιὸν
932 3429 1159 3489 δούλου.
1191 3433 1291 3487 Τὸν
1350 3429 1407 3488 δὲ
1462 3436 1675 3509 χιτῶνα
1732 3432 1849 3509 εἶχε

188 3522 456 3594 Συμεὼν,
486 3521 576 3577 καὶ
608 3520 708 3577 οὐκ
736 3519 903 3591 ἤθελε
943 3518 1129 3576 δοῦναι
1173 3520 1355 3594 αὐτὸν,
1383 3520 1556 3579 θέλων
1595 3526 1665 3596 τῇ
1717 3520 1851 3598 ῥομ-

184 3610 332 3692 φαίᾳ
361 3609 525 3666 αὐτοῦ
553 3610 855 3685 κατακόψαι
906 3610 1087 3679 αὐτὸν,
1120 3609 1495 3686 ὀργιζόμενος,
1528 3609 1610 3666 ὅτι
1666 3607 1846 3681 ἔζησε,

182 3700 289 3757 καὶ
348 3699 447 3755 οὐκ
501 3698 710 3756 ἀνεῖλεν
770 3699 952 3756 αὐτόν.
1014 3698 1362 3762 ’Δναστάντες
1420 3697 1478 3755 δὲ
1530 3701 1647 3755 κατ’
1684 3700 1850 3755 αὐτοῦ

183 3790 394 3851 πάντες
440 3790 602 3862 ὁμοῦ,
635 3785 881 3861 εἷ’πομεν·
916 3813 944 3841 ‹‹
976 3790 1096 3844 Ὅτι
1154 3786 1241 3843 ἐὰν
1304 3789 1381 3861 μὴ
1439 3786 1569 3861 δῷς,
1597 3788 1848 3865 ἐροῦμεν,

186 3877 288 3934 δτι
314 3876 379 3932 σὺ
430 3877 589 3951 μόνος
638 3876 893 3947 ἐποίησας
933 3877 995 3932 τὸ
1046 3877 1287 3953 πονηρὸν
1316 3876 1368 3932 ἐν
1402 3876 1620 3954 Ἰσραήλ
1651 3879 1787 3952 (57).
1824 3902 1845 3930 ι

186 3967 307 4027 Καὶ
337 3965 510 4029 οὕτως
570 3963 786 4022 δίδωσιν
818 3965 997 4040 αὐτὸν,
1028 3966 1120 4022 καὶ
1168 3965 1452 4039 ἐποίησαν,
1478 3968 1657 4030 καθὼς
1706 3966 1848 4022 εἶπεν

188 4057 223 4112 ὁ
262 4054 391 4112 Δάν.

272 4146 353 4202 Ε’.
393 4168 414 4195 ι
450 4145 554 4202 Καὶ
609 4148 724 4215 νῦν,
780 4143 940 4199 τέκνα
1008 4165 1132 4217 μου,
1191 4141 1520 4219 ἀναγγέλλω
1573 4143 1699 4217 ὑμῖν
1754 4147 1853 4199 τοῦ

188 4232 494 4312 φυλάσσειν
540 4232 635 4295 τὰς
682 4231 901 4295 ἐντολὰς
948 4231 1168 4309 Κυρίου,
1196 4232 1287 4287 καὶ
1342 4237 1518 4288 ποιεῖν
1560 4230 1712 4295 ἔλεος
1765 4230 1854 4288 ἐπὶ

1955 3358 2111 3412 eum,
2146 3346 2203 3398 et
2232 3342 2550 3398 induerunt
2586 3360 2720 3399 eum
2766 3345 3179 3403 vestimentum
3228 3352 3392 3406 vetus
3422 3350 3596 3407 servi.

1955 3430 2239 3487 Tunicam
2260 3446 2393 3486 vero
2423 3430 2631 3487 habuit
2659 3432 2912 3502 Simeon,
2961 3442 3018 3491 et
3049 3435 3235 3493 noluit
3279 3438 3417 3495 dare
3445 3456 3599 3509 eam,

1956 3520 2155 3576 volens
2199 3518 2392 3592 gladio
2450 3537 2557 3577 suo
2616 3522 2944 3580 discindere
2999 3542 3148 3594 eam,
3207 3526 3393 3584 iratus
3440 3530 3597 3601 quod

1959 3609 2189 3679 viveret,
2219 3612 2276 3664 et
2309 3625 2421 3665 non
2453 3610 2763 3668 occidisset
2790 3628 2946 3669 eum.
2978 3614 3371 3687 Exsurgentes
3401 3622 3601 3675 autem

1957 3697 2236 3753 adversus
2264 3714 2399 3754 eum
2428 3714 2630 3755 omnes
2653 3700 2830 3756 simul
2854 3700 3109 3758 diximus
3136 3721 3149 3760 :
3175 3727 3203 3753 ‹‹
3227 3706 3387 3770 Quod
3414 3706 3603 3763 sinon

1958 3786 2082 3853 des,
2114 3785 2385 3855 dicimus,
2418 3787 2573 3858 quod
2605 3791 2668 3843 tu
2719 3788 2881 3845 solus
2912 3790 3099 3846 fecisti
3152 3791 3261 3849 hoc
3293 3793 3515 3851 malum
3544 3794 3605 3850 in

1957 3873 2159 4019 geras].
2191 3894 2219 3928 ι
2255 3876 2325 3931 Ει
2352 3875 2434 3933 ita
2464 3874 2624 3933 dedit
2651 3893 2778 3933 eam
2804 3895 2819 3947 ;
2852 3882 2908 3935 et
2952 3880 3233 3949 fecerunt,
3274 3882 3428 3938 sicut
3458 3882 3605 3939 dixit

2010 3980 2105 4019 an.

2010 3980 2105 4020 an.

2033 4140 2095 4196 V.
2130 4162 2159 4191 «
2190 4141 2260 4197 Et
2290 4158 2464 4213 nunc,
2499 4142 2603 4198 ﬁlii
2635 4144 2768 4215 mei,
2804 4145 3088 4201 annuntio
3116 4146 3280 4203 vobis
3311 4148 3605 4207 custodire

1962 4230 2241 4286 mandata
2264 4231 2514 4300 Domini,
2545 4236 2603 4288 et
2632 4233 2817 4289 facere
2870 4234 3327 4292 misericordiam
3370 4236 3431 4292 in
3470 4254 3605 4310 pro-

185 4324 293 4379 τὸν
354 4319 614 4392 πλησίον,
645 4321 734 4377 καὶ
794 4320 1194 4399 εὐσπλαγχνίαν
1249 4320 1396 4397 ἔχειν
1452 4321 1590 4397 πρὸς
1628 4318 1831 4384 πάντας

1961 4318 2208 4390 ximum,
2240 4322 2298 4374 et
2327 4318 2546 4375 viscera
2588 4321 3118 4379 commiserationis
3164 4325 3237 4380 ad
3268 4341 3471 4382 omnes
3500 4328 3609 4384 ha-

187 4411 264 4467 οὐ
329 4409 493 4484 μόνον
551 4409 628 4473 εἷς
692 4409 1030 4486 ἀνθρώπους,
1065 4408 1212 4465 ἀλλὰ
1266 4409 1356 4465 καὶ
1404 4409 1482 4472 εἷς
1530 4407 1726 4485 ἄλογα.
1758 4410 1837 4465 Διὲ

1964 4406 2119 4475 bere,
2151 4422 2265 4461 non
2297 4407 2488 4462 solum
2514 4408 2585 4463 ad
2610 4408 2899 4478 homines,
2923 4411 3023 4466 sed
3047 4414 3104 4466 et
3132 4413 3204 4467 ad
3228 4412 3608 4470 irrationalia.

182 4497 303 4576 γὰρ
354 4502 523 4553 ταῦτα
578 4497 844 4575 εὐλόγησέ
903 4518 971 4571 με
1024 4498 1245 4572 Κύριος,
1304 4496 1415 4570 καί,
1474 4496 1688 4553 πάντων
1744 4499 1837 4551 τῶι

1964 4494 2204 4566 Propter
2259 4495 2381 4552 haec
2438 4497 2594 4551 enim
2653 4498 2946 4553 benedixit
3003 4499 3147 4554 mihi
3195 4501 3499 4575 Dominus,
3531 4508 3611 4569 et,

182 4586 453 4666 ἀδελφῶν
515 4608 623 4662 μου
679 4586 1059 4661 ἀσθενούντων,
1112 4586 1222 4663 ἐγὼ
1298 4583 1489 4649 ἄνοσος
1546 4586 1837 4664 παρῆλθονε

1965 4583 2240 4639 omnibus
2298 4585 2577 4641 fratribus
2635 4586 2782 4641 meis
2835 4587 3271 4659 aegrotantibus,
3333 4606 3438 4662 ego
3482 4591 3611 4647 sine

183 4675 316 4734 οἶδε
375 4676 475 4752 γὰρ
534 4674 729 4752 Κύριος
787 4674 1011 4731 ἑκάστου
1085 4676 1185 4745 τήν
1263 4674 1595 4752 προαίρεσιν.
1655 4680 1837 4749 Ἔχετε

1961 4672 2305 4744 (egritudine
2335 4672 2491 4729 evasi
2514 4690 2529 4742 ;
2561 4673 2719 4729 novit
2738 4675 2895 4730 enim
2919 4676 3203 4732 Dominus
3226 4678 3606 4750 uniuscujus-

182 4763 291 4823 οὖν
323 4761 480 4827 ἔλεος
518 4763 570 4820 ἐν
622 4769 740 4827 τοῖς
796 4762 1135 4841 σπλάγχνοις
1194 4764 1367 4837 ὑμῶν,
1395 4764 1555 4819 τέκνα
1609 4784 1736 4837 μου,
1768 4762 1837 4817 ὅτι

1962 4776 2076 4832 que
2132 4762 2519 4833 propositum.
2578 4763 2797 4819 Habete
2854 4780 2990 4837 ergo
3046 4765 3506 4823 misericordiam
3546 4767 3610 4824 in

183 4855 275 4917 ὡς
336 4854 398 4908 ἄν
449 4872 534 4915 τις
587 4855 794 4927 ποιήσῃ
846 4856 926 4925 τῷ
971 4849 1206 4922 πλησίον
1234 4853 1420 4922 αὐτοῦ,
1472 4850 1647 4914 οὕτως
1702 4851 1837 4906 καὶέ

1960 4848 2284 4906 visceribus
2337 4851 2568 4916 vestris,
2620 4850 2722 4906 ﬁlii
2785 4852 2922 4919 mei,
2961 4853 3239 4924 quoniam
3302 4859 3367 4912 ut
3394 4856 3613 4929 aliquis

181 4979 421 5061 faciem
446 4978 725 5061 sjus,_.qui
760 4978 959 5061 fratris
989 4994 1199 5061 nomen
1253 4994 1573 5061 propagare
1620 4993 1837 5061 recusa-

1962 4969 2259 5061 ἔμπροσθεν
2291 4976 2389 5028 τοῦ
2418 4972 2698 5045 πυλῶνος,
2727 4973 2815 5029 καὶ
2849 4972 3020 5038 οὕτως
3074 4977 3474 5053 προσεκύνησαν
3531 4982 3613 5053 τῷ

179 5051 371 5117 verit,
398 5044 522 5121 jam
555 5044 696 5106 olim
728 5050 1011 5106 usitatum
1044 5051 1225 5121 fuisse
1246 5044 1271 5117 ξ
1293 5044 1469 5106 είόυῒῗ
1494 5049 1610 5105 alia
1664 5049 1851 5105 excal-
1962 5044 2185 5121 nam.
2222 5047 2300 5100 ID.

183 5112 420 5206 ceatio:
457 5138 574 5205 qua
614 5122 986 5247 propinquus
1041 5120 1208 5205 alteri
1249 5112 1361 5177 suo
1411 5122 1670 5192 cedebat,
1726 5136 1837 5177 mo:

183 5199 488 5258 antiquus
520 5210 579 5248 1n
638 5192 787 5249 srael
820 5192 1002 5249 fuxsse
1032 5193 1267 5258 dicitur,
1300 5192 1475 5249 Ruth.
1502 5210 1575 5258 1v,
1606 5192 1660 5247 7.
1694 5195 1779 5247 In.

2060 5112 2153 5184 51)
2184 5112 2420 5192 Κατέδρα
2471 5135 2513 5172 ε.
2548 5115 2646 5170 Καὶ
2677 5114 3055 5193 καταδραμὼν.
3087 5124 3165 5175 ID.

2035 5115 2146 5258 (52)
2175 5183 2361 5241 Οὐδὲν.
2398 5137 2563 5258 ἔξω
2601 5185 2810 5258 οὐδένα,
2843 5190 3112 5258 quamvis
3162 5218 3165 5240 ι

183 5183 490 5262 antiquus
520 5193 579 5248 in
614 5183 787 5249 fsrael
820 5183 1002 5249 fuisse
1032 5192 1267 5262 dicitur,
1300 5192 1475 5249 Ruth.
1502 5210 1575 5259 1v,
1606 5183 1668 5247 7.
1694 5195 1779 5247 In.
2035 5183 2146 5262 (52)
2173 5183 2365 5262 ρύδένζ
2398 5183 2563 5262 Forte
2601 5185 2810 5262 okﬁjdéva,
2843 5183 3112 5262 quamvis
3162 5195 3218 5248 et
3263 5191 3606 5250 Oxoniensis

270 5209 329 5249 ιῐι
380 5210 488 5248 [1118
520 5210 579 5248 1n
614 5209 787 5249 Israel
820 5209 1002 5249 1111886
1032 5209 1267 5262 alcnur,
1301 5209 1475 5249 num.
1502 5210 1575 5259 ιν,
1618 5209 1660 5247 Ι.
1694 5209 1779 5247 Π).

270 5209 392 5334 (4g)
422 5262 901 5334 Ὑπολυθήσεσθαι.
933 5259 1319 5334 Ὑποδήσεσθαι
1349 5263 1521 5319 male.
1554 5268 1637 5319 ID.

2035 5209 2146 5258 (οι)
2175 5209 2361 5241 υυοεν.
2398 5209 2563 5244 r'orte
2601 5209 2810 5259 ουοενα,
2843 5209 3112 5261 quamws
3162 5209 3218 5248 et
3263 5209 3281 5246 ι

1963 5258 2143 5334 code;
2172 5259 2383 5334 habeat
2412 5256 2587 5334 οὐδὲν.
2623 5260 2730 5316 Ms.
2764 5262 2933 5334 Trin,
2961 5257 3170 5334 ορδἐνα.
3204 5263 3281 5319 In.

296 5327 390 5401 47)
418 5332 533 5406 Εἷς.
565 5327 886 5406 Omissum.
917 5334 998 5392 In.
1119 5327 1129 5334 ⁷
1166 5404 1174 5406 Α
1217 5404 1254 5406 _
1358 5404 1366 5406 ν
1623 5400 1672 5406 _-
1712 5401 1726 5406 -

2178 5327 2725 5406 Τρωγλοκολπηνεῶν.
2756 5328 3185 5406 Τρᾼῶγλοδυτῶν.
3218 5339 3299 5406 lu.

422 5405 642 5530 ’(ιέρήφ.
673 5410 736 5458 ‘0
766 5404 1021 5483 ἐφόρεσαν
1053 5404 1189 5461 κατὰ
1216 5404 1421 5481 Ἰωσὴφ
1468 5406 1566 5458 τοῦ
1612 5400 1853 5482 ἀδελφοῦ
1963 5395 2405 5530 ϐήζὲόζῠῒεφαγε
2471 5395 2736 5473 Ῥουϐήμ.
2799 5395 3077 5480 ”Εφαγον,
3168 5404 3386 5461 omisso
3459 5408 3606 5461 Ῥου-

181 5476 406 5535 αὐτῶν.
442 5478 520 5532 In.
596 5476 607 5483 ’
805 5476 815 5483 ’
868 5476 877 5481 ⁷
1398 5476 1409 5481 ⁷
1760 5476 1772 5482 ⁷

1963 5476 2102 5541 ὅήμ.
2142 5476 2222 5526 lo.

266 5549 391 5621 (49)
416 5549 660 5630 Portam.
692 5548 930 5630 atrium,
963 5546 1205 5630 Josephi
1256 5544 1478 5630 scilicet
1507 5563 1522 5615 ;
1556 5544 1666 5601 hoc
1695 5545 1853 5630 enim

174 5615 311 5683 vo'x
338 5615 800 5689 πυλώννᾶεηοιει
830 5615 1013 5676 Ιοέ-
1050 5615 1190 5679 Vide
1238 5624 1437 5689 notam
1484 5620 1851 5689 sequentem.

263 5691 389 5767 (50)
414 5688 563 5748 Κατᾶ
600 5690 693 5747 τὸν
737 5688 907 5749 τύπον
947 5692 1046 5747 τοῦ
1090 5687 1315 5767 Φαραώ.
1347 5688 1507 5748 Adde
1552 5687 1623 5748 δι
1664 5690 1848 5747 Oxon.

2033 5544 2052 5757 ἓ

2054 5546 2125 5598 55
2178 5540 2439 5615 Θύσομεν.
2473 5548 2558 5596 Ma
2604 5539 2660 5596 αί
2697 5563 2730 5614 ᾳ
2761 5544 2894 5599 add.
2928 5549 3011 5600 ID.

2054 5546 2148 5760 56;
2176 5613 2365 5675 Οὗτος.
2397 5561 2692 5670 Δὰάῆίας
2714 5613 2970 5685 ἐποίησαν
3007 5639 3011 5662 ι

2054 5684 2126 5743 57
2175 5683 2262 5745 Ἐν
2295 5680 2538 5760 Ἰσραήλ.
2571 5684 2836 5746 Ἐνώπιον
2870 5682 3011 5760 Κυρίι

2176 5612 2365 5685 οδτφξ.
2397 5612 2695 5685 ΑὰλάξΚαὶ
2711 5612 2970 5685 ἐποίησαν
2993 5612 3202 5685 οὕτως.
3236 5617 3319 5676 Ῑι).

2054 5680 2148 5760 57)
2175 5683 2262 5745 Ἐν
2295 5680 2538 5761 Ἰσραήλ.
2571 5684 2836 5746 Ἐνώπιον
2861 5680 3092 5770 Κυρίου.
3124 5690 3211 5747 ID.
