4036 6356
510 372 666 435 1095
1494 366 2025 431 TESTAMENTA
2067 367 2176 429 Xll
2220 365 2901 432 PATRIARCHARUM
2915 414 2931 431 .
3759 370 3898 434 mea

509 504 684 563 faciet
713 505 975 578 proximo
1006 521 1131 572 suo,
1165 503 1246 559 ita
1266 505 1323 558 et
1345 501 1630 558 Dominus
1653 500 1823 557 faciet
1844 498 2094 555 ei.Eteni:

2215 515 2236 574 ι
2264 496 2461 575 Κύριος
2491 500 2709 570 ποιήσει
2741 498 2905 572 αὗτῷι
2938 497 3037 555 Καὶ
3094 501 3197 577 γὰρ
3252 502 3303 555 ot
3335 500 3445 556 υῑοὶ
3501 506 3611 557 τῶν
3662 501 3896 581 ἀδελφῶν

508 594 616 651 ﬁlii
648 595 895 651 fratrdm
925 608 1190 648 meorum
1212 590 2006 664 aegrotabant,moriebantur
2032 604 2094 659 pr

2273 606 2379 658 μου
2407 587 2692 661 ἠσθένουν,
2722 588 3057 659 ἀπέθνησκον
3088 587 3178 645 διὰ
3208 592 3429 669 Ἰωσήφ,
3463 590 3546 646 ὅτι
3606 591 3706 647 οὐκ
3738 592 3901 661 ἐποίη-

509 689 637 756 pter
664 682 905 754 Joseph,
937 680 1217 754 quoniam
1247 696 1364 735 non
1401 680 1668 735 fecerunt
1698 676 2094 734 misericordia

2268 694 2362 729 σαν
2423 670 2577 738 ἔλεος
2631 674 2683 732 ἐν
2745 675 3087 754 σπλάγχνοις
3139 679 3335 734 αὐτῶν*
3382 681 3435 735 ot
3494 678 3553 735 δέ
3641 682 3753 735 υἱοί
3810 704 3903 756 μοι)

507 772 567 827 in
594 771 917 827 visceribus
947 768 1108 837 suis;
1141 768 1245 824 ﬁlii
1273 773 1468 825 autem
1511 768 1623 823 mei
1655 767 1785 822 sine
1814 766 2094 838 aegritudii

2267 762 2449 818 ἄνοσοι
2492 762 2952 840 διεφυλάχθησαν,
2985 766 3060 829 ὡς
3120 764 3319 825 οἴδατε.
3360 766 3464 823 Καῖ
3519 767 3609 825 ὅτε
3656 767 3810 843 ἥμην
3862 772 3903 827 ἐν

509 859 785 916 custoditi
815 863 974 925 sunt,
1007 858 1158 915 sicut
1202 855 1467 913 novistis.
1510 857 1581 912 Et
1638 856 1872 927 quando
1903 870 2062 910 eram

2263 854 2331 924 τῇ
2417 853 2530 927 (58)
2617 856 2848 927 Χαναὰν,
2929 854 3008 918 είς
3090 855 3361 932 παράλιον
3446 857 3706 935 ἐθήρευον
3782 862 3907 933 θήρᾳ

506 949 799 1016 Chanaan,
824 948 885 1003 in
911 947 1106 1003 littore
1135 950 1379 1001 venatus
1407 961 1541 1001 sum
1561 944 1868 999 venatione
1900 942 2085 1015 pisciu

2264 936 2470 1014 ἰχθύων
2531 944 2644 1015 (59)
2703 939 2897 998 Ἰακὼϐ
2954 949 3035 1017 τῷ
3107 945 3271 1022 πατρί
3331 964 3458 1019 μου’
3525 948 3617 1002 καὶ
3693 948 3905 1005 πολλῶν

500 1038 682 1094 Jacob
714 1037 863 1110 patri
895 1051 1061 1103 meo;
1094 1038 1151 1091 et
1191 1033 1394 1091 multis
1424 1033 1720 1091 suffocatis
1750 1032 1810 1088 in
1842 1032 2013 1101 mari,
2044 1047 2094 1104 eg

2261 1027 2587 1104 ἀγχομένων
2618 1029 2671 1085 ἐν
2696 1034 2764 1105 τῇ
2799 1029 3060 1108 Θαλάσσῃ,
3093 1033 3201 1110 ἐγὼ
3233 1029 3483 1105 ἀϐλαϐὴς
3512 1034 3780 1110 διέμεινα.

499 1126 721 1183 illaasus
750 1125 1066 1198 permansi.

570 1216 665 1272 VI.
703 1234 732 1268 ιι
761 1214 991 1271 Primus
1020 1229 1125 1285 ego
1157 1213 1261 1268 feci
1284 1212 1566 1284 scapham
1590 1210 1650 1267 in
1677 1211 1825 1267 mari
1850 1209 2094 1283 navigari

2328 1204 2392 1270 ς’.
2435 1230 2465 1259 ι(
2496 1210 2720 1278 Πρῶτος
2767 1207 2878 1283 ἐγὼ
2938 1209 3170 1282 ἐποίησα
3223 1211 3426 1289 σκάφος
3636 1212 3902 1269 ἐπιπλέειν

491 1305 770 1377 quoniam
804 1302 1082 1359 Dominus
1104 1301 1262 1357 dedit
1283 1300 1425 1357 mihi
1450 1299 1809 1356 intellectum
1832 1303 1890 1356 et
1910 1298 2094 1370 sapiet

2253 1291 2305 1347 ἐν
2362 1293 2434 1369 τῇ
2493 1293 2751 1371 θαλάσσῃ,
2784 1297 2869 1353 ὅτι
2926 1298 3128 1376 Κύριος
3177 1297 3351 1356 ἔδωκέ
3397 1322 3490 1375 μοι
3549 1301 3763 1357 σύνεσιν
3818 1304 3897 1358 καὶ

488 1393 635 1449 tiam
682 1393 743 1449 in
800 1393 965 1465 ipsa:
1001 1398 1057 1447 et
1115 1390 1314 1445 dimisi
1368 1390 1596 1462 lignum
1656 1393 1789 1460 post
1825 1388 2039 1459 ipsam,
2085 1407 2094 1440 ι

2253 1380 2442 1461 σοφίαν
2497 1383 2548 1439 ἐν
2607 1384 2773 1459 αὐτῷ’
2804 1387 2895 1442 καὶ
2959 1395 3173 1459 καθῆκα
3226 1389 3389 1460 ξύλον
3434 1390 3654 1455 ὄπισθεν
3714 1392 3893 1463 αὐτοῦ,

490 1481 684 1538 velum
716 1481 944 1537 extendi
974 1481 1034 1534 in
1066 1479 1225 1551 ligno
1254 1483 1433 1544 recto,
1463 1478 1522 1532 in
1557 1477 1747 1533 medio
1774 1494 1787 1545 ;
1834 1481 1891 1532 et
1921 1477 1979 1531 in
2012 1476 2094 1548 ips

2249 1472 2340 1526 καὶ
2375 1471 2568 1544 ὀθόνην
2600 1473 2827 1546 ἐξέτεινα
2856 1475 2910 1531 ἐν
2940 1475 3089 1551 ξύλῳ
3119 1477 3265 1552 ὀρθῷ
3292 1478 3343 1534 ἐν
3375 1479 3650 1553 μέσῳοκαὶ
3679 1480 3734 1535 ἐν
3759 1482 3895 1553 αὐτῷ

493 1569 910 1642 perambulans
940 1568 1153 1635 littora,
1198 1568 1467 1640 piscabar
1504 1567 1693 1638 pisces
1724 1565 1922 1620 domui
1955 1566 2094 1637 patri

2250 1557 2709 1638 διαπορευόμενος
2733 1564 2862 1628 τοὺς
2918 1565 3221 1643 αἰγιαλοὺς,
3252 1566 3473 1639 ἠλίευον
3522 1569 3719 1646 ἰχθύας
3768 1568 3895 1642 οἴκῳ

494 1660 631 1728 mei,
667 1674 972 1731 usquequo
1001 1657 1268 1712 venimus
1298 1657 1359 1711 in
1389 1656 1697 1728 Egyptum
1723 1672 1736 1710 :
1784 1658 1840 1709 et
1868 1670 1936 1709 ex
1966 1670 2094 1710 vena

2246 1650 2451 1726 πατρός
2484 1672 2611 1725 μου,
2657 1649 2764 1717 ἕως
2818 1650 3063 1727 ἤλθομεν
3126 1656 3203 1719 εἰς
3244 1653 3537 1734 Αἴγυπτονο
3570 1659 3664 1714 καὶ
3695 1659 3759 1715 ἐκ
3800 1667 3893 1729 τῆς

488 1749 647 1805 tione
664 1765 795 1804 mea
814 1747 971 1803 omni
994 1745 1217 1802 homini
1241 1745 1545 1817 peregrino
1562 1743 1876 1799 miseratus
1899 1742 2094 1799 daban

2248 1739 2420 1825 θήρας
2481 1762 2584 1814 μου
2634 1741 2795 1798 παντὶ
2854 1744 3128 1821 ἀνθρώπῳ
3192 1744 3323 1819 ξένῳ
3381 1746 3894 1825 σπλαγχνιζόμενος

486 1838 546 1895 Si
577 1852 710 1894 vero
742 1841 864 1893 erat
904 1836 1265 1908 peregrinus,
1315 1835 1403 1891 vel
1456 1836 1765 1906 aegrotans,
1815 1832 1903 1889 vel
1936 1848 2094 1887 sene:

2244 1824 2471 1938 ἐδίδουν.
2502 1829 2567 1938 EIt
2616 1827 2675 1885 δὲ
2828 1831 2997 1903 ξένος,
3030 1833 3065 1903 ἢ
3098 1837 3291 1905 νοσῶν,
3323 1835 3361 1905 ἢ
3390 1824 3656 1911 γηράσας,
3692 1838 3895 1912 ἑψήσας

486 1941 745 1999 coquens
776 1926 984 1998 pisces,
1019 1928 1075 1981 et
1103 1924 1249 1980 bene
1294 1939 1363 1980 ea
1399 1923 1543 1995 (eos)
1582 1938 1892 1994 apparans,
1925 1936 2094 1977 secun

2238 1915 2367 1980 τοὺς
2427 1917 2642 1995 ἰχθύας,
2673 1920 2764 1975 καὶ
2820 1922 3055 1993 ποιήσας
3113 1921 3249 1978 αὐτὰ
3304 1924 3541 1999 ἀγαθῶς,
3601 1927 3745 1981 κατὰ
3800 1928 3895 1995 τήν

482 2016 623 2072 dum
658 2014 1125 2086 uniuscujusque
1156 2011 1560 2068 necessitatem
1599 2010 1909 2066 aﬂ‘erebam
1939 2009 2094 2064 omni

2241 2006 2464 2063 ἑκάστου
2511 2006 2701 2084 χρείαν
2746 2011 3078 2089 προσέφερον
3123 2017 3272 2084 πᾶσι,
3325 2014 3565 2089 συνάγων
3611 2015 3707 2071 καὶ
3759 2037 3895 2090 συμ-

482 2105 616 2174 bus,
649 2102 927 2175 colligens
959 2107 1015 2158 et
1044 2101 1428 2172 compatiens.
1463 2100 1704 2170 Propter
1725 2099 1834 2153 hoc
1853 2103 1911 2154 et
1931 2098 2094 2153 Domi

2237 2093 2487 2171 πάσχων.
2522 2098 2620 2151 Διὰ
2645 2101 2806 2153 τοῦτο
2835 2098 2925 2153 καὶ
2956 2100 2985 2154 ὁ
3015 2099 3217 2176 Κύριος
3246 2098 3423 2156 πολὺν
3453 2102 3610 2177 ἰχθῦν
3670 2102 3895 2174 ἐπσίησέ

483 2209 597 2248 nus
628 2192 844 2248 multos
876 2192 1065 2263 pisces
1088 2191 1222 2246 fecit
1244 2205 1336 2244 me
1354 2187 1571 2244 venari.
1599 2188 1707 2253 Qui
1739 2187 1893 2242 enim
1925 2186 2094 2242 tribui

2242 2203 2309 2254 με
2337 2185 2527 2258 θηρᾷν.
2562 2186 2617 2238 Ὀ
2644 2185 2748 2260 γὰρ
2818 2184 3137 2259 μεταδιδοὺς
3188 2186 3271 2261 τῷ
3327 2188 3561 2261 πλησίον
3622 2189 3893 2265 λαμϐάνει

483 2281 767 2353 proximo,
802 2279 1010 2352 accipit
1058 2277 1448 2350 multiplicata
1487 2294 1520 2331 a
1563 2276 1826 2331 Domino.
1861 2276 2089 2346 Quinqu

2237 2270 2691 2328 πολλαπλασίονα
2754 2275 2899 2350 παρὰ
2954 2276 3172 2352 Κυρίου.
3236 2277 3399 2355 Πέντε
3473 2276 3565 2351 ἔτη
3636 2280 3892 2353 ήλίευσα,

481 2370 653 2425 annis
684 2369 942 2441 piscatus
992 2385 1146 2434 sum,
1197 2365 1356 2421 omni
1395 2365 1618 2421 homini
1662 2381 1837 2435 quem
1868 2365 2094 2419 videram

2236 2360 2392 2415 παντὶ
2450 2361 2742 2437 ἀνθρώπῳ,
2775 2364 2831 2418 ’ὸν
2893 2364 3170 2442 ἑωράκειν,
3209 2364 3552 2440 μεταδιδοὺς,
3581 2370 3673 2423 καὶ
3737 2372 3893 2426 παντὲ

477 2459 766 2528 tribuens,
799 2464 856 2512 et
886 2457 1045 2512 omni
1086 2455 1285 2510 domui
1334 2455 1516 2527 patris
1546 2457 1660 2509 mei
1709 2452 2028 2508 sufficiens.
2064 2455 2094 2509 Il

2233 2454 2312 2521 τῷ
2342 2447 2478 2523 οἷ’κῳ
2506 2456 2603 2505 τοῦ
2633 2451 2837 2528 πατρός
2873 2475 2979 2526 μου
3036 2454 3291 2531 ἐξαρκῶν.
3325 2458 3395 2511 Τὸ
3452 2459 3608 2532 θέρος
3640 2458 3893 2529 ἡλῖευον,

474 2551 674 2603 aestate
700 2547 971 2618 piscabar
994 2563 1007 2613 ;
1033 2546 1089 2599 in
1114 2545 1306 2600 hieme
1327 2549 1521 2599 autem
1547 2543 1862 2615 pascebam
1890 2558 2094 2615 gregen

2232 2536 2405 2594 καὶέν
2463 2545 2695 2614 χειμῶνι
2751 2540 3065 2616 ἐποίμαινον
3108 2544 3242 2618 μετὰ
3286 2549 3395 2600 τῶν
3442 2543 3696 2626 ἀδελφῶν
3766 2571 3893 2623 μου.

472 2651 607 2691 cum
642 2634 919 2690 fratribus
952 2633 1117 2688 meis.

544 2724 658 2780 Vll.
695 2745 723 2774 «
756 2723 920 2778 Nunc
943 2720 1302 2778 annuntiabo
1332 2720 1497 2776 vobis
1519 2736 1647 2792 quae
1680 2718 1811 2775 feci.
1842 2719 2094 2775 Videban

2301 2720 2369 2772 Z'.
2402 2739 2430 2767 «
2464 2713 2570 2771 Νὒν
2627 2716 2914 2795 ἀναγγελῶ
2973 2719 3099 2794 ὑμῖν
3158 2723 3291 2796 (61).
3325 2721 3359 2776 ἃ
3416 2721 3667 2795 ἐποίησα.
3729 2726 3891 2782 Εἶδον

471 2811 754 2868 afﬂictum
784 2811 843 2866 in
889 2811 1153 2866 nuditate
1200 2808 1448 2877 hiemis;
1498 2814 1554 2864 et
1600 2808 1789 2879 ipsius
1821 2808 2094 2864 misertus

2231 2799 2564 2891 θλιϐόμενον
2623 2805 2675 2860 ἐν
2725 2807 3028 2883 γυμνότητι
3076 2814 3380 2886 χειμῶνος,
3422 2811 3513 2867 καὶ
3571 2812 3889 2891 σπλαγχνι-

470 2901 703 2957 furatus
757 2899 1169 2956 vestimentum
1226 2915 1296 2954 ex
1352 2900 1525 2954 domo
1583 2914 1714 2953 mea
1760 2897 2094 2953 abscondite

2227 2890 2371 2958 σθείς
2424 2893 2507 2949 ἐπ’
2560 2893 2744 2970 αὐτὰν,
2774 2895 2983 2971 κλέψας
3036 2898 3255 2973 ἱμάτιον
3316 2900 3376 2955 ἐκ
3415 2905 3513 2956 τοῦ
3557 2899 3716 2958 οἷ’κου
3779 2890 3890 2977 μου

470 2990 604 3045 dedi
636 2988 872 3045 afﬂicto.
934 2988 1003 3044 Et
1030 3004 1132 3043 vos
1190 2987 1388 3058 igitur,
1442 2985 1546 3041 ﬁlii
1578 2985 1713 3056 mei,
1771 3002 1840 3041 ex
1867 2985 1959 3041 his
1989 3002 2094 3057 qua

2226 2982 2529 3061 κρυφαίως,
2555 2982 2734 3042 ἔδωκα
2758 2990 2838 3059 τῷ
2865 2981 3196 3061 θλιϐομένῳ.
3230 2989 3328 3043 Καὶ
3362 2990 3521 3063 ὑμεῖς
3575 2990 3687 3059 οὖν,
3724 2992 3890 3050 τέκνα

468 3077 679 3134 tribuit
708 3078 871 3134 vobis
901 3081 1071 3144 Deus,
1103 3076 1500 3131 indifferenter
1529 3074 1793 3131 omnium
1834 3073 2094 3129 miserenl

2227 3090 2355 3144 μου,
2401 3071 2453 3143 ἐξ
2493 3073 2567 3128 ὧν
2603 3073 2831 3151 παρέχει
2890 3076 3019 3150 ὑμῖν
3076 3079 3104 3132 ὁ
3162 3079 3314 3147 Θεὸς,
3354 3076 3683 3153 ἀδιακρίτως
3747 3088 3881 3138 πᾶσι

462 3170 575 3234 tes,
608 3166 1068 3224 misericordiam
1101 3165 1293 3232 facite,
1323 3167 1381 3220 et
1413 3163 1653 3219 tribuite
1699 3162 1857 3219 omni
1889 3163 2089 3218 homin

2223 3160 2719 3238 σπλαγχνιζιίμενοι
2792 3163 2992 3220 ἐλεεῖτε
3047 3168 3180 3241 (62),
3238 3166 3331 3222 καὶ
3387 3170 3657 3245 παρέχετε
3717 3175 3881 3229 παντί

460 3256 521 3312 in
553 3257 703 3312 bono
736 3257 928 3312 corde.
988 3255 1047 3310 Si
1102 3270 1236 3310 vero
1287 3270 1400 3309 non
1431 3252 1658 3308 habetis
1716 3252 1774 3307 in
1805 3252 2094 3308 occasioni

2224 3234 2497 3326 ἀνθρώπῳ
2562 3234 2612 3307 ἐν
2665 3253 2839 3329 ἀγαθῇ
2884 3234 3096 3330 καρδία.
3139 3234 3216 3311 ⁷ιῖί
3277 3253 3335 3311 δὲ
3386 3234 3474 3331 μή.
3512 3234 3669 3334 gis-cs
3742 3263 3886 3338 πρὸς

460 3346 599 3401 dare
628 3345 939 3417 indigenti,
973 3341 1415 3415 compatiamini
1446 3341 1504 3395 in
1536 3340 1860 3396 visceribus
1892 3340 2094 3396 miserit

2221 3340 2407 3416 καιρὸν
2459 3337 2643 3395 δοῦναι
2688 3346 2768 3414 τῷ
2818 3342 3107 3417 χρῄζοντι,
3157 3346 3506 3422 συμπάσχετε
3551 3346 3605 3401 ἐν
3664 3348 3883 3427 σπλάγ-

462 3433 690 3489 οοιδάἰω.
720 3433 860 3488 Νονί
893 3433 1048 3506 quod
1081 3448 1292 3487 manus
1324 3448 1452 3487 mea
1481 3446 1596 3485 non
1628 3429 1848 3485 invenit
1873 3429 1934 3484 in
1966 3446 2094 3501 praa'

2221 3446 2375 3503 χνοις
2425 3427 2631 3492 ἐλέους.
2665 3428 2796 3485 Οἶδα
2847 3430 2931 3487 ὅτι
2980 3434 3016 3501 ἡ
3062 3432 3185 3509 χείρ
3241 3456 3347 3507 μου
3404 3435 3512 3511 οὐχ
3559 3436 3682 3509 εὗρε
3746 3441 3886 3515 πρὸς

463 3538 600 3578 sens
630 3522 886 3577 tribuere
916 3520 1220 3592 indigenti,
1278 3524 1335 3575 et
1364 3519 1617 3591 amplius
1649 3523 1873 3590 septem
1906 3517 2094 3574 stadii:

2218 3516 2281 3571 τὸ
2354 3519 2524 3593 παρὸν
2601 3517 2874 3575 ἐπιδοῦναι
2947 3525 3028 3594 τῷ
3102 3522 3391 3598 χρῄζοντι,
3451 3525 3541 3579 καὶ
3606 3523 3687 3581 ἔτι
3754 3531 3887 3585 ἐπεὶ

464 3609 778 3666 ambulans
809 3627 940 3665 cum
973 3611 1120 3682 ipso,
1153 3609 1399 3676 ﬂebam;
1447 3612 1504 3664 et
1542 3608 1760 3664 viscera
1791 3624 1919 3663 mea
1946 3624 2094 3663 vers:

2220 3603 2467 3670 σταδίους
2552 3609 3034 3685 συμπορευόμενος
3114 3610 3283 3685 αὐτῷ,
3355 3610 3598 3669 ἔκλαιον·
3664 3618 3765 3671 καὶ
3824 3619 3889 3673 τὶ

463 3703 605 3754 sunt
634 3714 811 3771 super
839 3700 1033 3771 ipsum
1065 3698 1125 3754 in
1156 3698 1644 3770 compassionem.

2219 3693 2513 3773 σπλάγχνα
2571 3718 2675 3770 μου
2730 3697 2977 3776 ἐτρέφετο
3029 3700 3143 3774 (63)
3193 3699 3275 3756 ἐπ’
3332 3701 3478 3775 αὐτῷ
3529 3702 3608 3765 εἷς
3664 3705 3887 3779 συμπᾶ-

2217 3784 2386 3841 θειαν.

2284 3874 2369 3931 Η’.
2409 3896 2431 3925 ι
2465 3873 2568 3931 Καὶ
2605 3874 2759 3947 ὑμεῖς
2790 3872 2903 3949 οὖν,
2932 3876 3093 3932 τέκνα
3125 3898 3252 3951 μου,
3280 3876 3433 3955 ἔχετε
3460 3879 3883 3957 εὖσπλαγχνίαν

2213 3962 2349 4017 κατὰ
2404 3964 2603 4025 παντὸς
2662 3964 2947 4038 ἀνθρώπου
3003 3964 3057 4021 ἐν
3098 3964 3257 4039 ἐλέει,
3285 3964 3373 4023 τίνα
3430 3969 3520 4024 καὶ
3580 3972 3610 4025 ὁ
3672 3972 3882 4047 Κύριος

2212 4050 2289 4138 εἷς
2367 4051 2508 4124 ὑμᾶς
2581 4052 3007 4128 σπλαγχνισθεὶς
3084 4054 3282 4131 ἐλεήσῃ
3351 4057 3512 4130 ὑμᾶς’
3570 4057 3656 4114 δτι
3720 4062 3881 4138 καίτε

525 3873 675 3929 VIII.
717 3893 740 3922 α
772 3876 840 3928 Et
887 3890 987 3929 vos
1046 3872 1242 3945 igitur,
1293 3871 1395 3926 filii
1455 3871 1590 3939 mei,
1649 3871 1860 3927 habete
1886 3870 2108 3927 viscera

453 3963 879 4034 compassionis
912 3963 969 4017 in
1003 3978 1237 4018 omnem
1265 3959 1563 4016 hominem
1586 3960 1645 4014 in
1680 3960 2102 4030 misericordia,

454 4054 520 4108 ut
547 4056 605 4108 et
633 4052 787 4108 Deus
814 4051 977 4109 vobis
1019 4051 1306 4124 propitius
1356 4051 1703 4105 misereatur
1747 4049 1926 4105 vestri
1956 4065 2105 4121 quo-

451 4140 612 4196 niam
643 4143 700 4196 et
727 4140 786 4195 in
816 4140 1093 4197 extremis
1124 4139 1330 4195 diebus
1359 4137 1511 4194 Deus
1554 4137 1745 4193 mittet
1773 4136 2101 4193 misericor-

453 4228 613 4284 diam
661 4245 829 4284 suam
878 4228 939 4283 in
972 4233 1226 4284 terram:
1270 4231 1329 4283 et
1386 4227 1486 4282 ubi
1544 4225 1829 4281 invenerit
1880 4227 2105 4283 viscera

451 4316 887 4381 misericordiae,
945 4317 1004 4371 in
1053 4317 1182 4389 ipso
1231 4314 1538 4371 habitabit.
1599 4317 1895 4381 Quantum
1942 4316 2101 4371 enim

450 4404 629 4461 homo
685 4405 995 4461 miseretur
1051 4404 1320 4477 proximi,
1388 4408 1619 4459 tantum
1677 4404 1833 4458 Deus
1891 4403 2097 4475 ipsius.

448 4493 695 4559 Quando
712 4494 870 4550 enim
894 4494 1305 4550 descendimus
1323 4492 1383 4549 in
1404 4492 1960 4565 EgyptumJoseph
1984 4510 2098 4548 non

2212 4137 2295 4194 ἐπ’
2351 4139 2596 4217 ἐσχάτων
2653 4143 2880 4218 ἡμερῶν
2936 4144 2967 4198 ὁ
3023 4144 3152 4206 Θεὸς
3197 4144 3523 4202 ἀποστέλλει
3553 4147 3621 4202 τὸ
3652 4148 3877 4225 σπλάγ-

2210 4246 2339 4304 χνον
2397 4227 2560 4284 αὐτοῧ
2617 4229 2704 4284 ἐπὶ
2760 4238 2862 4301 τῆς
2912 4238 3037 4307 γῆς,
3069 4232 3159 4288 καὶ
3217 4232 3355 4289 ὅπου
3385 4234 3513 4310 εὕρῃ
3570 4233 3879 4315 σπλάγχνα

2210 4315 2417 4390 ἐλέους,
2493 4316 2545 4372 ἐν
2607 4318 2757 4392 αὐτῷ
2835 4325 3098 4378 κατοικεῖ.
3156 4324 3314 4378 Ὅσον
3394 4324 3496 4400 γὰρ
3573 4323 3878 4401 ἅνθρωπος

2209 4405 2637 4483 σπλαγχνίζεται
2698 4407 2774 4470 εἷς
2802 4408 2896 4463 τὸν
2944 4407 3205 4483 πλησίον,
3234 4415 3492 4468 τοσοῦτον
3527 4412 3743 4488 Κύριος
3802 4415 3885 4479 εἰς

2206 4493 2386 4583 αὐτόν.
2417 4498 2541 4551 Ὅτε
2595 4496 2700 4573 γὰρ
2756 4495 3103 4571 κατήλθομεν
3171 4498 3250 4561 είς
3309 4497 3605 4576 Αἴγυπτον,
3661 4504 3879 4583 Ἰωσ-ἦσ

445 4583 785 4639 recordatus
817 4587 905 4639 est
936 4582 1074 4637 mali
1122 4583 1183 4637 in
1214 4598 1361 4649 nos;
1415 4597 1508 4636 me
1546 4597 1678 4637 vero
1727 4581 1953 4650 videns,
1987 4581 2094 4637 mi-

2215 4582 2309 4638 οὔκ
2356 4582 2908 4669 ἐμνησικάκησεννεῖς
2947 4588 3117 4660 ἡμᾶς·
3176 4587 3275 4659 ἐμὲ
3327 4585 3384 4643 δὲ
3442 4587 3595 4663 ἰδὼν,
3629 4581 3883 4669 ἐσπλαγὲ

447 4675 644 4728 sertus
674 4675 781 4727 est.
817 4672 877 4727 In
909 4686 1083 4743 quem
1116 4670 1492 4741 inspicientes
1517 4673 1574 4724 et
1591 4668 2094 4734 vos,immemores

2215 4671 2426 4749 χνίσθη.
2461 4672 2557 4734 Εἷς
2616 4673 2673 4727 ὃν
2716 4668 3087 4746 ἐμϐλέποντες
3136 4674 3227 4731 καῖ
3284 4677 3458 4751 ὑμεῖς,
3490 4668 3879 4751 ἆμνησίκαχοι

446 4759 737 4816 malorum
768 4759 1130 4827 efficiamini,
1182 4758 1285 4813 ﬁlii
1336 4757 1469 4825 mei,
1517 4762 1573 4813 et
1619 4756 1845 4829 diligite
1873 4762 2102 4814 vosmet

445 4848 718 4923 invicem,
749 4854 807 4907 et
849 4865 921 4905 ne
968 4847 1444 4905 animadvertetis
1494 4845 1904 4917 unusquisque
1928 4846 2095 4903 mali-

515 5046 628 5118 (58)
658 5048 756 5118 Τῇ.
923 5046 1102 5118 Gigas.

685 5113 850 5193 Θήρα
870 5113 1111 5193 {19:3th
1129 5115 1332 5193 Θήραν.
1367 5120 1449 5170 ID.

534 5123 649 5191 59).
685 5123 837 5193 Θήρᾳ
870 5123 1096 5192 ἰχθϋων.
1129 5123 1203 5184 Θή
1218 5133 1332 5191 ραν.
1367 5123 1449 5170 ID.

510 5123 624 5262 E60)
654 5191 875 5265 Ηρῶτος
936 5186 1041 5263 ἐγὼ
1094 5187 1323 5269 ἐποίησα
1394 5184 1614 5311 σκοὶξίος⁸
1673 5182 1929 5267 Zabulon
1988 5184 2090 5242 ita-

510 5278 550 5311 ιθ
579 5262 1094 5311 connumerandus
1133 5276 1312 5311 variis
1342 5259 1503 5311 herm
1552 5273 1641 5311 us.
1669 5273 1770 5311 am
1802 5273 1865 5311 se
1894 5258 2090 5311 inven-

439 5258 550 5334 que
579 5258 1094 5334 connumerandus
1133 5260 1312 5334 variis
1342 5258 1641 5334 heroibus,
1664 5258 1770 5334 qui
1802 5273 1865 5334 se
1890 5258 2090 5334 inven-

434 5327 593 5390 tores
640 5334 784 5391 artis
842 5332 1089 5388 nauticae
1151 5332 1332 5385 fuisse
1379 5327 1704 5400 jactarunt;
1731 5327 1818 5400 vel
1852 5330 1923 5384 ab
1959 5328 2089 5384 aliis

430 5405 582 5461 tales
612 5404 815 5462 crediti
847 5408 984 5459 sunt
1010 5429 1023 5469 ;
1046 5410 1105 5458 et
1134 5398 1440 5458 addendus
1473 5399 1565 5468 iis,
1589 5416 1737 5471 quos
1770 5398 2086 5472 Polydorus

431 5474 728 5547 Vergilius
786 5477 885 5531 lib.
919 5491 982 5530 ιιι
1010 5476 1081 5529 Dc
1119 5473 1515 5547 inuentor-ibus
1565 5487 1776 5537 rerum,
1812 5486 1940 5547 ca_p_.
1996 5473 2083 5547 15,

437 5541 783 5603 Salmuthus
840 5547 899 5601 in
955 5544 1323 5601 Pancirolum
1384 5544 1473 5598 tit.
1505 5559 1562 5614 xx
1612 5547 1694 5598 De
1741 5541 2086 5614 Pyxz’decula

434 5620 681 5688 nautica,
709 5622 766 5673 et
792 5615 1091 5673 Cbraelius
1120 5633 1154 5688 a
1201 5615 1415 5688 Lepide
1465 5613 1685 5687 aliique
1724 5613 2082 5688 commenta-

433 5691 589 5747 tores
643 5687 704 5745 in
758 5685 1424 5761 Sapientia-Salonini:
1468 5685 1735 5759 capixrv,
1766 5700 1818 5743 υ.
1851 5685 1879 5743 1
1913 5698 2077 5758 seqq.

2207 4759 2440 4836 γίνεσθε,
2470 4762 2628 4816 τέκνα
2692 4783 2817 4835 μου,
2850 4762 2939 4817 καὶ
2995 4764 3240 4840 ἀγαπᾶτε
3289 4765 3600 4837 ἀλλήλους,
3634 4770 3733 4823 καὶ
3797 4770 3876 4843 μή

2206 4846 2481 4927 λογίζεσθε
2506 4847 2730 4913 ἕκαστος
2755 4851 2855 4921 τὴν
2889 4851 3078 4908 κακίαν
3106 4857 3204 4909 τοῦ
3236 4851 3477 4933 ἀδελφοῦ
3523 4854 3695 4911 αὐτοῦ

2203 5043 2600 5126 nominarunt.
2630 5045 2711 5101 Ex
2740 5046 2958 5126 quibus
2987 5048 3535 5126 patebit,Zabu_lo_ne
3564 5054 3872 5126 antiquio-

2202 5133 2321 5173 rem
2349 5133 2477 5173 esse
2507 5122 2691 5173 artem
2722 5119 3301 5194 nauticam,ejusque
3321 5123 3610 5195 originem
3635 5119 3872 5184 ad'Noe

2199 5186 2410 5244 saltem
2444 5188 2802 5245 referendam
2836 5206 2986 5246 esse.
3012 5196 3096 5246 In.

2936 5208 2986 5247 Θ.
3012 5208 3096 5247 ID.

2266 5258 2391 5342 (61).
2412 5260 2517 5311 Νῦν
2581 5257 2878 5344 ’ἀναγγελῷ
2951 5261 3100 5347 ὑμῖν.
3160 5263 3292 5319 Haec
3369 5265 3567 5321 omnia
3635 5267 3869 5326 omnim

2198 5335 2340 5386 sunt
2376 5347 2436 5386 ιιι
2468 5331 3003 5410 codice_()xon1ens_1
3044 5349 3226 5410 usque
3256 5336 3328 5391 ad
3376 5337 3868 5410 ista_sequentis

2196 5402 2541 5480 paragraphi
2562 5404 2748 5480 verba
2779 5420 2793 5459 :
2825 5406 3095 5480 τοσοῦτον
3118 5402 3317 5480 Κύριος
3347 5404 3423 5469 εἷς
3468 5402 3654 5465 αὐτόνῖ
3691 5411 3789 5468 In.

2286 5472 2378 5539 62)
2411 5472 2662 5529 Ἐ..εεῖτε.
2693 5475 2801 5531 Ms.
2836 5472 3039 5531 ἐλεᾶτε.
3074 5477 3155 5531 ID.
3201 5472 3211 5480 ’

2286 5542 2377 5601 63)
2409 5542 2711 5601 Ἐτρέφετο.
2747 5547 3082 5601 Lugendum
3113 5540 3417 5601 ἐστρέφετο.
3452 5551 3475 5593 ῐ

2285 5542 2377 5686 63)
2409 5542 2711 5618 Ἐτρέφετο.
2747 5547 3082 5619 Legendum
3113 5542 3417 5623 ἐστρέφετο.
3452 5551 3533 5606 Ῐῐ).

2281 5615 2351 5693 64
2383 5614 2501 5693 ,Μή
2580 5614 2863 5693 λὸγίζεσθε
2945 5612 3166 5693 ἕκαστος
3247 5617 3433 5693 κακίαν
3508 5618 3609 5675 τοῦ
3676 5618 3859 5678 ἁδελβ

2189 5682 2297 5764 «po?-
2339 5682 2533 5760 assos,
2568 5682 2680 5746 etc:
2727 5682 2905 5748 Idem
2954 5689 3553 5753 monitumhliermo;
3584 5693 3857 5755 dabatur

2262 5474 2282 5686 ἕ
