4008 6350
99 424 248 485 109³1

1365 419 1967 484 TESTAMENTUM
2008 421 2193 481 DAN.

3343 425 3500 489 1098

97 553 177 608 ὅτι
207 556 364 608 τοῦτο
394 551 619 629 χωρίζει
652 549 900 624 ἑνότητα,
933 550 1021 607 καὶ
1071 557 1242 607 πᾶσαν
1270 550 1574 629 συγγένειαν
1624 547 1738 605 δια·

1877 552 2003 607 ;iam
2053 552 2249 607 fratris
2292 552 2421 620 sui;
2456 551 2731 624 qucniam
2781 553 2890 610 hoc
2936 554 3145 611 dividit
3192 555 3499 626 unitatem,

96 640 392 717 σκορπίζει,
425 640 514 696 καὶ
544 642 643 710 τήν
676 641 860 716 ψυχὴν
892 641 1143 717 ταράσσει
1177 641 1311 715 (65).
1342 646 1396 695 Ὀ
1452 640 1552 717 γὰρ
1606 660 1746 713 μνη-

97 732 313 791 σίκακος
345 728 629 806 σπλάγχνα
659 728 845 791 ἐλέους
871 729 969 784 οὐκ
999 725 1137 804 ἔχει.

169 909 243 963 Θ“.
276 930 305 960 ‹‹
338 906 642 983 Προσέχετε
683 908 751 961 τὰ
808 904 973 962 ὕδατα
1004 909 1138 981 (66),
1171 904 1255 960 ὅτι
1284 904 1409 960 ὅταν
1438 904 1525 960 ἐπὶ
1558 904 1620 960 τὸ
1649 904 1744 959 αύ-

93 998 156 1051 τὸ
188 997 490 1070 πορεύεται,
525 994 732 1065 λίθους,
765 993 919 1068 ξύλα,
950 996 1048 1064 τὴν
1080 996 1264 1068 ἄμμον
1290 993 1573 1069 κατοσύρει
1607 994 1742 1066 (67)’

99 1086 188 1141 ἐάν
241 1083 297 1140 δὲ
344 1085 419 1147 εἰς
458 1082 645 1139 πολλὰ
690 1081 955 1156 διαιρεθῇ,
1004 1086 1040 1152 ἡ
1071 1086 1143 1159 γῆ
1174 1080 1413 1159 ἀφανίζει
1442 1081 1595 1151 αὐτὰ,
1655 1081 1746 1135 καὶ

96 1174 299 1251 γίνεται
348 1172 808 1251 εὐκαταφρόνητα.
868 1173 967 1226 Καὶ
1029 1171 1206 1244 ὑμεῖς,
1270 1169 1358 1225 ἐὰν
1418 1168 1747 1245 διαιρεθῆτε,

99 1262 281 1319 ἔσεσθε
309 1262 504 1325 οὕτως.
554 1263 643 1330 Μὴ
693 1268 957 1336 σχισθῆτε
1005 1260 1081 1322 εἷς
1116 1258 1210 1315 δύο
1240 1259 1500 1338 κεφαλὰς,
1533 1258 1616 1314 ὅτι
1646 1263 1749 1313 πᾶν

96 1351 127 1406 ὅ
177 1352 401 1422 ἐποίησε
447 1349 668 1426 Κύριος,
717 1347 959 1427 κεφαλὴν
1009 1347 1135 1421 μίαν
1185 1346 1323 1423 ἔχει.
1373 1344 1585 1402 Ἔδωκε
1650 1343 1747 1400 δύο

96 1440 307 1513 ὤμους,
342 1436 533 1509 πόδας,
579 1443 789 1515 χεῖρας·
839 1435 987 1492 ἀλλά
1033 1438 1204 1493 πάντα
1243 1436 1311 1492 τὰ
1360 1435 1501 1510 μέλη
1544 1439 1614 1510 τῇ
1650 1439 1749 1509 μιᾷ

90 1528 307 1607 κεφαλῇ
363 1526 641 1584 ὑπακούει.
692 1528 897 1601 Ἒγνων
950 1525 1001 1580 ἐν
1051 1529 1231 1602 γραφῇ
1299 1524 1544 1601 πατέρων
1615 1546 1743 1598 μου,

95 1618 182 1672 ὅτι
232 1616 283 1671 έν
331 1616 581 1691 ἐσχάταις
627 1616 859 1691 ἡμέραις
910 1615 1279 1685 ἀποστήσεσθε
1342 1615 1448 1669 ἀπὸ
1524 1613 1744 1689 Κυρίου,

93 1707 188 1761 καὶ
248 1703 667 1781 διαιρεθήσεσθε,
720 1705 771 1758 ἐν
819 1704 1038 1781 Ἰσραὴλ
1097 1706 1233 1776 (68),
1292 1702 1380 1758 καὶ
1439 1701 1558 1758 δυσὶ
1594 1704 1746 1779 βασι-

95 1795 283 1851 λεῦσιν
334 1792 803 1865 ἐξακολουθήσετε,
855 1793 944 1848 καὶ
993 1798 1096 1848 πᾶν
1148 1790 1428 1869 βδέλυγμα
1490 1794 1748 1862 ποιήσετε

1854 645 1912 696 et
1940 656 2173 697 omnem
2203 643 2771 714 consanguinitatem
2804 644 3115 717 dispergit,
3142 649 3201 701 et
3233 645 3503 703 animum

1855 729 2176 801 perturbat.
2210 730 2430 787 Memor
2452 730 2609 788 enim
2658 732 2801 788 mali
2828 732 3052 789 viscera
3085 733 3503 791 misericordia

1856 833 1971 872 non
2008 818 2201 873 habet.

1926 906 2015 961 IX.
2051 930 2079 957 ‹‹
2111 907 2403 964 Attendite
2432 910 2621 983 aquis,
2657 910 2937 981 quoniam
2988 927 3121 966 cum
3155 911 3331 968 simul
3372 929 3505 968 mo-

1854 1000 2080 1066 ventur,
2115 995 2355 1067 lapides,
2389 998 2571 1071 ligna,
2631 1015 2868 1055 arenam
2903 1000 3253 1071 detrahunt;
3288 1002 3336 1057 si
3368 1019 3502 1059 vero

1856 1084 1916 1139 in
1949 1083 2167 1140 multas
2195 1086 2551 1157 dividantur,
2575 1092 2732 1144 terra
2752 1088 3102 1144 exterminat
3129 1107 3249 1158 eas,
3276 1094 3334 1147 et
3353 1092 3504 1147 ﬁunt

1856 1171 2150 1245 neglectae.
2176 1173 2245 1228 Et
2274 1190 2396 1241 vos,
2421 1175 2471 1231 si
2494 1175 2858 1244 dividamini,
2892 1177 3055 1233 eritis
3086 1178 3185 1234 ita.
3216 1178 3299 1235 Ne
3339 1180 3500 1235 scin-

1856 1260 2078 1316 damini
2111 1260 2170 1316 in
2201 1263 2316 1317 duo
2347 1263 2558 1336 capita,
2586 1265 2723 1335 quia
2752 1282 2922 1320 omne
2952 1268 3107 1337 quod
3154 1267 3290 1323 fecit
3318 1267 3496 1337 Deus,

1856 1354 2031 1422 caput
2073 1367 2256 1406 unum
2301 1351 2497 1407 habet.
2537 1352 2708 1408 Dedit
2756 1354 2901 1409 duos
2951 1355 3251 1427 humeros,
3299 1356 3498 1427 pedes,

1858 1454 2100 1506 manus;
2136 1440 2237 1495 sed
2270 1440 2468 1496 omnia
2507 1442 2770 1497 membra
2821 1442 2923 1497 uni
2972 1443 3149 1515 capiti
3198 1445 3496 1500 obediunt.

1856 1527 1996 1582 Novi
2030 1527 2088 1583 in
2120 1528 2411 1600 scriptura
2440 1534 2675 1601 patrum
2699 1547 2985 1598 meorum,
3013 1534 3168 1604 quod
3189 1533 3248 1588 in
3281 1533 3504 1589 ultimis

1857 1616 2064 1672 diebus
2097 1618 2378 1674 recedetis
2400 1636 2434 1673 a
2458 1618 2721 1687 Domino,
2739 1624 2796 1674 et
2821 1619 2989 1676 divisi
3014 1620 3178 1677 eritis
3208 1622 3267 1676 in
3300 1621 3503 1690 Israel,

1856 1709 1913 1759 et
1942 1704 2092 1760 duos
2121 1722 2286 1777 reges
2309 1706 2720 1778 sequemini,et
2742 1725 2972 1763 omnem
3006 1709 3505 1766 abominationem

1856 1792 2100 1861 facietis,
2135 1799 2190 1848 et
2219 1811 2391 1850 omne
2419 1795 2641 1851 idolum
2670 1796 3009 1865 adorabitis,
3035 1802 3092 1852 et
3121 1798 3377 1869 captivos
3410 1798 3509 1854 ab-

92 1885 187 1939 καί
220 1905 282 1959 γε
320 1889 422 1938 πᾶν
482 1880 712 1938 εἷ’δωλον
758 1884 1180 1957 προσκυνήσετε,
1231 1881 1319 1936 καὶ
1369 1880 1741 1956 αἱχμαλοτεύ-

1877 1881 2075 1937 iucent
2101 1899 2201 1937 vos
2232 1882 2456 1938 inimici
2486 1883 2748 1951 vestri,et
2763 1884 3043 1942 sedebitis
3072 1885 3130 1940 in
3164 1887 3507 1943 nationibus

92 1994 284 2029 σουσιν
339 1972 476 2045 ὑμᾶς
533 1973 585 2026 οἱ
636 1970 825 2047 ἐχθροί
875 1971 1049 2044 ὑμῶν,
1100 1970 1188 2024 καὶ
1218 1969 1495 2033 καθίσεσθε
1526 1971 1639 2042 (69)
1695 1969 1746 2023 έν

90 2060 275 2127 ἔθνεσι
302 2061 353 2117 έν
384 2062 577 2122 πάσαις
605 2060 921 2132 ἀσθενείαις,
968 2060 1059 2113 καὶ
1109 2057 1345 2132 θλίψεσι,
1396 2059 1485 2112 καὶ
1537 2055 1750 2119 ὀδύναις

91 2155 311 2225 ψυχῆς.
368 2149 471 2207 Καὶ
534 2149 667 2222 μετά
720 2154 887 2203 ταῦτα
947 2149 1317 2220 μνησθήσεσθε
1377 2146 1601 2222 Κυρίου,
1660 2146 1750 2200 καὶ

94 2241 481 2313 μετανοήσετε,
514 2238 603 2293 καὶ
635 2236 940 2313 ἐπιστρέψει
993 2237 1152 2308 ὑμᾶς.
1201 2236 1285 2291 ὅτι
1338 2234 1589 2307 ἐλεήμων
1641 2232 1751 2290 ἐστὶ

87 2329 187 2382 καὶ
240 2326 639 2401 εὕσπλαγχνος,
687 2327 763 2399 μή
817 2324 1175 2400 λογιζόμενος
1221 2324 1410 2379 κακίαν
1460 2328 1576 2386 τοῖς
1608 2324 1751 2385 υἱοῖς

89 2422 206 2471 τῶν
262 2416 584 2491 ἀνθρώπων,
647 2411 783 2469 διότι
856 2413 982 2489 σάρξ
1033 2413 1156 2483 εἶσι,
1214 2412 1303 2467 καὶ
1359 2413 1426 2467 τά
1471 2410 1752 2483 πνεύματα

80 2509 197 2575 τῆς
230 2503 448 2576 πλάνης
481 2505 657 2575 άπατᾷ
703 2502 897 2564 αὐτοὺς
948 2501 1035 2557 ἐπὶ
1081 2502 1278 2564 πάσαις
1327 2507 1448 2563 ταῖς
1497 2501 1747 2574 πράξεσιν

86 2595 300 2650 αὐτῶν.
348 2591 442 2648 Καὶ
491 2593 628 2666 μετά
675 2596 841 2646 ταῦτα
888 2589 1135 2646 ἀνατελεῖ
1184 2591 1310 2663 ὑμῖν
1363 2590 1521 2653 αὑτὸς
1583 2590 1610 2644 ὁ
1642 2589 1749 2647 Κύ-

87 2704 221 2760 ριος
252 2684 386 2757 (70),
418 2686 532 2749 φῶς
566 2678 941 2751 δικαιοσύνης,
991 2679 1079 2734 καί
1141 2676 1280 2741 ἷάσις
1327 2678 1418 2734 καὶ
1475 2677 1747 2754 εὐσπλαγ-

84 2771 236 2847 χνία
267 2770 355 2826 ἐπὶ
384 2776 501 2832 ταῖς
533 2769 778 2846 πτέρυξιν
812 2768 995 2824 αὐτοῦ.
1045 2766 1217 2830 Αὐτὸς
1266 2767 1600 2843 λυτρώσεται
1645 2772 1749 2821 πᾶ-

90 2881 205 2915 σαν
268 2856 652 2934 αἰχμαλωσίπιν
686 2859 815 2912 υἱῶν
850 2857 1137 2930 ἀνθρώπου
1170 2855 1229 2912 ἐκ
1260 2860 1354 2911 τοῦ
1407 2855 1629 2932 Βελιάρ,
1661 2855 1751 2909 καὶ

80 2955 206 3003 πᾶν
260 2954 469 3020 πνεῦμα
534 2946 747 3017 πλάνης
821 2948 1229 3016 πατηθήσεται’
1287 2950 1380 3000 καῖ
1445 2943 1750 3018 ἐπιστρέψει

74 3038 260 3093 πέντα
322 3039 390 3091 τά
420 3035 543 3106 ἔθνη
608 3035 683 3097 εἷς
734 3033 1125 3111 παραζήλωσιν
1180 3033 1383 3089 αὐτοῦ’
1429 3032 1518 3087 καὶ
1560 3033 1753 3106 ὄψεσθε

75 3126 227 3181 Θεὸν
264 3124 314 3179 ἐν
347 3126 593 3199 σχήματι
627 3123 934 3199 ἀνθρώπου,
980 3120 1037 3176 ὅν
1093 3120 1153 3176 ἂν
1204 3119 1485 3191 ἐκλέξηται
1537 3120 1751 3196 Κύριος,

76 3212 462 3285 Ἰερουσαλὴμ
507 3212 679 3285 ὓνομα
726 3211 872 3283 αὐτῷ
919 3212 1052 3284 (74).
1106 3210 1206 3264 Καὶ
1253 3208 1419 3265 πάλιν
1478 3209 1529 3264 ἐν
1579 3230 1751 3278 πονη-

78 3283 189 3377 ρία
223 3283 430 3376 λόγωνὶ
459 3283 612 3374 ὑμῶν
660 3283 1016 3375 παροργίσετε
1058 3297 1241 3368 αὐτὸν,
1289 3298 1380 3353 καὶ
1410 3296 1748 3376 ἀπόῤῥιφθή-
1781 3283 1824 3351 C

80 3392 257 3446 σεσθε
284 3387 391 3451 ἓως
420 3392 612 3463 καιροῦ
643 3385 970 3449 συντελείας.

174 3480 235 3536 1"
269 3503 298 3531 «
332 3478 429 3532 Καὶ
460 3481 575 3548 νῦν,
602 3477 761 3531 τέκνα
795 3496 921 3549 μου,
958 3476 1035 3549 μὴ
1066 3473 1340 3543 λυπεῖσθε,
1372 3474 1454 3530 ὅτι
1516 3474 1756 3546 ἀποθνή-

79 3588 219 3621 cum
277 3564 412 3640 ἐγὼ,
473 3562 615 3639 μηδέ
667 3564 1022 3636 συμπίπτετε,
1078 3562 1164 3618 ὅτι
1220 3561 1507 3618 ἀπολείπω
1581 3564 1757 3636 ὑμῶν.

80 3658 481 3728 Ἀνασήσομαι
531 3655 635 3729 γὰρ
682 3651 846 3708 πάλιν
908 3652 960 3707 έν
1020 3653 1169 3725 μέσῳ
1211 3652 1383 3725 ὑμῶν,
1415 3652 1489 3714 ὡς
1516 3651 1763 3727 ἡγούμε-

86 3766 205 3807 νος
241 3743 295 3799 ἐν
325 3747 472 3815 μέσῳ
502 3744 636 3798 υἱῶν
685 3740 870 3810 αὐτοῦ,
931 3741 1021 3795 καὶ
1068 3739 1509 3817 εὐφρανθήσομαι
1564 3740 1615 3795 ἐν
1669 3738 1763 3812 μέ-

1858 1969 1915 2024 in
1948 1970 2222 2025 omnibus
2252 1970 2782 2041 inﬁrmitatibus,et
2813 1973 3377 2044 tribulationibus,et
3407 1975 3509 2031 do-

1858 2057 2083 2113 loribus
2117 2060 2421 2114 animmEt
2450 2066 2582 2132 post
2613 2062 2733 2115 haec
2766 2061 3212 2116 recordabimini
3244 2063 3503 2131 Domini,

1858 2152 1914 2202 et
1945 2147 2286 2220 resipicetis,
2319 2154 2376 2204 et
2424 2154 2718 2204 convertet
2748 2167 2869 2216 vos,
2919 2151 3195 2221 quoniam
3245 2151 3502 2208 clemens

1858 2240 2023 2291 estet
2054 2235 2405 2306 misericors,
2441 2254 2554 2293 non
2586 2238 2883 2308 imputans
2915 2238 3195 2294 malitiam
3231 2240 3365 2296 {iliis
3398 2240 3501 2295 ho-

1862 2323 2087 2378 minum
2113 2342 2125 2393 ;
2160 2325 2439 2396 quoniam
2470 2342 2601 2381 caro
2633 2331 2793 2393 sunt,
2824 2332 2876 2381 et
2909 2326 3150 2397 spiritus
3176 2327 3387 2383 erroris
3416 2344 3503 2383 se-

1859 2412 2083 2468 ducunt
2125 2430 2224 2469 eos
2272 2414 2331 2468 in
2372 2413 2649 2469 omnibus
2702 2414 3030 2470 actionibus
3079 2416 3223 2471 suis.
3274 2416 3343 2471 Et
3372 2419 3504 2487 post

1858 2501 1980 2557 haec
2011 2501 2229 2557 orietur
2261 2502 2424 2557 vobis
2457 2503 2582 2574 ipse
2613 2503 2918 2571 Dominus,
2946 2503 3140 2559 lumen
3168 2504 3505 2575 justitiae,et

1859 2589 2082 2645 sanitas
2103 2594 2161 2645 et
2184 2590 2585 2646 misericordia
2608 2590 2665 2645 in
2690 2591 2897 2662 pennis
2926 2592 3074 2662 ejus.
3102 2592 3229 2663 Ipse
3261 2593 3508 2648 redimet

1859 2694 2093 2734 omnem
2127 2678 2519 2749 captivitatem
2554 2678 2806 2734 filiorum
2839 2679 3097 2736 hominis
3147 2697 3181 2735 a
3213 2680 3419 2751 Beliar,
3453 2685 3511 2736 et

1859 2768 2052 2823 omnis
2082 2767 2328 2839 spiritus
2357 2767 2572 2823 erroris
2604 2769 3078 2838 conculcabitur;
3129 2773 3185 2825 et
3217 2774 3511 2825 convertet

1860 2871 2064 2910 omnes
2093 2860 2292 2927 gentes
2339 2856 2397 2910 in
2449 2855 2883 2912 aemulationem
2932 2858 3102 2928 ejus;
3137 2862 3193 2913 et
3237 2858 3510 2913 videbitis

1864 2948 2040 2999 Deum
2077 2944 2133 2998 in
2168 2944 2355 2999 forma
2380 2944 2658 3013 hominis,
2692 2962 2866 3017 quem
2899 2945 3137 3017 elegerit
3170 2947 3456 3002 Dominus
3488 2964 3504 3015 ;

1857 3031 2182 3088 Jerusalem
2207 3049 2419 3088 nomen
2447 3033 2593 3088 ei.Et
2614 3051 2820 3089 rursus
2842 3033 2899 3089 in
2924 3035 3146 3090 malitia
3166 3052 3507 3092 sermonum

1860 3125 2187 3177 vestrorum
2220 3121 2291 3176 ad
2324 3121 2688 3178 iracundiam
2718 3124 3106 3195 provocabitis
3135 3141 3291 3193 eum,
3324 3129 3381 3180 et
3411 3124 3508 3180 ab-

1851 3208 1995 3281 jecti
2023 3209 2185 3265 eritis
2216 3225 2404 3281 usque
2434 3210 2503 3265 ad
2537 3213 2773 3283 tempus
2814 3212 3359 3268 consummationis.

1936 3475 2001 3531 X.
2035 3496 2064 3526 «
2096 3474 2161 3530 Et
2190 3491 2369 3544 nunc,
2400 3475 2505 3531 filii
2558 3476 2695 3544 mei,
2746 3493 2816 3533 ne
2865 3476 3311 3550 contristemini,
3361 3494 3506 3552 quo-

1869 3564 2028 3619 niam
2058 3563 2276 3619 morior
2321 3580 2466 3636 ego;
2502 3581 2690 3636 neque
2726 3565 3065 3634 concidatis,
3116 3568 3389 3639 quoniam
3422 3584 3511 3624 re-

1872 3652 2075 3723 linquo
2098 3668 2221 3707 vos.
2255 3652 2575 3725 Resurgam
2608 3652 2763 3709 enim
2798 3654 2857 3708 in
2903 3655 3095 3711 medio
3126 3656 3325 3724 vestri,
3356 3655 3520 3712 velut

1875 3740 1994 3795 dux
2042 3743 2101 3794 in
2170 3740 2362 3796 medio
2412 3741 2667 3796 filiorum
2735 3758 3002 3809 suorum,
3056 3746 3114 3798 et
3165 3742 3405 3799 letabor
3459 3744 3521 3798 in

92 3855 196 3905 σῳ
226 3838 332 3901 τῆς
360 3831 538 3909 φυλῆς
575 3852 701 3903 μου,
733 3829 853 3884 ὅσοι
886 3827 1150 3907 ἐφύλαξαν
1190 3829 1355 3901 νόμον
1407 3827 1637 3903 Κυρίου,
1676 3828 1751 3883 κα

1878 3828 2071 3883 medio
2119 3828 2307 3884 tribus
2355 3844 2518 3895 meas,
2571 3834 2859 3901 quotquot
2904 3831 3306 3887 custodierunt
3336 3831 3523 3904 legem

93 3920 352 3981 ἐντολὰς
378 3914 667 3974 Ζαϐουλὼν
708 3919 911 3994 πατρὸς
957 3917 1154 3972 αὐτῶν.
1210 3916 1329 3971 Ἐπὶ
1380 3914 1436 3971 δὲ
1481 3915 1607 3978 τοὺς
1648 3916 1770 3972 ἀσε-

93 4006 237 4071 ϐεῖς
274 4007 475 4078 ἐπάξει.
511 4007 705 4083 Κύριος
738 4011 842 4081 πῦρ
875 4008 1118 4076 αἱώνιον,
1172 4005 1260 4061 καὶ
1290 4003 1544 4061 ἀπολέσει
1576 4004 1771 4068 αὐτοὺς

82 4098 225 4161 ἕως
274 4101 495 4175 γενεῶν.
546 4096 687 4171 Ἐγὼ
738 4095 815 4158 εἰς
860 4097 961 4165 τὴν
993 4094 1284 4150 ἀνάπαυσίν
1323 4116 1427 4167 μου
1457 4092 1772 4170 ἀποτρέχω,

87 4189 191 4250 ὡς
253 4187 309 4243 οἱ
358 4184 584 4261 πατέρες
645 4204 785 4257 μου⁶
843 4184 998 4257 ὑμεῖς
1045 4180 1102 4239 δὲ
1152 4178 1402 4262 φοϐεῖσθε
1446 4182 1641 4259 Κύριον
1686 4183 1778 4237 τὸν

83 4277 250 4334 Θεὸν
308 4276 485 4348 ὑμῶν,
541 4272 592 4328 ἐν
644 4273 787 4346 πάσῃ
837 4271 1011 4349 ἰσχύϊ,
1052 4272 1226 4335 πάσας
1282 4272 1376 4334 τὰς
1434 4273 1644 4348 ἡμέρας
1675 4277 1776 4341 τῆς

93 4372 276 4437 ζωῆς
313 4364 487 4437 ὑμῶν.
520 4387 547 4415 ›ι
584 4362 678 4417 Καὶ
710 4365 877 4417 ταῦτα
908 4360 1098 4433 εἰπὼν,
1130 4360 1402 4433 ἐκοιμήθη
1427 4359 1582 4433 ὒπνῳ
1603 4357 1778 4431 καλῷ,

85 4454 220 4511 καὶ
281 4450 475 4522 ἔθηκαν
520 4450 679 4508 αὐτὸν
729 4451 783 4505 οἱ
815 4450 925 4505 υἱοὶ
956 4447 1120 4504 αὑτοῦ
1151 4448 1203 4503 ἐν
1236 4450 1411 4522 θήκῃ·
1447 4447 1665 4521 ὕστερον
1724 4444 1784 4502 δὲ

92 4540 490 4617 ἀναγαγόντες
520 4539 678 4596 αὑτὸν
713 4537 788 4602 εἰς
822 4532 1070 4616 Χεϐρὼν,
1102 4536 1302 4612 ἔθαψαν
1342 4537 1477 4611 μετά
1520 4539 1630 4591 τῶν
1679 4555 1782 4590 πα-

84 4634 309 4707 τέρων
342 4628 525 4686 αὑτοῦ.

725 4716 1081 4774 ΚΕΦΑΛΙΟΝ
1116 4716 1186 4770 Z‘.

378 4807 617 4878 Διαθήκη
661 4807 785 4874 Δάν,
818 4804 943 4882 περὶ
973 4808 1148 4879 θυμοῦ
1176 4803 1268 4860 καὶ
1296 4799 1549 4878 ψεύδους.

204 4900 292 4956 Α’.
329 4893 680 4973 Ἀντίγραφον
726 4891 905 4970 λόγων
965 4893 1091 4963 Adv,
1123 4894 1197 4947 ὧν
1230 4891 1346 4947 εἶπε
1372 4894 1488 4953 τοῖς
1516 4890 1657 4953 υἱοῖς
1688 4888 1788 4945 αὖ·

90 4991 230 5047 τοῦ
280 4983 365 5040 ἐπ’
414 4983 657 5058 ἐσχάτων
705 4987 812 5038 τῶν
863 4985 1086 5059 ἡμερῶν
1136 4980 1320 5036 αὐτοῦ.
1349 4980 1657 5052 Ἐκατοστῷ
1712 4978 1789 5034 εί-

84 5078 325 5147 κοστῷ
364 5072 600 5147 πέμπτῳ
628 5069 737 5127 ἓτει
789 5076 891 5140 τῆς
949 5074 1097 5140 ζωῆς
1170 5067 1356 5142 αὑτοῦ,
1402 5064 1635 5130 καλέσας
1692 5067 1789 5138 τὴν

83 5234 377 5295 Visions
424 5248 487 5301 ιι,
530 5233 558 5302 §
604 5232 659 5299 3,
711 5230 826 5302 his
858 5229 1049 5286 verbis
1072 5245 1104 5302 ς,
1130 5250 1159 5279 ‹‹
1189 5228 1275 5285 Τιι
1306 5231 1524 5296 autem,
1559 5228 1789 5299 Herma,

88 5306 255 5369 noli
281 5300 625 5361 meminisse
653 5301 1007 5373 injuriarum
1027 5300 1283 5357 filiorum
1302 5304 1559 5373 tuorum.
1582 5304 1795 5373 Memo-

85 5384 219 5441 ria
249 5376 413 5433 enim
439 5371 793 5445 injuriarum
825 5374 1073 5445 mortem
1105 5376 1398 5443 operatur,
1424 5371 1638 5428 oblivio
1660 5387 1794 5427 vero

84 5464 345 5512 earum
377 5444 555 5501 vitam
588 5450 885 5501 aeternam.
924 5467 952 5494 »
986 5444 1159 5500 GRAB.

207 5519 332 5592 (65)
361 5516 638 5592 Τάράσσει.
672 5516 776 5572 Καὶ
804 5516 905 5584 τὴν
939 5514 1160 5591 ὕπαρξιν
1194 5511 1461 5591 ἀφανίζει,
1494 5512 1658 5569 addit
1702 5527 1798 5569 co-

90 5589 250 5655 dex
279 5589 462 5646 Oxon.
501 5589 587 5655 In.

230 5663 306 5717 66
357 5660 433 5713 Τὰ
461 5654 646 5712 ὕδατα.
678 5654 802 5713 Ἐπί
830 5657 964 5712 add.
1000 5661 1086 5712 ID.

202 5660 331 5808 (67)
359 5727 747 5808 Κατασύφέρει.
782 5726 1086 5806 Καταφέρει

232 5726 331 5806 67)
359 5727 747 5809 Κατασύφέρει.
782 5726 1114 5806 Καταφέρει.
1144 5730 1227 5784 In.

435 5858 701 5922 Panos.
749 5855 864 5919 Gs.
908 5855 990 5919 II.

1879 3916 2134 3985 Domini,
2179 3921 2237 3972 et
2266 3919 2546 3974 mandata
2574 3918 2831 3974 Zabulon
2865 3920 3048 3990 patris
3079 3936 3302 3975 eorum.
3341 3920 3530 3991 Super

1881 4005 2097 4077 impios
2122 4022 2255 4061 vero
2286 4006 2524 4062 inducet
2568 4007 2853 4063 Dominus
2899 4008 3095 4079 ignem
3135 4012 3441 4073 aeternum,
3473 4012 3531 4064 et

1884 4094 2088 4166 perdet
2118 4109 2217 4149 eos
2244 4111 2432 4167 usque
2461 4095 2522 4150 in
2552 4095 2976 4167 generationes.
3011 4097 3125 4167 Ego
3155 4094 3214 4150 in
3267 4097 3524 4168 requiem

1886 4199 2078 4237 meam
2111 4182 2561 4255 confugio,sicut
2586 4188 2777 4256 patres
2809 4184 2921 4239 mei
2948 4200 3079 4241 :vos
3104 4188 3299 4240 autem
3330 4185 3531 4240 timete

1892 4270 2197 4325 Dominum
2224 4276 2399 4326 Deum
2430 4274 2712 4340 vestrum,
2745 4271 2804 4327 in
2835 4272 2995 4327 omni
3026 4272 3390 4341 fortitudine,
3411 4289 3537 4328 om-

1890 4359 2065 4415 nibus
2096 4358 2304 4413 diebus
2331 4359 2459 4414 vitm
2505 4364 2730 4416 vestrae.
2770 4382 2791 4409 ι
2830 4364 2899 4415 Et
2940 4375 3075 4415 cum
3107 4359 3229 4416 haec
3271 4362 3535 4433 dixisset,

1891 4446 2164 4503 dormivit
2193 4463 2399 4503 somno
2428 4447 2604 4516 bono,
2637 4452 2696 4503 et
2724 4453 3048 4520 posuerunt
3078 4466 3214 4505 eum
3259 4450 3364 4505 filii
3407 4451 3539 4522 ejus

1894 4536 2103 4605 theca;
2136 4540 2340 4608 postea
2368 4552 2502 4592 vero
2534 4538 2874 4593 reducentes
2902 4553 3039 4594 eum
3069 4538 3129 4593 in
3160 4538 3410 4608 Hebron,
3449 4554 3542 4596 se-

1817 4644 1865 4711 D
1895 4624 2188 4699 pelierunt
2216 4641 2349 4681 cum
2382 4624 2648 4697 patribus
2678 4626 2833 4696 ejus.

2523 4713 2754 4770 CAPUT
2793 4713 2912 4771 VII.

2127 4802 2518 4858 Testamentum
2546 4802 2684 4869 Dan,
2716 4802 2781 4859 de
2807 4803 2899 4859 ira
2926 4812 2980 4861 et
3010 4804 3310 4861 mendacio.

1969 4893 2016 4947 Ι.
2050 4889 2494 4961 Transcriptum
2524 4890 2833 4947 verborum
2881 4897 3024 4964 Dan,
3067 4910 3195 4965 quas
3225 4892 3371 4948 dixit
3402 4891 3543 4949 ﬁliis

1900 4978 2027 5034 suis
2057 4978 2117 5034 in
2168 4978 2393 5034 ultimis
2442 4978 2648 5035 diebus
2695 4979 2840 5036 suis.
2890 4981 3218 5038 Centesimo
3263 4981 3541 5037 vicesimo

1900 5066 2105 5140 quinto
2136 5082 2288 5122 anno
2318 5065 2448 5122 vita:
2477 5083 2597 5122 suae
2627 5084 2841 5125 vocans
2871 5069 3092 5125 tribum
3124 5086 3315 5138 suam,
3345 5068 3492 5125 dixit
3527 5083 3542 5124 :

2120 5221 2748 5299 ’[cpqrﬁk._IepoucuMp.
2783 5227 2873 5299 ID.

1995 5294 2086 5367 69)
2122 5294 2228 5359 Καθ
2238 5294 2426 5367 ίσεσθε.
2440 5294 2448 5299 ’
2462 5294 2865 5367 Κακῶθήσεσθε.
2886 5302 2952 5367 ID
2964 5339 2977 5352 .

1974 5364 2389 5444 (70)_’Avats)\si
2419 5366 2545 5444 ὑμῖν
2577 5364 2735 5429 αὐτὸς
2764 5367 2792 5422 ὁ
2823 5366 3042 5444 Κύριος,
3070 5372 3181 5426 etc.
3215 5368 3441 5426 Alludit
3471 5369 3545 5426 ad

1906 5438 2200 5495 Malaehizs
2220 5456 2321 5509 _Iv,_
2340 5440 2394 5493 2.
2429 5440 2512 5494 In.

1977 5507 2235 5585 (7I)_I{ai
2291 5504 2549 5585 ίῇισις.-τ...
2605 5506 2965 5585 Ἰερουσαλὴμ
3000 5504 3186 5585 Δὄνομα
3232 5509 3400 5585 αὐτῷ.
3452 5508 3554 5585 Καὶ

1907 5577 2252 5673 ἐπιστρέψετε
2299 5579 2374 5673 ἐκ,
2410 5583 2533 5673 τῇςυ
2557 5577 2879 5673 γῆς’ὑμῶῙ,
3043 5577 3236 5673 ὄψεσθε
3266 5577 3463 5659 Κύριον
3497 5581 3552 5637 ἐν

1906 5648 2385 5727 Ἱερούσοιλήμ-διὰ
2409 5648 2474 5706 τὸ
2502 5648 2674 5727 δνδμα
2702 5648 2887 5725 αὑτοῦ,
2920 5648 3099 5713 habet
3130 5656 3312 5713 codex
3347 5648 3562 5715 'Oxon.

1910 5722 2097 5782 multo
2125 5723 2443 5782 concisius.
2474 5726 2558 5780 In.

3204 5855 3284 5915 35
