4036 6356
492 393 647 453 1099

1483 381 2019 445 TESTAMENTA
2066 377 2176 439 XII
2220 373 2933 436 PATRIARGHARUM.

3749 377 3899 439 1100

491 543 521 572 (ι
552 519 786 586 Audite,
815 517 919 574 ﬁlii
957 519 1096 584 Dan,
1128 530 1426 571 sermones
1466 528 1649 579 meos,
1700 509 1980 567 attendite
2030 524 2131 563 ve-

2262 503 2494 579 τατριὰν,
2526 501 2712 572 αὐτοῦ,
2745 504 2911 558 εἶπεν
2942 524 2970 559 ι
3014 500 3329 574 Ἀκούσατε,
3379 503 3489 559 υἱοί
3537 506 3665 577 Δάν,
3722 503 3897 580 λόγων

490 609 583 665 bis
614 607 731 663 oris
769 606 952 679 patris
988 605 1186 660 vestri.
1235 601 1477 658 Probavi
1507 600 1566 655 in
1616 601 1787 655 corde
1818 614 1947 659 meo
1987 601 2045 652 et
2074 595 2135 650 in

490 696 652 753 omni
681 696 798 751 vita
831 711 979 764 mea,
1029 694 1184 764 quod
1235 708 1327 747 res
1357 692 1509 746 bona
1552 693 1641 745 est
1686 692 1742 744 et
1783 688 1900 743 Deo
1947 689 2134 757 grata,

486 784 703 841 veritas
732 800 866 839 cum
882 784 1049 854 justa
1075 781 1304 836 actione
1328 796 1341 846 ;
1376 783 1435 834 et
1455 779 1608 850 quod
1635 776 2026 849 perniciosum
2050 778 2138 829 est

488 871 887 941 mendacium,
919 875 978 926 et
1006 870 1113 937 ira,
1149 867 1425 941 quoniam
1456 882 1690 923 omnem
1722 864 2007 921 malitiam
2038 862 2139 918 ho-

490 962 713 1018 minem
762 961 1025 1017 edocent.
1076 954 1371 1014 Confiteor'
1400 956 1564 1012 vobis
1615 954 1809 1023 hodie,
1851 951 1957 1008 ﬁlii
2005 950 2137 1019 mei,

492 1051 649 1124 quod
680 1050 741 1105 in
771 1049 945 1105 corde
974 1064 1103 1104 meo
1134 1046 1363 1102 laetatus
1395 1061 1530 1101 sum
1556 1045 1627 1099 de
1671 1046 1858 1099 morte
1892 1039 2136 1113 Joseph,

489 1139 601 1199 viri
628 1138 848 1194 veracis
884 1142 941 1193 et
969 1136 1128 1207 boni,
1157 1140 1214 1192 et
1234 1135 1564 1207 gaudebam
1596 1132 1656 1187 in
1686 1129 2018 1186 venditione
2045 1132 2140 1185 Jo-

496 1227 665 1300 seph,
689 1226 965 1299 quoniam
998 1241 1177 1296 supra
1206 1240 1310 1279 nos
1340 1227 1505 1294 pater
1533 1237 1668 1277 eum
1699 1218 1997 1291 diligebat.
2018 1216 2141 1289 Spi-

495 1317 647 1372 ritus
676 1315 832 1371 enim
865 1314 969 1369 zeli
1003 1317 1059 1369 et
1087 1311 1355 1368 elationis
1405 1309 1551 1364 dixit
1582 1309 1725 1363 mihi
1760 1325 1773 1363 :
1808 1330 1835 1358 «
1868 1308 1937 1362 Et
1982 1312 2047 1362 tu
2078 1322 2141 1361 es

496 1405 654 1461 filius
685 1406 837 1476 ejus.
883 1426 911 1454 ››
942 1404 1013 1458 Et
1042 1418 1197 1456 unus
1227 1400 1542 1472 spirituum
1575 1398 1763 1453 Beliar
1793 1396 2141 1467 cooperaba-

495 1499 594 1550 tur
624 1494 790 1564 mihi,
826 1492 1025 1547 dicens
1054 1508 1073 1545 :
1105 1513 1133 1540 ‹‹
1166 1489 1375 1560 Accipe
1404 1488 1667 1559 gladium
1698 1487 1878 1552 hunc,
1910 1490 1968 1541 et
2005 1501 2137 1540 cum

496 1599 564 1639 eo
595 1583 791 1639 occide
838 1580 1053 1651 Joseph
1080 1597 1093 1646 ;
1128 1583 1183 1634 et
1214 1577 1416 1649 diliget
1444 1582 1499 1632 te
1533 1582 1693 1648 pater
1720 1580 1880 1643 tuus,
1912 1577 2142 1630 mortuo

498 1688 589 1728 eo.
624 1693 652 1721 »
684 1670 787 1726 Hic
830 1673 919 1725 est
967 1668 1209 1740 spiritus
1238 1666 1357 1735 iraa,
1391 1666 1647 1721 suadens
1696 1664 1863 1730 mihi,
1896 1667 1961 1718 ut
1990 1664 2145 1718 sicut

496 1759 759 1834 pardalis
779 1760 1016 1813 devorat
1033 1757 1288 1822 haedum,
1312 1755 1393 1810 ita
1421 1754 1758 1810 devorarem
1782 1751 2142 1824 Joseph.Sed

2248 612 2375 664 μου,
2437 589 2736 668 προσὲχετε
2811 591 3019 668 ῥήμασι
3098 592 3365 665 πόματος
3442 595 3653 669 πατρὸς
3731 596 3899 668 ὑμῶν.

2244 680 2534 756 Ἐπείρασα
2564 680 2616 736 ἐν
2646 678 2842 755 καρδίᾳ
2874 703 2999 754 μου,
3056 681 3146 736 καὶ
3204 680 3256 737 ἐν
3306 683 3450 757 πάσῃ
3497 686 3566 756 τῇ
3625 686 3749 754 ζωῇ
3806 706 3901 756 μου

2245 767 2330 823 ὅτι
2360 766 2527 824 καλὸν
2555 768 2643 824 καὶ
2675 774 2792 841 Θεῷ
2824 769 3124 846 εὐάρεστον,
3157 771 3192 840 ἡ
3226 768 3458 841 ἀλήθεια
3508 773 3647 845 μετὰ
3702 770 3904 828 δικαιο-

2245 855 2517 933 πραγίας’
2578 858 2668 912 καὶ
2726 857 2809 913 ὅτι
2858 859 3093 935 πονηρὸν
3144 858 3205 913 τὸ
3247 857 3467 932 ψεῦδος,
3518 860 3611 914 καὶ
3646 862 3674 915 6
3710 862 3903 934 θυμὸς,

2246 942 2330 1001 ὅτι
2379 952 2551 1001 πᾶσαν
2602 945 2789 1002 κακίαν
2833 945 3128 1023 ὀνθρώπων
3157 945 3457 1004 ἐκδιδάσκει
3492 952 3629 1023 (72).
3662 950 3903 1024 Ὁμολο-

2248 1038 2332 1110 γῶ
2362 1036 2601 1111 σήμερον
2632 1034 2782 1109 ὑμῖν,
2811 1034 2968 1091 τέκνα
3001 1056 3126 1110 μου,
3160 1034 3242 1093 ὅτι
3298 1036 3349 1092 ἐν
3381 1036 3580 1111 καρδίᾳ
3633 1061 3746 1113 μου
3779 1038 3901 1108 ἡδό-

2255 1144 2367 1197 μην
2398 1124 2523 1199 περί
2571 1127 2669 1178 τοῦ
2718 1124 2947 1189 θανάτου
2998 1126 3217 1203 Ἰωσὴφ,
3257 1130 3354 1181 106
3384 1124 3582 1204 daSpbc
3638 1133 3743 1184 106
3776 1130 3901 1204 ἀγα-

2248 1212 2344 1266 θοῦ
2372 1211 2461 1266 καὶ
2491 1211 2777 1285 ἀληθινοῦ,
2809 1212 2899 1267 καὶ
2930 1209 3151 1290 ἔχαιρον
3201 1212 3287 1269 ἐπὶ
3334 1219 3403 1289 τῇ
3453 1216 3647 1290 πράσει
3697 1220 3903 1296 [mai-1*,

2250 1297 2332 1355 ὅτι
2367 1300 2497 1376 ὑπὲρ
2529 1301 2676 1373 ἡμᾶς
2707 1302 2735 1356 6
2793 1303 2973 1377 πατὴρ
3004 1301 3171 1357 αὐτὸκ
3208 1303 3414 1378 ἠγάπα.
3455 1305 3527 1359 Τὸ
3554 1306 3662 1381 γὰρ
3694 1312 3905 1379 πνεῦμα

2247 1393 2345 1443 106
2394 1388 2566 1459 ζήλου
2612 1390 2701 1444 καὶ
2748 1397 2849 1460 τῆς
2897 1389 3215 1460 ἀλαζονείας
3263 1390 3420 1468 ἔλεγὲ
3480 1414 3601 1467 μοι·
3638 1418 3667 1447 ‹‹
3721 1397 3823 1450 Καί
3852 1419 3908 1471 γε

2251 1476 2314 1532 σὺ
2373 1479 2487 1540 υἱὸς
2533 1479 2720 1534 αὑτοῦ.
2775 1503 2804 1531 ››
2862 1479 2962 1537 Καὶ
3004 1477 3058 1535 ἓν
3090 1485 3200 1535 τῶν
3232 1484 3557 1555 πνευμάτων
3580 1488 3683 1539 106
3714 1486 3907 1560 Βελιὲρ

2253 1568 2503 1644 συνήργει
2558 1589 2676 1640 μοι,
2732 1565 2917 1643 λιὲγον⁵
2955 1594 2985 1622 ‹‹
3015 1565 3160 1625 Λαϐὲ
3188 1571 3251 1625 τὸ
3282 1571 3431 1649 ξίφος
3461 1578 3649 1648 τοῦτο,
3709 1576 3804 1629 καὶ
3863 1575 3910 1630 ἐν

2253 1654 2399 1728 αὖνῷ
2458 1653 2615 1712 ἄνελε
2667 1656 2760 1711 τὸν
2816 1658 3037 1735 Ἰωσὴφ,
3095 1659 3185 1713 καὶ
3218 1660 3490 1736 ἀγαπήσει
3548 1683 3609 1717 σε
3667 1664 3697 1718 6
3731 1668 3907 1739 πατήρ

2254 1765 2373 1814 σου,
2422 1744 2790 1808 ἀποθανόντος
2836 1745 3022 1805 αὐτοῦ.
3065 1772 3093 1800 ››
3126 1749 3302 1806 Τοῦτό
3335 1749 3445 1805 ἐστι
3472 1752 3536 1806 τὸ
3565 1758 3793 1827 πνεῦμα
3819 1760 3910 1808 τοῦ

496 1850 652 1906 Deus
677 1847 856 1903 Jacob
889 1845 1071 1918 patris
1104 1844 1214 1900 mei
1248 1860 1360 1899 non
1393 1842 1641 1897 immisit
1671 1857 1806 1897 eum
1838 1842 1895 1896 in
1930 1857 2142 1895 manus

2262 1835 2449 1907 θυμοῦ,
2508 1835 2568 1889 τὸ
2626 1834 2812 1899 πεῖθόν
2860 1856 2947 1909 με,
3001 1834 3083 1891 ἷ’να
3129 1837 3205 1900 ὡς
3235 1836 3506 1911 πάρδαλις
3540 1840 3771 1914 ἐκμῦζει
3806 1842 3911 1918 ἔρι-

2262 1943 2352 1948 .___.
2408 1921 2575 1948 -!!__--
2612 1922 2892 1948 λυμηνλψ,
2931 1922 3017 1948 -Ᾱ,
3054 1926 3106 1948 n,
3157 1928 3209 1948 ,r
3309 1926 3465 1948 νιπη»
3502 1930 3517 1948 ι
3560 1936 3594 1948 Α
3635 1931 3649 1948 ς
3717 1933 3760 1948 η
3848 1932 3859 1946 ε
3887 1927 3911 1948 .0

498 1954 681 2002 meas,
730 1940 795 1991 ut
835 1934 1156 1989 invenirem
1202 1948 1337 1989 eum
1369 1931 1601 1999 solum;
1636 1947 1825 2002 neque
1878 1928 2147 2001 permisit

2262 1943 2371 2000 ρον,
2405 1921 2576 1985 οὕτως
2610 1922 2899 1997 ἐκμυζήσω
2928 1922 3020 1980 τὸν
3054 1926 3274 2005 Ἰωσήφ
3309 1926 3465 1985 Ἀλλ’
3495 1930 3523 1984 6
3556 1931 3691 1993 Θεὸς
3717 1927 3913 1988 Ἰακὼϐ

499 2025 870 2103 iniquitatem
900 2023 1050 2079 hanc
1077 2023 1284 2089 facere,
1316 2024 1382 2076 ut
1411 2020 1524 2092 (73)
1552 2019 1852 2076 solvantur
1880 2018 1995 2074 duo
2026 2033 2143 2073 sce-

503 2119 635 2188 ptra
664 2114 724 2169 in
757 2111 955 2169 Israel.

577 2292 644 2348 II.
680 2313 709 2341 «
742 2291 810 2346 Et
840 2305 1017 2355 nunc,
1052 2286 1156 2342 filii
1184 2286 1322 2353 mei,
1345 2301 1451 2357 ego
1483 2283 1718 2349 morior,
1741 2286 1797 2338 et
1826 2282 1884 2337 in
1906 2281 2149 2338 veritate

506 2382 635 2437 dico
665 2380 848 2446 vobis,
884 2378 1038 2449 quod
1073 2376 1122 2432 si
1174 2391 1289 2431 non
1322 2373 1669 2430 custodiatis
1697 2372 2085 2442 vosmetipsos
2115 2386 2149 2425 a

505 2469 715 2542 spiritu
747 2464 1035 2522 mendacii
1081 2468 1137 2521 et
1168 2464 1287 2533 iraa,
1337 2467 1395 2518 et
1442 2462 1698 2533 diligatis
1743 2460 2041 2517 veritatem
2093 2462 2149 2514 et

503 2556 1033 2630 longanimitatem,
1062 2551 1442 2625 disperibitis.
1464 2551 1700 2606 Caecitas
1724 2554 1814 2605 est
1839 2549 1898 2603 in
1929 2547 2148 2614 ira,filii

505 2647 643 2712 mei,
692 2648 749 2700 et
786 2659 957 2699 nemo
991 2641 1308 2697 iracundus
1337 2639 1490 2694 videt
1538 2639 1744 2693 faciem
1776 2638 1835 2692 in
1866 2636 2145 2704 veritate;

506 2733 784 2807 quoniam
814 2749 919 2787 seu
951 2736 1135 2802 pater,
1162 2729 1282 2784 sive
1314 2731 1498 2783 mater
1527 2727 1624 2795 sit,
1658 2732 1725 2783 ut
1757 2726 2026 2782 hostibus
2057 2728 2148 2780 at-

506 2822 700 2879 tendit
725 2820 844 2888 eis;
871 2820 921 2875 si
951 2820 1028 2875 sit
1059 2819 1252 2884 frater,
1284 2834 1401 2871 non
1431 2815 1619 2884 novit;
1653 2817 1703 2872 si
1732 2814 2013 2887 propheta
2041 2813 2153 2870 Do-

508 2910 673 2978 mini,
708 2926 824 2964 non
856 2907 1085 2975 obedit;
1121 2906 1169 2961 si
1195 2906 1416 2976 justus,
1453 2922 1565 2959 non
1611 2904 1861 2976 aspicit;
1892 2902 2151 2958 amicum

508 3016 625 3055 non
677 2996 994 3070 cognoscit.
1044 2993 1443 3067 Circumponit
1473 2993 1628 3049 enim
1676 2993 1728 3049 ei
1769 2992 2015 3065 spiritus
2056 2992 2153 3046 iras

2252 2014 2350 2065 106
2378 2010 2582 2087 πατρός
2618 2033 2721 2085 μου
2778 2012 2879 2067 οὐκ
2926 2007 3174 2069 ἐνέϐαλεν
3226 2015 3382 2071 αὐτὸν
3435 2016 3513 2080 εἰς
3567 2019 3668 2081 τὰς
3721 2022 3913 2095 χεῖράς

2259 2119 2387 2173 μου,
2410 2096 2501 2153 *ίνα
2530 2098 2670 2177 εὕρω
2689 2099 2846 2156 αὐτὸν
2876 2101 3059 2175 μόνον·
3085 2099 3211 2158 οὐδὲ
3241 2103 3382 2160 εἳασε
3409 2110 3570 2161 τοῦτο
3600 2108 3666 2162 τὸ
3696 2109 3915 2181 ἀνόμη-

2260 2208 2334 2261 μα
2360 2195 2607 2258 ποιῆσαι,
2633 2186 2726 2244 ’ἱνα
2756 2187 2960 2245 λυθῶσι
2993 2188 3091 2269 9x50
3122 2198 3371 2269 σκῆπτρα
3400 2192 3454 2249 ἐν
3498 2196 3730 2271 Ἰσραήλ
3782 2201 3915 2271 (74).

2327 2278 2369 2332 Β
2391 2320 2403 2333 .
2438 2300 2466 2329 ‹‹
2520 2278 2619 2331 Καὶ
2666 2282 2776 2351 νῦν,
2834 2277 2993 2333 τέκνα
3044 2301 3175 2352 μου,
3210 2279 3317 2357 ἐγὼ
3349 2283 3705 2355 ἀποθνήσκω,
3742 2292 3841 2341 καῖ
3870 2287 3914 2341 ἐν

2256 2362 2486 2436 ἀληθείᾳ
2532 2362 2677 2439 λέγω
2727 2367 2876 2440 ὑμῖν,
2933 2365 3016 2422 ὅτι
3066 2367 3153 2423 ἐὰν
3207 2371 3283 2442 μὴ
3347 2370 3622 2448 φυλάξητε
3685 2375 3917 2437 ἑαυτοὸς

2258 2453 2364 2508 ἀπὸ
2409 2458 2507 2508 106
2551 2454 2858 2528 πνεύματος
2905 2462 3001 2511 τοῦ
3050 2456 3280 2531 ψεύδους
3316 2460 3531 2515 καὶτοῦ
3560 2464 3772 2535 θυμοῖ),
3834 2466 3916 2519 καὶ

2257 2541 2576 2617 ἀγάπήσητε
2620 2545 2720 2613 τὴν
2770 2543 3024 2615 ἀλήθειαν
3063 2547 3153 2601 καὶ
3199 2550 3299 2617 τήν
3348 2552 3759 2626 μακροθυμίαν,
3794 2554 3919 2608 cito-

2258 2628 2457 2686 λεῖσθε.
2506 2631 2800 2711 Τύφλωσίς
2849 2632 2989 2689 ἐστιν
3047 2633 3097 2689 ἐν
3154 2640 3234 2708 τῷ
3257 2638 3433 2710 θυμῷ,
3464 2638 3626 2694 τέκνα
3660 2663 3801 2713 μου,
3835 2644 3916 2696 καὶ

2260 2721 2359 2774 οὑκ
2390 2718 2499 2775 ἔστι
2526 2742 2610 2784 τις
2640 2719 2901 2794 θυμώδης
2934 2723 3073 2799 ὁρῶν
3098 2724 3392 2800 πρόσωπον
3420 2730 3552 2801 (74’)
3576 2728 3631 2783 ἐν
3654 2728 3914 2801 ἀληθείᾳ·

2260 2806 2343 2863 ὅτι
2375 2810 2470 2863 κᾶν
2503 2811 2706 2885 πατὴρ,
2738 2810 2833 2865 κᾶἰν
2865 2813 3050 2886 μήτηρ
3082 2812 3245 2885 ἐστὶν,
3277 2815 3352 2877 ὡς
3382 2814 3683 2889 πολεμίοις
3725 2820 3915 2893 προσέ-

2261 2916 2350 2972 χει
2383 2897 2566 2961 αὐτοῖς
2591 2917 2605 2932 ο
2640 2898 2725 2953 ἐὰν
2824 2897 3074 2979 ἀδελφὸς,
3108 2901 3208 2957 οὐκ
3253 2900 3395 2959 οἶδεν
3423 2923 3437 2937 ·
3484 2903 3570 2959 ἐὰν
3622 2911 3917 2986 προφήτης

2263 2985 2481 3062 Κυρίου,
2530 2987 2847 3063 παρακούει*
2895 2987 2981 3043 ἐὰν
3034 2986 3265 3060 δίκαιος,
3314 2991 3375 3046 οὗ
3433 2993 3625 3069 βλέπει
3657 3012 3669 3026 ·
3756 2985 3913 3075 φίλον

508 3088 654 3144 retia
679 3086 912 3155 erroris,
943 3089 1000 3140 et
1027 3088 1275 3140 excaacat
1324 3082 1619 3138 naturales
1670 3081 1869 3137 oculos
1902 3083 2053 3151 ejus,
2097 3084 2147 3135 et

2264 3073 2327 3129 οὐ
2372 3073 2646 3151 γνωρίζει.
2698 3070 3027 3152 Περιϐάλιιει
3075 3080 3180 3155 γὰρ
3237 3078 3397 3135 αὐτόν
3443 3082 3507 3136 τὸ
3555 3070 3784 3158 πνεῦμά
3822 3090 3913 3139 τοῦ

508 3193 612 3249 per
641 3173 1010 3231 mendacium
1059 3172 1401 3229 obtenebrat
1446 3174 1701 3227 mentem
1744 3172 1893 3241 ejus,
1927 3173 1984 3224 et
2016 3185 2151 3240 pro-

2266 3167 2441 3237 θυμοῦ
2490 3162 2558 3218 τὰ
2604 3160 2790 3219 δίκτυα
2818 3172 2918 3235 τῆς
2949 3164 3186 3238 πλάνης,
3240 3168 3329 3223 καὶ
3357 3171 3560 3247 τυφλοῖ
3586 3173 3722 3234 τοὺς
3766 3195 3915 3251 τρυσι-

508 3265 697 3339 pria.n
729 3264 1012 3319 visionem
1042 3261 1249 3317 tribuit
1270 3261 1340 3317 ei.
1367 3262 1430 3316 In
1461 3277 1575 3332 quo
1605 3263 1800 3315 autem
1831 3257 2147 3330 circumpo-

2262 3250 2407 3339 κοὺς
2439 3250 2755 3331 ὀφθαλμοὺς
2804 3254 2990 3327 αὐτοῦ,
3034 3257 3122 3311 καὶ
3171 3253 3261 3311 διὰ
3301 3262 3399 3312 τοῦ
3438 3244 3676 3333 ⁷ψεύδους
3734 3244 3917 3318 σκοτοῖ

510 3354 599 3410 nit
636 3352 835 3409 oculos
882 3352 1009 3423 ejus
1031 3352 1059 3406 ?
1088 3351 1153 3407 In
1191 3349 1323 3406 odio
1353 3350 1567 3415 cordis,
1599 3354 1657 3404 et
1685 3348 1786 3404 dat
1814 3349 1866 3404 ei
1897 3363 1996 3404 cor
2016 3362 2152 3419 pro-

509 3441 705 3513 prium
734 3440 1015 3497 adversus
1048 3438 1289 3494 fratrem
1320 3438 1379 3493 in
1410 3435 1712 3493 invidiam.

585 3705 684 3761 IlI.
734 3727 763 3756 «
820 3703 1150 3760 Perniciosa
1178 3707 1268 3759 est
1300 3703 1405 3769 ira,
1449 3700 1556 3757 ﬁlii
1590 3700 1735 3770 mei;
1768 3700 1986 3756 etenim
2041 3698 2157 3773 ipsi

517 3794 725 3851 animas
754 3793 884 3866 ipsa
916 3793 980 3847 fit
1026 3792 1259 3860 anima;
1284 3797 1340 3847 et
1371 3807 1583 3862 corpus
1615 3789 1853 3862 quidem
1887 3787 2157 3845 iracundi

2258 3343 2359 3411 τὴν
2393 3338 2638 3397 δνάνοιαν
2666 3342 2852 3413 αὐτοῦ,
2879 3344 2970 3398 καὶ
2998 3345 3097 3413 τὴν
3132 3341 3271 3401 ἰδίαν
3301 3347 3485 3420 ’ὀρασιν
3534 3351 3786 3425 παράχει
3838 3352 3917 3406 αὖ-

2259 3434 2359 3503 τῷ.
2410 3431 2494 3485 Ἐν
2537 3429 2646 3485 τίνι
2696 3427 2755 3485 δὲ
2800 3426 3123 3507 περιϐάλλει
3165 3432 3294 3496 τοὺς
3352 3428 3675 3513 ὅφθαλμοὺς
3710 3439 3914 3497 αὖτοῦ;

2262 3518 2350 3573 Ἐν
2386 3517 2528 3591 μίσει
2559 3515 2802 3593 καρδίας,
2835 3519 2924 3575 καὶ
2956 3516 3176 3577 δίδωσιν
3207 3521 3353 3597 αὐτῷ
3374 3520 3595 3600 καρδίαν
3622 3522 3773 3583 ἰδίαν
3792 3531 3917 3584 κατέ

2262 3611 2360 3662 106
2386 3604 2625 3686 ἀδελφοῦ
2655 3607 2732 3671 εἷς
2763 3608 2979 3687 φθόνον.

2336 3697 2390 3753 Γ’
2446 3696 2714 3770 Πονηρὸς,
2760 3697 2789 3752 ὁ
2842 3699 3038 3772 θυμὸς,
3080 3697 3242 3755 τὲκνα
3305 3722 3431 3776 μου,
3479 3700 3569 3757 καὶ
3619 3704 3735 3781 γὰρ
3788 3705 3916 3778 αὐτῇ

2261 3788 2333 3859 τῇ
2364 3788 2517 3861 ψυχῇ
2552 3785 2709 3849 αὐτὸς
2741 3785 2944 3861 γίνεται
2976 3789 3126 3863 ψυχή
3162 3790 3310 3863 (75)·
3368 3791 3458 3845 καὶ
3500 3791 3561 3847 16
3615 3793 3718 3864 μὲν
3768 3800 3917 3866 σῶμα

517 3882 819 3957 pr0prium
851 3881 963 3938 sibi
1005 3881 1161 3949 facit,
1204 3880 1415 3937 animae
1446 3883 1644 3935 autem
1692 3878 2047 3949 dominatur,
2102 3881 2147 3933 et

2268 3872 2612 3930 ἱδιοποιεῖται
2644 3876 2873 3949 (76)106
2906 3874 3214 3949 θυμώδους,
3246 3881 3343 3948 τῆς
3375 3876 3434 3934 δὲ
3463 3882 3653 3955 ψυχῆς
3682 3903 3918 3938 κατακυ-

516 3973 726 4027 tribuit
754 3970 981 4043 corpori
1022 3970 1340 4042 potentiam
1385 3967 1698 4041 propriam,
1736 3972 1800 4023 ut
1828 3967 2000 4023 faciat
2031 3983 2157 4023 om-

520 4078 655 4117 nem
678 4060 1083 4133 iniquitatem;
1112 4063 1169 4113 et
1190 4075 1323 4114 cum
1338 4058 1462 4129 jam
1488 4061 1723 4128 operata
1745 4056 1921 4111 fuerit
1940 4055 2159 4123 anima,

513 4150 802 4222 justiﬁcat
831 4149 984 4220 quod
1018 4152 1321 4219 operatum
1354 4152 1461 4211 est,
1499 4146 1637 4216 quia
1672 4162 1783 4200 non
1815 4144 1987 4200 videt.
2024 4149 2160 4199 Pro-

520 4245 652 4310 pter
682 4237 791 4293 hoc
822 4238 921 4308 qui
968 4238 1152 4292 iratus
1179 4241 1287 4305 est,
1320 4235 1367 4291 si
1402 4234 1637 4306 quidem
1668 4234 1747 4289 sit
1795 4240 2021 4304 potens;
2053 4234 2157 4288 tri-

518 4325 730 4399 plicem
763 4325 937 4381 habet
968 4325 1285 4396 potentiam
1316 4323 1373 4378 in
1407 4324 1491 4377 ira
1525 4338 1538 4377 :
1575 4338 1752 4376 unam
1784 4321 2018 4393 quidem
2062 4338 2162 4391 per

517 4414 840 4487 potentiam
873 4417 929 4469 et
958 4412 1239 4468 auxilium
1272 4410 1732 4467 ministrantium
1771 4428 1784 4479 ;
1839 4411 2156 4465 secundam

516 4508 713 4561 autem
760 4519 861 4575 per
906 4502 1162 4570 divitias,
1214 4501 1575 4573 persuadens
1626 4504 1682 4554 et
1711 4499 1948 4554 vincens
1981 4498 2039 4553 in
2070 4498 2158 4553 in-

2268 3962 2453 4039 ριεύει,
2520 3961 2608 4018 καί
2664 3962 2891 4040 παρέχει
2937 3963 3018 4038 τῷ
3077 3966 3288 4039 σώματι
3340 3965 3565 4041 δύναμιν
3619 3967 3793 4038 ἰδίαν,
3838 3974 3921 4026 ἳνα

2266 4053 2469 4126 ποιήσῃ
2515 4058 2684 4107 πᾶσαν
2735 4051 3000 4126 ἀνομίαν·
3032 4053 3121 4108 καὶ
3180 4055 3305 4110 ὃταν
3370 4059 3543 4131 πράξῃ
3611 4062 3800 4134 datr/1'3,
3852 4060 3921 4115 Et-

2265 4146 2412 4195 καιοῖ
2464 4141 2525 4194 τὸ
2582 4142 2844 4215 πραχθὲν,
2895 4139 3080 4211 ἐπειδή
3142 4142 3203 4197 οὐ
3249 4143 3459 4219 βλέπει.
3525 4153 3625 4200 Δια
3667 4153 3839 4204 106:0
3894 4151 3919 4202 ὁ

2269 4229 2637 4303 θυμούμενος,
2675 4229 2760 4284 ἐὰν
2797 4230 2956 4303 μὲνῇ
3013 4228 3256 4304 δυνατὸς,
3306 4232 3546 4308 τριπλῆν
3596 4232 3720 4311 ἔχει
3769 4235 3917 4292 δύνα-

2272 4339 2361 4391 μιν
2411 4317 2461 4372 ἐν
2502 4316 2582 4389 τῷ
2630 4322 2827 4391 θυμῷ*
2882 4319 3005 4391 μίαν
3060 4319 3154 4393 μὲν
3214 4317 3304 4375 διὰ
3343 4328 3442 4391 τῆς
3493 4319 3788 4397 δυνάμεως
3835 4326 3917 4380 καὶ

2266 4413 2365 4475 τῆς
2416 4404 2669 4480 βοηθείας
2879 4410 2987 4462 τῶν
3042 4406 3456 4485 ὑπουργούντων
3485 4429 3499 4443 '
3534 4408 3795 4488 δευτέραν
3868 4411 3918 4467 δὲ

2268 4491 2358 4549 διὰ
2401 4499 2499 4549 106
2555 4493 2820 4566 πλούτου,
2869 4494 3215 4569 παραπείθων
3258 4496 3347 4552 καὶ
3398 4504 3561 4554 νικῶν
3617 4499 3668 4554 ἐν
3701 4499 3915 4573 5:3sz-

506 4592 744 4664 justitia
768 4609 781 4659 ;
803 4590 1035 4647 tertiam
1066 4588 1392 4647 naturalem
1418 4588 1635 4643 habens
1660 4587 1936 4658 corporis,
1971 4592 2026 4641 et
2056 4602 2147 4656 per

2266 4581 2454 4659 τρίτην
2484 4582 2583 4650 τὴν
2616 4583 2843 4659 φοσικῆν
2878 4580 3020 4658 ἔχων
3050 4588 3149 4639 106
3198 4586 3469 4660 σώματος,
3527 4588 3617 4642 καὶ
3670 4585 3750 4642 δι’
3801 4591 3917 4645 6:3-

514 4682 777 4753 seipsum
810 4695 1058 4752 operans
1090 4678 1335 4734 malum.
1366 4676 1421 4730 Si
1455 4681 1648 4731 autem
1694 4674 1903 4729 debilis
1948 4675 2026 4728 sit
2055 4675 2147 4745 qui

2262 4674 2359 4725 106
2406 4667 2547 4743 δρῶν
2589 4673 2653 4725 τὸ
2694 4670 2879 4728 κακόν.
2930 4672 3051 4726 Ἐίὶν
3084 4669 3141 4727 δὲ
3173 4674 3434 4749 ἀσθενήσῃ
3482 4675 3511 4730 6
3542 4676 3915 4748 θυμούμενος.

513 4769 807 4835 irascitur,
835 4768 1128 4840 duplicem
1159 4766 1335 4822 habet
1374 4770 1741 4837 potestatem,
1777 4768 1981 4835 praeter
2027 4780 2151 4817 eam

515 4876 641 4932 quae
660 4862 748 4914 est
764 4861 983 4914 natura:
1008 4875 1021 4926 ;
1057 4856 1293 4928 adjuvat
1310 4854 1464 4912 enim
1488 4852 1571 4909 eis
1594 4853 1679 4907 ira
1700 4868 1933 4924 semper
1953 4851 2010 4907 in
2044 4851 2155 4906 ini-

582 5053 694 5124 (72)
726 5050 929 5123 Θυμὸς,
976 5049 1057 5124 ὅτι
1091 5054 1260 5124 πᾶσαν
1285 5045 1477 5124 κακίαν
1511 5041 2151 5124 ἀνθρώπων-ἐκδιδάσκει,

512 5116 694 5196 θυμὸά
726 5116 895 5177 πᾶσαν
918 5116 1111 5196 *κακίαν
1150 5116 1753 5196 ⁸ξςκδι’δάσκειμοῐῐιίεδο
1806 5116 1911 5185 δτι,
1944 5123 1999 5174 et
2030 5118 2151 5173 ἀνθ-

510 5188 888 5271 ρώπων,“8ἰνθ
919 5195 1112 5271 potius
1144 5190 1450 5271 ἄνθρωπον.
1483 5188 1654 5271 GsAB.

581 5268 694 5340 (73)
722 5257 941 5340 ’ΠιηΝεζ
978 5266 1172 5340 potius
1203 5257 1512 5340 legendum
1532 5261 1704 5340 juxta
1740 5257 1918 5340 Graec.
1969 5263 2149 5340 9330.

508 5331 596 5395 In.
625 5331 691 5379 —'
728 5337 869 5392 Huic
912 5331 1035 5393 loco
1092 5337 1190 5392 lux
1233 5331 1555 5391 ail‘unditur
1604 5332 1659 5385 in
1709 5335 1825 5385 not.
1860 5331 1894 5385 3
1924 5333 1993 5386 ad
2027 5332 2149 5389 Cle-

507 5411 720 5465 mentis
754 5410 919 5464 Rom.
953 5409 1136 5481 Epist.
1174 5409 1225 5477 1,
1258 5424 1383 5478 cap.
1414 5406 1503 5460 31.
1536 5401 1744 5460 Patrol.
1780 5401 1869 5457 Gr.
1911 5407 1952 5458 t.
1986 5403 2008 5458 Ι
2038 5404 2149 5460 col.

505 5482 689 5623 2737.4)
754 5550 969 5605 Λυθῶσι
1035 5547 1131 5605 δύο
1189 5554 1438 5624 σκῆπτρα
1484 5543 1550 5599 ἐν’
1607 5539 1833 5619 Ισραήλ.
1884 5544 1973 5615 Μή
2008 5546 2141 5602 add.

506 5623 712 5768 ΘαίςΞῆ
770 5692 918 5760 Quid
965 5697 1057 5751 est
1106 5693 1218 5751 hoc
1270 5691 1410 5767 ὁρῶν
1441 5684 1757 5764 πρόσωπον,
1811 5685 2002 5745 videns
2053 5689 2148 5759 fa-

2266 4756 2465 4827 διπλῆν
2517 4758 2629 4833 ἔχει
2679 4760 2776 4828 τὴν
2829 4757 3054 4832 δυνάμιν
3105 4762 3250 4837 παρὰ
3289 4765 3387 4831 τῆς
3437 4762 3671 4840 φύσεωςθ
3726 4767 3917 4841 βοηθεῖ

2260 4847 2362 4925 γὰρ
2409 4847 2590 4910 αὐτοῖς
2621 4848 2842 4922 ὁθυμὸς
2882 4846 3112 4904 πάντοτε
3159 4848 3211 4905 ἐν
3260 4852 3591 4928 παρανομίᾳ.
3621 4858 3804 4910 T0610
3860 4856 3913 4910 τὸ

2259 5047 2442 5102 ciem?
2474 5042 2746 5120 Hebraice
2776 5043 2988 5120 dicitur
3012 5045 3197 5120 cidere
3220 5048 3419 5120 [aciem
3450 5065 3551 5120 pro
3597 5049 3914 5107 familiari-

2260 5123 2348 5172 ter
2378 5116 2804 5191 et__amice,gaut
2832 5115 3145 5191 submisse,
3176 5115 3651 5191 aliquem-adire,
3670 5121 3767 5177 vel
3785 5138 3914 5178 cum

2262 5204 2328 5244 eo
2359 5185 2633 5261 colloqui.
2668 5185 2748 5239 Cf.
2782 5190 2923 5261 test.
2956 5185 3138 5243 Hebr.
3162 5185 3306 5245 Gen'.
3348 5185 3647 5261 xxm,2i,'
3692 5198 3757 5249 et
3801 5193 3912 5250 Ge-

2262 5259 2410 5315 senii
2441 5258 2767 5331 Thesqurgtm
2797 5257 2865 5331 a_d
2896 5274 3099 5331 vocem
3131 5270 3265 5324 Dus
3299 5274 3364 5331 ne
3394 5264 3445 5331 1,
3478 5257 3534 5317 li.
3564 5262 3794 5319 Daaca.

2333 5331 2444 5412 (75)
2499 5327 2594 5381 Καὶ
2631 5326 2743 5412 ¹γὰρ
2786 5325 2923 5398 αὐτῇ
2969 5331 3035 5402 τῇ
3090 5331 3244 5405 ψυχῇ
3296 5325 3454 5394 αὐτὸς
3503 5332 3714 5407 γίενται
3755 5334 3907 5408 ψυχή

2261 5399 2481 5457 omissa
2511 5399 2669 5455 sunt.
2703 5399 2879 5454 Gms.

2352 5473 2443 5543 76)
2474 5467 2861 5543 Ἰδιοποιεζταιἴ
2894 5465 3057 5525 Ἴδιον
3099 5476 3355 5543 ποιεῖται.
3388 5475 3470 5530 ID.

2257 5536 2574 5671 eegzzjljgw‘z
2601 5546 2701 5611 τῆς
2740 5536 3019 5613 δυνάμεως
3048 5541 3137 5597 καὶ
3168 5546 3268 5614 τῆς
3301 5544 3577 5621 βοηθείας.
3606 5545 3745 5603 Ἀπὸ
3778 5545 3909 5621 $01,-

2290 5630 2422 5676 ειας.
2453 5630 2536 5670 Π).
