4036 6356
189 431 334 491 “Ol

1471 424 2065 490 TESTAMENTUM
2109 429 2293 491 DAN.

3428 438 3584 501 1102

178 565 392 633 πνεῦμα
423 556 502 615 ἀεὶ
538 559 671 632 μετᾶ
705 561 802 613 τοῦ
850 555 1081 631 ψεύδους
1128 555 1188 613 ἐκ
1235 553 1418 630 δεξιῶν
1471 560 1567 613 τοῦ
1617 560 1824 611 Σατανᾶ

1942 559 2183 630 quitate.
2216 560 2321 620 Hic
2350 563 2594 635 spiritus
2624 579 2855 638 semper
2882 581 3015 621 cum
3048 566 3351 623 mendacio
3384 584 3417 623 a
3446 569 3583 624 dex-

178 649 487 724 πορεύεται,
532 646 621 702 ἵνα
662 647 712 701 ἐν
759 646 1006 720 ὠμότητι
1074 647 1164 701 καὶ
1211 644 1393 719 ψεύδει
1464 644 1717 722 γίνωνται
1769 644 1824 699 αἱ

171 740 397 813 πράξεις
426 738 611 793 αύτοῦ.

251 830 322 884 Δ’.
357 851 385 879 ι(
418 826 621 881 Οὐκοῦν
679 822 883 880 συνίετε
928 825 1027 893 τὴν
1078 822 1307 898 δύναμιν
1362 827 1459 878 τοῖ’)
1513 824 1708 895 θυμοῦ,
1742 820 1826 877 ὅτι

181 914 382 989 ματαία
437 914 596 970 ἐστίν.
629 915 713 969 Ἑν
759 913 861 989 γὰρ
914 911 1069 988 λόγῳ
1114 911 1397 988 παροξύνει
1441 912 1554 985 (78)
1586 915 1823 987 πρῶτον

174 1005 293 1061 εἶτα
341 1004 392 1061 ἐν
445 1000 621 1080 ἔργοις
671 1000 891 1058 δυνατοῖ
935 1003 1024 1057 τὸν
1077 1001 1449 1078 ἐρεθιζόμενον
1490 1003 1622 1074 (79),
1654 999 1743 1055 καὶ
1774 999 1827 1055 ἐν

174 1092 401 1167 ζημίαις
447 1097 667 1168 πικραῖς
715 1094 828 1165 (80)
858 1091 1107 1165 ταράσσει
1155 1091 1219 1145 τὸ
1268 1085 1583 1145 διαϐούλιον
1638 1087 1822 1143 αὐτοῦ·

166 1186 262 1239 καὶ
296 1182 466 1245 οὕτως
496 1178 750 1255 διεγείρει
778 1179 830 1234 ἐν
879 1182 1035 1253 θυμῷ
1087 1178 1307 1255 μεγάλῳ
1354 1180 1453 1247 τήν
1502 1178 1685 1253 ψυχὴν
1736 1175 1827 1231 αύ-

166 1277 291 1329 τοῦ.
326 1275 451 1326 ’Ότε
494 1268 583 1325 οὖν
636 1266 797 1323 λαλεῖ
830 1290 912 1331 τις
963 1268 1081 1332 καθ’
1131 1268 1305 1340 ὑμῶν,
1341 1268 1493 1339 ὑμεῖς
1546 1267 1621 1339 μὴ
1663 1270 1824 1320 κινεῖ-

173 1364 268 1416 σθε
323 1360 399 1423 εἷς
449 1359 635 1433 θυμόν
682 1358 771 1412 καὶ
822 1356 906 1412 ἐάν
956 1377 1037 1418 τις
1084 1354 1277 1427 ἐπαινῇ
1340 1355 1479 1427 ὑμᾶς
1548 1354 1623 1416 ὡς
1689 1353 1821 1428 ἀγα-

171 1450 305 1515 θοὺς
353 1452 487 1522 (81),
539 1448 614 1520 μὴ
666 1445 964 1522 ἐπαίρεσθε,
1010 1446 1148 1517 μήτε
1205 1438 1630 1517 μεταϐάλλεσθε,
1686 1444 1826 1515 μήτε

171 1539 253 1601 εἷς
286 1540 498 1614 τέρψιν,
534 1538 672 1609 μήτε
718 1534 794 1598 εἷς
840 1531 1039 1589 ἀειδίαν
1092 1535 1225 1607 (82).
1281 1537 1501 1607 Πρῶτον
1555 1532 1659 1606 γὰρ
1702 1530 1824 1605 τέρ-

167 1649 264 1683 πει
296 1630 393 1695 τὴν
426 1626 617 1697 ἀκοὴν,
649 1623 738 1679 καὶ
770 1623 947 1685 οὕτως
983 1621 1155 1695 ὁξύνει
1197 1622 1289 1676 τὸν
1344 1624 1490 1688 νοῦν,
1522 1622 1713 1689 νοῆσαι
1762 1618 1824 1673 τὸ

170 1717 465 1793 ἐρεθισθέν·
516 1714 603 1768 καὶ
649 1712 771 1767 τότε
818 1710 1088 1783 θυμωθεὶς
1145 1707 1355 1781 νομίζει
1403 1705 1626 1769 δικαίως
1675 1704 1826 1781 ὀργί-

167 1894 313 1966 (83),
363 1892 543 1957 τέκνα,
598 1890 672 1963 μὴ
724 1889 985 1963 θροεῖσθε
1038 1885 1123 1941 ὅτι
1168 1885 1294 1940 αὐτὸ
1343 1885 1406 1940 τὸ
1450 1888 1661 1956 πνεῦμα
1705 1882 1822 1938 ἐπι-

166 1984 415 2054 θυμῆσαι
446 1984 593 2034 ποιεῖ
629 1982 725 2032 τοῦ
773 1976 1142 2049 ἀπολομένου,
1171 1972 1263 2029 ’ίνα
1316 1975 1545 2047 θυμωθῇ
1596 1970 1685 2027 διὰ
1729 1975 1825 2027 τοῦ

165 2069 367 2123 πόθου.
396 2069 516 2122 Ἐὰν
568 2064 626 2121 δὲ
679 2066 996 2139 ζημιωθῆτε
1039 2065 1151 2137 (84)
1199 2062 1474 2133 ἑκουσίως,
1512 2062 1587 2134 μὴ
1643 2059 1826 2116 λυπεῖ-

163 2160 283 2214 σθε’
318 2158 422 2212 ἀπὸ
454 2156 556 2231 γὰρ
600 2154 782 2225 λύπης
834 2152 1094 2230 ἐγείρεται
1143 2152 1314 2225 θυμὸς
1377 2151 1511 2224 μετὰ
1568 2146 1821 2223 ψεύδους.

160 2248 324 2303 Ἔστι
385 2242 441 2299 δὲ
499 2241 843 2319 διπρόσωπον
907 2241 1091 2310 κακὸν,
1151 2240 1319 2312 θυμὸς
1382 2239 1515 2312 μετὰ
1568 2235 1822 2312 ψεύδους,

160 2334 261 2390 καὶ
296 2336 617 2410 συνερῶνται
651 2328 942 2401 ἀλλήλοις,
968 2327 1062 2383 ’ίνα
1086 2329 1353 2405 ταράξωσι
1384 2328 1447 2381 τὸ
1486 2321 1819 2382 διαϐούλιον·

159 2422 577 2499 ταρασσομένης
608 2417 665 2475 δὲ
692 2420 792 2488 τῆς
824 2421 1009 2493 ψυχῆς
1040 2416 1601 2494 συνεχῶς,ἀφίσταται
1626 2414 1821 2490 Κύριος

162 2512 264 2568 ἀπ’
299 2511 484 2582 αὐτῆς,
515 2509 603 2564 καὶ
632 2507 865 2581 κυριεύει
892 2506 1058 2576 αὐτῆς
1088 2507 1116 2560 ὁ
1148 2507 1365 2577 Βελιάρ.

243 2602 322 2657 Ε’.
354 2625 382 2652 (ι
416 2598 694 2670 Φυλάξατε
740 2594 853 2669 οὖν,
904 2598 1058 2651 τέκνα
1110 2616 1235 2668 μου,
1293 2595 1387 2657 τὰς
1446 2592 1669 2655 ἐντολὰς
1723 2596 1821 2647 τοῦ

164 2689 404 2763 Κυρίου,
461 2687 550 2743 καὶ
606 2687 697 2743 τὸν
752 2685 920 2759 νόμον
971 2684 1135 2740 αὐτοῦ
1198 2686 1487 2759 τηρήσατε⁶
1551 2681 1822 2751 ἀπόστητε

164 2777 229 2836 δὲ
288 2779 393 2833 ἀπὸ
440 2781 635 2850 θυμοῦ,
667 2776 756 2831 καὶ
818 2776 1079 2849 μισήσατε
1133 2774 1195 2828 τὸ
1235 2769 1561 2847 ψεῦδος,ῖνα
1618 2770 1817 2847 Κύριος

160 2870 473 2940 κατοικήσῃ
531 2864 583 2921 ἐν
644 2866 792 2939 ὑμῖν.
829 2865 942 2938 (85)
973 2862 1260 2933 Ἀλήθειαν
1321 2860 1541 2917 λαλεῖτε
1595 2856 1819 2921 ἕκαστος

160 2958 314 3034 πρὸς
362 2958 450 3011 τὸν
499 2955 736 3025 πλησίον
786 2952 970 3024 αὐτοῦ,
1023 2951 1113 3006 καὶ
1163 2950 1224 3006 οὗ
1290 2952 1365 3024 μὴ
1413 2949 1683 3023 ἐμπέσητε
1742 2948 1819 3009 εἷς

167 3050 339 3120 μῆνιν
396 3046 485 3100 καὶ
542 3043 806 3118 ταραχὰς,
840 3040 965 3097 ἀλλ’
994 3036 1173 3104 ἔσεσθε
1225 3038 1277 3094 ἐν
1337 3038 1542 3114 εἰρήνῃ,
1602 3036 1819 3113 ἔχοντες

158 3136 263 3190 τὸν
294 3134 420 3189 Θεὸν
453 3140 549 3202 τῆς
582 3132 826 3207 εἰρήνης,
867 3130 954 3183 καὶ
982 3127 1045 3183 ού
1079 3129 1154 3201 μὴ
1196 3127 1495 3203 κατισχύσῃ
1524 3128 1636 3200 (86)
1669 3126 1819 3197 ὑμῶν

160 3222 448 3295 πόλεμος.
481 3226 750 3296 Ἀγαπᾶτε
777 3220 866 3273 τὸν
901 3218 1101 3292 Κύριον
1129 3216 1180 3271 ἐν
1212 3215 1353 3289 πάσῃ
1392 3219 1460 3289 τῇ
1493 3214 1604 3289 ζωῇ
1645 3215 1819 3287 ὑμῶν,

1934 647 2041 704 tris
2072 648 2298 705 Satanae
2331 652 2616 721 ambulat,
2636 658 2702 709 ut
2730 654 2790 709 in
2817 654 3160 711 crudelitate
3189 660 3245 711 et
3275 657 3579 715 mendacio

1935 736 2078 793 ﬁant
2106 742 2273 795 actus
2303 741 2453 812 ejus.

2007 825 2095 881 IV.
2129 848 2157 877 ‹‹
2189 830 2551 902 Quapropter
2579 829 2887 904 intelligite
2917 832 3238 903 potentiam
3277 833 3396 901 iraa,
3430 850 3578 906 quo-

1936 911 2095 968 niam
2126 931 2275 970 vana
2305 919 2485 972 est.In
2506 934 2773 975 sermone
2804 920 2960 975 enim
2979 921 3279 977 exacerbat
3297 922 3576 993 primum;

1935 1000 2144 1057 deinde
2175 1004 2233 1059 in
2266 1006 2539 1076 operibus
2572 1007 2845 1064 fortificat
2874 1008 3269 1077 stimulatum,
3303 1015 3359 1066 et
3389 1010 3449 1066 in
3476 1012 3580 1067 da-

1936 1091 2092 1146 mnis
2125 1093 2340 1149 amaris
2364 1096 2675 1152 conturbat
2705 1097 3016 1152 consilium
3048 1098 3175 1167 ejus
3194 1115 3207 1156 :
3226 1102 3282 1154 et
3304 1098 3387 1154 ita
3416 1115 3582 1156 exsu-

1935 1179 2105 1234 scitat
2134 1179 2193 1234 in
2224 1180 2311 1236 ira
2341 1198 2555 1254 magna
2584 1184 2843 1240 animam
2875 1186 3273 1256 ejus.Quando
3296 1187 3476 1258 igitur
3503 1188 3582 1245 lo-

1934 1267 2138 1339 quitur
2165 1268 2376 1339 aliquis
2393 1271 2699 1327 adversum
2718 1288 2916 1343 vos,ne
2936 1274 3282 1329 moveamini
3314 1275 3373 1330 in
3394 1276 3576 1347 iram;

1933 1359 1991 1411 et
2020 1356 2067 1411 si
2101 1357 2232 1428 quis
2261 1356 2459 1413 laudet
2486 1376 2588 1415 vos
2617 1366 2680 1415 ut
2712 1362 3000 1429 bonos,ne
3031 1361 3354 1428 elevemini,
3390 1381 3578 1436 neque

1931 1446 2407 1501 transmutemini
2436 1447 2521 1503 vel
2554 1449 2611 1503 in
2644 1448 3201 1519 delectationem,vel
3231 1451 3290 1505 in
3323 1451 3576 1525 rigorem

1931 1531 2153 1588 vultus.
2187 1533 2448 1591 Primum
2480 1536 2632 1591 enim
2668 1537 2916 1594 delectat
2945 1539 3233 1608 auditum,
3261 1544 3319 1595 et
3349 1540 3429 1595 ita
3455 1556 3585 1597 exa-

1933 1620 2053 1676 cuit
2084 1627 2361 1690 mentem,
2394 1629 2458 1680 ut
2485 1625 2771 1697 intelligat
2802 1628 2955 1699 quod
2991 1629 3404 1698 exprobratum
3444 1632 3533 1684 est
3565 1644 3580 1683 :

1932 1713 1990 1765 et
2018 1714 2157 1766 tunc
2188 1711 2372 1768 iratus
2404 1714 2699 1770 existimat
2721 1717 2885 1787 juste
2912 1716 3170 1771 irasci.Si
3201 1716 3261 1771 in
3285 1717 3581 1788 jacturam

1935 1802 2035 1854 aut
2064 1799 2447 1870 perditionem
2482 1802 2742 1874 aliquam
2776 1803 3333 1875 incideritis,ﬁlii,ne
3364 1805 3582 1860 tumul-

1932 1888 2217 1956 tuemini;
2253 1890 2530 1961 quoniam
2579 1891 2674 1947 hic
2705 1892 2948 1963 Spiritus
3002 1893 3411 1965 concupiscere
3443 1893 3583 1950 facit

1932 1976 2087 2047 quod
2119 1978 2411 2048 perditum
2444 1983 2552 2049 est,
2589 1984 2652 2036 ut
2680 1980 2968 2036 irascatur
2998 1998 3100 2053 per
3129 1981 3583 2038 desiderium.Si

1932 2068 2127 2119 autem
2151 2066 2443 2136 jacturam
2473 2068 2778 2139 patiemini
2809 2069 3152 2136 voluntarie,
3173 2085 3245 2123 ne
3277 2070 3581 2127 contriste-

1934 2152 2157 2219 mini;a
2187 2155 2424 2210 tristitia
2454 2158 2608 2211 enim
2644 2158 3064 2213 suscitaturira
3095 2174 3227 2213 cum
3254 2159 3578 2215 mendacio.

1930 2241 2032 2296 Est
2062 2246 2253 2297 autem
2281 2243 2500 2300 malum
2532 2246 2824 2318 duplicem
2844 2247 3065 2303 habens
3096 2246 3417 2311 faciem,ira
3445 2264 3578 2303 cum

1932 2331 2256 2399 mendacio,
2290 2337 2347 2387 et
2389 2332 2804 2406 colloquuntur
2852 2341 3080 2401 mutuo,
3114 2340 3177 2389 ut
3224 2336 3580 2390 conturbent

1931 2419 2241 2474 consilium
2277 2438 2289 2475 :
2324 2423 2559 2477 turbata
2588 2427 2784 2478 autem
2817 2424 3015 2479 anima
3044 2424 3318 2479 continue
3360 2423 3578 2480 recedit

1934 2508 2216 2565 Dominus
2245 2509 2318 2563 ab
2348 2509 2497 2581 ipsa,
2526 2516 2583 2566 et
2613 2511 2950 2567 dominatur
2978 2512 3028 2566 ei
3061 2511 3270 2567 Beliar.

2001 2599 2069 2652 V.
2106 2619 2133 2647 «
2164 2599 2460 2654 Custodite
2508 2616 2664 2671 ergo,
2698 2600 2801 2655 filii
2834 2600 2968 2669 mei,
3004 2602 3279 2655 mandata
3322 2600 3574 2669 Domini,

1928 2689 1985 2740 et
2014 2685 2203 2759 legem
2252 2688 2379 2757 ejus
2428 2693 2684 2756 servate;
2718 2690 2965 2745 recedite
3014 2694 3209 2745 autem
3260 2690 3333 2744 ab
3381 2690 3488 2753 ira,
3520 2694 3578 2744 et

1929 2773 2061 2829 odio
2092 2774 2300 2830 habete
2332 2776 2797 2843 mendacium,ut
2826 2777 3111 2833 Dominus
3138 2776 3361 2832 habitet
3389 2779 3447 2832 in
3479 2794 3577 2832 vo-

1928 2862 2044 2929 bis,
2072 2868 2127 2918 et
2170 2863 2354 2935 fugiat
2382 2881 2416 2919 a
2441 2865 2604 2920 vobis
2653 2864 2853 2921 Beliar.
2886 2866 3201 2923 Veritatem
3244 2866 3572 2939 loquamini

1931 2952 2339 3023 unusquisque
2368 2953 2436 3007 ad
2472 2953 2801 3024 proximum
2837 2971 3036 3023 suum,
3066 2960 3123 3010 et
3152 2972 3267 3010 non
3299 2954 3572 3010 incidetis

1930 3040 1989 3095 in
2022 3039 2167 3095 iram
2202 3045 2258 3096 et
2285 3041 2648 3097 turbationes
2672 3060 2686 3110 ;
2712 3044 2810 3098 sed
2844 3042 3006 3098 eritis
3035 3043 3095 3097 in
3127 3043 3575 3114 pace,habentes

1932 3129 2113 3184 Deum
2148 3130 2343 3199 pacis;
2377 3134 2433 3185 et
2464 3148 2577 3185 non
2613 3130 2942 3203 pravalebit
2988 3133 3296 3187 adversum
3325 3148 3426 3187 vos
3459 3131 3576 3187 bel-

1931 3216 2315 3290 lum.Diligite
2347 3218 2663 3274 Dominum
2696 3220 2755 3273 in
2788 3220 2945 3275 omni
2977 3219 3097 3275 vita
3125 3225 3335 3285 vestra,
3369 3224 3425 3274 et
3456 3236 3581 3275 vos-

158 3314 263 3368 καὶ
314 3309 600 3383 ἀλλήλους
648 3308 699 3363 ἐν
752 3308 987 3381 ἀληθινῇ
1028 3304 1242 3381 καρδίᾳ.
1292 3302 1424 3359 Οἶδα
1474 3305 1599 3379 γὰρ,
1642 3302 1724 3357 ὅτι
1772 3301 1823 3358 ἐν

1941 3310 2059 3361 met
2086 3305 2333 3361 invicem
2381 3307 2442 3361 in
2471 3307 2657 3362 veraci
2705 3308 2896 3363 corde.
2929 3308 3070 3363 Novi
3100 3307 3278 3376 enim,
3314 3308 3469 3379 quod
3517 3307 3579 3363 in

167 3400 437 3476 ἐσχάταις
469 3399 701 3475 ἡμέραις
731 3396 1094 3468 ἀποστήσεσθε
1128 3399 1225 3450 τοῦ
1269 3392 1488 3470 Κυρίου,
1516 3391 1604 3447 καὶ
1652 3411 1827 3467 προσ-

164 3492 424 3567 οχθιεῖτε
470 3489 562 3544 τὸν
616 3487 765 3559 Λευῗ,
831 3485 920 3540 καὶ
998 3484 1134 3560 πρὸς
1185 3479 1390 3540 Ἰούδαν
1473 3479 1821 3553 ἀντιτάξεσθε’

164 3578 308 3634 ἀλλ’
361 3577 423 3632 οὐ
478 3575 762 3647 δυνήσεσθε
806 3575 943 3651 πρὸς
1002 3569 1223 3633 αύτούς.
1266 3568 1536 3647 ’Ἄγγελος
1573 3568 1677 3645 γὰρ
1721 3574 1825 3622 Κυ-

162 3667 301 3744 ρίου
334 3664 528 3741 ὁδηγεῖ
554 3664 858 3739 ἑκατέρους,
890 3662 975 3717 δτι
1006 3660 1058 3717 ἐν
1091 3659 1275 3721 αὐτοῖς
1305 3660 1553 3730 στήσεται
1582 3655 1822 3733 Ἰσραήλ.

160 3756 277 3811 Καὶ
323 3755 400 3817 ὡς
458 3753 516 3809 ἂν
593 3753 863 3821 ἀποστῆτε
913 3751 1019 3805 ἀπὸ
1087 3747 1303 3824 Κυρίου,
1362 3745 1414 3801 ἐν
1471 3747 1614 3819 πάσῃ
1669 3744 1828 3817 κακίᾳ

159 3843 494 3921 πορεύεσθε,
526 3846 803 3903 ποιοῦντες
864 3838 1211 3916 βδελύγματα
1258 3837 1447 3903 ἐθνῶν,
1480 3834 1826 3907 ἐκπορνεύον-

154 3955 266 3996 τες
320 3932 375 3987 ἐν
419 3931 657 4008 γυναιξὶν
708 3930 950 4002 ἀνόμων,
975 3928 1064 3981 καὶ
1116 3925 1168 3981 ἐν
1220 3926 1363 3999 πάσῃ
1391 3924 1624 3999 πονηρίᾳ
1680 3922 1824 3999 ἐνερο

156 4022 425 4101 γούντων
458 4020 509 4076 ἐν
562 4020 687 4092 ὑμῖν
737 4023 843 4074 τῶν
893 4016 1216 4089 πνευμάτων
1266 4021 1368 4084 τῆς
1411 4011 1645 4082 πλάνης.
1679 4011 1826 4068 Ἀνέ·

154 4098 320 4189 γνων
352 4112 457 4185 γὰρ
506 4109 556 4164 ἐν
595 4104 773 4184 βίϐλῳ
806 4106 986 4181 Ἑνὼχ
1019 4109 1119 4160 τοῦ
1167 4101 1397 4176 δικαίου,
1430 4101 1513 4157 ὅτι
1564 4102 1593 4156 ὁ
1640 4098 1826 4176 ἄρχων

160 4203 338 4275 ὑμῶν
398 4198 538 4253 ἐστιν
572 4198 601 4253 ὁ
634 4202 893 4267 Σατανᾶς,
923 4194 1013 4250 καὶ
1072 4193 1154 4248 ὅτι
1211 4191 1385 4248 πάντα
1430 4192 1497 4245 τὰ
1550 4189 1830 4263 πνεύματα

154 4297 283 4360 τῆς
332 4288 585 4365 πορνείας
642 4285 731 4342 καὶ
787 4292 885 4354 τῆς
945 4281 1337 4361 ὑπερηφανείας
1380 4283 1457 4352 τῷ
1514 4279 1645 4335 Λευῒ
1701 4278 1831 4333 ὑπα-

156 4377 493 4448 κούσονται,
550 4380 648 4431 τοῦ
724 4370 1069 4451 παρεδρεύειν
1155 4375 1268 4432 τοῖς
1334 4370 1473 4431 υἱοῖς
1528 4368 1680 4437 Λευῒ,
1733 4370 1832 4423 τοῦ

157 4471 364 4524 ποιεῖν
440 4463 636 4526 αὐτοὺς
700 4460 1078 4538 ἐξαμαρτάνειν
1152 4458 1379 4513 ἐνώπιον
1457 4455 1681 4532 Κυρίου.
1732 4455 1833 4510 Καὶ

159 4553 298 4611 υἱοί
340 4574 446 4628 μου
493 4550 794 4630 ἐγγίζοντες
843 4549 945 4607 εἰσι
1000 4552 1079 4620 τῷ
1134 4547 1284 4618 Λευῒ,
1315 4545 1404 4600 καὶ
1437 4542 1830 4621 συνεξαμαρτά-

153 4663 370 4704 νοντες
426 4640 611 4703 αὐτοῖς
669 4640 721 4694 ἐν
774 4645 923 4694 πᾶσι·
952 4636 1040 4695 καὶ
1099 4635 1206 4690 υἱοὶ
1275 4632 1453 4690 Ἰούδα
1506 4630 1719 4689 ἔσονται
1779 4632 1831 4688 ἐν

152 4730 496 4804 πλεονεξίᾳ,
537 4730 865 4803 ἁρπάζοντες
919 4726 987 4782 τὰ
1031 4723 1297 4801 ἀλλότρια
1339 4723 1413 4785 ὡς
1465 4720 1700 4784 λέοντες.
1735 4720 1834 4776 Διὰ

148 4828 350 4881 τοῦτο
401 4820 780 4894 ἀπαχθήσεσθε
816 4815 905 4871 σὺν
938 4814 1122 4876 αὐτοῖς
1173 4814 1222 4868 ἐν
1275 4808 1650 4888 αἰχμαλωσίᾳ,
1681 4809 1835 4865 κάκεῖ

151 4909 537 4984 ἀπολήψεσθε
567 4908 737 4969 πάσας
783 4906 879 4967 τὰς
923 4902 1139 4979 πληγὰς
1195 4900 1491 4977 Αἰγύπτου,
1522 4900 1612 4955 καὶ
1666 4897 1836 4961 πάσας

149 4997 455 5072 πονηρίας
483 5001 588 5052 τῶν
621 4996 806 5051 ἐθνῶν·
855 4993 944 5049 καὶ
1003 4992 1176 5053 οὕτως
1233 4989 1643 5065 ἐπιστρέψαντες
1699 4988 1836 5064 πρὸς

152 5090 412 5165 Κύριον,
444 5084 823 5156 ἐλεηθήσεσθε,
854 5082 944 5138 καὶ
985 5083 1095 5154 ἄξει
1151 5079 1293 5153 ὑμᾶς
1320 5164 1323 5165 ν
1349 5076 1425 5140 εἷς
1479 5077 1543 5133 τὸ
1602 5077 1838 5154 ἁγίασμα

150 5164 380 5249 αὐτοῦ,
412 5177 551 5252 βοῶν
584 5174 709 5249 ὑμῖν
746 5173 989 5247 εἰρήνην.
1023 5168 1124 5227 Καὶ
1155 5164 1406 5224 ἀνατελεῖ
1459 5167 1585 5242 ὑμῖν
1637 5165 1696 5222 ἐκ
1739 5172 1840 5238 τῆς

244 5338 381 5411 (78)
414 5334 723 5411 ῌαροξύνει.
759 5330 1139 5411 Παρρ-ξύνεται.
1173 5330 1360 5411 ΕΒΔΞ).

271 5402 384 5481 79)
415 5402 854 5479 Ἐρεθὶζόμενον,’
879 5402 1273 5481 Ὀργιζόμενον.
1308 5402 1389 5457 ID.

273 5480 384 5550 80)
413 5483 659 5551 Πικραῖς.
694 5480 946 5551 Μικραῖς.
984 5480 1066 5532 ID.

273 5546 382 5636 ξι)
413 5546 1093 5636 ξιξ-ιιιοάςκῑΑγκίρυςο,ιοι

275 5616 385 5689 82)
416 5616 674 5677 ’Δειδίαν.
706 5616 953 5687 Ἀηδίαν.
987 5623 1069 5689 ID.

415 5692 769 5765 Περιπέσητε.
802 5687 1090 5765 Περιπέσςῃ.
1124 5692 1208 5743 In.

275 5697 366 5756 83
415 5696 769 5765 Περιπέσητε.
802 5696 1003 5765 Περιπέ
1078 5728 1090 5742 .
1124 5696 1208 5743 In.

275 5696 386 5842 84)
416 5764 534 5823 Ἐὰν
568 5760 627 5820 δὲ
656 5763 990 5838 ζημιωθῆτε.
1007 5709 1247 5819 caesum
1290 5753 1491 5814 omnia
1536 5768 1725 5828 usque
1772 5752 1847 5812 ad

1935 3394 2162 3451 ultimis
2212 3395 2419 3450 diebus
2468 3396 2750 3451 recedetis
2782 3413 2817 3451 a
2864 3397 3124 3465 Domino,
3170 3400 3227 3452 et
3274 3396 3580 3452 ofl‘endetis

1934 3484 2086 3552 Levi,
2119 3487 2177 3539 et
2224 3484 2387 3539 Juda
2418 3485 2740 3552 resistetis;
2774 3485 2876 3541 sed
2926 3502 3043 3540 non
3075 3485 3427 3557 superabitis
3456 3502 3577 3541 eos.

1932 3572 2190 3646 Angelus
2220 3572 2377 3628 enim
2408 3573 2634 3629 Domini
2667 3574 2829 3629 ducit
2859 3578 3163 3645 utrosque,
3198 3575 3477 3647 quoniam
3517 3573 3578 3630 in

1934 3662 2079 3734 ipsis
2123 3661 2302 3718 stabit
2333 3661 2528 3718 Israel.
2564 3662 2632 3717 Et
2661 3679 2794 3718 cum
2845 3663 3127 3719 recedetis
3158 3680 3192 3719 a
3221 3662 3484 3731 Domino,
3516 3662 3574 3718 in

1934 3750 2095 3806 omni
2126 3748 2351 3805 malitia
2380 3749 2778 3818 ambulabitis,
2802 3751 3082 3806 facientes
3112 3751 3577 3807 abominationes

1934 3839 2218 3911 gentium,
2251 3842 2577 3895 scortantes
2606 3856 2740 3894 cum
2774 3839 3117 3894 mulieribus
3146 3838 3580 3911 iniquorum,et

1935 3928 1997 3983 in
2029 3927 2187 3983 omni
2238 3926 2464 3983 malitia
2509 3927 2822 3999 spirituum
2857 3927 3068 3983 erroris
3117 3927 3481 3999 operantium
3514 3928 3576 3981 in

1934 4016 2120 4072 vobis.
2155 4014 2290 4088 Legi
2338 4016 2495 4071 enim
2526 4016 2585 4071 in
2616 4015 2764 4071 libro
2795 4015 2987 4072 Enocb
3032 4016 3202 4086 justi,
3229 4015 3385 4087 quod
3415 4015 3579 4086 prin-

1937 4120 2073 4176 ceps
2103 4108 2293 4161 vester
2320 4109 2408 4160 est
2426 4105 2754 4170 Satanas,et
2784 4104 2936 4175 quod
2969 4119 3173 4158 omnes
3204 4102 3447 4174 spiritus
3469 4103 3582 4157 for.

1938 4193 2247 4248 nicationis
2274 4198 2331 4248 et
2359 4192 2643 4264 superbia:
2674 4192 2805 4247 Levi
2836 4191 3200 4261 obedient,ut
3227 4190 3584 4246 insidientur

1939 4281 2079 4337 ﬁliis
2114 4281 2321 4349 Levi,et
2351 4280 2566 4337 faciant
2597 4297 2695 4337 eos
2726 4295 2962 4352 peccare
2985 4296 3178 4336 coram
3211 4278 3481 4335 Domino.
3514 4279 3583 4334 Et

1940 4369 2045 4425 ﬁlii
2077 4369 2191 4425 mei
2222 4369 2698 4441 appropinquant
2730 4368 2956 4434 Levi,et
2987 4367 3164 4424 simul
3187 4372 3428 4440 peccant
3450 4384 3585 4423 cum

1941 4458 2026 4515 eis
2055 4458 2115 4512 in
2147 4458 2422 4514 omnibus
2454 4473 2467 4512 :
2503 4462 2560 4514 et
2589 4457 2693 4512 filii
2727 4457 2895 4513 Judm
2926 4461 3097 4513 erunt
3123 4457 3183 4513 in
3222 4456 3585 4523 avaritia,ra-

1943 4548 2167 4620 pientes
2199 4546 2389 4602 aliena
2439 4549 2505 4601 ut
2531 4544 2747 4601 leones.
2776 4549 3022 4617 Propter
3067 4545 3174 4601 hoc
3213 4542 3588 4601 abducemini

1944 4652 2079 4691 cum
2126 4635 2211 4690 eis
2240 4634 2301 4689 in
2348 4634 2765 4706 captivitatem,
2798 4638 2856 4690 et
2880 4633 2999 4689 illic
3046 4633 3334 4705 recipietis
3381 4647 3587 4688 omnes

1943 4724 2145 4796 plagas
2174 4723 2485 4796 Egypti,et
2513 4738 2717 4778 omnes
2748 4722 3061 4794 pravitates
3091 4720 3352 4794 gentium
3378 4736 3392 4775 :
3423 4724 3481 4775 et
3508 4719 3591 4775 ita

1944 4816 2297 4869 revertentes
2328 4812 2401 4867 ad
2430 4811 2743 4868 Dominum
2777 4810 3237 4867 misericordiam
3269 4824 3591 4881 conseque-

1947 4900 2176 4969 mini,et
2205 4900 2377 4955 ducet
2403 4916 2505 4955 vos
2536 4899 2593 4954 in
2616 4898 3141 4955 sanctiﬁcationem
3171 4896 3590 4969 ejus,clamans

1945 4989 2111 5046 vobis
2143 4990 2442 5061 pacem.Et
2472 4987 2690 5044 orietur
2717 4987 2883 5043 vobis
2915 5003 2984 5043 ex
3008 4987 3165 5043 tribu
3188 4988 3218 5043 .l
3227 4987 3343 5043 uda
3372 4992 3431 5041 et
3462 4983 3591 5041 Levi

1948 5078 2203 5135 salutare
2252 5076 2533 5133 Domini:
2583 5080 2641 5131 et
2689 5076 2815 5148 ipse
2865 5076 3033 5133 faciet
3078 5077 3357 5132 adversus
3403 5071 3595 5129 Beliar

1949 5166 2241 5241 praelium,
2273 5170 2330 5221 et
2377 5164 2663 5220 ultionem
2691 5164 2944 5221 victoriae
2997 5165 3160 5223 dabit
3187 5161 3457 5222 terminis
3499 5177 3595 5218 ve-

1952 5327 2127 5382 finem
2159 5325 2340 5396 hujus
2371 5324 2742 5396 paragraphi.
2776 5324 2862 5396 In.

2021 5398 2135 5469 (85)
2164 5390 2470 5469 ΪΑᾸήθεῐαν.
2502 5390 2645 5469 Hinc
2674 5395 2945 5469 in_0xon.
2995 5399 3051 5453 et
3095 5395 3336 5453 Cantab.
3399 5390 3595 5449 codice

1954 5465 2219 5525 oleusnla
2245 5468 2448 5522 deesse
2479 5466 2704 5520 videtur
2740 5465 2824 5521 ID.

2024 5540 2137 5611 (86)
2168 5538 2266 5592 Καὶ
2315 5535 2375 5589 οὐ
2427 5535 2532 5611 μῂ-
2558 5535 2877 5610 κατισχύει-ῃ.
2912 5538 3136 5611 Omnia
3190 5536 3251 5593 in
3276 5608 3289 5611 _
3316 5540 3420 5611 Ox.
3470 5534 3594 5611 90d.

1955 5606 2169 5682 desunt
2199 5624 2384 5682 usque
2415 5606 2487 5664 ad
2521 5607 2633 5663 ista
2657 5606 2959 5682 sequentis
2988 5608 3337 5682 paragraphi
3378 5606 3554 5665 verba
3581 5621 3596 5664 :

1953 5680 2045 5737 καὶ
2074 5679 2127 5737 ἐν
2153 5684 2269 5743 τοῖς
2298 5679 2466 5735 ἔθνεσι
2506 5679 2726 5755 Σωτήρ.
2748 5679 2854 5737 ίΙι).
