4036 6356
467 406 621 468 1103

1503 404 2035 466 TESTAMENTA
2075 400 2187 463 XII
2230 400 2940 464 PATRIABCIIARUM.

3728 402 3884 462 1104

469 538 706 595 stris.Et
736 538 963 594 animas
995 540 1330 594 sanctorum
1362 535 1618 609 captivas
1650 535 1920 593 liberabit
1950 552 1983 590 a
2011 535 2109 591 Be-

2248 529 2395 587 [οὖδα
2448 530 2539 586 καὶ
2606 532 2739 586 Λευῖ
2789 532 2853 587 τὸ
2930 531 3200 607 σωτήριον
3262 530 3480 605 Κυρίου·
3540 532 3631 585 καὶ
3726 530 3885 588 αὐτὸς

468 627 601 695 liar,
635 632 693 683 et
721 630 1014 682 convertet
1043 626 1219 681 corda
1249 624 1551 681 incredula
1579 625 1652 680 ad
1692 624 2031 695 Dominum,
2065 625 2122 678 et

474 716 637 771 dabit
665 714 1072 770 invocantibus
1105 728 1238 769 eum
1271 729 1474 785 pacem
1508 715 1868 781 eeternam,et
1898 709 2129 782 requie-

475 807 641 859 scent
668 803 726 858 in
760 804 916 858 Eden
950 805 1222 873 sancti,et
1250 801 1310 857 in
1342 800 2123 858 novaJerusalemlaztabun-

475 898 572 949 tur
594 891 762 964 justi,
797 908 923 964 quae
953 890 1063 947 erit
1092 892 1152 946 in
1193 890 1677 964 gloriﬁcationem
1710 890 1813 945 Dei
1846 906 2033 961 usque
2062 889 2122 943 in

478 981 858 1039 saeculumEt
886 998 1002 1037 non
1034 980 1289 1053 amplius
1321 978 1640 1035 sustinebit
1668 977 1995 1035 Jerusalem
2022 977 2122 1033 de-

478 1070 1037 1143 solationem,neque
1068 1068 1331 1142 captivus
1348 1067 1781 1124 duceturIsrael
1807 1086 1820 1135 ;
1846 1066 2123 1139 quoniam

479 1160 764 1215 Dominus
795 1159 906 1215 erit
937 1159 997 1213 in
1028 1157 1218 1214 medio
1262 1159 1412 1229 ejus,
1449 1174 1583 1213 cum
1614 1156 1953 1213 hominibus
1982 1172 2125 1211 con-

476 1253 781 1319 versatus;
799 1254 855 1303 et
884 1251 1125 1303 sanctus
1162 1245 1337 1302 Israel
1370 1262 1621 1317 regnans
1650 1262 1827 1317 super
1873 1244 2034 1317 ipsos
2064 1244 2124 1299 in

480 1337 813 1393 humilitate
845 1341 902 1393 et
930 1340 1274 1407 paupertate
1307 1354 1321 1390 :
1350 1340 1406 1391 et
1435 1334 1535 1406 qui
1567 1334 1749 1390 credit
1772 1334 1832 1389 in
1862 1348 2124 1401 eum,re-

481 1426 683 1499 gnabit
714 1426 773 1480 in
804 1426 1045 1481 veritate
1078 1425 1137 1479 in
1168 1423 1348 1481 caelis.

2230 622 2448 691 ποιήσει
2477 621 2613 693 πρὸς
2644 621 2733 675 τὸν
2767 618 2965 697 Βελιάρ
3002 617 3274 693 πόλεμον,
3302 620 3392 675 καὶ
3449 621 3547 689 τήν
3610 617 3885 690 ἐκδίκησιν

2229 712 2327 764 τοῦ
2376 708 2556 771 νίκους
2588 705 2749 763 δώσει
2787 709 3006 783 πέρασιν
3063 708 3238 781 ὑμῶν.
3272 708 3372 763 Καὶ
3428 709 3528 777 τὴν
3585 706 3889 783 αἶ’χμαλω-

2231 796 2346 852 σίαν
2380 792 2524 870 λάϐῃ
2558 797 2663 852 ἀπὸ
2691 801 2788 852 τοῦ
2820 796 3016 873 Βελιάρ
3047 798 3227 872 ψυχὰς
3275 796 3467 872 ἁγίων,
3499 795 3589 852 καὶ
3649 797 3893 872 ἐπιπρὲο

2233 888 2321 961 ψει
2368 884 2590 961 καρδίας
2643 885 2879 949 ἀπειθεῖς
2924 886 3060 961 πρὸς
3130 886 3349 962 Κύριον,
3400 888 3491 941 καὶ
3563 884 3736 941 δώσει
3783 893 3893 949 τοῖς

2234 973 2683 1049 ἐπικαλουμένοις
2725 974 2883 1031 αὐτὸν
2935 974 3159 1051 είρήνην
3219 974 3461 1048 αἰώνιον,
3512 975 3607 1030 καὶ
3654 975 3896 1030 basta-$-

2235 1085 2418 1120 σονται
2464 1064 2516 1119 ἐν
2565 1061 2731 1138 Ἐδὲμ
2775 1064 2943 1141 ἅγιοι,
2972 1064 3063 1120 καὶ
3110 1063 3197 1119 ἐπὶ
3244 1071 3345 1134 τῆς
3377 1064 3499 1126 νέας
3529 1063 3897 1138 Ἰερουσαλὴμ

2234 1152 2694 1232 εὐφρανθήσονται
2742 1148 2965 1223 δίκαιοι,
2994 1150 3118 1223 ἥτις
3168 1149 3316 1208 ἔσται
3366 1152 3441 1215 εἷς
3487 1149 3742 1226 δόξασμα
3772 1159 3896 1209 Θεοῦ

2232 1236 2339 1304 ἓως
2390 1244 2489 1296 τοῦ
2541 1238 2888 1303 αἷῶνος.Καῖ
2944 1240 3047 1296 οὐκ
3100 1239 3178 1296 ἔτι
3238 1241 3496 1315 ὑπομένει
3528 1241 3899 1319 Ἰερουσαλὴμ

2236 1330 2540 1407 ἐρήμωσιν,
2572 1327 2698 1385 οὐδὲ
2756 1328 3223 1406 αἱχμαλωτίσεται
3282 1329 3526 1405 Ἰσραὴλ,
3561 1331 3647 1387 ὅτι
3699 1332 3896 1407 Κύριος

2236 1415 2380 1474 ἔσται
2449 1417 2501 1473 ἐν
2566 1418 2715 1492 μέσῳ
2761 1417 2951 1489 αὐτῆς,
2981 1424 3097 1482 τοῖς
3157 1420 3466 1495 ἀνθρώποις
3499 1421 3897 1498 συνανασρεφό-

487 1534 644 1587 μενος
701 1515 836 1585 (87),
867 1512 956 1566 καὶ
996 1512 1151 1586 ἅγιος
1208 1509 1426 1587 Ἰσραὴλ
1488 1509 1786 1586 βασιλεύων
1847 1508 1928 1564 ἐπ’
1981 1506 2177 1571 αὐτοὺς
2236 1506 2288 1563 ἐν
2340 1509 2661 1564 ταπεινώσει
2714 1507 2805 1563 καὶ
2862 1507 2916 1564 έν
2974 1508 3243 1585 πτωχείφ
3267 1509 3357 1564 καὶ
3406 1511 3435 1565 ὁ
3482 1509 3760 1565 πιστεύων
3817 1511 3895 1565 ἐπ’

485 1602 628 1673 αὐτῴ
664 1600 965 1676 βασιλεύσει
1000 1599 1050 1654 ἐν
1085 1600 1314 1670 ἀληθείᾳ
1345 1599 1396 1653 ἐν
1426 1605 1540 1661 τοῖς
1572 1598 1838 1675 οὐρανοῖς.

556 1692 650 1747 VI.
686 1714 713 1741 «
747 1693 817 1746 Et
848 1708 1001 1745 nunc
1031 1690 1231 1745 timete
1264 1690 1599 1760 Dominum,
1633 1689 1738 1743 filii
1788 1688 1923 1756 mei,
1957 1692 2013 1744 et
2043 1692 2127 1744 at-

2312 1687 2373 1756 ζ’.
2408 1709 2437 1738 ‹‹
2468 1685 2568 1741 Καὶ
2598 1690 2687 1741 νῦν
2722 1682 3005 1766 φοϐήθητε
3046 1686 3138 1742 τὸν
3199 1686 3420 1764 Κύριον,
3449 1686 3613 1743 τέκνα
3643 1709 3779 1762 μου,
3811 1690 3897 1743 καὶ

484 1781 706 1837 tendite
752 1779 1190 1850 vobismetipsis
1224 1796 1258 1833 a
1285 1779 1501 1834 Satana
1547 1783 1603 1834 et
1634 1777 1939 1851 spiritibus
1976 1780 2126 1849 ejus.

486 1868 966 1941 Appropinquate
990 1871 1188 1922 autem
1226 1868 1422 1932 Deo,et
1444 1866 1647 1939 angelo
1671 1865 1971 1922 excusanti
1992 1880 2128 1934 vos;

487 1957 767 2030 quoniam
798 1957 891 2011 hic
921 1960 1010 2011 est
1040 1955 1325 2011 mediator
1356 1954 1457 2010 Dei
1489 1960 1547 2010 et
1575 1955 1907 2025 hominum,
1939 1954 1998 2010 in
2030 1971 2132 2026 pa-

487 2063 613 2102 cem
650 2044 1063 2100 Israel.Contra
1093 2060 1339 2115 regnum
1372 2043 1594 2098 inimici
1627 2043 1843 2112 stabit;
1877 2060 2132 2115 quapro-

487 2140 616 2208 pter
644 2135 839 2189 studet
888 2133 1165 2188 inimicus
1191 2134 1523 2188 subvertere
1568 2149 1769 2188 omnes
1798 2133 2132 2188 invocantes

487 2224 823 2279 Dominum.
857 2222 1028 2277 Novit
1058 2221 1238 2288 enim,
1272 2222 1425 2293 quod
1457 2221 1517 2276 in
1549 2238 1665 2292 qua
1697 2220 1789 2277 die
1820 2220 2135 2277 crediderit

488 2310 1209 2377 Israel,consummabitur
1238 2327 1483 2382 regnum
1517 2309 1759 2365 inimici.
1796 2311 1922 2381 Ipse
1954 2326 2130 2382 ange-

487 2400 581 2457 lus
614 2400 774 2472 pacis
806 2400 1141 2455 fortilicabit
1170 2398 1447 2466 Israel,ne
1472 2398 1690 2454 incidat
1714 2398 1773 2453 in
1808 2399 1983 2454 finem
2016 2415 2136 2455 ma-

488 2490 702 2545 lorum.
722 2490 783 2543 In
814 2494 1076 2560 tempore
1105 2493 1302 2543 autem
1332 2487 1664 2560 iniquitatis
1696 2486 1872 2542 Israel
1906 2487 2138 2543 recedet

492 2579 564 2634 ab
597 2578 681 2633 eis
718 2577 1017 2644 Dominus,
1051 2575 1327 2632 transibit
1357 2580 1489 2647 post
1521 2576 1826 2632 facientem
1868 2574 2136 2633 volunta-

491 2671 612 2721 tem
658 2665 867 2737 ipsius,
918 2665 1196 2736 quoniam
1244 2664 1388 2719 nulli
1420 2665 1761 2738 angelorum
1814 2665 1925 2721 erit
1952 2668 2017 2721 ut
2062 2664 2135 2721 ei.

495 2755 721 2810 Nomen
752 2755 879 2825 ejus
909 2753 1018 2809 erit
1045 2753 1105 2808 in
1136 2754 1295 2809 omni
1326 2753 1450 2809 loco
1482 2753 1659 2809 Israel
1688 2757 1747 2809 et
1776 2753 1836 2808 in
1866 2752 2139 2825 gentibus

498 2843 774 2898 Salvator.
807 2844 1152 2897 Conservate
1183 2842 1363 2913 igitur
1407 2841 1816 2912 vosmetipsos,
1850 2840 1952 2895 filii
2002 2841 2138 2913 mei,

2237 1776 2538 1851 προσέχετε
2570 1774 2785 1838 ἑαυτοῖς
2829 1776 2934 1831 ἀπὸ
2984 1778 3082 1830 τοῦ
3115 1782 3346 1847 Σατανᾶ,
3377 1776 3467 1831 καὶ
3519 1782 3630 1832 τῶν
3662 1778 3903 1852 πνευμά-

2238 1885 2345 1919 των
2375 1864 2561 1921 αὐτοῦ.
2591 1864 2865 1941 Ἐγγίζετε
2896 1862 2953 1920 δὲ
2978 1869 3058 1937 τῷ
3105 1869 3240 1937 Θεῷ,
3272 1865 3363 1919 καὶ
3416 1870 3497 1938 τῷ
3555 1866 3782 1943 ἀγγέλῳ
3828 1871 3904 1939 τῷ

2238 1952 2655 2027 παραιτουμένῳ
2688 1954 2849 2027 ὑμᾶς’
2884 1952 2967 2009 ὅτι
3001 1951 3158 2016 οὗτός
3186 1953 3297 2008 ἐστι
3350 1953 3578 2027 μεσίτης
3627 1961 3771 2011 Θεοῦ
3817 1958 3905 2011 καὶ

2240 2040 2557 2118 ἀνθρώπων,
2600 2040 2687 2098 ἐπὶ
2740 2048 2843 2113 τῆς
2894 2041 3116 2117 εἷ’ρήνης
3163 2041 3405 2115 Ἰσραήλ.
3461 2043 3762 2100 Κατέναντι
3808 2054 3906 2115 τῆς

2245 2127 2522 2206 βασιλείας
2550 2133 2647 2185 τοῦ
2678 2129 2878 2206 ἐχθροῦ
2909 2132 3182 2201 στήσεται·
3218 2128 3307 2186 διὰ
3333 2135 3495 2187 τοῦτο
3546 2130 3852 2203 σπουδάζει
3880 2135 3906 2188 ὁ

2242 2217 2436 2294 ἐχθρὸς
2470 2218 2841 2289 ὑποσκελίζειν
2870 2219 3071 2281 πάντας
3116 2219 3244 2283 τοὺς
3293 2219 3772 2295 ἐπικαλουμένους
3817 2223 3907 2278 τὸν

2241 2305 2460 2379 Κύριον.
2493 2305 2616 2362 Οίδε
2644 2308 2767 2384 γὰρ,
2801 2307 2882 2363 ὅτι
2914 2306 2966 2363 ἐν
3000 2310 3182 2382 ἡμέρᾳ
3346 2310 3620 2365 πιστεύσει
3650 2310 3907 2386 Ἰσραὴλ,

2242 2394 2720 2467 συντελεσθήσεται
2766 2398 2801 2466 ἡ
2857 2396 3104 2471 βασιλεία
3147 2402 3246 2453 τοῦ
3286 2398 3503 2474 ἐχθροῦ.
3537 2399 3717 2463 Αὐτὸς
3754 2403 3784 2455 ὁ
3818 2402 3907 2477 ἆγ-

2243 2482 2407 2559 γελος
2432 2490 2533 2555 τῆς
2566 2485 2787 2561 εἰρήνης
2816 2485 3085 2561 ἐνισχύσει
3115 2487 3207 2543 τὸν
3240 2486 3484 2563 Ἰσραὴλ,
3520 2489 3595 2561 μὴ
3646 2488 3905 2561 ἐμπεσεῖν

2245 2571 2401 2627 αὐτὸν
2463 2572 2540 2637 εἷς
2595 2571 2753 2636 τέλος
2803 2579 3005 2632 κακῶν.
3049 2580 3235 2630 Ἔσται
3270 2572 3328 2631 δέ
3357 2574 3409 2630 ἐν
3440 2575 3617 2651 καιρῷ
3676 2578 3908 2651 ἀνομω

2245 2664 2342 2717 τοῦ
2390 2658 2610 2737 Ἰσραὴλ
2669 2660 3029 2740 ἀφιστάμενος
3088 2662 3180 2718 ἀπ’
3239 2663 3413 2719 αὐτῶν
3473 2663 3699 2741 Κύριος,
3752 2688 3907 2739 μετε-

2247 2746 2494 2804 λεύσεται
2528 2744 2746 2815 ὄπισθεν
2785 2754 3043 2806 ποιοῦντα
3086 2752 3151 2807 τὸ
3200 2749 3421 2826 θέλημα
3469 2752 3655 2822 αὐτοῦ,
3691 2754 3780 2809 ὅτι
3826 2756 3910 2809 οὒ-

2250 2834 2360 2892 δενὶ
2413 2842 2519 2893 τῶν
2568 2837 2809 2916 ἀγγέλων
2859 2835 3003 2894 ἔσται
3062 2840 3138 2902 ὡς
3188 2839 3355 2912 αὐτῷ.
3390 2842 3469 2898 Τὸ
3510 2836 3690 2915 ὄνομα
3746 2843 3911 2899 αὐτοῦ

499 2932 571 2988 ab
603 2931 762 2987 omni
793 2947 965 3002 opere
994 2930 1339 3001 pernicioso,
1358 2933 1415 2985 et
1444 2930 1677 3000 abjicite
1702 2929 1849 2984 iram
1882 2933 1939 2985 et
1969 2944 2134 2985 omne

2250 2923 2396 2981 ἔσται
2429 2925 2479 2981 ἐν
2512 2927 2671 2982 παντῖ
2700 2928 2852 2999 τόπῳ
2882 2927 3125 3005 Ἰσραὴλ,
3153 2929 3242 2984 καὶ
3282 2928 3335 2984 ἐν
3383 2935 3502 2993 τοῖς
3553 2928 3758 2997 ἔθνεσι,
3796 2940 3912 2988 Σω-

498 3020 954 3088 mendacium,et
974 3017 1199 3089 diligite
1215 3017 1516 3073 veritatem
1535 3022 1593 3073 et
1608 3015 2134 3089 longanimitatem,

2250 3016 2377 3091 τήρ.
2413 3016 2787 3093 Διατηρήσατε
2816 3014 2908 3071 οὖν
2962 3016 3205 3088 ἑαυτοὺς,
3238 3017 3399 3073 τέκνα
3457 3040 3583 3092 μου,
3616 3019 3729 3075 ἀπὸ
3781 3043 3911 3076 παν-

497 3114 554 3165 et
584 3126 709 3180 quae
741 3067 1043 3163 audivistis
1074 3067 1117 3161 εἴ
1138 3110 1299 3178 patre
1329 3067 1755 3174 vestro,tradit2
1784 3108 1841 3161 et
1867 3121 1969 3162 vos
2000 3067 2134 3162 ﬁliis

2248 3067 2377 3165 .5:
2398 3067 2872 3180 ἔᾏέρζέ¹ῗετὲῖῄῇοέξ
2893 3067 2899 3070 ⁷
2924 3067 3399 3183 κᾷιξ’ἐιᾶτᾉξρέῴἆὲξ
3437 3067 3757 3182 τ”εζξῗθξέζεξν
3787 3067 3906 3165 ’ζέε

496 3198 729 3266 vestris,
758 3199 824 3251 ut
871 3195 1112 3267 recipiat
1139 3211 1241 3251 vos
1292 3198 1461 3249 Pater
1488 3192 1753 3267 gentium
1790 3211 1803 3250 :
1834 3194 1946 3249 erit
1983 3193 2134 3249 enim

2251 3196 2356 3246 πᾶν
2401 3189 2619 3266 ψεῦδος,
2670 3192 2761 3247 καὶ
2805 3193 3119 3268 ἀγαπήσατε
3189 3195 3289 3265 τὴν
3348 3195 3607 3267 ἀλήθειαν
3656 3198 3754 3252 καὶ
3807 3199 3905 3267 τῆν

493 3304 667 3343 verax
698 3290 754 3342 et
784 3283 1161 3357 longanimis,
1195 3286 1542 3339 mansuetus
1571 3286 1627 3338 et
1655 3281 1920 3351 humilis,
1948 3286 2007 3339 et
2035 3283 2134 3338 do-

2255 3280 2651 3357 μακροθυμίαν,
2682 3282 2772 3337 καὶ
2804 3281 2839 3336 ἃ
2866 3282 3134 3353 ἠκούσατε
3162 3286 3308 3359 παρὰ
3330 3289 3429 3340 τοῖ’)
3467 3288 3671 3360 πατρὸς
3725 3288 3900 3359 ὑμῶν,

493 3391 631 3430 cens
658 3391 760 3446 per
789 3390 964 3445 opera
991 3372 1177 3443 legem
1204 3371 1323 3427 Del.
1356 3370 1647 3427 Discedite
1686 3386 1822 3444 ergo
1853 3371 1924 3427 ab
1977 3370 2134 3427 omni

2256 3368 2514 3444 μετάδοτε
2560 3370 2651 3426 καὶ
2707 3370 2865 3444 ὑμεῖς
2908 3377 3024 3435 τοῖς
3070 3372 3281 3435 τέκνοις
3331 3372 3622 3447 ὁμῶν,¹ίνα
3681 3373 3901 3447 δέξηται

493 3462 807 3535 injustitia,
840 3466 897 3517 et
922 3461 1211 3517 adhaerete
1227 3460 1483 3533 justitias
1512 3459 1660 3534 legis
1694 3459 2018 3516 Domini.Et
2046 3475 2134 3516 se-

2250 3457 2389 3531 ὗμᾶς
2421 3458 2450 3513 ὁ
2481 3459 2667 3535 Πατὴρ
2694 3462 2803 3514 τῶν
2837 3459 3023 3515 ἐθνῶν·
3057 3458 3202 3516 ἔσται
3248 3464 3349 3539 γὰρ
3403 3460 3619 3532 ἀληθής
3666 3466 3765 3518 καὶ
3807 3488 3903 3538 μιν

494 3552 669 3624 pelite
700 3566 791 3606 me
821 3567 998 3623 prope
1029 3554 1224 3623 patres
1256 3566 1439 3605 meos.
1472 3570 1503 3601 ι»

2248 3546 2540 3624 κρόθυμος,
2585 3552 2758 3623 πρᾶος
2807 3548 2896 3602 καὶ
2952 3549 3225 3622 ταπεινὸς,
3283 3549 3373 3605 καὶ
3427 3547 3764 3607 ἐκδιδάσκων
3820 3550 3905 3607 διὶ

493 3643 602 3693 τῶν
635 3634 807 3714 ἔργων
834 3638 998 3711 νόμον
1032 3642 1185 3693 Θεοῦ.
1220 3636 1519 3705 Ἀπόστητε
1566 3634 1657 3691 οὖν
1686 3635 1791 3691 ἀπὸ
1821 3634 2000 3708 πάσης
2053 3632 2282 3704 ἀδικίας,
2312 3634 2401 3691 καὶ
2432 3633 2749 3708 κολλήθητε
2776 3640 2845 3712 τῇ
2876 3633 3189 3713 δικαιοσύνῃ
3214 3643 3313 3695 τοῦ
3341 3638 3514 3713 νόμου
3542 3645 3642 3696 τοῦ
3675 3642 3905 3718 Κυρίου.

496 3727 595 3781 Καὶ
626 3726 825 3800 θάψατέ
860 3748 925 3799 με
956 3728 1070 3797 (89)
1097 3724 1256 3801 ἐγγὺς
1285 3730 1393 3780 τῶν
1424 3727 1670 3801 πατέρων
1707 3746 1833 3800 μου.
1866 3748 1896 3780 ››

565 3817 685 3873 VII.
718 3818 787 3871 Et
838 3833 971 3871 cum
1000 3816 1122 3871 haec
1170 3815 1431 3883 dixisset,
1463 3818 1762 3872 osculatus
1791 3820 1880 3871 est
1933 3832 2053 3883 eos,
2085 3818 2134 3872 et

2322 3814 2392 3871 Z'.
2446 3812 2547 3869 Καὶ
2610 3817 2779 3870 ταῦτα
2852 3814 3041 3885 εἰπὼν,
3097 3816 3458 3895 κατεφίλησεν
3540 3816 3766 3891 αὐτοὺς,
3824 3820 3911 3873 καὶ

496 3905 771 3962 dormivit
801 3922 1076 3961 somnum
1107 3907 1477 3977 perpetuum.
1509 3905 1579 3960 Et
1621 3904 1978 3977 sepelierunt
2005 3921 2134 3961 eum

2250 3900 2491 3958 ὕπνωσεν
2520 3901 2700 3957 ὕπνων
2733 3903 2975 3961 αἰώνιον.
3010 3904 3107 3959 Καὶ
3140 3904 3337 3980 ἔθαψαν
3372 3906 3530 3961 αὐτὸν
3565 3909 3620 3963 οἱ
3669 3910 3790 3963 υἱοὶ
3830 3909 3917 3963 ar}-

496 3994 600 4049 filii
631 3996 758 4066 ejus
787 4013 801 4063 ;
831 3998 888 4049 et
917 3998 1048 4066 post
1094 3994 1218 4049 haec
1248 3993 1602 4048 reduxerunt
1633 4010 1768 4049 ossa
1797 3994 1925 4065 ejus
1962 4009 2134 4065 prope

2248 3988 2365 4045 τοῦ·
2396 3989 2488 4045 καὶ
2539 3991 2672 4064 μετὰ
2714 3996 2881 4047 ταῦτα
2929 3992 3221 4070 ἀνήνεγκαν
3272 3995 3338 4050 τά
3372 3995 3505 4051 ὀστᾶ
3561 3996 3735 4052 αὐτοῦ
3795 3998 3913 4051 σύν-

495 4085 985 4150 Abrabaszaac
1016 4086 1073 4139 et
1098 4082 1821 4148 Jacob.Quemadmodum
1851 4099 1985 4139 vero
2013 4099 2134 4155 pro-

2252 4098 2415 4154 εγγυς
2473 4074 2741 4155 Ἀϐραὰμ,
2801 4078 2891 4135 καὶ
2946 4082 3148 4152 Ἰσαὰκ,
3207 4081 3297 4138 καὶ
3357 4079 3574 4139 Ἰακώϐ.
3618 4084 3779 4154 Πλὴν
3841 4087 3912 4147 ὡς

499 4172 758 4243 phetavit
785 4173 869 4227 eis
900 4171 1207 4242 Dan,quod
1240 4170 1425 4244 legem
1458 4170 1558 4226 Dei
1589 4171 1681 4226 sui
1712 4170 2028 4243 neglecturi
2060 4188 2134 4227 es-

2252 4165 2645 4245 ἐπροφήτευσεν
2678 4167 2863 4231 αὐτοῖς
2893 4169 3017 4239 Δάν,
3051 4168 3133 4224 ὅτι
3186 4170 3551 4237 ἐπιλάθωνται
3581 4174 3759 4246 νόμον
3801 4178 3913 4247 (9U)

501 4263 650 4327 sent,
679 4262 736 4313 et
779 4257 1089 4314 abalienati
1122 4259 1308 4313 forent
1338 4275 1369 4312 a
1400 4264 1553 4313 terra
1594 4258 1955 4314 haereditatis
1986 4258 2134 4329 ipso-

2253 4253 2386 4312 Θεοῦ
2445 4254 2761 4326 αὐτῶν,κπιὶ
2820 4256 3355 4335 ἀλλοτριωθήσονται
3415 4268 3521 4337 γῆς
3575 4261 3801 4337 κλήρου
3832 4264 3917 4319 αὖ·

502 4362 656 4411 rum,
690 4348 747 4401 et
776 4363 810 4401 a
838 4361 1047 4418 genere
1094 4345 1293 4415 Israel,
1324 4350 1380 4402 et
1412 4345 1601 4418 patria
1645 4347 1950 4419 ipsorum;
1983 4347 2065 4402 ita
2092 4349 2134 4404 et

2252 4348 2383 4413 τῶν,
2413 4344 2504 4399 καὶ
2559 4344 2751 4419 γένους
2809 4346 3054 4422 Ἰσραὴλ,
3084 4347 3174 4403 καὶ
3231 4349 3460 4426 πατριὰς
3504 4349 3707 4424 αὐτῶν,
3742 4352 3916 4411 οὕτως

505 4435 721 4489 factum
752 4439 863 4490 est.

2254 4433 2343 4489 καὶ
2369 4433 2587 4509 γέγονεν
2620 4435 2703 4508 (91

2813 4545 3214 4599 ΚΕΦΑΛΔΙΟΝ
3253 4545 3333 4603 Η’.

2362 4629 2604 4699 Διαθήκη
2637 4628 2970 4707 Νεφθαλείμ,
3002 4632 3127 4708 περὶ
3157 4638 3390 4710 φυσικῆς
3419 4631 3782 4711 ἀγαθότητος.

2322 4735 2405 4791 A"
2431 4732 2786 4814 Ἀντίγραφον
2815 4731 3083 4808 διαθήκης
3113 4736 3448 4816 Νεφθαλείμ,
3481 4737 3555 4794 ὧν
3621 4738 3837 4796 διέθετο
3866 4742 3912 4794 ἐν

2252 4820 2428 4899 καιρῷ
2476 4821 2669 4886 τέλους
2729 4822 2915 4897 αὐτοῦ,
2950 4824 3001 4879 ἐν
3063 4824 3167 4882 ἔτει
3227 4824 3310 4901 ρλ⁷
3343 4833 3487 4898 ζωῆς
3542 4828 3719 4883 αὐτοῦ
3781 4833 3907 4903 (93}.

2256 4908 2632 4967 Συνελθόντων
2689 4914 2796 4967 τῶν
2857 4913 2988 4969 υἱῶν
3047 4912 3211 4970 αὖτοῦ
3260 4914 3314 4971 ἐν
3369 4911 3593 4990 ἑϐδόμῳ
3631 4919 3801 4991 μηνὶ,
3831 4939 3909 4973 τε·

1106 4540 1344 4598 CAPUT
1384 4542 1533 4597 VIII.

592 4631 985 4687 Testamentum
1012 4630 1383 4701 Nephthalim,
1414 4630 1483 4687 de
1509 4629 1761 4687 naturali
1791 4628 2052 4686 bonitate.

573 4738 615 4793 Ι.
645 4735 1091 4808 Transcriptum
1134 4737 1469 4792 testamenti
1501 4733 1879 4807 Nephthalim
1911 4735 1982 4791 de
2029 4734 2144 4805 his,

500 4842 629 4897 quae
660 4824 953 4897 disposuit
979 4824 1038 4878 in
1072 4827 1330 4897 tempore
1360 4825 1496 4880 ﬁnis
1527 4823 1643 4892 sui,
1677 4823 1735 4877 in
1769 4840 1921 4879 anno
1952 4829 2144 4879 cente-

500 4914 649 4970 simo
682 4913 977 4968 tricesimo
1005 4912 1139 4969 vitae
1167 4930 1307 4969 suae.
1335 4912 1827 4968 Convenientibus
1855 4911 1992 4968 ﬁliis
2021 4911 2147 4969 suis

502 5003 561 5058 in
592 5002 840 5074 septimo
894 5018 1110 5065 mense.
1145 5006 1354 5074 quarta
1402 5002 1497 5056 die
1548 4999 1793 5069 mensis,
1826 4999 1953 5071 ipso
2002 5017 2145 5057 sano

502 5091 979 5160 exsistente,fecit
1006 5107 1231 5147 omnem
1258 5090 1403 5163 ipsis
1434 5094 1492 5145 et
1511 5093 1714 5161 potum
1745 5088 2145 5161 magnificum.

572 5288 841 5373 (87)‘To‘£¢
902 5285 1255 5373 Νάνθρώποις
1288 5359 1314 5370 η
1364 5279 1918 5373 συναναστρεφόμενος
1954 5324 1967 5338 .
2016 5282 2147 5373 \Sio

502 5351 753 5422 Ba‘ruch,
785 5376 869 5430 III,
902 5357 990 5412 38.
1024 5351 1170 5412 Μετὰ
1219 5359 1382 5430 τοῦτο
1437 5351 1710 5430 ἐπὶ-*γῆς’
1732 5351 1912 5430 ᾤφθη,
1942 5351 2034 5430 καὶ

500 5436 641 5511 τοῖς.
671 5426 998 5511 ἀνθρώποις
1027 5426 1423 5511 συνανεστρᾴφη
1522 5426 1694 5511 Ylilg.
1740 5426 1867 5481 Pbst
1929 5429 2043 5511 haec
2084 5427 2147 5511 ἐτι

502 5504 666 5557 terris
721 5499 870 5555 visu:
918 5508 1019 5567 est,
1042 5508 1093 5557 et
1148 5499 1287 5555 cum
1320 5499 1635 5555 hominibus
1667 5502 2015 5553 conversatus
2044 5501 2141 5553 est.

502 5573 623 5635 Quo
654 5587 794 5626 sane
832 5571 1039 5626 horum
1093 5575 1563 5630 Testamentorum
1606 5572 1902 5625 auctorem
1951 5584 2145 5640 respe-

500 5644 657 5697 xisse
690 5640 834 5695 nihil
866 5643 1091 5698 dubito.

574 5712 685 5789 (ss)
715 5711 805 5767 Ἐν
835 5710 1035 5786 ἡμέρᾳ.
1065 5712 1227 5770 Adde
1252 5711 1311 5783 ᾖ.
1342 5711 1525 5769 om.

2252 5000 2419 5076 τάρτῃ
2466 5001 2580 5074 (93)
2636 5004 2733 5055 τοῦ
2792 5002 2983 5074 μηνὸς,
3037 5003 3373 5077 ὑγιαίνοντος
3431 5004 3620 5074 αὐτοῦ,
3687 5006 3911 5077 ἐποίησε

2254 5086 2469 5145 δεῖπνον
2527 5087 2709 5151 αὐτοῖς
2762 5089 2853 5144 καὶ
2909 5092 3158 5151 κώθωνα.
3192 5093 3292 5149 Καὶ
3356 5094 3490 5169 μετὰ
3542 5099 3642 5149 τοῦ
3704 5096 3911 5168 ἐξυπνι-

2324 5282 2576 5370 (89))(αξ1
2627 5281 2971 5370 θάψατέημε.
3004 5286 3121 5370 Καὶ,
3148 5283 3298 5370 ἔσται
3331 5288 3440 5370 ,τὸᾲ
3470 5289 3645 5370 γένος.
3693 5313 3807 5365 μου
3834 5290 3902 5352 είς

2253 5350 2525 5427 σωτηρίαν
2550 5350 2656 5417 ἕως
2680 5350 2776 5409 τ’οῦ
2806 5350 3022 5430 αἰῶνος,
3053 5360 3215 5417 addit
3244 5362 3371 5419 cod.
3404 5350 3585 5419 Oxon.
3616 5350 3709 5420 ID:

2323 5428 2437 5483 (90)
2469 5424 2650 5483 Νόμον
2684 5428 2864 5482 deest.
2898 5433 2979 5483 ID.

2323 5428 2437 5500 (90)
2469 5428 2650 5498 Νόμον
2684 5428 2864 5482 deest.
2898 5433 2979 5484 In.
3009 5428 3015 5430 ⁷

2322 5496 2649 5587 (ῼ1λΟὕτνως
2679 5496 2769 5551 καὶ
2792 5496 3036 5623 γέγονεν.
3070 5498 3167 5555 Καὶ
3198 5506 3296 5558 τοῦ
3344 5504 3653 5579 σπέρματος
3703 5504 3894 5573 αὐτῶν,

2322 5586 2490 5623 mssns
2520 5588 2691 5623 ουτως
2718 5588 2808 5622 και
2836 5590 2869 5623 γ
2898 5590 3075 5623 γονεν.
3112 5578 3192 5623 In-

2252 5578 2490 5644 omissis
2520 5578 2810 5644 ουτως-καί
2836 5578 3075 5644 γέγονεν.
3112 5578 3192 5630 In.

2321 5642 2437 5787 292g
2469 5640 2619 5729 Ζωής
2650 5638 3112 5725 αὐτοῦέΔευτέρῳ
3142 5646 3278 5704 add.
3311 5647 3371 5705 in
3395 5663 3508 5707 ms.
3540 5647 3711 5706 Trin.
3743 5653 3830 5706 In.

2344 5712 2414 5768 93
2462 5715 2718 5787 Τεταρτῃ.
2748 5715 2881 5783 Μιᾳ.
2910 5717 2997 5769 ID.

2344 5712 2437 5787 93)
2462 5712 2718 5787 Τετάρτῃ.
2748 5713 2881 5783 Μιᾷ.
2910 5717 2997 5769 ID.
