4036 6356
208 430 365 491 1105

1345 430 1949 496 TESTAMENTUM
1989 432 2477 497 NEPHTALIM.

3455 440 3611 500 1106

207 568 397 631 σθῆναι
442 562 600 619 αὐτὸν
647 563 710 619 τὸ
758 565 925 641 πρωῒ,
959 564 1101 620 εἶπεν
1142 563 1345 633 αὐτοῖς,
1378 564 1482 620 ὅτι·
1528 587 1556 618 ‹‹
1589 564 1852 634 Ἀποθντς-

1974 564 2032 620 Et
2062 570 2374 638 postquam
2403 567 2687 624 excitatus
2717 571 2805 625 est
2833 585 2867 625 a
2898 585 3104 625 somno
3137 587 3330 638 mane,
3362 570 3508 626 dixit
3542 572 3611 627 il-

207 672 340 706 σκωο
379 676 401 703 ι
436 653 526 707 καὶ
557 652 655 708 οὐκ
683 652 959 709 ἐπίστευον
983 654 1151 727 αὐτῷ.
1185 654 1285 709 Καὶ
1335 652 1575 729 εὐλογῶν
1635 651 1856 729 Κύριον,

205 738 584 817 ἐκραταίωσεν,
618 740 701 796 ὅτι
732 743 863 815 μετὰ
900 742 964 797 τὰ
1018 740 1233 798 δεῖπνον
1283 742 1347 798 τὸ
1398 742 1526 817 χθὲς
1579 742 1859 796 ἀποθανεῖ-

200 850 311 884 ται.
348 830 585 905 ’Ἤρξατο
614 829 706 887 οὗν
741 830 915 908 λέγειν
959 838 1076 895 τοῖς
1128 831 1268 893 υἱοῖς
1311 830 1495 886 αὐτοῦ·
1530 855 1559 883 ι(
1594 828 1855 885 Ἀκούσα-

194 940 280 991 τε,
313 920 467 973 τὲκνα
500 941 626 993 μου,
658 920 766 975 υἱοὶ
801 920 1136 998 Νεφθαλεῖμ,
1171 920 1433 975 ἀκούσατε
1494 918 1696 994 λόγους
1752 938 1855 973 πα-

194 1014 331 1083 τρὸς
382 1008 553 1081 ὑμῶν.
602 1010 745 1084 Ἐγὼ
794 1010 1080 1086 ἒγεννήθην
1114 1009 1220 1064 ἀπὸ
1274 1007 1511 1070 Βάλλας·
1542 1009 1632 1063 καὶ
1690 1006 1772 1062 ὅτι
1805 1006 1859 1062 ἐν

196 1098 505 1173 πανουργίᾳ
544 1096 790 1168 ἐποίησεν
841 1100 877 1168 ἡ
910 1097 1143 1174 Ῥαχὴλ,
1191 1098 1282 1152 καὶ
1340 1095 1536 1152 ἔδωκεν
1583 1096 1694 1151 ἀνθ’
1739 1096 1859 1151 ἔαυ-

193 1191 304 1254 τῆς
336 1186 435 1253 τὴν
464 1185 677 1242 Βάλλαν
711 1190 790 1258 τῷ
822 1182 1147 1254 Ἰακὼ6,καὶ
1171 1186 1386 1242 ἐπὶτῶν
1423 1189 1615 1262 μηρῶν
1646 1182 1857 1262 Ῥαχὴλ

196 1272 351 1331 ἔτεκέ
412 1293 496 1347 με’
553 1272 640 1329 διὰ
690 1280 852 1330 τοῦτο
922 1274 1159 1346 ἐκλήθην
1221 1274 1536 1354 Νεφθαλείμ
1591 1272 1857 1348 (94).·Καὶ

196 1362 455 1440 ἠγάπησε
484 1384 551 1436 με
579 1361 811 1440 Ῥαχὴλ,
843 1362 927 1419 ὅτι
972 1363 1059 1419 ἐπὶ
1104 1368 1210 1419 τῶν
1261 1368 1449 1438 μηρῶν
1495 1362 1661 1433 αὐτῆς
1712 1362 1859 1437 ἔγεν-

197 1454 400 1523 νήθην·
434 1450 523 1507 καὶ
557 1449 683 1507 εἷ’δει
716 1450 925 1508 ἁπαλὸν
970 1447 1098 1508 ὅντα
1145 1452 1423 1531 κατεφίλει
1478 1473 1564 1527 με,
1598 1450 1854 1527 λέγουσα·

197 1565 228 1594 α
267 1538 474 1615 Ἰδοιμι
505 1538 741 1619 ἀδελφόν
773 1564 870 1597 σου
904 1543 964 1597 ἑκ
988 1548 1089 1612 τῆς
1118 1539 1335 1604 κοιλίας
1372 1563 1476 1615 μου
1523 1541 1659 1596 κατὰ
1715 1541 1792 1597 σὲ.
1829 1563 1859 1593 ››

195 1632 358 1694 ’Ὁθεν
413 1629 503 1684 καὶ
563 1629 756 1703 ὅμοιός
791 1652 895 1704 μου
921 1631 987 1700 ἧν
1023 1631 1075 1685 ὲν
1103 1636 1262 1685 πᾶσιν
1311 1631 1535 1706 Ἰωσὴφ,
1568 1627 1707 1683 κατὰ⁸
1760 1627 1858 1692 τὰς

197 1717 375 1794 εὐχὰς
407 1720 517 1791 (95)
550 1716 783 1794 Ῥαχὴλ.
816 1721 878 1774 Ἡ
904 1716 961 1775 δὲ
995 1722 1179 1795 μήτηρ
1217 1718 1320 1792 μού
1352 1718 1461 1773 ἔστι
1512 1714 1724 1788 Βάλλα,
1761 1728 1855 1781 θυ-

191 1810 381 1883 γάτηρ
437 1807 680 1862 Ῥουθὲου
744 1810 880 1881 (96),
939 1805 1178 1885 ἀδελφοῦ
1236 1803 1504 1883 Δεϐόῤῥας
1560 1808 1697 1880 (97),
1752 1812 1855 1875 τῆς

184 1899 402 1973 τροφοῦ
464 1890 761 1957 Ῥεϐέκκας·
792 1895 917 1965 ἥτις
974 1896 1027 1951 ὲν
1100 1900 1200 1969 μιᾷ
1247 1896 1430 1972 ἡμέρᾳ
1480 1893 1705 1971 ὲτὲχθη,
1737 1893 1790 1949 ἓν
1886 1934 1935 2001 Β

187 1984 289 2039 καὶ
347 1985 578 2059 Ῥαχήλ.
638 1985 695 2038 '0
754 1981 811 2039 δὲ
880 1984 1129 2046 Ῥουθὲος
1187 1986 1301 2058 (98)
1363 1985 1423 2039 ὲκ
1494 1987 1590 2038 τοῦ
1665 1982 1853 2058 γένους

184 2068 466 2150 Ἀϐραὰμ,
498 2070 793 2143 Χαλδαῖος,
825 2068 1102 2143 θεοσεϐὴς,
1135 2070 1418 2146 ἐλεύθερος
1459 2073 1548 2127 καὶ
1610 2071 1850 2147 εὐγενής.

188 2163 300 2217 Καὶ
332 2159 800 2238 αἰχμαλωτισθεὶς
832 2161 1109 2238 ἠγοράσθη
1146 2161 1249 2216 ὑπὸ
1281 2155 1485 2215 Λοὶϐαν⁸
1516 2160 1607 2215 καὶ
1658 2157 1855 2215 ἔδωκεν

191 2249 349 2324 αἱ)τῷ
404 2250 564 2307 Αἰνᾶν
618 2251 721 2320 τὴν
776 2248 1066 2319 παιδίσκην
1125 2248 1290 2305 αὐτοῦ
1349 2249 1426 2312 εἷς
1453 2253 1698 2325 γυναῖκα·
1730 2248 1854 2318 ἥτις

190 2339 348 2395 ἔτεκε
402 2340 685 2414 θυγατέρα,
744 2338 834 2393 καὶ
904 2336 1149 2394 ὲκάλεσεν
1232 2337 1399 2407 αὐτὴν
1483 2336 1710 2415 Ζελφᾶν,
1770 2330 1855 2391 ἐπ’

192 2428 433 2503 ὀνόματι
487 2434 589 2497 τῆς
640 2428 862 2501 κώμης,
894 2426 947 2482 ὲν
995 2428 1035 2500 ᾖ
1088 2425 1500 2504 ᾑχμαλωτεύθη
1749 2424 1853 2483 Καὶ

190 2519 327 2591 ἑξῆς
386 2512 532 2572 ἔτεκε
588 2517 689 2585 τὴν
752 2514 995 2587 Βάλλαν,
1039 2513 1235 2591 λέγων·
1284 2513 1681 2579 Καινόσπουδός
1748 2536 1852 2589 μου

194 2610 234 2679 ἡ
297 2608 555 2684 θυγάτηρ.
606 2604 794 2669 Ἐὐθὺς
880 2605 983 2683 γὰρ
1046 2610 1303 2685 τεχθεῖσα
1375 2602 1597 2663 ἔσπευδε
1681 2603 1853 2678 θηλά-

204 2703 319 2768 ζειν
353 2699 523 2771 (100).

279 2787 359 2844 Β’.
393 2810 420 2838 ι(
454 2781 554 2841 Καὶ
584 2781 771 2853 ἐπειδὴ
797 2788 999 2863 κοῦφος
1029 2782 1183 2859 ἤμην
1221 2788 1341 2848 τοῖς
1387 2782 1566 2855 ποσὶν,
1601 2784 1678 2847 ὡς
1724 2776 1851 2840 ἔλα-

197 2896 327 2954 φος,
360 2870 510 2944 ἔταξὲ
551 2894 617 2947 με
646 2875 675 2929 6
706 2875 886 2951 πατήρ
922 2895 1025 2947 μου
1054 2868 1247 2932 Ἰακὼϐ
1279 2873 1355 2937 εἷς
1405 2878 1577 2929 πᾶσαν
1622 2874 1853 2929 ἀποστο-

197 2963 311 3033 λὴν
342 2964 433 3018 καὶ
465 2966 539 3037 (1)
566 2960 846 3038 ἀγγελίανο
879 2963 968 3018 καί
998 2984 1079 3039 γε,
1111 2963 1185 3026 ὡς
1217 2960 1415 3042 ἔλαφόν
1448 2984 1515 3037 με
1563 2961 1852 3038 εὖλόγησε.

198 3054 399 3116 Καθὼς
428 3054 532 3128 γὰρ
564 3054 591 3107 6
620 3051 888 3126 κεραμεὺς
918 3048 1033 3107 οἶδε
1085 3052 1147 3107 τὸ
1195 3055 1404 3122 σκεῦος,
1436 3051 1602 3107 πόσον
1658 3057 1852 3128 χωρεῖ,

195 3142 297 3198 καὶ
329 3142 464 3217 πρὸς
494 3140 652 3196 αὐτὸν
685 3141 836 3219 φέρει
865 3141 955 3195 τὸν
1014 3140 1216 3211 πηλόν·
1251 3140 1425 3204 οὕτως
1479 3140 1569 3197 καὶ
1601 3142 1628 3196 6
1658 3141 1856 3217 Κύριος

196 3231 345 3307 πρὸς
402 3229 663 3304 ὁμοίωσιν
720 3234 819 3285 τοῦ
875 3229 1180 3303 πνεύματος
1237 3235 1385 3285 ποιεῖ
1430 3228 1494 3285 τὰ
1554 3234 1732 3305 σῶμα,
1764 3229 1855 3286 καὶ

1968 652 2040 710 lis
2073 672 2087 714 :
2120 677 2148 705 ‹‹
2183 655 2399 713 Morior
2429 674 2442 711 :
2479 679 2507 706 »
2539 662 2596 713 et
2627 674 2741 713 non
2770 658 3145 714 crediderunt
3175 660 3247 716 ei.
3279 660 3347 714 Et
3379 660 3612 717 benedi-

1967 757 2106 799 cens
2135 743 2400 812 Domino,
2451 746 2837 815 conﬁrmavit,
2887 748 3043 818 quod
3094 752 3226 819 post
3275 748 3606 806 hesternam

1966 846 2190 888 ccenam
2224 839 2566 889 moreretur.
2597 835 2838 908 lnccspit
2864 835 3046 907 igitur
3075 836 3264 892 dicere
3297 836 3431 893 filiis
3464 840 3611 894 suis:

1969 942 1997 971 «
2030 922 2261 992 Audite,
2294 923 2399 977 ﬁlii
2430 923 2675 990 mei,ﬁlii
2695 924 3047 996 Nepthalim,
3078 926 3275 981 audite
3305 942 3604 982 sermones

1966 1011 2151 1082 patris
2180 1012 2376 1067 vestri.
2406 1032 2433 1065 ι
2455 1013 2571 1085 Ego
2594 1018 2767 1069 natus
2798 1030 2931 1069 sum
2956 1031 2990 1069 a
3022 1014 3209 1070 Balla:
3240 1019 3299 1070 et
3329 1016 3610 1086 quoniam

1968 1102 2160 1155 astute
2192 1099 2326 1156 fecit
2355 1100 2591 1169 Rachel,
2622 1106 2680 1157 et
2708 1102 2868 1158 dedit
2905 1119 3008 1175 pro
3040 1102 3235 1175 seipsa
3264 1104 3485 1160 Ballam
3511 1106 3608 1160 Ja-

1967 1189 2096 1254 cob,
2126 1191 2184 1244 et
2214 1205 2391 1261 super
2429 1190 2651 1245 femora
2696 1189 2910 1246 Rachel
2960 1192 3187 1263 peperit
3216 1208 3345 1259 me;
3379 1197 3619 1264 propter

1966 1276 2077 1333 hoc
2110 1282 2348 1334 vocatus
2372 1294 2503 1333 sum
2530 1277 2928 1350 Nephthalim.
2952 1279 3021 1334 Et
3043 1280 3246 1336 dilexit
3271 1296 3363 1335 me
3383 1279 3616 1346 Rachel,

1968 1365 2246 1439 quoniam
2277 1382 2454 1438 super
2484 1367 2704 1423 femora
2735 1384 2844 1422 sua
2890 1372 3065 1424 natus
3114 1385 3288 1436 sum;
3322 1374 3378 1424 et
3425 1369 3616 1441 specie

1966 1457 2233 1511 tenerum
2283 1455 2660 1511 exsistentem
2719 1454 2982 1511 osculata
3052 1460 3143 1512 est
3198 1474 3312 1525 me,
3363 1457 3611 1513 dicens:

1968 1564 1997 1593 «
2028 1543 2271 1598 Videam
2302 1542 2540 1598 fratrem
2573 1548 2741 1598 tuum
2773 1561 2843 1599 ex
2869 1548 3069 1599 ventre
3107 1560 3235 1599 meo
3287 1546 3611 1601 secundum

1965 1634 2042 1687 te.
2078 1652 2107 1681 ››
2139 1630 2302 1687 Unde
2332 1636 2388 1687 et
2421 1632 2635 1687 similis
2664 1632 2780 1687 mei
2810 1638 2935 1689 erat
2964 1632 3025 1687 in
3056 1632 3328 1688 omnibus
3370 1633 3609 1706 Joseph,

1967 1720 2291 1775 secundum
2325 1720 2630 1792 petitiones
2664 1720 2899 1776 Rachel.
2931 1724 3111 1777 Mater
3139 1726 3334 1777 autem
3369 1738 3497 1777 mea
3524 1726 3614 1777 est

1966 1808 2145 1875 Balla,
2181 1807 2299 1863 ﬁlia
2333 1807 2583 1876 Ruthei,
2616 1808 2811 1864 fratris
2842 1809 3097 1879 Deboraa,
3127 1809 3374 1865 nutricis
3404 1811 3613 1865 Rebec-

1967 1914 2083 1965 caa;
2120 1914 2246 1969 qua:
2277 1895 2438 1953 Balla
2468 1897 2527 1951 in
2559 1913 2678 1952 una
2705 1897 2797 1952 die
2838 1903 2973 1952 nata
3020 1902 3127 1968 est,
3175 1898 3233 1952 in
3274 1915 3388 1968 qua
3418 1904 3472 1953 et
3502 1900 3611 1953 Ra-

1967 1985 2116 2042 chel.
2151 1986 2429 2041 Ruthaaus
2458 2001 2593 2041 vero
2625 2002 2694 2041 ex
2722 2002 2931 2058 genere
2959 1987 3256 2042 Abraham
3289 1988 3611 2054 erat,Chal-

1964 2075 2145 2141 daaus,
2172 2079 2352 2131 Deum
2372 2073 2830 2143 venerans,liber
2851 2078 2907 2129 et
2928 2074 3162 2131 nobilis.
3209 2076 3276 2130 Et
3299 2092 3433 2130 cum
3455 2080 3610 2131 esset

1965 2164 2247 2236 captivus,
2270 2167 2503 2235 emptus
2534 2166 2622 2217 est
2644 2178 2678 2217 a
2707 2163 2899 2219 Laban
2922 2181 2935 2232 ;
2969 2168 3026 2218 et
3044 2163 3203 2219 dedit
3226 2163 3277 2219 ei
3306 2164 3488 2219 Enam
3511 2181 3609 2220 an-

1964 2252 2160 2309 cillam
2193 2268 2361 2308 suam
2392 2251 2453 2307 in
2485 2267 2724 2307 uxorem
2752 2270 2764 2320 ;
2799 2268 2926 2324 quas
2960 2252 3183 2325 peperit
3212 2252 3481 2319 ﬁliam,et
3511 2270 3604 2307 vo-

1962 2342 2115 2399 cavit
2142 2357 2269 2396 eam
2299 2339 2603 2413 .Zelpham,
2637 2340 2982 2412 cognomine
3010 2340 3231 2396 castelli
3263 2341 3321 2395 in
3356 2357 3469 2412 quo
3503 2358 3604 2396 ca-

1962 2431 2156 2505 ptivus
2184 2433 2325 2486 erat.
2359 2428 2574 2485 Deinde
2604 2428 2825 2501 peperit
2845 2427 3086 2500 Ballam,
3110 2429 3310 2485 dicens
3335 2446 3346 2481 :
3371 2429 3605 2485 Noviter

1963 2520 2250 2577 festinans
2278 2516 2403 2575 ﬁlia
2431 2532 2578 2574 mea.
2612 2517 2929 2575 Confestim
2957 2517 3113 2574 enim
3137 2521 3277 2575 nata
3307 2517 3607 2574 festinavit

1961 2609 2052 2667 lac
2078 2625 2309 2683 sugere.

2034 2790 2103 2846 ΙΙ·
2141 2809 2169 2840 ‹‹
2197 2790 2267 2845 Et
2298 2788 2435 2861 quia
2466 2788 2713 2859 pedibus
2743 2784 2887 2842 levis
2915 2800 3097 2856 eram,
3119 2788 3184 2840 ut
3204 2800 3429 2857 cervus,
3456 2785 3608 2841 ordi-

1963 2877 2121 2935 navit
2141 2894 2234 2933 me
2264 2882 2427 2950 pater
2456 2892 2622 2932 meus
2641 2875 2819 2932 Jacob
2846 2874 2905 2930 in
2928 2890 3163 2930 omnem
3188 2874 3530 2930 missionem
3556 2877 3612 2929 et

1964 2968 2471 3024 annuntiationem
2499 2992 2514 3036 ;
2544 2970 2601 3022 et
2621 2969 2688 3022 ut
2709 2981 2874 3021 cervo
2895 2963 3039 3020 mihi
3064 2964 3376 3020 benedixit.
3400 2963 3612 3027 Quem-

1965 3058 2284 3114 admodum
2314 3056 2472 3112 enim
2506 3053 2725 3129 ﬁgulus
2748 3053 2907 3109 novit
2930 3057 3347 3124 vas,quantum
3379 3052 3617 3123 capit,et

1966 3147 2037 3203 ad
2069 3146 2265 3219 ipsum
2299 3146 2408 3201 fert
2439 3144 2630 3200 lutum
2657 3164 2672 3213 ;
2714 3142 2795 3198 ita
2824 3146 2880 3198 et
2905 3142 3189 3198 Dominus
3235 3140 3305 3195 ad
3339 3140 3617 3196 similitu-

1972 3236 2168 3291 dinem
2202 3233 2445 3306 spiritus
2476 3232 2614 3287 facit
2634 3247 2867 3303 corpus,
2886 3234 2943 3285 et
2965 3230 3035 3285 ad
3069 3228 3387 3300 potentiam
3419 3244 3618 3299 corpo-

202 3321 347 3397 πρὸς
378 3320 477 3389 τὴν
512 3316 735 3392 δύναμιν
762 3316 861 3374 τοῖ’)
890 3320 1144 3392 σώματος
1176 3321 1235 3374 τὸ
1266 3324 1479 3393 πνεῦμα
1499 3318 1858 3390 ἐντίθησι,καὶ

1974 3324 2054 3381 ris
2087 3323 2362 3396 spiritum
2393 3321 2663 3394 imponit,
2696 3324 2753 3375 et
2783 3335 2897 3375 non
2930 3322 3021 3374 est
3042 3319 3167 3388 jam
3202 3333 3317 3372 una
3347 3315 3518 3372 tertia
3547 3332 3616 3371 ex

201 3409 312 3465 οὐκ
368 3405 476 3464 ἔστι
536 3407 731 3463 λοιπὸν
762 3410 838 3482 (2)
865 3407 921 3463 ’ὲν
956 3408 1015 3463 ἐκ
1040 3413 1136 3463 τοῦ
1180 3408 1293 3471 ἑνὸς
1323 3408 1501 3485 τρίτον
1532 3408 1727 3484 τριχός
1759 3411 1857 3483 (3)·

201 3501 440 3572 σταθμῷ
466 3496 567 3574 γὰρ
620 3496 712 3551 καὶ
773 3498 953 3571 μέτρῳ
1003 3498 1092 3553 καὶ
1135 3496 1316 3553 κανόὲι
1344 3503 1489 3552 πᾶσα
1516 3497 1687 3559 κτίσις
1718 3496 1863 3571 Ὑψί-

202 3609 364 3644 στου.
398 3586 495 3642 Καὶ
553 3587 792 3662 καθάπερ
851 3583 992 3641 οἶδεν
1052 3586 1080 3641 6
1135 3585 1404 3663 κεραμεὺς
1461 3586 1576 3649 ἑνὸς
1636 3586 1860 3642 ἑκάστου

196 3678 311 3747 τήν
339 3682 565 3752 χρῆσιν,
597 3676 673 3738 ὡς
705 3676 898 3730 ἱκανοῖο
943 3674 1116 3737 οὕτως
1154 3675 1242 3730 καὶ
1295 3676 1323 3730 6
1367 3674 1563 3752 Κύριος
1631 3675 1745 3730 οἵδε
1798 3675 1861 3731 τὸ

202 3771 399 3839 σῶμα,
428 3761 531 3827 ἓως
570 3763 717 3826 τίνος
750 3761 1017 3840 διαρκέσει
1069 3763 1120 3819 ἐν
1159 3765 1366 3839 ἀγαθῷ,
1399 3763 1487 3820 καὶ
1541 3763 1671 3820 πότε
1702 3763 1863 3840 ἄρχε-

198 3877 296 3912 ται
360 3853 412 3909 ἐν
470 3858 638 3927 κακῷ.
696 3855 820 3911 ’Ότι
868 3853 967 3909 οὐκ
1022 3851 1134 3909 ἔστι
1163 3859 1267 3909 πᾶν
1298 3852 1543 3927 πλάσμα,
1574 3854 1664 3909 καὶ
1719 3860 1864 3909 πᾶσα

200 3942 410 4015 ἔννοια,
446 3944 507 4014 ἢν
565 3942 667 3999 οὐκ
722 3939 859 4020 ἔγνω
910 3941 1131 4020 Κύριος’
1190 3941 1362 3998 πάντα
1416 3944 1519 4019 γὰρ
1578 3940 1859 4019 ἄνθρωπον
1892 3988 1903 4003 .

203 4032 393 4091 ἔκτισε
434 4032 551 4088 κατ’
600 4030 782 4087 εἰκόνα
836 4032 1048 4089 ἑαυτοῦ.
1081 4033 1169 4096 Ὡς
1214 4033 1250 4103 ἡ
1304 4031 1462 4109 ἰσχὺς
1502 4032 1685 4104 αὐτοῦ,
1720 4032 1863 4089 οὕτω

201 4123 302 4178 καὶ
349 4122 414 4176 τὸ
460 4118 613 4197 ἔργον
652 4118 837 4175 αὐτοῦ⁹
889 4120 977 4175 καὶ
1005 4120 1101 4193 [ὡς
1131 4121 1159 4175 6
1187 4124 1312 4184 νοῦς
1352 4119 1538 4189 αὐτοῦ,
1585 4119 1728 4176 οὕτω
1776 4120 1864 4175 καὶ

202 4212 274 4267 τὸ
305 4206 461 4286 ἔργον
494 4209 681 4264 αὐτοῦ·
711 4207 799 4263 καὶ
832 4208 909 4272 ὡς
947 4209 982 4280 ὴ
1014 4206 1330 4285 προαίρεσις
1360 4208 1545 4283 αὐτοῦ,
1577 4207 1720 4265 οὕτω
1776 4209 1865 4265 καὶ

204 4301 246 4371 ἡ
291 4299 485 4374 πρᾶξις
540 4298 726 4353 αὐτοῦ·
778 4296 851 4360 ὡς
902 4299 938 4367 ὴ
989 4296 1183 4374 καρδία
1232 4296 1419 4366 αὐτοῦ,
1477 4297 1620 4354 οὕτω
1667 4298 1757 4354 καὶ
1804 4297 1867 4355 τὸ

1970 3430 2088 3470 uno
2118 3410 2361 3484 capillo;
2394 3411 2647 3483 pondere
2669 3408 2825 3464 enim
2856 3411 2915 3463 et
2941 3423 3220 3462 mensura
3239 3409 3295 3461 et
3323 3404 3527 3477 regula
3550 3405 3614 3469 ιδ,

1970 3502 2164 3559 omnis
2195 3504 2461 3556 creatura
2492 3496 2783 3553 Altissimi
2808 3495 3144 3567 (consistit).
3174 3498 3243 3550 Et
3273 3495 3425 3550 sicut
3456 3493 3617 3548 novit

1971 3590 2187 3664 ﬁgulus
2207 3588 2668 3658 uniuscujusque
2691 3601 2888 3652 usum,
2909 3583 3124 3656 quibus
3147 3584 3322 3639 rebus
3349 3583 3617 3639 sufﬁcere

1971 3682 2147 3752 queat
2177 3679 2220 3713 ¹⁵
2247 3702 2262 3745 ;
2293 3676 2375 3733 ita
2403 3681 2460 3732 et
2505 3675 2788 3731 Dominus
2830 3672 2991 3729 novit
3043 3688 3275 3743 corpus,
3308 3687 3615 3743 usquequo

1970 3766 2227 3824 sufﬁciat
2257 3766 2315 3821 in
2347 3767 2522 3830 bono,
2555 3768 2610 3819 et
2641 3762 2875 3834 quando
2906 3760 3114 3834 incipit
3160 3760 3221 3817 in
3254 3761 3426 3816 malo.
3461 3763 3615 3824 Quo—

1969 3857 2131 3914 niam
2165 3872 2281 3912 non
2303 3857 2393 3911 est
2416 3853 2538 3909 ulla
2566 3855 2963 3919 creatura,nec
2992 3848 3113 3905 ulla
3140 3849 3617 3921 cogitatio,quam

1973 3963 2087 4003 non
2121 3944 2393 4017 cognovit
2434 3942 2721 3998 Dominus
2744 3940 2826 4008 18;
2859 3953 3092 3995 omnem
3124 3939 3279 3993 enim
3319 3935 3616 3991 hominem

1972 4035 2186 4093 creavit
2218 4034 2291 4090 ad
2322 4031 2638 4104 imaginem
2702 4044 2892 4084 suam.
2938 4027 3102 4083 Sicut
3149 4024 3425 4080 fortitudo
3466 4024 3614 4093 ejus,

1972 4125 2055 4181 ita
2083 4128 2140 4180 et
2165 4138 2314 4195 opus
2345 4121 2511 4191 ejus;
2547 4121 2604 4173 et
2634 4116 2788 4173 sicut
2817 4130 2984 4171 mens
3034 4114 3184 4184 ejus,
3235 4113 3317 4167 ita
3363 4115 3421 4167 et
3471 4128 3619 4183 opus

1973 4215 2139 4286 ejus;
2168 4217 2228 4268 et
2280 4210 2435 4266 sicut
2464 4205 2786 4281 praelectio
2834 4205 2981 4275 ejus,
3030 4203 3113 4258 ita
3142 4206 3199 4257 et
3228 4206 3393 4257 actus
3440 4201 3567 4271 ejus
3601 4217 3615 4267 ;

1974 4301 2132 4358 sicut
2156 4316 2254 4356 cor
2278 4300 2428 4369 ejus,
2460 4296 2543 4351 ita
2571 4299 2629 4351 et
2657 4310 2722 4349 os
2752 4293 2879 4364 ejus
2906 4309 2920 4359 ;
2954 4289 3108 4346 sicut
3136 4287 3341 4344 oculus
3373 4287 3619 4360 ejus,ita

202 4388 395 4461 στόμα
423 4387 606 4443 αὐτοῦ’
640 4386 716 4449 ὡς
747 4386 776 4441 6
808 4385 1088 4465 ὀφθαλμὸς
1119 4385 1305 4459 αὐτοῦ,
1338 4386 1481 4442 οὕτω
1522 4387 1612 4443 καὶ
1644 4388 1671 4443 6
1703 4386 1858 4448 ὕπνος

1976 4394 2035 4447 et
2063 4404 2308 4445 somnus
2329 4387 2457 4457 ejus
2484 4402 2498 4452 ;
2530 4384 2684 4439 sicut
2704 4380 2901 4437 anima
2920 4379 3155 4450 ejus,ita
3177 4380 3233 4432 et
3255 4392 3446 4432 sermo
3467 4376 3616 4445 ejus,

202 4477 399 4534 αὐτοῦ·
434 4477 509 4539 ὡς
538 4477 574 4546 ἡ
606 4476 758 4551 ψυχὴ
806 4462 991 4545 animi},
1024 4475 1167 4531 οὕτω
1217 4475 1307 4531 καὶ
1340 4477 1368 4531 6
1400 4474 1563 4553 λόγος
1614 4476 1798 4547 αὐτοῦ,
1830 4476 1858 4547 ἦ

1976 4477 2065 4535 vel
2096 4477 2155 4532 in
2185 4476 2310 4549 lege
2340 4471 2594 4540 Domini,
2618 4470 2705 4526 vel
2737 4469 2796 4523 in
2838 4467 2964 4540 lege
3002 4465 3206 4521 Beliar.
3235 4466 3304 4520 Et
3334 4464 3507 4553 sicut
3532 4462 3618 4517 di-

205 4567 266 4623 ἐν
299 4566 459 4639 νόμῳ
482 4550 772 4641 Κυρίου,ίῆ
802 4563 855 4619 ἐν
900 4564 1053 4639 νόμῳ
1099 4564 1323 4641 Βελιάρ.
1356 4564 1455 4620 Καὶ
1484 4550 1588 4627 ’ὡς
1638 4566 1858 4642 κεχώριι

1978 4569 2170 4624 visum
2203 4568 2292 4620 est
2321 4560 2734 4617 intermedium
2762 4556 2914 4612 lucis
2945 4558 3002 4611 et
3030 4553 3425 4617 tenebrarum,
3458 4550 3619 4606 visus

202 4677 335 4713 παι
368 4638 626 4728 ἆνάμεσον
659 4653 841 4731 φωτὸς
870 4654 960 4709 καὶ
989 4654 1237 4726 σκότους,
1271 4638 1509 4731 όράσεως
1539 4654 1629 4709 καὶ
1670 4638 1858 4725 ἀκοῆς·

1976 4660 2032 4713 et
2060 4653 2297 4711 auditus
2337 4668 2356 4707 :
2386 4649 2470 4705 ita
2511 4647 2763 4703 divisum
2809 4647 2899 4699 est
2939 4641 3353 4698 intermedium
3402 4638 3509 4694 viri
3561 4642 3619 4693 et

201 4744 364 4803 οὕτω
416 4728 747 4820 κεχώρισται
806 4742 1072 4817 ἀνάμεσον
1132 4728 1328 4821 ἀνδρὸς
1385 4742 1477 4797 καὶ
1532 4740 1858 4821 ἀνδρὸς,καῖ

1977 4744 2108 4812 viri,
2140 4746 2196 4798 et
2221 4737 2638 4796 intermedium
2668 4731 2933 4789 mulieris
2983 4733 3041 4787 et
3087 4728 3387 4795 mulieris;
3421 4730 3478 4782 et
3503 4741 3618 4780 non

202 4814 766 4912 hapecovﬂyovamk
794 4830 885 4888 καὶ
913 4814 1190 4909 γυναικός·
1225 4814 1317 4889 καὶ
1349 4831 1448 4890 οὐκ
1476 4814 1645 4888 ἔστιν’
1677 4814 1858 4909 εἰπεῖν,

1980 4835 2072 4891 est
2100 4829 2434 4897 dicendum,
2463 4824 2618 4898 quod
2650 4821 2774 4878 ulla
2799 4820 2860 4876 in
2892 4835 2953 4876 re
2984 4817 3153 4876 faciei
3201 4816 3289 4874 vel
3336 4814 3620 4874 similium

291 5006 341 5047 ιδ
366 5006 504 5079 Sap.
534 5021 614 5065 xx.
644 5005 736 5064 21.
815 5005 861 5045 ¹⁸
890 5005 1028 5079 Sap.
1058 5019 1153 5075 xv,
1182 5003 1241 5062 7.
1317 5003 1362 5041 ¹⁶
1388 5002 1540 5063 Heb.
1568 5020 1641 5062 ιν.
1676 5004 1763 5061 13.

2075 5168 2169 5238 97)
2200 5152 2835 5240 Δεϐόρραςε-Δεξϐόρας.-
2850 5161 2937 5214 In.

2075 5232 2168 5300 98)
2194 5232 2457 5300 Ῥουθὲος.
2485 5232 2782 5290 Ῥουθαῖος.
2817 5233 2897 5300 ιι)2

2075 5296 2663 5425 ἳὲλὶᾟγμαλωτεύθη.
2696 5296 3154 5425 ¹ῌέμαλιυτίσθη.
3187 5300 3267 5351 In.
3506 5358 3518 5377 ’
3566 5358 3579 5378 ε

2239 5390 2269 5425 Λ
2299 5396 2435 5425 mmr
2470 5373 2770 5425 Καινόσπου
2809 5370 2866 5425 ός
2912 5391 3017 5425 μου
3054 5371 3089 5425 ἡ
3138 5365 3398 5425 θυγάτηρο
3453 5361 3579 5415 Ευθι

2079 5361 2435 5454 ἱόὸὴῒῆᾠγς
2470 5361 2866 5454 amyclaei.ij
2912 5391 3017 5454 μρυ
3054 5371 3089 5438 ἡ
3119 5361 3398 5454 ἱθυγάτηρ.
3453 5361 3627 5421 Εὐθὺς

1980 5439 2365 5530 γάρτεσὶθεῖοἶα
2394 5443 2620 5530 ἔσπευδε
2646 5439 3166 5530 θηλάζεινἐ188ιιῐιί;.
3200 5441 3286 5495 ID.

289 5174 409 5249 (94)
434 5168 718 5249 ἘκλήΘ-ην,
771 5167 1109 5249 ῌεφθαλείμ.
1164 5170 1527 5249 Pecuiiarem
1586 5172 1874 5249 rationem

206 5244 481 5305 nominis
510 5244 887 5318 Nephthalﬁim
918 5244 1179 5318 assignat
1209 5248 1414 5300 auctor
1435 5248 1659 5318 noster,
1686 5244 1872 5299 diver-

206 5334 350 5378 sam
382 5319 454 5373 ab
483 5334 552 5390 ea
573 5313 701 5390 qua:
728 5334 760 5373 a
792 5313 1020 5390 Moyse,
1042 5313 1249 5373 Genes.
1270 5332 1406 5390 xxx,
1424 5316 1480 5382 8,
1510 5313 1784 5385 traditur,
1807 5330 1873 5370 ac

204 5390 469 5466 proinde
497 5386 655 5466 haud
686 5386 1495 5466 approbandam.-Genuinurn
1520 5394 1714 5466 autem
1747 5402 1878 5442 sen-

208 5458 361 5520 sum
408 5461 589 5533 hujus
635 5458 914 5528 nominis,
944 5475 995 5515 e:
1046 5459 1357 5533 verborum
1410 5458 1624 5533 Moysis
1672 5459 1742 5533 d_e
1784 5473 1871 5526 eo,

2052 5170 2073 5453 ἓ

210 5514 995 5592 ἆᾶἷυιίῖᾌοωῶεῇιᾶιοὶυθε
1049 5529 1110 5586 in
1149 5531 1391 5587 citatum
1441 5514 1633 5587 loéum
1687 5521 1858 5585 Gens?

1993 5514 2006 5530 ’
2160 5514 2623 5592 ’λποστολὴνμκαὶ
2655 5514 2894 5592 omissa.
2930 5515 3014 5570 Ιι),

211 5586 749 5665 Eééstan—afw"
982 5586 986 5587 ⁷
1162 5586 1169 5587 “
1382 5586 1387 5587 ί
1476 5586 1479 5587 ί

2054 5586 2131 5665 (2)
2163 5593 2389 5665 Λοιπόν.
2424 5587 2733 5665 Έλλεῖπον.
2760 5586 2839 5665 Ιρ.
2961 5655 2972 5665 _
3400 5652 3416 5665 .
3457 5649 3483 5665 ,ε
3554 5648 3581 5659 η

2077 5649 2133 5742 3)
2160 5664 2348 5742 Τρίτον
2377 5659 2591 5738 τριχός.
2622 5657 2832 5716 Omnia
2860 5655 3079 5715 omissa
3128 5668 3315 5726 usque
3348 5652 3420 5709 ad
3450 5649 3486 5719 ἢ
3515 5649 3624 5701 τῶν

2113 5525 2133 5738 ξ

2054 5529 2072 5741 Ξ

325 5676 416 5749 95)
447 5673 652 5749 Εὐχᾴς-
682 5669 976 5749 Ειέλογίαεο
1010 5671 1093 5749 ID:

325 5677 397 5731 95
447 5677 652 5749 Εὐχάς.
682 5677 976 5748 Εὖλογίας.
1010 5677 1093 5728 ID.
2055 5677 2133 5741 (3)
2160 5677 2330 5742 Τριτοπ

298 5677 419 5821 (96)
446 5744 718 5806 Ῥουθὲου.
743 5741 1045 5812 Ῥουθαίοο.
1077 5746 1162 5803 ID.
1982 5735 2217 5814 ὁμοίων.
2245 5737 2330 5799 ID.
