4036 6356
182 416 338 477 1109

1314 416 1910 481 TESTAMENTUM
1954 417 2445 482 NEPHTALIM.

3428 420 3586 480 1110

253 553 323 605 Δ’,
356 570 384 601 ‹‹
414 550 588 602 Ταῦτα
617 545 788 622 λέγω,
821 544 979 602 τέκνα
1014 567 1140 620 μου,
1174 545 1257 603 ὅτι
1299 548 1529 624 ἀνέγνων
1558 546 1609 602 ἐν
1645 551 1830 625 Γραφῇ

2019 550 2107 605 1V.
2150 572 2177 603 ‹‹
2209 553 2335 608 Haec
2368 552 2517 623 dico,
2554 551 2656 607 ﬁlii
2689 551 2825 623 mei,
2857 551 3133 624 quoniam
3171 551 3280 623 legi
3338 550 3395 606 in
3429 552 3582 607 Scri-

181 637 314 714 άγίᾳ
359 638 473 711 (19)
520 636 722 711 Ἑνὼχ,
773 636 856 690 ’ὁτι
910 636 999 691 καί
1043 658 1103 712 γε
1145 638 1300 709 ὑμεῖς
1332 638 1696 707 ἀποστήσεσθε
1726 636 1831 692 ἀπὸ

178 726 404 804 Κυρίου,
446 725 808 801 πορευόμενοι
861 725 997 779 κατᾶ
1025 732 1195 780 πᾶσαν
1229 726 1494 803 πονηρίαν
1528 725 1709 795 έθνῶν,
1741 724 1831 781 καὶ

177 817 440 885 ποιήσετε
492 815 630 868 κατὰ
682 818 853 867 πᾶσαν
901 814 1128 887 ἀνομίαν
1180 813 1462 887 Σοδόμων.
1516 814 1613 869 Καὶ
1654 813 1832 885 ἐπάξει

187 905 316 978 ὑμῖν
369 903 567 979 Κύριος
600 902 1008 978 αἰχμαλωσίαν,
1063 904 1151 958 καὶ
1201 901 1516 959 δουλεύσετε
1577 902 1687 958 ἐκεῖ
1712 908 1831 966 τοῖς

180 992 400 1067 ἐχθροῖς
434 993 606 1066 ὑμῶν,
637 991 728 1046 καὶ
760 992 902 1065 πάσῃ
930 993 1163 1046 κακώσει
1193 992 1281 1047 καὶ
1332 990 1510 1065 θλίψει
1563 988 1829 1065 συγκαλυ-

179 1084 446 1159 φθήσεσθε
495 1084 631 1154 (20),
671 1076 780 1143 ἕως
830 1079 887 1134 ἂν
922 1079 1175 1155 ἀναλώσῃ
1207 1081 1402 1158 Κύριος
1433 1082 1634 1142 πάντας
1666 1080 1829 1153 ὑμᾶς.

178 1170 284 1225 Καῖ
336 1169 469 1243 μετὰ
517 1169 580 1224 τὸ
662 1167 992 1244 ὀλιγωθῆναι
1062 1169 1200 1242 ὑμᾶς
1259 1168 1349 1225 καὶ
1411 1175 1828 1243 σμικρυνθῆναι,

179 1258 527 1333 ἐπιστρέφετε
573 1258 663 1312 καὶ
714 1257 1068 1331 ἐπιγνώσεσθε
1116 1258 1308 1334 Κύριον
1356 1255 1448 1313 τὸν
1494 1256 1623 1313 Θεὸν
1655 1257 1826 1329 ὑμῶν·

176 1348 273 1402 καὶ
315 1345 618 1423 ἐπιστρέψει
670 1346 808 1420 ὑμᾶς
859 1346 933 1407 είς
977 1348 1077 1415 τήν
1107 1350 1206 1423 γῆν
1234 1347 1408 1419 ὑμῶν,
1438 1346 1568 1402 κετᾶ
1592 1346 1656 1401 τὸ
1685 1344 1831 1401 πολὺ

178 1435 349 1491 αὐτοῦ
398 1434 570 1498 ἔλεος.
625 1434 724 1491 Καί
772 1433 939 1508 ἔσται,
990 1435 1067 1490 ὅτ’
1090 1436 1149 1490 ἂν
1183 1438 1395 1509 ἥξουσιν
1424 1436 1475 1491 ἐν
1505 1439 1576 1512 γῇ
1607 1435 1833 1511 πατρώῃ

178 1524 383 1597 αὐτῶν,
428 1524 591 1579 πάλιν
644 1522 1007 1580 ἐπιλάθωνται
1066 1525 1286 1601 Κυρίου,
1343 1525 1433 1580 καὶ
1482 1519 1828 1597 ἀσεϐήσουσι,

172 1613 269 1668 καὶ
298 1611 573 1691 διασπερεῖ
602 1613 794 1675 αὐτοὺς
829 1612 1031 1689 Κύριος
1065 1612 1151 1669 ἐπὶ
1182 1615 1481 1691 προσώπου
1510 1615 1688 1684 πάσης
1726 1619 1829 1682 τῆς

170 1709 309 1777 γῆς,
343 1699 474 1778 ἄχρι
502 1705 597 1757 τοῦ
629 1700 803 1766 ἐλθεῖν
832 1702 895 1757 τὸ
928 1701 1239 1779 σπλάγχνον
1278 1702 1495 1777 Κυρίου,
1547 1699 1829 1778 ἄνθρωπος

166 1796 353 1846 ποιῶν
400 1789 771 1861 δικαιοσύνην,
814 1792 903 1846 καὶ
956 1795 1129 1847 ποιῶν
1180 1791 1333 1855 ἔλεος
1366 1791 1441 1854 εἰς
1471 1792 1674 1854 πάντας
1702 1790 1831 1854 τοὺς

172 1880 408 1954 μακρὰν,
440 1879 527 1935 καὶ
556 1880 684 1943 τοὺς
713 1878 870 1957 ἐγγύς
900 1881 1038 1952 (21).

242 2058 319 2115 Ε’.
352 2082 380 2110 ‹‹
435 2060 520 2113 Ἐν
570 2059 671 2135 γὰρ
720 2056 825 2115 ἔτει
868 2062 1279 2135 τεσσαρακοστῷ
1330 2063 1473 2128 ζωῆς
1523 2078 1649 2133 μου,
1681 2055 1821 2113 εἶδον

167 2146 226 2201 ἐν
262 2141 440 2221 ὄρεσιν
474 2149 589 2221 (22)
619 2144 805 2202 ἐλαίου
837 2150 948 2219 (23)
978 2147 1114 2203 κατὰ
1142 2146 1409 2209 ἀνατολὰς
1439 2145 1824 2222 Ἰερουσαλὴμ,

167 2234 261 2291 ὅτι
299 2237 328 2290 6
358 2233 520 2304 ἥλιος
563 2234 652 2290 καὶ
697 2238 733 2306 ἡ
776 2234 981 2306 σελήνη
1014 2233 1265 2306 ἓπηκαν.
1301 2235 1398 2290 Καὶ
1421 2232 1539 2290 ἰδοὺ
1565 2234 1746 2291 Ἰσαὰκ
1799 2235 1828 2289 6

169 2325 364 2399 πατὴρ
386 2328 482 2379 τοῦ
514 2323 716 2400 πατρός
752 2346 857 2398 μου
890 2325 1032 2400 λέγει
1073 2327 1208 2398 ἡμῖν
1236 2343 1247 2355 '
1302 2349 1330 2376 ‹‹
1380 2321 1828 2399 Προσδραμόντες

166 2414 482 2489 κρατήσατε
512 2410 735 2475 ἕκαστος
765 2414 900 2468 κατᾶ
949 2411 1173 2487 δύναμιν
1206 2432 1220 2446 ο
1272 2413 1360 2467 καὶ
1400 2418 1496 2467 τοῦ
1541 2414 1831 2475 πιάσαντος

170 2500 328 2556 ἔσται
362 2502 390 2556 6
439 2500 602 2571 ἥλιος
648 2502 739 2557 καὶ
787 2504 821 2572 ἡ
855 2500 1082 2573 σελήνη⁹
1120 2524 1150 2554 ‹‹
1186 2502 1285 2556 Καὶ
1314 2500 1506 2564 πάντες
1540 2503 1680 2576 ὁμοῦ
1712 2501 1831 2556 έπε-

176 2588 471 2666 δράμομεν
497 2608 510 2622 ο
544 2590 632 2646 καὶ
665 2592 694 2646 6
722 2592 850 2645 Aeci
882 2589 1144 2666 ἐκράτησε
1170 2591 1260 2645 τὸν
1290 2588 1473 2661 ἥλιον,
1505 2590 1593 2645 καὶ
1627 2592 1655 2645 6
1700 2588 1833 2645 Ἰού-

179 2677 287 2739 δας
334 2677 535 2752 φθάσας
583 2678 767 2735 έπίασε
805 2680 905 2748 τὴν
956 2678 1227 2751 σελήνην·
1277 2678 1365 2734 καὶ
1412 2679 1701 2753 ὑψώθησαν
1730 2678 1833 2752 ἀμ-

179 2766 409 2845 φότεροι
438 2766 529 2821 σὺν
561 2767 766 2829 αὑτοῖς.
799 2767 899 2822 Καὶ
928 2765 1083 2830 ὅντος
1112 2770 1209 2822 τοῦ
1242 2766 1371 2822 Λευῒ
1400 2765 1474 2828 ὡς
1505 2763 1691 2835 ἡλίου,
1722 2784 1836 2820 νεα-

174 2856 301 2917 νίας
347 2877 431 2919 τις
480 2853 792 2911 ἐπιδίδωσιν
837 2854 983 2929 αύτῷ
1019 2856 1146 2932 βάϊα
1174 2854 1432 2931 φοινίκων
1466 2849 1556 2924 ιϐ’,
1584 2854 1673 2910 καὶ
1705 2852 1835 2909 Ἰούο

180 2942 284 3006 δας
331 2945 398 3015 ἦν
448 2943 723 3021 λαμπρὸς,
782 2945 857 3007 ὡς
912 2947 947 3015 ἡ
997 2943 1223 3016 σελήνη,
1255 2944 1344 3000 καὶ
1378 2944 1481 2999 ὑπὸ
1509 2943 1637 3005 τοὺς
1667 2940 1836 3006 πόδας

179 3034 353 3089 αὐτοῦ
403 3035 536 3104 ἦσαν
586 3029 656 3088 ιϐ’
686 3034 916 3097 ἀκτῖνες.
965 3034 1063 3089 Καὶ
1095 3030 1532 3109 προσδραμόντες
1561 3030 1835 3103 ἀλλήλοις

183 3124 215 3179 6
249 3123 383 3177 Λευῖ
429 3123 517 3177 καί
567 3123 595 3177 6
643 3120 872 3190 Ἰούδας,
923 3121 1219 3196 ἐκράτησαν
1271 3121 1513 3184 ἑαυτούς.
1570 3121 1667 3175 Καὶ
1718 3118 1838 3176 ἰδοὺ

1942 642 2113 711 ptura
2142 645 2344 697 sancta
2375 642 2591 710 Enocb,
2626 642 2779 713 quod
2811 645 2869 697 et
2911 658 3013 697 vos
3072 641 3351 696 recedetis
3409 658 3442 695 a
3475 642 3582 695 Do-

1942 727 2501 796 mino,ambulantes
2532 732 2857 787 secundum
2881 746 3113 786 omnem
3138 728 3424 785 malitiam
3451 746 3587 800 gen-

1940 818 2087 872 tium
2119 822 2177 874 et
2208 818 2431 875 facietis
2458 820 2783 875 secundum
2811 835 3045 874 omnem
3075 818 3447 890 iniquitatem
3480 819 3582 873 So-

1941 905 2271 961 domorum.
2305 908 2373 962 Et
2402 908 2639 962 inducet
2668 907 2830 963 vobis
2860 906 3146 963 Dominus
3180 907 3582 978 captivitatem

1940 999 1999 1050 et
2028 994 2291 1051 servietis
2322 995 2443 1050 illic
2470 996 2726 1052 inimicis
2770 996 2999 1063 vestris,
3032 999 3089 1050 et
3136 996 3295 1050 omni
3328 1012 3498 1067 poena
3528 1000 3587 1050 et

1939 1083 2934 1156 tribulatlonecomprehendemini,
2950 1099 3255 1155 usquequo
3278 1088 3585 1139 consumat

1945 1171 2227 1227 Dominus
2260 1189 2463 1229 omnes
2500 1190 2621 1228 vos.
2682 1172 2752 1227 Et
2807 1177 3119 1244 postquam
3178 1172 3346 1244 pauci
3394 1172 3582 1227 effecti

1942 1262 2168 1318 fueritis
2199 1267 2254 1317 et
2281 1262 2576 1332 minorati,
2610 1262 2979 1317 revertemini
3008 1266 3065 1317 et
3096 1262 3581 1333 cognoscetisDo-

1940 1350 2170 1406 minum
2208 1352 2385 1407 Deum
2418 1354 2703 1418 vestrum;
2734 1354 2791 1407 et
2815 1354 3111 1406 convertet
3139 1368 3242 1406 vos
3273 1350 3331 1405 in
3363 1355 3578 1405 terram

1936 1443 2189 1495 vestram
2221 1440 2544 1495 secundum
2585 1439 2835 1495 multam
2893 1439 3355 1496 miscricordiam
3409 1453 3579 1494 suam

1939 1528 2008 1583 Et
2036 1528 2164 1597 erit,
2198 1545 2330 1584 cum
2362 1528 2627 1584 venerint
2656 1528 2715 1583 in
2745 1532 2961 1583 terram
3022 1533 3257 1600 patrum
3313 1544 3578 1595 suorum,

1939 1633 2147 1673 rursus
2177 1616 2591 1674 obliviscantur
2620 1617 2947 1684 Domini,et
2976 1616 3153 1688 impie
3182 1621 3375 1689 agent,
3402 1620 3461 1671 et
3491 1616 3580 1670 di-

1939 1709 2172 1778 sperget
2195 1722 2295 1762 eos
2324 1706 2609 1762 Dominus
2640 1722 2814 1777 super
2844 1705 3050 1761 faciem
3083 1705 3364 1760 universa;
3396 1708 3579 1772 terras,

1939 1810 2244 1867 usquequo
2257 1793 2473 1850 venerit
2494 1794 2895 1850 misericordia
2916 1792 3346 1864 Domini,homo
3369 1793 3584 1848 faciens

1931 1883 2228 1956 justitiam
2266 1887 2323 1939 et
2352 1882 2571 1939 faciens
2613 1882 3078 1939 misericordiam
3125 1882 3185 1937 in
3225 1898 3451 1948 omnes,
3484 1880 3585 1954 qui

1935 1972 2107 2045 longe
2137 1976 2296 2038 sunt,
2328 1976 2388 2028 et
2421 1972 2521 2044 qui
2545 1988 2723 2045 prope
2753 1975 2893 2028 sunt
2922 1972 2987 2027 ’3.

2002 2061 2072 2116 V.
2111 2084 2138 2112 ‹‹
2172 2062 2235 2118 In
2267 2078 2421 2118 anno
2455 2062 2615 2117 enim
2648 2060 3100 2133 quadragesimo
3130 2059 3262 2115 vita;
3293 2057 3579 2130 meaa,vidi

1934 2150 1994 2205 in
2029 2151 2328 2206 montibus
2359 2150 2470 2206 olei
2500 2168 2703 2206 versus
2734 2150 3017 2206 orientem
3045 2149 3395 2213 Jerusalem,
3419 2148 3576 2220 quod

1938 2240 2024 2295 sol
2054 2244 2112 2295 et
2141 2239 2281 2294 luna
2310 2244 2598 2295 steterunt
2627 2240 2692 2293 ²⁴.
2727 2240 2794 2294 Et
2821 2254 2951 2295 ecce
2982 2239 3143 2293 Isaac
3188 2244 3353 2310 pater
3396 2237 3583 2309 patris

1939 2328 2053 2384 mei
2081 2329 2221 2383 dicit
2251 2329 2420 2383 nobis
2453 2345 2465 2382 :
2499 2350 2527 2379 «
2552 2330 2903 2383 Accurentes
2954 2331 3143 2383 tenete
3177 2326 3583 2398 unusquisque

1939 2418 2263 2475 secundum
2295 2418 2568 2473 virtutem
2601 2433 2769 2472 suam
2802 2435 2815 2485 ;
2849 2421 2906 2472 et
2954 2415 3443 2489 apprehendentis
3472 2414 3584 2470 erit

1940 2506 2025 2562 sol
2057 2512 2113 2562 et
2147 2505 2305 2561 luna.
2339 2526 2367 2556 »
2403 2506 2473 2561 Et
2520 2522 2725 2561 omnes
2769 2504 2947 2561 simul
2996 2504 3446 2560 accurrebamus
3481 2520 3495 2571 ;
3524 2508 3581 2559 et

1940 2596 2069 2651 Levi
2102 2595 2289 2650 tenuit
2317 2597 2523 2664 solem,
2556 2599 2613 2649 et
2642 2594 2823 2649 Judas
2863 2594 3218 2665 praeveniens
3248 2592 3579 2665 apprehen-

1942 2685 2028 2740 dit
2056 2683 2291 2752 lunam;
2326 2688 2384 2738 et
2411 2681 2646 2738 exaltati
2679 2686 2817 2737 sunt
2849 2683 3020 2737 ambo
3042 2698 3174 2738 cum
3208 2682 3313 2737 eis.
3348 2681 3415 2736 Et
3445 2697 3582 2737 cum

1942 2777 2096 2831 esset
2127 2772 2260 2828 Levi
2291 2772 2439 2827 sicut
2470 2771 2577 2842 sol,
2602 2771 2839 2843 juvenis
2870 2771 3106 2843 quidam
3138 2771 3380 2826 tradidit
3409 2770 3460 2826 ei
3492 2788 3583 2825 ra-

1944 2879 2073 2918 mos
2102 2860 2428 2934 palmarum
2465 2860 2772 2916 duodecim
2799 2877 2812 2916 ε
2837 2860 3089 2916 etJudas
3115 2865 3238 2915 erat
3273 2859 3590 2931 splendens

1946 2954 2012 3007 ut
2038 2951 2200 3018 luna,
2233 2954 2290 3006 et
2319 2951 2430 3006 sub
2462 2950 2709 3021 pedibus
2738 2950 2867 3020 ejus
2898 2953 3063 3004 erant
3094 2950 3161 3003 12
3190 2949 3359 3004 radii.
3392 2948 3460 3003 Et
3491 2964 3591 3002 ac-

1946 3044 2247 3097 currentes
2278 3039 2351 3094 ad
2383 3055 2445 3095 se
2474 3038 2723 3093 invicem
2753 3038 2939 3093 Judas
2970 3042 3027 3093 et
3056 3037 3208 3104 Levi,
3252 3040 3587 3093 tenuerunt.

1947 3130 2192 3200 seipsos.
2225 3129 2295 3183 Et
2323 3144 2455 3183 ecce
2483 3132 2685 3183 taurus
2716 3127 2776 3182 in
2815 3132 2992 3193 terra,
3036 3126 3261 3183 habens
3311 3126 3426 3181 duo
3457 3142 3590 3181 cor-

179 3214 387 3285 ταῦρος
445 3210 531 3265 ἐπὶ
579 3214 680 3280 τῆς
731 3218 858 3286 γῆς,
905 3207 1047 3287 ἔχων
1104 3208 1199 3266 δύο
1246 3211 1444 3287 κέρατα
1484 3210 1718 3286 μεγάλα,
1748 3208 1837 3264 καὶ

1954 3235 2065 3273 nua
2098 3233 2331 3288 magna,
2348 3220 2405 3271 et
2433 3216 2555 3271 alas
2583 3214 2791 3287 aquilas
2823 3215 2882 3270 in
2913 3215 3084 3270 dorso
3115 3215 3279 3285 ejus;
3313 3218 3372 3269 et
3394 3212 3592 3269 volen-

180 3299 460 3376 πτέρυγας
508 3299 665 3355 ἀετοῦ
713 3298 799 3354 ἐπὶ
849 3304 946 3354 τοῦ
989 3300 1165 3355 νώτου
1217 3300 1381 3355 αύτοῦ
1408 3319 1421 3332 °
1466 3300 1555 3355 καὶ
1589 3297 1837 3364 θέλοντες

1954 3312 2036 3362 tes
2062 3305 2499 3377 apprehendere
2528 3320 2684 3370 eum,
2718 3319 2830 3357 non
2864 3302 3184 3374 potuimus.
3231 3300 3595 3356 Prasveniens

182 3389 354 3445 αὐτὸν
403 3389 610 3461 πιάσαι,
659 3388 757 3445 οὐκ
802 3387 1175 3461 ἠδυνήθημεν.
1242 3388 1455 3452 Φθάσας
1520 3386 1577 3444 δὲ
1643 3389 1841 3467 Ἰωσὴφ

180 3473 384 3533 ἔλαϐεν
417 3477 597 3546 αὐτὸν,
628 3477 718 3533 καὶ
750 3475 1013 3547 συνῆλθεν
1051 3477 1197 3549 αὐτῷ
1229 3478 1304 3540 εἷς
1343 3477 1499 3551 ὕψος.
1543 3476 1641 3531 Καὶ
1698 3474 1842 3531 εἶδον

182 3565 302 3633 (ὅτι
354 3564 507 3640 ἤμην
556 3567 745 3643 παρὼν
795 3567 928 3640 έκεῖ)
974 3566 1063 3621 καὶ
1118 3564 1236 3622 ἰδού
1282 3566 1469 3645 Γραφή
1515 3565 1637 3642 ἀγία
1685 3562 1840 3643 ὢφθη

182 3658 359 3728 ἡμῖν,
416 3653 686 3730 λέγουσασ
744 3679 771 3708 ‹‹
826 3654 1120 3729 Ἀσσύριει,
1170 3652 1373 3726 Μῆδοι,
1420 3653 1641 3729 Πέρσαι,
1686 3654 1843 3710 Ἐλυ-

191 3747 363 3816 μαῖοι
393 3745 530 3816 (24),
582 3740 878 3819 Γελαχαῖοι
928 3746 1068 3815 (25).
1099 3740 1385 3813 Χαλδαῖοι,
1422 3741 1607 3817 Σύροι,
1640 3742 1846 3816 κληρο-

182 3833 531 3905 νομήσουσιν
562 3830 927 3907 αἰχμπλωσίᾳ
962 3830 1029 3886 τὰ
1063 3826 1127 3886 ιϐ’
1157 3838 1405 3907 σκῆπτρα
1434 3829 1529 3885 τοῖ’)
1561 3830 1778 3908 Ἰσραήλ
1816 3854 1846 3883 ››

272 3921 339 3989 ζ’.
378 3944 407 3972 (ι
438 3922 544 3977 Καὶ
592 3918 759 3976 πάλιν
808 3922 941 3994 μετὰ
994 3922 1163 3993 μῆνας
1196 3920 1329 3975 ἑπτὰ
1359 3916 1499 3975 είδον
1524 3920 1615 3974 τὸν
1646 3921 1851 3997 πατέρα

181 4011 359 4084 ἡμῶν
410 4004 627 4081 Ἰακὼϐ,
680 4008 943 4079 ἑστηκότα
985 4008 1036 4065 ἐν
1079 4012 1146 4083 τῇ
1198 4008 1439 4083 θαλάσσῃ
1478 4007 1659 4082 Ἰαμνέ
1713 4011 1845 4085 (26)·

178 4098 283 4155 καὶ
314 4101 481 4172 ἡμεῖς
512 4099 566 4153 οἱ
596 4098 710 4153 υἱοί
740 4098 871 4155 αὐτο
901 4100 1030 4153 ὖσὺν
1058 4098 1224 4170 αὐτῷ.
1256 4099 1357 4155 Καὶ
1390 4096 1508 4153 ἰδοὺ
1530 4096 1726 4153 πλοῖον
1748 4096 1847 4176 ἤρ-

188 4208 336 4265 χετο
387 4187 697 4265 ἀρμενίζον,
751 4188 942 4261 μεστὸν
998 4187 1261 4263 ταρίχων,
1312 4187 1463 4249 ἓκτὸς
1508 4191 1715 4243 ναυτῶν
1761 4188 1851 4243 καί

191 4273 562 4351 κυϐερνήτου·
611 4277 977 4353 ἐπεγέγραπτο
1023 4273 1099 4348 δὲ,
1130 4277 1192 4331 τὸ
1232 4276 1426 4332 πλοῖον
1479 4272 1693 4333 Ἰακώϐ.
1753 4278 1852 4333 Καὶ

186 4368 350 4443 λέγει
376 4368 509 4440 ἡμῖν
547 4367 576 4421 ὁ
604 4367 786 4442 πατὴρ
816 4368 1003 4438 ἡμῶν
1042 4389 1069 4418 ‹‹
1101 4359 1391 4439 Ἐμϐὦμεν
1425 4365 1503 4429 είς
1545 4364 1612 4420 τὰ
1659 4363 1851 4421 πλοῖεν

188 4459 391 4531 ἡμῶν.
439 4478 469 4508 ››
517 4459 601 4517 Ὠς
646 4452 704 4510 δὲ
753 4454 1073 4530 ρίσήλομεν,
1123 4452 1322 4531 γίνεται
1354 4458 1567 4530 χειμῶν
1599 4451 1851 4533 σφοδρὸς,

188 4544 291 4601 καὶ
342 4541 555 4617 λαῖλαψ
609 4543 812 4616 ἀνέμου
873 4541 1134 4620 μεγάλου,
1198 4541 1290 4597 καὶ
1350 4541 1639 4619 ἐφεπτᾶται
1679 4544 1792 4616 (27)
1826 4544 1854 4599 6

272 4653 324 4689 ³³
356 4652 567 4725 Ephes.
602 4667 663 4719 ιι,
698 4652 785 4706 17.
882 4651 930 4686 ³⁸
956 4651 1170 4707 Habac.
1202 4667 1288 4718 ιιι,
1325 4652 1411 4706 11.

1962 3398 2157 3451 autem
2188 3393 2405 3465 Jpseph
2438 3393 2592 3465 cepit
2618 3407 2774 3458 eum,
2814 3396 2872 3447 et
2914 3390 3177 3446 ascendit
3204 3407 3338 3446 cum
3378 3390 3504 3462 ipso
3536 3392 3597 3445 in

1952 3482 2268 3540 excelsum.
2305 3483 2372 3537 Et
2400 3481 2517 3536 vidi
2549 3480 2849 3553 (quoniam
2886 3480 3121 3535 aderam
3155 3479 3320 3551 illic),
3368 3486 3425 3535 et
3467 3495 3599 3535 ecce

1954 3572 2256 3644 Scriptura
2285 3574 2490 3626 sancta
2522 3569 2796 3641 apparuit
2828 3569 3015 3638 nobis,
3057 3567 3257 3624 dicens
3293 3587 3306 3637 ;
3343 3568 3601 3641 «Assyrii

1955 3661 2128 3725 Medi,
2147 3664 2356 3726 Persae,
2372 3658 2626 3731 Elymaei,
2642 3657 2948 3729 Gelachaai,
2963 3656 3240 3725 Chaldaei,
3255 3657 3403 3730 Syri,
3420 3658 3602 3713 haere-

1955 3750 2197 3806 ditatem
2220 3747 2570 3804 obtinebunt
2590 3747 2648 3802 in
2668 3747 3002 3819 captivitate
3018 3748 3086 3802 12
3106 3751 3337 3818 sceptra
3359 3746 3557 3801 Israel.
3574 3767 3604 3795 »

2027 3926 2124 3981 Vl.
2157 3948 2186 3976 «
2218 3926 2289 3981 Et
2320 3941 2526 3980 rursus
2556 3928 2690 3995 post
2720 3939 2954 3980 menses
2983 3927 3205 3995 septem
3238 3923 3348 3977 vidi
3379 3926 3604 3994 patrem

1960 4018 2226 4071 nostrum
2256 4013 2719 4079 Jacob,stantem
2746 4011 2804 4067 in
2837 4011 2981 4067 mari
3001 4012 3211 4067 Jamne
3242 4028 3257 4079 ;
3290 4016 3345 4065 et
3375 4028 3480 4065 nos
3501 4010 3608 4064 filii

1959 4105 2090 4175 ejus
2116 4119 2250 4159 cum
2283 4118 2370 4157 eo.
2406 4102 2472 4156 Et
2500 4117 2632 4156 ecce
2670 4100 2833 4156 navis
2878 4100 3037 4155 venit
3083 4099 3398 4165 veliﬁcans,
3434 4099 3606 4170 plena

1961 4192 2133 4249 siccis
2163 4189 2595 4256 carnibus,sine
2624 4188 2820 4245 nautis
2852 4193 2907 4243 et
2927 4189 3315 4259 gubernatore
3347 4204 3359 4241 :
3396 4187 3604 4242 inscri-

1958 4282 2211 4338 bebatur
2248 4283 2470 4343 autem,
2501 4279 2666 4334 Navis
2693 4278 2874 4334 Iacob.
2932 4278 3001 4331 Et
3031 4276 3174 4331 dixit
3221 4276 3390 4331 nobis
3446 4280 3610 4348 pater

1961 4372 2164 4425 noster
2195 4383 2208 4423 :
2247 4389 2275 4417 ‹‹
2304 4367 2707 4422 Ascendamus
2738 4365 2799 4421 in
2832 4381 3037 4420 navem
3069 4365 3471 4421 nostram.»Ut
3501 4382 3607 4421 au-

1960 4463 2078 4514 tem
2110 4455 2484 4520 intravimus,
2516 4454 2670 4510 facta
2697 4456 2788 4508 est
2818 4456 3138 4524 tempestas
3166 4452 3505 4517 vehemens,
3550 4456 3608 4507 et

1962 4546 2136 4603 turbo
2165 4543 2321 4600 venti
2353 4540 2553 4614 magni
2587 4558 2601 4611 ;
2635 4545 2689 4597 et
2729 4540 2919 4597 avolat
2947 4545 3112 4613 pater
3131 4544 3381 4596 nostera
3411 4538 3603 4610 nobis,

274 4759 397 4832 (19)
423 4754 601 4831 Ἀγίᾳ.
634 4760 758 4813 Vox
779 4752 902 4833 ἁγίᾳ
928 4773 1044 4812 non
1076 4756 1292 4829 legitur
1320 4756 1378 4812 in
1424 4772 1535 4814 ms.
1581 4761 1833 4817 Cantabr

1965 4757 2141 4813 habet
2158 4773 2187 4833 _;
2220 4758 2282 4812 In
2311 4756 2467 4833 ζηατί
2494 4756 2745 4833 Ιαηιηιςςε.
2768 4754 2921 4833 _Hinc
2951 4752 3187 4833 conjicit
3213 4752 3302 4833 vir
3357 4770 3613 4833 κριτικω-

184 4839 391 5024 ΟῙΞΑ23)
424 4896 965 5024 Συγκθαλυφθήσεσθε.
1002 4897 1521 4988 ’ᾼναστραφήσεσθι
1557 4901 1638 4956 ID.

294 4975 391 5024 21)
424 4972 506 5024 Κα
554 4991 818 5024 εσται.....
847 4967 937 5024 καὶ
966 4988 1094 5024 τους
1128 4968 1312 5024 ἐγγυς.
1357 4971 1587 5024 Omissa
1631 4991 1638 5024 ι

295 4906 391 4967 20)
424 4906 965 5024 Συγκαλυφθήσεσθε.
1002 4906 1521 4975 ’Δναστραφήσεσθε.
1557 4906 1638 4956 ID.

184 4906 391 5106 IDE21)
424 4972 506 5028 Κα
554 4966 818 5027 ἕσται.....
847 4967 937 5024 καὶ
966 4967 1094 5031 τοὺς
1128 4968 1312 5045 ἐγγύς.
1357 4971 1587 5028 Omissa
1631 4970 1849 5028 omnia.

274 5090 393 5238 (22)
422 5114 510 5168 Ἐν
539 5107 736 5238 ὄρεσιν.
770 5112 923 5197 Adcl.
949 5108 1000 5165 ἓν
1036 5108 1253 5187 ὀνείρῳ,
1286 5108 1388 5168 δτι.
1413 5116 1497 5168 ID.

296 5189 371 5238 23
425 5183 556 5238 Ἐλα
585 5205 668 5238 ου.
712 5180 962 5238 Ἐλαιων.
1000 5188 1082 5238 ID.

296 5118 372 5172 22
422 5115 510 5168 Ἐν
539 5115 568 5167 ὅ
608 5132 736 5169 εσιν.
770 5115 923 5167 Add.
949 5115 1000 5165 ὲν
1036 5115 1082 5166 ὀκ

296 5115 395 5330 23ξ
425 5131 668 5239 Ἐλαίέυ.
712 5180 962 5239 Ἐλαιῶν.
1000 5188 1082 5239 ID.

297 5260 371 5314 24
427 5255 719 5330 Ἐλυμαῖοι
749 5256 928 5330 deest.
963 5259 1043 5310 ID.

297 5255 395 5328 24)
427 5255 719 5328 Ἐλυμαῖοι
749 5256 928 5328 deest.
963 5259 1043 5310 ID.

280 5322 403 5474 (25)
435 5322 751 5431 Γελοίγαῖοι.
784 5322 1065 5382 Χελκαῖοι.
1106 5328 1191 5379 ID.
1258 5396 1268 5407 .
1605 5396 1615 5408 .
1770 5396 1781 5408 .

306 5402 401 5474 26)
434 5400 630 5474 Ἰαμνι.
660 5396 946 5469 Ἰαμνίας..
979 5397 1080 5474 ln_._
1103 5427 1172 5438 —
1205 5396 1781 5474 RichardusSimom

306 5396 401 5471 26)
434 5396 630 5470 Ἰαμνέ.
660 5396 946 5469 Ἰαμνίας..
979 5397 1079 5471 In:
1103 5427 1172 5438 —
1205 5396 1859 5471 Richardus‘Simonius

244 5468 313 5530 ui
346 5468 467 5527 haec
499 5468 832 5527 Testamenta
862 5468 1105 5524 contulit
1145 5484 1278 5522 cum
1334 5485 1445 5523 ms.
1500 5468 1860 5524 bibliothecae

244 5494 313 5530 Ill
349 5494 467 5527 [1ωο
500 5494 832 5527 Ιδδιαῖηϐηια
862 5494 1105 5524 υυυιυιιι
1145 5494 1278 5522 011111
1334 5494 1445 5523 1115.
1500 5494 1860 5524 υιυιιυιυυυω

196 5494 294 5605 ac
343 5545 430 5610 "as,
463 5547 711 5599 testatur
756 5540 1019 5595 Biblioth.
1061 5540 1187 5594 crit.
1238 5544 1381 5594 tom.
1434 5541 1501 5611 II,
1554 5557 1686 5611 pag.
1734 5541 1862 5605 231,

199 5561 477 5671 cogi‘cem
554 5613 825 5669 exhibere
869 5608 920 5663 ἐν
973 5612 1040 5671 οῆ
1072 5605 1367 5671 causam
1416 5609 1701 5671 Ἰαμνείας.
1753 5611 1863 5667 Sed

199 5630 477 5676 codicem
554 5630 825 5669 emeere
869 5630 920 5663 εν
973 5630 1040 5682 οῃ
1072 5630 1367 5682 ,υαΛΛασσῃ
1434 5630 1701 5682 ιαμνειας.
1753 5630 1863 5667 Seu

199 5692 478 5766 praestat,
492 5684 705 5758 inquit,
720 5680 1137 5766 legere:laippaf;
1172 5698 1183 5736 :
1204 5681 1286 5737 sic
1299 5683 1455 5766 enim
1471 5683 1670 5766 procul
1688 5682 1866 5766 dubio

1963 4829 2280 4895 1110c,hazc
2314 4829 2643 4883 Testamenta
2671 4825 2885 4897 scripta
2917 4825 3174 4897 primum
3224 4823 3403 4897 fuisse
3452 4823 3618 4879 Chal-

1966 4901 2132 4957 daice
2162 4922 2176 4970 ς
2213 4916 2320 4955 vox
2348 4899 2502 4970 enim
2534 4900 2753 4970 lemma
2793 4895 3124 4952 ‘Chaldaica
3177 4900 3305 4970 est,
3346 4896 3616 4970 idemque

1963 4976 2137 5028 sonat
2168 4965 2339 5043 quod
2370 4965 2836 5043 θαλάσσηβνξεοϐ,
2888 4972 2945 5023 et
2985 4982 3143 5043 mare
3190 4966 3501 5043 Latin_e.At,
3527 4968 3617 5043 in-

1965 5044 2154 5115 quies,
2187 5033 2503 5115 siihazcita
2533 5033 3238 5115 se'habeantﬁauicoldyoq
3257 5038 3387 5115 erit
3415 5041 3618 5115 auctor

1965 5105 2181 5171 noster.
2218 5113 2291 5170 Ut
2319 5110 2453 5181 quid
2488 5111 2644 5167 enim
2677 5105 2984 5182 scripserit
3005 5107 3055 5182 έν
3087 5105 3432 5182 τῇίθαλάσση
3464 5107 3614 5180 Ἰάμ-

1968 5200 2236 5269 μας,ουω
2266 5177 2501 5269 ,ἴαῦγιηξειΙ
2518 5182 2673 5238 idem
2699 5177 2877 5269 'sit'lac
2902 5177 3143 5269 θαλάσση
3170 5177 3610 5269 τουωυίνετυ,

1964 5251 2210 5328 inquam
2241 5271 2367 5328 ego,
2433 5251 2663 5328 Ἰάμμας
2697 5254 2756 5309 in
2804 5256 2961 5309 textu
3004 5253 3303 5328 scripserit
3357 5256 3608 5328 auctor;

1968 5323 2536 5398 aliusquedeinceps
2558 5323 2709 5398 hanc
2740 5341 2940 5398 vocem
2964 5324 3247 5398 exoticam
3297 5323 3614 5398 explicatu-

1970 5415 2091 5465 rus,
2127 5394 2367 5464 θαλάσση
2398 5394 2645 5469 margini
2695 5396 3017 5469 adlevari};
3052 5395 3201 5464 quod
3234 5394 3433 5469 postea
3461 5394 3616 5469 glos-

1972 5486 2134 5526 sema
2179 5470 2236 5523 in
2283 5472 2506 5523 textum
2530 5465 2858 5539 'irrepserit
2886 5467 2914 5521 ‘I
2942 5465 3612 5539 HactenusMSimonius.

1970 5540 2202 5597 Videsis
2236 5539 2586 5595 Bochartum
2617 5534 2695 5593 in'
2729 5537 3024 5609 Geograph.
3074 5552 3216 5591 sacr.
3261 5534 3364 5593 lib.
3413 5554 3452 5608 ι,
3487 5554 3613 5609 cap.

1972 5614 2061 5677 35,
2096 5628 2226 5684 pag.
2258 5611 2363 5666 634
2394 5627 2511 5679 seq.

2047 5676 2552 5759 (27)”Ἐφεπτὶται
2618 5679 2760 5759 Legg
2814 5676 3103 5756 ἀφίπταται
3141 5720 3154 5747 ,
3205 5678 3305 5736 sed
3362 5679 3419 5734 in
3485 5679 3613 5749 cod,

231 5759 364 5833 egit
390 5750 702 5832 episcopus
732 5750 1182 5825 Lincolni'e'nsis,
1222 5755 1394 5826 cujus
1442 5750 1630 5813 versio
1687 5753 1769 5811 ita
1805 5769 1869 5811 se
1979 5750 2164 5812 Oxon.
2197 5750 2622 5832 est'dctamwt.
2659 5794 2674 5810 .
2698 5750 2891 5809 'Gmui.
