  <div class='ocr_page' id='page_1' title='image "/cluster/home/n/w/nwhite01/storage/ocr_20150623/2/hvd.32044073501421/567.png"; bbox 0 0 4036 6356; ppageno 0'>
   <div class='ocr_carea' id='block_1_1' title="bbox 484 408 637 470">
    <p class='ocr_par' dir='ltr' id='par_1_1' title="bbox 484 408 637 470">
     <span class='ocr_line' id='line_1_1' title="bbox 484 408 637 470; baseline -0.026 0"><span class='ocrx_word' id='word_1_1' title='bbox 484 408 637 470; x_wconf 75' lang='lat' dir='ltr'><strong>IIII</strong></span> 
     </span>
    </p>
   </div>
   <div class='ocr_carea' id='block_1_2' title="bbox 1472 407 2900 474">
    <p class='ocr_par' dir='ltr' id='par_1_2' title="bbox 1472 407 2900 474">
     <span class='ocr_line' id='line_1_2' title="bbox 1472 407 2900 474; baseline 0.004 -6"><span class='ocrx_word' id='word_1_2' title='bbox 1472 407 1997 471; x_wconf 86' lang='lat' dir='ltr'><strong>TESTAMENTA</strong></span> <span class='ocrx_word' id='word_1_3' title='bbox 2045 408 2154 470; x_wconf 89' lang='lat' dir='ltr'><strong>XII</strong></span> <span class='ocrx_word' id='word_1_4' title='bbox 2196 409 2900 474; x_wconf 76' lang='lat' dir='ltr'><strong>PATRIARCHAIIUM.</strong></span> 
     </span>
    </p>
   </div>
   <div class='ocr_carea' id='block_1_3' title="bbox 3745 413 3893 472">
    <p class='ocr_par' dir='ltr' id='par_1_3' title="bbox 3745 413 3893 472">
     <span class='ocr_line' id='line_1_3' title="bbox 3745 413 3893 472; baseline -0.007 -1"><span class='ocrx_word' id='word_1_5' title='bbox 3745 413 3893 472; x_wconf 69' lang='lat' dir='ltr'><strong>HI!</strong></span> 
     </span>
    </p>
   </div>
   <div class='ocr_carea' id='block_1_4' title="bbox 484 539 2154 619">
    <p class='ocr_par' dir='ltr' id='par_1_4' title="bbox 484 539 2127 613">
     <span class='ocr_line' id='line_1_4' title="bbox 484 539 2127 613; baseline -0.001 -16"><span class='ocrx_word' id='word_1_6' title='bbox 484 544 698 597; x_wconf 89' lang='lat' dir='ltr'><strong>tenens</strong></span> <span class='ocrx_word' id='word_1_7' title='bbox 730 539 1144 613; x_wconf 79' lang='lat' dir='ltr'><strong>gubernacula.</strong></span> <span class='ocrx_word' id='word_1_8' title='bbox 1168 539 1238 595; x_wconf 87' lang='lat' dir='ltr'><strong>Et</strong></span> <span class='ocrx_word' id='word_1_9' title='bbox 1266 555 1375 595; x_wconf 90' lang='lat' dir='ltr'><strong>nos</strong></span> <span class='ocrx_word' id='word_1_10' title='bbox 1394 541 1745 612; x_wconf 82' lang='lat' dir='ltr'><strong>tempestate</strong></span> <span class='ocrx_word' id='word_1_11' title='bbox 1775 540 2040 613; x_wconf 82' lang='lat' dir='ltr'><strong>quassati</strong></span> <span class='ocrx_word' id='word_1_12' title='bbox 2070 540 2127 595; x_wconf 93' lang='lat' dir='ltr'><strong>in</strong></span> 
     </span>
    </p>
   </div>
   <div class='ocr_carea' id='block_1_5' title="bbox 2271 539 3895 619">
    <p class='ocr_par' dir='ltr' id='par_1_5' title="bbox 2271 539 3895 619">
     <span class='ocr_line' id='line_1_5' title="bbox 2271 539 3895 619; baseline 0 -24"><span class='ocrx_word' id='word_1_13' title='bbox 2271 542 2425 617; x_wconf 70' lang='grc' dir='ltr'>πατὴρ</span> <span class='ocrx_word' id='word_1_14' title='bbox 2455 540 2546 619; x_wconf 77' lang='grc' dir='ltr'><strong>ἀφ’</strong></span> <span class='ocrx_word' id='word_1_15' title='bbox 2572 542 2758 615; x_wconf 79' lang='grc' dir='ltr'>ἡμῶν,</span> <span class='ocrx_word' id='word_1_16' title='bbox 2791 543 2819 598; x_wconf 99' lang='lat'><strong>6</strong></span> <span class='ocrx_word' id='word_1_17' title='bbox 2845 546 3057 618; x_wconf 79' lang='grc' dir='ltr'>κρατῶν</span> <span class='ocrx_word' id='word_1_18' title='bbox 3093 539 3226 605; x_wconf 79' lang='grc' dir='ltr'>τοὺς</span> <span class='ocrx_word' id='word_1_19' title='bbox 3274 540 3527 618; x_wconf 69' lang='grc' dir='ltr'>αὐχένας.</span> <span class='ocrx_word' id='word_1_20' title='bbox 3586 542 3688 597; x_wconf 73' lang='grc' dir='ltr'><strong>Καὶ</strong></span> <span class='ocrx_word' id='word_1_21' title='bbox 3736 544 3895 615; x_wconf 69' lang='grc' dir='ltr'>ἡμεῖς</span> 
     </span>
    </p>
   </div>
   <div class='ocr_carea' id='block_1_6' title="bbox 487 628 2129 704">
    <p class='ocr_par' dir='ltr' id='par_1_6' title="bbox 487 628 2129 704">
     <span class='ocr_line' id='line_1_6' title="bbox 487 628 2129 704; baseline -0.001 -18"><span class='ocrx_word' id='word_1_22' title='bbox 487 630 731 704; x_wconf 82' lang='lat' dir='ltr'><strong>pelagus</strong></span> <span class='ocrx_word' id='word_1_23' title='bbox 763 630 1126 692; x_wconf 83' lang='lat' dir='ltr'><strong>ferebamur;</strong></span> <span class='ocrx_word' id='word_1_24' title='bbox 1157 633 1213 684; x_wconf 91' lang='lat' dir='ltr'><strong>et</strong></span> <span class='ocrx_word' id='word_1_25' title='bbox 1242 628 1486 701; x_wconf 79' lang='lat' dir='ltr'><strong>impleta</strong></span> <span class='ocrx_word' id='word_1_26' title='bbox 1514 634 1603 684; x_wconf 92' lang='lat' dir='ltr'><strong>est</strong></span> <span class='ocrx_word' id='word_1_27' title='bbox 1621 630 1782 685; x_wconf 88' lang='lat' dir='ltr'><strong>navis</strong></span> <span class='ocrx_word' id='word_1_28' title='bbox 1806 630 2129 702; x_wconf 84' lang='lat' dir='ltr'><strong>aquis.pro-</strong></span> 
     </span>
    </p>
   </div>
   <div class='ocr_carea' id='block_1_7' title="bbox 493 718 2131 789">
    <p class='ocr_par' dir='ltr' id='par_1_7' title="bbox 493 718 2131 789">
     <span class='ocr_line' id='line_1_7' title="bbox 493 718 2131 789; baseline -0.002 -14"><span class='ocrx_word' id='word_1_29' title='bbox 493 719 656 776; x_wconf 87' lang='lat' dir='ltr'><strong>cellis</strong></span> <span class='ocrx_word' id='word_1_30' title='bbox 687 719 949 789; x_wconf 88' lang='lat' dir='ltr'><strong>undique</strong></span> <span class='ocrx_word' id='word_1_31' title='bbox 971 718 1363 788; x_wconf 88' lang='lat' dir='ltr'><strong>quassata,ita</strong></span> <span class='ocrx_word' id='word_1_32' title='bbox 1393 718 2131 789; x_wconf 82' lang='lat' dir='ltr'><strong>utcontritaesset.Joseph</strong></span> 
     </span>
    </p>
   </div>
   <div class='ocr_carea' id='block_1_8' title="bbox 491 806 2135 879">
    <p class='ocr_par' dir='ltr' id='par_1_8' title="bbox 491 806 2135 879">
     <span class='ocr_line' id='line_1_8' title="bbox 491 806 2135 879; baseline -0.001 -15"><span class='ocrx_word' id='word_1_33' title='bbox 491 813 687 865; x_wconf 89' lang='lat' dir='ltr'><strong>autem</strong></span> <span class='ocrx_word' id='word_1_34' title='bbox 721 808 929 879; x_wconf 83' lang='lat' dir='ltr'><strong>cymba</strong></span> <span class='ocrx_word' id='word_1_35' title='bbox 960 806 1156 878; x_wconf 80' lang='lat' dir='ltr'><strong>fugit;</strong></span> <span class='ocrx_word' id='word_1_36' title='bbox 1205 806 1525 861; x_wconf 81' lang='lat' dir='ltr'><strong>dividimur</strong></span> <span class='ocrx_word' id='word_1_37' title='bbox 1571 812 1765 862; x_wconf 87' lang='lat' dir='ltr'><strong>autem</strong></span> <span class='ocrx_word' id='word_1_38' title='bbox 1817 812 1875 862; x_wconf 92' lang='lat' dir='ltr'><strong>et</strong></span> <span class='ocrx_word' id='word_1_39' title='bbox 1923 825 2029 863; x_wconf 93' lang='lat' dir='ltr'><strong>nos</strong></span> <span class='ocrx_word' id='word_1_40' title='bbox 2074 808 2135 862; x_wconf 93' lang='lat' dir='ltr'><strong>in</strong></span> 
     </span>
    </p>
   </div>
   <div class='ocr_carea' id='block_1_9' title="bbox 489 895 2133 954">
    <p class='ocr_par' dir='ltr' id='par_1_9' title="bbox 489 895 2133 954">
     <span class='ocr_line' id='line_1_9' title="bbox 489 895 2133 954; baseline -0.002 0"><span class='ocrx_word' id='word_1_41' title='bbox 489 896 709 954; x_wconf 87' lang='lat' dir='ltr'><strong>tabulis</strong></span> <span class='ocrx_word' id='word_1_42' title='bbox 740 897 964 952; x_wconf 87' lang='lat' dir='ltr'><strong>decem.</strong></span> <span class='ocrx_word' id='word_1_43' title='bbox 1000 896 1131 951; x_wconf 87' lang='lat' dir='ltr'><strong>Levi</strong></span> <span class='ocrx_word' id='word_1_44' title='bbox 1162 900 1357 951; x_wconf 89' lang='lat' dir='ltr'><strong>autem</strong></span> <span class='ocrx_word' id='word_1_45' title='bbox 1389 896 1644 951; x_wconf 87' lang='lat' dir='ltr'><strong>etJudas</strong></span> <span class='ocrx_word' id='word_1_46' title='bbox 1673 902 1839 951; x_wconf 90' lang='lat' dir='ltr'><strong>erant</strong></span> <span class='ocrx_word' id='word_1_47' title='bbox 1868 895 2133 951; x_wconf 84' lang='lat' dir='ltr'><strong>insimul.</strong></span> 
     </span>
    </p>
   </div>
   <div class='ocr_carea' id='block_1_10' title="bbox 492 983 2138 1057">
    <p class='ocr_par' dir='ltr' id='par_1_10' title="bbox 492 983 2138 1057">
     <span class='ocr_line' id='line_1_10' title="bbox 492 983 2138 1057; baseline -0.002 -15"><span class='ocrx_word' id='word_1_48' title='bbox 492 986 899 1057; x_wconf 88' lang='lat' dir='ltr'><strong>Dispergimur</strong></span> <span class='ocrx_word' id='word_1_49' title='bbox 929 984 1110 1057; x_wconf 86' lang='lat' dir='ltr'><strong>igitur</strong></span> <span class='ocrx_word' id='word_1_50' title='bbox 1138 1001 1362 1055; x_wconf 90' lang='lat' dir='ltr'><strong>omnes,</strong></span> <span class='ocrx_word' id='word_1_51' title='bbox 1387 1000 1573 1056; x_wconf 91' lang='lat' dir='ltr'><strong>usque</strong></span> <span class='ocrx_word' id='word_1_52' title='bbox 1602 984 1661 1039; x_wconf 89' lang='lat' dir='ltr'><strong>in</strong></span> <span class='ocrx_word' id='word_1_53' title='bbox 1696 983 2138 1041; x_wconf 89' lang='lat' dir='ltr'><strong>terminos.Levi</strong></span> 
     </span>
    </p>
   </div>
   <div class='ocr_carea' id='block_1_11' title="bbox 494 1072 2135 1146">
    <p class='ocr_par' dir='ltr' id='par_1_11' title="bbox 494 1072 2135 1146">
     <span class='ocr_line' id='line_1_11' title="bbox 494 1072 2135 1146; baseline -0.001 -16"><span class='ocrx_word' id='word_1_54' title='bbox 494 1079 689 1131; x_wconf 90' lang='lat' dir='ltr'><strong>autem</strong></span> <span class='ocrx_word' id='word_1_55' title='bbox 720 1073 963 1128; x_wconf 88' lang='lat' dir='ltr'><strong>indutus</strong></span> <span class='ocrx_word' id='word_1_56' title='bbox 994 1089 1181 1141; x_wconf 88' lang='lat' dir='ltr'><strong>sacco,</strong></span> <span class='ocrx_word' id='word_1_57' title='bbox 1215 1090 1317 1145; x_wconf 91' lang='lat' dir='ltr'><strong>pro</strong></span> <span class='ocrx_word' id='word_1_58' title='bbox 1348 1072 1622 1129; x_wconf 88' lang='lat' dir='ltr'><strong>omnibus</strong></span> <span class='ocrx_word' id='word_1_59' title='bbox 1660 1072 1829 1128; x_wconf 92' lang='lat' dir='ltr'><strong>nobis</strong></span> <span class='ocrx_word' id='word_1_60' title='bbox 1860 1074 2135 1146; x_wconf 90' lang='lat' dir='ltr'><strong>depreca-</strong></span> 
     </span>
    </p>
   </div>
   <div class='ocr_carea' id='block_1_12' title="bbox 498 1161 2137 1234">
    <p class='ocr_par' dir='ltr' id='par_1_12' title="bbox 498 1161 2137 1234">
     <span class='ocr_line' id='line_1_12' title="bbox 498 1161 2137 1234; baseline -0.002 -14"><span class='ocrx_word' id='word_1_61' title='bbox 498 1165 677 1220; x_wconf 90' lang='lat' dir='ltr'><strong>batur</strong></span> <span class='ocrx_word' id='word_1_62' title='bbox 708 1161 1135 1218; x_wconf 89' lang='lat' dir='ltr'><strong>Dominum.Ut</strong></span> <span class='ocrx_word' id='word_1_63' title='bbox 1167 1166 1360 1217; x_wconf 90' lang='lat' dir='ltr'><strong>autem</strong></span> <span class='ocrx_word' id='word_1_64' title='bbox 1394 1162 1613 1233; x_wconf 85' lang='lat' dir='ltr'><strong>quievit</strong></span> <span class='ocrx_word' id='word_1_65' title='bbox 1638 1166 1978 1234; x_wconf 84' lang='lat' dir='ltr'><strong>tempestas,</strong></span> <span class='ocrx_word' id='word_1_66' title='bbox 2012 1178 2137 1218; x_wconf 90' lang='lat' dir='ltr'><strong>sca-</strong></span> 
     </span>
    </p>
   </div>
   <div class='ocr_carea' id='block_1_13' title="bbox 494 1249 2136 1324">
    <p class='ocr_par' dir='ltr' id='par_1_13' title="bbox 494 1249 2136 1324">
     <span class='ocr_line' id='line_1_13' title="bbox 494 1249 2136 1324; baseline -0.001 -17"><span class='ocrx_word' id='word_1_67' title='bbox 494 1252 612 1324; x_wconf 91' lang='lat' dir='ltr'><strong>pha</strong></span> <span class='ocrx_word' id='word_1_68' title='bbox 642 1251 836 1323; x_wconf 88' lang='lat' dir='ltr'><strong>attigit</strong></span> <span class='ocrx_word' id='word_1_69' title='bbox 864 1256 1102 1319; x_wconf 90' lang='lat' dir='ltr'><strong>terram,</strong></span> <span class='ocrx_word' id='word_1_70' title='bbox 1133 1249 1292 1305; x_wconf 92' lang='lat' dir='ltr'><strong>velut</strong></span> <span class='ocrx_word' id='word_1_71' title='bbox 1323 1250 1380 1304; x_wconf 92' lang='lat' dir='ltr'><strong>in</strong></span> <span class='ocrx_word' id='word_1_72' title='bbox 1414 1251 1662 1322; x_wconf 86' lang='lat' dir='ltr'><strong>pace.Et</strong></span> <span class='ocrx_word' id='word_1_73' title='bbox 1688 1267 1820 1307; x_wconf 89' lang='lat' dir='ltr'><strong>ecce</strong></span> <span class='ocrx_word' id='word_1_74' title='bbox 1850 1251 2007 1307; x_wconf 85' lang='lat' dir='ltr'><strong>venit</strong></span> <span class='ocrx_word' id='word_1_75' title='bbox 2035 1268 2136 1324; x_wconf 91' lang='lat' dir='ltr'><strong>pa-</strong></span> 
     </span>
    </p>
   </div>
   <div class='ocr_carea' id='block_1_14' title="bbox 493 1338 1985 1405">
    <p class='ocr_par' dir='ltr' id='par_1_14' title="bbox 493 1338 1985 1405">
     <span class='ocr_line' id='line_1_14' title="bbox 493 1338 1985 1405; baseline -0.001 -8"><span class='ocrx_word' id='word_1_76' title='bbox 493 1345 583 1398; x_wconf 87' lang='lat' dir='ltr'><strong>ter</strong></span> <span class='ocrx_word' id='word_1_77' title='bbox 608 1344 808 1397; x_wconf 89' lang='lat' dir='ltr'><strong>noster</strong></span> <span class='ocrx_word' id='word_1_78' title='bbox 834 1339 1038 1405; x_wconf 86' lang='lat' dir='ltr'><strong>Jacob,</strong></span> <span class='ocrx_word' id='word_1_79' title='bbox 1069 1343 1126 1394; x_wconf 93' lang='lat' dir='ltr'><strong>et</strong></span> <span class='ocrx_word' id='word_1_80' title='bbox 1156 1338 1513 1394; x_wconf 83' lang='lat' dir='ltr'><strong>unanimiter</strong></span> <span class='ocrx_word' id='word_1_81' title='bbox 1541 1339 1985 1396; x_wconf 88' lang='lat' dir='ltr'><strong>exsultavimus.</strong></span> 
     </span>
    </p>
   </div>
   <div class='ocr_carea' id='block_1_15' title="bbox 566 1534 2139 1608">
    <p class='ocr_par' dir='ltr' id='par_1_15' title="bbox 566 1534 2139 1608">
     <span class='ocr_line' id='line_1_15' title="bbox 566 1534 2139 1608; baseline -0.001 -15"><span class='ocrx_word' id='word_1_82' title='bbox 566 1537 723 1593; x_wconf 85' lang='lat' dir='ltr'><strong>VII.«</strong></span> <span class='ocrx_word' id='word_1_83' title='bbox 756 1536 887 1592; x_wconf 63' lang='lat' dir='ltr'><strong>Haec</strong></span> <span class='ocrx_word' id='word_1_84' title='bbox 919 1536 1033 1591; x_wconf 91' lang='lat' dir='ltr'><strong>duo</strong></span> <span class='ocrx_word' id='word_1_85' title='bbox 1064 1534 1296 1591; x_wconf 88' lang='lat' dir='ltr'><strong>somnia</strong></span> <span class='ocrx_word' id='word_1_86' title='bbox 1326 1535 1590 1591; x_wconf 85' lang='lat' dir='ltr'><strong>dicebam</strong></span> <span class='ocrx_word' id='word_1_87' title='bbox 1622 1534 1772 1608; x_wconf 90' lang='lat' dir='ltr'><strong>patri</strong></span> <span class='ocrx_word' id='word_1_88' title='bbox 1795 1550 1947 1605; x_wconf 91' lang='lat' dir='ltr'><strong>meo;</strong></span> <span class='ocrx_word' id='word_1_89' title='bbox 1978 1540 2034 1592; x_wconf 90' lang='lat' dir='ltr'><strong>et</strong></span> <span class='ocrx_word' id='word_1_90' title='bbox 2056 1536 2139 1591; x_wconf 83' lang='lat' dir='ltr'><strong>dl-</strong></span> 
     </span>
    </p>
   </div>
   <div class='ocr_carea' id='block_1_16' title="bbox 497 1624 2141 1698">
    <p class='ocr_par' dir='ltr' id='par_1_16' title="bbox 497 1624 2141 1698">
     <span class='ocr_line' id='line_1_16' title="bbox 497 1624 2141 1698; baseline -0.001 -15"><span class='ocrx_word' id='word_1_91' title='bbox 497 1627 583 1683; x_wconf 85' lang='lat' dir='ltr'><strong>xit</strong></span> <span class='ocrx_word' id='word_1_92' title='bbox 613 1626 817 1681; x_wconf 83' lang='lat' dir='ltr'><strong>mihi:«</strong></span> <span class='ocrx_word' id='word_1_93' title='bbox 850 1626 1087 1698; x_wconf 77' lang='lat' dir='ltr'><strong>Oportet</strong></span> <span class='ocrx_word' id='word_1_94' title='bbox 1116 1624 1236 1680; x_wconf 63' lang='lat' dir='ltr'><strong>haec</strong></span> <span class='ocrx_word' id='word_1_95' title='bbox 1267 1624 1499 1696; x_wconf 90' lang='lat' dir='ltr'><strong>impleri</strong></span> <span class='ocrx_word' id='word_1_96' title='bbox 1547 1626 1872 1681; x_wconf 90' lang='lat' dir='ltr'><strong>secundum</strong></span> <span class='ocrx_word' id='word_1_97' title='bbox 1904 1629 2141 1697; x_wconf 90' lang='lat' dir='ltr'><strong>tempus</strong></span> 
     </span>
    </p>
   </div>
   <div class='ocr_carea' id='block_1_17' title="bbox 498 1712 2141 1786">
    <p class='ocr_par' dir='ltr' id='par_1_17' title="bbox 498 1712 2141 1786">
     <span class='ocr_line' id='line_1_17' title="bbox 498 1712 2141 1786; baseline 0.001 -17"><span class='ocrx_word' id='word_1_98' title='bbox 498 1714 787 1786; x_wconf 90' lang='lat' dir='ltr'><strong>ipsorum,</strong></span> <span class='ocrx_word' id='word_1_99' title='bbox 821 1729 954 1768; x_wconf 92' lang='lat' dir='ltr'><strong>cum</strong></span> <span class='ocrx_word' id='word_1_100' title='bbox 986 1712 1173 1768; x_wconf 89' lang='lat' dir='ltr'><strong>multa</strong></span> <span class='ocrx_word' id='word_1_101' title='bbox 1234 1712 1412 1768; x_wconf 91' lang='lat' dir='ltr'><strong>Israel</strong></span> <span class='ocrx_word' id='word_1_102' title='bbox 1470 1712 1838 1768; x_wconf 88' lang='lat' dir='ltr'><strong>sustinuerit.</strong></span> <span class='ocrx_word' id='word_1_103' title='bbox 1897 1735 1924 1764; x_wconf 87' lang='lat'>»</span> <span class='ocrx_word' id='word_1_104' title='bbox 1977 1715 2141 1771; x_wconf 88' lang='lat' dir='ltr'><strong>Tunc</strong></span> 
     </span>
    </p>
   </div>
   <div class='ocr_carea' id='block_1_18' title="bbox 500 1800 2138 1874">
    <p class='ocr_par' dir='ltr' id='par_1_18' title="bbox 500 1800 2138 1874">
     <span class='ocr_line' id='line_1_18' title="bbox 500 1800 2138 1874; baseline 0 -17"><span class='ocrx_word' id='word_1_105' title='bbox 500 1802 646 1857; x_wconf 80' lang='lat' dir='ltr'><strong>dixit</strong></span> <span class='ocrx_word' id='word_1_106' title='bbox 672 1806 835 1873; x_wconf 90' lang='lat' dir='ltr'><strong>pater</strong></span> <span class='ocrx_word' id='word_1_107' title='bbox 858 1818 1023 1856; x_wconf 90' lang='lat' dir='ltr'><strong>meus</strong></span> <span class='ocrx_word' id='word_1_108' title='bbox 1059 1818 1071 1855; x_wconf 92' lang='lat'>:</span> <span class='ocrx_word' id='word_1_109' title='bbox 1109 1822 1137 1851; x_wconf 85' lang='grc'><em>‹‹</em></span> <span class='ocrx_word' id='word_1_110' title='bbox 1168 1802 1369 1868; x_wconf 91' lang='lat' dir='ltr'><strong>Credo,</strong></span> <span class='ocrx_word' id='word_1_111' title='bbox 1401 1800 1677 1872; x_wconf 90' lang='lat' dir='ltr'><strong>quoniam</strong></span> <span class='ocrx_word' id='word_1_112' title='bbox 1710 1800 1848 1856; x_wconf 89' lang='lat' dir='ltr'>vivit</span> <span class='ocrx_word' id='word_1_113' title='bbox 1874 1800 2090 1874; x_wconf 88' lang='lat' dir='ltr'><strong>Joseph</strong></span> <span class='ocrx_word' id='word_1_114' title='bbox 2124 1818 2138 1857; x_wconf 88' lang='lat'><strong>:</strong></span> 
     </span>
    </p>
   </div>
   <div class='ocr_carea' id='block_1_19' title="bbox 2242 629 3898 710">
    <p class='ocr_par' dir='ltr' id='par_1_19' title="bbox 2242 629 3898 710">
     <span class='ocr_line' id='line_1_19' title="bbox 2242 629 3898 710; baseline 0.002 -26"><span class='ocrx_word' id='word_1_115' title='bbox 2242 631 2636 704; x_wconf 79' lang='grc' dir='ltr'><strong>χειμαζόμενοι</strong></span> <span class='ocrx_word' id='word_1_116' title='bbox 2687 630 2774 685; x_wconf 83' lang='grc' dir='ltr'><strong>ἐπὶ</strong></span> <span class='ocrx_word' id='word_1_117' title='bbox 2820 632 2884 687; x_wconf 89' lang='grc' dir='ltr'><strong>τὸ</strong></span> <span class='ocrx_word' id='word_1_118' title='bbox 2932 629 3171 709; x_wconf 82' lang='grc' dir='ltr'>πέλαγος</span> <span class='ocrx_word' id='word_1_119' title='bbox 3222 631 3559 710; x_wconf 71' lang='grc' dir='ltr'><strong>ἐφερόμεθα·</strong></span> <span class='ocrx_word' id='word_1_120' title='bbox 3610 633 3708 686; x_wconf 82' lang='grc' dir='ltr'><strong>καὶ</strong></span> <span class='ocrx_word' id='word_1_121' title='bbox 3732 632 3898 702; x_wconf 72' lang='grc' dir='ltr'>ἐπλη-</span> 
     </span>
    </p>
   </div>
   <div class='ocr_carea' id='block_1_20' title="bbox 2244 717 3891 797">
    <p class='ocr_par' dir='ltr' id='par_1_20' title="bbox 2244 717 3891 797">
     <span class='ocr_line' id='line_1_20' title="bbox 2244 717 3891 797; baseline 0.001 -24"><span class='ocrx_word' id='word_1_122' title='bbox 2244 719 2394 792; x_wconf 78' lang='grc' dir='ltr'>ρώθη</span> <span class='ocrx_word' id='word_1_123' title='bbox 2425 719 2489 774; x_wconf 89' lang='grc' dir='ltr'><strong>τὸ</strong></span> <span class='ocrx_word' id='word_1_124' title='bbox 2518 717 2713 774; x_wconf 86' lang='grc' dir='ltr'>πλοῖον</span> <span class='ocrx_word' id='word_1_125' title='bbox 2741 717 2969 793; x_wconf 77' lang='grc' dir='ltr'><strong>ὑδάτων,</strong></span> <span class='ocrx_word' id='word_1_126' title='bbox 3011 720 3321 795; x_wconf 69' lang='grc' dir='ltr'>τρικυμίαις</span> <span class='ocrx_word' id='word_1_127' title='bbox 3369 719 3891 797; x_wconf 71' lang='grc' dir='ltr'>περιῤῥησσόμενον,</span> 
     </span>
    </p>
   </div>
   <div class='ocr_carea' id='block_1_21' title="bbox 2245 804 3898 886">
    <p class='ocr_par' dir='ltr' id='par_1_21' title="bbox 2245 804 3898 886">
     <span class='ocr_line' id='line_1_21' title="bbox 2245 804 3898 886; baseline 0.001 -24"><span class='ocrx_word' id='word_1_128' title='bbox 2245 806 2381 862; x_wconf 84' lang='grc' dir='ltr'>ὥστε</span> <span class='ocrx_word' id='word_1_129' title='bbox 2410 809 2499 863; x_wconf 81' lang='grc' dir='ltr'><strong>καὶ</strong></span> <span class='ocrx_word' id='word_1_130' title='bbox 2531 804 2901 886; x_wconf 85' lang='grc' dir='ltr'>συντρίϐεσθαι</span> <span class='ocrx_word' id='word_1_131' title='bbox 2934 808 3085 866; x_wconf 80' lang='grc' dir='ltr'>αὐτό.</span> <span class='ocrx_word' id='word_1_132' title='bbox 3128 810 3225 864; x_wconf 84' lang='grc' dir='ltr'>Καὶ</span> <span class='ocrx_word' id='word_1_133' title='bbox 3275 811 3474 885; x_wconf 71' lang='grc' dir='ltr'>Ἰωσήφ</span> <span class='ocrx_word' id='word_1_134' title='bbox 3522 809 3609 864; x_wconf 78' lang='grc' dir='ltr'>ἐπὶ</span> <span class='ocrx_word' id='word_1_135' title='bbox 3676 810 3898 864; x_wconf 71' lang='grc' dir='ltr'>ἀκατίου</span> 
     </span>
    </p>
   </div>
   <div class='ocr_carea' id='block_1_22' title="bbox 2245 894 3898 974">
    <p class='ocr_par' dir='ltr' id='par_1_22' title="bbox 2245 894 3898 974">
     <span class='ocr_line' id='line_1_22' title="bbox 2245 894 3898 974; baseline 0.004 -25"><span class='ocrx_word' id='word_1_136' title='bbox 2245 894 2470 974; x_wconf 79' lang='grc' dir='ltr'>φεύγει·</span> <span class='ocrx_word' id='word_1_137' title='bbox 2523 897 2875 974; x_wconf 88' lang='grc' dir='ltr'>χωριζόμεθα</span> <span class='ocrx_word' id='word_1_138' title='bbox 2920 895 2978 953; x_wconf 72' lang='grc' dir='ltr'>δὲ</span> <span class='ocrx_word' id='word_1_139' title='bbox 3022 898 3110 952; x_wconf 80' lang='grc' dir='ltr'><strong>καὶ</strong></span> <span class='ocrx_word' id='word_1_140' title='bbox 3160 901 3323 971; x_wconf 82' lang='grc' dir='ltr'>ἡμεῖς</span> <span class='ocrx_word' id='word_1_141' title='bbox 3366 898 3453 954; x_wconf 81' lang='grc' dir='ltr'>ἐπὶ</span> <span class='ocrx_word' id='word_1_142' title='bbox 3486 896 3721 953; x_wconf 83' lang='grc' dir='ltr'>σανίδων</span> <span class='ocrx_word' id='word_1_143' title='bbox 3758 897 3898 956; x_wconf 74' lang='grc' dir='ltr'>δέκα.</span> 
     </span>
    </p>
   </div>
   <div class='ocr_carea' id='block_1_23' title="bbox 2246 982 3898 1061">
    <p class='ocr_par' dir='ltr' id='par_1_23' title="bbox 2246 982 3898 1061">
     <span class='ocr_line' id='line_1_23' title="bbox 2246 982 3898 1061; baseline 0.001 -23"><span class='ocrx_word' id='word_1_144' title='bbox 2246 986 2368 1039; x_wconf 83' lang='grc' dir='ltr'><strong>Δευῖ</strong></span> <span class='ocrx_word' id='word_1_145' title='bbox 2418 982 2475 1041; x_wconf 73' lang='grc' dir='ltr'><strong>δὲ</strong></span> <span class='ocrx_word' id='word_1_146' title='bbox 2520 987 2609 1041; x_wconf 82' lang='grc' dir='ltr'><strong>καὶ</strong></span> <span class='ocrx_word' id='word_1_147' title='bbox 2660 984 2863 1048; x_wconf 88' lang='grc' dir='ltr'>Ἰούδας</span> <span class='ocrx_word' id='word_1_148' title='bbox 2914 988 3048 1056; x_wconf 81' lang='grc' dir='ltr'>ἦσαν</span> <span class='ocrx_word' id='word_1_149' title='bbox 3094 986 3179 1041; x_wconf 81' lang='grc' dir='ltr'><strong>ἐπὶ</strong></span> <span class='ocrx_word' id='word_1_150' title='bbox 3230 987 3293 1041; x_wconf 90' lang='grc' dir='ltr'><strong>τὸ</strong></span> <span class='ocrx_word' id='word_1_151' title='bbox 3332 987 3481 1043; x_wconf 80' lang='grc' dir='ltr'>αὐτό.</span> <span class='ocrx_word' id='word_1_152' title='bbox 3518 990 3898 1061; x_wconf 50' lang='lat' dir='ltr'><strong>Arent-ignita</strong></span> 
     </span>
    </p>
   </div>
   <div class='ocr_carea' id='block_1_24' title="bbox 2247 1072 3901 1151">
    <p class='ocr_par' dir='ltr' id='par_1_24' title="bbox 2247 1072 3901 1151">
     <span class='ocr_line' id='line_1_24' title="bbox 2247 1072 3901 1151; baseline 0.002 -23"><span class='ocrx_word' id='word_1_153' title='bbox 2247 1074 2340 1128; x_wconf 81' lang='grc' dir='ltr'><strong>οὗν</strong></span> <span class='ocrx_word' id='word_1_154' title='bbox 2390 1074 2607 1143; x_wconf 87' lang='grc' dir='ltr'>πάντες,</span> <span class='ocrx_word' id='word_1_155' title='bbox 2650 1074 2756 1137; x_wconf 76' lang='grc' dir='ltr'>’ὲως</span> <span class='ocrx_word' id='word_1_156' title='bbox 2803 1075 2878 1137; x_wconf 84' lang='grc' dir='ltr'>εἷς</span> <span class='ocrx_word' id='word_1_157' title='bbox 2920 1076 2988 1130; x_wconf 70' lang='grc' dir='ltr'>τὰ</span> <span class='ocrx_word' id='word_1_158' title='bbox 3034 1076 3256 1151; x_wconf 87' lang='grc' dir='ltr'>πέρατα.</span> <span class='ocrx_word' id='word_1_159' title='bbox 3289 1077 3345 1131; x_wconf 89' lang='grc' dir='ltr'><strong>Ὀ</strong></span> <span class='ocrx_word' id='word_1_160' title='bbox 3379 1074 3435 1130; x_wconf 67' lang='grc' dir='ltr'>δὲ</span> <span class='ocrx_word' id='word_1_161' title='bbox 3468 1076 3599 1131; x_wconf 70' lang='lat' dir='ltr'><strong>Aeni</strong></span> <span class='ocrx_word' id='word_1_162' title='bbox 3630 1072 3901 1151; x_wconf 75' lang='grc' dir='ltr'>περιϐαλ-</span> 
     </span>
    </p>
   </div>
   <div class='ocr_carea' id='block_1_25' title="bbox 2248 1160 3898 1240">
    <p class='ocr_par' dir='ltr' id='par_1_25' title="bbox 2248 1160 3898 1240">
     <span class='ocr_line' id='line_1_25' title="bbox 2248 1160 3898 1240; baseline 0.001 -22"><span class='ocrx_word' id='word_1_163' title='bbox 2248 1160 2481 1236; x_wconf 85' lang='grc' dir='ltr'>λόμενος</span> <span class='ocrx_word' id='word_1_164' title='bbox 2514 1166 2730 1231; x_wconf 83' lang='grc' dir='ltr'><strong>σάκκον,</strong></span> <span class='ocrx_word' id='word_1_165' title='bbox 2752 1164 2875 1240; x_wconf 83' lang='grc' dir='ltr'>περὶ</span> <span class='ocrx_word' id='word_1_166' title='bbox 2899 1165 3115 1219; x_wconf 85' lang='grc' dir='ltr'>πάντων</span> <span class='ocrx_word' id='word_1_167' title='bbox 3143 1166 3305 1237; x_wconf 73' lang='grc' dir='ltr'>ἡμῶν</span> <span class='ocrx_word' id='word_1_168' title='bbox 3341 1162 3517 1220; x_wconf 83' lang='grc' dir='ltr'>ἐδέετο</span> <span class='ocrx_word' id='word_1_169' title='bbox 3548 1169 3649 1220; x_wconf 73' lang='grc' dir='ltr'>τοῦ</span> <span class='ocrx_word' id='word_1_170' title='bbox 3681 1166 3898 1239; x_wconf 77' lang='grc' dir='ltr'>Κυρίου.</span> 
     </span>
    </p>
   </div>
   <div class='ocr_carea' id='block_1_26' title="bbox 2244 1246 3902 1332">
    <p class='ocr_par' dir='ltr' id='par_1_26' title="bbox 2244 1246 3902 1332">
     <span class='ocr_line' id='line_1_26' title="bbox 2244 1246 3902 1332; baseline 0 -27"><span class='ocrx_word' id='word_1_171' title='bbox 2244 1246 2336 1313; x_wconf 74' lang='grc' dir='ltr'>Ὠς</span> <span class='ocrx_word' id='word_1_172' title='bbox 2368 1248 2426 1306; x_wconf 79' lang='grc' dir='ltr'><strong>δὲ</strong></span> <span class='ocrx_word' id='word_1_173' title='bbox 2454 1250 2719 1308; x_wconf 81' lang='grc' dir='ltr'>ἐπαύσατο</span> <span class='ocrx_word' id='word_1_174' title='bbox 2750 1253 2779 1307; x_wconf 97' lang='lat'><strong>6</strong></span> <span class='ocrx_word' id='word_1_175' title='bbox 2805 1254 3041 1329; x_wconf 79' lang='grc' dir='ltr'>χειμὼν,</span> <span class='ocrx_word' id='word_1_176' title='bbox 3101 1254 3163 1307; x_wconf 92' lang='grc' dir='ltr'><strong>τὸ</strong></span> <span class='ocrx_word' id='word_1_177' title='bbox 3194 1252 3395 1330; x_wconf 69' lang='grc' dir='ltr'>σκάφος</span> <span class='ocrx_word' id='word_1_178' title='bbox 3425 1252 3651 1332; x_wconf 74' lang='grc' dir='ltr'>ἔφθασεν</span> <span class='ocrx_word' id='word_1_179' title='bbox 3690 1253 3782 1308; x_wconf 77' lang='grc' dir='ltr'><strong>ἐπὶ</strong></span> <span class='ocrx_word' id='word_1_180' title='bbox 3811 1255 3902 1319; x_wconf 66' lang='grc' dir='ltr'>τήν</span> 
     </span>
    </p>
   </div>
   <div class='ocr_carea' id='block_1_27' title="bbox 2245 1337 3907 1418">
    <p class='ocr_par' dir='ltr' id='par_1_27' title="bbox 2245 1337 3907 1418">
     <span class='ocr_line' id='line_1_27' title="bbox 2245 1337 3907 1418; baseline 0.002 -24"><span class='ocrx_word' id='word_1_181' title='bbox 2245 1347 2373 1416; x_wconf 78' lang='grc' dir='ltr'>γῆν,</span> <span class='ocrx_word' id='word_1_182' title='bbox 2430 1339 2503 1403; x_wconf 82' lang='grc' dir='ltr'>ὡς</span> <span class='ocrx_word' id='word_1_183' title='bbox 2558 1340 2611 1395; x_wconf 84' lang='grc' dir='ltr'>ἐν</span> <span class='ocrx_word' id='word_1_184' title='bbox 2650 1340 2863 1417; x_wconf 71' lang='grc' dir='ltr'>εἶρήνῇ.</span> <span class='ocrx_word' id='word_1_185' title='bbox 2920 1341 3017 1396; x_wconf 82' lang='grc' dir='ltr'><strong>Καὶ</strong></span> <span class='ocrx_word' id='word_1_186' title='bbox 3064 1338 3183 1396; x_wconf 71' lang='grc' dir='ltr'>ἴδοὺ</span> <span class='ocrx_word' id='word_1_187' title='bbox 3230 1339 3397 1411; x_wconf 75' lang='grc' dir='ltr'>ἦλθεν</span> <span class='ocrx_word' id='word_1_188' title='bbox 3433 1337 3633 1398; x_wconf 88' lang='grc' dir='ltr'>Ἰακὼϐ</span> <span class='ocrx_word' id='word_1_189' title='bbox 3669 1343 3701 1397; x_wconf 87' lang='lat'><strong>6</strong></span> <span class='ocrx_word' id='word_1_190' title='bbox 3732 1344 3907 1418; x_wconf 64' lang='grc' dir='ltr'>πατήρ</span> 
     </span>
    </p>
   </div>
   <div class='ocr_carea' id='block_1_28' title="bbox 2247 1427 3391 1506">
    <p class='ocr_par' dir='ltr' id='par_1_28' title="bbox 2247 1427 3391 1506">
     <span class='ocr_line' id='line_1_28' title="bbox 2247 1427 3391 1506; baseline 0.002 -22"><span class='ocrx_word' id='word_1_191' title='bbox 2247 1432 2432 1503; x_wconf 78' lang='grc' dir='ltr'>ἡμῶν,</span> <span class='ocrx_word' id='word_1_192' title='bbox 2463 1430 2552 1485; x_wconf 83' lang='grc' dir='ltr'><strong>γαὶ</strong></span> <span class='ocrx_word' id='word_1_193' title='bbox 2584 1427 2936 1504; x_wconf 84' lang='grc' dir='ltr'>ὁμοθυμαδὸν</span> <span class='ocrx_word' id='word_1_194' title='bbox 2970 1428 3391 1506; x_wconf 78' lang='grc' dir='ltr'>ἠγαλλιώμεθα.</span> 
     </span>
    </p>
   </div>
   <div class='ocr_carea' id='block_1_29' title="bbox 2321 1534 3910 1613">
    <p class='ocr_par' dir='ltr' id='par_1_29' title="bbox 2321 1534 3910 1613">
     <span class='ocr_line' id='line_1_29' title="bbox 2321 1534 3910 1613; baseline 0.001 -23"><span class='ocrx_word' id='word_1_195' title='bbox 2321 1537 2389 1593; x_wconf 90' lang='grc' dir='ltr'><strong>Ζ’.</strong></span> <span class='ocrx_word' id='word_1_196' title='bbox 2427 1560 2454 1589; x_wconf 88' lang='grc'><strong>‹‹</strong></span> <span class='ocrx_word' id='word_1_197' title='bbox 2485 1540 2561 1592; x_wconf 72' lang='grc' dir='ltr'><strong>Τὰ</strong></span> <span class='ocrx_word' id='word_1_198' title='bbox 2591 1534 2686 1592; x_wconf 87' lang='grc' dir='ltr'><strong>δύο</strong></span> <span class='ocrx_word' id='word_1_199' title='bbox 2722 1536 2944 1593; x_wconf 83' lang='grc' dir='ltr'>ἐνύπνια</span> <span class='ocrx_word' id='word_1_200' title='bbox 2977 1536 3128 1592; x_wconf 78' lang='grc' dir='ltr'>εἶπον</span> <span class='ocrx_word' id='word_1_201' title='bbox 3162 1541 3239 1609; x_wconf 54' lang='grc' dir='ltr'>τά)</span> <span class='ocrx_word' id='word_1_202' title='bbox 3268 1536 3432 1613; x_wconf 83' lang='grc' dir='ltr'>πατρί</span> <span class='ocrx_word' id='word_1_203' title='bbox 3468 1558 3573 1610; x_wconf 88' lang='grc' dir='ltr'><strong>μου</strong></span> <span class='ocrx_word' id='word_1_204' title='bbox 3606 1556 3621 1569; x_wconf 78' lang='grc'><strong><em>⁸</em></strong></span> <span class='ocrx_word' id='word_1_205' title='bbox 3654 1536 3753 1592; x_wconf 77' lang='grc' dir='ltr'><strong>καὶ</strong></span> <span class='ocrx_word' id='word_1_206' title='bbox 3804 1537 3910 1591; x_wconf 72' lang='grc' dir='ltr'>εἶπέ</span> 
     </span>
    </p>
   </div>
   <div class='ocr_carea' id='block_1_30' title="bbox 2253 1625 3913 1703">
    <p class='ocr_par' dir='ltr' id='par_1_30' title="bbox 2253 1625 3913 1703">
     <span class='ocr_line' id='line_1_30' title="bbox 2253 1625 3913 1703; baseline 0.001 -25"><span class='ocrx_word' id='word_1_207' title='bbox 2253 1645 2346 1698; x_wconf 89' lang='grc' dir='ltr'><strong>μοι</strong></span> <span class='ocrx_word' id='word_1_208' title='bbox 2374 1645 2387 1660; x_wconf 88' lang='grc'><strong>·</strong></span> <span class='ocrx_word' id='word_1_209' title='bbox 2428 1650 2449 1678; x_wconf 80' lang='grc' dir='ltr'>ι</span> <span class='ocrx_word' id='word_1_210' title='bbox 2497 1632 2587 1681; x_wconf 87' lang='grc' dir='ltr'><strong>Δεῖ</strong></span> <span class='ocrx_word' id='word_1_211' title='bbox 2630 1626 2765 1681; x_wconf 82' lang='grc' dir='ltr'>αύτᾶ</span> <span class='ocrx_word' id='word_1_212' title='bbox 2814 1625 3185 1703; x_wconf 81' lang='grc' dir='ltr'>πληρωθῆναι</span> <span class='ocrx_word' id='word_1_213' title='bbox 3233 1625 3370 1680; x_wconf 85' lang='grc' dir='ltr'>κατᾶ</span> <span class='ocrx_word' id='word_1_214' title='bbox 3428 1626 3652 1701; x_wconf 79' lang='grc' dir='ltr'>καιροὺς</span> <span class='ocrx_word' id='word_1_215' title='bbox 3717 1626 3913 1697; x_wconf 70' lang='grc' dir='ltr'>αὐτῶν,</span> 
     </span>
    </p>
   </div>
   <div class='ocr_carea' id='block_1_31' title="bbox 2248 1711 3910 1790">
    <p class='ocr_par' dir='ltr' id='par_1_31' title="bbox 2248 1711 3910 1790">
     <span class='ocr_line' id='line_1_31' title="bbox 2248 1711 3910 1790; baseline 0.001 -22"><span class='ocrx_word' id='word_1_216' title='bbox 2248 1711 2436 1769; x_wconf 80' lang='grc' dir='ltr'>πολλὰ</span> <span class='ocrx_word' id='word_1_217' title='bbox 2462 1719 2559 1770; x_wconf 76' lang='grc' dir='ltr'><strong>τοῦ</strong></span> <span class='ocrx_word' id='word_1_218' title='bbox 2592 1714 2812 1787; x_wconf 74' lang='grc' dir='ltr'>Ἰσραὴλ</span> <span class='ocrx_word' id='word_1_219' title='bbox 2846 1715 3256 1789; x_wconf 74' lang='grc' dir='ltr'>ὑπομείναντος.</span> <span class='ocrx_word' id='word_1_220' title='bbox 3295 1738 3323 1766; x_wconf 88' lang='grc'><strong>››</strong></span> <span class='ocrx_word' id='word_1_221' title='bbox 3346 1714 3478 1770; x_wconf 84' lang='grc' dir='ltr'>Τότε</span> <span class='ocrx_word' id='word_1_222' title='bbox 3493 1713 3641 1789; x_wconf 91' lang='grc' dir='ltr'>λέγει</span> <span class='ocrx_word' id='word_1_223' title='bbox 3680 1715 3712 1768; x_wconf 85' lang='grc' dir='ltr'><strong>ὁ</strong></span> <span class='ocrx_word' id='word_1_224' title='bbox 3735 1719 3910 1790; x_wconf 68' lang='grc' dir='ltr'>πατήρ</span> 
     </span>
    </p>
   </div>
   <div class='ocr_carea' id='block_1_32' title="bbox 2256 1798 3908 1882">
    <p class='ocr_par' dir='ltr' id='par_1_32' title="bbox 2256 1798 3908 1882">
     <span class='ocr_line' id='line_1_32' title="bbox 2256 1798 3908 1882; baseline 0.001 -25"><span class='ocrx_word' id='word_1_225' title='bbox 2256 1824 2360 1876; x_wconf 90' lang='grc' dir='ltr'><strong>μου</strong></span> <span class='ocrx_word' id='word_1_226' title='bbox 2385 1822 2397 1834; x_wconf 93' lang='grc'><strong>·</strong></span> <span class='ocrx_word' id='word_1_227' title='bbox 2433 1828 2461 1855; x_wconf 87' lang='grc'><strong>‹‹</strong></span> <span class='ocrx_word' id='word_1_228' title='bbox 2511 1802 2775 1877; x_wconf 75' lang='grc' dir='ltr'>Πιστεύω,</span> <span class='ocrx_word' id='word_1_229' title='bbox 2807 1802 2889 1859; x_wconf 76' lang='grc' dir='ltr'>ὅτι</span> <span class='ocrx_word' id='word_1_230' title='bbox 2941 1808 3005 1877; x_wconf 81' lang='grc' dir='ltr'>ζῇ</span> <span class='ocrx_word' id='word_1_231' title='bbox 3063 1805 3264 1882; x_wconf 68' lang='grc' dir='ltr'>Ἰὦσῆφ</span> <span class='ocrx_word' id='word_1_232' title='bbox 3289 1822 3302 1835; x_wconf 90' lang='grc'><strong>·</strong></span> <span class='ocrx_word' id='word_1_233' title='bbox 3355 1804 3467 1871; x_wconf 83' lang='grc' dir='ltr'>ὁρῶ</span> <span class='ocrx_word' id='word_1_234' title='bbox 3515 1804 3623 1879; x_wconf 69' lang='grc' dir='ltr'><strong>γάρ</strong></span> <span class='ocrx_word' id='word_1_235' title='bbox 3654 1798 3908 1867; x_wconf 76' lang='grc' dir='ltr'>πάντοτε,</span> 
     </span>
    </p>
   </div>
   <div class='ocr_carea' id='block_1_33' title="bbox 498 1890 2154 1980">
    <p class='ocr_par' dir='ltr' id='par_1_33' title="bbox 498 1890 2141 1961">
     <span class='ocr_line' id='line_1_33' title="bbox 498 1890 2141 1961; baseline 0.001 -15"><span class='ocrx_word' id='word_1_236' title='bbox 498 1891 665 1947; x_wconf 91' lang='lat' dir='ltr'><strong>video</strong></span> <span class='ocrx_word' id='word_1_237' title='bbox 689 1891 842 1946; x_wconf 89' lang='lat' dir='ltr'><strong>enim</strong></span> <span class='ocrx_word' id='word_1_238' title='bbox 869 1891 1278 1961; x_wconf 88' lang='lat' dir='ltr'><strong>semper,quod</strong></span> <span class='ocrx_word' id='word_1_239' title='bbox 1305 1890 1589 1945; x_wconf 90' lang='lat' dir='ltr'><strong>Dominus</strong></span> <span class='ocrx_word' id='word_1_240' title='bbox 1614 1895 2141 1947; x_wconf 87' lang='lat' dir='ltr'><strong>connumerateum</strong></span> 
     </span>
    </p>
   </div>
   <div class='ocr_carea' id='block_1_34' title="bbox 2271 1890 3909 1980">
    <p class='ocr_par' dir='ltr' id='par_1_34' title="bbox 2271 1890 3909 1969">
     <span class='ocr_line' id='line_1_34' title="bbox 2271 1890 3909 1969; baseline -0.001 -24"><span class='ocrx_word' id='word_1_241' title='bbox 2271 1890 2335 1945; x_wconf 73' lang='grc' dir='ltr'>ἶτι</span> <span class='ocrx_word' id='word_1_242' title='bbox 2375 1892 2402 1947; x_wconf 93' lang='lat'><strong>6</strong></span> <span class='ocrx_word' id='word_1_243' title='bbox 2434 1892 2629 1967; x_wconf 81' lang='grc' dir='ltr'>Κύριος</span> <span class='ocrx_word' id='word_1_244' title='bbox 2663 1894 3086 1969; x_wconf 86' lang='grc' dir='ltr'>συγκαταριθμεῖ</span> <span class='ocrx_word' id='word_1_245' title='bbox 3115 1891 3273 1947; x_wconf 77' lang='grc' dir='ltr'>αὐτὸν</span> <span class='ocrx_word' id='word_1_246' title='bbox 3325 1893 3439 1964; x_wconf 83' lang='grc' dir='ltr'>μεθ’</span> <span class='ocrx_word' id='word_1_247' title='bbox 3489 1892 3668 1964; x_wconf 82' lang='grc' dir='ltr'>ὑμῶν.</span> <span class='ocrx_word' id='word_1_248' title='bbox 3720 1913 3751 1943; x_wconf 74' lang='grc' dir='ltr'><strong>ι</strong></span> <span class='ocrx_word' id='word_1_249' title='bbox 3818 1892 3909 1946; x_wconf 75' lang='grc' dir='ltr'><strong>Κιῖ</strong></span> 
     </span>
    </p>
   </div>
   <div class='ocr_carea' id='block_1_35' title="bbox 499 1978 2140 2051">
    <p class='ocr_par' dir='ltr' id='par_1_35' title="bbox 499 1978 2140 2051">
     <span class='ocr_line' id='line_1_35' title="bbox 499 1978 2140 2051; baseline -0.002 -14"><span class='ocrx_word' id='word_1_250' title='bbox 499 1980 823 2037; x_wconf 87' lang='lat' dir='ltr'><strong>vobiscum.</strong></span> <span class='ocrx_word' id='word_1_251' title='bbox 858 2002 885 2030; x_wconf 86' lang='lat'>»</span> <span class='ocrx_word' id='word_1_252' title='bbox 924 1980 989 2034; x_wconf 85' lang='lat' dir='ltr'><strong>Et</strong></span> <span class='ocrx_word' id='word_1_253' title='bbox 1019 1979 1163 2034; x_wconf 85' lang='lat' dir='ltr'><strong>ﬂens</strong></span> <span class='ocrx_word' id='word_1_254' title='bbox 1192 1978 1337 2033; x_wconf 82' lang='lat' dir='ltr'><strong>dixit</strong></span> <span class='ocrx_word' id='word_1_255' title='bbox 1366 1996 1379 2033; x_wconf 89' lang='lat'>:</span> <span class='ocrx_word' id='word_1_256' title='bbox 1419 2000 1446 2029; x_wconf 83' lang='lat'><strong>«</strong></span> <span class='ocrx_word' id='word_1_257' title='bbox 1479 1979 1655 2045; x_wconf 84' lang='lat' dir='ltr'><strong>Vivis,</strong></span> <span class='ocrx_word' id='word_1_258' title='bbox 1688 1979 1905 2051; x_wconf 89' lang='lat' dir='ltr'><strong>Joseph</strong></span> <span class='ocrx_word' id='word_1_259' title='bbox 1934 1980 2013 2033; x_wconf 83' lang='lat' dir='ltr'><strong>{ili</strong></span> <span class='ocrx_word' id='word_1_260' title='bbox 2039 1980 2140 2045; x_wconf 88' lang='lat' dir='ltr'><strong>mi,</strong></span> 
     </span>
    </p>
   </div>
   <div class='ocr_carea' id='block_1_36' title="bbox 504 2068 2146 2141">
    <p class='ocr_par' dir='ltr' id='par_1_36' title="bbox 504 2068 2146 2141">
     <span class='ocr_line' id='line_1_36' title="bbox 504 2068 2146 2141; baseline 0 -17"><span class='ocrx_word' id='word_1_261' title='bbox 504 2074 562 2124; x_wconf 90' lang='lat' dir='ltr'><strong>et</strong></span> <span class='ocrx_word' id='word_1_262' title='bbox 592 2086 705 2124; x_wconf 93' lang='lat' dir='ltr'><strong>non</strong></span> <span class='ocrx_word' id='word_1_263' title='bbox 746 2072 803 2123; x_wconf 92' lang='lat' dir='ltr'><strong>te</strong></span> <span class='ocrx_word' id='word_1_264' title='bbox 832 2068 1016 2137; x_wconf 88' lang='lat' dir='ltr'><strong>video,</strong></span> <span class='ocrx_word' id='word_1_265' title='bbox 1049 2073 1105 2123; x_wconf 90' lang='lat' dir='ltr'><strong>et</strong></span> <span class='ocrx_word' id='word_1_266' title='bbox 1135 2072 1197 2123; x_wconf 91' lang='lat' dir='ltr'><strong>tu</strong></span> <span class='ocrx_word' id='word_1_267' title='bbox 1232 2086 1344 2123; x_wconf 91' lang='lat' dir='ltr'><strong>non</strong></span> <span class='ocrx_word' id='word_1_268' title='bbox 1378 2068 1539 2123; x_wconf 90' lang='lat' dir='ltr'><strong>vides</strong></span> <span class='ocrx_word' id='word_1_269' title='bbox 1560 2068 1762 2135; x_wconf 85' lang='lat' dir='ltr'><strong>Jacob,</strong></span> <span class='ocrx_word' id='word_1_270' title='bbox 1795 2068 1895 2139; x_wconf 93' lang='lat' dir='ltr'><strong>qui</strong></span> <span class='ocrx_word' id='word_1_271' title='bbox 1943 2070 2146 2141; x_wconf 87' lang='lat' dir='ltr'><strong>genuit</strong></span> 
     </span>
    </p>
   </div>
   <div class='ocr_carea' id='block_1_37' title="bbox 504 2155 2144 2229">
    <p class='ocr_par' dir='ltr' id='par_1_37' title="bbox 504 2155 2144 2229">
     <span class='ocr_line' id='line_1_37' title="bbox 504 2155 2144 2229; baseline -0.001 -16"><span class='ocrx_word' id='word_1_272' title='bbox 504 2163 580 2213; x_wconf 91' lang='lat' dir='ltr'><strong>te.</strong></span> <span class='ocrx_word' id='word_1_273' title='bbox 616 2179 643 2208; x_wconf 86' lang='grc'><strong>››</strong></span> <span class='ocrx_word' id='word_1_274' title='bbox 678 2156 831 2213; x_wconf 87' lang='lat' dir='ltr'><strong>Fecit</strong></span> <span class='ocrx_word' id='word_1_275' title='bbox 860 2160 1056 2212; x_wconf 90' lang='lat' dir='ltr'><strong>autem</strong></span> <span class='ocrx_word' id='word_1_276' title='bbox 1083 2160 1140 2211; x_wconf 90' lang='lat' dir='ltr'><strong>et</strong></span> <span class='ocrx_word' id='word_1_277' title='bbox 1170 2173 1275 2211; x_wconf 90' lang='lat' dir='ltr'><strong>nos</strong></span> <span class='ocrx_word' id='word_1_278' title='bbox 1308 2155 1614 2229; x_wconf 85' lang='lat' dir='ltr'><strong>lacrymari</strong></span> <span class='ocrx_word' id='word_1_279' title='bbox 1644 2156 1704 2211; x_wconf 91' lang='lat' dir='ltr'><strong>in</strong></span> <span class='ocrx_word' id='word_1_280' title='bbox 1737 2156 1828 2212; x_wconf 91' lang='lat' dir='ltr'><strong>his</strong></span> <span class='ocrx_word' id='word_1_281' title='bbox 1859 2157 2144 2213; x_wconf 88' lang='lat' dir='ltr'><strong>sermoni-</strong></span> 
     </span>
    </p>
   </div>
   <div class='ocr_carea' id='block_1_38' title="bbox 503 2244 2144 2317">
    <p class='ocr_par' dir='ltr' id='par_1_38' title="bbox 503 2244 2144 2317">
     <span class='ocr_line' id='line_1_38' title="bbox 503 2244 2144 2317; baseline 0 -15"><span class='ocrx_word' id='word_1_282' title='bbox 503 2247 633 2302; x_wconf 90' lang='lat' dir='ltr'><strong>bus.</strong></span> <span class='ocrx_word' id='word_1_283' title='bbox 666 2247 737 2301; x_wconf 87' lang='lat' dir='ltr'><strong>Et</strong></span> <span class='ocrx_word' id='word_1_284' title='bbox 766 2244 1204 2301; x_wconf 87' lang='lat' dir='ltr'><strong>accendebarin</strong></span> <span class='ocrx_word' id='word_1_285' title='bbox 1233 2244 1647 2312; x_wconf 89' lang='lat' dir='ltr'><strong>visceribus,ut</strong></span> <span class='ocrx_word' id='word_1_286' title='bbox 1679 2244 1870 2317; x_wconf 88' lang='lat' dir='ltr'><strong>palam</strong></span> <span class='ocrx_word' id='word_1_287' title='bbox 1894 2245 2144 2302; x_wconf 87' lang='lat' dir='ltr'><strong>facerem</strong></span> 
     </span>
    </p>
   </div>
   <div class='ocr_carea' id='block_1_39' title="bbox 503 2333 1975 2408">
    <p class='ocr_par' dir='ltr' id='par_1_39' title="bbox 503 2333 1975 2408">
     <span class='ocr_line' id='line_1_39' title="bbox 503 2333 1975 2408; baseline -0.001 -18"><span class='ocrx_word' id='word_1_288' title='bbox 503 2335 658 2408; x_wconf 91' lang='lat' dir='ltr'><strong>quod</strong></span> <span class='ocrx_word' id='word_1_289' title='bbox 688 2334 960 2390; x_wconf 92' lang='lat' dir='ltr'><strong>venditus</strong></span> <span class='ocrx_word' id='word_1_290' title='bbox 993 2337 1186 2401; x_wconf 89' lang='lat' dir='ltr'><strong>esset,</strong></span> <span class='ocrx_word' id='word_1_291' title='bbox 1219 2334 1319 2389; x_wconf 92' lang='lat' dir='ltr'><strong>sed</strong></span> <span class='ocrx_word' id='word_1_292' title='bbox 1351 2333 1522 2389; x_wconf 90' lang='lat' dir='ltr'><strong>timui</strong></span> <span class='ocrx_word' id='word_1_293' title='bbox 1553 2335 1761 2389; x_wconf 80' lang='lat' dir='ltr'><strong>fratres</strong></span> <span class='ocrx_word' id='word_1_294' title='bbox 1793 2351 1975 2391; x_wconf 91' lang='lat' dir='ltr'><strong>meos.</strong></span> 
     </span>
    </p>
   </div>
   <div class='ocr_carea' id='block_1_40' title="bbox 572 2440 2148 2513">
    <p class='ocr_par' dir='ltr' id='par_1_40' title="bbox 572 2440 2148 2513">
     <span class='ocr_line' id='line_1_40' title="bbox 572 2440 2148 2513; baseline 0 -16"><span class='ocrx_word' id='word_1_295' title='bbox 572 2442 721 2497; x_wconf 84' lang='lat' dir='ltr'><strong>VIII.</strong></span> <span class='ocrx_word' id='word_1_296' title='bbox 760 2464 781 2491; x_wconf 74' lang='grc' dir='ltr'><strong><em>α</em></strong></span> <span class='ocrx_word' id='word_1_297' title='bbox 814 2442 979 2509; x_wconf 88' lang='lat' dir='ltr'><strong>Ecce,</strong></span> <span class='ocrx_word' id='word_1_298' title='bbox 1013 2440 1118 2495; x_wconf 84' lang='lat' dir='ltr'><strong>filii</strong></span> <span class='ocrx_word' id='word_1_299' title='bbox 1149 2441 1287 2511; x_wconf 91' lang='lat' dir='ltr'><strong>mei,</strong></span> <span class='ocrx_word' id='word_1_300' title='bbox 1307 2441 1534 2496; x_wconf 89' lang='lat' dir='ltr'><strong>ostendi</strong></span> <span class='ocrx_word' id='word_1_301' title='bbox 1567 2441 1733 2497; x_wconf 91' lang='lat' dir='ltr'><strong>vobis</strong></span> <span class='ocrx_word' id='word_1_302' title='bbox 1763 2444 2027 2513; x_wconf 90' lang='lat' dir='ltr'><strong>tempora</strong></span> <span class='ocrx_word' id='word_1_303' title='bbox 2056 2457 2148 2497; x_wconf 85' lang='lat' dir='ltr'><strong>ex-</strong></span> 
     </span>
    </p>
   </div>
   <div class='ocr_carea' id='block_1_41' title="bbox 503 2529 2147 2604">
    <p class='ocr_par' dir='ltr' id='par_1_41' title="bbox 503 2529 2147 2604">
     <span class='ocr_line' id='line_1_41' title="bbox 503 2529 2147 2604; baseline -0.001 -17"><span class='ocrx_word' id='word_1_304' title='bbox 503 2535 714 2598; x_wconf 88' lang='lat' dir='ltr'><strong>trema,</strong></span> <span class='ocrx_word' id='word_1_305' title='bbox 748 2531 1027 2603; x_wconf 92' lang='lat' dir='ltr'><strong>quoniam</strong></span> <span class='ocrx_word' id='word_1_306' title='bbox 1060 2530 1257 2585; x_wconf 90' lang='lat' dir='ltr'><strong>omnia</strong></span> <span class='ocrx_word' id='word_1_307' title='bbox 1288 2530 1429 2585; x_wconf 81' lang='lat' dir='ltr'><strong>ﬁent</strong></span> <span class='ocrx_word' id='word_1_308' title='bbox 1483 2530 1541 2584; x_wconf 93' lang='lat' dir='ltr'><strong>in</strong></span> <span class='ocrx_word' id='word_1_309' title='bbox 1576 2529 1773 2586; x_wconf 91' lang='lat' dir='ltr'><strong>Israel.</strong></span> <span class='ocrx_word' id='word_1_310' title='bbox 1808 2531 1878 2586; x_wconf 88' lang='lat' dir='ltr'><strong>Et</strong></span> <span class='ocrx_word' id='word_1_311' title='bbox 1908 2548 2008 2587; x_wconf 93' lang='lat' dir='ltr'><strong>vos</strong></span> <span class='ocrx_word' id='word_1_312' title='bbox 2040 2530 2147 2604; x_wconf 89' lang='lat' dir='ltr'><strong>igi-</strong></span> 
     </span>
    </p>
   </div>
   <div class='ocr_carea' id='block_1_42' title="bbox 503 2619 2144 2685">
    <p class='ocr_par' dir='ltr' id='par_1_42' title="bbox 503 2619 2144 2685">
     <span class='ocr_line' id='line_1_42' title="bbox 503 2619 2144 2685; baseline -0.001 -9"><span class='ocrx_word' id='word_1_313' title='bbox 503 2625 601 2676; x_wconf 87' lang='lat' dir='ltr'><strong>tur</strong></span> <span class='ocrx_word' id='word_1_314' title='bbox 630 2620 903 2675; x_wconf 87' lang='lat' dir='ltr'><strong>mandate</strong></span> <span class='ocrx_word' id='word_1_315' title='bbox 929 2619 1066 2675; x_wconf 79' lang='lat' dir='ltr'><strong>filiis</strong></span> <span class='ocrx_word' id='word_1_316' title='bbox 1088 2619 1388 2685; x_wconf 88' lang='lat' dir='ltr'><strong>vestris,ut</strong></span> <span class='ocrx_word' id='word_1_317' title='bbox 1420 2619 1699 2675; x_wconf 87' lang='lat' dir='ltr'><strong>uniantur</strong></span> <span class='ocrx_word' id='word_1_318' title='bbox 1720 2619 1853 2675; x_wconf 91' lang='lat' dir='ltr'><strong>Levi</strong></span> <span class='ocrx_word' id='word_1_319' title='bbox 1883 2624 1939 2675; x_wconf 89' lang='lat' dir='ltr'><strong>et</strong></span> <span class='ocrx_word' id='word_1_320' title='bbox 1958 2621 2144 2677; x_wconf 79' lang='lat' dir='ltr'><strong>Judae.</strong></span> 
     </span>
    </p>
   </div>
   <div class='ocr_carea' id='block_1_43' title="bbox 507 2706 2147 2781">
    <p class='ocr_par' dir='ltr' id='par_1_43' title="bbox 507 2706 2147 2781">
     <span class='ocr_line' id='line_1_43' title="bbox 507 2706 2147 2781; baseline 0.001 -17"><span class='ocrx_word' id='word_1_321' title='bbox 507 2709 615 2765; x_wconf 92' lang='lat' dir='ltr'><strong>Per</strong></span> <span class='ocrx_word' id='word_1_322' title='bbox 639 2709 854 2763; x_wconf 87' lang='lat' dir='ltr'><strong>Judam</strong></span> <span class='ocrx_word' id='word_1_323' title='bbox 888 2707 1044 2763; x_wconf 92' lang='lat' dir='ltr'><strong>enim</strong></span> <span class='ocrx_word' id='word_1_324' title='bbox 1092 2708 1314 2763; x_wconf 90' lang='lat' dir='ltr'><strong>orietur</strong></span> <span class='ocrx_word' id='word_1_325' title='bbox 1355 2706 1516 2763; x_wconf 89' lang='lat' dir='ltr'><strong>salus</strong></span> <span class='ocrx_word' id='word_1_326' title='bbox 1564 2708 1757 2777; x_wconf 88' lang='lat' dir='ltr'><strong>Isrrel,</strong></span> <span class='ocrx_word' id='word_1_327' title='bbox 1816 2712 1874 2763; x_wconf 92' lang='lat' dir='ltr'><strong>et</strong></span> <span class='ocrx_word' id='word_1_328' title='bbox 1917 2708 1976 2764; x_wconf 91' lang='lat' dir='ltr'><strong>in</strong></span> <span class='ocrx_word' id='word_1_329' title='bbox 2020 2709 2147 2781; x_wconf 92' lang='lat' dir='ltr'><strong>ipso</strong></span> 
     </span>
    </p>
   </div>
   <div class='ocr_carea' id='block_1_44' title="bbox 507 2796 2145 2869">
    <p class='ocr_par' dir='ltr' id='par_1_44' title="bbox 507 2796 2145 2869">
     <span class='ocr_line' id='line_1_44' title="bbox 507 2796 2145 2869; baseline -0.001 -16"><span class='ocrx_word' id='word_1_330' title='bbox 507 2797 883 2853; x_wconf 81' lang='lat' dir='ltr'><strong>benedicatur</strong></span> <span class='ocrx_word' id='word_1_331' title='bbox 908 2796 1109 2852; x_wconf 88' lang='lat' dir='ltr'><strong>Jacob.</strong></span> <span class='ocrx_word' id='word_1_332' title='bbox 1142 2796 1249 2851; x_wconf 91' lang='lat' dir='ltr'><strong>Per</strong></span> <span class='ocrx_word' id='word_1_333' title='bbox 1278 2800 1573 2868; x_wconf 87' lang='lat' dir='ltr'><strong>sceptrum</strong></span> <span class='ocrx_word' id='word_1_334' title='bbox 1606 2796 1762 2852; x_wconf 89' lang='lat' dir='ltr'><strong>enim</strong></span> <span class='ocrx_word' id='word_1_335' title='bbox 1811 2797 1938 2868; x_wconf 89' lang='lat' dir='ltr'><strong>ejus</strong></span> <span class='ocrx_word' id='word_1_336' title='bbox 1968 2814 2145 2869; x_wconf 90' lang='lat' dir='ltr'><strong>appa-</strong></span> 
     </span>
    </p>
   </div>
   <div class='ocr_carea' id='block_1_45' title="bbox 508 2884 2149 2953">
    <p class='ocr_par' dir='ltr' id='par_1_45' title="bbox 508 2884 2149 2953">
     <span class='ocr_line' id='line_1_45' title="bbox 508 2884 2149 2953; baseline -0.001 -11"><span class='ocrx_word' id='word_1_337' title='bbox 508 2886 657 2943; x_wconf 90' lang='lat' dir='ltr'><strong>rebit</strong></span> <span class='ocrx_word' id='word_1_338' title='bbox 711 2886 885 2953; x_wconf 89' lang='lat' dir='ltr'><strong>Deus,</strong></span> <span class='ocrx_word' id='word_1_339' title='bbox 917 2885 1190 2940; x_wconf 89' lang='lat' dir='ltr'><strong>habitans</strong></span> <span class='ocrx_word' id='word_1_340' title='bbox 1234 2885 1385 2939; x_wconf 92' lang='lat' dir='ltr'><strong>inter</strong></span> <span class='ocrx_word' id='word_1_341' title='bbox 1437 2884 1704 2940; x_wconf 88' lang='lat' dir='ltr'><strong>homines</strong></span> <span class='ocrx_word' id='word_1_342' title='bbox 1762 2885 1820 2940; x_wconf 92' lang='lat' dir='ltr'><strong>in</strong></span> <span class='ocrx_word' id='word_1_343' title='bbox 1878 2891 2053 2951; x_wconf 90' lang='lat' dir='ltr'><strong>terra,</strong></span> <span class='ocrx_word' id='word_1_344' title='bbox 2086 2889 2149 2940; x_wconf 89' lang='lat' dir='ltr'><strong>ut</strong></span> 
     </span>
    </p>
   </div>
   <div class='ocr_carea' id='block_1_46' title="bbox 511 2972 2150 3047">
    <p class='ocr_par' dir='ltr' id='par_1_46' title="bbox 511 2972 2150 3047">
     <span class='ocr_line' id='line_1_46' title="bbox 511 2972 2150 3047; baseline -0.001 -17"><span class='ocrx_word' id='word_1_345' title='bbox 511 2974 695 3031; x_wconf 88' lang='lat' dir='ltr'><strong>salvet</strong></span> <span class='ocrx_word' id='word_1_346' title='bbox 723 2990 909 3046; x_wconf 87' lang='lat' dir='ltr'><strong>genus</strong></span> <span class='ocrx_word' id='word_1_347' title='bbox 944 2972 1118 3029; x_wconf 89' lang='lat' dir='ltr'><strong>Israel</strong></span> <span class='ocrx_word' id='word_1_348' title='bbox 1153 2990 1167 3041; x_wconf 90' lang='lat'><strong>;</strong></span> <span class='ocrx_word' id='word_1_349' title='bbox 1199 2977 1256 3029; x_wconf 88' lang='lat' dir='ltr'><strong>et</strong></span> <span class='ocrx_word' id='word_1_350' title='bbox 1283 2974 1662 3046; x_wconf 87' lang='lat' dir='ltr'><strong>congregabit</strong></span> <span class='ocrx_word' id='word_1_351' title='bbox 1682 2974 1879 3044; x_wconf 88' lang='lat' dir='ltr'><strong>justos</strong></span> <span class='ocrx_word' id='word_1_352' title='bbox 1911 2991 1978 3030; x_wconf 83' lang='lat' dir='ltr'><strong>ex</strong></span> <span class='ocrx_word' id='word_1_353' title='bbox 2008 2990 2150 3047; x_wconf 90' lang='lat' dir='ltr'><strong>gen-</strong></span> 
     </span>
    </p>
   </div>
   <div class='ocr_carea' id='block_1_47' title="bbox 512 3061 2155 3134">
    <p class='ocr_par' dir='ltr' id='par_1_47' title="bbox 512 3061 2155 3134">
     <span class='ocr_line' id='line_1_47' title="bbox 512 3061 2155 3134; baseline -0.001 -15"><span class='ocrx_word' id='word_1_354' title='bbox 512 3063 695 3119; x_wconf 84' lang='lat' dir='ltr'><strong>tibus-</strong></span> <span class='ocrx_word' id='word_1_355' title='bbox 726 3063 784 3118; x_wconf 88' lang='lat' dir='ltr'><strong>Si</strong></span> <span class='ocrx_word' id='word_1_356' title='bbox 812 3061 1133 3134; x_wconf 88' lang='lat' dir='ltr'><strong>operemini</strong></span> <span class='ocrx_word' id='word_1_357' title='bbox 1186 3062 1427 3128; x_wconf 89' lang='lat' dir='ltr'><strong>bonum,</strong></span> <span class='ocrx_word' id='word_1_358' title='bbox 1479 3061 1584 3116; x_wconf 81' lang='lat' dir='ltr'><strong>filii</strong></span> <span class='ocrx_word' id='word_1_359' title='bbox 1643 3062 1777 3129; x_wconf 88' lang='lat' dir='ltr'><strong>mei,</strong></span> <span class='ocrx_word' id='word_1_360' title='bbox 1810 3063 2155 3118; x_wconf 90' lang='lat' dir='ltr'><strong>benedicent</strong></span> 
     </span>
    </p>
   </div>
   <div class='ocr_carea' id='block_1_48' title="bbox 508 3150 2156 3223">
    <p class='ocr_par' dir='ltr' id='par_1_48' title="bbox 508 3150 2156 3223">
     <span class='ocr_line' id='line_1_48' title="bbox 508 3150 2156 3223; baseline -0.001 -14"><span class='ocrx_word' id='word_1_361' title='bbox 508 3152 674 3209; x_wconf 87' lang='lat' dir='ltr'><strong>vobis</strong></span> <span class='ocrx_word' id='word_1_362' title='bbox 702 3156 761 3207; x_wconf 87' lang='lat' dir='ltr'><strong>et</strong></span> <span class='ocrx_word' id='word_1_363' title='bbox 786 3151 1054 3207; x_wconf 88' lang='lat' dir='ltr'><strong>homines</strong></span> <span class='ocrx_word' id='word_1_364' title='bbox 1091 3154 1149 3207; x_wconf 89' lang='lat' dir='ltr'><strong>et</strong></span> <span class='ocrx_word' id='word_1_365' title='bbox 1178 3150 1367 3223; x_wconf 86' lang='lat' dir='ltr'><strong>angeli</strong></span> <span class='ocrx_word' id='word_1_366' title='bbox 1403 3167 1417 3218; x_wconf 91' lang='lat'><strong>;</strong></span> <span class='ocrx_word' id='word_1_367' title='bbox 1452 3154 1508 3205; x_wconf 89' lang='lat' dir='ltr'><strong>et</strong></span> <span class='ocrx_word' id='word_1_368' title='bbox 1540 3151 1690 3206; x_wconf 86' lang='lat' dir='ltr'><strong>Deus</strong></span> <span class='ocrx_word' id='word_1_369' title='bbox 1734 3150 2156 3223; x_wconf 85' lang='lat' dir='ltr'><strong>gloriﬁcabitur</strong></span> 
     </span>
    </p>
   </div>
   <div class='ocr_carea' id='block_1_49' title="bbox 517 3238 2160 3315">
    <p class='ocr_par' dir='ltr' id='par_1_49' title="bbox 517 3238 2160 3315">
     <span class='ocr_line' id='line_1_49' title="bbox 517 3238 2160 3315; baseline 0 -18"><span class='ocrx_word' id='word_1_370' title='bbox 517 3257 624 3315; x_wconf 91' lang='lat' dir='ltr'><strong>per</strong></span> <span class='ocrx_word' id='word_1_371' title='bbox 652 3257 753 3298; x_wconf 90' lang='lat' dir='ltr'><strong>vos</strong></span> <span class='ocrx_word' id='word_1_372' title='bbox 790 3241 849 3296; x_wconf 91' lang='lat' dir='ltr'><strong>in</strong></span> <span class='ocrx_word' id='word_1_373' title='bbox 881 3240 1179 3313; x_wconf 84' lang='lat' dir='ltr'><strong>gentibus,</strong></span> <span class='ocrx_word' id='word_1_374' title='bbox 1211 3243 1269 3295; x_wconf 88' lang='lat' dir='ltr'><strong>et</strong></span> <span class='ocrx_word' id='word_1_375' title='bbox 1316 3238 1584 3295; x_wconf 89' lang='lat' dir='ltr'><strong>diabolus</strong></span> <span class='ocrx_word' id='word_1_376' title='bbox 1614 3240 1796 3312; x_wconf 83' lang='lat' dir='ltr'><strong>fugiet</strong></span> <span class='ocrx_word' id='word_1_377' title='bbox 1826 3257 1859 3295; x_wconf 91' lang='lat' dir='ltr'><strong>a</strong></span> <span class='ocrx_word' id='word_1_378' title='bbox 1885 3240 2070 3308; x_wconf 90' lang='lat' dir='ltr'><strong>vobis,</strong></span> <span class='ocrx_word' id='word_1_379' title='bbox 2102 3245 2160 3297; x_wconf 92' lang='lat' dir='ltr'><strong>et</strong></span> 
     </span>
    </p>
   </div>
   <div class='ocr_carea' id='block_1_50' title="bbox 512 3328 2165 3401">
    <p class='ocr_par' dir='ltr' id='par_1_50' title="bbox 512 3328 2165 3401">
     <span class='ocr_line' id='line_1_50' title="bbox 512 3328 2165 3401; baseline 0 -16"><span class='ocrx_word' id='word_1_380' title='bbox 512 3331 710 3387; x_wconf 67' lang='lat' dir='ltr'><strong>bestiae</strong></span> <span class='ocrx_word' id='word_1_381' title='bbox 742 3329 1033 3386; x_wconf 91' lang='lat' dir='ltr'><strong>timebunt</strong></span> <span class='ocrx_word' id='word_1_382' title='bbox 1059 3346 1180 3392; x_wconf 89' lang='lat' dir='ltr'><strong>vos,</strong></span> <span class='ocrx_word' id='word_1_383' title='bbox 1213 3334 1271 3385; x_wconf 91' lang='lat' dir='ltr'><strong>et</strong></span> <span class='ocrx_word' id='word_1_384' title='bbox 1299 3328 1488 3401; x_wconf 90' lang='lat' dir='ltr'><strong>angeli</strong></span> <span class='ocrx_word' id='word_1_385' title='bbox 1521 3329 1847 3400; x_wconf 76' lang='lat' dir='ltr'><strong>suscipiant</strong></span> <span class='ocrx_word' id='word_1_386' title='bbox 1878 3329 2165 3385; x_wconf 87' lang='lat' dir='ltr'><strong>vos.Sicut</strong></span> 
     </span>
    </p>
   </div>
   <div class='ocr_carea' id='block_1_51' title="bbox 515 3417 2163 3491">
    <p class='ocr_par' dir='ltr' id='par_1_51' title="bbox 515 3417 2163 3491">
     <span class='ocr_line' id='line_1_51' title="bbox 515 3417 2163 3491; baseline -0.001 -16"><span class='ocrx_word' id='word_1_387' title='bbox 515 3419 670 3475; x_wconf 88' lang='lat' dir='ltr'><strong>enim</strong></span> <span class='ocrx_word' id='word_1_388' title='bbox 703 3418 753 3474; x_wconf 92' lang='lat' dir='ltr'><strong>si</strong></span> <span class='ocrx_word' id='word_1_389' title='bbox 783 3419 919 3491; x_wconf 89' lang='lat' dir='ltr'><strong>quis</strong></span> <span class='ocrx_word' id='word_1_390' title='bbox 952 3417 1139 3473; x_wconf 82' lang='lat' dir='ltr'><strong>filium</strong></span> <span class='ocrx_word' id='word_1_391' title='bbox 1172 3418 1393 3473; x_wconf 84' lang='lat' dir='ltr'><strong>nutriat</strong></span> <span class='ocrx_word' id='word_1_392' title='bbox 1422 3418 1589 3483; x_wconf 89' lang='lat' dir='ltr'><strong>bene,</strong></span> <span class='ocrx_word' id='word_1_393' title='bbox 1621 3421 1902 3489; x_wconf 90' lang='lat' dir='ltr'><strong>perpetuo</strong></span> <span class='ocrx_word' id='word_1_394' title='bbox 1961 3423 2163 3490; x_wconf 90' lang='lat' dir='ltr'><strong>gratus</strong></span> 
     </span>
    </p>
   </div>
   <div class='ocr_carea' id='block_1_52' title="bbox 515 3506 2168 3579">
    <p class='ocr_par' dir='ltr' id='par_1_52' title="bbox 515 3506 2168 3579">
     <span class='ocr_line' id='line_1_52' title="bbox 515 3506 2168 3579; baseline -0.001 -15"><span class='ocrx_word' id='word_1_395' title='bbox 515 3513 574 3564; x_wconf 90' lang='lat' dir='ltr'><strong>et</strong></span> <span class='ocrx_word' id='word_1_396' title='bbox 604 3524 827 3563; x_wconf 89' lang='lat' dir='ltr'><strong>memor</strong></span> <span class='ocrx_word' id='word_1_397' title='bbox 856 3512 944 3563; x_wconf 92' lang='lat' dir='ltr'><strong>est</strong></span> <span class='ocrx_word' id='word_1_398' title='bbox 975 3523 987 3563; x_wconf 92' lang='lat'><strong>:</strong></span> <span class='ocrx_word' id='word_1_399' title='bbox 1022 3510 1107 3562; x_wconf 91' lang='lat' dir='ltr'><strong>ita</strong></span> <span class='ocrx_word' id='word_1_400' title='bbox 1136 3511 1193 3562; x_wconf 91' lang='lat' dir='ltr'><strong>et</strong></span> <span class='ocrx_word' id='word_1_401' title='bbox 1224 3506 1283 3561; x_wconf 91' lang='lat' dir='ltr'><strong>in</strong></span> <span class='ocrx_word' id='word_1_402' title='bbox 1343 3507 1495 3563; x_wconf 89' lang='lat' dir='ltr'><strong>bono</strong></span> <span class='ocrx_word' id='word_1_403' title='bbox 1555 3522 1728 3579; x_wconf 88' lang='lat' dir='ltr'><strong>opere</strong></span> <span class='ocrx_word' id='word_1_404' title='bbox 1766 3508 2049 3563; x_wconf 89' lang='lat' dir='ltr'><strong>memoria</strong></span> <span class='ocrx_word' id='word_1_405' title='bbox 2079 3512 2168 3563; x_wconf 92' lang='lat' dir='ltr'><strong>est</strong></span> 
     </span>
    </p>
   </div>
   <div class='ocr_carea' id='block_1_53' title="bbox 513 3594 2168 3668">
    <p class='ocr_par' dir='ltr' id='par_1_53' title="bbox 513 3594 2168 3668">
     <span class='ocr_line' id='line_1_53' title="bbox 513 3594 2168 3668; baseline -0.001 -16"><span class='ocrx_word' id='word_1_406' title='bbox 513 3598 673 3668; x_wconf 91' lang='lat' dir='ltr'><strong>apud</strong></span> <span class='ocrx_word' id='word_1_407' title='bbox 701 3596 882 3651; x_wconf 92' lang='lat' dir='ltr'><strong>Deum</strong></span> <span class='ocrx_word' id='word_1_408' title='bbox 916 3596 1204 3661; x_wconf 88' lang='lat' dir='ltr'><strong>bona.Qui</strong></span> <span class='ocrx_word' id='word_1_409' title='bbox 1236 3612 1372 3651; x_wconf 92' lang='lat' dir='ltr'><strong>vero</strong></span> <span class='ocrx_word' id='word_1_410' title='bbox 1407 3611 1520 3651; x_wconf 89' lang='lat' dir='ltr'><strong>non</strong></span> <span class='ocrx_word' id='word_1_411' title='bbox 1552 3594 1753 3652; x_wconf 84' lang='lat' dir='ltr'><strong>fecerit</strong></span> <span class='ocrx_word' id='word_1_412' title='bbox 1776 3594 2168 3666; x_wconf 89' lang='lat' dir='ltr'><strong>bonum,huic</strong></span> 
     </span>
    </p>
   </div>
   <div class='ocr_carea' id='block_1_54' title="bbox 517 3683 2169 3756">
    <p class='ocr_par' dir='ltr' id='par_1_54' title="bbox 517 3683 2169 3756">
     <span class='ocr_line' id='line_1_54' title="bbox 517 3683 2169 3756; baseline 0 -16"><span class='ocrx_word' id='word_1_413' title='bbox 517 3684 883 3740; x_wconf 87' lang='lat' dir='ltr'><strong>maledicunt</strong></span> <span class='ocrx_word' id='word_1_414' title='bbox 911 3688 961 3739; x_wconf 80' lang='lat' dir='ltr'><strong>et</strong></span> <span class='ocrx_word' id='word_1_415' title='bbox 999 3683 1190 3756; x_wconf 89' lang='lat' dir='ltr'><strong>angeli</strong></span> <span class='ocrx_word' id='word_1_416' title='bbox 1221 3688 1278 3739; x_wconf 92' lang='lat' dir='ltr'><strong>et</strong></span> <span class='ocrx_word' id='word_1_417' title='bbox 1308 3684 1662 3751; x_wconf 89' lang='lat' dir='ltr'><strong>homines,et</strong></span> <span class='ocrx_word' id='word_1_418' title='bbox 1691 3685 1844 3740; x_wconf 90' lang='lat' dir='ltr'><strong>Deus</strong></span> <span class='ocrx_word' id='word_1_419' title='bbox 1873 3689 2169 3740; x_wconf 86' lang='lat' dir='ltr'><strong>contume-</strong></span> 
     </span>
    </p>
   </div>
   <div class='ocr_carea' id='block_1_55' title="bbox 519 3772 2164 3845">
    <p class='ocr_par' dir='ltr' id='par_1_55' title="bbox 519 3772 2164 3845">
     <span class='ocr_line' id='line_1_55' title="bbox 519 3772 2164 3845; baseline 0 -18"><span class='ocrx_word' id='word_1_420' title='bbox 519 3774 597 3828; x_wconf 85' lang='lat' dir='ltr'><strong>lia</strong></span> <span class='ocrx_word' id='word_1_421' title='bbox 632 3773 918 3829; x_wconf 81' lang='lat' dir='ltr'><strong>afﬁcietur</strong></span> <span class='ocrx_word' id='word_1_422' title='bbox 946 3789 1049 3845; x_wconf 90' lang='lat' dir='ltr'><strong>per</strong></span> <span class='ocrx_word' id='word_1_423' title='bbox 1072 3772 1268 3845; x_wconf 90' lang='lat' dir='ltr'><strong>ipsum</strong></span> <span class='ocrx_word' id='word_1_424' title='bbox 1298 3772 1354 3826; x_wconf 93' lang='lat' dir='ltr'><strong>in</strong></span> <span class='ocrx_word' id='word_1_425' title='bbox 1377 3773 1671 3845; x_wconf 87' lang='lat' dir='ltr'><strong>gentibus,</strong></span> <span class='ocrx_word' id='word_1_426' title='bbox 1687 3777 1743 3828; x_wconf 92' lang='lat' dir='ltr'><strong>et</strong></span> <span class='ocrx_word' id='word_1_427' title='bbox 1763 3772 2032 3828; x_wconf 89' lang='lat' dir='ltr'><strong>diabolus</strong></span> <span class='ocrx_word' id='word_1_428' title='bbox 2055 3774 2164 3829; x_wconf 88' lang='lat' dir='ltr'><strong>sibi</strong></span> 
     </span>
    </p>
   </div>
   <div class='ocr_carea' id='block_1_56' title="bbox 516 3861 2169 3933">
    <p class='ocr_par' dir='ltr' id='par_1_56' title="bbox 516 3861 2169 3933">
     <span class='ocr_line' id='line_1_56' title="bbox 516 3861 2169 3933; baseline 0 -16"><span class='ocrx_word' id='word_1_429' title='bbox 516 3861 773 3917; x_wconf 89' lang='lat' dir='ltr'><strong>vindicat</strong></span> <span class='ocrx_word' id='word_1_430' title='bbox 803 3862 961 3917; x_wconf 89' lang='lat' dir='ltr'><strong>hunc</strong></span> <span class='ocrx_word' id='word_1_431' title='bbox 991 3866 1275 3933; x_wconf 88' lang='lat' dir='ltr'><strong>tanquam</strong></span> <span class='ocrx_word' id='word_1_432' title='bbox 1318 3861 1620 3932; x_wconf 92' lang='lat' dir='ltr'><strong>proprium</strong></span> <span class='ocrx_word' id='word_1_433' title='bbox 1678 3877 1800 3927; x_wconf 91' lang='lat' dir='ltr'><strong>vas,</strong></span> <span class='ocrx_word' id='word_1_434' title='bbox 1861 3864 1919 3915; x_wconf 88' lang='lat' dir='ltr'><strong>et</strong></span> <span class='ocrx_word' id='word_1_435' title='bbox 1976 3861 2169 3917; x_wconf 89' lang='lat' dir='ltr'><strong>omnis</strong></span> 
     </span>
    </p>
   </div>
   <div class='ocr_carea' id='block_1_57' title="bbox 518 3949 2165 4017">
    <p class='ocr_par' dir='ltr' id='par_1_57' title="bbox 518 3949 2165 4017">
     <span class='ocr_line' id='line_1_57' title="bbox 518 3949 2165 4017; baseline -0.004 -10"><span class='ocrx_word' id='word_1_436' title='bbox 518 3952 708 4008; x_wconf 88' lang='lat' dir='ltr'><strong>bestia</strong></span> <span class='ocrx_word' id='word_1_437' title='bbox 736 3951 1144 4007; x_wconf 90' lang='lat' dir='ltr'><strong>dominabitur</strong></span> <span class='ocrx_word' id='word_1_438' title='bbox 1172 3949 1243 4017; x_wconf 90' lang='lat' dir='ltr'><strong>ei,</strong></span> <span class='ocrx_word' id='word_1_439' title='bbox 1288 3954 1345 4005; x_wconf 87' lang='lat' dir='ltr'><strong>et</strong></span> <span class='ocrx_word' id='word_1_440' title='bbox 1401 3949 1687 4005; x_wconf 91' lang='lat' dir='ltr'><strong>Dominus</strong></span> <span class='ocrx_word' id='word_1_441' title='bbox 1744 3949 1876 4005; x_wconf 92' lang='lat' dir='ltr'><strong>odio</strong></span> <span class='ocrx_word' id='word_1_442' title='bbox 1932 3949 2165 4005; x_wconf 83' lang='lat' dir='ltr'><strong>habebit</strong></span> 
     </span>
    </p>
   </div>
   <div class='ocr_carea' id='block_1_58' title="bbox 521 4036 2170 4110">
    <p class='ocr_par' dir='ltr' id='par_1_58' title="bbox 521 4036 2170 4110">
     <span class='ocr_line' id='line_1_58' title="bbox 521 4036 2170 4110; baseline -0.004 -12"><span class='ocrx_word' id='word_1_443' title='bbox 521 4058 678 4098; x_wconf 89' lang='lat' dir='ltr'><strong>eum.</strong></span> <span class='ocrx_word' id='word_1_444' title='bbox 714 4040 940 4096; x_wconf 89' lang='lat' dir='ltr'><strong>Etenim</strong></span> <span class='ocrx_word' id='word_1_445' title='bbox 970 4040 1248 4094; x_wconf 88' lang='lat' dir='ltr'><strong>mandata</strong></span> <span class='ocrx_word' id='word_1_446' title='bbox 1279 4036 1425 4110; x_wconf 90' lang='lat' dir='ltr'><strong>legis</strong></span> <span class='ocrx_word' id='word_1_447' title='bbox 1455 4036 1711 4109; x_wconf 90' lang='lat' dir='ltr'><strong>duplicia</strong></span> <span class='ocrx_word' id='word_1_448' title='bbox 1759 4042 1917 4102; x_wconf 91' lang='lat' dir='ltr'><strong>sunt,</strong></span> <span class='ocrx_word' id='word_1_449' title='bbox 1949 4041 2007 4093; x_wconf 92' lang='lat' dir='ltr'><strong>et</strong></span> <span class='ocrx_word' id='word_1_450' title='bbox 2036 4053 2170 4092; x_wconf 91' lang='lat' dir='ltr'><strong>cum</strong></span> 
     </span>
    </p>
   </div>
   <div class='ocr_carea' id='block_1_59' title="bbox 518 4125 2170 4202">
    <p class='ocr_par' dir='ltr' id='par_1_59' title="bbox 518 4125 2170 4202">
     <span class='ocr_line' id='line_1_59' title="bbox 518 4125 2170 4202; baseline -0.004 -14"><span class='ocrx_word' id='word_1_451' title='bbox 518 4136 642 4188; x_wconf 83' lang='lat' dir='ltr'><strong>arte</strong></span> <span class='ocrx_word' id='word_1_452' title='bbox 673 4129 1011 4202; x_wconf 82' lang='lat' dir='ltr'><strong>implentur.</strong></span> <span class='ocrx_word' id='word_1_453' title='bbox 1044 4151 1073 4177; x_wconf 87' lang='lat'><strong>«</strong></span> <span class='ocrx_word' id='word_1_454' title='bbox 1109 4129 1366 4200; x_wconf 90' lang='lat' dir='ltr'><strong>Tempus</strong></span> <span class='ocrx_word' id='word_1_455' title='bbox 1406 4125 1563 4183; x_wconf 89' lang='lat' dir='ltr'><strong>enim</strong></span> <span class='ocrx_word' id='word_1_456' title='bbox 1621 4130 1711 4182; x_wconf 91' lang='lat' dir='ltr'><strong>est</strong></span> <span class='ocrx_word' id='word_1_457' title='bbox 1767 4125 1971 4182; x_wconf 90' lang='lat' dir='ltr'><strong>coendi</strong></span> <span class='ocrx_word' id='word_1_458' title='bbox 2036 4142 2170 4181; x_wconf 91' lang='lat' dir='ltr'><strong>cum</strong></span> 
     </span>
    </p>
   </div>
   <div class='ocr_carea' id='block_1_60' title="bbox 519 4215 2170 4289">
    <p class='ocr_par' dir='ltr' id='par_1_60' title="bbox 519 4215 2170 4289">
     <span class='ocr_line' id='line_1_60' title="bbox 519 4215 2170 4289; baseline -0.002 -14"><span class='ocrx_word' id='word_1_459' title='bbox 519 4235 696 4275; x_wconf 83' lang='lat' dir='ltr'><strong>uxore</strong></span> <span class='ocrx_word' id='word_1_460' title='bbox 727 4236 835 4274; x_wconf 91' lang='lat' dir='ltr'><strong>sua</strong></span> <span class='ocrx_word' id='word_1_461' title='bbox 864 4218 991 4285; x_wconf 70' lang='lat' dir='ltr'><strong>&quot;,et</strong></span> <span class='ocrx_word' id='word_1_462' title='bbox 1022 4222 1257 4289; x_wconf 90' lang='lat' dir='ltr'><strong>tempus</strong></span> <span class='ocrx_word' id='word_1_463' title='bbox 1278 4215 1616 4271; x_wconf 92' lang='lat' dir='ltr'><strong>abstinendi</strong></span> <span class='ocrx_word' id='word_1_464' title='bbox 1650 4215 1722 4270; x_wconf 90' lang='lat' dir='ltr'><strong>ab</strong></span> <span class='ocrx_word' id='word_1_465' title='bbox 1753 4230 1822 4271; x_wconf 89' lang='lat' dir='ltr'><strong>ea</strong></span> <span class='ocrx_word' id='word_1_466' title='bbox 1852 4215 1923 4270; x_wconf 90' lang='lat' dir='ltr'><strong>ad</strong></span> <span class='ocrx_word' id='word_1_467' title='bbox 1955 4215 2170 4271; x_wconf 82' lang='lat' dir='ltr'><strong>oratio-</strong></span> 
     </span>
    </p>
   </div>
   <div class='ocr_carea' id='block_1_61' title="bbox 518 4303 2174 4375">
    <p class='ocr_par' dir='ltr' id='par_1_61' title="bbox 518 4303 2174 4375">
     <span class='ocr_line' id='line_1_61' title="bbox 518 4303 2174 4375; baseline -0.002 -12"><span class='ocrx_word' id='word_1_468' title='bbox 518 4324 652 4363; x_wconf 89' lang='lat' dir='ltr'><strong>nem</strong></span> <span class='ocrx_word' id='word_1_469' title='bbox 689 4323 863 4363; x_wconf 88' lang='lat' dir='ltr'><strong>suam</strong></span> <span class='ocrx_word' id='word_1_470' title='bbox 897 4308 961 4360; x_wconf 67' lang='grc'><strong>2⁸.</strong></span> <span class='ocrx_word' id='word_1_471' title='bbox 996 4307 1064 4361; x_wconf 86' lang='grc' dir='ltr'>Ει</span> <span class='ocrx_word' id='word_1_472' title='bbox 1092 4306 1207 4361; x_wconf 93' lang='lat' dir='ltr'><strong>duo</strong></span> <span class='ocrx_word' id='word_1_473' title='bbox 1240 4304 1521 4360; x_wconf 90' lang='lat' dir='ltr'><strong>mandata</strong></span> <span class='ocrx_word' id='word_1_474' title='bbox 1550 4303 1995 4375; x_wconf 70' lang='lat' dir='ltr'><strong>sunt,quaa,nisi</strong></span> <span class='ocrx_word' id='word_1_475' title='bbox 2030 4305 2174 4359; x_wconf 80' lang='lat' dir='ltr'><strong>ﬁant</strong></span> 
     </span>
    </p>
   </div>
   <div class='ocr_carea' id='block_1_62' title="bbox 517 4391 2176 4466">
    <p class='ocr_par' dir='ltr' id='par_1_62' title="bbox 517 4391 2176 4466">
     <span class='ocr_line' id='line_1_62' title="bbox 517 4391 2176 4466; baseline -0.003 -14"><span class='ocrx_word' id='word_1_476' title='bbox 517 4396 578 4452; x_wconf 92' lang='lat' dir='ltr'><strong>in</strong></span> <span class='ocrx_word' id='word_1_477' title='bbox 610 4396 813 4451; x_wconf 91' lang='lat' dir='ltr'><strong>ordine</strong></span> <span class='ocrx_word' id='word_1_478' title='bbox 845 4411 973 4461; x_wconf 91' lang='lat' dir='ltr'><strong>suo,</strong></span> <span class='ocrx_word' id='word_1_479' title='bbox 1010 4398 1315 4466; x_wconf 88' lang='lat' dir='ltr'><strong>peccatum</strong></span> <span class='ocrx_word' id='word_1_480' title='bbox 1348 4392 1733 4448; x_wconf 90' lang='lat' dir='ltr'><strong>tribuunt.Ita</strong></span> <span class='ocrx_word' id='word_1_481' title='bbox 1761 4396 1850 4448; x_wconf 88' lang='lat' dir='ltr'><strong>est</strong></span> <span class='ocrx_word' id='word_1_482' title='bbox 1879 4396 1936 4447; x_wconf 89' lang='lat' dir='ltr'><strong>et</strong></span> <span class='ocrx_word' id='word_1_483' title='bbox 1956 4392 2017 4447; x_wconf 90' lang='lat' dir='ltr'><strong>in</strong></span> <span class='ocrx_word' id='word_1_484' title='bbox 2042 4391 2176 4447; x_wconf 92' lang='lat' dir='ltr'><strong>reli-</strong></span> 
     </span>
    </p>
   </div>
   <div class='ocr_carea' id='block_1_63' title="bbox 523 4481 2174 4557">
    <p class='ocr_par' dir='ltr' id='par_1_63' title="bbox 523 4481 2174 4557">
     <span class='ocr_line' id='line_1_63' title="bbox 523 4481 2174 4557; baseline -0.002 -16"><span class='ocrx_word' id='word_1_485' title='bbox 523 4484 658 4557; x_wconf 88' lang='lat' dir='ltr'><strong>quis</strong></span> <span class='ocrx_word' id='word_1_486' title='bbox 690 4483 1010 4540; x_wconf 83' lang='lat' dir='ltr'><strong>mandatis.</strong></span> <span class='ocrx_word' id='word_1_487' title='bbox 1046 4481 1400 4537; x_wconf 84' lang='lat' dir='ltr'><strong>Efﬁciamini</strong></span> <span class='ocrx_word' id='word_1_488' title='bbox 1434 4496 1571 4553; x_wconf 90' lang='lat' dir='ltr'><strong>ergo</strong></span> <span class='ocrx_word' id='word_1_489' title='bbox 1620 4481 1917 4553; x_wconf 91' lang='lat' dir='ltr'><strong>saqientes</strong></span> <span class='ocrx_word' id='word_1_490' title='bbox 1967 4481 2025 4536; x_wconf 92' lang='lat' dir='ltr'><strong>in</strong></span> <span class='ocrx_word' id='word_1_491' title='bbox 2057 4482 2174 4538; x_wconf 92' lang='lat' dir='ltr'><strong>Deo</strong></span> 
     </span>
    </p>
   </div>
   <div class='ocr_carea' id='block_1_64' title="bbox 515 4569 2178 4647">
    <p class='ocr_par' dir='ltr' id='par_1_64' title="bbox 515 4569 2178 4647">
     <span class='ocr_line' id='line_1_64' title="bbox 515 4569 2178 4647; baseline -0.002 -17"><span class='ocrx_word' id='word_1_492' title='bbox 515 4578 598 4641; x_wconf 82' lang='lat' dir='ltr'><strong>let</strong></span> <span class='ocrx_word' id='word_1_493' title='bbox 624 4572 1214 4647; x_wconf 88' lang='lat' dir='ltr'><strong>prudentes,scientes</strong></span> <span class='ocrx_word' id='word_1_494' title='bbox 1240 4570 1502 4625; x_wconf 90' lang='lat' dir='ltr'><strong>ordinem</strong></span> <span class='ocrx_word' id='word_1_495' title='bbox 1533 4569 1941 4625; x_wconf 87' lang='lat' dir='ltr'><strong>mandatorum</strong></span> <span class='ocrx_word' id='word_1_496' title='bbox 1966 4570 2178 4641; x_wconf 85' lang='lat' dir='ltr'><strong>ejus,et</strong></span> 
     </span>
    </p>
   </div>
   <div class='ocr_carea' id='block_1_65' title="bbox 529 4658 1912 4736">
    <p class='ocr_par' dir='ltr' id='par_1_65' title="bbox 529 4658 1912 4736">
     <span class='ocr_line' id='line_1_65' title="bbox 529 4658 1912 4736; baseline -0.004 -17"><span class='ocrx_word' id='word_1_497' title='bbox 529 4679 685 4736; x_wconf 90' lang='lat' dir='ltr'><strong>eges</strong></span> <span class='ocrx_word' id='word_1_498' title='bbox 717 4662 913 4719; x_wconf 90' lang='lat' dir='ltr'><strong>omnis</strong></span> <span class='ocrx_word' id='word_1_499' title='bbox 945 4660 1050 4729; x_wconf 88' lang='lat' dir='ltr'><strong>rei,</strong></span> <span class='ocrx_word' id='word_1_500' title='bbox 1082 4664 1145 4716; x_wconf 91' lang='lat' dir='ltr'><strong>ut</strong></span> <span class='ocrx_word' id='word_1_501' title='bbox 1178 4659 1459 4716; x_wconf 88' lang='lat' dir='ltr'><strong>Dominus</strong></span> <span class='ocrx_word' id='word_1_502' title='bbox 1490 4658 1696 4731; x_wconf 83' lang='lat' dir='ltr'><strong>diligat</strong></span> <span class='ocrx_word' id='word_1_503' title='bbox 1724 4674 1847 4714; x_wconf 91' lang='lat' dir='ltr'><strong>vos.</strong></span> <span class='ocrx_word' id='word_1_504' title='bbox 1883 4680 1912 4709; x_wconf 83' lang='lat'><strong>»</strong></span> 
     </span>
    </p>
   </div>
   <div class='ocr_carea' id='block_1_66' title="bbox 600 4940 2175 5015">
    <p class='ocr_par' dir='ltr' id='par_1_66' title="bbox 600 4940 2175 5015">
     <span class='ocr_line' id='line_1_66' title="bbox 600 4940 2175 5015; baseline -0.003 -12"><span class='ocrx_word' id='word_1_505' title='bbox 600 4946 694 5015; x_wconf 90' lang='lat' dir='ltr'><strong>IX,</strong></span> <span class='ocrx_word' id='word_1_506' title='bbox 731 4946 953 5002; x_wconf 84' lang='lat' dir='ltr'><strong>Etcum</strong></span> <span class='ocrx_word' id='word_1_507' title='bbox 989 4942 1174 4999; x_wconf 90' lang='lat' dir='ltr'><strong>multa</strong></span> <span class='ocrx_word' id='word_1_508' title='bbox 1205 4940 1343 4998; x_wconf 88' lang='lat' dir='ltr'><strong>talia</strong></span> <span class='ocrx_word' id='word_1_509' title='bbox 1375 4942 1715 4998; x_wconf 87' lang='lat' dir='ltr'><strong>mandasset</strong></span> <span class='ocrx_word' id='word_1_510' title='bbox 1762 4940 1870 5007; x_wconf 89' lang='lat' dir='ltr'><strong>eis,</strong></span> <span class='ocrx_word' id='word_1_511' title='bbox 1900 4945 2175 5013; x_wconf 91' lang='lat' dir='ltr'><strong>precatus</strong></span> 
     </span>
    </p>
   </div>
   <div class='ocr_carea' id='block_1_67' title="bbox 525 5030 2177 5103">
    <p class='ocr_par' dir='ltr' id='par_1_67' title="bbox 525 5030 2177 5103">
     <span class='ocr_line' id='line_1_67' title="bbox 525 5030 2177 5103; baseline -0.004 -9"><span class='ocrx_word' id='word_1_512' title='bbox 525 5041 637 5103; x_wconf 89' lang='lat' dir='ltr'><strong>est,</strong></span> <span class='ocrx_word' id='word_1_513' title='bbox 671 5039 736 5091; x_wconf 93' lang='lat' dir='ltr'><strong>ut</strong></span> <span class='ocrx_word' id='word_1_514' title='bbox 764 5034 1122 5090; x_wconf 79' lang='lat' dir='ltr'><strong>transferant</strong></span> <span class='ocrx_word' id='word_1_515' title='bbox 1145 5048 1280 5088; x_wconf 83' lang='lat' dir='ltr'><strong>ossa</strong></span> <span class='ocrx_word' id='word_1_516' title='bbox 1308 5032 1437 5102; x_wconf 88' lang='lat' dir='ltr'><strong>ejus</strong></span> <span class='ocrx_word' id='word_1_517' title='bbox 1465 5030 1523 5085; x_wconf 93' lang='lat' dir='ltr'><strong>in</strong></span> <span class='ocrx_word' id='word_1_518' title='bbox 1546 5030 1860 5102; x_wconf 89' lang='lat' dir='ltr'><strong>Hebron,et</strong></span> <span class='ocrx_word' id='word_1_519' title='bbox 1889 5030 2177 5102; x_wconf 88' lang='lat' dir='ltr'><strong>sepeliant</strong></span> 
     </span>
    </p>
   </div>
   <div class='ocr_carea' id='block_1_68' title="bbox 526 5119 2173 5195">
    <p class='ocr_par' dir='ltr' id='par_1_68' title="bbox 526 5119 2173 5195">
     <span class='ocr_line' id='line_1_68' title="bbox 526 5119 2173 5195; baseline -0.005 -13"><span class='ocrx_word' id='word_1_520' title='bbox 526 5141 662 5183; x_wconf 89' lang='lat' dir='ltr'><strong>eum</strong></span> <span class='ocrx_word' id='word_1_521' title='bbox 696 5141 833 5181; x_wconf 89' lang='lat' dir='ltr'><strong>cum</strong></span> <span class='ocrx_word' id='word_1_522' title='bbox 869 5122 1137 5195; x_wconf 88' lang='lat' dir='ltr'><strong>patribus</strong></span> <span class='ocrx_word' id='word_1_523' title='bbox 1167 5122 1316 5193; x_wconf 88' lang='lat' dir='ltr'><strong>ejus.</strong></span> <span class='ocrx_word' id='word_1_524' title='bbox 1349 5120 1420 5175; x_wconf 88' lang='lat' dir='ltr'><strong>Et</strong></span> <span class='ocrx_word' id='word_1_525' title='bbox 1447 5120 1760 5176; x_wconf 91' lang='lat' dir='ltr'><strong>comedens</strong></span> <span class='ocrx_word' id='word_1_526' title='bbox 1790 5123 1847 5175; x_wconf 85' lang='lat' dir='ltr'><strong>et</strong></span> <span class='ocrx_word' id='word_1_527' title='bbox 1876 5120 2083 5175; x_wconf 90' lang='lat' dir='ltr'><strong>bibens</strong></span> <span class='ocrx_word' id='word_1_528' title='bbox 2114 5119 2173 5175; x_wconf 90' lang='lat' dir='ltr'><strong>in</strong></span> 
     </span>
    </p>
   </div>
   <div class='ocr_carea' id='block_1_69' title="bbox 525 5208 2175 5283">
    <p class='ocr_par' dir='ltr' id='par_1_69' title="bbox 525 5208 2175 5283">
     <span class='ocr_line' id='line_1_69' title="bbox 525 5208 2175 5283; baseline -0.004 -12"><span class='ocrx_word' id='word_1_529' title='bbox 525 5214 823 5272; x_wconf 85' lang='lat' dir='ltr'><strong>hilaritate</strong></span> <span class='ocrx_word' id='word_1_530' title='bbox 858 5213 1088 5283; x_wconf 83' lang='lat' dir='ltr'><strong>animae,</strong></span> <span class='ocrx_word' id='word_1_531' title='bbox 1121 5210 1331 5266; x_wconf 88' lang='lat' dir='ltr'><strong>velavit</strong></span> <span class='ocrx_word' id='word_1_532' title='bbox 1362 5208 1567 5266; x_wconf 86' lang='lat' dir='ltr'><strong>faciem</strong></span> <span class='ocrx_word' id='word_1_533' title='bbox 1600 5224 1791 5275; x_wconf 89' lang='lat' dir='ltr'><strong>suam,</strong></span> <span class='ocrx_word' id='word_1_534' title='bbox 1821 5212 1879 5264; x_wconf 92' lang='lat' dir='ltr'><strong>et</strong></span> <span class='ocrx_word' id='word_1_535' title='bbox 1907 5212 2175 5265; x_wconf 90' lang='lat' dir='ltr'><strong>mortuus</strong></span> 
     </span>
    </p>
   </div>
   <div class='ocr_carea' id='block_1_70' title="bbox 600 5395 1534 5471">
    <p class='ocr_par' dir='ltr' id='par_1_70' title="bbox 600 5395 1534 5471">
     <span class='ocr_line' id='line_1_70' title="bbox 600 5395 1534 5471; baseline -0.007 -12"><span class='ocrx_word' id='word_1_536' title='bbox 600 5402 648 5438; x_wconf 82' lang='grc'><strong>²⁸</strong></span> <span class='ocrx_word' id='word_1_537' title='bbox 676 5400 830 5459; x_wconf 79' lang='grc' dir='ltr'><strong>Εοιθο</strong></span> <span class='ocrx_word' id='word_1_538' title='bbox 864 5417 947 5471; x_wconf 84' lang='lat' dir='ltr'><strong>III,</strong></span> <span class='ocrx_word' id='word_1_539' title='bbox 973 5398 1030 5456; x_wconf 86' lang='lat'><strong>5.</strong></span> <span class='ocrx_word' id='word_1_540' title='bbox 1062 5398 1107 5434; x_wconf 80' lang='grc'><strong>²⁶</strong></span> <span class='ocrx_word' id='word_1_541' title='bbox 1135 5396 1157 5454; x_wconf 95' lang='lat' dir='ltr'><strong>l</strong></span> <span class='ocrx_word' id='word_1_542' title='bbox 1187 5400 1314 5454; x_wconf 92' lang='lat' dir='ltr'><strong>Cor.</strong></span> <span class='ocrx_word' id='word_1_543' title='bbox 1346 5412 1448 5462; x_wconf 80' lang='lat' dir='ltr'><strong>v11,</strong></span> <span class='ocrx_word' id='word_1_544' title='bbox 1479 5395 1534 5452; x_wconf 88' lang='lat'><strong>5.</strong></span> 
     </span>
    </p>
   </div>
   <div class='ocr_carea' id='block_1_71' title="bbox 625 5597 1564 5674">
    <p class='ocr_par' dir='ltr' id='par_1_71' title="bbox 625 5597 1564 5674">
     <span class='ocr_line' id='line_1_71' title="bbox 625 5597 1564 5674; baseline -0.004 -16"><span class='ocrx_word' id='word_1_545' title='bbox 625 5604 717 5674; x_wconf 89' lang='lat'><strong>28)</strong></span> <span class='ocrx_word' id='word_1_546' title='bbox 747 5604 1015 5674; x_wconf 77' lang='grc' dir='ltr'>Ποιοῦντα</span> <span class='ocrx_word' id='word_1_547' title='bbox 1041 5597 1132 5674; x_wconf 55' lang='grc' dir='ltr'><strong>τόἱ</strong></span> <span class='ocrx_word' id='word_1_548' title='bbox 1165 5600 1347 5657; x_wconf 87' lang='grc' dir='ltr'>Ὄντα.</span> <span class='ocrx_word' id='word_1_549' title='bbox 1380 5602 1564 5655; x_wconf 80' lang='lat' dir='ltr'><strong>GRAB.</strong></span> 
     </span>
    </p>
   </div>
   <div class='ocr_carea' id='block_1_72' title="bbox 532 5605 2177 5803">
    <p class='ocr_par' dir='ltr' id='par_1_72' title="bbox 532 5605 2177 5803">
     <span class='ocr_line' id='line_1_72' title="bbox 625 5605 1564 5674; baseline -0.003 -17"><span class='ocrx_word' id='word_1_550' title='bbox 625 5605 717 5674; x_wconf 89' lang='lat'><strong>28)</strong></span> <span class='ocrx_word' id='word_1_551' title='bbox 747 5605 1015 5657; x_wconf 77' lang='grc' dir='ltr'>Ποιοῦντα</span> <span class='ocrx_word' id='word_1_552' title='bbox 1041 5605 1126 5657; x_wconf 88' lang='grc' dir='ltr'>τό.</span> <span class='ocrx_word' id='word_1_553' title='bbox 1165 5605 1347 5657; x_wconf 85' lang='grc' dir='ltr'>Ὄντα.</span> <span class='ocrx_word' id='word_1_554' title='bbox 1380 5605 1564 5655; x_wconf 80' lang='lat' dir='ltr'><strong>GRAB.</strong></span> 
     </span>
     <span class='ocr_line' id='line_1_73' title="bbox 532 5605 2177 5803; baseline -0.004 -73"><span class='ocrx_word' id='word_1_555' title='bbox 532 5605 715 5803; x_wconf 39' lang='lat' dir='ltr'><strong>Il329)</strong></span> <span class='ocrx_word' id='word_1_556' title='bbox 755 5672 925 5728; x_wconf 81' lang='grc' dir='ltr'>Αὐτὸν</span> <span class='ocrx_word' id='word_1_557' title='bbox 955 5672 1028 5733; x_wconf 87' lang='grc' dir='ltr'>ὡς</span> <span class='ocrx_word' id='word_1_558' title='bbox 1081 5669 1225 5727; x_wconf 69' lang='lat' dir='ltr'><strong>tam</strong></span> <span class='ocrx_word' id='word_1_559' title='bbox 1278 5675 1487 5733; x_wconf 76' lang='grc' dir='ltr'>σκεῦος.</span> <span class='ocrx_word' id='word_1_560' title='bbox 1520 5667 1697 5742; x_wconf 80' lang='grc' dir='ltr'>Αὐτῷ,</span> <span class='ocrx_word' id='word_1_561' title='bbox 1736 5666 1810 5731; x_wconf 83' lang='grc' dir='ltr'>ὡς</span> <span class='ocrx_word' id='word_1_562' title='bbox 1846 5665 1971 5741; x_wconf 73' lang='grc' dir='ltr'>ἰδίῳ</span> <span class='ocrx_word' id='word_1_563' title='bbox 2002 5669 2177 5724; x_wconf 84' lang='grc' dir='ltr'>σκεῦει</span> 
     </span>
    </p>
   </div>
   <div class='ocr_carea' id='block_1_73' title="bbox 2247 1976 3911 2056">
    <p class='ocr_par' dir='ltr' id='par_1_73' title="bbox 2247 1976 3911 2056">
     <span class='ocr_line' id='line_1_74' title="bbox 2247 1976 3911 2056; baseline -0.001 -21"><span class='ocrx_word' id='word_1_564' title='bbox 2247 1978 2455 2035; x_wconf 82' lang='grc' dir='ltr'>κλαίων</span> <span class='ocrx_word' id='word_1_565' title='bbox 2489 1976 2661 2056; x_wconf 58' lang='grc' dir='ltr'>ἔλεγε</span> <span class='ocrx_word' id='word_1_566' title='bbox 2697 2006 2724 2033; x_wconf 89' lang='grc'><strong>‹‹</strong></span> <span class='ocrx_word' id='word_1_567' title='bbox 2760 1986 2886 2055; x_wconf 79' lang='grc' dir='ltr'><strong>Ζῇς,</strong></span> <span class='ocrx_word' id='word_1_568' title='bbox 2918 1980 3100 2035; x_wconf 85' lang='grc' dir='ltr'>τέκνον</span> <span class='ocrx_word' id='word_1_569' title='bbox 3129 2002 3234 2054; x_wconf 91' lang='grc' dir='ltr'><strong>μου</strong></span> <span class='ocrx_word' id='word_1_570' title='bbox 3257 1982 3483 2056; x_wconf 67' lang='grc' dir='ltr'>Ἰωσὴφ,</span> <span class='ocrx_word' id='word_1_571' title='bbox 3514 1981 3605 2035; x_wconf 77' lang='grc' dir='ltr'><strong>καὶ</strong></span> <span class='ocrx_word' id='word_1_572' title='bbox 3631 1980 3698 2035; x_wconf 74' lang='grc' dir='ltr'><strong>οὐ</strong></span> <span class='ocrx_word' id='word_1_573' title='bbox 3729 1980 3911 2055; x_wconf 80' lang='grc' dir='ltr'>βλέπω</span> 
     </span>
    </p>
   </div>
   <div class='ocr_carea' id='block_1_74' title="bbox 2252 2064 3914 2146">
    <p class='ocr_par' dir='ltr' id='par_1_74' title="bbox 2252 2064 3914 2146">
     <span class='ocr_line' id='line_1_75' title="bbox 2252 2064 3914 2146; baseline -0.002 -22"><span class='ocrx_word' id='word_1_574' title='bbox 2252 2090 2331 2139; x_wconf 86' lang='grc' dir='ltr'>σε,</span> <span class='ocrx_word' id='word_1_575' title='bbox 2387 2068 2476 2123; x_wconf 84' lang='grc' dir='ltr'><strong>καὶ</strong></span> <span class='ocrx_word' id='word_1_576' title='bbox 2522 2069 2631 2145; x_wconf 84' lang='grc' dir='ltr'><strong>οὐχ</strong></span> <span class='ocrx_word' id='word_1_577' title='bbox 2689 2070 2815 2144; x_wconf 80' lang='grc' dir='ltr'>ὁρᾶς</span> <span class='ocrx_word' id='word_1_578' title='bbox 2873 2064 3068 2124; x_wconf 87' lang='grc' dir='ltr'>Ἰακὼϐ</span> <span class='ocrx_word' id='word_1_579' title='bbox 3121 2068 3213 2124; x_wconf 85' lang='grc' dir='ltr'>τὸν</span> <span class='ocrx_word' id='word_1_580' title='bbox 3270 2068 3601 2146; x_wconf 76' lang='grc' dir='ltr'>γεννήσαντά</span> <span class='ocrx_word' id='word_1_581' title='bbox 3633 2091 3719 2125; x_wconf 84' lang='grc' dir='ltr'>σε.</span> <span class='ocrx_word' id='word_1_582' title='bbox 3759 2094 3787 2122; x_wconf 69' lang='lat' dir='ltr'><strong>n</strong></span> <span class='ocrx_word' id='word_1_583' title='bbox 3823 2071 3914 2124; x_wconf 74' lang='grc' dir='ltr'>Καὶ</span> 
     </span>
    </p>
   </div>
   <div class='ocr_carea' id='block_1_75' title="bbox 2253 2154 3916 2233">
    <p class='ocr_par' dir='ltr' id='par_1_75' title="bbox 2253 2154 3916 2233">
     <span class='ocr_line' id='line_1_76' title="bbox 2253 2154 3916 2233; baseline 0.001 -21"><span class='ocrx_word' id='word_1_584' title='bbox 2253 2156 2477 2227; x_wconf 78' lang='grc' dir='ltr'>ἐποίησε</span> <span class='ocrx_word' id='word_1_585' title='bbox 2528 2157 2616 2212; x_wconf 83' lang='grc' dir='ltr'><strong>καὶ</strong></span> <span class='ocrx_word' id='word_1_586' title='bbox 2657 2160 2807 2230; x_wconf 74' lang='grc' dir='ltr'>ἡμᾶς</span> <span class='ocrx_word' id='word_1_587' title='bbox 2867 2154 3126 2232; x_wconf 78' lang='grc' dir='ltr'>δακρῦσαι</span> <span class='ocrx_word' id='word_1_588' title='bbox 3178 2157 3229 2212; x_wconf 81' lang='grc' dir='ltr'>ἐν</span> <span class='ocrx_word' id='word_1_589' title='bbox 3276 2163 3393 2220; x_wconf 84' lang='grc' dir='ltr'>τοῖς</span> <span class='ocrx_word' id='word_1_590' title='bbox 3442 2155 3639 2233; x_wconf 85' lang='grc' dir='ltr'>λόγοις</span> <span class='ocrx_word' id='word_1_591' title='bbox 3680 2158 3916 2218; x_wconf 55' lang='grc' dir='ltr'>τούτοκ.</span> 
     </span>
    </p>
   </div>
   <div class='ocr_carea' id='block_1_76' title="bbox 2258 2244 3919 2323">
    <p class='ocr_par' dir='ltr' id='par_1_76' title="bbox 2258 2244 3919 2323">
     <span class='ocr_line' id='line_1_77' title="bbox 2258 2244 3919 2323; baseline 0 -22"><span class='ocrx_word' id='word_1_592' title='bbox 2258 2247 2356 2301; x_wconf 85' lang='grc' dir='ltr'><strong>Καὶ</strong></span> <span class='ocrx_word' id='word_1_593' title='bbox 2389 2245 2650 2319; x_wconf 83' lang='grc' dir='ltr'>ἐκαιόμην</span> <span class='ocrx_word' id='word_1_594' title='bbox 2682 2252 2799 2309; x_wconf 84' lang='grc' dir='ltr'>τοῖς</span> <span class='ocrx_word' id='word_1_595' title='bbox 2832 2244 3176 2322; x_wconf 83' lang='grc' dir='ltr'>σπλάγχνοις</span> <span class='ocrx_word' id='word_1_596' title='bbox 3210 2246 3525 2323; x_wconf 80' lang='grc' dir='ltr'>ἀναγγεῖλαι</span> <span class='ocrx_word' id='word_1_597' title='bbox 3580 2246 3667 2301; x_wconf 77' lang='grc' dir='ltr'><strong>ὅτι</strong></span> <span class='ocrx_word' id='word_1_598' title='bbox 3714 2248 3919 2321; x_wconf 75' lang='grc' dir='ltr'>πέπραο</span> 
     </span>
    </p>
   </div>
   <div class='ocr_carea' id='block_1_77' title="bbox 2249 2330 3515 2415">
    <p class='ocr_par' dir='ltr' id='par_1_77' title="bbox 2249 2330 3515 2415">
     <span class='ocr_line' id='line_1_78' title="bbox 2249 2330 3515 2415; baseline 0 -24"><span class='ocrx_word' id='word_1_599' title='bbox 2249 2355 2377 2391; x_wconf 92' lang='grc' dir='ltr'>ται·</span> <span class='ocrx_word' id='word_1_600' title='bbox 2412 2333 2539 2391; x_wconf 86' lang='grc' dir='ltr'>ἀλλ’</span> <span class='ocrx_word' id='word_1_601' title='bbox 2570 2330 2884 2415; x_wconf 75' lang='grc' dir='ltr'>ἐφοϐούμην</span> <span class='ocrx_word' id='word_1_602' title='bbox 2919 2334 3046 2397; x_wconf 77' lang='grc' dir='ltr'>τοὺς</span> <span class='ocrx_word' id='word_1_603' title='bbox 3080 2332 3352 2413; x_wconf 75' lang='grc' dir='ltr'>ἀδελφούς</span> <span class='ocrx_word' id='word_1_604' title='bbox 3388 2356 3515 2408; x_wconf 85' lang='grc' dir='ltr'>μου.</span> 
     </span>
    </p>
   </div>
   <div class='ocr_carea' id='block_1_78' title="bbox 2327 2438 3921 2517">
    <p class='ocr_par' dir='ltr' id='par_1_78' title="bbox 2327 2438 3921 2517">
     <span class='ocr_line' id='line_1_79' title="bbox 2327 2438 3921 2517; baseline -0.002 -17"><span class='ocrx_word' id='word_1_605' title='bbox 2327 2444 2409 2500; x_wconf 83' lang='grc' dir='ltr'><strong>Η’.</strong></span> <span class='ocrx_word' id='word_1_606' title='bbox 2443 2467 2472 2494; x_wconf 91' lang='grc'><strong>‹‹</strong></span> <span class='ocrx_word' id='word_1_607' title='bbox 2507 2440 2669 2516; x_wconf 78' lang='grc' dir='ltr'>Ἰδοὺ,</span> <span class='ocrx_word' id='word_1_608' title='bbox 2701 2443 2861 2498; x_wconf 82' lang='grc' dir='ltr'>τέκνα</span> <span class='ocrx_word' id='word_1_609' title='bbox 2896 2463 3023 2516; x_wconf 87' lang='grc' dir='ltr'>μου,</span> <span class='ocrx_word' id='word_1_610' title='bbox 3058 2438 3307 2514; x_wconf 72' lang='grc' dir='ltr'>ὑπέδειξα</span> <span class='ocrx_word' id='word_1_611' title='bbox 3339 2442 3465 2514; x_wconf 85' lang='grc' dir='ltr'>ὑμῖν</span> <span class='ocrx_word' id='word_1_612' title='bbox 3497 2440 3731 2516; x_wconf 71' lang='grc' dir='ltr'>καιροὺς</span> <span class='ocrx_word' id='word_1_613' title='bbox 3765 2441 3921 2517; x_wconf 72' lang='grc' dir='ltr'>ἐσχά-</span> 
     </span>
    </p>
   </div>
   <div class='ocr_carea' id='block_1_79' title="bbox 2254 2528 3923 2607">
    <p class='ocr_par' dir='ltr' id='par_1_79' title="bbox 2254 2528 3923 2607">
     <span class='ocr_line' id='line_1_80' title="bbox 2254 2528 3923 2607; baseline -0.002 -20"><span class='ocrx_word' id='word_1_614' title='bbox 2254 2552 2401 2603; x_wconf 80' lang='grc' dir='ltr'>τους,</span> <span class='ocrx_word' id='word_1_615' title='bbox 2463 2530 2549 2587; x_wconf 74' lang='grc' dir='ltr'>ὅτι</span> <span class='ocrx_word' id='word_1_616' title='bbox 2600 2530 2771 2587; x_wconf 84' lang='grc' dir='ltr'>πάντα</span> <span class='ocrx_word' id='word_1_617' title='bbox 2815 2532 3099 2607; x_wconf 79' lang='grc' dir='ltr'>γενήσεται</span> <span class='ocrx_word' id='word_1_618' title='bbox 3152 2528 3203 2585; x_wconf 78' lang='grc' dir='ltr'><strong>ἐν</strong></span> <span class='ocrx_word' id='word_1_619' title='bbox 3267 2528 3509 2607; x_wconf 72' lang='grc' dir='ltr'>Ἰσραήλ.</span> <span class='ocrx_word' id='word_1_620' title='bbox 3596 2531 3699 2585; x_wconf 77' lang='grc' dir='ltr'><strong>Καὶ</strong></span> <span class='ocrx_word' id='word_1_621' title='bbox 3772 2532 3923 2603; x_wconf 79' lang='grc' dir='ltr'>ὑμεῖς</span> 
     </span>
    </p>
   </div>
   <div class='ocr_carea' id='block_1_80' title="bbox 2259 2617 3924 2693">
    <p class='ocr_par' dir='ltr' id='par_1_80' title="bbox 2259 2617 3924 2693">
     <span class='ocr_line' id='line_1_81' title="bbox 2259 2617 3924 2693; baseline -0.001 -17"><span class='ocrx_word' id='word_1_622' title='bbox 2259 2621 2350 2676; x_wconf 77' lang='grc' dir='ltr'><strong>οὖν</strong></span> <span class='ocrx_word' id='word_1_623' title='bbox 2402 2619 2706 2676; x_wconf 85' lang='grc' dir='ltr'>έντείλασθε</span> <span class='ocrx_word' id='word_1_624' title='bbox 2752 2625 2870 2682; x_wconf 89' lang='grc' dir='ltr'>τοῖς</span> <span class='ocrx_word' id='word_1_625' title='bbox 2917 2620 3127 2682; x_wconf 87' lang='grc' dir='ltr'>τέκνοις</span> <span class='ocrx_word' id='word_1_626' title='bbox 3179 2619 3351 2693; x_wconf 80' lang='grc' dir='ltr'>ὑμῶν,</span> <span class='ocrx_word' id='word_1_627' title='bbox 3404 2617 3494 2673; x_wconf 70' lang='grc' dir='ltr'>ἵνα</span> <span class='ocrx_word' id='word_1_628' title='bbox 3541 2618 3775 2675; x_wconf 81' lang='grc' dir='ltr'>ὲνῶνται</span> <span class='ocrx_word' id='word_1_629' title='bbox 3853 2625 3924 2689; x_wconf 71' lang='grc' dir='ltr'>τῷ</span> 
     </span>
    </p>
   </div>
   <div class='ocr_carea' id='block_1_81' title="bbox 2259 2705 3927 2783">
    <p class='ocr_par' dir='ltr' id='par_1_81' title="bbox 2259 2705 3927 2783">
     <span class='ocr_line' id='line_1_82' title="bbox 2259 2705 3927 2783; baseline -0.002 -18"><span class='ocrx_word' id='word_1_630' title='bbox 2259 2706 2389 2765; x_wconf 65' lang='lat' dir='ltr'><strong>Aeni</strong></span> <span class='ocrx_word' id='word_1_631' title='bbox 2434 2709 2525 2763; x_wconf 84' lang='grc' dir='ltr'><strong>καὶ</strong></span> <span class='ocrx_word' id='word_1_632' title='bbox 2572 2713 2651 2782; x_wconf 83' lang='grc' dir='ltr'>τῷ</span> <span class='ocrx_word' id='word_1_633' title='bbox 2699 2706 2899 2780; x_wconf 79' lang='grc' dir='ltr'>Ἰούδᾳ.</span> <span class='ocrx_word' id='word_1_634' title='bbox 2962 2707 3060 2763; x_wconf 79' lang='grc' dir='ltr'><strong>Διὰ</strong></span> <span class='ocrx_word' id='word_1_635' title='bbox 3116 2708 3220 2783; x_wconf 79' lang='grc' dir='ltr'>γὰρ</span> <span class='ocrx_word' id='word_1_636' title='bbox 3278 2712 3375 2763; x_wconf 79' lang='grc' dir='ltr'>τοῦ</span> <span class='ocrx_word' id='word_1_637' title='bbox 3432 2705 3615 2765; x_wconf 83' lang='grc' dir='ltr'>Ἰούδα</span> <span class='ocrx_word' id='word_1_638' title='bbox 3671 2706 3927 2764; x_wconf 71' lang='grc' dir='ltr'>άνατελεῖ</span> 
     </span>
    </p>
   </div>
   <div class='ocr_carea' id='block_1_82' title="bbox 2262 2795 3922 2874">
    <p class='ocr_par' dir='ltr' id='par_1_82' title="bbox 2262 2795 3922 2874">
     <span class='ocr_line' id='line_1_83' title="bbox 2262 2795 3922 2874; baseline -0.001 -22"><span class='ocrx_word' id='word_1_639' title='bbox 2262 2798 2503 2874; x_wconf 86' lang='grc' dir='ltr'>σωτηρία</span> <span class='ocrx_word' id='word_1_640' title='bbox 2546 2802 2624 2871; x_wconf 83' lang='grc' dir='ltr'>τῷ</span> <span class='ocrx_word' id='word_1_641' title='bbox 2673 2796 2914 2872; x_wconf 75' lang='grc' dir='ltr'>Ἰσραὴλ,</span> <span class='ocrx_word' id='word_1_642' title='bbox 2964 2796 3054 2851; x_wconf 85' lang='grc' dir='ltr'><strong>καὶ</strong></span> <span class='ocrx_word' id='word_1_643' title='bbox 3094 2795 3146 2851; x_wconf 81' lang='grc' dir='ltr'><strong>έν</strong></span> <span class='ocrx_word' id='word_1_644' title='bbox 3178 2795 3325 2868; x_wconf 81' lang='grc' dir='ltr'>αὐτῷ</span> <span class='ocrx_word' id='word_1_645' title='bbox 3356 2795 3798 2867; x_wconf 70' lang='grc' dir='ltr'>εὐλογηθήσεται</span> <span class='ocrx_word' id='word_1_646' title='bbox 3826 2799 3922 2852; x_wconf 75' lang='grc' dir='ltr'>Ἰαο</span> 
     </span>
    </p>
   </div>
   <div class='ocr_carea' id='block_1_83' title="bbox 2258 2882 3921 2964">
    <p class='ocr_par' dir='ltr' id='par_1_83' title="bbox 2258 2882 3921 2964">
     <span class='ocr_line' id='line_1_84' title="bbox 2258 2882 3921 2964; baseline -0.001 -21"><span class='ocrx_word' id='word_1_647' title='bbox 2258 2882 2396 2943; x_wconf 86' lang='grc' dir='ltr'>κώϐ.</span> <span class='ocrx_word' id='word_1_648' title='bbox 2448 2887 2546 2941; x_wconf 74' lang='grc' dir='ltr'>Δια</span> <span class='ocrx_word' id='word_1_649' title='bbox 2590 2887 2693 2962; x_wconf 78' lang='grc' dir='ltr'>γὰρ</span> <span class='ocrx_word' id='word_1_650' title='bbox 2730 2890 2828 2942; x_wconf 75' lang='grc' dir='ltr'>τοῦ</span> <span class='ocrx_word' id='word_1_651' title='bbox 2879 2888 3160 2961; x_wconf 75' lang='grc' dir='ltr'>σκήπτρου</span> <span class='ocrx_word' id='word_1_652' title='bbox 3207 2884 3372 2940; x_wconf 76' lang='grc' dir='ltr'>αὐτοῦ</span> <span class='ocrx_word' id='word_1_653' title='bbox 3424 2886 3729 2964; x_wconf 62' lang='grc' dir='ltr'>ὀφθήσεται</span> <span class='ocrx_word' id='word_1_654' title='bbox 3772 2887 3921 2957; x_wconf 78' lang='grc' dir='ltr'>Θεὸς,</span> 
     </span>
    </p>
   </div>
   <div class='ocr_carea' id='block_1_84' title="bbox 2260 2973 3921 3052">
    <p class='ocr_par' dir='ltr' id='par_1_84' title="bbox 2260 2973 3921 3052">
     <span class='ocr_line' id='line_1_85' title="bbox 2260 2973 3921 3052; baseline -0.001 -21"><span class='ocrx_word' id='word_1_655' title='bbox 2260 2980 2524 3031; x_wconf 81' lang='grc' dir='ltr'>κατοικῶν</span> <span class='ocrx_word' id='word_1_656' title='bbox 2579 2974 2629 3029; x_wconf 85' lang='grc' dir='ltr'>ἐν</span> <span class='ocrx_word' id='word_1_657' title='bbox 2684 2975 2991 3052; x_wconf 82' lang='grc' dir='ltr'>ἀνθρώποις</span> <span class='ocrx_word' id='word_1_658' title='bbox 3026 2973 3113 3030; x_wconf 73' lang='grc' dir='ltr'><strong>ἐπὶ</strong></span> <span class='ocrx_word' id='word_1_659' title='bbox 3140 2980 3243 3043; x_wconf 79' lang='grc' dir='ltr'>τῆς</span> <span class='ocrx_word' id='word_1_660' title='bbox 3272 2976 3399 3049; x_wconf 72' lang='grc' dir='ltr'>γῆς,</span> <span class='ocrx_word' id='word_1_661' title='bbox 3436 2978 3630 3043; x_wconf 82' lang='grc' dir='ltr'>σῶσαι,</span> <span class='ocrx_word' id='word_1_662' title='bbox 3670 2976 3739 3029; x_wconf 88' lang='grc' dir='ltr'><strong>τὸ</strong></span> <span class='ocrx_word' id='word_1_663' title='bbox 3770 2978 3921 3052; x_wconf 78' lang='grc' dir='ltr'>γένος</span> 
     </span>
    </p>
   </div>
   <div class='ocr_carea' id='block_1_85' title="bbox 2263 3059 3919 3141">
    <p class='ocr_par' dir='ltr' id='par_1_85' title="bbox 2263 3059 3919 3141">
     <span class='ocr_line' id='line_1_86' title="bbox 2263 3059 3919 3141; baseline -0.001 -22"><span class='ocrx_word' id='word_1_664' title='bbox 2263 3061 2525 3141; x_wconf 76' lang='grc' dir='ltr'>Ἰσραήλ’</span> <span class='ocrx_word' id='word_1_665' title='bbox 2586 3062 2676 3118; x_wconf 85' lang='grc' dir='ltr'><strong>καὶ</strong></span> <span class='ocrx_word' id='word_1_666' title='bbox 2742 3062 3039 3133; x_wconf 78' lang='grc' dir='ltr'>ἐπισυνάξει</span> <span class='ocrx_word' id='word_1_667' title='bbox 3112 3059 3353 3124; x_wconf 78' lang='grc' dir='ltr'>δικαίους</span> <span class='ocrx_word' id='word_1_668' title='bbox 3428 3061 3478 3116; x_wconf 79' lang='grc' dir='ltr'><strong>ἐν</strong></span> <span class='ocrx_word' id='word_1_669' title='bbox 3558 3067 3664 3117; x_wconf 83' lang='grc' dir='ltr'><strong>τῶν</strong></span> <span class='ocrx_word' id='word_1_670' title='bbox 3729 3063 3919 3127; x_wconf 78' lang='grc' dir='ltr'>ἐθνῶν.</span> 
     </span>
    </p>
   </div>
   <div class='ocr_carea' id='block_1_86' title="bbox 2264 3149 3925 3229">
    <p class='ocr_par' dir='ltr' id='par_1_86' title="bbox 2264 3149 3925 3229">
     <span class='ocr_line' id='line_1_87' title="bbox 2264 3149 3925 3229; baseline -0.002 -21"><span class='ocrx_word' id='word_1_671' title='bbox 2264 3153 2388 3210; x_wconf 72' lang='grc' dir='ltr'><strong>Ἐὰν</strong></span> <span class='ocrx_word' id='word_1_672' title='bbox 2437 3151 2731 3229; x_wconf 79' lang='grc' dir='ltr'>ἐργάζησθε</span> <span class='ocrx_word' id='word_1_673' title='bbox 2777 3152 2840 3207; x_wconf 91' lang='grc' dir='ltr'><strong>τὸ</strong></span> <span class='ocrx_word' id='word_1_674' title='bbox 2887 3149 3077 3223; x_wconf 84' lang='grc' dir='ltr'>καλὸν,</span> <span class='ocrx_word' id='word_1_675' title='bbox 3128 3149 3290 3206; x_wconf 87' lang='grc' dir='ltr'>τέκνα</span> <span class='ocrx_word' id='word_1_676' title='bbox 3342 3172 3469 3224; x_wconf 82' lang='grc' dir='ltr'>μου,</span> <span class='ocrx_word' id='word_1_677' title='bbox 3525 3150 3925 3227; x_wconf 64' lang='grc' dir='ltr'>εύλογήσουσιισ</span> 
     </span>
    </p>
   </div>
   <div class='ocr_carea' id='block_1_87' title="bbox 2274 3236 3930 3315">
    <p class='ocr_par' dir='ltr' id='par_1_87' title="bbox 2274 3236 3930 3315">
     <span class='ocr_line' id='line_1_88' title="bbox 2274 3236 3930 3315; baseline -0.001 -19"><span class='ocrx_word' id='word_1_678' title='bbox 2274 3241 2414 3315; x_wconf 79' lang='grc' dir='ltr'>ὑμᾶς</span> <span class='ocrx_word' id='word_1_679' title='bbox 2462 3241 2550 3295; x_wconf 84' lang='grc' dir='ltr'><strong>καὶ</strong></span> <span class='ocrx_word' id='word_1_680' title='bbox 2603 3241 2655 3295; x_wconf 86' lang='grc' dir='ltr'>οἱ</span> <span class='ocrx_word' id='word_1_681' title='bbox 2712 3238 3008 3314; x_wconf 79' lang='grc' dir='ltr'>ἅνθρωποι,</span> <span class='ocrx_word' id='word_1_682' title='bbox 3058 3238 3147 3294; x_wconf 80' lang='grc' dir='ltr'><strong>καὶ</strong></span> <span class='ocrx_word' id='word_1_683' title='bbox 3196 3240 3249 3293; x_wconf 74' lang='grc' dir='ltr'>οἱ</span> <span class='ocrx_word' id='word_1_684' title='bbox 3282 3236 3509 3315; x_wconf 75' lang='grc' dir='ltr'>ἄγγελοι</span> <span class='ocrx_word' id='word_1_685' title='bbox 3539 3260 3551 3271; x_wconf 90' lang='grc'>·</span> <span class='ocrx_word' id='word_1_686' title='bbox 3586 3241 3677 3294; x_wconf 77' lang='grc' dir='ltr'><strong>καὶ</strong></span> <span class='ocrx_word' id='word_1_687' title='bbox 3716 3241 3748 3295; x_wconf 89' lang='lat'><strong>6</strong></span> <span class='ocrx_word' id='word_1_688' title='bbox 3807 3243 3930 3300; x_wconf 73' lang='grc' dir='ltr'>Θεὸς</span> 
     </span>
    </p>
   </div>
   <div class='ocr_carea' id='block_1_88' title="bbox 2275 3325 3927 3403">
    <p class='ocr_par' dir='ltr' id='par_1_88' title="bbox 2275 3325 3927 3403">
     <span class='ocr_line' id='line_1_89' title="bbox 2275 3325 3927 3403; baseline -0.001 -18"><span class='ocrx_word' id='word_1_689' title='bbox 2275 3327 2661 3403; x_wconf 69' lang='grc' dir='ltr'>δοξασθήσεται</span> <span class='ocrx_word' id='word_1_690' title='bbox 2692 3329 2743 3385; x_wconf 86' lang='grc' dir='ltr'><strong>έν</strong></span> <span class='ocrx_word' id='word_1_691' title='bbox 2770 3334 2889 3391; x_wconf 87' lang='grc' dir='ltr'>τοῖς</span> <span class='ocrx_word' id='word_1_692' title='bbox 2926 3327 3093 3383; x_wconf 82' lang='grc' dir='ltr'>ἔθνεσι</span> <span class='ocrx_word' id='word_1_693' title='bbox 3128 3325 3198 3384; x_wconf 87' lang='grc' dir='ltr'>δι’</span> <span class='ocrx_word' id='word_1_694' title='bbox 3232 3328 3409 3401; x_wconf 81' lang='grc' dir='ltr'>ὑμῶν,</span> <span class='ocrx_word' id='word_1_695' title='bbox 3467 3328 3553 3383; x_wconf 79' lang='grc' dir='ltr'><strong>καὶ</strong></span> <span class='ocrx_word' id='word_1_696' title='bbox 3601 3330 3630 3383; x_wconf 92' lang='lat'><strong>6</strong></span> <span class='ocrx_word' id='word_1_697' title='bbox 3660 3325 3927 3390; x_wconf 73' lang='grc' dir='ltr'>διάϐολος</span> 
     </span>
    </p>
   </div>
   <div class='ocr_carea' id='block_1_89' title="bbox 2276 3412 3925 3498">
    <p class='ocr_par' dir='ltr' id='par_1_89' title="bbox 2276 3412 3925 3498">
     <span class='ocr_line' id='line_1_90' title="bbox 2276 3412 3925 3498; baseline -0.001 -25"><span class='ocrx_word' id='word_1_698' title='bbox 2276 3418 2517 3498; x_wconf 80' lang='grc' dir='ltr'>φεύξεται</span> <span class='ocrx_word' id='word_1_699' title='bbox 2579 3419 2667 3496; x_wconf 76' lang='grc' dir='ltr'>ἀφ’</span> <span class='ocrx_word' id='word_1_700' title='bbox 2727 3418 2901 3491; x_wconf 73' lang='grc' dir='ltr'>ὑμῶν,</span> <span class='ocrx_word' id='word_1_701' title='bbox 2969 3417 3060 3472; x_wconf 83' lang='grc' dir='ltr'><strong>καὶ</strong></span> <span class='ocrx_word' id='word_1_702' title='bbox 3130 3417 3199 3473; x_wconf 79' lang='grc' dir='ltr'>τὰ</span> <span class='ocrx_word' id='word_1_703' title='bbox 3274 3417 3439 3492; x_wconf 79' lang='grc' dir='ltr'>θηρία</span> <span class='ocrx_word' id='word_1_704' title='bbox 3514 3412 3925 3495; x_wconf 65' lang='grc' dir='ltr'>φοϐηθήσονται</span> 
     </span>
    </p>
   </div>
   <div class='ocr_carea' id='block_1_90' title="bbox 2276 3504 3932 3582">
    <p class='ocr_par' dir='ltr' id='par_1_90' title="bbox 2276 3504 3932 3582">
     <span class='ocr_line' id='line_1_91' title="bbox 2276 3504 3932 3582; baseline -0.002 -19"><span class='ocrx_word' id='word_1_705' title='bbox 2276 3506 2417 3581; x_wconf 78' lang='grc' dir='ltr'>ὑμᾶς</span> <span class='ocrx_word' id='word_1_706' title='bbox 2468 3505 2559 3562; x_wconf 84' lang='grc' dir='ltr'><strong>καὶ</strong></span> <span class='ocrx_word' id='word_1_707' title='bbox 2615 3506 2666 3562; x_wconf 77' lang='grc' dir='ltr'>οἱ</span> <span class='ocrx_word' id='word_1_708' title='bbox 2725 3504 2950 3582; x_wconf 78' lang='grc' dir='ltr'>ἄγγελοι</span> <span class='ocrx_word' id='word_1_709' title='bbox 3005 3504 3310 3578; x_wconf 80' lang='grc' dir='ltr'>ἀνθέξονται</span> <span class='ocrx_word' id='word_1_710' title='bbox 3364 3506 3539 3577; x_wconf 80' lang='grc' dir='ltr'>ὑμῶν.</span> <span class='ocrx_word' id='word_1_711' title='bbox 3598 3506 3691 3568; x_wconf 76' lang='grc' dir='ltr'>Ὠς</span> <span class='ocrx_word' id='word_1_712' title='bbox 3742 3506 3804 3562; x_wconf 73' lang='grc' dir='ltr'>ἄν</span> <span class='ocrx_word' id='word_1_713' title='bbox 3860 3530 3932 3569; x_wconf 83' lang='grc' dir='ltr'><strong>τις</strong></span> 
     </span>
    </p>
   </div>
   <div class='ocr_carea' id='block_1_91' title="bbox 2273 3591 3936 3670">
    <p class='ocr_par' dir='ltr' id='par_1_91' title="bbox 2273 3591 3936 3670">
     <span class='ocr_line' id='line_1_92' title="bbox 2273 3591 3936 3670; baseline -0.005 -19"><span class='ocrx_word' id='word_1_714' title='bbox 2273 3596 2459 3651; x_wconf 83' lang='grc' dir='ltr'>τέκνον</span> <span class='ocrx_word' id='word_1_715' title='bbox 2507 3593 2737 3670; x_wconf 73' lang='grc' dir='ltr'>ἐκθρέψῃ</span> <span class='ocrx_word' id='word_1_716' title='bbox 2790 3591 2997 3665; x_wconf 82' lang='grc' dir='ltr'>καλῶς,</span> <span class='ocrx_word' id='word_1_717' title='bbox 3050 3591 3233 3667; x_wconf 87' lang='grc' dir='ltr'>μνείαν</span> <span class='ocrx_word' id='word_1_718' title='bbox 3285 3591 3405 3669; x_wconf 81' lang='grc' dir='ltr'>ἔχει</span> <span class='ocrx_word' id='word_1_719' title='bbox 3459 3596 3704 3669; x_wconf 71' lang='grc' dir='ltr'>ἀγαθήνο</span> <span class='ocrx_word' id='word_1_720' title='bbox 3772 3597 3936 3655; x_wconf 68' lang='grc' dir='ltr'>οὕτως</span> 
     </span>
    </p>
   </div>
   <div class='ocr_carea' id='block_1_92' title="bbox 2276 3679 3934 3761">
    <p class='ocr_par' dir='ltr' id='par_1_92' title="bbox 2276 3679 3934 3761">
     <span class='ocr_line' id='line_1_93' title="bbox 2276 3679 3934 3761; baseline -0.001 -22"><span class='ocrx_word' id='word_1_721' title='bbox 2276 3685 2365 3739; x_wconf 83' lang='grc' dir='ltr'><strong>καὶ</strong></span> <span class='ocrx_word' id='word_1_722' title='bbox 2414 3684 2499 3739; x_wconf 80' lang='grc' dir='ltr'>ἐπὶ</span> <span class='ocrx_word' id='word_1_723' title='bbox 2546 3688 2644 3739; x_wconf 77' lang='grc' dir='ltr'><strong>τοῦ</strong></span> <span class='ocrx_word' id='word_1_724' title='bbox 2689 3682 2861 3739; x_wconf 76' lang='grc' dir='ltr'>καλοῦ</span> <span class='ocrx_word' id='word_1_725' title='bbox 2916 3679 3073 3758; x_wconf 79' lang='grc' dir='ltr'>ἔργου</span> <span class='ocrx_word' id='word_1_726' title='bbox 3130 3684 3319 3756; x_wconf 69' lang='grc' dir='ltr'>μνήμη</span> <span class='ocrx_word' id='word_1_727' title='bbox 3371 3683 3518 3756; x_wconf 71' lang='grc' dir='ltr'>παρὰ</span> <span class='ocrx_word' id='word_1_728' title='bbox 3565 3688 3706 3738; x_wconf 71' lang='grc' dir='ltr'>Θεοῦ</span> <span class='ocrx_word' id='word_1_729' title='bbox 3742 3686 3934 3761; x_wconf 67' lang='grc' dir='ltr'>ἀγαθή.</span> 
     </span>
    </p>
   </div>
   <div class='ocr_carea' id='block_1_93' title="bbox 2276 3769 3935 3847">
    <p class='ocr_par' dir='ltr' id='par_1_93' title="bbox 2276 3769 3935 3847">
     <span class='ocr_line' id='line_1_94' title="bbox 2276 3769 3935 3847; baseline -0.002 -20"><span class='ocrx_word' id='word_1_730' title='bbox 2276 3774 2375 3828; x_wconf 90' lang='grc' dir='ltr'><strong>Τὸν</strong></span> <span class='ocrx_word' id='word_1_731' title='bbox 2407 3770 2464 3827; x_wconf 70' lang='grc' dir='ltr'>δὲ</span> <span class='ocrx_word' id='word_1_732' title='bbox 2497 3773 2573 3846; x_wconf 82' lang='grc' dir='ltr'>μή</span> <span class='ocrx_word' id='word_1_733' title='bbox 2605 3776 2867 3827; x_wconf 78' lang='grc' dir='ltr'>ποιοῦντα</span> <span class='ocrx_word' id='word_1_734' title='bbox 2889 3774 2952 3826; x_wconf 91' lang='grc' dir='ltr'><strong>τὸ</strong></span> <span class='ocrx_word' id='word_1_735' title='bbox 3002 3773 3116 3845; x_wconf 83' lang='grc'>(28)</span> <span class='ocrx_word' id='word_1_736' title='bbox 3171 3769 3363 3843; x_wconf 86' lang='grc' dir='ltr'>καλὸν,</span> <span class='ocrx_word' id='word_1_737' title='bbox 3397 3773 3802 3847; x_wconf 80' lang='grc' dir='ltr'>καταράσονται</span> <span class='ocrx_word' id='word_1_738' title='bbox 3856 3775 3935 3828; x_wconf 68' lang='grc' dir='ltr'><strong>καὶ</strong></span> 
     </span>
    </p>
   </div>
   <div class='ocr_carea' id='block_1_94' title="bbox 2278 3858 3934 3938">
    <p class='ocr_par' dir='ltr' id='par_1_94' title="bbox 2278 3858 3934 3938">
     <span class='ocr_line' id='line_1_95' title="bbox 2278 3858 3934 3938; baseline -0.002 -21"><span class='ocrx_word' id='word_1_739' title='bbox 2278 3863 2330 3918; x_wconf 73' lang='grc' dir='ltr'>οἱ</span> <span class='ocrx_word' id='word_1_740' title='bbox 2362 3860 2607 3938; x_wconf 80' lang='grc' dir='ltr'>ἄγγελοι,</span> <span class='ocrx_word' id='word_1_741' title='bbox 2640 3860 2729 3916; x_wconf 83' lang='grc' dir='ltr'><strong>καὶ</strong></span> <span class='ocrx_word' id='word_1_742' title='bbox 2761 3862 2813 3915; x_wconf 78' lang='grc' dir='ltr'>οἱ</span> <span class='ocrx_word' id='word_1_743' title='bbox 2845 3861 3143 3933; x_wconf 78' lang='grc' dir='ltr'>ἄνθρωποι,</span> <span class='ocrx_word' id='word_1_744' title='bbox 3191 3859 3281 3915; x_wconf 82' lang='grc' dir='ltr'><strong>καὶ</strong></span> <span class='ocrx_word' id='word_1_745' title='bbox 3314 3861 3341 3915; x_wconf 89' lang='grc' dir='ltr'><strong>ὀ</strong></span> <span class='ocrx_word' id='word_1_746' title='bbox 3389 3861 3516 3922; x_wconf 84' lang='grc' dir='ltr'>Θεὸς</span> <span class='ocrx_word' id='word_1_747' title='bbox 3563 3858 3834 3933; x_wconf 66' lang='grc' dir='ltr'>ἀδοξήσει</span> <span class='ocrx_word' id='word_1_748' title='bbox 3889 3863 3934 3918; x_wconf 74' lang='grc' dir='ltr'>ἐν</span> 
     </span>
    </p>
   </div>
   <div class='ocr_carea' id='block_1_95' title="bbox 2278 3944 3935 4018">
    <p class='ocr_par' dir='ltr' id='par_1_95' title="bbox 2278 3944 3935 4018">
     <span class='ocr_line' id='line_1_96' title="bbox 2278 3944 3935 4018; baseline -0.011 -4"><span class='ocrx_word' id='word_1_749' title='bbox 2278 3956 2395 4011; x_wconf 80' lang='grc' dir='ltr'><strong>τοῖς</strong></span> <span class='ocrx_word' id='word_1_750' title='bbox 2428 3946 2594 4014; x_wconf 76' lang='grc' dir='ltr'>ἔθνεσι</span> <span class='ocrx_word' id='word_1_751' title='bbox 2648 3947 2718 4005; x_wconf 89' lang='grc' dir='ltr'>δι’</span> <span class='ocrx_word' id='word_1_752' title='bbox 2756 3948 2943 4018; x_wconf 75' lang='grc' dir='ltr'>αὐτοῦ,</span> <span class='ocrx_word' id='word_1_753' title='bbox 2974 3948 3063 4003; x_wconf 84' lang='grc' dir='ltr'><strong>καὶ</strong></span> <span class='ocrx_word' id='word_1_754' title='bbox 3096 3950 3124 4003; x_wconf 90' lang='lat'><strong>6</strong></span> <span class='ocrx_word' id='word_1_755' title='bbox 3156 3944 3419 4011; x_wconf 86' lang='grc' dir='ltr'>διάϐολος</span> <span class='ocrx_word' id='word_1_756' title='bbox 3450 3949 3761 4006; x_wconf 79' lang='grc' dir='ltr'>οίκοιοῦται</span> <span class='ocrx_word' id='word_1_757' title='bbox 3788 3952 3935 4007; x_wconf 48' lang='grc' dir='ltr'><strong>αὐτὸν</strong></span> 
     </span>
    </p>
   </div>
   <div class='ocr_carea' id='block_1_96' title="bbox 2281 4036 3937 4116">
    <p class='ocr_par' dir='ltr' id='par_1_96' title="bbox 2281 4036 3937 4116">
     <span class='ocr_line' id='line_1_97' title="bbox 2281 4036 3937 4116; baseline -0.001 -23"><span class='ocrx_word' id='word_1_758' title='bbox 2281 4040 2354 4102; x_wconf 85' lang='grc' dir='ltr'>ὡς</span> <span class='ocrx_word' id='word_1_759' title='bbox 2406 4036 2544 4093; x_wconf 75' lang='grc' dir='ltr'>ἴδιον</span> <span class='ocrx_word' id='word_1_760' title='bbox 2592 4042 2778 4100; x_wconf 78' lang='grc' dir='ltr'>σκεῦος</span> <span class='ocrx_word' id='word_1_761' title='bbox 2826 4040 2960 4111; x_wconf 86' lang='grc'>(29),</span> <span class='ocrx_word' id='word_1_762' title='bbox 3013 4036 3103 4091; x_wconf 81' lang='grc' dir='ltr'><strong>καὶ</strong></span> <span class='ocrx_word' id='word_1_763' title='bbox 3151 4042 3254 4092; x_wconf 78' lang='grc' dir='ltr'>πᾶν</span> <span class='ocrx_word' id='word_1_764' title='bbox 3305 4038 3493 4114; x_wconf 83' lang='grc' dir='ltr'>θηρίον</span> <span class='ocrx_word' id='word_1_765' title='bbox 3526 4040 3937 4116; x_wconf 67' lang='grc' dir='ltr'>κατακυριεύςει</span> 
     </span>
    </p>
   </div>
   <div class='ocr_carea' id='block_1_97' title="bbox 2283 4124 3943 4203">
    <p class='ocr_par' dir='ltr' id='par_1_97' title="bbox 2283 4124 3943 4203">
     <span class='ocr_line' id='line_1_98' title="bbox 2283 4124 3943 4203; baseline 0.001 -20"><span class='ocrx_word' id='word_1_766' title='bbox 2283 4127 2466 4200; x_wconf 75' lang='grc' dir='ltr'>οὐτοῦ,</span> <span class='ocrx_word' id='word_1_767' title='bbox 2498 4126 2587 4182; x_wconf 88' lang='grc' dir='ltr'><strong>καὶ</strong></span> <span class='ocrx_word' id='word_1_768' title='bbox 2620 4128 2648 4182; x_wconf 93' lang='lat'><strong>6</strong></span> <span class='ocrx_word' id='word_1_769' title='bbox 2681 4126 2879 4200; x_wconf 86' lang='grc' dir='ltr'>Κύριος</span> <span class='ocrx_word' id='word_1_770' title='bbox 2914 4128 3131 4198; x_wconf 69' lang='grc' dir='ltr'>μισήσει</span> <span class='ocrx_word' id='word_1_771' title='bbox 3166 4124 3349 4185; x_wconf 81' lang='grc' dir='ltr'>αὐτόν.</span> <span class='ocrx_word' id='word_1_772' title='bbox 3382 4124 3478 4181; x_wconf 86' lang='grc' dir='ltr'>Καί</span> <span class='ocrx_word' id='word_1_773' title='bbox 3529 4129 3632 4203; x_wconf 73' lang='grc' dir='ltr'><strong>γάρ</strong></span> <span class='ocrx_word' id='word_1_774' title='bbox 3682 4129 3744 4182; x_wconf 84' lang='grc' dir='ltr'>αἶ</span> <span class='ocrx_word' id='word_1_775' title='bbox 3800 4130 3943 4185; x_wconf 67' lang='grc' dir='ltr'>ἐντο-</span> 
     </span>
    </p>
   </div>
   <div class='ocr_carea' id='block_1_98' title="bbox 2284 4212 3941 4294">
    <p class='ocr_par' dir='ltr' id='par_1_98' title="bbox 2284 4212 3941 4294">
     <span class='ocr_line' id='line_1_99' title="bbox 2284 4212 3941 4294; baseline -0.007 -21"><span class='ocrx_word' id='word_1_776' title='bbox 2284 4215 2375 4273; x_wconf 87' lang='grc' dir='ltr'><strong>λαὶ</strong></span> <span class='ocrx_word' id='word_1_777' title='bbox 2405 4220 2502 4271; x_wconf 79' lang='grc' dir='ltr'>τοῦ</span> <span class='ocrx_word' id='word_1_778' title='bbox 2524 4215 2699 4289; x_wconf 90' lang='grc' dir='ltr'>νόμου</span> <span class='ocrx_word' id='word_1_779' title='bbox 2730 4212 2923 4269; x_wconf 88' lang='grc' dir='ltr'>διπλαῖ</span> <span class='ocrx_word' id='word_1_780' title='bbox 2953 4213 3077 4285; x_wconf 81' lang='grc' dir='ltr'>εἰσι,</span> <span class='ocrx_word' id='word_1_781' title='bbox 3109 4214 3197 4268; x_wconf 81' lang='grc' dir='ltr'><strong>καὶ</strong></span> <span class='ocrx_word' id='word_1_782' title='bbox 3234 4216 3369 4287; x_wconf 83' lang='grc' dir='ltr'>μετά</span> <span class='ocrx_word' id='word_1_783' title='bbox 3404 4214 3610 4291; x_wconf 83' lang='grc' dir='ltr'>τέχνης</span> <span class='ocrx_word' id='word_1_784' title='bbox 3658 4214 3941 4294; x_wconf 61' lang='grc' dir='ltr'>πληροζνρ</span> 
     </span>
    </p>
   </div>
   <div class='ocr_carea' id='block_1_99' title="bbox 2281 4302 3942 4381">
    <p class='ocr_par' dir='ltr' id='par_1_99' title="bbox 2281 4302 3942 4381">
     <span class='ocr_line' id='line_1_100' title="bbox 2281 4302 3942 4381; baseline -0.002 -19"><span class='ocrx_word' id='word_1_785' title='bbox 2281 4327 2391 4362; x_wconf 88' lang='grc' dir='ltr'>ται.</span> <span class='ocrx_word' id='word_1_786' title='bbox 2420 4305 2620 4381; x_wconf 89' lang='grc' dir='ltr'>Καιρὸς</span> <span class='ocrx_word' id='word_1_787' title='bbox 2675 4304 2779 4380; x_wconf 78' lang='grc' dir='ltr'>γὰρ</span> <span class='ocrx_word' id='word_1_788' title='bbox 2831 4302 3117 4366; x_wconf 89' lang='grc' dir='ltr'>συνουσίας</span> <span class='ocrx_word' id='word_1_789' title='bbox 3166 4304 3419 4379; x_wconf 85' lang='grc' dir='ltr'>γυναικὸς</span> <span class='ocrx_word' id='word_1_790' title='bbox 3460 4304 3627 4359; x_wconf 72' lang='grc' dir='ltr'>αὐτοῦ</span> <span class='ocrx_word' id='word_1_791' title='bbox 3657 4308 3810 4380; x_wconf 87' lang='grc'>(30),</span> <span class='ocrx_word' id='word_1_792' title='bbox 3866 4307 3942 4361; x_wconf 65' lang='grc' dir='ltr'><strong>καῖ</strong></span> 
     </span>
    </p>
   </div>
   <div class='ocr_carea' id='block_1_100' title="bbox 2283 4392 3942 4471">
    <p class='ocr_par' dir='ltr' id='par_1_100' title="bbox 2283 4392 3942 4471">
     <span class='ocr_line' id='line_1_101' title="bbox 2283 4392 3942 4471; baseline 0.001 -22"><span class='ocrx_word' id='word_1_793' title='bbox 2283 4395 2473 4469; x_wconf 87' lang='grc' dir='ltr'>καιρὸς</span> <span class='ocrx_word' id='word_1_794' title='bbox 2531 4392 2843 4471; x_wconf 78' lang='grc' dir='ltr'>ἐγκρατείας</span> <span class='ocrx_word' id='word_1_795' title='bbox 2900 4393 2977 4456; x_wconf 81' lang='grc' dir='ltr'><strong>εἷς</strong></span> <span class='ocrx_word' id='word_1_796' title='bbox 3036 4394 3349 4469; x_wconf 73' lang='grc' dir='ltr'>προσευχὴν</span> <span class='ocrx_word' id='word_1_797' title='bbox 3398 4393 3583 4451; x_wconf 75' lang='grc' dir='ltr'>αὐτοῦ.</span> <span class='ocrx_word' id='word_1_798' title='bbox 3663 4396 3776 4449; x_wconf 76' lang='grc' dir='ltr'>Καὶ</span> <span class='ocrx_word' id='word_1_799' title='bbox 3857 4394 3942 4451; x_wconf 62' lang='grc' dir='ltr'><strong>διο</strong></span> 
     </span>
    </p>
   </div>
   <div class='ocr_carea' id='block_1_101' title="bbox 2287 4480 3941 4557">
    <p class='ocr_par' dir='ltr' id='par_1_101' title="bbox 2287 4480 3941 4557">
     <span class='ocr_line' id='line_1_102' title="bbox 2287 4480 3941 4557; baseline -0.002 -17"><span class='ocrx_word' id='word_1_800' title='bbox 2287 4480 2498 4540; x_wconf 83' lang='grc' dir='ltr'>ἐντολαί</span> <span class='ocrx_word' id='word_1_801' title='bbox 2555 4482 2696 4537; x_wconf 82' lang='grc' dir='ltr'>εἷσι⁶</span> <span class='ocrx_word' id='word_1_802' title='bbox 2754 4481 2845 4538; x_wconf 84' lang='grc' dir='ltr'><strong>καὶ</strong></span> <span class='ocrx_word' id='word_1_803' title='bbox 2895 4481 2940 4537; x_wconf 84' lang='grc' dir='ltr'>εἷ</span> <span class='ocrx_word' id='word_1_804' title='bbox 2993 4482 3067 4555; x_wconf 81' lang='grc' dir='ltr'>μὴ</span> <span class='ocrx_word' id='word_1_805' title='bbox 3119 4481 3384 4557; x_wconf 84' lang='grc' dir='ltr'>γένωνται</span> <span class='ocrx_word' id='word_1_806' title='bbox 3443 4482 3493 4538; x_wconf 86' lang='grc' dir='ltr'>ἐν</span> <span class='ocrx_word' id='word_1_807' title='bbox 3542 4483 3690 4553; x_wconf 78' lang='grc' dir='ltr'>τάξει</span> <span class='ocrx_word' id='word_1_808' title='bbox 3748 4486 3941 4553; x_wconf 67' lang='grc' dir='ltr'>αὐτῶν,</span> 
     </span>
    </p>
   </div>
   <div class='ocr_carea' id='block_1_102' title="bbox 2289 4570 3943 4648">
    <p class='ocr_par' dir='ltr' id='par_1_102' title="bbox 2289 4570 3943 4648">
     <span class='ocr_line' id='line_1_103' title="bbox 2289 4570 3943 4648; baseline -0.001 -20"><span class='ocrx_word' id='word_1_809' title='bbox 2289 4572 2553 4648; x_wconf 79' lang='grc' dir='ltr'>ἁμαρτίαν</span> <span class='ocrx_word' id='word_1_810' title='bbox 2611 4572 2928 4647; x_wconf 67' lang='grc' dir='ltr'>παρέχουσι.</span> <span class='ocrx_word' id='word_1_811' title='bbox 2980 4570 3162 4633; x_wconf 69' lang='grc' dir='ltr'>Οὕτως</span> <span class='ocrx_word' id='word_1_812' title='bbox 3212 4570 3321 4625; x_wconf 80' lang='grc' dir='ltr'>ἐστὶ</span> <span class='ocrx_word' id='word_1_813' title='bbox 3372 4572 3459 4626; x_wconf 80' lang='grc' dir='ltr'><strong>καὶ</strong></span> <span class='ocrx_word' id='word_1_814' title='bbox 3500 4571 3586 4626; x_wconf 78' lang='grc' dir='ltr'>ἐπὶ</span> <span class='ocrx_word' id='word_1_815' title='bbox 3650 4577 3771 4628; x_wconf 76' lang='grc' dir='ltr'><strong>τῶν</strong></span> <span class='ocrx_word' id='word_1_816' title='bbox 3842 4574 3943 4631; x_wconf 77' lang='grc' dir='ltr'>λοι-</span> 
     </span>
    </p>
   </div>
   <div class='ocr_carea' id='block_1_103' title="bbox 2209 4650 3939 4737">
    <p class='ocr_par' dir='ltr' id='par_1_103' title="bbox 2209 4650 3939 4737">
     <span class='ocr_line' id='line_1_104' title="bbox 2209 4650 3939 4737; baseline -0.001 -21"><span class='ocrx_word' id='word_1_817' title='bbox 2209 4650 2403 4716; x_wconf 77' lang='grc' dir='ltr'><strong>Ππῶν</strong></span> <span class='ocrx_word' id='word_1_818' title='bbox 2464 4658 2694 4715; x_wconf 79' lang='grc' dir='ltr'>ἐντολῶν</span> <span class='ocrx_word' id='word_1_819' title='bbox 2753 4662 2885 4733; x_wconf 87' lang='grc'><strong>(31).</strong></span> <span class='ocrx_word' id='word_1_820' title='bbox 2947 4659 3159 4714; x_wconf 90' lang='grc' dir='ltr'>Γίνεσθε</span> <span class='ocrx_word' id='word_1_821' title='bbox 3217 4658 3307 4713; x_wconf 81' lang='grc' dir='ltr'><strong>οὗν</strong></span> <span class='ocrx_word' id='word_1_822' title='bbox 3365 4658 3523 4737; x_wconf 77' lang='grc' dir='ltr'>σοφοὶ</span> <span class='ocrx_word' id='word_1_823' title='bbox 3567 4658 3619 4714; x_wconf 81' lang='grc' dir='ltr'>ἐν</span> <span class='ocrx_word' id='word_1_824' title='bbox 3670 4668 3807 4735; x_wconf 78' lang='grc' dir='ltr'><strong>Θεῷ</strong></span> <span class='ocrx_word' id='word_1_825' title='bbox 3862 4664 3939 4717; x_wconf 74' lang='grc' dir='ltr'><strong>καὶ</strong></span> 
     </span>
    </p>
   </div>
   <div class='ocr_carea' id='block_1_104' title="bbox 2281 4746 3940 4829">
    <p class='ocr_par' dir='ltr' id='par_1_104' title="bbox 2281 4746 3940 4829">
     <span class='ocr_line' id='line_1_105' title="bbox 2281 4746 3940 4829; baseline 0.002 -24"><span class='ocrx_word' id='word_1_826' title='bbox 2281 4750 2563 4829; x_wconf 78' lang='grc' dir='ltr'>φρόνιμοι,</span> <span class='ocrx_word' id='word_1_827' title='bbox 2615 4747 2818 4811; x_wconf 84' lang='grc' dir='ltr'>είδόνες</span> <span class='ocrx_word' id='word_1_828' title='bbox 2864 4748 3011 4819; x_wconf 82' lang='grc' dir='ltr'>τάξιν</span> <span class='ocrx_word' id='word_1_829' title='bbox 3062 4746 3298 4803; x_wconf 82' lang='grc' dir='ltr'>ἐντολῶν</span> <span class='ocrx_word' id='word_1_830' title='bbox 3340 4747 3525 4818; x_wconf 79' lang='grc' dir='ltr'>αὐτοῦ,</span> <span class='ocrx_word' id='word_1_831' title='bbox 3583 4751 3671 4805; x_wconf 74' lang='grc' dir='ltr'><strong>καὶ</strong></span> <span class='ocrx_word' id='word_1_832' title='bbox 3705 4752 3940 4826; x_wconf 68' lang='grc' dir='ltr'>θεσμοῦς</span> 
     </span>
    </p>
   </div>
   <div class='ocr_carea' id='block_1_105' title="bbox 2281 4832 3937 4917">
    <p class='ocr_par' dir='ltr' id='par_1_105' title="bbox 2281 4832 3937 4917">
     <span class='ocr_line' id='line_1_106' title="bbox 2281 4832 3937 4917; baseline -0.002 -22"><span class='ocrx_word' id='word_1_833' title='bbox 2281 4840 2483 4902; x_wconf 87' lang='grc' dir='ltr'>παντὸς</span> <span class='ocrx_word' id='word_1_834' title='bbox 2513 4840 2855 4916; x_wconf 79' lang='grc' dir='ltr'>πράγματος,</span> <span class='ocrx_word' id='word_1_835' title='bbox 2893 4832 3044 4899; x_wconf 77' lang='grc' dir='ltr'>ὅπως</span> <span class='ocrx_word' id='word_1_836' title='bbox 3077 4836 3329 4913; x_wconf 73' lang='grc' dir='ltr'>ἀγαπήσῃ</span> <span class='ocrx_word' id='word_1_837' title='bbox 3379 4837 3518 4911; x_wconf 78' lang='grc' dir='ltr'>ὑμᾶς</span> <span class='ocrx_word' id='word_1_838' title='bbox 3572 4840 3603 4894; x_wconf 92' lang='lat'><strong>6</strong></span> <span class='ocrx_word' id='word_1_839' title='bbox 3650 4842 3885 4917; x_wconf 74' lang='grc' dir='ltr'>Κύριος,</span> <span class='ocrx_word' id='word_1_840' title='bbox 3916 4866 3937 4891; x_wconf 70' lang='grc' dir='ltr'><strong><em>ι</em></strong></span> 
     </span>
    </p>
   </div>
   <div class='ocr_carea' id='block_1_106' title="bbox 2352 4941 3939 5022">
    <p class='ocr_par' dir='ltr' id='par_1_106' title="bbox 2352 4941 3939 5022">
     <span class='ocr_line' id='line_1_107' title="bbox 2352 4941 3939 5022; baseline -0.003 -19"><span class='ocrx_word' id='word_1_841' title='bbox 2352 4948 2422 5005; x_wconf 78' lang='grc' dir='ltr'><strong>ϐ’.</strong></span> <span class='ocrx_word' id='word_1_842' title='bbox 2457 4944 2555 5002; x_wconf 71' lang='grc' dir='ltr'><strong>Καὲ</strong></span> <span class='ocrx_word' id='word_1_843' title='bbox 2602 4943 2789 5001; x_wconf 75' lang='grc' dir='ltr'>πολλὰ</span> <span class='ocrx_word' id='word_1_844' title='bbox 2836 4947 3060 5000; x_wconf 78' lang='grc' dir='ltr'>τοιαῦτα</span> <span class='ocrx_word' id='word_1_845' title='bbox 3109 4941 3482 5017; x_wconf 82' lang='grc' dir='ltr'>ἐντειλάμενος</span> <span class='ocrx_word' id='word_1_846' title='bbox 3534 4944 3750 5019; x_wconf 74' lang='grc' dir='ltr'>αὐτοῖς,</span> <span class='ocrx_word' id='word_1_847' title='bbox 3784 4969 3939 5022; x_wconf 68' lang='grc' dir='ltr'>παρεο</span> 
     </span>
    </p>
   </div>
   <div class='ocr_carea' id='block_1_107' title="bbox 2282 5031 3939 5108">
    <p class='ocr_par' dir='ltr' id='par_1_107' title="bbox 2282 5031 3939 5108">
     <span class='ocr_line' id='line_1_108' title="bbox 2282 5031 3939 5108; baseline 0.001 -17"><span class='ocrx_word' id='word_1_848' title='bbox 2282 5034 2526 5105; x_wconf 87' lang='grc' dir='ltr'>κάλεσεν,</span> <span class='ocrx_word' id='word_1_849' title='bbox 2570 5032 2663 5089; x_wconf 76' lang='grc' dir='ltr'>’ίνα</span> <span class='ocrx_word' id='word_1_850' title='bbox 2712 5032 3119 5108; x_wconf 89' lang='grc' dir='ltr'>μετακομίσωσι</span> <span class='ocrx_word' id='word_1_851' title='bbox 3168 5032 3235 5086; x_wconf 79' lang='grc' dir='ltr'>τὰ</span> <span class='ocrx_word' id='word_1_852' title='bbox 3283 5031 3415 5087; x_wconf 81' lang='grc' dir='ltr'>όστᾶ</span> <span class='ocrx_word' id='word_1_853' title='bbox 3464 5033 3631 5090; x_wconf 79' lang='grc' dir='ltr'>αὐτοῦ</span> <span class='ocrx_word' id='word_1_854' title='bbox 3701 5037 3791 5100; x_wconf 75' lang='grc' dir='ltr'>εἷς</span> <span class='ocrx_word' id='word_1_855' title='bbox 3850 5044 3939 5092; x_wconf 74' lang='grc' dir='ltr'><strong>Χε-</strong></span> 
     </span>
    </p>
   </div>
   <div class='ocr_carea' id='block_1_108' title="bbox 2284 5120 3937 5200">
    <p class='ocr_par' dir='ltr' id='par_1_108' title="bbox 2284 5120 3937 5200">
     <span class='ocr_line' id='line_1_109' title="bbox 2284 5120 3937 5200; baseline 0.001 -21"><span class='ocrx_word' id='word_1_856' title='bbox 2284 5120 2450 5199; x_wconf 79' lang='grc' dir='ltr'>ϐρὼν,</span> <span class='ocrx_word' id='word_1_857' title='bbox 2480 5122 2569 5179; x_wconf 85' lang='grc' dir='ltr'><strong>καὶ</strong></span> <span class='ocrx_word' id='word_1_858' title='bbox 2627 5122 2865 5198; x_wconf 79' lang='grc' dir='ltr'>θάψωσιν</span> <span class='ocrx_word' id='word_1_859' title='bbox 2910 5121 3068 5178; x_wconf 84' lang='grc' dir='ltr'>αὐτὸν</span> <span class='ocrx_word' id='word_1_860' title='bbox 3115 5122 3249 5195; x_wconf 80' lang='grc' dir='ltr'>μετᾶ</span> <span class='ocrx_word' id='word_1_861' title='bbox 3292 5126 3399 5177; x_wconf 80' lang='grc' dir='ltr'>τῶν</span> <span class='ocrx_word' id='word_1_862' title='bbox 3449 5122 3698 5200; x_wconf 82' lang='grc' dir='ltr'>πατέρων</span> <span class='ocrx_word' id='word_1_863' title='bbox 3757 5126 3937 5182; x_wconf 67' lang='grc' dir='ltr'><strong>αᾶτοῦ.</strong></span> 
     </span>
    </p>
   </div>
   <div class='ocr_carea' id='block_1_109' title="bbox 2285 5208 3937 5293">
    <p class='ocr_par' dir='ltr' id='par_1_109' title="bbox 2285 5208 3937 5293">
     <span class='ocr_line' id='line_1_110' title="bbox 2285 5208 3937 5293; baseline -0.001 -23"><span class='ocrx_word' id='word_1_864' title='bbox 2285 5213 2383 5270; x_wconf 84' lang='grc' dir='ltr'>Καὶ</span> <span class='ocrx_word' id='word_1_865' title='bbox 2423 5214 2608 5293; x_wconf 78' lang='grc' dir='ltr'>φαγὼν</span> <span class='ocrx_word' id='word_1_866' title='bbox 2640 5212 2728 5269; x_wconf 80' lang='grc' dir='ltr'><strong>καὶ</strong></span> <span class='ocrx_word' id='word_1_867' title='bbox 2763 5212 2901 5268; x_wconf 89' lang='grc' dir='ltr'>πιὼν</span> <span class='ocrx_word' id='word_1_868' title='bbox 2944 5210 2995 5268; x_wconf 82' lang='grc' dir='ltr'>ἐν</span> <span class='ocrx_word' id='word_1_869' title='bbox 3027 5208 3319 5288; x_wconf 74' lang='grc' dir='ltr'>ἱλαρότητι</span> <span class='ocrx_word' id='word_1_870' title='bbox 3349 5213 3552 5288; x_wconf 70' lang='grc' dir='ltr'>ψυχῆς,</span> <span class='ocrx_word' id='word_1_871' title='bbox 3600 5215 3937 5289; x_wconf 56' lang='grc' dir='ltr'>συνεκάλυιζε</span> 
     </span>
    </p>
   </div>
   <div class='ocr_carea' id='block_1_110' title="bbox 2356 5591 2998 5667">
    <p class='ocr_par' dir='ltr' id='par_1_110' title="bbox 2356 5591 2998 5667">
     <span class='ocr_line' id='line_1_111' title="bbox 2356 5591 2998 5667; baseline -0.005 -17"><span class='ocrx_word' id='word_1_872' title='bbox 2356 5593 2472 5667; x_wconf 89' lang='grc'><strong>(30)</strong></span> <span class='ocrx_word' id='word_1_873' title='bbox 2501 5591 2680 5667; x_wconf 68' lang='grc' dir='ltr'>Αύτοῦ</span> <span class='ocrx_word' id='word_1_874' title='bbox 2706 5594 2888 5667; x_wconf 79' lang='lat' dir='ltr'><strong>deest.</strong></span> <span class='ocrx_word' id='word_1_875' title='bbox 2916 5591 2998 5667; x_wconf 72' lang='lat' dir='ltr'><strong>In.</strong></span> 
     </span>
    </p>
   </div>
   <div class='ocr_carea' id='block_1_111' title="bbox 2358 5659 3930 5738">
    <p class='ocr_par' dir='ltr' id='par_1_111' title="bbox 2358 5659 3930 5738">
     <span class='ocr_line' id='line_1_112' title="bbox 2358 5659 3930 5738; baseline -0.001 -17"><span class='ocrx_word' id='word_1_876' title='bbox 2358 5659 2686 5738; x_wconf 21' lang='lat' dir='ltr'><strong>(31&#39;)70i5&#39;:wc</strong></span> <span class='ocrx_word' id='word_1_877' title='bbox 2718 5663 2827 5720; x_wconf 81' lang='grc' dir='ltr'>ἐστὶ</span> <span class='ocrx_word' id='word_1_878' title='bbox 2858 5661 2947 5720; x_wconf 86' lang='grc' dir='ltr'><strong>καὶ</strong></span> <span class='ocrx_word' id='word_1_879' title='bbox 2973 5661 3061 5719; x_wconf 78' lang='grc' dir='ltr'>ἐπὶ</span> <span class='ocrx_word' id='word_1_880' title='bbox 3106 5664 3217 5719; x_wconf 81' lang='grc' dir='ltr'><strong>τῶν</strong></span> <span class='ocrx_word' id='word_1_881' title='bbox 3278 5659 3488 5720; x_wconf 79' lang='grc' dir='ltr'>λοιπῶν</span> <span class='ocrx_word' id='word_1_882' title='bbox 3547 5659 3791 5721; x_wconf 73' lang='grc' dir='ltr'>ἐντολῶν</span> <span class='ocrx_word' id='word_1_883' title='bbox 3838 5668 3930 5725; x_wconf 81' lang='lat' dir='ltr'><strong>de-</strong></span> 
     </span>
    </p>
   </div>
   <div class='ocr_carea' id='block_1_112' title="bbox 2291 5737 2569 5796">
    <p class='ocr_par' dir='ltr' id='par_1_112' title="bbox 2291 5737 2569 5796">
     <span class='ocr_line' id='line_1_113' title="bbox 2291 5737 2569 5796; baseline 0 0"><span class='ocrx_word' id='word_1_884' title='bbox 2291 5737 2453 5796; x_wconf 88' lang='lat' dir='ltr'><strong>sunt.</strong></span> <span class='ocrx_word' id='word_1_885' title='bbox 2485 5737 2569 5796; x_wconf 88' lang='lat' dir='ltr'><strong>In.</strong></span> 
     </span>
    </p>
   </div>
  </div>
