4008 6350
234 425 374 487 1113

1542 433 2139 498 TESTAMENTUM
2184 437 2371 500 GAD.

3456 426 3616 487 1114

223 555 281 610 τὸ
323 554 605 632 πρόσωπον
660 558 844 632 αὐτοῦ,
888 561 979 617 καὶ
1042 562 1286 628 ἀπέθανε.
1336 565 1435 620 Καὶ
1486 563 1743 635 ἐποίησαν
1800 562 1851 619 οἳ

1967 571 2073 623 est.
2108 568 2177 622 Et
2207 568 2468 623 fecerunt
2498 566 2601 622 ﬁlii
2654 565 2783 637 ejus
2828 561 3154 619 secundum
3202 558 3417 627 omnia,
3452 575 3611 631 quaa-

224 645 324 699 υἱοὶ
354 645 511 701 αὐτοῦ
541 648 676 703 κατᾶ
704 649 896 720 πάντα,
929 650 1027 707 ὅσα
1070 652 1368 709 ἐνετείλατο
1417 654 1601 717 αὐτοῖς
1646 656 1853 733 Νεφθα-

227 731 347 808 λεῖμ
376 736 401 789 6
431 738 609 812 πατὴρ
640 737 833 796 αὐτῶν.

779 851 961 901 ΚΕΦΔ
975 849 1180 903 ΑΔΙΟΝ
1220 854 1291 904 ϐ’.

616 935 854 1004 Διαθήκη
898 933 1023 1005 Γὰδ,
1070 936 1193 1012 περὶ
1228 936 1436 1010 μίσους.

294 1021 365 1074 A'.
409 1020 763 1100 Ἀντίγραφον
790 1020 1054 1095 διαθήκης
1086 1022 1215 1097 Γὰδ,
1244 1026 1275 1079 ἃ
1305 1025 1541 1097 ἐλάλησε
1570 1031 1686 1089 τοῖς
1717 1027 1855 1090 υἱοῖς

222 1108 397 1179 αὐτοῦ,
431 1107 482 1164 ἐν
516 1104 619 1164 ἔτει
656 1113 760 1184 ρκε⁸
796 1119 895 1181 τῆς
934 1118 1077 1182 ζωῆς
1108 1114 1289 1171 αὐτοῦ.
1327 1139 1355 1165 ‹‹
1416 1110 1692 1189 Ἕϐδομος
1740 1118 1854 1189 (33)

220 1197 331 1258 υἱὸς
362 1196 620 1272 ἐγενόμην
668 1204 746 1270 τῷ
796 1196 1010 1273 Ἰακὼϐ,
1052 1201 1142 1257 καί
1170 1200 1321 1276 ἤμην
1354 1201 1596 1280 ἀνδρεῖος
1628 1203 1715 1260 ἐπὶ
1744 1209 1852 1259 τῶν

220 1286 503 1358 ποιμνίων.
562 1288 707 1361 Ἐγὼ
750 1288 1043 1367 ἐφύλαττον
1094 1291 1145 1346 ἐν
1186 1292 1337 1347 νυκτὶ
1362 1293 1425 1347 τὸ
1454 1291 1732 1366 ποίμνιον,
1763 1298 1853 1348 καί

220 1372 341 1426 ὅταν
370 1371 575 1448 ἤρχετο
607 1375 635 1428 6
666 1374 850 1445 λύκος,
882 1376 917 1447 ἥ
950 1376 1113 1447 λέων,
1145 1381 1181 1449 ἢ
1231 1378 1521 1456 πάρδαλις,
1571 1382 1606 1449 ἤ
1658 1379 1852 1455 ἄρκτος

219 1462 329 1533 (34)
358 1460 440 1515 ἐπὶ
470 1464 567 1531 τὴν
601 1464 858 1537 ποίμνην,
896 1466 1221 1523 κατεδίωκον
1272 1470 1454 1542 αὐτὸν,
1506 1470 1596 1524 καὶ
1644 1468 1850 1539 πιαζων

213 1549 305 1604 τὸν
335 1548 469 1605 πόδα
519 1551 681 1607 αὐτοῦ
725 1558 793 1627 τῇ
845 1554 994 1631 χειρί
1030 1578 1155 1629 μου,
1188 1557 1278 1612 καὶ
1306 1556 1545 1634 γορεύων
1579 1557 1849 1631 ἐσκότουν,

212 1639 302 1692 καὶ
335 1640 619 1709 ἀκοντίζων
646 1641 804 1697 αὐτὸν
835 1642 921 1698 ἐπὶ
953 1642 1048 1699 δύο
1080 1643 1350 1717 σταδίους,
1386 1646 1558 1709 οὕτως
1596 1646 1850 1723 ἀνῄρουν.

218 1728 277 1781 ⁸0
314 1728 398 1781 οὖν
450 1730 648 1808 Ἰωσὴφ
692 1729 976 1805 ἐποίμαινε
1030 1735 1145 1807 μεθ’
1193 1737 1353 1807 ἡμῶν
1403 1736 1477 1798 ὡς
1526 1738 1749 1810 ἡμερῶν
1782 1733 1851 1809 λ’,

213 1817 303 1872 καὶ
330 1819 607 1895 τρυφερὸς,
642 1818 735 1887 ὥν,
768 1820 1107 1893 ἐμαλακίσθη
1142 1822 1247 1877 ἀπὸ
1275 1828 1372 1878 τοῦ
1417 1823 1849 1897 καύματος

213 1904 304 1959 καὶ
352 1906 669 1981 ὑπέστρεψεν
723 1908 797 1970 εἷς
847 1904 1070 1985 Χεϐρὼν
1120 1912 1256 1984 πρὸς
1323 1913 1414 1966 τὸν
1477 1913 1682 1988 πατέρα
1756 1913 1851 1968 αὐ·
1884 1938 1931 2004 Β

209 1998 348 2049 τοῦ·
395 1995 482 2049 καὶ
536 1995 807 2052 ἀνέκλινεν
856 1998 1014 2054 αὐτὸν
1065 1998 1300 2070 πλησίον
1344 2000 1527 2068 αὐτοῦ,
1585 2000 1667 2056 ὅτι
1717 2000 1851 2078 ἠγά-

212 2103 289 2137 πα
334 2082 511 2140 αὐτόν.
563 2084 660 2139 Καί
714 2086 858 2142 εἶπεν
886 2089 1084 2166 Ἰωσὴιρ
1134 2088 1213 2162 τῷ
1243 2090 1405 2165 πατρῖ
1434 2092 1617 2163 ἡμῶν,
1685 2089 1768 2146 ὅτι
1801 2090 1852 2146 οἱ

215 2170 324 2225 υἱοὶ
372 2178 576 2251 Ζελφᾶς
624 2174 713 2228 καὶ
764 2173 982 2238 Βαλλᾶς
1031 2178 1214 2240 θύουσι
1253 2179 1321 2232 τὰ
1364 2178 1527 2247 καλὰ,
1577 2178 1666 2235 καὶ
1697 2200 1852 2236 κατε-

212 2261 445 2323 σθίουσιν
477 2260 611 2316 αότά
638 2284 717 2339 γε,
752 2265 898 2340 παρᾶ
942 2266 1167 2339 γνώμην
1219 2264 1397 2322 Ἰούδα
1442 2268 1531 2323 καὶ
1579 2263 1851 2342 Ῥυυϐήμ.

213 2346 333 2404 Εῖδε
384 2351 487 2427 γὰρ
540 2350 622 2406 ὅτι
672 2353 840 2425 ἀμνὸν
888 2352 1153 2427 ἐξελόμην
1204 2354 1263 2411 ἐκ
1309 2360 1407 2411 τοῦ
1453 2355 1723 2430 στόματος
1751 2364 1853 2428 τῆς

210 2436 427 2513 ἄρκτου,
470 2438 722 2511 κάκείνην
774 2440 1098 2513 ἐθανάτωσα,
1147 2443 1238 2499 καὶ
1294 2445 1386 2500 τὸν
1452 2446 1621 2519 ἀμνὸν
1673 2442 1852 2521 ἔθυσα⁹

205 2528 349 2602 (περῖ
383 2528 443 2582 οὗ
476 2527 820 2603 ἐλύπούμην,
876 2530 958 2587 ὅτι
1008 2531 1107 2587 οὐκ
1154 2530 1390 2603 ἠδύνατο
1431 2536 1573 2608 ζῇν),
1603 2534 1693 2589 καὶ
1726 2534 1853 2614 ἐφά-

202 2637 373 2693 γομεν
401 2617 559 2673 αὐτόν
586 2638 599 2651 ’
633 2619 722 2673 καὶ
755 2619 871 2675 εἶπε
896 2624 976 2693 τῷ
1004 2621 1166 2697 πατρὶ
1198 2624 1358 2695 ἡμῶν
1403 2626 1534 2698 (36).
1589 2623 1687 2678 Καὶ
1743 2623 1855 2680 ἐνε-

207 2705 400 2761 κότουν
482 2712 562 2779 τῷ
643 2709 842 2787 Ἰωσὴφ
918 2710 1042 2787 περὶ
1096 2715 1194 2766 τοῦ
1255 2711 1425 2787 λόγου
1479 2711 1696 2786 τούτου,
1748 2710 1855 2778 ἕως

209 2795 419 2872 ἡμέρας
487 2793 828 2871 διαπράσεως
898 2798 1062 2854 αὐτοῦ
1133 2799 1211 2863 εἰς
1268 2798 1561 2878 Αἴγυπτον.
1620 2802 1719 2857 Καὶ
1793 2803 1856 2858 τὸ

204 2889 419 2957 πνεῦμα
465 2890 566 2941 τοῦ
609 2884 800 2959 μίσους
831 2887 897 2957 ἦν
928 2887 978 2942 ἐν
1013 2886 1136 2961 ἐμοί
1162 2905 1175 2918 ·
1206 2889 1296 2944 καὶ
1328 2888 1427 2945 οὐκ
1456 2887 1682 2961 ἤθελον,
1735 2886 1857 2947 οὕτε

205 2974 281 3027 vi’
326 2973 643 3051 ὀφθαλμῶν,
700 2972 825 3030 οὕτε
863 2973 933 3030 δι’
980 2977 1147 3047 ἀκοῆς
1179 2975 1309 3033 ἰδεῖν
1338 2979 1431 3034 τὸν
1464 2980 1685 3058 Ἰωσήφ⁸
1752 2977 1858 3035 Καὶ

205 3062 346 3117 κατά
395 3064 688 3139 πρόσωπον
746 3065 906 3137 ἡμῶν
955 3063 1179 3141 ἤλεγξεν
1208 3069 1378 3140 ⁴ἡμᾶς,
1412 3066 1495 3123 ὃτι
1526 3069 1650 3123 ἄνευ
1681 3066 1860 3124 Ἰούδα

216 3150 461 3225 ἐσθίομεν
510 3153 576 3206 τὰ
620 3153 906 3226 Θρέμματα
931 3170 943 3184 ·
993 3153 1083 3208 καὶ
1120 3154 1310 3223 πάντα,
1342 3154 1440 3211 ὅσα
1469 3154 1620 3234 ἔλεγε
1648 3162 1727 3230 τῷ
1753 3178 1858 3213 πα-

204 3238 319 3313 τρὶ,
352 3239 584 3295 ἐπείθετε
608 3240 775 3312 αύτῷ.

1964 672 2197 728 cunque
2229 656 2528 713 mandavit
2562 656 2646 712 eis
2676 651 3050 726 Nephthalim
3081 654 3245 723 pater
3274 665 3496 705 eorum.

2592 850 2823 907 CAPUT
2866 848 2962 903 IX.

2364 942 2758 995 TesIamentum
2788 937 2926 1002 Gad,
2959 935 3023 992 de
3050 935 3195 991 odio.

2034 1029 2523 1101 I.Transcriptum
2547 1027 2882 1084 testamenti
2912 1026 3419 1097 Gad,quaecunque
3450 1021 3578 1078 locu

1961 1121 2058 1173 tus
2088 1122 2179 1172 est
2210 1117 2345 1172 filiis
2376 1117 2499 1173 suis
2529 1117 2589 1172 in
2612 1132 2763 1171 anno
2780 1116 3095 1171 centesimo
3116 1111 3389 1168 vicesimo
3420 1112 3601 1184 septi-

1964 1224 2058 1262 mo
2090 1207 2201 1279 (32)
2230 1207 2359 1261 vitae
2391 1223 2530 1276 suae,
2565 1205 2766 1261 dicens
2799 1221 2813 1260 ι
2855 1225 2876 1253 ι
2912 1203 3209 1275 Septimus
3242 1200 3398 1255 filius
3430 1206 3602 1256 natus

1963 1312 2096 1352 sum
2124 1296 2391 1362 Jacob,et
2418 1311 2577 1350 eram
2610 1293 2774 1350 fortis
2798 1294 2856 1348 in
2888 1291 3305 1365 gregibusEgo
3319 1288 3602 1345 custodivi

1961 1384 2021 1440 in
2052 1388 2217 1439 nocte
2249 1399 2483 1457 gregem
2511 1401 2525 1452 ;
2550 1387 2607 1438 et
2636 1382 2867 1454 quando
2897 1381 3052 1437 venit
3080 1379 3367 1452 lupus,vel
3402 1378 3602 1444 leo,vel

1962 1471 2291 1545 pardus,vel
2322 1488 2495 1527 ursus
2520 1488 2698 1543 super
2716 1469 3372 1542 gregem,persequebar
3387 1470 3605 1532 eum,et

1962 1560 2406 1633 apprehendens
2420 1561 2623 1632 pedem
2639 1560 2765 1631 ejus
2786 1575 2962 1613 manu
2982 1557 3245 1613 meaetin
3267 1572 3475 1628 gyrum
3488 1553 3607 1608 vol-

1961 1667 2101 1706 vens
2131 1650 2608 1717 obtenebrabam,
2642 1654 2700 1703 et
2746 1648 3054 1721 projiciens
3083 1663 3213 1701 eum
3245 1646 3361 1699 duo
3392 1642 3603 1713 stadia,

1962 1739 2043 1794 ita
2072 1736 2735 1809 interﬁciebam.Joseph
2767 1737 2949 1809 igitur
2961 1735 3235 1807 pascebat
3250 1748 3486 1805 gregem
3510 1747 3607 1787 no-

1963 1828 2189 1884 biscum
2222 1826 2451 1882 circiter
2476 1826 2601 1882 dies
2630 1825 2975 1898 triginta;et
3004 1840 3137 1880 cum
3169 1828 3332 1879 tener
3351 1820 3611 1888 esset,in-

1963 1917 2230 1972 ﬁrmatus
2260 1920 2348 1971 est
2376 1916 2447 1970 ab
2479 1920 2621 1971 aestu
2647 1932 2660 1981 ;
2686 1918 2743 1969 et
2772 1930 3038 1969 reversus
3069 1915 3159 1968 est
3186 1911 3245 1965 in
3282 1910 3507 1965 llebron
3533 1909 3607 1964 ad

1962 2010 2187 2079 patrem
2239 2020 2460 2059 suum:
2496 2008 2551 2059 et
2598 2002 2896 2059 reclinavit
2952 2018 3087 2057 eum
3127 2001 3299 2072 juxta
3346 2015 3427 2066 se,
3463 2015 3605 2071 quo-

1963 2096 2121 2153 niam
2155 2093 2434 2165 diligebat
2464 2108 2621 2148 eum.
2657 2093 2723 2147 Et
2762 2092 2909 2147 dixit
2936 2090 3153 2163 Joseph
3203 2089 3349 2162 patri
3382 2093 3601 2155 nostro,

1964 2184 2119 2256 quod
2166 2182 2271 2237 ﬁlii
2317 2182 2545 2253 Zelpbze
2573 2186 2630 2237 et
2658 2180 2804 2236 Balaa
2854 2184 3113 2236 mactant
3142 2180 3313 2247 bona,
3346 2182 3404 2233 et
3432 2177 3601 2232 devo-

1963 2277 2096 2329 rant
2124 2272 2270 2344 ipsa,
2304 2271 2506 2327 insciis
2525 2271 2680 2327 Juda
2710 2277 2767 2325 et
2796 2268 3254 2325 Ruben.Sciebat
3272 2267 3425 2322 enim
3446 2264 3604 2337 quod

1963 2378 2181 2435 agnum
2213 2360 2487 2416 eruebam
2521 2375 2589 2415 ex
2619 2375 2716 2414 ore
2746 2376 2916 2426 ursas,
2947 2363 3003 2414 et
3035 2357 3200 2413 illam
3232 2354 3514 2422 interfeci,
3548 2356 3606 2408 et

1964 2467 2181 2523 agnum
2216 2448 2583 2523 mactavi,(de
2613 2464 2728 2520 quo
2756 2446 3161 2517 contristabar,
3180 2444 3454 2519 quoniam
3487 2458 3604 2497 non

1964 2540 2154 2612 potuit
2183 2538 2391 2609 vivere)
2406 2542 2462 2593 et
2490 2537 2943 2594 comedebamus
2964 2538 3189 2608 ipsum:
3213 2538 3270 2589 et
3288 2530 3433 2587 dixit
3456 2529 3605 2603 patri

1966 2632 2187 2684 nostro.
2224 2627 2289 2681 Et
2320 2625 2561 2681 moleste
2593 2626 2848 2682 ferebam
2878 2624 3035 2680 istud
3083 2623 3325 2679 verbum
3364 2619 3605 2692 Josepb,

1966 2732 2155 2789 usque
2186 2715 2244 2770 in
2294 2714 2447 2769 diem
2497 2713 2850 2770 venditionis
2899 2715 3028 2785 ejus
3064 2712 3124 2767 in
3174 2712 3504 2784 Egyptum.
3538 2707 3609 2763 Et

1966 2805 2211 2879 spiritus
2243 2803 2359 2859 odii
2391 2807 2517 2859 erat
2543 2805 2601 2858 in
2635 2808 2828 2869 me;et
2858 2801 3015 2858 nolui
3048 2801 3262 2871 Josepb
3286 2803 3386 2854 aut
3405 2796 3608 2854 audire

1967 2900 2069 2953 aut
2097 2894 2310 2949 videre.
2362 2893 2433 2948 Et
2461 2909 2656 2949 coram
2710 2891 2854 2947 facie
2898 2896 3098 2947 nostra
3148 2888 3447 2960 redarguit
3477 2902 3607 2952 nos,

1966 2982 2243 3055 quoniam
2275 2982 2402 3037 sine
2432 2982 2583 3037 Juda
2611 2980 2976 3037 comedimus
3006 2995 3212 3051 pecora
3244 2993 3257 3033 :
3292 2982 3349 3033 et
3387 2975 3606 3042 omnia,

1968 3087 2328 3145 quaecunque
2360 3070 2507 3126 dixit
2536 3069 2710 3142 patri,
2743 3069 3035 3142 persuasit
3062 3068 3135 3125 ei.

395 3352 423 3380 «
472 3304 760 3405 Ὁμολογῶ
810 3334 901 3384 νῦν
949 3330 1049 3400 τήν
1082 3330 1345 3407 ἁμαρτίαν
1382 3352 1507 3405 μου,
1538 3330 1717 3405 τὲκνα,
1772 3331 1851 3391 ὅτι

2042 3340 2110 3396 ΙΙ.
2146 3360 2175 3389 ‹‹
2206 3338 2495 3395 Confiteor
2526 3353 2680 3393 nunc
2713 3338 3011 3408 peceatum
3043 3350 3261 3402 meum,
3297 3331 3422 3403 filii,
3454 3332 3607 3403 quod

202 3415 524 3479 πλειστάκις
554 3413 755 3487 ἤθελον
784 3418 989 3475 ἀνελεῖν
1022 3419 1204 3490 αὐτὸν,
1236 3420 1318 3476 ὅτι
1347 3418 1453 3483 ἓως
1503 3424 1688 3498 ψυχῆς
1742 3421 1859 3497 ἐμί-

203 3527 334 3561 σουν
395 3505 576 3579 αὐτὸν,
633 3508 724 3561 καί
781 3506 927 3570 ὅλως
976 3507 1075 3564 ούκ
1114 3510 1180 3579 ἦν
1214 3508 1264 3564 ἐν
1299 3508 1429 3583 ἐμοὶ
1456 3511 1637 3580 ἥπατα
1670 3511 1856 3576 ἐλέους

204 3595 285 3657 εἷς
342 3594 501 3650 αὐτόν
551 3598 686 3669 (37).
736 3596 839 3651 Καί
884 3618 945 3673 γε
989 3594 1077 3653 διά
1120 3597 1187 3652 τὰ
1226 3596 1445 3653 ἐνύπνια
1510 3600 1855 3677 προσεθέμην

205 3689 389 3757 μῖσος,
432 3683 522 3738 καὶ
572 3682 769 3753 ἤθελον
803 3684 960 3740 αὐτὸν
1004 3685 1239 3757 ἐκλεῖξαι
1272 3687 1332 3742 ἐκ
1359 3695 1462 3765 γῆς
1496 3690 1735 3762 ζώντων,
1796 3690 1854 3746 δν

193 3772 406 3847 τρόπον
440 3772 676 3849 ἐκλείχει
708 3774 737 3827 6
773 3773 981 3850 μόσχος
1008 3777 1077 3830 τὰ
1106 3775 1305 3852 χλωρά
1334 3776 1439 3832 ἀπὸ
1470 3785 1571 3847 τῆς
1594 3782 1852 3854 γῆς

200 3864 301 3917 Διὸ
358 3860 464 3938 ἐγὼ
510 3861 600 3916 καὶ
650 3860 837 3925 Ιούδας
871 3865 983 3937 (39)
1034 3865 1381 3941 πεπράκαμεν
1416 3865 1575 3922 αὐτὸν
1606 3872 1725 3930 τοῖς
1756 3869 1854 3926 Ἰσ-

208 3948 510 4025 μαηλίταις
574 3948 622 4005 λ’
679 3952 921 4025 χρυσίων
982 3955 1131 4027 (4Ο)⁶
1190 3953 1280 4008 καὶ
1336 3953 1403 4010 τὰ
1461 3953 1587 4010 δέκα
1626 3956 1860 4033 ἀποκρύ-

201 4043 423 4114 ψαντες,
480 4038 546 4094 τά
588 4046 633 4095 κ’
706 4038 979 4113 ἐδείξαμεν
1024 4047 1141 4105 τοῖς
1189 4040 1450 4121 ἀδελφοῖς
1493 4045 1673 4117 ἡμῶν.
1752 4046 1855 4104 Καὶ

203 4128 384 4190 οὕτως
424 4132 489 4201 τῇ
533 4126 816 4200 πλεονεξίᾳ
863 4128 1326 4209 ἐπληροφορῄθην
1386 4140 1486 4202 τῆς
1534 4135 1853 4209 ἀναιρέσεως

200 4218 398 4274 αὐτοῦ.
450 4217 547 4271 Καὶ
598 4219 627 4272 ὁ
674 4220 810 4280 Θοὸς
840 4223 946 4273 τῶν
974 4221 1221 4295 πατέρων
1267 4242 1370 4295 μου
1404 4220 1662 4298 ἐρρύσατο
1696 4223 1852 4279 αὐτὸν

191 4312 316 4363 τῶν
344 4310 546 4382 χειρῶν
586 4328 710 4380 μου,
738 4304 829 4361 ’ίνα
865 4309 939 4381 μή
974 4310 1192 4380 ποιήσω
1221 4308 1484 4384 ἀνόμημα
1511 4310 1563 4366 ἐν
1615 4310 1853 4387 Ἰσραήλ.

275 4471 391 4545 (32)
412 4471 681 4545 νίσεξίπιο
711 4470 1070 4545 :eptz'mp.Sic
1084 4476 1271 4545 exstat
1299 4472 1357 4528 in
1389 4477 1640 4545 utroque
1661 4475 1857 4532 codice

196 4544 435 4622 Latino.
460 4542 567 4596 Sed
593 4546 846 4622 uterque
898 4543 1131 4622 graecus
1162 4543 1337 4622 habet
1368 4562 1461 4616 ρκε
1486 4542 1773 4622 adeoque
1796 4548 1854 4622 in

197 4616 491 4671 alterutro
522 4617 610 4667 est
646 4613 872 4685 vilium.
906 4613 1151 4670 Difﬁcile
1182 4613 1380 4671 autem
1412 4620 1502 4671 est
1550 4613 1760 4685 dicere,
1795 4618 1853 4675 in

194 4703 327 4761 quo
341 4700 657 4761 iacparum
673 4684 1037 4761 refert—Ita
1058 4685 1307 4761 Grabius
1326 4689 1478 4761 apud
1502 4675 1850 4761 Fabricium.
1885 4675 1933 4740 D

276 4757 393 4833 (33)
424 4752 723 4833 ’Έοδομιοις⁸
773 4755 1030 4817 Ἕννατος
1059 4756 1235 4813 habet
1268 4752 1455 4833 codex
1494 4759 1701 4833 Oxon.,
1750 4762 1851 4818 sed

189 4828 379 4894 male,
415 4832 478 4883 ut
506 4842 574 4883 ex
600 4827 809 4894 Genes.
844 4844 957 4894 xxx
986 4833 1233 4884 constat.
1268 4828 1353 4884 In.

274 4901 390 4971 (34)
522 4893 816 4971 πάρδαλις,
916 4916 1133 4971 αρκτος.
1166 4900 1408 4971 Desunt.
1446 4901 1525 4956 ID.

452 4966 750 5044 Ἐμακίσθη
786 4966 809 5044 ,⁷
835 4966 961 5022 ἀπὸ’
1023 4973 1120 5044 τοῦ
1202 4969 1498 5044 καύματος.
1553 4970 1849 5044 νἘκαυμα-

184 5036 379 5124 είςὲβῃξ
405 5036 526 5124 ὑπο
554 5036 998 5124 τοῦ-καύσωνος,
1030 5040 1205 5098 habet
1253 5036 1597 5124 Otoniensis
1648 5036 1847 5124 codex.

188 5115 305 5173 Cui
338 5114 474 5168 licet
502 5111 691 5182 quoad
725 5111 1204 5183 priorem'vocem
1238 5116 1633 5183 praeferendus
1658 5116 1850 5172 videa-

184 5191 300 5243 tur
323 5183 839 5258 Cantabrigiensia,
869 5183 928 5258 i_n
957 5200 1074 5255 quo
1105 5190 1204 5258 est
1233 5183 1571 5258 ἐμαλακίσθη
1607 5203 1621 5242 :
1654 5188 1847 5258 quoad

185 5257 585 5332 posteriorem
635 5259 831 5332 tamen
884 5255 1007 5332 ipse
1038 5256 1183 5332 mihi
1233 5255 1845 5332 magisgplacethagd-

187 5324 311 5384 ὂων
346 5328 564 5400 quippe
611 5324 923 5400 significat
951 5326 1255 5385 formalem
1299 5324 1594 5395 morbum,
1636 5329 1844 5387 febrim

187 5397 428 5525 fcilicl'et
457 5397 845 5464 ardentem,in
879 5413 1055 5470 quam
1085 5400 1381 5474 Josepbus
1402 5400 1677 5456 incidisse
1708 5400 1847 5457 dici-

219 5490 318 5525 ur.
381 5488 437 5525 ι).

188 5480 318 5530 tur.
356 5480 437 5525 In.

273 5542 392 5625 (βε)
419 5537 553 5596 Eine
606 5540 685 5625 1:}:
740 5534 905 5625 irang
959 5539 1141 5625 ἡμῶν.
1172 5542 1452 5625 .Declarat
1498 5544 1708 5625 auctor
1748 5541 1843 5600 his

186 5611 421 5683 verbis,
453 5628 571 5686 qua
616 5611 687 5666 de
718 5626 779 5665 re
826 5611 1119 5686 Josepbus
1167 5614 1377 5671 fratres
1420 5614 1574 5686 apud
1618 5617 1841 5686 patrem

188 5684 600 5759 accusaverit:
630 5697 939 5759 accusasse
963 5684 1120 5759 enim
1142 5702 1414 5759 expresse
1439 5684 1521 5743 ait
1543 5684 1843 5759 Scriptura

182 5758 415 5815 Genes.
444 5756 737 5825 xxxvn,2;
768 5752 873 5811 sed
902 5755 1094 5827 capita
1118 5752 1512 5817 accusationis
1542 5752 1844 5816 non'desi-

1965 3445 2117 3501 sepe
2149 3427 2305 3483 volui
2334 3426 2593 3482 occidere
2638 3441 2794 3489 eum,
2828 3426 3103 3496 quoniam
3136 3439 3321 3494 usque
3351 3422 3423 3477 ad
3474 3420 3603 3477 ani-

1966 3534 2125 3573 mam
2155 3516 2285 3572 odio
2316 3515 2495 3570 habui
2528 3530 2684 3585 eum,
2717 3519 2775 3569 et
2803 3514 3041 3569 omnino
3073 3529 3188 3568 non
3220 3515 3386 3567 erant
3416 3510 3474 3565 in
3508 3524 3601 3565 me

1962 3607 2185 3663 viscera
2216 3603 2628 3660 misericordia
2657 3619 2796 3675 erga
2824 3603 3039 3674 ipsum.
3072 3602 3142 3656 Et
3193 3604 3427 3673 propter
3456 3616 3607 3654 som-

1967 3697 2065 3751 nia
2095 3695 2283 3768 ipsius
2313 3692 2552 3765 concepi
2584 3691 2870 3758 odium,et
2902 3690 3056 3747 volui
3088 3691 3285 3761 ipsum
3317 3688 3608 3759 delingere

1966 3803 1997 3842 e
2026 3790 2179 3839 terra
2208 3782 2546 3851 viventium,
2581 3780 3079 3854 quemadmodum
3112 3778 3359 3851 delingit
3389 3776 3608 3832 vitulus

1964 3873 2176 3929 herbas
2207 3888 2241 3927 a
2272 3874 2702 3941 terra.Propter
2732 3870 2885 3941 quod
2919 3886 3020 3940 ego
3051 3872 3107 3924 et
3134 3868 3165 3923 J
3175 3868 3320 3922 udas
3349 3864 3610 3921 vendidi-

1966 3979 2099 4018 mus
2129 3976 2261 4016 eum
2290 3959 2602 4015 Ismaelitis
2633 3958 2875 4032 triginta
2903 3958 3095 4013 aureis
3120 3975 3133 4025 ;
3167 3960 3224 4012 et
3252 3956 3449 4011 decem
3481 3954 3609 4009 abs-

1965 4050 2302 4117 condentes,
2335 4047 2540 4121 viginti
2572 4048 2937 4104 ostendimus
2970 4046 3248 4101 fratribus
3282 4043 3516 4099 nostris.
3542 4042 3609 4097 Et

1964 4140 2047 4196 ita
2077 4138 2317 4195 avaritia
2348 4138 2611 4193 animum
2645 4137 2702 4191 in
2735 4137 2947 4192 caedem
2980 4136 3106 4206 ejus
3138 4133 3604 4189 obﬁrmaveram.

1965 4227 2119 4283 Deus
2152 4230 2345 4282 autem
2378 4229 2609 4297 patrum
2642 4240 2903 4280 meorum
2924 4223 3138 4295 eripuit
3167 4238 3300 4278 eum
3321 4222 3392 4275 de
3423 4220 3609 4275 mani-

1964 4316 2078 4372 bus
2111 4315 2278 4383 meis,
2311 4322 2373 4369 ut
2403 4330 2517 4368 non
2551 4313 2799 4369 facerem
2832 4311 3199 4384 iniquitatem
3232 4310 3291 4365 in
3326 4308 3524 4366 Israel.

1965 4477 2124 4546 gnat.
2179 4472 2338 4530 Unde
2386 4471 2557 4528 varia
2605 4470 3026 4546 Rabbinorum
3058 4471 3421 4546 conjectum.
3468 4470 3612 4526 Con-

1968 4543 2182 4600 trarius
2231 4549 2320 4600 est
2368 4548 2566 4599 nostro
2618 4543 2838 4598 auctori
2886 4545 2949 4598 Β.
3002 4543 3255 4610 Salomo,
3302 4543 3445 4596 dum
3494 4558 3611 4596 non

1967 4615 2118 4671 ﬁlios
2150 4615 2299 4671 Balaa
2328 4620 2385 4669 et
2413 4615 2772 4687 Zelpha3,sed
2807 4614 2993 4681 Lea,a
3021 4613 3274 4687 Josepho
3306 4618 3610 4687 accusatos

1963 4686 2151 4759 ﬁngit,
2184 4692 2241 4742 et
2271 4683 2611 4759 quidem'ob
2644 4686 2985 4759 devoratum
3020 4683 3351 4759 membrum
3383 4685 3455 4759 de
3483 4683 3608 4737 vivo

1964 4755 2260 4813 animante
2276 4755 2457 4826 {quod
2488 4762 2611 4813 erat
2640 4761 2843 4812 contra
2872 4756 3059 4827 legem
3096 4756 3189 4811 Dei
3222 4755 3606 4827 Noaadatam,

1960 4832 2102 4886 Gen.
2139 4846 2218 4895 1x,
2249 4824 2419 4884 4.Sed
2452 4828 2587 4885 nolo
2619 4827 2779 4883 hisce
2806 4824 3044 4883 incertis
3074 4824 3394 4881 immorari.
3419 4824 3604 4895 ϐενε.

2033 4902 2144 4973 (37)
2189 4893 2299 4973 _Kai
2355 4896 2504 4960 ὅλως
2561 4897 2661 4953 οὐκ
2725 4898 2792 4967 ἦν
2848 4896 2899 4953 ἐν
2978 4896 3101 4971 ἐμοὶ
3156 4894 3339 4965 ἥπατα
3418 4893 3605 4958 ἐλέους

1960 4968 2049 5033 εἷς’
2073 4968 2249 5025 αὐτόν.
2288 4972 2525 5026 Desunt.
2560 4972 2641 5027 In.

2054 5044 2144 5114 38)
2199 5043 2294 5094 "Ov
2350 5040 2553 5118 τρόπον
2632 5037 2872 5118 ἐκλείχεί
2930 5036 2958 5092 ό
3021 5038 3241 5118 μόσχος.
3289 5035 3356 5118 te

1958 5111 2065 5169 ἀπὸ
2093 5111 2195 5182 τῆς
2220 5118 2347 5187 γῆς.
2384 5111 2616 5187 Omissa
2646 5111 2907 5187 s__untl_ln.
2932 5142 3001 5152 ——
3025 5111 3249 5187 Allddit
3279 5111 3605 5187 ad__textum

1958 5176 2325 5271 Numixfizd
2350 5202 2363 5240 :
2392 5188 2496 5271 Ιβῖξν
2528 5180 2749 5271 ἐκλείξει
2781 5182 3145 5271 ἡρσυναξγωγῂι
3164 5180 3300 5271 αὕτη
3334 5176 3579 5271 (ξίσραὴλ

1954 5258 2163 5318 πάντας
2192 5251 2319 5327 τοὺς
2352 5252 2538 5327 κύκλῳ
2580 5251 2765 5327 ἡμῶν,
2812 5252 2937 5308 ὡσεὶ
2970 5251 3264 5325 ἐκλὲίξαι,ὁ
3301 5251 3511 5326 μόσχος
3542 5270 3571 5304 τ

1956 5326 2157 5405 χλωρά
2173 5325 2247 5405 ’ἐκ
2261 5330 2370 5405 ,τοῦ
2401 5325 2616 5405 πεόίουη
2628 5325 2634 5327 ⁷
2646 5328 2854 5382 DRACH.

1954 5347 2994 5529 ’ῗξύδέἒ,πὲἶιιῗέὦνυὲἐξὲοωω
3028 5396 3202 5453 habet
3243 5395 3374 5450 cod.
3415 5393 3602 5451 Oxon.

2007 5490 2137 5528 ΕΑΒ.

2007 5490 2137 5528 RAB.

2022 5544 2133 5616 (40)
2163 5538 2687 5616 Χρυσίῳν-Αῄυνζεοδ.
2740 5538 2883 5595 dicit
2933 5542 3267 5616 auctor_ea_
3337 5536 3603 5616 versione

1950 5607 2146 5671 Graeca
2171 5607 2280 5668 τῶν
2314 5612 2387 5667 Ο“.
2417 5613 2671 5684 Ίνὶριήἰα
2692 5616 2970 5684 numerat
2995 5627 3129 5684 cum
3154 5608 3349 5684 Latino
3367 5607 3601 5680 vulgato

1950 5685 2287 5761 interprete,
2327 5681 2834 5757 juxta'quasdam
2887 5683 3211 5753 editiones;
3242 5681 3302 5738 in
3354 5684 3602 5755 utroque

3404 5033 3606 5112 χλωρὰ
