4036 6356
414 371 568 432 1115

1396 371 1924 436 TESTAMENTA
1965 375 2076 436 XII
2119 375 2829 444 PATRIARCHARUM.

3675 385 3836 446 1116

486 503 582 559 III.
623 526 642 552 α
677 503 748 559 Et
776 521 934 560 nunc
964 503 1180 576 audite,
1215 503 1314 560 filii
1347 503 1482 572 mei,
1517 523 1816 562 sermones
1856 507 2097 574 verita-j

2243 507 2316 563 Γ’.
2367 531 2396 560 ‹‹
2442 508 2541 564 Καὶ
2595 513 2687 565 νῦν
2739 511 3019 585 ἀκούσατε,
3068 513 3227 569 τέκνα
3273 535 3399 588 μου,
3457 512 3659 592 λόγους
3691 515 3832 585 ἀλη-

419 592 594 658 tis,ut
625 593 847 648 faciatis
871 595 1502 664 justitiam,etomnem
1534 595 1717 668 legem
1740 596 2023 652 Altissimi
2049 615 2063 665 ;

428 687 484 739 et
531 699 601 737 ne
648 684 852 738 erretis
899 684 1107 755 spiritu
1133 683 1269 753 odii,
1312 685 1587 756 quoniam
1640 686 1829 740 malus
1878 691 1965 741 est
2007 687 2067 741 in

429 773 704 829 omnibus
732 773 962 827 actibus
993 772 1318 828 hominum.
1353 774 1536 828 Omne
1567 775 1954 846 quodcunque
1987 776 2066 830 fe-

429 861 570 917 cerit
601 861 842 932 (homo),
877 861 976 932 qui
1004 862 1125 916 odit
1156 861 1566 929 abominatur;
1601 862 1647 916 si
1681 863 1854 917 faciat
1882 863 2067 936 legem

432 950 683 1016 Domini,
719 967 831 1004 non
885 949 1087 1005 laudat
1118 966 1291 1014 eum;
1327 951 1375 1004 si
1408 951 1610 1005 timeat
1653 951 1981 1018 Dominum,
2015 956 2072 1006 et

420 1039 560 1094 velit
582 1040 766 1109 justa,
795 1039 950 1092 hunc
982 1055 1094 1093 non
1130 1038 1373 1110 (diligit;
1405 1040 1706 1094 veritatem
1756 1040 2070 1111 vituperat,

427 1128 698 1199 dirigenti
733 1144 1007 1198 prospere
1041 1144 1130 1182 res
1162 1144 1299 1182 suas
1330 1127 1568 1197 invidet,
1593 1128 2070 1183 obtrectationem

433 1217 826 1289 amplectitur,
872 1216 1261 1287 arrogantiam
1314 1221 1509 1284 amat;
1544 1217 1821 1288 quoniam
1871 1217 2070 1272 odium

429 1306 733 1363 excaecavit
762 1305 1018 1361 animam
1060 1307 1208 1377 ejus,
1243 1306 1397 1361 sicut
1443 1310 1499 1361 et
1529 1322 1634 1378 ego
1684 1306 2068 1378 respiciebam

425 1397 485 1452 in
515 1396 754 1468 Joseph.

501 1487 598 1540 IV.
635 1507 662 1533 «
694 1487 898 1539 Cavete
927 1483 1125 1556 igitur,
1162 1483 1264 1538 ﬁlii
1319 1484 1453 1554 mei,
1487 1484 1557 1538 ab
1609 1484 1762 1551 odio,
1796 1483 2073 1555 quoniam

432 1575 490 1629 in
522 1574 716 1646 ipsum
770 1573 1079 1628 Dominum
1127 1572 1494 1643 iniquitatem
1542 1573 1696 1627 facit.
1741 1572 1866 1628 Non
1918 1572 2074 1627 enim

432 1663 560 1719 vult
591 1662 790 1718 audire
819 1663 994 1717 verba
1026 1662 1437 1716 mandatorum
1489 1663 1617 1732 ejus
1647 1662 1716 1716 de
1768 1661 2076 1716 dilectione

440 1752 777 1825 proximi,et
805 1752 864 1805 in
898 1751 1079 1806 Deum
1114 1755 1332 1822 peccat.
1361 1751 1420 1806 Si
1444 1751 1598 1806 enim
1632 1749 1934 1822 delinquat
1963 1751 2077 1806 fra-

2178 595 2339 668 θείας,
2369 602 2466 652 τοῦ
2497 605 2670 654 ποιεῖν
2706 597 3074 671 δικαιοσύνην,
3106 603 3194 658 καὶ
3242 605 3413 658 πάντα
3465 605 3635 678 νόμον
3686 606 3835 676 ’1⁸ψῖ-

2176 703 2346 738 στου·
2407 685 2496 740 καὶ
2555 688 2630 760 μὴ
2685 686 2959 753 πλανᾶσθε
3023 696 3101 763 τῷ
3145 691 3410 764 πνεύματι
3461 699 3558 748 τοῦ
3617 695 3832 766 μίσους,

2179 771 2260 827 ὅτι
2309 776 2471 830 κακόν
2525 774 2633 831 ἐστι
2686 777 2770 831 tui
2819 775 3014 840 πάσαις
3060 779 3310 855 πράξεσιν
3362 783 3690 858 ἀνθρώπων.
3730 789 3833 838 [lin

2180 861 2320 917 ὅέὰν
2372 871 2527 935 ποιῆ,
2590 866 2617 918 ὁ
2682 870 2856 939 μισῶν
2913 865 3299 942 βδελύσσεται⁶
3356 870 3444 925 ἐὰν
3492 876 3629 944 ποιῇ
3661 873 3832 943 νόμον

2181 950 2403 1024 Κυρίου,
2453 953 2552 1008 ούκ
2595 954 2803 1010 ἐπαινεῖ
2866 961 3098 1011 τοῦτον·
3152 957 3238 1013 ἒᾶν
3308 955 3545 1036 φοϐῆται
3607 961 3837 1033 Κύριον,

2179 1041 2267 1095 καὶ
2315 1039 2444 1116 θὲλῃ
2485 1039 2685 1115 δίκαια,
2738 1048 2928 1098 τοῦτον
2985 1045 3084 1100 οὐκ
3130 1046 3346 1122 ἀγαπᾷ·
3397 1049 3497 1116 τὴν
3567 1048 3834 1118 ἀλήθειαν

2181 1129 2356 1205 ψέγει,
2414 1135 2494 1202 τῷ
2547 1133 2900 1206 κατορθοῦντι
2980 1141 3186 1212 φθονεῖ,
3263 1133 3598 1190 καταλαλιαν
3664 1136 3838 1191 ἀσπά-

2184 1222 2346 1291 ζεται,
2382 1218 2747 1299 ὑπερηφανίαν
2799 1221 3019 1296 ἀγαπᾷ·
3072 1222 3156 1278 ὅτι
3202 1223 3266 1278 τὸ
3329 1229 3484 1296 μῖσος
3541 1225 3829 1302 ἑτυφλωσε

2179 1308 2279 1376 τήν
2327 1309 2508 1384 ψυχήν
2550 1308 2737 1382 αύτοῦ,
2794 1311 2970 1374 καθὼς
3001 1312 3154 1388 καγὼ
3205 1307 3434 1369 ἔϐλεπον
3487 1315 3538 1369 tv
3567 1319 3647 1387 τῷ
3713 1317 3830 1369 Ἰω-

2181 1398 2290 1474 σήφ
2320 1399 2453 1472 (ιι).

2256 1487 2327 1542 Δ’.
2361 1510 2389 1538 ‹‹
2427 1483 2742 1559 Φυλάξασθε
2773 1486 2887 1560 οὗν,
2933 1488 3092 1545 τὲκνα
3147 1511 3272 1564 μου,
3323 1490 3430 1546 ἀπὸ
3479 1491 3575 1547 τοῦ
3624 1492 3843 1565 μίσους,

2185 1570 2266 1628 ὅτι
2308 1573 2391 1629 ἔπ’
2435 1573 2590 1630 αὐτὸν
2636 1578 2727 1632 τὸν
2781 1576 2977 1652 Κύριον
3019 1578 3249 1651 ἀνομίην
3299 1585 3466 1636 ποιεῖ.
3515 1580 3587 1635 Ού
3617 1583 3720 1656 γάρ
3755 1579 3844 1645 θέ-

2186 1661 2270 1718 λει
2321 1662 2532 1719 ἀκούειν
2582 1663 2761 1741 λόγων
2822 1664 3059 1723 ἐντολῶν
3105 1668 3270 1724 αὐτοῦ
3319 1669 3443 1744 περὶ
3494 1669 3707 1745 ἀγάπης
3749 1674 3848 1723 τοῦ

2188 1750 2449 1821 πλησίον,
2501 1754 2591 1808 καὶ
2649 1754 2723 1817 εἷς
2777 1755 2869 1811 τὸν
2938 1758 3066 1812 Θεὸν
3147 1759 3460 1831 ἁμαρτάνει.
3533 1760 3657 1814 Ἐὰν
3742 1759 3846 1834 γάρ

439 1847 529 1899 ter
558 1841 755 1897 statim
786 1839 909 1895 vult
939 1840 1288 1895 annuntiare
1320 1841 1614 1906 omnibus,
1648 1844 1703 1895 et
1751 1840 1987 1895 festinat
2016 1845 2081 1896 ut

2207 1840 2382 1933 τταίσῃ
2573 1843 2600 1897 ὁ
2645 1840 2880 1933 ἀδελφος
2934 1844 3120 1916 αὐτοῦ,
3153 1845 3304 1908 εὐθὺς
3339 1845 3483 1911 θέλει
3516 1845 3852 1924 ἀπαγγεῖλαι

434 1931 737 2003 judicetur
769 1946 868 2001 pro
899 1929 1006 1984 hoc
1051 1929 1283 1995 delicto,
1315 1933 1372 1984 et
1403 1930 1637 2001 penitus
1689 1929 1993 1985 moriatur.
2025 1930 2082 1984 Si

441 2026 636 2077 autem
671 2018 843 2074 fuerit
872 2034 1092 2085 servus,
1127 2023 1360 2073 accusat
1402 2035 1536 2073 eum
1570 2019 1722 2090 apud
1781 2019 2084 2074 dominum

438 2110 586 2181 ejus,
622 2113 678 2163 et
717 2108 775 2162 in
821 2107 979 2162 omni
1030 2107 1404 2162 tribulatione
1460 2107 1798 2179 aggreditur
1845 2125 2002 2179 eum,
2036 2108 2086 2163 si

438 2215 552 2270 quo
585 2198 756 2254 modo
807 2197 1117 2252 interficiat
1150 2213 1304 2250 eum.
1359 2197 1569 2252 Odium
1603 2196 1759 2252 enim
1813 2201 2089 2268 operatur

438 2305 570 2344 cum
591 2287 990 2351 bomicidio,et
1009 2287 1332 2341 secundum
1351 2286 1494 2341 bene
1515 2286 1881 2357 operantium
1903 2287 2088 2357 profe-

442 2375 873 2442 ctum,audiens
901 2379 1004 2429 aut
1035 2375 1235 2430 videns
1267 2391 1499 2446 semper
1528 2374 2089 2445 languescit.Quem-

443 2466 764 2524 admodum
796 2465 951 2520 enim
984 2464 1214 2519 dilectio
1247 2463 1420 2519 etiam
1457 2468 1718 2518 mortuos
1767 2463 1928 2534 cupit
1957 2464 2085 2518 vitm

444 2556 776 2619 restituere,
807 2558 864 2608 et
917 2553 1049 2608 illos
1099 2552 1197 2625 qui
1248 2551 1478 2607 suntin
1527 2553 1815 2607 sententia
1858 2553 2085 2620 mortis,

441 2645 566 2700 vult
613 2661 646 2698 a
696 2647 880 2698 morte
929 2658 1242 2698 revocare:
1278 2642 1360 2696 ita
1413 2642 1614 2696 odium
1664 2642 1919 2696 viventes
1966 2641 2090 2697 vult

445 2734 725 2802 occidere,
759 2735 815 2786 et
861 2747 960 2786 eos
1008 2730 1105 2802 qui
1151 2729 1456 2802 paululum
1507 2730 1786 2802 quiddam
1819 2747 2091 2802 peccave-

449 2823 587 2889 rint,
621 2821 894 2891 indignos
927 2820 1047 2875 vita
1069 2820 1318 2891 judicat.
1352 2819 1605 2891 Spiritus
1637 2820 1795 2874 enim
1845 2821 1962 2875 odii
1991 2837 2094 2891 per

453 2910 998 2984 pusillanimitatem
1033 2912 1375 2977 cooperatur
1404 2908 1707 2963 Satanaein
1740 2909 2091 2964 omnibusin

454 3004 700 3056 mortem
751 2998 1055 3054 hominum
1094 3013 1106 3052 :
1143 2998 1384 3068 spiritus
1435 3001 1628 3052 autem
1674 2997 2002 3052 dilectionis
2033 2997 2093 3052 in

451 3088 895 3162 longanimitate
925 3086 1392 3159 cooperaturlegi
1427 3085 1527 3142 Dei
1550 3087 1608 3141 in
1640 3086 1887 3142 salutem
1907 3086 2096 3142 homi-

451 3196 612 3234 DUHL

2193 1929 2345 2002 πᾶσι,
2395 1930 2484 1984 καὶ
2534 1929 2770 2004 σπεύδει,
2813 1930 2906 1987 ἵνα
2951 1935 3112 2009 κριθῇ
3161 1935 3286 2009 περὶ
3335 1935 3522 2004 αὐτοῦ,
3552 1935 3648 1990 καὶ
3678 1934 3853 1990 κολα-

2194 2019 2332 2080 σθεὶς
2378 2017 2636 2095 ἀποθάνῃ.
2691 2022 2809 2076 Ἐάν
2864 2019 2920 2077 δὲ
2969 2019 3164 2086 δοῦλος
3219 2023 3276 2098 ᾖ,
3333 2019 3643 2098 συμϐάλλει
3691 2024 3853 2078 αὑτὸν

2194 2108 2328 2182 πρὸς
2356 2108 2447 2161 τὸν
2493 2108 2683 2184 κύριον
2731 2111 2920 2178 αὐτοῦ,
2969 2111 3058 2166 καὶ
3107 2111 3159 2166 tv
3190 2111 3332 2186 πάσῃ
3367 2112 3546 2187 θλίψει
3576 2113 3859 2189 ἒπιχειρεῖ

2193 2197 2310 2251 κατ’
2362 2197 2546 2270 αὐτοῦ,
2596 2195 2650 2253 εἷ’
2685 2219 2801 2262 πως
2839 2201 3131 2256 θανατώσει
3179 2201 3336 2256 αὐτόν
3407 2204 3545 2275 (43).
3629 2202 3698 2256 Τὸ
3752 2203 3855 2278 γάρ

2199 2289 2357 2358 μῖσος
2414 2288 2468 2359 (4
2507 2288 2524 2360 )
2572 2293 2816 2363 συνεργεῖ
2857 2293 2937 2361 τῷ
2969 2288 3118 2366 φόνῳ
3159 2292 3293 2360 (45),
3337 2287 3426 2345 καί
3454 2291 3590 2344 κατᾶ
3617 2295 3727 2344 τῶν
3769 2290 3855 2345 εύ-

2195 2372 2543 2450 πραγούντων
2578 2376 2676 2444 τὴν
2708 2377 3013 2452 προκοπὴν,
3068 2377 3278 2433 ἀκούων
3325 2379 3359 2447 ἢ
3414 2379 3578 2454 ὁρῶν,
3614 2379 3858 2434 πάντοτε

2197 2462 2422 2519 ἀσθενεῖ.
2481 2464 2683 2540 Ὥσπερ
2733 2464 2833 2542 γὰρ
2877 2467 2912 2536 ἡ
2957 2465 3136 2543 ἀγάπη
3187 2465 3276 2521 καὶ
3323 2466 3450 2530 τοὺς
3493 2467 3724 2542 νεκροὺς
3777 2468 3860 2531 ﬁt-

2197 2549 2280 2607 λει
2315 2556 2671 2627 ζωοποιῆσαι,
2721 2554 2810 2609 καὶ
2862 2554 2989 2618 τοὺς
3038 2555 3092 2611 tv
3141 2555 3405 2635 ἀποφάσει
3434 2558 3663 2612 θανάτου
3699 2555 3856 2611 θέλει

2197 2638 2665 2696 ἀνακαλέσασθαι·
2716 2641 2888 2706 οὕτως
2936 2641 3000 2699 τὸ
3049 2649 3209 2717 μῖσος
3255 2645 3382 2708 τοὺς
3435 2650 3638 2714 ζῶντας
3701 2644 3858 2701 θέλει

2200 2729 2532 2802 ἀποκτεῖναι,
2565 2731 2654 2786 xui
2684 2731 2812 2795 τοὺς
2843 2732 2896 2787 tv
2933 2732 3111 2808 ὀλίγῳ
3144 2735 3559 2812 ἁμαρτήσαντας
3585 2734 3648 2788 ού
3700 2733 3858 2789 θέλει

2204 2821 2322 2892 ζῇν.
2373 2819 2451 2874 Τὸ
2493 2818 2596 2895 γὰρ
2646 2824 2858 2894 πνεῦμα
2897 2825 2995 2876 τοῦ
3051 2821 3238 2895 μίσους
3297 2820 3386 2878 διὰ
3427 2829 3529 2892 τῆς
3579 2822 3856 2898 ὀλιγοψύ-

2202 2907 2330 2982 χίας
2372 2912 2615 2984 συνεργεῖ
2657 2907 2738 2982 τῷ
2787 2915 2999 2982 Σατανᾷ
3052 2911 3104 2966 tv
3151 2916 3310 2966 πᾶσιν
3358 2910 3433 2974 εἷς
3481 2913 3705 2967 Θάνατον
3747 2916 3864 2967 τῶν

2203 2996 2542 3072 ἀνθρώπων·
2599 2999 2661 3054 τὸ
2713 2995 2773 3054 δὲ
2817 3003 3028 3074 πνεῦμα
3083 3002 3179 3069 τῆς
3249 3001 3460 3076 ἀγάπης
3523 3002 3576 3057 ἒν
3648 3021 3866 3077 μακρο-

2205 3085 2372 3161 θυμίᾳ
2403 3092 2643 3164 συνεργεῖ
2669 3092 2748 3162 τῷ
2777 3087 2935 3163 νόμῳ
2964 3093 3061 3146 τοῦ
3092 3093 3225 3145 Θεοῦ
3255 3089 3331 3153 εἷς
3360 3089 3632 3167 σωτηρίαν
3655 3091 3870 3166 ἀνθρώ-

2207 3196 2347 3235 τυον.

516 3268 584 3322 ν.
619 3290 647 3317 α
689 3266 907 3323 Malum
941 3269 1028 3322 est
1057 3264 1285 3334 odium,
1316 3263 1594 3336 quoniam
1627 3267 1930 3336 permanet
1959 3281 2093 3321 con-

2389 3287 2418 3316 «
2466 3263 2639 3320 Κακὸν
2679 3265 2743 3320 τὸ
2796 3269 2974 3339 μῖσος,
3025 3264 3108 3321 ὅτι
3159 3263 3443 3344 ἑνδελεχεῖ
3488 3270 3732 3344 συνεχῶς
3782 3272 3866 3340 τῷ

449 3358 614 3414 tinue
646 3373 782 3412 cum
816 3356 1143 3424 mendacio,
1173 3355 1420 3426 loquens
1460 3355 1739 3410 adversus
1769 3354 2096 3423 veritatem,

453 3452 511 3504 et
542 3464 717 3519 parva
748 3462 960 3518 magna
994 3443 1411 3511 facit,tenebris
1443 3443 1630 3498 lucem
1666 3442 2102 3511 adhibet,dulce

457 3553 724 3592 amarum
756 3535 913 3602 dicit,
945 3539 1001 3590 et
1030 3534 1386 3590 calumniam
1421 3534 1644 3601 edocet,
1679 3537 1735 3588 et
1773 3532 2013 3604 bellum,
2048 3535 2106 3588 et

466 3626 768 3696 injuriam,
819 3629 875 3679 et
924 3640 1157 3679 omnem
1208 3622 1630 3678 abundantiam
1690 3621 2000 3690 malorum,
2050 3625 2108 3678 et

467 3731 686 3771 veneno
717 3713 1000 3769 diabolico
1032 3730 1130 3769 cor
1158 3712 1518 3783 implet.Haac
1549 3713 1787 3768 edoctus
1817 3712 2111 3783 experien-

467 3805 551 3860 tia
597 3804 724 3858 dico
771 3803 956 3869 vobis,
997 3806 1062 3858 ut
1111 3801 1348 3873 fugiatis
1394 3801 1615 3869 odium,
1662 3805 1719 3857 et
1765 3801 2110 3858 adhaerentis

470 3892 762 3949 dilectioni
796 3890 1046 3947 Domini.
1079 3889 1316 3946 Justitia
1363 3890 1521 3961 ejicit
1549 3890 1769 3961 odium,
1805 3890 2110 3947 humilitas

471 3983 683 4039 occidit
729 3981 952 4036 odium.
984 3981 1188 4036 Justus
1244 3980 1399 4034 enim
1451 3983 1507 4035 et
1535 3979 1778 4034 humilis
1824 3980 2114 4036 erubescit

472 4073 658 4128 facere
689 4070 926 4140 injuste,
949 4086 1064 4125 non
1096 4069 1167 4124 ab
1198 4068 1311 4123 alio
1344 4067 1750 4140 reprehensus,
1786 4070 1886 4124 sed
1919 4086 1951 4125 a
1981 4086 2112 4141 pro-

471 4162 597 4233 prio
629 4162 823 4228 corde,
853 4160 1130 4231 quoniam
1163 4158 1449 4214 Dominus
1479 4159 1731 4230 protegit
1759 4158 1871 4231 (49)
1922 4159 2114 4214 consi-

470 4250 618 4305 lium
651 4251 796 4321 ejus.
831 4250 956 4304 Non
988 4249 1272 4304 obtrectat
1302 4247 1593 4317 viro,quia
1623 4249 1800 4302 timor
1827 4247 2114 4304 Altissimi

471 4339 650 4395 vincit
679 4337 1148 4393 odium.Timens
1176 4336 1329 4392 enim
1367 4353 1477 4392 non
1510 4336 1752 4391 offendit
1771 4336 2112 4405 Dominum;

473 4445 588 4483 non
615 4427 737 4482 vult
783 4426 1045 4494 omnino,
1077 4442 1149 4481 ne
1197 4425 1547 4498 cogitatione
1599 4425 1859 4496 quidem,
1892 4425 2118 4497 injuste.

475 4518 661 4573 facere
716 4515 998 4572 adversus
1053 4513 1371 4570 hominem.
1406 4514 1536 4570 H830
1593 4530 1698 4587 ego
1755 4514 1962 4571 ultimo
2019 4531 2114 4570 co-

2209 3349 2414 3428 ψεύδει,
2449 3351 2676 3428 λαλοῦν,
2705 3353 2842 3408 κατὰ
2869 3361 2969 3425 τῆς
3003 3354 3286 3426 ἀληθείας,
3316 3357 3406 3411 καὶ
3443 3355 3511 3411 τὰ
3542 3356 3713 3432 μικρὰ
3768 3377 3867 3430 με·

2208 3441 2352 3519 γάλα
2397 3447 2564 3514 ποιεῖ,
2612 3442 2675 3498 τὸ
2728 3442 2919 3507 σκότος
2972 3448 3084 3521 φῶς
3134 3443 3394 3521 προσέχει
3427 3447 3560 3519 (46),
3591 3445 3657 3499 τὸ
3685 3444 3867 3521 γλυκὺ

2211 3532 2404 3608 πικρὸν
2458 3531 2622 3608 λέγει,
2667 3533 2756 3588 xui
2803 3533 3153 3612 συκοφαντίαν
3205 3531 3526 3604 ὲκδιδάσκει,
3571 3536 3663 3588 καὶ
3693 3533 3869 3589 πόλε-

2218 3640 2341 3695 μον,
2391 3620 2480 3676 καὶ
2528 3615 2702 3697 ὕϐριν,
2755 3621 2846 3677 xui
2893 3627 3062 3677 πᾶσαν
3136 3621 3442 3696 πλεονεξίαν
3509 3628 3716 3696 κακῶν,
3775 3624 3868 3678 καὶ

2218 3708 2304 3765 ἰοῦ
2353 3704 2675 3765 διαϐολικοῦ
2722 3711 2822 3780 τὴν
2860 3708 3082 3783 καρδίαν
3133 3710 3346 3786 πληροῖ
3395 3713 3528 3786 (47).
3579 3715 3759 3766 Ταῦτα
3810 3711 3872 3766 tx

2216 3798 2408 3875 πείρας
2457 3797 2605 3874 λέγω
2653 3800 2780 3873 ὑμῖν
2831 3799 2980 3864 δπῶς
3029 3799 3291 3879 φεύεησθε
3319 3801 3381 3855 τὸ
3416 3806 3575 3875 μῖσος
3606 3804 3744 3874 (48),
3777 3801 3870 3855 xui

2217 3886 2534 3959 κολληθῆτε
2581 3891 2651 3963 τῇ
2700 3888 2881 3964 ἀγάπῃ
2925 3893 3024 3945 τοῦ
3072 3889 3289 3964 Κυρίου,
3337 3891 3402 3948 Ἦ
3433 3888 3742 3959 δικαιοσύνη
3783 3890 3871 3944 tx-

2220 3973 2414 4033 ϐάλλει
2461 3977 2525 4032 τὸ
2577 3982 2752 4052 μῖσος,
2797 3979 2832 4048 ἡ
2879 3979 3202 4041 ταπείνωσις
3249 3977 3468 4056 ἀπαιρεῖ
3489 3979 3553 4034 τὸ
3597 3984 3781 4052 μῖσος.
3817 3981 3871 4032 Ὀ

2219 4067 2320 4144 γὰρ
2371 4063 2579 4130 δίκαιος
2629 4067 2718 4122 καὶ
2765 4067 3017 4131 ταπείνὸς
3061 4065 3286 4122 αἲδεῖται
3356 4075 3586 4138 ποιῆσαι
3656 4064 3872 4137 ἄδικον,

2223 4154 2330 4231 ούχ
2361 4155 2464 4211 ὑπὸ
2497 4154 2672 4212 ἄλλου
2701 4155 3257 4232 καταγινωσκόμενος,
3288 4154 3436 4212 ἀλλὰ
3466 4157 3569 4212 ὑπὸ
3592 4163 3694 4226 τῆς
3728 4154 3874 4218 ἰδίας

2221 4241 2466 4322 καρδίας,
2534 4242 2616 4299 ὅτι
2676 4244 2872 4322 Κύριος
2926 4245 3201 4300 ἒπισκέπει
3422 4245 3486 4301 τὸ
3545 4241 3872 4300 διαϐούλιον

2223 4332 2407 4389 αὐτοῦ.
2440 4332 2513 4389 Ού
2542 4331 2844 4390 καταλαλεῖ
2871 4331 3061 4410 ἀνδρὸς
3093 4336 3226 4409 (51),
3260 4331 3448 4405 ἐπειδὴ
3476 4335 3504 4390 ὁ
3562 4329 3735 4409 φόϐος
3775 4338 3876 4389 τοῦ

2220 4423 2470 4498 Ὑψίστου
2518 4427 2642 4494 νικᾷ
2681 4424 2744 4480 τὸ
2793 4428 2975 4498 μῖσος.
3015 4418 3370 4496 Φοϐούμενος
3415 4423 3516 4500 γὰρ
3576 4424 3652 4497 μή
3705 4444 3880 4500 προσ-

2219 4511 2436 4590 κρούσει
2489 4510 2688 4588 Κυρίῳ·
2739 4511 2803 4568 ού
2853 4511 2998 4568 θέλει
3037 4511 3100 4568 τὸ
3147 4523 3248 4578 καθ
3279 4511 3410 4568 ὅλον
3441 4514 3575 4586 (’2).
3608 4510 3738 4568 οὐδὲ
3771 4511 3878 4575 ἕως

473 4607 666 4680 gnovi,
701 4609 1082 4678 posteaquam
1136 4603 1380 4676 pcenitui
1411 4603 1483 4659 de
1511 4602 1749 4676 Josepb.
1784 4605 1917 4670 Qua
1960 4604 2097 4661 enin

2225 4601 2464 4670 ἐννοιῶν,
2539 4598 2792 4670 ἀδικῆσαι
2859 4598 3162 4676 ἄνθρωπον.
3235 4604 3412 4657 Ταῦτα
3469 4600 3575 4677 ἐγὼ
3635 4599 3877 4677 ἔσχατον

472 4717 670 4771 autem
703 4711 951 4767 discedit
981 4712 1052 4766 ab
1084 4710 1321 4766 Hebraio
1352 4713 1532 4782 textu,
1567 4709 1667 4782 qui
1714 4709 1890 4766 habet
1914 4713 2117 4779 viginti

469 4789 777 4853 argenteos.
805 4784 943 4838 Gen.
979 4800 1191 4852 xxxv“,
1224 4783 1318 4855 28.7
1350 4781 1603 4837 Gaiae-4
1635 4782 1801 4855 Apud
1834 4782 2112 4855 Hierony-

470 4875 633 4913 mum
670 4861 866 4911 tamen
901 4855 956 4908 in
992 4856 1189 4923 Quaest.
1225 4854 1482 4908 Hebrazc.
1516 4859 1659 4909 tom.
1695 4854 1767 4918 II,
1802 4869 1855 4924 p.
1887 4855 2014 4924 540,
2046 4854 2115 4920 Α,

469 4930 608 4986 edit.
645 4928 852 4993 Paris.,
888 4928 1074 4981 versio
1108 4927 1349 4997 antiqua
1393 4941 1506 4996 prae
1539 4941 1600 4980 se
1652 4925 1886 4994 ferebat,
1919 4928 2121 4996 viginti

469 5003 674 5058 aureis.
707 4998 958 5071 vulgata
992 5005 1193 5071 aulemp
1221 5013 1370 5051 nova
1397 4997 1599 5071 uiginti
1645 4998 1940 5071 argenteis.
1975 4997 2118 5052 Hino

469 5074 721 5145 ipsemet
753 5067 1140 5145 Hiéronymus
1173 5069 1232 5123 in
1263 5067 1461 5145 Matth.
1493 5073 1819 5145 xxv_1_,_tom_.
1857 5067 2116 5145 IV,_pag.

477 5138 676 5222 1.267,}?
705 5161 736 5222 εΔ
757 5161 784 5193 α
812 5138 1045 5222 .Iosepb,
1079 5141 1179 5222 ait,
1223 5156 1349 5222 non
1381 5142 1467 5220 ut.
1492 5138 1930 5222 multi‘p‘utant‘
1951 5138 2121 5222 juxta

474 5221 625 5272 LXX
659 5209 1038 5284 Interpretes,
1059 5209 1260 5283 viginti
1312 5209 1504 5284 aureis
1551 5209 1823 5284 venditus
1852 5215 1939 5284 est
1956 5209 1976 5280 ἧς
2011 5212 2120 5284 sed

465 5291 636 5363 juxta
667 5281 1019 5363 Hebraicam
1040 5281 1362 5363 veritatem,
1379 5281 1583 5363 viginti
1616 5282 2122 5363 argentois.»_gua

475 5353 636 5438 dere
667 5355 1142 5438 Ambrosiushlib.
1177 5355 1250 5437 De
1295 5353 1514 5438 Jqsepit,
1541 5369 1665 5435 cap.
1775 5369 1931 5438 ‘pag.
1965 5354 2070 5437 48β
2103 5370 2118 5410 :

477 5454 505 5483 «
539 5433 691 5496 Ideo,
727 5430 938 5500 inquit,
973 5427 1116 5500 alibi
1147 5425 1388 5500 vigenti,
1421 5425 1560 5500 alibi
1607 5425 1815 5497 viginti
1844 5425 1900 5480 et
1950 5427 2122 5500 quin-

477 5519 598 5578 que
621 5495 831 5578 aureis;
861 5500 996 5578 alibi
1051 5495 1984 5578 trigin'ta__invenimus'emptum:
2023 5498 2121 5578 J0:

479 5567 645 5645 seph.
680 5604 745 5614 —-
781 5567 864 5626 Ita
894 5572 988 5627 hic
1019 5567 1251 5645 quoque
1281 5568 1585 5625 diversitas
1618 5585 1631 5624 :
1665 5568 1752 5645 vel
1781 5567 2009 5641 viginti,
2032 5567 2124 5625 vel

473 5644 716 5718 triginta
750 5660 1055 5718 aureorum
1087 5644 1174 5698 vel
1197 5644 1781 5718 .argenteorumtete.
1820 5660 1841 5689 ι

546 5710 660 5789 (41)
687 5715 807 5767 ’Ότι
839 5714 898 5768 τὸ
933 5718 1160 5787 μῖσος...
1194 5710 1244 5765 ἐν
1276 5710 1354 5766 τῶ
1387 5711 1607 5787 Ἰωσήφ.
1641 5711 1895 5771 Omissa.
1939 5711 2123 5773 Gram.

2439 4707 2858 4784 IItu{crp._I]éo~p.
2883 4713 2964 4784 ID.

2323 4777 2411 4850 43)
2452 4781 2576 4834 Κατ’
2619 4777 2824 4850 ἀύτοῦ,
2864 4777 2912 4835 εἷ’
2957 4799 3074 4842 πως
3125 4779 3418 4835 θανατώσει
3461 4777 3645 4836 αὑτόν.
3719 4777 3882 4850 Αὐτῷ

2228 4849 2400 4925 εἴπως’
2422 4853 2726 4925 θανατωθῇ.
2751 4849 2834 4908 ID.

2300 4924 2410 4999 (44)
2439 4922 2522 4999 Τὸ,
2546 4921 2646 4999 γὰρ
2680 4919 2860 4999 e39“-
2893 4922 2949 4999 Ὀ
2981 4919 3089 4999 γὰρ,
3116 4919 3339 4999 φθόνοε
3368 4926 3452 4999 ID-

2296 4973 2412 5066 2115’)
2445 4973 2875 5066 sagittae;
2907 4973 3455 5066 ἱηὸιίᾶξαἿτὲέξῖιλτῖἷιζ
3490 4998 3572 5050 In.

2441 5063 2736 5144 ’[ὸρκότος
2768 5063 2883 5144 φὼς
2917 5063 3197 5144 προσέχει.
3235 5068 3471 5144 Desunt:
3511 5071 3588 5144 ID:

2325 5128 2414 5207 47)
2444 5135 2543 5191 Καὶ
2587 5128 2792 5207 ξιτεισιιιν,⁸
2811 5128 3129 5206 πλεονεξίαῖ
3154 5140 3354 5207 κακῶν,
3384 5135 3474 5191 καὶ
3515 5135 3598 5191 ἰοῦ
3630 5128 3887 5190 διαϐολι-

2227 5205 2455 5283 κοῦτῆν
2473 5205 2694 5283 καρδίαν
2723 5206 2954 5283 πληροῖ,
2977 5205 3207 5283 Omissa
3236 5205 3394 5283 sunt.
3429 5213 3510 5283 In.

2289 5281 2426 5406 (48)
2465 5279 2740 5352 Φεύξησθε
2784 5279 2857 5336 τό
2900 5284 3077 5353 μῖσος.
3132 5279 3400 5351 Έξώσητε
3444 5280 3507 5336 τὸ
3558 5282 3721 5352 μῖσος
3785 5282 3888 5334 τοῦ

2231 5348 2281 5406 δι
2324 5345 2387 5406 ϐό
2433 5372 2515 5406 ου.
2546 5357 2627 5406 ID.

2268 5370 2627 5408 ιαΌΟΛΟυ.1Β.

2302 5425 2414 5495 (49)
2445 5425 2709 5494 Protegit.
2739 5424 2963 5495 Inspicit
2987 5423 3157 5493 juxta
3185 5421 3288 5479 0x.
3321 5422 3421 5479 Gr.
3456 5427 3536 5478 In.

2324 5495 2416 5562 50)
2451 5496 2779 5562 Ἐπισγὲπει,
2812 5495 3130 5548 Ἐπισκοπεῖ
3159 5495 3394 5551 rectius.
3419 5499 3502 5551 ID.

2448 5563 2693 5643 'Av_§p§_c.
2724 5565 2899 5620 Ὁσίου
2920 5566 3062 5643 ἓάἁ.
3099 5566 3181 5643 ID.

2305 5631 2416 5710 (52)
2448 5631 2754 5698 Καθ”ὅλον.
2789 5631 3057 5704 Καθόλου.
3100 5637 3179 5695 In.
