4008 6350
162 386 335 445 1117

1464 386 2067 451 TESTAMENTUM
2110 389 2294 450 GAD.

3422 384 3578 446 1118

160 515 345 591 ἔγνων
395 517 527 591 μετᾶ
569 518 631 572 τὸ
683 518 1008 591 μετανοῆσαί
1060 540 1126 593 με
1180 518 1301 594 περὶ
1351 523 1447 574 τοῦ
1497 520 1720 597 Ἰωσήφ.
1748 524 1809 575 Ἡ

1931 523 2248 577 secundum
2284 525 2463 577 Deum
2494 524 2583 577 est
2610 534 2745 577 vera
2776 518 3117 593 pmnitentia
3143 517 3427 588 ",occidit
3448 518 3572 573 ino-

154 607 267 682 γὰρ
321 608 456 661 κατά
508 608 634 661 Θεὸν
686 606 899 678 ἀληθὴς
945 607 1198 681 μετάνοια
1265 608 1472 684 ἀναιρεῖ
1518 610 1617 677 τήν
1665 606 1816 662 ἀπεί-

158 696 314 749 θειαν
366 696 501 767 (53),
552 695 641 749 καὶ
684 693 963 773 φυγαδεύει
996 696 1058 750 τὸ
1090 696 1297 766 σκότος,
1323 694 1418 751 καὶ
1445 696 1665 773 φωτίζει
1694 695 1819 759 τοὺς

161 783 510 856 ὀφθαλμοὺς,
563 782 653 839 καί
701 790 900 859 γνῶσιν
940 785 1171 860 παρέχει
1202 789 1271 859 τῇ
1302 788 1477 859 ψυχῇ,
1509 785 1598 839 καὶ
1630 783 1822 861 ὁδηγεῖ

157 873 229 927 τὸ
276 867 591 927 διαϐούλιον
649 873 786 949 πρὸς
832 872 1123 949 σωτηρίαν,
1155 874 1243 927 καθ
1278 873 1309 928 ἃ
1338 874 1436 928 οὐκ
1465 868 1656 947 ἔμαθεν
1715 875 1821 930 ἀπὸ

170 960 503 1035 ἀνθρώπων,
576 958 688 1016 οἶδε
735 960 824 1016 διὰ
867 968 969 1031 τῆς
1022 961 1322 1035 μετανοίας·
1375 963 1647 1038 Ἐπήγαγε
1709 964 1822 1037 (54)

163 1051 277 1125 γάρ
333 1071 424 1122 μοι
474 1050 502 1103 ὁ
552 1050 679 1112 Θεὸς
725 1049 879 1105 νόσον
929 1050 1157 1122 ἥπατος,
1209 1050 1297 1105 καὶ
1348 1051 1392 1105 εἷ
1430 1052 1505 1124 μὴ
1538 1050 1696 1127 εὑχαῖ
1724 1055 1822 1106 τοῦ

170 1138 381 1213 πατρός
416 1158 525 1211 μου
557 1133 766 1210 Ἰακὼϐ,
800 1138 995 1214 ὀλίγου
1027 1137 1356 1218 διεφώνησεν
1388 1142 1501 1213 (56)
1553 1140 1645 1195 ἀπ’
1688 1138 1823 1215 ἐμοῦ

166 1227 238 1282 τὸ
270 1226 485 1299 πνεῦμά
515 1248 637 1299 μου.
672 1228 749 1281 Δι’
780 1229 852 1282 ὧν
880 1230 993 1302 (57)
1023 1227 1125 1303 γὰρ
1158 1224 1440 1304 ἄνθρωπος
1495 1232 1821 1304 παρανομεῖ,

173 1313 249 1370 δι’
298 1315 511 1369 ἐκείνων
560 1315 649 1370 καὶ
709 1315 1017 1386 κολάζεται.
1098 1318 1245 1372 Ἐπεὶ
1305 1316 1397 1372 οὖν
1462 1316 1699 1373 ἀνέκειτο
1756 1317 1823 1371 τά

167 1402 359 1471 ἧπατά
410 1425 514 1477 μου
563 1403 808 1474 ἀνηλεῶς
861 1405 996 1459 κατά
1056 1409 1153 1460 τοῦ
1214 1407 1433 1483 Ἰωσὴφ,
1500 1410 1581 1478 τῷ
1651 1404 1821 1474 ἥπατι

163 1490 399 1567 πάσχων
457 1490 725 1563 ἀνηλεῶς,
797 1492 1089 1569 ἐκρινόμην
1164 1493 1252 1549 ἐπὶ
1334 1501 1507 1567 μῆνας
1587 1491 1817 1567 ἕνδεκα,

170 1582 295 1645 καθ’
341 1579 463 1636 ὅσον
512 1580 719 1657 χρόνον
771 1580 979 1658 ἐνεῖχον
1018 1587 1097 1655 τῷ
1127 1583 1349 1661 Ἰωσὴφ,
1401 1579 1505 1645 ἓως
1537 1580 1625 1638 ἵνα
1682 1603 1820 1661 πρα-

250 1761 311 1828 ζ⁰.
342 1784 371 1811 ‹‹
430 1759 529 1815 Καὶ
573 1763 687 1832 νῦν,
725 1757 883 1815 τέκνα
934 1781 1059 1834 μου,
1112 1761 1422 1837 ἀγαπήσατε
1454 1758 1676 1824 ἕκαστος
1728 1762 1820 1817 τὸν

171 1844 409 1925 ἀδελφὸν
463 1848 649 1920 αὐτοῦ,
700 1848 788 1903 καὶ
846 1848 1063 1925 ἐξάρατε
1106 1850 1169 1905 τὸ
1221 1856 1379 1923 μῖσος
1427 1851 1530 1905 ἀπὸ
1558 1855 1665 1905 τῶν
1696 1870 1825 1928 καρ-
1854 1890 1903 1954 Β

173 1935 446 1954 «ς-.-
548 1937 561 1954 ,
694 1941 721 1952 ..
904 1937 1071 1954 ,μη
1216 1936 1323 1954 ,ν
1583 1937 1714 1954 .,,

170 1935 305 1992 διῶν
337 1938 506 2009 ὑμῶν,
538 1937 860 2011 ἀγαπῶντες
893 1937 1180 2010 ἀλλήλους
1212 1938 1264 1994 ἐν
1297 1936 1463 2015 ἔργῳ,
1510 1937 1601 1993 καὶ
1650 1938 1821 2015 λόγῳ,

174 2024 268 2081 καὶ
321 2023 530 2097 διανοίᾳ
570 2029 776 2102 ψυχῆς.
830 2026 972 2102 Ἐγὼ
1015 2027 1117 2103 γὰρ
1180 2028 1318 2082 κατά
1382 2027 1673 2104 πρόσωπον
1726 2032 1823 2083 τοῦ

176 2114 386 2189 πατρὸς
434 2116 595 2187 ἡμῶν
646 2114 893 2190 είρηνικά
940 2114 1170 2172 ἐλάλουν
1225 2121 1306 2189 τῷ
1339 2117 1540 2196 Ἰωσὴφ
1568 2118 1702 2191 (59),
1732 2116 1823 2171 καὶ

179 2202 492 2274 ἐξελθόντος
526 2224 651 2276 μου,
712 2204 773 2258 τὸ
802 2208 1014 2277 πνεῦμα
1040 2209 1136 2259 τοῦ
1182 2204 1371 2279 μίσους
1429 2204 1668 2275 ἐσκότιζὲ
1718 2226 1822 2279 μου

171 2294 267 2347 τὸν
317 2296 462 2361 νοῦν,
510 2291 598 2346 καὶ
650 2291 894 2366 ἐτέρασσέ
946 2314 1049 2366 μου
1096 2295 1194 2363 τήν
1238 2294 1453 2369 ψυχὴν,
1483 2298 1581 2349 τοῦ
1610 2294 1819 2351 ἀνελεῖν

170 2376 356 2439 αὐτόν.
409 2386 661 2455 Δγαπᾶτε
687 2383 799 2454 (60)
844 2381 934 2436 οὖν
971 2379 1259 2454 ἀλλήλους
1306 2382 1411 2438 ἀπὸ
1442 2381 1664 2459 καρδίας
1687 2402 1699 2415 ·
1732 2381 1822 2440 καῖ

173 2471 262 2525 ἐὰν
290 2471 499 2545 ἁμάρτῃ
532 2468 609 2532 εἷς
638 2470 715 2543 σε,
762 2469 877 2525 εἷπε
923 2469 1068 2543 αὐτῷ
1116 2470 1168 2526 ἐν
1220 2470 1426 2546 εἰρήνῃ,
1462 2470 1699 2549 ἐξορίσας
1728 2473 1818 2528 τὸν

176 2560 256 2615 ἰὸν
290 2564 385 2614 τοῦ
422 2557 635 2632 μίσους,
666 2559 755 2613 καὶ
786 2556 838 2614 ἐν
871 2560 1023 2634 ψυχῇ
1055 2580 1151 2614 σου
1186 2560 1260 2633 μὴ
1291 2562 1565 2635 κρατήσῃς
1614 2558 1778 2616 δόλον
1802 2581 1817 2594 ·

172 2648 262 2704 καὶ
311 2647 396 2703 ἐὰν
448 2644 804 2722 ὁμολογήσας
860 2648 1184 2721 μετανοήσῃ,
1234 2645 1362 2723 ἄφες
1416 2647 1583 2721 αὐτῷ·
1645 2648 1731 2705 ἐάν
1761 2670 1821 2707 τε

175 2739 434 2815 ἀρνεῖται,
489 2738 564 2810 μὴ
601 2735 896 2815 φιλονείκει
942 2735 1108 2809 αὐτῷ,
1144 2738 1361 2809 μήποτε
1399 2736 1699 2812 ὀμόσαντος
1724 2738 1817 2794 αὖ·

172 2831 292 2894 τοῦ,
326 2824 524 2888 δισσῶς
557 2826 891 2900 ἀμαρτήσῃς.
925 2826 1011 2894 Μὴ
1045 2824 1247 2899 ἀκούσῃ
1276 2823 1327 2879 ἐν
1359 2824 1511 2901 μάχῃ
1528 2823 1821 2903 ἀλλότριος

182 2916 479 2990 μυσσήριον
533 2913 706 2988 ὑμῶν·
761 2911 853 2969 ’ίνα
912 2915 987 2987 μὴ
1053 2916 1287 2987 μισήσας
1343 2934 1401 2970 σε
1423 2913 1675 2992 ἐχθράνῃ,
1729 2916 1820 2971 καὶ

184 3001 428 3078 μεγάλην
462 3002 725 3078 ἁμαρτίαν
759 3001 1050 3078 ἐργάσηται
1078 3004 1214 3057 κατά
1242 3005 1338 3057 σοῦ
1359 3022 1372 3036 ο
1417 3002 1500 3058 ὅτι
1551 3002 1822 3067 πολλάκις

178 3090 548 3169 δολοφονῆσαι
601 3092 737 3164 (61),
787 3090 822 3159 ἢ
873 3088 1277 3166 περιεργάσεταί
1327 3110 1385 3145 σε
1434 3089 1485 3146 ἐν
1515 3090 1687 3164 κακῷ,
1719 3090 1819 3148 λα-

171 3175 283 3235 ϐὼν
341 3179 447 3234 ἀπὸ
497 3183 591 3233 σοῦ
637 3177 726 3233 τὸν
776 3178 877 3235 ἰόν.
928 3178 1048 3234 Ἐὰν
1078 3178 1170 3234 οὗν
1193 3178 1565 3256 ἀρνεῖται,καὶ
1596 3178 1816 3255 αἰδεσθῇ

1928 610 2302 682 bedientiam,
2335 617 2391 666 et
2424 612 2585 683 fugat
2614 611 2908 679 tenebras,
2941 614 2999 665 et
3037 608 3332 664 illuminat
3354 606 3574 678 oculos,

1928 703 1985 753 et
2012 700 2401 771 cognitionem
2440 700 2649 755 tribuit
2694 700 2925 770 animas,
2979 703 3034 753 et
3066 698 3225 753 ducit
3264 696 3577 752 consilium

1929 787 1999 841 ad
2032 788 2320 857 salutem;
2366 793 2573 859 etquae
2607 805 2721 842 non
2748 787 2953 841 didicit
2980 787 3051 841 ab
3077 785 3437 851 hominibus,
3472 800 3575 839 no-

1929 875 2012 930 vit
2041 892 2144 947 per
2176 877 2597 948 pcsnitentiam.
2624 874 3031 930 lnduxitenim
3057 873 3199 927 mihi
3234 878 3382 928 Deus
3415 871 3581 944 aegri-

1931 965 2195 1020 tudinem
2228 965 2495 1036 hepatia;
2527 970 2585 1020 et
2613 964 2727 1019 nisi
2780 963 3071 1019 orationes
3102 962 3285 1035 patris
3335 961 3447 1016 mei
3478 960 3581 1015 Ja-

1932 1053 2037 1108 cob
2070 1054 2501 1124 praevenissent,
2534 1069 2741 1124 parum
2774 1052 2963 1107 abfuit
3009 1050 3153 1122 quin
3202 1050 3472 1105 desiisset
3518 1047 3577 1103 in

1933 1157 2027 1196 me
2057 1142 2171 1210 (56)
2203 1141 2447 1213 spiritus
2478 1145 2780 1196 meus.Per
2808 1157 2935 1212 qua:
2966 1140 3122 1195 enim
3155 1138 3328 1193 homo
3359 1141 3582 1210 peccat,

1932 1244 2035 1300 per
2062 1228 2163 1283 illa
2194 1234 2252 1284 et
2300 1229 2544 1301 punitur
2568 1229 2633 1282 ³⁸.
2678 1228 2824 1293 Quia
2868 1228 3049 1301 igitur
3082 1227 3366 1298 disposita
3411 1230 3581 1281 erant

1935 1316 2150 1389 hepata
2179 1333 2305 1373 mea
2351 1317 2897 1373 immisericorditer
2942 1317 3222 1371 adversus
3249 1314 3487 1386 Joseph,
3520 1314 3579 1370 in

1936 1404 2143 1475 hepata
2173 1407 2400 1477 patiens
2429 1405 2988 1472 immisericorditer,
3030 1403 3324 1475 judicium
3368 1403 3580 1475 pertuli

1937 1510 2040 1565 per
2069 1510 2299 1550 menses
2329 1495 2624 1563 undecim,
2649 1495 2971 1550 secundum
3000 1498 3234 1565 tempus
3263 1492 3321 1547 in
3354 1507 3468 1564 quo
3491 1492 3579 1546 in-

1932 1580 2191 1637 sidiabar
2217 1582 2454 1655 Joseph,
2489 1599 2676 1655 usque
2707 1584 2848 1638 dum
2876 1582 3245 1638 venderetur.

2001 1758 2099 1814 Vl.
2138 1780 2165 1809 ‹‹
2199 1760 2264 1815 Et
2294 1776 2472 1827 nunc,
2495 1759 2597 1815 ﬁlii
2621 1760 2759 1826 mei,
2781 1759 3005 1832 diligite
3028 1758 3436 1830 unusquisque
3467 1757 3582 1812 fra-

1932 1852 2081 1905 trem
2114 1865 2310 1920 suum,
2332 1855 2389 1905 et
2418 1850 2640 1905 auferte
2662 1850 2861 1905 odium
2895 1867 2927 1904 a
2954 1849 3228 1905 cordibus
3259 1846 3582 1913 vestris,di-

1932 1936 2180 2009 ligentes
2209 1942 2433 1994 vosmet
2460 1938 2707 1994 invicem
2742 1939 2800 1993 in
2853 1954 3109 2009 operare,
3142 1943 3199 1993 et
3229 1952 3497 1993 sermone
3526 1939 3584 1990 et

1933 2026 2282 2099 cogitatione
2304 2028 2659 2100 animae.Ego
2688 2028 2844 2084 enim
2877 2044 3071 2083 coram
3103 2026 3246 2082 facie
3278 2025 3459 2098 patris
3482 2041 3582 2080 no-

1933 2114 2038 2168 stri
2070 2114 2311 2184 pacifica
2340 2113 2621 2187 loquebar
2650 2117 2722 2171 ad
2772 2115 3030 2187 Joseph;
3062 2118 3118 2170 et
3165 2117 3411 2169 exeunte
3461 2128 3578 2179 me,

1936 2202 2178 2274 Spiritus
2212 2203 2327 2258 odii
2361 2203 3135 2259 obtenebravitintellectum
3159 2205 3441 2268 meum,et
3456 2206 3581 2256 tur-

1944 2289 2101 2346 bavit
2126 2293 2385 2347 animam
2412 2309 2625 2360 meam,
2659 2293 2729 2348 ad
2754 2292 3135 2348 occidendum
3158 2308 3313 2347 eum.
3348 2290 3578 2362 Diligite

1931 2378 2113 2451 igitur
2140 2385 2365 2436 vosmet
2394 2380 2639 2437 invicem
2670 2398 2739 2437 ex
2766 2382 2973 2450 corde;
3005 2385 3061 2436 et
3099 2380 3147 2435 si
3190 2384 3385 2451 peccet
3415 2379 3474 2433 in
3516 2383 3577 2434 te

1933 2467 2193 2541 (aliquis)
2241 2469 2334 2524 dic
2380 2470 2430 2525 ei
2463 2469 2521 2523 in
2552 2486 2692 2541 pace
2736 2470 2800 2541 υ,
2851 2469 3244 2525 exterminans
3288 2483 3576 2523 venenum

1937 2556 2076 2623 odii,
2107 2562 2162 2613 et
2191 2557 2248 2611 in
2281 2557 2593 2613 animatus
2623 2575 2695 2614 ne
2723 2563 2922 2613 teneas
2948 2557 3147 2613 dolum
3180 2574 3194 2613 :
3227 2560 3284 2613 et
3313 2556 3358 2611 si
3392 2556 3578 2611 conﬁ-

1930 2648 2062 2701 tens
2092 2645 2392 2717 pmniteat,
2415 2648 2647 2703 remitte
2677 2648 2761 2715 ei;
2796 2652 2852 2702 et
2873 2647 2922 2702 si
2954 2652 3225 2718 negat,ne
3254 2646 3573 2701 contendas

1933 2749 2067 2788 cum
2098 2750 2185 2801 eo,
2220 2750 2294 2789 ne
2343 2736 2577 2806 quando
2617 2737 2854 2807 jurante
2884 2752 2971 2804 eo,
3006 2734 3318 2807 dupliciter
3347 2750 3571 2806 pecces.

1929 2821 2011 2877 Ne
2030 2822 2231 2877 audiat
2252 2822 2477 2878 alienus
2501 2824 2558 2878 in
2582 2824 2952 2880 contentione
2978 2828 3265 2879 secretum
3287 2827 3568 2891 vestrum;

1931 2926 2003 2965 ne
2025 2909 2271 2966 audiens
2299 2915 2355 2967 te
2384 2911 3083 2985 inimicetur,etmagnum
3117 2916 3417 2984 peccatum
3441 2927 3573 2982 ope-

1929 3002 2093 3053 retur
2121 2999 2400 3055 adversus
2429 3005 2513 3067 te;
2539 3002 2816 3072 quoniam
2835 3001 3133 3057 multoties
3155 3000 3284 3056 dolo
3303 3000 3575 3071 loquetur

1927 3089 2147 3155 tecum,
2177 3087 2265 3143 vel
2294 3091 2758 3162 perscrutabitur
2787 3095 2842 3146 te
2871 3091 2931 3145 in
2963 3089 3432 3161 malo,accipiens
3465 3105 3498 3143 a
3517 3093 3574 3143 te

1928 3192 2239 3233 venenum.
2272 3178 2329 3232 Si
2360 3178 2539 3251 igitur
2567 3183 2757 3252 neget,
2780 3184 2837 3235 et
2864 3180 3169 3235 erubescat
3198 3178 3568 3250 redargutus,

169 3267 555 3345 ἐλεγχόμενος,
605 3268 889 3343 ἡσυχασθῇ
964 3268 1097 3341 (6),
1153 3268 1228 3341 μὴ
1290 3266 1472 3342 ἐξάξῃς
1520 3267 1701 3326 αὐτόν.
1757 3272 1812 3323 ‘0

1931 3270 1979 3321 et
2008 3267 2366 3338 quiescat,ne
2392 3268 2609 3324 educas
2639 3268 3031 3339 eum,Negans
3060 3267 3217 3322 enim
3242 3264 3561 3334 resipiscit,

166 3359 272 3434 γὰρ
320 3356 651 3433 ἀρνούμενος
704 3360 970 3430 μετανοεῖ,
1018 3360 1116 3411 τοῦ
1167 3355 1360 3430 μηκέτι
1407 3354 1814 3430 πλημμελῆσαι

169 3446 247 3509 εἷς
294 3446 387 3501 σε’
440 3442 586 3500 ἀλλᾶ
630 3444 719 3499 καὶ
774 3445 996 3517 τιμήσει
1046 3465 1123 3516 σε,
1155 3444 1245 3499 καὶ
1277 3439 1669 3523 φοϐηθήσεται,
1718 3444 1810 3500 καὶ

165 3533 485 3612 εἰρηνεόσει.
548 3534 669 3590 Ἐἀν
720 3530 778 3588 δὲ
824 3530 1051 3603 ἀναιδής
1102 3532 1233 3605 ἐστι,
1276 3532 1367 3587 καὶ
1416 3531 1681 3589 ἐνίσταται
1739 3536 1809 3607 τῇ

163 3623 343 3695 κακίᾳ,
375 3623 465 3677 καὶ
496 3621 669 3684 οὓτως
700 3618 827 3699 ἄφες
858 3620 1003 3693 αὐτῷ
1042 3621 1148 3675 ἀπὸ
1196 3619 1436 3698 καρδίας,
1484 3621 1574 3677 καὶ
1618 3620 1711 3685 δὸς
1729 3626 1810 3695 τῷ

202 3716 274 3784 εῷ
298 3713 397 3780 τὴν
431 3708 730 3781 ἐκδίκησιν.

234 3803 301 3857 Z'.
346 3823 372 3854 ι
402 3799 524 3854 Ἐάν
564 3818 646 3861 τις
695 3798 828 3875 ὐπὶρ
875 3798 1014 3871 ὑμᾶς
1063 3794 1364 3871 εὐοδοῦται,
1402 3799 1478 3874 μὴ
1510 3796 1806 3865 λυπεῖσθε·

164 3887 308 3945 ἀλλὰ
336 3888 426 3944 καὶ
476 3884 697 3963 εὔχεσθε
746 3888 877 3963 ὑπὲρ
920 3886 1105 3955 αὐτοῦ,
1132 3884 1225 3943 ’ίνα
1251 3886 1476 3950 τελείως
1505 3884 1805 3947 εὖοδοῦται.

161 3981 318 4039 Ἴσως
346 3979 447 4054 γὰρ
500 3977 628 4051 ὑμῖν
680 3974 941 4053 συμφέρει
992 3974 1166 4039 οὕτως
1194 3993 1207 4008 ·
1253 3976 1343 4031 καὶ
1369 3974 1456 4031 ἐὰν
1491 3975 1579 4031 ἐπὶ
1609 3974 1804 4033 πλεῖον

163 4068 410 4141 ὑψοῦται,
446 4066 523 4140 μὴ
556 4069 816 4143 φθονεῖτε,
854 4064 1307 4138 μνημονεύοντες,
1354 4065 1438 4121 ὃτι
1485 4070 1630 4121 πᾶσα
1678 4066 1807 4141 σὰρξ

162 4158 525 4212 ἀποθανεῖται.
577 4152 759 4229 Κυρίῳ
798 4151 857 4208 δὲ
906 4153 1073 4226 ὕμνον
1131 4154 1482 4232 προσφέρετε,
1534 4158 1612 4226 τῷ
1640 4152 1804 4231 παρὲ-

156 4245 316 4322 χοντί
369 4244 437 4299 τὰ
484 4241 628 4297 καλά
682 4240 771 4296 καὶ
830 4240 1173 4320 συμφέροντα
1237 4248 1398 4297 πᾶσιν
1473 4241 1801 4319 ἀνθρώποις.

1923 3357 1989 3409 ut
2020 3370 2133 3409 non
2165 3354 2419 3426 amplius
2442 3355 2743 3426 delinquat
2764 3356 2823 3410 in
2845 3360 2930 3421 te;
2950 3356 3048 3411 sed
3071 3361 3125 3410 et
3158 3354 3467 3410 honorabit
3487 3358 3562 3421 te,

1921 3445 1979 3498 et
2006 3442 2252 3510 timebit,
2286 3449 2344 3498 et
2375 3444 2652 3515 pacificus
2680 3444 2808 3500 erit.
2859 3444 2916 3498 Si
2954 3460 3086 3499 vero
3135 3444 3560 3498 inverecundus

1924 3534 2033 3599 est,
2067 3535 2123 3586 et
2151 3532 2329 3587 instat
2358 3532 2628 3603 malitiaa;
2657 3538 2714 3589 et
2734 3534 2815 3590 ita
2845 3532 3073 3589 remitte
3102 3532 3153 3588 ei
3183 3550 3252 3589 ex
3279 3533 3471 3604 corde,
3502 3537 3560 3589 et

1919 3620 1995 3675 da
2020 3624 2135 3677 Deo
2164 3621 2481 3677 vindictam
2509 3622 2575 3676 ³ο.

1987 3799 2106 3856 VII.
2135 3820 2161 3852 ι
2183 3799 2242 3855 Si
2263 3800 2396 3872 quis
2426 3799 2558 3873 plus
2590 3817 2766 3873 quam
2797 3817 2901 3857 vos
2931 3805 3404 3873 prosperatur,ne
3425 3815 3563 3855 con-

1916 3887 2231 3944 tristemini
2258 3913 2273 3955 ;
2305 3889 2405 3944 sed
2429 3892 2487 3944 et
2508 3895 2668 3945 orate
2690 3906 2789 3958 pro
2821 3890 3042 3963 ipso,ut
3062 3891 3309 3962 perfecte
3330 3904 3564 3961 prospe-

1918 3982 2100 4033 retur.
2134 3978 2297 4032 Forte
2339 3977 2492 4032 enim
2524 3977 2687 4032 vobis
2719 3978 2950 4049 expedit
2977 3978 3057 4032 ita
3092 3995 3106 4034 :
3137 3982 3193 4033 et
3220 3978 3268 4033 si
3300 3977 3433 4049 plus
3464 3994 3561 4032 ex-

1918 4066 2135 4121 altatus
2171 4065 2364 4131 fuerit,
2399 4082 2471 4121 ne
2501 4065 2828 4135 invideatis,
2862 4066 3413 4139 recordantes,quod
3441 4081 3562 4122 om-

1916 4156 2008 4211 nis
2040 4171 2171 4211 caro
2195 4155 2493 4210 morietur.
2529 4153 2770 4210 Domino
2803 4159 2995 4210 autem
3019 4156 3303 4227 hymnum
3335 4156 3557 4222 offerte,

1913 4243 2191 4299 tribuenti
2222 4244 2373 4299 bona
2394 4246 2450 4298 et
2476 4240 2643 4297 utilia
2663 4242 2936 4298 omnibus
2955 4244 3291 4300 hominibus
3319 4244 3537 4299 δίδοι-ιι

226 4373 271 4407 ²τ
301 4370 347 4425 Il
379 4369 505 4425 Cor.
533 4384 656 4435 vm,
692 4368 778 4423 10.
857 4368 901 4403 ³⁸
931 4369 1067 4440 Sap.
1096 4385 1175 4439 ιιι,
1211 4369 1297 4424 17.
1378 4369 1426 4407 ³ο
1454 4368 1657 4425 Matth.
1696 4386 1811 4425 xvn

1931 4369 1996 4437 5;
2045 4368 2189 4425 Luc.
2227 4385 2365 4438 xvn,
2395 4368 2448 4423 3.
2524 4369 2570 4404 ³ο
2602 4368 2769 4424 Rom.
2827 4386 2924 4440 xu,
2974 4370 3060 4424 19.
3140 4371 3181 4406 ³¹
3232 4370 3362 4427 Isai.
3416 4388 3456 4442 ι,
3506 4371 3562 4426 5.

242 4495 313 4549 53
365 4490 689 4549 Ἀπείθειαν.
719 4496 996 4567 ⁴Αγνοιαν.
1029 4496 1209 4549 GRAB.

220 4494 337 4637 (5-1)
366 4565 660 4637 Ἐπήγαγε.
700 4562 837 4637 Τους
868 4562 1209 4637 ἐπιστρεφοντ

220 4584 336 4637 (δᾶ)
383 4584 580 4637 ιπηγα
617 4584 660 4618 ε.
710 4584 837 4625 ιους
868 4584 1284 4641 επιστρεφοντας
1332 4584 1583 4638 οεχεσυαι
1635 4584 1796 4621 Βααιῑ

144 4638 331 4695 codex
360 4640 541 4693 Oxon.
577 4584 711 4701 sua;
742 4636 923 4708 alium
975 4653 1214 4708 prorsus
1266 4652 1504 4708 sensum
1556 4635 1796 4708 faciunt,

144 4708 325 4783 quasi
375 4708 497 4783 haec
541 4708 721 4783 verba
770 4707 840 4763 ad
887 4707 1090 4783 Deum
1118 4711 1317 4763 essent
1346 4707 1667 4783 _referenda
1698 4708 1799 4763 sed

142 4776 396 4855 praefero
426 4777 729 4855 lectionem
761 4778 1320 4855 Cantabrigiensem.
1346 4776 1424 4833 lo.

217 4852 334 4923 (55)
365 4852 613 4923 Desiisset
642 4851 703 4904 in
734 4866 836 4905 me.
874 4850 1243 4923 Dis§ohuisset
1272 4867 1306 4904 a
1334 4864 1437 4923 me.
1470 4850 1665 4905 Graaca
1692 4865 1801 4905 vox

146 4920 437 4991 occurrit,
464 4921 825 4991 Exod._xx1v,
856 4937 900 4976 ιι
920 4938 942 4983 ;
968 4921 1089 4979 Jos.
1121 4937 1283 4989 xxm,
1332 4920 1406 4987 ’4,
1437 4922 1545 4975 etc.

220 4996 337 5067 (56)
367 4987 592 5120 ἓσλιγου
638 4987 989 5069 διεφώνησεν.
1036 4987 1329 5069 Ἔφθασαν,
1382 4991 1516 5047 add.
1566 4989 1627 5045 in
1667 4991 1790 5048 cod.

220 5084 333 5120 :ou.
394 5082 448 5120 ι).

140 5072 333 5125 Oxon.
367 5072 448 5120 In.

218 5138 334 5211 (57)
366 5135 444 5189 Δι’
474 5133 567 5201 ὧν,
617 5152 669 5187 κ.
716 5128 867 5211 ττρλ.
913 5132 1077 5211 _H_a_nc
1100 5132 1455 5211 sententiam
1487 5132 1797 5211 exscripsit

139 5204 351 5267 auctor
379 5224 447 5264 ex
476 5212 717 5277 Sap._qxn,
752 5204 839 5273 17,
867 5205 970 5277 ubi
1002 5205 1304 5277 ipsissima
1323 5221 1466 5277 pene
1497 5204 1795 5277 verb‘aioc-

138 5284 429 5338 currunt:
470 5270 572 5331 Δι”
594 5275 666 5328 ὧν
717 5292 799 5336 τις
824 5270 832 5273 ’
854 5270 1169 5350 ἀμαρτᾶνει,
1201 5272 1289 5329 διὰ
1321 5270 1528 5350 τούτων
1560 5270 1789 5350 κολάζε-

133 5373 251 5407 ται.
287 5350 457 5422 Vulg.
485 5366 499 5403 :
531 5350 637 5404 Per
664 5362 790 5418 quae
814 5349 937 5418 quis
965 5347 1163 5419 peccat,
1190 5363 1289 5419 per
1319 5347 1438 5404 haec
1489 5350 1540 5402 et
1567 5349 1791 5419 torque-

1828 4503 1876 4568 D
1910 4508 2057 4564 eum,
2085 4490 2186 4549 fleo
2210 4497 2467 4568 poterant
2508 4493 2819 4568 quidquam_
2850 4495 3078 4568 paciﬁca
3108 4495 3183 4550 ad
3214 4510 3337 4550 eum
3379 4496 3557 4568 loqui.

366 4565 660 4641 ’Erﬂyqe.
700 4558 837 4641 Τοιξς
868 4562 1284 4641 ἐπιστρέφοντας
1332 4558 1583 4641 δέχεσθαι
1635 4563 1800 4641 addit

1931 4558 2286 4641 luctonvero
2319 4558 3111 4641 Testamentorumhacverba
3143 4583 3257 4621 non
3291 4558 3558 4641 universe

1909 4635 2386 4708 intelligivoluit,
2440 4637 2550 4708 sed
2572 4637 2643 4689 ad
2693 4636 2982 4708 colloquia
3027 4639 3270 4693 fratrum
3314 4639 3465 4693 inter
3493 4656 3555 4695 se

1908 4706 2501 4781 restrinxit,_indeque
2529 4706 2981 4781 Gadumcoram
3013 4714 3173 4781 patre
3193 4710 3371 4781 Jacob
3400 4711 3554 4781 paci-

1908 4778 2019 4833 fica
2047 4794 2181 4832 cum
2211 4777 2463 4849 Josepho
2498 4780 2666 4849 verba
2699 4777 3202 4834 miscuisse—dixit.
3236 4780 3317 4835 In.

1978 4850 2090 4921 (60)
2123 4846 2406 4923 Ἀγαπᾶτε,
2436 4868 2489 4923 κ.
2522 4868 2571 4923 τ.
2695 4850 2927 4906 Omissa
2985 4851 3184 4906 omnia
3242 4867 3427 4923 usque
3476 4852 3550 4908 ad

1905 4919 2278 4996 περισπασμρν
2308 4922 2428 4996 τῶν
2449 4920 2745 4996 ἀνθρῴπων
2781 4923 2861 4996 [Β.

1977 4988 2088 5063 (61)
2115 4988 2519 5070 -Δνολοφονῆσ-αι
2551 4988 2917 5070 '_Legen_dum
2968 4996 3108 5070 puto
3138 5069 3141 5070 ν
3167 4988 3550 5070 δο-λ-οφονήσει.

1903 5061 2090 5137 idque
2115 5061 2314 5118 Latine
2333 5061 2695 5137 reddendum
2747 5064 2868 5120 dolo
2898 5061 3101 5120 occidet
3126 5069 3196 5120 te.
3220 5061 3555 5137 ld.'quippe

1904 5129 2201 5209 significat
2230 5134 2472 5209 verbum
2505 5129 2849 5209 δολοφονεῖν,
2885 5153 3001 5192 non
3034 5142 3231 5209 autem
3260 5129 3554 5209 dolose-io-

1901 5204 2019 5277 ᾳιὶἱ,
2054 5212 2121 5261 ut
2152 5206 2436 5261 Robertus
2462 5204 2989 5282 tra‘nstul_i_t,legens
3023 5208 3167 5282 forte
3192 5204 3551 5282 δολοφωνεῖν;

1946 5294 2079 5332 uam
2094 5282 2302 5349 tamen
2324 5293 2521 5349 vocem
2544 5276 2599 5330 in
2626 5276 2787 5332 nullo
2806 5276 3039 5334 auctore
3055 5278 3266 5349 legisse
3285 5276 3550 5335 memini.

1899 5293 2079 5403 quam
2106 5293 2302 5332 tamen
2324 5293 2521 5331 vocem
2544 5293 2599 5330 in
2626 5293 2787 5332 nuuo
2806 5293 3039 5334 auctore
3056 5293 3266 5349 legisse
3285 5294 3550 5335 memini.

1945 5348 2150 5414 ccedit,
2182 5349 2337 5420 quod
2368 5347 2538 5402 caedes
2565 5364 2664 5418 per
2684 5348 2865 5403 dolum
2888 5352 3041 5420 facta
3071 5350 3551 5406 antecedentibus

134 5431 291 5493 tur,
408 5420 533 5493 id
765 5485 776 5493 _
906 5486 921 5493 _
984 5492 1005 5493 ﬂ
1200 5492 1221 5493 η
1289 5489 1301 5493 _
1423 5487 1435 5493 Δ
1551 5485 1570 5493 _
1696 5483 1724 5493 κ
1900 5421 2100 5493 magis,
2125 5425 2428 5493 congruat,
2462 5435 2638 5493 qnam
2664 5420 2995 5493 colloquium
3021 5420 3300 5493 dolosam:
3332 5421 3549 5493 quippe

212 5492 327 5579 (58)
358 5490 484 5545 Καθ’
513 5485 871 5617 ’ὀσονέρόνον
903 5486 1109 5565 ἐνεῖχον
1154 5492 1235 5561 τῷ
1289 5487 1512 5566 Ἰωσὴφ,
1551 5485 1654 5549 ἓως
1696 5483 1789 5542 ’ίνα

218 5566 341 5618 αθη.
376 5566 613 5618 Desunt.
697 5578 828 5616 nas.

1931 5483 2388 5617 trandisjpeccalti
2415 5483 2637 5546 mentio
2671 5483 2824 5547 facta
2850 5498 2993 5561 erat,
3018 5492 3196 5564 quala
3222 5498 3310 5549 est
3344 5483 3549 5565 utique

1931 5578 2109 5618 .omwn
2159 5578 2302 5617 tum.
2364 5578 2420 5616 ι).

132 5563 341 5641 “Peisi-
376 5563 828 5641 PssuntaGEAE-
1009 5563 1048 5641 .’
1116 5632 1156 5641 .-
1262 5631 1274 5641 .
1686 5631 1718 5641 -

1931 5563 2302 5641 ιοειέρίᾲξελω·
2338 5563 2420 5641 ID;

208 5629 325 5709 (59)
373 5632 636 5709 Εἶρηνικά
683 5629 915 5709 ἐλάλρουν
957 5633 1049 5709 ⁸’τῷ
1116 5631 1353 5709 Ἰωσήφ,-
1411 5635 1621 5709 ῃοεθᾲε,
1680 5631 1786 5688 Ge.

1968 5634 2079 5705 (62)
2138 5632 2449 5707 Ἡσυχασθῇ
2536 5631 2642 5687 Hic
2700 5631 3079 5692 inserendum
3136 5635 3369 5695 videtur
3432 5631 3545 5690 καί.

130 5701 243 5767 nes
272 5701 578 5779 mum,
611 5704 664 5773 4,
697 5704 772 5761 de
802 5701 1088 5761 fratribUs
1119 5701 1357 5777 Josephi
1388 5703 1505 5761 ait:
1544 5702 1787 5762 Oderunt
1893 5701 1980 5760 In.
