  <div class='ocr_page' id='page_1' title='image "/cluster/home/n/w/nwhite01/storage/ocr_20150623/2/hvd.32044073501421/571.png"; bbox 0 0 4046 6350; ppageno 0'>
   <div class='ocr_carea' id='block_1_1' title="bbox 486 384 644 446">
    <p class='ocr_par' dir='ltr' id='par_1_1' title="bbox 486 384 644 446">
     <span class='ocr_line' id='line_1_1' title="bbox 486 384 644 446; baseline 0.013 -2"><span class='ocrx_word' id='word_1_1' title='bbox 486 384 644 446; x_wconf 71' lang='grc'><strong>1119</strong></span> 
     </span>
    </p>
   </div>
   <div class='ocr_carea' id='block_1_2' title="bbox 1480 384 2903 449">
    <p class='ocr_par' dir='ltr' id='par_1_2' title="bbox 1480 384 2903 449">
     <span class='ocr_line' id='line_1_2' title="bbox 1480 384 2903 449; baseline -0.002 0"><span class='ocrx_word' id='word_1_2' title='bbox 1480 385 2015 449; x_wconf 80' lang='lat' dir='ltr'><strong>TESTAMENTA</strong></span> <span class='ocrx_word' id='word_1_3' title='bbox 2053 384 2159 445; x_wconf 87' lang='lat' dir='ltr'><strong>XII</strong></span> <span class='ocrx_word' id='word_1_4' title='bbox 2203 384 2903 448; x_wconf 81' lang='lat' dir='ltr'><strong>PATRIARCHARUM.</strong></span> 
     </span>
    </p>
   </div>
   <div class='ocr_carea' id='block_1_3' title="bbox 3738 390 3888 450">
    <p class='ocr_par' dir='ltr' id='par_1_3' title="bbox 3738 390 3888 450">
     <span class='ocr_line' id='line_1_3' title="bbox 3738 390 3888 450; baseline -0.02 0"><span class='ocrx_word' id='word_1_5' title='bbox 3738 390 3888 450; x_wconf 73' lang='grc'><strong>1120</strong></span> 
     </span>
    </p>
   </div>
   <div class='ocr_carea' id='block_1_4' title="bbox 489 515 2144 594">
    <p class='ocr_par' dir='ltr' id='par_1_4' title="bbox 489 517 2138 592">
     <span class='ocr_line' id='line_1_4' title="bbox 489 517 2138 592; baseline 0.001 -20"><span class='ocrx_word' id='word_1_6' title='bbox 489 520 622 574; x_wconf 87' lang='lat' dir='ltr'><strong>tare</strong></span> <span class='ocrx_word' id='word_1_7' title='bbox 646 517 882 588; x_wconf 90' lang='lat' dir='ltr'><strong>judicia</strong></span> <span class='ocrx_word' id='word_1_8' title='bbox 909 518 1224 586; x_wconf 81' lang='lat' dir='ltr'><strong>Domini,et</strong></span> <span class='ocrx_word' id='word_1_9' title='bbox 1253 523 1334 575; x_wconf 89' lang='lat' dir='ltr'><strong>ita</strong></span> <span class='ocrx_word' id='word_1_10' title='bbox 1367 521 1622 576; x_wconf 81' lang='lat' dir='ltr'><strong>dimittet</strong></span> <span class='ocrx_word' id='word_1_11' title='bbox 1651 521 1850 592; x_wconf 69' lang='lat' dir='ltr'><strong>(64),et</strong></span> <span class='ocrx_word' id='word_1_12' title='bbox 1877 519 2138 591; x_wconf 84' lang='lat' dir='ltr'><strong>quiescet</strong></span> 
     </span>
    </p>
   </div>
   <div class='ocr_carea' id='block_1_5' title="bbox 2263 515 3886 594">
    <p class='ocr_par' dir='ltr' id='par_1_5' title="bbox 2269 515 3886 594">
     <span class='ocr_line' id='line_1_5' title="bbox 2269 515 3886 594; baseline 0 -22"><span class='ocrx_word' id='word_1_13' title='bbox 2269 515 2529 588; x_wconf 80' lang='grc' dir='ltr'>Εξέτασον</span> <span class='ocrx_word' id='word_1_14' title='bbox 2566 515 2803 592; x_wconf 86' lang='grc' dir='ltr'>κρίματα</span> <span class='ocrx_word' id='word_1_15' title='bbox 2849 515 3031 589; x_wconf 81' lang='grc' dir='ltr'><strong>Κυρίῳ</strong></span> <span class='ocrx_word' id='word_1_16' title='bbox 3061 518 3193 591; x_wconf 85' lang='grc'>(63),</span> <span class='ocrx_word' id='word_1_17' title='bbox 3242 517 3332 573; x_wconf 82' lang='grc' dir='ltr'>καὶ</span> <span class='ocrx_word' id='word_1_18' title='bbox 3371 517 3545 580; x_wconf 74' lang='grc' dir='ltr'>οὕτως</span> <span class='ocrx_word' id='word_1_19' title='bbox 3575 517 3886 594; x_wconf 55' lang='grc' dir='ltr'>καταλείᾴει</span> 
     </span>
    </p>
   </div>
   <div class='ocr_carea' id='block_1_6' title="bbox 494 606 2133 679">
    <p class='ocr_par' dir='ltr' id='par_1_6' title="bbox 494 606 2133 679">
     <span class='ocr_line' id='line_1_6' title="bbox 494 606 2133 679; baseline -0.002 -17"><span class='ocrx_word' id='word_1_20' title='bbox 494 606 804 662; x_wconf 86' lang='lat' dir='ltr'><strong>consilium</strong></span> <span class='ocrx_word' id='word_1_21' title='bbox 851 612 1040 662; x_wconf 90' lang='lat' dir='ltr'><strong>tuum.</strong></span> <span class='ocrx_word' id='word_1_22' title='bbox 1082 607 1140 662; x_wconf 92' lang='lat' dir='ltr'><strong>Si</strong></span> <span class='ocrx_word' id='word_1_23' title='bbox 1173 624 1303 663; x_wconf 92' lang='lat' dir='ltr'><strong>vero</strong></span> <span class='ocrx_word' id='word_1_24' title='bbox 1347 612 1402 664; x_wconf 91' lang='lat' dir='ltr'><strong>et</strong></span> <span class='ocrx_word' id='word_1_25' title='bbox 1445 623 1515 663; x_wconf 85' lang='lat' dir='ltr'><strong>ex</strong></span> <span class='ocrx_word' id='word_1_26' title='bbox 1545 608 1717 663; x_wconf 90' lang='lat' dir='ltr'><strong>malis</strong></span> <span class='ocrx_word' id='word_1_27' title='bbox 1749 608 1882 679; x_wconf 92' lang='lat' dir='ltr'><strong>quis</strong></span> <span class='ocrx_word' id='word_1_28' title='bbox 1914 606 2133 661; x_wconf 82' lang='lat' dir='ltr'><strong>ditatus</strong></span> 
     </span>
    </p>
   </div>
   <div class='ocr_carea' id='block_1_7' title="bbox 492 692 2130 767">
    <p class='ocr_par' dir='ltr' id='par_1_7' title="bbox 492 692 2130 767">
     <span class='ocr_line' id='line_1_7' title="bbox 492 692 2130 767; baseline -0.001 -18"><span class='ocrx_word' id='word_1_29' title='bbox 492 694 667 750; x_wconf 84' lang='lat' dir='ltr'><strong>fuerit</strong></span> <span class='ocrx_word' id='word_1_30' title='bbox 697 693 846 749; x_wconf 81' lang='lat' dir='ltr'>sicut</span> <span class='ocrx_word' id='word_1_31' title='bbox 867 695 1015 749; x_wconf 84' lang='lat' dir='ltr'><strong>Esau</strong></span> <span class='ocrx_word' id='word_1_32' title='bbox 1051 695 1228 750; x_wconf 82' lang='lat' dir='ltr'><strong>frater</strong></span> <span class='ocrx_word' id='word_1_33' title='bbox 1258 697 1439 767; x_wconf 81' lang='lat' dir='ltr'><strong>patris</strong></span> <span class='ocrx_word' id='word_1_34' title='bbox 1469 697 1604 764; x_wconf 90' lang='lat' dir='ltr'><strong>mei,</strong></span> <span class='ocrx_word' id='word_1_35' title='bbox 1628 695 1804 750; x_wconf 87' lang='lat' dir='ltr'><strong>nolite</strong></span> <span class='ocrx_word' id='word_1_36' title='bbox 1834 692 2130 760; x_wconf 68' lang='lat' dir='ltr'><strong>mmulari;</strong></span> 
     </span>
    </p>
   </div>
   <div class='ocr_carea' id='block_1_8' title="bbox 491 782 2136 856">
    <p class='ocr_par' dir='ltr' id='par_1_8' title="bbox 491 782 2136 856">
     <span class='ocr_line' id='line_1_8' title="bbox 491 782 2136 856; baseline -0.002 -18"><span class='ocrx_word' id='word_1_37' title='bbox 491 783 809 838; x_wconf 85' lang='lat' dir='ltr'><strong>terminum</strong></span> <span class='ocrx_word' id='word_1_38' title='bbox 841 783 993 837; x_wconf 89' lang='lat' dir='ltr'><strong>enim</strong></span> <span class='ocrx_word' id='word_1_39' title='bbox 1021 783 1249 838; x_wconf 88' lang='lat' dir='ltr'><strong>Domini</strong></span> <span class='ocrx_word' id='word_1_40' title='bbox 1276 785 1738 856; x_wconf 88' lang='lat' dir='ltr'><strong>suscipietis.Vel</strong></span> <span class='ocrx_word' id='word_1_41' title='bbox 1761 783 1918 839; x_wconf 88' lang='lat' dir='ltr'><strong>enim</strong></span> <span class='ocrx_word' id='word_1_42' title='bbox 1945 782 2136 836; x_wconf 83' lang='lat' dir='ltr'><strong>aufert</strong></span> 
     </span>
    </p>
   </div>
   <div class='ocr_carea' id='block_1_9' title="bbox 495 871 2132 943">
    <p class='ocr_par' dir='ltr' id='par_1_9' title="bbox 495 871 2132 943">
     <span class='ocr_line' id='line_1_9' title="bbox 495 871 2132 943; baseline -0.002 -17"><span class='ocrx_word' id='word_1_43' title='bbox 495 871 616 926; x_wconf 65' lang='lat' dir='ltr'><strong>haec</strong></span> <span class='ocrx_word' id='word_1_44' title='bbox 647 871 706 925; x_wconf 92' lang='lat' dir='ltr'><strong>in</strong></span> <span class='ocrx_word' id='word_1_45' title='bbox 739 871 930 938; x_wconf 83' lang='lat' dir='ltr'><strong>malis,</strong></span> <span class='ocrx_word' id='word_1_46' title='bbox 978 871 1063 926; x_wconf 89' lang='lat' dir='ltr'><strong>vel</strong></span> <span class='ocrx_word' id='word_1_47' title='bbox 1099 873 1516 943; x_wconf 76' lang='lat' dir='ltr'><strong>pmnitentibus</strong></span> <span class='ocrx_word' id='word_1_48' title='bbox 1548 871 1902 938; x_wconf 89' lang='lat' dir='ltr'><strong>dimittit,vel</strong></span> <span class='ocrx_word' id='word_1_49' title='bbox 1937 871 2132 942; x_wconf 80' lang='lat' dir='ltr'><strong>impm-</strong></span> 
     </span>
    </p>
   </div>
   <div class='ocr_carea' id='block_1_10' title="bbox 487 958 2130 1032">
    <p class='ocr_par' dir='ltr' id='par_1_10' title="bbox 487 958 2130 1032">
     <span class='ocr_line' id='line_1_10' title="bbox 487 958 2130 1032; baseline -0.002 -17"><span class='ocrx_word' id='word_1_50' title='bbox 487 960 691 1015; x_wconf 85' lang='lat' dir='ltr'><strong>nitenti</strong></span> <span class='ocrx_word' id='word_1_51' title='bbox 726 966 912 1015; x_wconf 88' lang='lat' dir='ltr'><strong>servat</strong></span> <span class='ocrx_word' id='word_1_52' title='bbox 940 960 999 1014; x_wconf 90' lang='lat' dir='ltr'><strong>in</strong></span> <span class='ocrx_word' id='word_1_53' title='bbox 1049 965 1328 1015; x_wconf 68' lang='lat' dir='ltr'><strong>asternum</strong></span> <span class='ocrx_word' id='word_1_54' title='bbox 1376 963 1488 1031; x_wconf 88' lang='lat'>(66)</span> <span class='ocrx_word' id='word_1_55' title='bbox 1542 961 1928 1032; x_wconf 89' lang='lat' dir='ltr'><strong>punitionem.</strong></span> <span class='ocrx_word' id='word_1_56' title='bbox 1984 958 2130 1012; x_wconf 92' lang='lat' dir='ltr'><strong>Nam</strong></span> 
     </span>
    </p>
   </div>
   <div class='ocr_carea' id='block_1_11' title="bbox 487 1046 2130 1121">
    <p class='ocr_par' dir='ltr' id='par_1_11' title="bbox 487 1046 2130 1121">
     <span class='ocr_line' id='line_1_11' title="bbox 487 1046 2130 1121; baseline -0.002 -17"><span class='ocrx_word' id='word_1_57' title='bbox 487 1065 725 1120; x_wconf 86' lang='lat' dir='ltr'><strong>pauper,</strong></span> <span class='ocrx_word' id='word_1_58' title='bbox 758 1053 815 1103; x_wconf 89' lang='lat' dir='ltr'><strong>et</strong></span> <span class='ocrx_word' id='word_1_59' title='bbox 848 1047 1063 1104; x_wconf 89' lang='lat' dir='ltr'><strong>invidia</strong></span> <span class='ocrx_word' id='word_1_60' title='bbox 1091 1065 1294 1104; x_wconf 88' lang='lat' dir='ltr'><strong>carens</strong></span> <span class='ocrx_word' id='word_1_61' title='bbox 1327 1051 1459 1121; x_wconf 88' lang='lat'>(67),</span> <span class='ocrx_word' id='word_1_62' title='bbox 1489 1050 1545 1104; x_wconf 92' lang='lat' dir='ltr'><strong>in</strong></span> <span class='ocrx_word' id='word_1_63' title='bbox 1575 1049 1848 1104; x_wconf 90' lang='lat' dir='ltr'><strong>omnibus</strong></span> <span class='ocrx_word' id='word_1_64' title='bbox 1881 1046 2130 1102; x_wconf 88' lang='lat' dir='ltr'><strong>Domino</strong></span> 
     </span>
    </p>
   </div>
   <div class='ocr_carea' id='block_1_12' title="bbox 485 1135 2130 1209">
    <p class='ocr_par' dir='ltr' id='par_1_12' title="bbox 485 1135 2130 1209">
     <span class='ocr_line' id='line_1_12' title="bbox 485 1135 2130 1209; baseline -0.001 -19"><span class='ocrx_word' id='word_1_65' title='bbox 485 1137 706 1209; x_wconf 82' lang='lat' dir='ltr'><strong>gratias</strong></span> <span class='ocrx_word' id='word_1_66' title='bbox 738 1153 938 1208; x_wconf 86' lang='lat' dir='ltr'><strong>agens,</strong></span> <span class='ocrx_word' id='word_1_67' title='bbox 971 1137 1094 1209; x_wconf 91' lang='lat' dir='ltr'><strong>ipse</strong></span> <span class='ocrx_word' id='word_1_68' title='bbox 1126 1138 1279 1209; x_wconf 90' lang='lat' dir='ltr'><strong>apud</strong></span> <span class='ocrx_word' id='word_1_69' title='bbox 1320 1154 1523 1193; x_wconf 92' lang='lat' dir='ltr'><strong>omnes</strong></span> <span class='ocrx_word' id='word_1_70' title='bbox 1565 1139 1805 1204; x_wconf 90' lang='lat' dir='ltr'><strong>ditatur,</strong></span> <span class='ocrx_word' id='word_1_71' title='bbox 1853 1135 2130 1206; x_wconf 90' lang='lat' dir='ltr'><strong>quoniam</strong></span> 
     </span>
    </p>
   </div>
   <div class='ocr_carea' id='block_1_13' title="bbox 484 1223 2132 1298">
    <p class='ocr_par' dir='ltr' id='par_1_13' title="bbox 484 1223 2132 1298">
     <span class='ocr_line' id='line_1_13' title="bbox 484 1223 2132 1298; baseline -0.002 -17"><span class='ocrx_word' id='word_1_72' title='bbox 484 1242 601 1281; x_wconf 91' lang='lat' dir='ltr'><strong>non</strong></span> <span class='ocrx_word' id='word_1_73' title='bbox 633 1225 807 1281; x_wconf 86' lang='lat' dir='ltr'><strong>habet</strong></span> <span class='ocrx_word' id='word_1_74' title='bbox 839 1227 1222 1298; x_wconf 87' lang='lat' dir='ltr'><strong>perniciosam</strong></span> <span class='ocrx_word' id='word_1_75' title='bbox 1256 1227 1750 1298; x_wconf 61' lang='lat' dir='ltr'><strong>depradationem</strong></span> <span class='ocrx_word' id='word_1_76' title='bbox 1799 1226 1912 1298; x_wconf 85' lang='lat'>(68)</span> <span class='ocrx_word' id='word_1_77' title='bbox 1945 1223 2132 1279; x_wconf 89' lang='lat' dir='ltr'><strong>homi-</strong></span> 
     </span>
    </p>
   </div>
   <div class='ocr_carea' id='block_1_14' title="bbox 483 1312 2134 1387">
    <p class='ocr_par' dir='ltr' id='par_1_14' title="bbox 483 1312 2134 1387">
     <span class='ocr_line' id='line_1_14' title="bbox 483 1312 2134 1387; baseline -0.002 -17"><span class='ocrx_word' id='word_1_78' title='bbox 483 1331 647 1370; x_wconf 90' lang='lat' dir='ltr'><strong>num.</strong></span> <span class='ocrx_word' id='word_1_79' title='bbox 681 1316 912 1370; x_wconf 86' lang='lat' dir='ltr'><strong>Auferte</strong></span> <span class='ocrx_word' id='word_1_80' title='bbox 945 1315 1123 1387; x_wconf 84' lang='lat' dir='ltr'><strong>igitur</strong></span> <span class='ocrx_word' id='word_1_81' title='bbox 1152 1315 1350 1370; x_wconf 90' lang='lat' dir='ltr'><strong>odium</strong></span> <span class='ocrx_word' id='word_1_82' title='bbox 1377 1317 1448 1370; x_wconf 91' lang='lat' dir='ltr'><strong>ab</strong></span> <span class='ocrx_word' id='word_1_83' title='bbox 1480 1316 1791 1371; x_wconf 89' lang='lat' dir='ltr'><strong>animabus</strong></span> <span class='ocrx_word' id='word_1_84' title='bbox 1822 1312 2052 1378; x_wconf 88' lang='lat' dir='ltr'><strong>vestris,</strong></span> <span class='ocrx_word' id='word_1_85' title='bbox 2078 1315 2134 1366; x_wconf 92' lang='lat' dir='ltr'><strong>et</strong></span> 
     </span>
    </p>
   </div>
   <div class='ocr_carea' id='block_1_15' title="bbox 486 1402 1950 1476">
    <p class='ocr_par' dir='ltr' id='par_1_15' title="bbox 486 1402 1950 1476">
     <span class='ocr_line' id='line_1_15' title="bbox 486 1402 1950 1476; baseline -0.003 -18"><span class='ocrx_word' id='word_1_86' title='bbox 486 1402 709 1476; x_wconf 84' lang='lat' dir='ltr'><strong>diligite</strong></span> <span class='ocrx_word' id='word_1_87' title='bbox 737 1410 962 1459; x_wconf 89' lang='lat' dir='ltr'><strong>vosmet</strong></span> <span class='ocrx_word' id='word_1_88' title='bbox 991 1405 1237 1462; x_wconf 82' lang='lat' dir='ltr'><strong>invicem</strong></span> <span class='ocrx_word' id='word_1_89' title='bbox 1274 1405 1331 1459; x_wconf 91' lang='lat' dir='ltr'><strong>in</strong></span> <span class='ocrx_word' id='word_1_90' title='bbox 1359 1404 1712 1460; x_wconf 88' lang='lat' dir='ltr'><strong>rectttudine</strong></span> <span class='ocrx_word' id='word_1_91' title='bbox 1740 1402 1950 1458; x_wconf 88' lang='lat' dir='ltr'><strong>cordis.</strong></span> 
     </span>
    </p>
   </div>
   <div class='ocr_carea' id='block_1_16' title="bbox 554 1489 2134 1554">
    <p class='ocr_par' dir='ltr' id='par_1_16' title="bbox 554 1489 2134 1554">
     <span class='ocr_line' id='line_1_16' title="bbox 554 1489 2134 1554; baseline -0.003 -8"><span class='ocrx_word' id='word_1_92' title='bbox 554 1493 705 1547; x_wconf 81' lang='lat' dir='ltr'><strong>VIII.</strong></span> <span class='ocrx_word' id='word_1_93' title='bbox 742 1515 769 1542; x_wconf 79' lang='grc'><strong>‹‹</strong></span> <span class='ocrx_word' id='word_1_94' title='bbox 804 1493 984 1547; x_wconf 91' lang='lat' dir='ltr'><strong>Dicite</strong></span> <span class='ocrx_word' id='word_1_95' title='bbox 1015 1501 1207 1547; x_wconf 85' lang='lat' dir='ltr'><strong>autem</strong></span> <span class='ocrx_word' id='word_1_96' title='bbox 1238 1500 1294 1548; x_wconf 92' lang='lat' dir='ltr'><strong>et</strong></span> <span class='ocrx_word' id='word_1_97' title='bbox 1338 1510 1439 1548; x_wconf 91' lang='lat' dir='ltr'><strong>vos</strong></span> <span class='ocrx_word' id='word_1_98' title='bbox 1471 1493 1592 1547; x_wconf 56' lang='lat' dir='ltr'><strong>hac</strong></span> <span class='ocrx_word' id='word_1_99' title='bbox 1639 1492 1774 1546; x_wconf 82' lang='lat' dir='ltr'><strong>ﬁliis</strong></span> <span class='ocrx_word' id='word_1_100' title='bbox 1806 1489 2034 1554; x_wconf 85' lang='lat' dir='ltr'><strong>vestris,</strong></span> <span class='ocrx_word' id='word_1_101' title='bbox 2069 1491 2134 1543; x_wconf 91' lang='lat' dir='ltr'><strong>ut</strong></span> 
     </span>
    </p>
   </div>
   <div class='ocr_carea' id='block_1_17' title="bbox 484 1578 2134 1652">
    <p class='ocr_par' dir='ltr' id='par_1_17' title="bbox 484 1578 2134 1652">
     <span class='ocr_line' id='line_1_17' title="bbox 484 1578 2134 1652; baseline -0.005 -14"><span class='ocrx_word' id='word_1_102' title='bbox 484 1581 774 1638; x_wconf 87' lang='lat' dir='ltr'><strong>honorent</strong></span> <span class='ocrx_word' id='word_1_103' title='bbox 819 1581 1031 1636; x_wconf 89' lang='lat' dir='ltr'><strong>Judam</strong></span> <span class='ocrx_word' id='word_1_104' title='bbox 1063 1588 1120 1637; x_wconf 91' lang='lat' dir='ltr'><strong>et</strong></span> <span class='ocrx_word' id='word_1_105' title='bbox 1167 1582 1294 1638; x_wconf 91' lang='lat' dir='ltr'><strong>Levi</strong></span> <span class='ocrx_word' id='word_1_106' title='bbox 1329 1597 1341 1637; x_wconf 89' lang='lat'>:</span> <span class='ocrx_word' id='word_1_107' title='bbox 1374 1583 1651 1652; x_wconf 90' lang='lat' dir='ltr'><strong>quoniam</strong></span> <span class='ocrx_word' id='word_1_108' title='bbox 1693 1597 1761 1636; x_wconf 81' lang='lat' dir='ltr'><strong>ex</strong></span> <span class='ocrx_word' id='word_1_109' title='bbox 1798 1580 1883 1636; x_wconf 89' lang='lat' dir='ltr'><strong>eis</strong></span> <span class='ocrx_word' id='word_1_110' title='bbox 1915 1578 2134 1634; x_wconf 89' lang='lat' dir='ltr'><strong>orietur</strong></span> 
     </span>
    </p>
   </div>
   <div class='ocr_carea' id='block_1_18' title="bbox 482 1666 2129 1742">
    <p class='ocr_par' dir='ltr' id='par_1_18' title="bbox 482 1666 2129 1742">
     <span class='ocr_line' id='line_1_18' title="bbox 482 1666 2129 1742; baseline -0.004 -16"><span class='ocrx_word' id='word_1_111' title='bbox 482 1670 648 1726; x_wconf 86' lang='lat' dir='ltr'><strong>vobis</strong></span> <span class='ocrx_word' id='word_1_112' title='bbox 672 1671 972 1736; x_wconf 90' lang='lat' dir='ltr'><strong>Dominus,</strong></span> <span class='ocrx_word' id='word_1_113' title='bbox 1002 1671 1263 1726; x_wconf 84' lang='lat' dir='ltr'><strong>Salvator</strong></span> <span class='ocrx_word' id='word_1_114' title='bbox 1288 1670 1507 1726; x_wconf 91' lang='lat' dir='ltr'><strong>lsraeli.</strong></span> <span class='ocrx_word' id='word_1_115' title='bbox 1531 1667 1950 1742; x_wconf 89' lang='lat' dir='ltr'><strong>Cognovienim</strong></span> <span class='ocrx_word' id='word_1_116' title='bbox 1976 1666 2129 1738; x_wconf 92' lang='lat' dir='ltr'><strong>quod</strong></span> 
     </span>
    </p>
   </div>
   <div class='ocr_carea' id='block_1_19' title="bbox 485 1755 2130 1829">
    <p class='ocr_par' dir='ltr' id='par_1_19' title="bbox 485 1755 2130 1829">
     <span class='ocr_line' id='line_1_19' title="bbox 485 1755 2130 1829; baseline -0.004 -15"><span class='ocrx_word' id='word_1_117' title='bbox 485 1759 544 1814; x_wconf 92' lang='lat' dir='ltr'><strong>in</strong></span> <span class='ocrx_word' id='word_1_118' title='bbox 567 1758 681 1813; x_wconf 82' lang='lat' dir='ltr'><strong>fine</strong></span> <span class='ocrx_word' id='word_1_119' title='bbox 715 1759 984 1814; x_wconf 87' lang='lat' dir='ltr'><strong>recedent</strong></span> <span class='ocrx_word' id='word_1_120' title='bbox 1017 1759 1117 1814; x_wconf 87' lang='lat' dir='ltr'><strong>filii</strong></span> <span class='ocrx_word' id='word_1_121' title='bbox 1148 1760 1323 1815; x_wconf 87' lang='lat' dir='ltr'><strong>vestri</strong></span> <span class='ocrx_word' id='word_1_122' title='bbox 1355 1760 1424 1814; x_wconf 91' lang='lat' dir='ltr'><strong>ab</strong></span> <span class='ocrx_word' id='word_1_123' title='bbox 1471 1759 1576 1829; x_wconf 90' lang='lat' dir='ltr'><strong>eis,</strong></span> <span class='ocrx_word' id='word_1_124' title='bbox 1621 1763 1678 1814; x_wconf 90' lang='lat' dir='ltr'><strong>et</strong></span> <span class='ocrx_word' id='word_1_125' title='bbox 1718 1758 1776 1812; x_wconf 93' lang='lat' dir='ltr'><strong>in</strong></span> <span class='ocrx_word' id='word_1_126' title='bbox 1811 1755 1970 1812; x_wconf 90' lang='lat' dir='ltr'><strong>omni</strong></span> <span class='ocrx_word' id='word_1_127' title='bbox 2002 1771 2130 1826; x_wconf 88' lang='lat' dir='ltr'><strong>per-</strong></span> 
     </span>
    </p>
   </div>
   <div class='ocr_carea' id='block_1_20' title="bbox 485 1847 2210 1955">
    <p class='ocr_par' dir='ltr' id='par_1_20' title="bbox 485 1847 2210 1955">
     <span class='ocr_line' id='line_1_20' title="bbox 485 1847 2210 1955; baseline -0.003 -52"><span class='ocrx_word' id='word_1_128' title='bbox 485 1848 657 1914; x_wconf 90' lang='lat' dir='ltr'><strong>nicie,</strong></span> <span class='ocrx_word' id='word_1_129' title='bbox 692 1855 750 1902; x_wconf 91' lang='lat' dir='ltr'><strong>et</strong></span> <span class='ocrx_word' id='word_1_130' title='bbox 797 1848 1181 1920; x_wconf 85' lang='lat' dir='ltr'><strong>malignitate,</strong></span> <span class='ocrx_word' id='word_1_131' title='bbox 1227 1856 1278 1904; x_wconf 82' lang='lat' dir='ltr'><strong>et</strong></span> <span class='ocrx_word' id='word_1_132' title='bbox 1315 1847 1684 1919; x_wconf 89' lang='lat' dir='ltr'><strong>corruptione</strong></span> <span class='ocrx_word' id='word_1_133' title='bbox 1733 1850 1906 1900; x_wconf 88' lang='lat' dir='ltr'><strong>erunt</strong></span> <span class='ocrx_word' id='word_1_134' title='bbox 1936 1859 2131 1900; x_wconf 89' lang='lat' dir='ltr'><strong>coram</strong></span> <span class='ocrx_word' id='word_1_135' title='bbox 2164 1890 2210 1955; x_wconf 80' lang='grc' dir='ltr'><strong>Β</strong></span> 
     </span>
     <span class='ocr_line' id='line_1_21' title="bbox 485 1931 2130 1955; baseline 0 0"><span class='ocrx_word' id='word_1_136' title='bbox 485 1937 558 1955; x_wconf 65' lang='grc' dir='ltr'><strong>ἢ-</strong></span> <span class='ocrx_word' id='word_1_137' title='bbox 589 1937 648 1955; x_wconf 39' lang='grc' dir='ltr'><strong>αξ</strong></span> <span class='ocrx_word' id='word_1_138' title='bbox 709 1954 718 1955; x_wconf 32' lang='grc' dir='ltr'><em>κ</em></span> <span class='ocrx_word' id='word_1_139' title='bbox 840 1939 900 1955; x_wconf 67' lang='lat' dir='ltr'><strong>na</strong></span> <span class='ocrx_word' id='word_1_140' title='bbox 1056 1938 1068 1955; x_wconf 77' lang='grc' dir='ltr'><strong>ι</strong></span> <span class='ocrx_word' id='word_1_141' title='bbox 1122 1937 1132 1955; x_wconf 91' lang='grc'><strong>1</strong></span> <span class='ocrx_word' id='word_1_142' title='bbox 1359 1938 1394 1955; x_wconf 38' lang='grc' dir='ltr'><strong>ον</strong></span> <span class='ocrx_word' id='word_1_143' title='bbox 1453 1953 1498 1955; x_wconf 55' lang='lat'><strong>_,</strong></span> <span class='ocrx_word' id='word_1_144' title='bbox 1560 1953 1569 1955; x_wconf 38' lang='grc' dir='ltr'>μ</span> <span class='ocrx_word' id='word_1_145' title='bbox 1611 1952 1812 1955; x_wconf 63' lang='lat'><strong>_,_______-</strong></span> <span class='ocrx_word' id='word_1_146' title='bbox 1845 1933 1981 1955; x_wconf 66' lang='grc' dir='ltr'><strong>,ιῖ-Σι.</strong></span> <span class='ocrx_word' id='word_1_147' title='bbox 2009 1931 2087 1955; x_wconf 53' lang='lat' dir='ltr'><strong>Ai-</strong></span> <span class='ocrx_word' id='word_1_148' title='bbox 2118 1947 2130 1955; x_wconf 86' lang='lat'><em>.</em></span> 
     </span>
    </p>
   </div>
   <div class='ocr_carea' id='block_1_21' title="bbox 485 1931 2130 2010">
    <p class='ocr_par' dir='ltr' id='par_1_21' title="bbox 485 1931 2130 2010">
     <span class='ocr_line' id='line_1_22' title="bbox 485 1931 2130 2010; baseline -0.005 -16"><span class='ocrx_word' id='word_1_149' title='bbox 485 1937 752 1994; x_wconf 92' lang='lat' dir='ltr'><strong>Domino.</strong></span> <span class='ocrx_word' id='word_1_150' title='bbox 779 1959 807 1986; x_wconf 82' lang='lat'>»</span> <span class='ocrx_word' id='word_1_151' title='bbox 840 1939 910 1992; x_wconf 88' lang='lat' dir='ltr'><strong>Et</strong></span> <span class='ocrx_word' id='word_1_152' title='bbox 937 1937 1242 2010; x_wconf 90' lang='lat' dir='ltr'><strong>paululum</strong></span> <span class='ocrx_word' id='word_1_153' title='bbox 1275 1938 1815 2009; x_wconf 88' lang='lat' dir='ltr'><strong>quiescens,rursus</strong></span> <span class='ocrx_word' id='word_1_154' title='bbox 1838 1933 1986 1988; x_wconf 89' lang='lat' dir='ltr'><strong>dixit</strong></span> <span class='ocrx_word' id='word_1_155' title='bbox 2006 1931 2090 1987; x_wconf 91' lang='lat' dir='ltr'><strong>eis</strong></span> <span class='ocrx_word' id='word_1_156' title='bbox 2118 1947 2130 1986; x_wconf 92' lang='lat'>:</span> 
     </span>
    </p>
   </div>
   <div class='ocr_carea' id='block_1_22' title="bbox 486 2024 2134 2099">
    <p class='ocr_par' dir='ltr' id='par_1_22' title="bbox 486 2024 2134 2099">
     <span class='ocr_line' id='line_1_23' title="bbox 486 2024 2134 2099; baseline 0 -23"><span class='ocrx_word' id='word_1_157' title='bbox 486 2047 516 2077; x_wconf 82' lang='lat'><strong>«</strong></span> <span class='ocrx_word' id='word_1_158' title='bbox 551 2025 676 2081; x_wconf 89' lang='lat' dir='ltr'><strong>Filii</strong></span> <span class='ocrx_word' id='word_1_159' title='bbox 703 2027 1073 2096; x_wconf 87' lang='lat' dir='ltr'><strong>mei,obedite</strong></span> <span class='ocrx_word' id='word_1_160' title='bbox 1095 2027 1244 2099; x_wconf 90' lang='lat' dir='ltr'><strong>patri</strong></span> <span class='ocrx_word' id='word_1_161' title='bbox 1266 2031 1538 2095; x_wconf 86' lang='lat' dir='ltr'><strong>vestro,et</strong></span> <span class='ocrx_word' id='word_1_162' title='bbox 1568 2024 1806 2096; x_wconf 90' lang='lat' dir='ltr'><strong>sepelite</strong></span> <span class='ocrx_word' id='word_1_163' title='bbox 1836 2039 1926 2077; x_wconf 88' lang='lat' dir='ltr'><strong>me</strong></span> <span class='ocrx_word' id='word_1_164' title='bbox 1957 2037 2134 2094; x_wconf 88' lang='lat' dir='ltr'><strong>prope</strong></span> 
     </span>
    </p>
   </div>
   <div class='ocr_carea' id='block_1_23' title="bbox 486 2111 2133 2188">
    <p class='ocr_par' dir='ltr' id='par_1_23' title="bbox 486 2111 2133 2188">
     <span class='ocr_line' id='line_1_24' title="bbox 486 2111 2133 2188; baseline -0.003 -19"><span class='ocrx_word' id='word_1_165' title='bbox 486 2119 683 2187; x_wconf 89' lang='lat' dir='ltr'><strong>patres</strong></span> <span class='ocrx_word' id='word_1_166' title='bbox 717 2132 897 2172; x_wconf 89' lang='lat' dir='ltr'><strong>meos.</strong></span> <span class='ocrx_word' id='word_1_167' title='bbox 934 2139 961 2165; x_wconf 85' lang='lat'>»</span> <span class='ocrx_word' id='word_1_168' title='bbox 995 2118 1062 2171; x_wconf 80' lang='lat' dir='ltr'><strong>Et</strong></span> <span class='ocrx_word' id='word_1_169' title='bbox 1091 2117 1323 2174; x_wconf 83' lang='lat' dir='ltr'><strong>elevans</strong></span> <span class='ocrx_word' id='word_1_170' title='bbox 1355 2117 1528 2188; x_wconf 92' lang='lat' dir='ltr'><strong>pedes</strong></span> <span class='ocrx_word' id='word_1_171' title='bbox 1577 2131 1738 2180; x_wconf 89' lang='lat' dir='ltr'><strong>suos,</strong></span> <span class='ocrx_word' id='word_1_172' title='bbox 1770 2111 2045 2168; x_wconf 91' lang='lat' dir='ltr'><strong>dormivit</strong></span> <span class='ocrx_word' id='word_1_173' title='bbox 2073 2111 2133 2164; x_wconf 92' lang='lat' dir='ltr'><strong>in</strong></span> 
     </span>
    </p>
   </div>
   <div class='ocr_carea' id='block_1_24' title="bbox 490 2203 2134 2277">
    <p class='ocr_par' dir='ltr' id='par_1_24' title="bbox 490 2203 2134 2277">
     <span class='ocr_line' id='line_1_25' title="bbox 490 2203 2134 2277; baseline -0.002 -20"><span class='ocrx_word' id='word_1_174' title='bbox 490 2208 727 2275; x_wconf 86' lang='lat' dir='ltr'><strong>pace.Et</strong></span> <span class='ocrx_word' id='word_1_175' title='bbox 747 2209 876 2275; x_wconf 91' lang='lat' dir='ltr'><strong>post</strong></span> <span class='ocrx_word' id='word_1_176' title='bbox 900 2205 1156 2277; x_wconf 89' lang='lat' dir='ltr'><strong>quinque</strong></span> <span class='ocrx_word' id='word_1_177' title='bbox 1177 2220 1361 2259; x_wconf 90' lang='lat' dir='ltr'><strong>annos</strong></span> <span class='ocrx_word' id='word_1_178' title='bbox 1397 2204 1749 2260; x_wconf 84' lang='lat' dir='ltr'><strong>reduxerunt</strong></span> <span class='ocrx_word' id='word_1_179' title='bbox 1769 2217 1925 2268; x_wconf 88' lang='lat' dir='ltr'><strong>eum,</strong></span> <span class='ocrx_word' id='word_1_180' title='bbox 1957 2203 2014 2254; x_wconf 91' lang='lat' dir='ltr'><strong>et</strong></span> <span class='ocrx_word' id='word_1_181' title='bbox 2034 2215 2134 2270; x_wconf 93' lang='lat' dir='ltr'><strong>po-</strong></span> 
     </span>
    </p>
   </div>
   <div class='ocr_carea' id='block_1_25' title="bbox 486 2289 1960 2365">
    <p class='ocr_par' dir='ltr' id='par_1_25' title="bbox 486 2289 1960 2365">
     <span class='ocr_line' id='line_1_26' title="bbox 486 2289 1960 2365; baseline -0.004 -16"><span class='ocrx_word' id='word_1_182' title='bbox 486 2297 734 2349; x_wconf 87' lang='lat' dir='ltr'><strong>suerunt</strong></span> <span class='ocrx_word' id='word_1_183' title='bbox 764 2309 896 2349; x_wconf 92' lang='lat' dir='ltr'><strong>eum</strong></span> <span class='ocrx_word' id='word_1_184' title='bbox 932 2294 989 2349; x_wconf 93' lang='lat' dir='ltr'><strong>in</strong></span> <span class='ocrx_word' id='word_1_185' title='bbox 1023 2294 1252 2350; x_wconf 89' lang='lat' dir='ltr'><strong>Hebron</strong></span> <span class='ocrx_word' id='word_1_186' title='bbox 1285 2310 1417 2350; x_wconf 90' lang='lat' dir='ltr'><strong>cum</strong></span> <span class='ocrx_word' id='word_1_187' title='bbox 1452 2293 1719 2365; x_wconf 89' lang='lat' dir='ltr'><strong>patribus</strong></span> <span class='ocrx_word' id='word_1_188' title='bbox 1751 2289 1960 2363; x_wconf 85' lang='lat' dir='ltr'><strong>ipsius.</strong></span> 
     </span>
    </p>
   </div>
   <div class='ocr_carea' id='block_1_26' title="bbox 1138 2558 1486 2616">
    <p class='ocr_par' dir='ltr' id='par_1_26' title="bbox 1138 2558 1486 2616">
     <span class='ocr_line' id='line_1_27' title="bbox 1138 2558 1486 2616; baseline -0.009 0"><span class='ocrx_word' id='word_1_189' title='bbox 1138 2559 1224 2616; x_wconf 83' lang='lat' dir='ltr'><strong>CA</strong></span> <span class='ocrx_word' id='word_1_190' title='bbox 1236 2558 1375 2616; x_wconf 90' lang='lat' dir='ltr'><strong>PUT</strong></span> <span class='ocrx_word' id='word_1_191' title='bbox 1415 2562 1486 2614; x_wconf 81' lang='grc' dir='ltr'>Χ.</span> 
     </span>
    </p>
   </div>
   <div class='ocr_carea' id='block_1_27' title="bbox 488 2641 2142 2775">
    <p class='ocr_par' dir='ltr' id='par_1_27' title="bbox 488 2641 2142 2775">
     <span class='ocr_line' id='line_1_28' title="bbox 488 2641 2142 2775; baseline -0.008 -66"><span class='ocrx_word' id='word_1_192' title='bbox 488 2652 886 2709; x_wconf 76' lang='lat' dir='ltr'><strong>Testamentum</strong></span> <span class='ocrx_word' id='word_1_193' title='bbox 944 2649 1096 2721; x_wconf 81' lang='lat' dir='ltr'><strong>Aser,</strong></span> <span class='ocrx_word' id='word_1_194' title='bbox 1149 2648 1214 2704; x_wconf 81' lang='lat' dir='ltr'><strong>de</strong></span> <span class='ocrx_word' id='word_1_195' title='bbox 1243 2649 1480 2775; x_wconf 46' lang='lat' dir='ltr'><strong>ultimus</strong></span> <span class='ocrx_word' id='word_1_196' title='bbox 1525 2645 1769 2719; x_wconf 75' lang='lat' dir='ltr'><strong>[aciebus</strong></span> <span class='ocrx_word' id='word_1_197' title='bbox 1810 2641 2041 2700; x_wconf 76' lang='lat' dir='ltr'><strong>malitiae</strong></span> <span class='ocrx_word' id='word_1_198' title='bbox 2089 2647 2142 2698; x_wconf 76' lang='lat' dir='ltr'><strong>et</strong></span> 
     </span>
     <span class='ocr_line' id='line_1_29' title="bbox 1199 2737 1433 2775; baseline 0 0"><span class='ocrx_word' id='word_1_199' title='bbox 1199 2737 1283 2775; x_wconf 75' lang='lat' dir='ltr'><strong>rzr</strong></span> <span class='ocrx_word' id='word_1_200' title='bbox 1369 2737 1433 2775; x_wconf 78' lang='grc' dir='ltr'><strong>ιδ.</strong></span> 
     </span>
    </p>
   </div>
   <div class='ocr_carea' id='block_1_28' title="bbox 1199 2722 1433 2776">
    <p class='ocr_par' dir='ltr' id='par_1_28' title="bbox 1199 2722 1433 2776">
     <span class='ocr_line' id='line_1_30' title="bbox 1199 2722 1433 2776; baseline 0 -1"><span class='ocrx_word' id='word_1_201' title='bbox 1199 2722 1433 2776; x_wconf 73' lang='lat' dir='ltr'><strong>virtutis.</strong></span> 
     </span>
    </p>
   </div>
   <div class='ocr_carea' id='block_1_29' title="bbox 564 2819 2141 2899">
    <p class='ocr_par' dir='ltr' id='par_1_29' title="bbox 564 2819 2141 2899">
     <span class='ocr_line' id='line_1_31' title="bbox 564 2819 2141 2899; baseline -0.006 -15"><span class='ocrx_word' id='word_1_202' title='bbox 564 2829 608 2885; x_wconf 92' lang='grc' dir='ltr'>Ι.</span> <span class='ocrx_word' id='word_1_203' title='bbox 643 2827 1082 2899; x_wconf 89' lang='lat' dir='ltr'><strong>Transcriptum</strong></span> <span class='ocrx_word' id='word_1_204' title='bbox 1138 2826 1474 2882; x_wconf 87' lang='lat' dir='ltr'><strong>testamenti</strong></span> <span class='ocrx_word' id='word_1_205' title='bbox 1520 2825 1685 2893; x_wconf 86' lang='lat' dir='ltr'><strong>Aser,</strong></span> <span class='ocrx_word' id='word_1_206' title='bbox 1733 2838 1860 2896; x_wconf 70' lang='lat' dir='ltr'><strong>quae</strong></span> <span class='ocrx_word' id='word_1_207' title='bbox 1910 2819 2141 2876; x_wconf 88' lang='lat' dir='ltr'><strong>locutus</strong></span> 
     </span>
    </p>
   </div>
   <div class='ocr_carea' id='block_1_30' title="bbox 492 2908 2142 2982">
    <p class='ocr_par' dir='ltr' id='par_1_30' title="bbox 492 2908 2142 2982">
     <span class='ocr_line' id='line_1_32' title="bbox 492 2908 2142 2982; baseline -0.005 -9"><span class='ocrx_word' id='word_1_208' title='bbox 492 2921 583 2973; x_wconf 88' lang='lat' dir='ltr'><strong>est</strong></span> <span class='ocrx_word' id='word_1_209' title='bbox 613 2915 748 2971; x_wconf 79' lang='lat' dir='ltr'><strong>filiis</strong></span> <span class='ocrx_word' id='word_1_210' title='bbox 795 2916 920 2971; x_wconf 88' lang='lat' dir='ltr'><strong>suis</strong></span> <span class='ocrx_word' id='word_1_211' title='bbox 968 2916 1283 2971; x_wconf 89' lang='lat' dir='ltr'><strong>centesimo</strong></span> <span class='ocrx_word' id='word_1_212' title='bbox 1323 2915 1598 2970; x_wconf 89' lang='lat' dir='ltr'><strong>vicesimo</strong></span> <span class='ocrx_word' id='word_1_213' title='bbox 1650 2929 1803 2968; x_wconf 92' lang='lat' dir='ltr'><strong>anno</strong></span> <span class='ocrx_word' id='word_1_214' title='bbox 1853 2910 1966 2982; x_wconf 85' lang='grc'>(72)</span> <span class='ocrx_word' id='word_1_215' title='bbox 2013 2908 2142 2964; x_wconf 71' lang='lat' dir='ltr'><strong>vitae</strong></span> 
     </span>
    </p>
   </div>
   <div class='ocr_carea' id='block_1_31' title="bbox 494 2996 2143 3072">
    <p class='ocr_par' dir='ltr' id='par_1_31' title="bbox 494 2996 2143 3072">
     <span class='ocr_line' id='line_1_33' title="bbox 494 2996 2143 3072; baseline -0.007 -10"><span class='ocrx_word' id='word_1_216' title='bbox 494 3023 635 3063; x_wconf 85' lang='lat' dir='ltr'><strong>suae.</strong></span> <span class='ocrx_word' id='word_1_217' title='bbox 667 3005 871 3060; x_wconf 87' lang='lat' dir='ltr'><strong>Adhuc</strong></span> <span class='ocrx_word' id='word_1_218' title='bbox 902 3022 1080 3060; x_wconf 90' lang='lat' dir='ltr'><strong>sanus</strong></span> <span class='ocrx_word' id='word_1_219' title='bbox 1112 3004 1387 3072; x_wconf 84' lang='lat' dir='ltr'><strong>existens,</strong></span> <span class='ocrx_word' id='word_1_220' title='bbox 1422 3003 1569 3059; x_wconf 84' lang='lat' dir='ltr'><strong>dixit</strong></span> <span class='ocrx_word' id='word_1_221' title='bbox 1600 3002 1686 3058; x_wconf 91' lang='lat' dir='ltr'><strong>eis</strong></span> <span class='ocrx_word' id='word_1_222' title='bbox 1718 3020 1783 3057; x_wconf 70' lang='grc' dir='ltr'><strong>τι(</strong></span> <span class='ocrx_word' id='word_1_223' title='bbox 1804 2996 2143 3064; x_wconf 86' lang='lat' dir='ltr'><strong>Audite,ﬁlii</strong></span> 
     </span>
    </p>
   </div>
   <div class='ocr_carea' id='block_1_32' title="bbox 489 3086 2143 3167">
    <p class='ocr_par' dir='ltr' id='par_1_32' title="bbox 489 3086 2143 3167">
     <span class='ocr_line' id='line_1_34' title="bbox 489 3086 2143 3167; baseline -0.007 -16"><span class='ocrx_word' id='word_1_224' title='bbox 489 3100 656 3162; x_wconf 77' lang='lat' dir='ltr'><strong>Aser,</strong></span> <span class='ocrx_word' id='word_1_225' title='bbox 703 3100 926 3167; x_wconf 90' lang='lat' dir='ltr'><strong>patrem</strong></span> <span class='ocrx_word' id='word_1_226' title='bbox 957 3098 1216 3149; x_wconf 89' lang='lat' dir='ltr'><strong>vestrum</strong></span> <span class='ocrx_word' id='word_1_227' title='bbox 1249 3097 1305 3149; x_wconf 91' lang='lat' dir='ltr'><strong>et</strong></span> <span class='ocrx_word' id='word_1_228' title='bbox 1335 3109 1507 3150; x_wconf 92' lang='lat' dir='ltr'><strong>omne</strong></span> <span class='ocrx_word' id='word_1_229' title='bbox 1537 3096 1762 3148; x_wconf 91' lang='lat' dir='ltr'><strong>rectum</strong></span> <span class='ocrx_word' id='word_1_230' title='bbox 1806 3103 1999 3144; x_wconf 89' lang='lat' dir='ltr'><strong>coram</strong></span> <span class='ocrx_word' id='word_1_231' title='bbox 2026 3086 2143 3141; x_wconf 91' lang='lat' dir='ltr'><strong>Deo</strong></span> 
     </span>
    </p>
   </div>
   <div class='ocr_carea' id='block_1_33' title="bbox 493 3174 2144 3252">
    <p class='ocr_par' dir='ltr' id='par_1_33' title="bbox 493 3174 2144 3252">
     <span class='ocr_line' id='line_1_35' title="bbox 493 3174 2144 3252; baseline -0.008 -9"><span class='ocrx_word' id='word_1_232' title='bbox 493 3183 1012 3252; x_wconf 88' lang='lat' dir='ltr'><strong>ostendam,vobis,</strong></span> <span class='ocrx_word' id='word_1_233' title='bbox 1046 3189 1197 3240; x_wconf 90' lang='lat' dir='ltr'><strong>Duas</strong></span> <span class='ocrx_word' id='word_1_234' title='bbox 1223 3183 1346 3239; x_wconf 88' lang='lat' dir='ltr'><strong>vias</strong></span> <span class='ocrx_word' id='word_1_235' title='bbox 1376 3183 1536 3238; x_wconf 91' lang='lat' dir='ltr'><strong>dedit</strong></span> <span class='ocrx_word' id='word_1_236' title='bbox 1564 3179 1849 3237; x_wconf 85' lang='lat' dir='ltr'><strong>Dominus</strong></span> <span class='ocrx_word' id='word_1_237' title='bbox 1881 3175 2018 3232; x_wconf 86' lang='lat' dir='ltr'><strong>filiis</strong></span> <span class='ocrx_word' id='word_1_238' title='bbox 2038 3174 2144 3230; x_wconf 87' lang='lat' dir='ltr'><strong>ho-</strong></span> 
     </span>
    </p>
   </div>
   <div class='ocr_carea' id='block_1_34' title="bbox 2241 603 3888 680">
    <p class='ocr_par' dir='ltr' id='par_1_34' title="bbox 2241 603 3888 680">
     <span class='ocr_line' id='line_1_36' title="bbox 2241 603 3888 680; baseline 0.004 -22"><span class='ocrx_word' id='word_1_239' title='bbox 2241 605 2329 659; x_wconf 81' lang='grc' dir='ltr'><strong>καὶ</strong></span> <span class='ocrx_word' id='word_1_240' title='bbox 2362 605 2626 680; x_wconf 77' lang='grc' dir='ltr'>ἧσυχάζει</span> <span class='ocrx_word' id='word_1_241' title='bbox 2677 609 2789 679; x_wconf 86' lang='grc'>(65)</span> <span class='ocrx_word' id='word_1_242' title='bbox 2835 607 2898 660; x_wconf 87' lang='grc' dir='ltr'>τὸ</span> <span class='ocrx_word' id='word_1_243' title='bbox 2947 603 3260 662; x_wconf 74' lang='grc' dir='ltr'>διαϐούλιὸν</span> <span class='ocrx_word' id='word_1_244' title='bbox 3307 628 3422 663; x_wconf 89' lang='grc' dir='ltr'>σου.</span> <span class='ocrx_word' id='word_1_245' title='bbox 3467 607 3588 662; x_wconf 71' lang='grc' dir='ltr'><strong>Ἐὰν</strong></span> <span class='ocrx_word' id='word_1_246' title='bbox 3618 605 3688 662; x_wconf 69' lang='grc' dir='ltr'>δὲ</span> <span class='ocrx_word' id='word_1_247' title='bbox 3716 612 3807 664; x_wconf 73' lang='grc' dir='ltr'>καί</span> <span class='ocrx_word' id='word_1_248' title='bbox 3839 609 3888 664; x_wconf 77' lang='grc' dir='ltr'><strong>ἐκ</strong></span> 
     </span>
    </p>
   </div>
   <div class='ocr_carea' id='block_1_35' title="bbox 2241 694 3885 772">
    <p class='ocr_par' dir='ltr' id='par_1_35' title="bbox 2241 694 3885 772">
     <span class='ocr_line' id='line_1_37' title="bbox 2241 694 3885 772; baseline 0.003 -24"><span class='ocrx_word' id='word_1_249' title='bbox 2241 698 2421 748; x_wconf 81' lang='grc' dir='ltr'>κακῶν</span> <span class='ocrx_word' id='word_1_250' title='bbox 2469 715 2550 756; x_wconf 92' lang='grc' dir='ltr'><strong>τις</strong></span> <span class='ocrx_word' id='word_1_251' title='bbox 2596 694 2882 769; x_wconf 81' lang='grc' dir='ltr'>πλουτίσῃ,</span> <span class='ocrx_word' id='word_1_252' title='bbox 2937 695 3010 757; x_wconf 84' lang='grc' dir='ltr'>ὡς</span> <span class='ocrx_word' id='word_1_253' title='bbox 3055 698 3220 752; x_wconf 76' lang='grc' dir='ltr'>Ἠσαῦ</span> <span class='ocrx_word' id='word_1_254' title='bbox 3259 697 3286 750; x_wconf 88' lang='grc' dir='ltr'>ὁ</span> <span class='ocrx_word' id='word_1_255' title='bbox 3317 695 3702 772; x_wconf 72' lang='grc' dir='ltr'>πατράόελφὸς</span> <span class='ocrx_word' id='word_1_256' title='bbox 3766 719 3885 771; x_wconf 73' lang='grc' dir='ltr'>μου,</span> 
     </span>
    </p>
   </div>
   <div class='ocr_carea' id='block_1_36' title="bbox 2246 783 3888 862">
    <p class='ocr_par' dir='ltr' id='par_1_36' title="bbox 2246 783 3888 862">
     <span class='ocr_line' id='line_1_38' title="bbox 2246 783 3888 862; baseline 0.004 -27"><span class='ocrx_word' id='word_1_257' title='bbox 2246 783 2322 855; x_wconf 79' lang='grc' dir='ltr'>μή</span> <span class='ocrx_word' id='word_1_258' title='bbox 2376 783 2697 853; x_wconf 81' lang='grc' dir='ltr'>ζηλώσητε·</span> <span class='ocrx_word' id='word_1_259' title='bbox 2750 785 2874 859; x_wconf 81' lang='grc' dir='ltr'>ὅρον</span> <span class='ocrx_word' id='word_1_260' title='bbox 2927 784 3030 860; x_wconf 76' lang='grc' dir='ltr'>γὰρ</span> <span class='ocrx_word' id='word_1_261' title='bbox 3085 785 3285 859; x_wconf 76' lang='grc' dir='ltr'>Κυρίου</span> <span class='ocrx_word' id='word_1_262' title='bbox 3332 783 3626 855; x_wconf 78' lang='grc' dir='ltr'>ἐκδὲξασθε.</span> <span class='ocrx_word' id='word_1_263' title='bbox 3663 788 3732 840; x_wconf 81' lang='grc' dir='ltr'><strong>Ἴ]</strong></span> <span class='ocrx_word' id='word_1_264' title='bbox 3793 789 3888 862; x_wconf 63' lang='grc' dir='ltr'>γὰρ</span> 
     </span>
    </p>
   </div>
   <div class='ocr_carea' id='block_1_37' title="bbox 3865 831 3886 861">
    <p class='ocr_par' dir='ltr' id='par_1_37' title="bbox 3865 831 3886 861">
     <span class='ocr_line' id='line_1_39' title="bbox 3865 831 3886 861; baseline 0 -19"><span class='ocrx_word' id='word_1_265' title='bbox 3865 831 3886 861; x_wconf 56' lang='grc' dir='ltr'><strong>Γ</strong></span> 
     </span>
    </p>
   </div>
   <div class='ocr_carea' id='block_1_38' title="bbox 2245 871 3890 952">
    <p class='ocr_par' dir='ltr' id='par_1_38' title="bbox 2245 871 3890 952">
     <span class='ocr_line' id='line_1_40' title="bbox 2245 871 3890 952; baseline 0.002 -26"><span class='ocrx_word' id='word_1_266' title='bbox 2245 871 2546 949; x_wconf 73' lang='grc' dir='ltr'>ἀφιοιρεῖται</span> <span class='ocrx_word' id='word_1_267' title='bbox 2579 871 2712 927; x_wconf 72' lang='grc' dir='ltr'>αὐτὰ</span> <span class='ocrx_word' id='word_1_268' title='bbox 2744 872 2794 927; x_wconf 87' lang='lat' dir='ltr'><strong>tv</strong></span> <span class='ocrx_word' id='word_1_269' title='bbox 2826 879 3035 944; x_wconf 83' lang='grc' dir='ltr'>κακοῖς,</span> <span class='ocrx_word' id='word_1_270' title='bbox 3068 875 3102 942; x_wconf 76' lang='grc' dir='ltr'>ἢ</span> <span class='ocrx_word' id='word_1_271' title='bbox 3153 879 3499 946; x_wconf 69' lang='grc' dir='ltr'><strong>μετανοοῦσιν</strong></span> <span class='ocrx_word' id='word_1_272' title='bbox 3552 876 3804 952; x_wconf 66' lang='grc' dir='ltr'>ἀφίησιν,</span> 
     </span>
    </p>
   </div>
   <div class='ocr_carea' id='block_1_39' title="bbox 2241 959 3896 1038">
    <p class='ocr_par' dir='ltr' id='par_1_39' title="bbox 2241 959 3896 1038">
     <span class='ocr_line' id='line_1_41' title="bbox 2241 959 3896 1038; baseline 0.004 -25"><span class='ocrx_word' id='word_1_273' title='bbox 2241 959 2591 1033; x_wconf 81' lang='grc' dir='ltr'>ἀμενανοήτῳ</span> <span class='ocrx_word' id='word_1_274' title='bbox 2637 966 2798 1035; x_wconf 90' lang='grc' dir='ltr'>τηρεῖ</span> <span class='ocrx_word' id='word_1_275' title='bbox 2845 960 2921 1023; x_wconf 79' lang='grc' dir='ltr'>εἷς</span> <span class='ocrx_word' id='word_1_276' title='bbox 2970 961 3141 1016; x_wconf 71' lang='grc' dir='ltr'>αἷῶνα</span> <span class='ocrx_word' id='word_1_277' title='bbox 3168 963 3268 1030; x_wconf 75' lang='grc' dir='ltr'>τὴν</span> <span class='ocrx_word' id='word_1_278' title='bbox 3296 962 3542 1020; x_wconf 87' lang='grc' dir='ltr'>κολασιν.</span> <span class='ocrx_word' id='word_1_279' title='bbox 3575 966 3636 1020; x_wconf 73' lang='grc' dir='ltr'><strong>Ὀ</strong></span> <span class='ocrx_word' id='word_1_280' title='bbox 3670 965 3775 1038; x_wconf 74' lang='grc' dir='ltr'>γὰρ</span> <span class='ocrx_word' id='word_1_281' title='bbox 3809 968 3896 1019; x_wconf 68' lang='grc' dir='ltr'>περ</span> 
     </span>
    </p>
   </div>
   <div class='ocr_carea' id='block_1_40' title="bbox 2241 1048 3895 1128">
    <p class='ocr_par' dir='ltr' id='par_1_40' title="bbox 2241 1048 3895 1128">
     <span class='ocr_line' id='line_1_42' title="bbox 2241 1048 3895 1128; baseline 0.004 -26"><span class='ocrx_word' id='word_1_282' title='bbox 2241 1069 2364 1118; x_wconf 87' lang='grc' dir='ltr'>νης,</span> <span class='ocrx_word' id='word_1_283' title='bbox 2390 1051 2479 1104; x_wconf 82' lang='grc' dir='ltr'><strong>καὶ</strong></span> <span class='ocrx_word' id='word_1_284' title='bbox 2514 1049 2768 1128; x_wconf 68' lang='grc' dir='ltr'>ἄφθονος,</span> <span class='ocrx_word' id='word_1_285' title='bbox 2803 1048 2889 1104; x_wconf 81' lang='grc' dir='ltr'><strong>ἐπὶ</strong></span> <span class='ocrx_word' id='word_1_286' title='bbox 2921 1056 3048 1104; x_wconf 79' lang='grc' dir='ltr'>πᾶσι</span> <span class='ocrx_word' id='word_1_287' title='bbox 3101 1050 3281 1126; x_wconf 85' lang='grc' dir='ltr'>Κυρίῳ</span> <span class='ocrx_word' id='word_1_288' title='bbox 3331 1051 3693 1128; x_wconf 68' lang='grc' dir='ltr'><strong>εὐχαριστῶν,</strong></span> <span class='ocrx_word' id='word_1_289' title='bbox 3740 1054 3895 1115; x_wconf 69' lang='grc' dir='ltr'>αὐτὸς</span> 
     </span>
    </p>
   </div>
   <div class='ocr_carea' id='block_1_41' title="bbox 2240 1137 3897 1216">
    <p class='ocr_par' dir='ltr' id='par_1_41' title="bbox 2240 1137 3897 1216">
     <span class='ocr_line' id='line_1_43' title="bbox 2240 1137 3897 1216; baseline 0.002 -25"><span class='ocrx_word' id='word_1_290' title='bbox 2240 1137 2387 1210; x_wconf 83' lang='grc' dir='ltr'><strong>παρὰ</strong></span> <span class='ocrx_word' id='word_1_291' title='bbox 2440 1144 2570 1193; x_wconf 82' lang='grc' dir='ltr'>πᾶσι</span> <span class='ocrx_word' id='word_1_292' title='bbox 2615 1138 2862 1206; x_wconf 88' lang='grc' dir='ltr'>πλουτεῖ,</span> <span class='ocrx_word' id='word_1_293' title='bbox 2914 1139 2996 1193; x_wconf 81' lang='grc' dir='ltr'>δτι</span> <span class='ocrx_word' id='word_1_294' title='bbox 3048 1138 3145 1193; x_wconf 72' lang='grc' dir='ltr'><strong>οὐκ</strong></span> <span class='ocrx_word' id='word_1_295' title='bbox 3193 1137 3307 1214; x_wconf 81' lang='grc' dir='ltr'>ἔχει</span> <span class='ocrx_word' id='word_1_296' title='bbox 3338 1140 3433 1194; x_wconf 87' lang='grc' dir='ltr'>τὸτ</span> <span class='ocrx_word' id='word_1_297' title='bbox 3468 1141 3715 1215; x_wconf 77' lang='grc' dir='ltr'>πονηρὸν</span> <span class='ocrx_word' id='word_1_298' title='bbox 3748 1163 3897 1216; x_wconf 76' lang='grc' dir='ltr'>περι-</span> 
     </span>
    </p>
   </div>
   <div class='ocr_carea' id='block_1_42' title="bbox 2243 1226 3888 1302">
    <p class='ocr_par' dir='ltr' id='par_1_42' title="bbox 2243 1226 3888 1302">
     <span class='ocr_line' id='line_1_44' title="bbox 2243 1226 3888 1302; baseline 0.003 -22"><span class='ocrx_word' id='word_1_299' title='bbox 2243 1226 2492 1298; x_wconf 86' lang='grc' dir='ltr'>σπασμὸν</span> <span class='ocrx_word' id='word_1_300' title='bbox 2538 1231 2646 1281; x_wconf 81' lang='grc' dir='ltr'><strong>τῶν</strong></span> <span class='ocrx_word' id='word_1_301' title='bbox 2695 1227 3017 1302; x_wconf 85' lang='grc' dir='ltr'>ἀνθρώπων.</span> <span class='ocrx_word' id='word_1_302' title='bbox 3070 1229 3320 1302; x_wconf 77' lang='grc' dir='ltr'>Ἐξάρατε</span> <span class='ocrx_word' id='word_1_303' title='bbox 3369 1227 3460 1283; x_wconf 78' lang='grc' dir='ltr'><strong>οὖν</strong></span> <span class='ocrx_word' id='word_1_304' title='bbox 3489 1227 3551 1283; x_wconf 84' lang='grc' dir='ltr'>τὸ</span> <span class='ocrx_word' id='word_1_305' title='bbox 3588 1235 3751 1302; x_wconf 87' lang='grc' dir='ltr'>μῖσος</span> <span class='ocrx_word' id='word_1_306' title='bbox 3786 1232 3888 1285; x_wconf 75' lang='grc' dir='ltr'>ἀπό</span> 
     </span>
    </p>
   </div>
   <div class='ocr_carea' id='block_1_43' title="bbox 2239 1314 3894 1392">
    <p class='ocr_par' dir='ltr' id='par_1_43' title="bbox 2239 1314 3894 1392">
     <span class='ocr_line' id='line_1_45' title="bbox 2239 1314 3894 1392; baseline 0.002 -24"><span class='ocrx_word' id='word_1_307' title='bbox 2239 1318 2346 1368; x_wconf 84' lang='grc' dir='ltr'><strong>τῶν</strong></span> <span class='ocrx_word' id='word_1_308' title='bbox 2397 1317 2588 1390; x_wconf 80' lang='grc' dir='ltr'>ψυχῶν</span> <span class='ocrx_word' id='word_1_309' title='bbox 2640 1314 2816 1388; x_wconf 79' lang='grc' dir='ltr'>ὑμῶν,</span> <span class='ocrx_word' id='word_1_310' title='bbox 2864 1316 2954 1371; x_wconf 83' lang='grc' dir='ltr'>καὶ</span> <span class='ocrx_word' id='word_1_311' title='bbox 2986 1315 3302 1392; x_wconf 79' lang='grc' dir='ltr'><strong>ἀγαπήσατε</strong></span> <span class='ocrx_word' id='word_1_312' title='bbox 3333 1315 3618 1389; x_wconf 73' lang='grc' dir='ltr'>ἀλλήλους</span> <span class='ocrx_word' id='word_1_313' title='bbox 3651 1318 3706 1372; x_wconf 81' lang='grc' dir='ltr'><strong>ἐν</strong></span> <span class='ocrx_word' id='word_1_314' title='bbox 3743 1319 3894 1383; x_wconf 63' lang='grc' dir='ltr'>εὐθύ-</span> 
     </span>
    </p>
   </div>
   <div class='ocr_carea' id='block_1_44' title="bbox 2239 1401 2640 1479">
    <p class='ocr_par' dir='ltr' id='par_1_44' title="bbox 2239 1401 2640 1479">
     <span class='ocr_line' id='line_1_46' title="bbox 2239 1401 2640 1479; baseline 0.002 -23"><span class='ocrx_word' id='word_1_315' title='bbox 2239 1423 2363 1473; x_wconf 88' lang='grc' dir='ltr'>τητι</span> <span class='ocrx_word' id='word_1_316' title='bbox 2394 1401 2640 1479; x_wconf 87' lang='grc' dir='ltr'>καρδίας.</span> 
     </span>
    </p>
   </div>
   <div class='ocr_carea' id='block_1_45' title="bbox 2313 1489 3894 1568">
    <p class='ocr_par' dir='ltr' id='par_1_45' title="bbox 2313 1489 3894 1568">
     <span class='ocr_line' id='line_1_47' title="bbox 2313 1489 3894 1568; baseline 0 -20"><span class='ocrx_word' id='word_1_317' title='bbox 2313 1493 2392 1548; x_wconf 88' lang='lat' dir='ltr'><strong>H’.</strong></span> <span class='ocrx_word' id='word_1_318' title='bbox 2427 1516 2454 1543; x_wconf 90' lang='lat'><strong>«</strong></span> <span class='ocrx_word' id='word_1_319' title='bbox 2489 1490 2688 1547; x_wconf 65' lang='lat' dir='ltr'><strong>Ei’nate</strong></span> <span class='ocrx_word' id='word_1_320' title='bbox 2710 1489 2767 1547; x_wconf 72' lang='grc' dir='ltr'>δὲ</span> <span class='ocrx_word' id='word_1_321' title='bbox 2793 1492 2884 1547; x_wconf 84' lang='grc' dir='ltr'>καὶ</span> <span class='ocrx_word' id='word_1_322' title='bbox 2915 1492 3072 1566; x_wconf 82' lang='grc' dir='ltr'>ὑμεῖς</span> <span class='ocrx_word' id='word_1_323' title='bbox 3098 1498 3265 1549; x_wconf 74' lang='grc' dir='ltr'>ταῦτα</span> <span class='ocrx_word' id='word_1_324' title='bbox 3291 1500 3410 1556; x_wconf 91' lang='grc' dir='ltr'>τοῖς</span> <span class='ocrx_word' id='word_1_325' title='bbox 3447 1495 3660 1556; x_wconf 84' lang='grc' dir='ltr'>τέκνοις</span> <span class='ocrx_word' id='word_1_326' title='bbox 3716 1495 3894 1568; x_wconf 74' lang='grc' dir='ltr'>ὑμῶν,</span> 
     </span>
    </p>
   </div>
   <div class='ocr_carea' id='block_1_46' title="bbox 2242 1578 3892 1656">
    <p class='ocr_par' dir='ltr' id='par_1_46' title="bbox 2242 1578 3892 1656">
     <span class='ocr_line' id='line_1_48' title="bbox 2242 1578 3892 1656; baseline 0.002 -22"><span class='ocrx_word' id='word_1_327' title='bbox 2242 1578 2392 1643; x_wconf 79' lang='grc' dir='ltr'>ὅπως</span> <span class='ocrx_word' id='word_1_328' title='bbox 2416 1583 2720 1653; x_wconf 72' lang='grc' dir='ltr'>τιμήσωσιν</span> <span class='ocrx_word' id='word_1_329' title='bbox 2755 1579 2959 1636; x_wconf 73' lang='grc' dir='ltr'>Ἰούδαν</span> <span class='ocrx_word' id='word_1_330' title='bbox 2991 1583 3080 1636; x_wconf 82' lang='grc' dir='ltr'><strong>καὶ</strong></span> <span class='ocrx_word' id='word_1_331' title='bbox 3109 1583 3238 1637; x_wconf 74' lang='grc' dir='ltr'>Λευῒ</span> <span class='ocrx_word' id='word_1_332' title='bbox 3262 1603 3274 1614; x_wconf 88' lang='grc'>·</span> <span class='ocrx_word' id='word_1_333' title='bbox 3318 1583 3402 1638; x_wconf 81' lang='grc' dir='ltr'>ὅτι</span> <span class='ocrx_word' id='word_1_334' title='bbox 3434 1583 3483 1656; x_wconf 79' lang='grc' dir='ltr'><strong>ἐξ</strong></span> <span class='ocrx_word' id='word_1_335' title='bbox 3534 1584 3714 1638; x_wconf 71' lang='grc' dir='ltr'>αὐτῶν</span> <span class='ocrx_word' id='word_1_336' title='bbox 3764 1583 3892 1637; x_wconf 72' lang='grc' dir='ltr'>ἀνα-</span> 
     </span>
    </p>
   </div>
   <div class='ocr_carea' id='block_1_47' title="bbox 2240 1668 3893 1746">
    <p class='ocr_par' dir='ltr' id='par_1_47' title="bbox 2240 1668 3893 1746">
     <span class='ocr_line' id='line_1_49' title="bbox 2240 1668 3893 1746; baseline 0.002 -23"><span class='ocrx_word' id='word_1_337' title='bbox 2240 1668 2387 1724; x_wconf 89' lang='grc' dir='ltr'>τελεῖ</span> <span class='ocrx_word' id='word_1_338' title='bbox 2440 1671 2564 1743; x_wconf 85' lang='grc' dir='ltr'>ὑμῖν</span> <span class='ocrx_word' id='word_1_339' title='bbox 2628 1669 2842 1744; x_wconf 76' lang='grc' dir='ltr'>Κύριος,</span> <span class='ocrx_word' id='word_1_340' title='bbox 2895 1671 3077 1744; x_wconf 83' lang='grc' dir='ltr'>σωτὴρ</span> <span class='ocrx_word' id='word_1_341' title='bbox 3125 1676 3202 1743; x_wconf 80' lang='grc' dir='ltr'>τῷ</span> <span class='ocrx_word' id='word_1_342' title='bbox 3243 1672 3485 1745; x_wconf 74' lang='grc' dir='ltr'>Ἰσραήλ.</span> <span class='ocrx_word' id='word_1_343' title='bbox 3518 1677 3731 1745; x_wconf 80' lang='grc' dir='ltr'>’Ἐγνων</span> <span class='ocrx_word' id='word_1_344' title='bbox 3791 1673 3893 1746; x_wconf 70' lang='grc' dir='ltr'>γᾶρ</span> 
     </span>
    </p>
   </div>
   <div class='ocr_carea' id='block_1_48' title="bbox 2241 1758 3897 1834">
    <p class='ocr_par' dir='ltr' id='par_1_48' title="bbox 2241 1758 3897 1834">
     <span class='ocr_line' id='line_1_50' title="bbox 2241 1758 3897 1834; baseline 0.001 -21"><span class='ocrx_word' id='word_1_345' title='bbox 2241 1759 2324 1814; x_wconf 80' lang='grc' dir='ltr'>ὅτι</span> <span class='ocrx_word' id='word_1_346' title='bbox 2375 1758 2462 1814; x_wconf 79' lang='grc' dir='ltr'>ἐπὶ</span> <span class='ocrx_word' id='word_1_347' title='bbox 2511 1759 2656 1815; x_wconf 88' lang='grc' dir='ltr'>τέλει</span> <span class='ocrx_word' id='word_1_348' title='bbox 2711 1762 2826 1834; x_wconf 84' lang='grc'>(69)</span> <span class='ocrx_word' id='word_1_349' title='bbox 2874 1761 3267 1831; x_wconf 83' lang='grc' dir='ltr'>ἀποστήσονται</span> <span class='ocrx_word' id='word_1_350' title='bbox 3315 1763 3383 1816; x_wconf 70' lang='grc' dir='ltr'>τὰ</span> <span class='ocrx_word' id='word_1_351' title='bbox 3422 1761 3582 1817; x_wconf 83' lang='grc' dir='ltr'>τέκνα</span> <span class='ocrx_word' id='word_1_352' title='bbox 3614 1763 3770 1833; x_wconf 77' lang='grc' dir='ltr'>ὑμῶν</span> <span class='ocrx_word' id='word_1_353' title='bbox 3807 1763 3897 1816; x_wconf 75' lang='grc' dir='ltr'><strong>ἀπ’</strong></span> 
     </span>
    </p>
   </div>
   <div class='ocr_carea' id='block_1_49' title="bbox 2241 1848 3898 1924">
    <p class='ocr_par' dir='ltr' id='par_1_49' title="bbox 2241 1848 3898 1924">
     <span class='ocr_line' id='line_1_51' title="bbox 2241 1848 3898 1924; baseline 0.001 -21"><span class='ocrx_word' id='word_1_354' title='bbox 2241 1848 2415 1904; x_wconf 81' lang='grc' dir='ltr'>αὐτῶν</span> <span class='ocrx_word' id='word_1_355' title='bbox 2467 1851 2601 1922; x_wconf 88' lang='grc'>(70),</span> <span class='ocrx_word' id='word_1_356' title='bbox 2650 1849 2738 1904; x_wconf 78' lang='grc' dir='ltr'><strong>καὶ</strong></span> <span class='ocrx_word' id='word_1_357' title='bbox 2788 1848 2839 1904; x_wconf 96' lang='lat' dir='ltr'><strong>tv</strong></span> <span class='ocrx_word' id='word_1_358' title='bbox 2889 1849 3029 1924; x_wconf 82' lang='grc' dir='ltr'>πάσῃ</span> <span class='ocrx_word' id='word_1_359' title='bbox 3077 1850 3336 1924; x_wconf 77' lang='grc' dir='ltr'>πονηρίᾳ,</span> <span class='ocrx_word' id='word_1_360' title='bbox 3367 1850 3458 1905; x_wconf 83' lang='grc' dir='ltr'><strong>καὶ</strong></span> <span class='ocrx_word' id='word_1_361' title='bbox 3487 1853 3750 1921; x_wconf 81' lang='grc' dir='ltr'><strong>κακώσει,</strong></span> <span class='ocrx_word' id='word_1_362' title='bbox 3811 1851 3898 1904; x_wconf 75' lang='grc' dir='ltr'><strong>καὶ</strong></span> 
     </span>
    </p>
   </div>
   <div class='ocr_carea' id='block_1_50' title="bbox 2243 1936 3897 2016">
    <p class='ocr_par' dir='ltr' id='par_1_50' title="bbox 2243 1936 3897 2016">
     <span class='ocr_line' id='line_1_52' title="bbox 2243 1936 3897 2016; baseline 0 -24"><span class='ocrx_word' id='word_1_363' title='bbox 2243 1936 2514 2016; x_wconf 76' lang='grc' dir='ltr'>διαφηορᾷ</span> <span class='ocrx_word' id='word_1_364' title='bbox 2547 1936 2755 1993; x_wconf 76' lang='grc' dir='ltr'>ἔσονται</span> <span class='ocrx_word' id='word_1_365' title='bbox 2788 1937 3016 1993; x_wconf 80' lang='grc' dir='ltr'>ἐνώπιον</span> <span class='ocrx_word' id='word_1_366' title='bbox 3050 1937 3267 2012; x_wconf 75' lang='grc' dir='ltr'>Κόριου.</span> <span class='ocrx_word' id='word_1_367' title='bbox 3306 1963 3332 1990; x_wconf 90' lang='grc'><strong>››</strong></span> <span class='ocrx_word' id='word_1_368' title='bbox 3375 1940 3473 1994; x_wconf 76' lang='grc' dir='ltr'><strong>Καὶ</strong></span> <span class='ocrx_word' id='word_1_369' title='bbox 3531 1939 3728 2012; x_wconf 68' lang='grc' dir='ltr'>ὀλίγον</span> <span class='ocrx_word' id='word_1_370' title='bbox 3763 1940 3897 2008; x_wconf 57' lang='grc' dir='ltr'>ᾖτα-</span> 
     </span>
    </p>
   </div>
   <div class='ocr_carea' id='block_1_51' title="bbox 2243 2026 3896 2102">
    <p class='ocr_par' dir='ltr' id='par_1_51' title="bbox 2243 2026 3896 2102">
     <span class='ocr_line' id='line_1_53' title="bbox 2243 2026 3896 2102; baseline 0.001 -21"><span class='ocrx_word' id='word_1_371' title='bbox 2243 2028 2434 2102; x_wconf 81' lang='grc' dir='ltr'>χάσας,</span> <span class='ocrx_word' id='word_1_372' title='bbox 2494 2026 2658 2083; x_wconf 76' lang='grc' dir='ltr'>πάλιν</span> <span class='ocrx_word' id='word_1_373' title='bbox 2709 2029 2853 2082; x_wconf 82' lang='grc' dir='ltr'>εἶπεν</span> <span class='ocrx_word' id='word_1_374' title='bbox 2903 2026 3106 2090; x_wconf 71' lang='grc' dir='ltr'>αὐτοῖς·</span> <span class='ocrx_word' id='word_1_375' title='bbox 3144 2052 3172 2080; x_wconf 89' lang='grc'><strong>‹‹</strong></span> <span class='ocrx_word' id='word_1_376' title='bbox 3202 2028 3368 2082; x_wconf 81' lang='grc' dir='ltr'>Τέκνα</span> <span class='ocrx_word' id='word_1_377' title='bbox 3401 2049 3526 2101; x_wconf 85' lang='grc' dir='ltr'>μου,</span> <span class='ocrx_word' id='word_1_378' title='bbox 3562 2027 3896 2082; x_wconf 70' lang='grc' dir='ltr'>έπακοῦσατε</span> 
     </span>
    </p>
   </div>
   <div class='ocr_carea' id='block_1_52' title="bbox 2241 2115 3896 2192">
    <p class='ocr_par' dir='ltr' id='par_1_52' title="bbox 2241 2115 3896 2192">
     <span class='ocr_line' id='line_1_54' title="bbox 2241 2115 3896 2192; baseline 0.001 -21"><span class='ocrx_word' id='word_1_379' title='bbox 2241 2120 2338 2171; x_wconf 79' lang='grc' dir='ltr'>τοῦ</span> <span class='ocrx_word' id='word_1_380' title='bbox 2367 2116 2569 2192; x_wconf 83' lang='grc' dir='ltr'>πατρὸς</span> <span class='ocrx_word' id='word_1_381' title='bbox 2603 2116 2772 2189; x_wconf 80' lang='grc' dir='ltr'>ὑμῶν,</span> <span class='ocrx_word' id='word_1_382' title='bbox 2828 2115 2917 2170; x_wconf 86' lang='grc' dir='ltr'>καὶ</span> <span class='ocrx_word' id='word_1_383' title='bbox 2958 2115 3158 2189; x_wconf 77' lang='grc' dir='ltr'>θάψατέ</span> <span class='ocrx_word' id='word_1_384' title='bbox 3202 2138 3268 2190; x_wconf 86' lang='grc' dir='ltr'><strong>με</strong></span> <span class='ocrx_word' id='word_1_385' title='bbox 3295 2116 3556 2191; x_wconf 73' lang='grc' dir='ltr'>σύνεγγυς</span> <span class='ocrx_word' id='word_1_386' title='bbox 3584 2121 3695 2170; x_wconf 81' lang='grc' dir='ltr'><strong>τῶν</strong></span> <span class='ocrx_word' id='word_1_387' title='bbox 3731 2116 3896 2172; x_wconf 80' lang='grc' dir='ltr'>πατέ-</span> 
     </span>
    </p>
   </div>
   <div class='ocr_carea' id='block_1_53' title="bbox 2245 2203 3896 2282">
    <p class='ocr_par' dir='ltr' id='par_1_53' title="bbox 2245 2203 3896 2282">
     <span class='ocr_line' id='line_1_55' title="bbox 2245 2203 3896 2282; baseline -0.001 -23"><span class='ocrx_word' id='word_1_388' title='bbox 2245 2225 2352 2282; x_wconf 88' lang='grc' dir='ltr'>ρων</span> <span class='ocrx_word' id='word_1_389' title='bbox 2405 2226 2531 2279; x_wconf 87' lang='grc' dir='ltr'>μου.</span> <span class='ocrx_word' id='word_1_390' title='bbox 2576 2228 2608 2256; x_wconf 84' lang='grc'><strong>››</strong></span> <span class='ocrx_word' id='word_1_391' title='bbox 2659 2205 2756 2259; x_wconf 83' lang='grc' dir='ltr'><strong>Καὶ</strong></span> <span class='ocrx_word' id='word_1_392' title='bbox 2805 2204 2990 2280; x_wconf 78' lang='grc' dir='ltr'>ἐξάρας</span> <span class='ocrx_word' id='word_1_393' title='bbox 3036 2205 3165 2267; x_wconf 80' lang='grc' dir='ltr'>τοὺς</span> <span class='ocrx_word' id='word_1_394' title='bbox 3196 2203 3366 2267; x_wconf 81' lang='grc' dir='ltr'>πόδας</span> <span class='ocrx_word' id='word_1_395' title='bbox 3398 2205 3588 2274; x_wconf 74' lang='grc' dir='ltr'>αὐτοῦ,</span> <span class='ocrx_word' id='word_1_396' title='bbox 3619 2204 3896 2279; x_wconf 67' lang='grc' dir='ltr'>ἐκοιμήθη</span> 
     </span>
    </p>
   </div>
   <div class='ocr_carea' id='block_1_54' title="bbox 2245 2291 3899 2370">
    <p class='ocr_par' dir='ltr' id='par_1_54' title="bbox 2245 2291 3899 2370">
     <span class='ocr_line' id='line_1_56' title="bbox 2245 2291 3899 2370; baseline -0.001 -21"><span class='ocrx_word' id='word_1_397' title='bbox 2245 2293 2296 2349; x_wconf 85' lang='lat' dir='ltr'><strong>tv</strong></span> <span class='ocrx_word' id='word_1_398' title='bbox 2331 2293 2538 2370; x_wconf 81' lang='grc' dir='ltr'>εἰρήνῃ.</span> <span class='ocrx_word' id='word_1_399' title='bbox 2575 2294 2678 2351; x_wconf 77' lang='grc' dir='ltr'>Καὶ</span> <span class='ocrx_word' id='word_1_400' title='bbox 2721 2293 2854 2367; x_wconf 83' lang='grc' dir='ltr'>μετὰ</span> <span class='ocrx_word' id='word_1_401' title='bbox 2899 2295 3058 2349; x_wconf 85' lang='grc' dir='ltr'>πέντε</span> <span class='ocrx_word' id='word_1_402' title='bbox 3107 2291 3199 2361; x_wconf 80' lang='grc' dir='ltr'>ἔτη</span> <span class='ocrx_word' id='word_1_403' title='bbox 3251 2296 3525 2370; x_wconf 82' lang='grc' dir='ltr'>ἀτήγαγον</span> <span class='ocrx_word' id='word_1_404' title='bbox 3570 2295 3760 2362; x_wconf 78' lang='grc' dir='ltr'>αὐτὸν,</span> <span class='ocrx_word' id='word_1_405' title='bbox 3813 2296 3899 2348; x_wconf 79' lang='grc' dir='ltr'><strong>καὶ</strong></span> 
     </span>
    </p>
   </div>
   <div class='ocr_carea' id='block_1_55' title="bbox 2244 2377 3900 2461">
    <p class='ocr_par' dir='ltr' id='par_1_55' title="bbox 2244 2377 3900 2461">
     <span class='ocr_line' id='line_1_57' title="bbox 2244 2377 3900 2461; baseline -0.001 -22"><span class='ocrx_word' id='word_1_406' title='bbox 2244 2380 2440 2454; x_wconf 77' lang='grc' dir='ltr'>ἔθηκαν</span> <span class='ocrx_word' id='word_1_407' title='bbox 2497 2382 2655 2439; x_wconf 83' lang='grc' dir='ltr'>αὐτὸν</span> <span class='ocrx_word' id='word_1_408' title='bbox 2707 2382 2785 2446; x_wconf 82' lang='grc' dir='ltr'><strong>είς</strong></span> <span class='ocrx_word' id='word_1_409' title='bbox 2835 2377 3055 2461; x_wconf 79' lang='grc' dir='ltr'>Χεϐρὼν</span> <span class='ocrx_word' id='word_1_410' title='bbox 3112 2382 3248 2458; x_wconf 75' lang='grc' dir='ltr'>μετὰ</span> <span class='ocrx_word' id='word_1_411' title='bbox 3307 2388 3416 2439; x_wconf 83' lang='grc' dir='ltr'>τῶν</span> <span class='ocrx_word' id='word_1_412' title='bbox 3481 2384 3736 2460; x_wconf 75' lang='grc' dir='ltr'>πατέρων</span> <span class='ocrx_word' id='word_1_413' title='bbox 3803 2383 3900 2438; x_wconf 69' lang='grc' dir='ltr'><strong>αὖ·</strong></span> 
     </span>
    </p>
   </div>
   <div class='ocr_carea' id='block_1_56' title="bbox 2241 2474 2494 2547">
    <p class='ocr_par' dir='ltr' id='par_1_56' title="bbox 2241 2474 2494 2547">
     <span class='ocr_line' id='line_1_58' title="bbox 2241 2474 2494 2547; baseline 0.008 -19"><span class='ocrx_word' id='word_1_414' title='bbox 2241 2475 2342 2528; x_wconf 78' lang='grc' dir='ltr'>τοῦ</span> <span class='ocrx_word' id='word_1_415' title='bbox 2363 2474 2494 2547; x_wconf 89' lang='grc'>(71).</span> 
     </span>
    </p>
   </div>
   <div class='ocr_carea' id='block_1_57' title="bbox 2824 2563 3289 2619">
    <p class='ocr_par' dir='ltr' id='par_1_57' title="bbox 2824 2563 3289 2619">
     <span class='ocr_line' id='line_1_59' title="bbox 2824 2563 3289 2619; baseline 0.002 -3"><span class='ocrx_word' id='word_1_416' title='bbox 2824 2563 3222 2619; x_wconf 79' lang='grc' dir='ltr'><strong>ΚΕΦΔΛΑῙΟΝ</strong></span> <span class='ocrx_word' id='word_1_417' title='bbox 3263 2566 3289 2617; x_wconf 89' lang='lat' dir='ltr'><strong>I</strong></span> 
     </span>
    </p>
   </div>
   <div class='ocr_carea' id='block_1_58' title="bbox 2247 2647 3900 2728">
    <p class='ocr_par' dir='ltr' id='par_1_58' title="bbox 2247 2647 3900 2728">
     <span class='ocr_line' id='line_1_60' title="bbox 2247 2647 3900 2728; baseline -0.002 -21"><span class='ocrx_word' id='word_1_418' title='bbox 2247 2649 2489 2722; x_wconf 87' lang='grc' dir='ltr'>Διαθήκη</span> <span class='ocrx_word' id='word_1_419' title='bbox 2550 2649 2742 2723; x_wconf 73' lang='grc' dir='ltr'>Ἀσὴρ,</span> <span class='ocrx_word' id='word_1_420' title='bbox 2799 2652 2922 2728; x_wconf 86' lang='grc' dir='ltr'>περὶ</span> <span class='ocrx_word' id='word_1_421' title='bbox 2968 2647 3072 2728; x_wconf 44' lang='grc' dir='ltr'>-δύο</span> <span class='ocrx_word' id='word_1_422' title='bbox 3154 2651 3463 2728; x_wconf 83' lang='grc' dir='ltr'>προσώπων</span> <span class='ocrx_word' id='word_1_423' title='bbox 3539 2649 3734 2712; x_wconf 84' lang='grc' dir='ltr'>κακίας</span> <span class='ocrx_word' id='word_1_424' title='bbox 3808 2648 3900 2704; x_wconf 82' lang='grc' dir='ltr'><strong>καὶ</strong></span> 
     </span>
    </p>
   </div>
   <div class='ocr_carea' id='block_1_59' title="bbox 2957 2722 3176 2798">
    <p class='ocr_par' dir='ltr' id='par_1_59' title="bbox 2957 2722 3176 2798">
     <span class='ocr_line' id='line_1_61' title="bbox 2957 2722 3176 2798; baseline 0.009 -21"><span class='ocrx_word' id='word_1_425' title='bbox 2957 2722 3176 2798; x_wconf 83' lang='grc' dir='ltr'>ἀρετῆς.</span> 
     </span>
    </p>
   </div>
   <div class='ocr_carea' id='block_1_60' title="bbox 2317 2824 3906 2907">
    <p class='ocr_par' dir='ltr' id='par_1_60' title="bbox 2317 2824 3906 2907">
     <span class='ocr_line' id='line_1_62' title="bbox 2317 2824 3906 2907; baseline -0.003 -22"><span class='ocrx_word' id='word_1_426' title='bbox 2317 2829 2395 2886; x_wconf 84' lang='grc' dir='ltr'><strong>Α’.</strong></span> <span class='ocrx_word' id='word_1_427' title='bbox 2449 2825 2804 2907; x_wconf 79' lang='grc' dir='ltr'>’Δντίγραφον</span> <span class='ocrx_word' id='word_1_428' title='bbox 2851 2824 3116 2899; x_wconf 75' lang='grc' dir='ltr'>διαθήκης</span> <span class='ocrx_word' id='word_1_429' title='bbox 3163 2828 3356 2902; x_wconf 77' lang='grc' dir='ltr'>Ἀσὴρ,</span> <span class='ocrx_word' id='word_1_430' title='bbox 3415 2827 3447 2882; x_wconf 78' lang='grc' dir='ltr'>ἂ</span> <span class='ocrx_word' id='word_1_431' title='bbox 3497 2825 3741 2897; x_wconf 79' lang='grc' dir='ltr'>ἐλάλησε</span> <span class='ocrx_word' id='word_1_432' title='bbox 3783 2833 3906 2888; x_wconf 80' lang='grc' dir='ltr'>τοῖς</span> 
     </span>
    </p>
   </div>
   <div class='ocr_carea' id='block_1_61' title="bbox 2251 2913 3910 2991">
    <p class='ocr_par' dir='ltr' id='par_1_61' title="bbox 2251 2913 3910 2991">
     <span class='ocr_line' id='line_1_63' title="bbox 2251 2913 3910 2991; baseline -0.002 -19"><span class='ocrx_word' id='word_1_433' title='bbox 2251 2917 2390 2979; x_wconf 75' lang='grc' dir='ltr'>υἱοῖς</span> <span class='ocrx_word' id='word_1_434' title='bbox 2424 2915 2588 2972; x_wconf 74' lang='grc' dir='ltr'>αὐτοῦ</span> <span class='ocrx_word' id='word_1_435' title='bbox 2617 2916 2668 2972; x_wconf 83' lang='lat' dir='ltr'><strong>tv</strong></span> <span class='ocrx_word' id='word_1_436' title='bbox 2703 2918 2812 2991; x_wconf 83' lang='grc' dir='ltr'>ρκς¹</span> <span class='ocrx_word' id='word_1_437' title='bbox 2842 2913 2948 2972; x_wconf 81' lang='grc' dir='ltr'>ἔτει</span> <span class='ocrx_word' id='word_1_438' title='bbox 2974 2924 3073 2987; x_wconf 86' lang='grc' dir='ltr'>τῆς</span> <span class='ocrx_word' id='word_1_439' title='bbox 3121 2922 3268 2986; x_wconf 82' lang='grc' dir='ltr'>ζωῆς</span> <span class='ocrx_word' id='word_1_440' title='bbox 3317 2916 3503 2973; x_wconf 75' lang='grc' dir='ltr'>αὐτοῦ.</span> <span class='ocrx_word' id='word_1_441' title='bbox 3553 2920 3675 2971; x_wconf 71' lang='lat' dir='ltr'><strong>&quot;Et:</strong></span> <span class='ocrx_word' id='word_1_442' title='bbox 3730 2917 3910 2990; x_wconf 78' lang='grc' dir='ltr'>ὑγιαὶο</span> 
     </span>
    </p>
   </div>
   <div class='ocr_carea' id='block_1_62' title="bbox 2249 3004 3910 3081">
    <p class='ocr_par' dir='ltr' id='par_1_62' title="bbox 2249 3004 3910 3081">
     <span class='ocr_line' id='line_1_64' title="bbox 2249 3004 3910 3081; baseline 0 -21"><span class='ocrx_word' id='word_1_443' title='bbox 2249 3027 2376 3079; x_wconf 89' lang='grc' dir='ltr'>νων,</span> <span class='ocrx_word' id='word_1_444' title='bbox 2428 3004 2543 3060; x_wconf 77' lang='grc' dir='ltr'>εἶπε</span> <span class='ocrx_word' id='word_1_445' title='bbox 2584 3006 2722 3081; x_wconf 87' lang='grc' dir='ltr'>πρὸς</span> <span class='ocrx_word' id='word_1_446' title='bbox 2772 3004 2984 3068; x_wconf 76' lang='grc' dir='ltr'>αὐτοὺς’</span> <span class='ocrx_word' id='word_1_447' title='bbox 3034 3029 3063 3058; x_wconf 89' lang='grc'><strong>‹‹</strong></span> <span class='ocrx_word' id='word_1_448' title='bbox 3117 3005 3430 3078; x_wconf 75' lang='grc' dir='ltr'>’Δκούσατε,</span> <span class='ocrx_word' id='word_1_449' title='bbox 3487 3004 3648 3060; x_wconf 86' lang='grc' dir='ltr'>τέκνα</span> <span class='ocrx_word' id='word_1_450' title='bbox 3710 3007 3910 3080; x_wconf 71' lang='grc' dir='ltr'><strong>’Δι’ἠρ,</strong></span> 
     </span>
    </p>
   </div>
   <div class='ocr_carea' id='block_1_63' title="bbox 2247 3093 3912 3169">
    <p class='ocr_par' dir='ltr' id='par_1_63' title="bbox 2247 3093 3912 3169">
     <span class='ocr_line' id='line_1_65' title="bbox 2247 3093 3912 3169; baseline -0.003 -18"><span class='ocrx_word' id='word_1_451' title='bbox 2247 3099 2347 3151; x_wconf 80' lang='grc' dir='ltr'>τοῦ</span> <span class='ocrx_word' id='word_1_452' title='bbox 2377 3095 2581 3169; x_wconf 89' lang='grc' dir='ltr'>πατρὸς</span> <span class='ocrx_word' id='word_1_453' title='bbox 2612 3093 2790 3168; x_wconf 77' lang='grc' dir='ltr'>ὑμῶν,</span> <span class='ocrx_word' id='word_1_454' title='bbox 2828 3094 2917 3150; x_wconf 83' lang='grc' dir='ltr'><strong>καὶ</strong></span> <span class='ocrx_word' id='word_1_455' title='bbox 2948 3100 3052 3150; x_wconf 80' lang='grc' dir='ltr'>πᾶν</span> <span class='ocrx_word' id='word_1_456' title='bbox 3077 3096 3141 3150; x_wconf 86' lang='grc' dir='ltr'>τὸ</span> <span class='ocrx_word' id='word_1_457' title='bbox 3173 3094 3321 3157; x_wconf 78' lang='grc' dir='ltr'>εὐθὶς</span> <span class='ocrx_word' id='word_1_458' title='bbox 3353 3093 3582 3150; x_wconf 79' lang='grc' dir='ltr'>ἐνώπιον</span> <span class='ocrx_word' id='word_1_459' title='bbox 3622 3098 3725 3148; x_wconf 77' lang='grc' dir='ltr'><strong>τοῦ</strong></span> <span class='ocrx_word' id='word_1_460' title='bbox 3777 3100 3912 3150; x_wconf 67' lang='grc' dir='ltr'>Θεοῦ</span> 
     </span>
    </p>
   </div>
   <div class='ocr_carea' id='block_1_64' title="bbox 2257 3181 3913 3257">
    <p class='ocr_par' dir='ltr' id='par_1_64' title="bbox 2257 3181 3913 3257">
     <span class='ocr_line' id='line_1_66' title="bbox 2257 3181 3913 3257; baseline -0.003 -16"><span class='ocrx_word' id='word_1_461' title='bbox 2257 3182 2523 3256; x_wconf 76' lang='grc' dir='ltr'>ὑποδείξω</span> <span class='ocrx_word' id='word_1_462' title='bbox 2575 3184 2722 3257; x_wconf 82' lang='grc' dir='ltr'>ὑμῖν.</span> <span class='ocrx_word' id='word_1_463' title='bbox 2775 3183 2879 3239; x_wconf 79' lang='grc' dir='ltr'><strong>Δύο</strong></span> <span class='ocrx_word' id='word_1_464' title='bbox 2931 3181 3090 3247; x_wconf 82' lang='grc' dir='ltr'>ὁδοὺς</span> <span class='ocrx_word' id='word_1_465' title='bbox 3133 3181 3331 3239; x_wconf 69' lang='grc' dir='ltr'>ἔδωκεν</span> <span class='ocrx_word' id='word_1_466' title='bbox 3378 3185 3406 3239; x_wconf 86' lang='grc' dir='ltr'>ὁ</span> <span class='ocrx_word' id='word_1_467' title='bbox 3455 3183 3586 3245; x_wconf 84' lang='grc' dir='ltr'>Θεὸς</span> <span class='ocrx_word' id='word_1_468' title='bbox 3615 3189 3736 3244; x_wconf 89' lang='grc' dir='ltr'>τοῖς</span> <span class='ocrx_word' id='word_1_469' title='bbox 3771 3184 3913 3241; x_wconf 73' lang='grc' dir='ltr'>υἱοῖς</span> 
     </span>
    </p>
   </div>
   <div class='ocr_carea' id='block_1_65' title="bbox 495 3257 2144 3350">
    <p class='ocr_par' dir='ltr' id='par_1_65' title="bbox 495 3265 2144 3342">
     <span class='ocr_line' id='line_1_67' title="bbox 495 3265 2144 3342; baseline -0.008 -11"><span class='ocrx_word' id='word_1_470' title='bbox 495 3275 747 3341; x_wconf 89' lang='lat' dir='ltr'><strong>minum,</strong></span> <span class='ocrx_word' id='word_1_471' title='bbox 783 3274 897 3329; x_wconf 90' lang='lat' dir='ltr'><strong>duo</strong></span> <span class='ocrx_word' id='word_1_472' title='bbox 929 3273 1192 3342; x_wconf 90' lang='lat' dir='ltr'><strong>consilia,</strong></span> <span class='ocrx_word' id='word_1_473' title='bbox 1226 3277 1282 3328; x_wconf 92' lang='lat' dir='ltr'><strong>et</strong></span> <span class='ocrx_word' id='word_1_474' title='bbox 1311 3274 1460 3328; x_wconf 91' lang='lat' dir='ltr'><strong>duos</strong></span> <span class='ocrx_word' id='word_1_475' title='bbox 1487 3275 1674 3341; x_wconf 89' lang='lat' dir='ltr'><strong>actus,</strong></span> <span class='ocrx_word' id='word_1_476' title='bbox 1696 3273 1754 3326; x_wconf 91' lang='lat' dir='ltr'><strong>et</strong></span> <span class='ocrx_word' id='word_1_477' title='bbox 1782 3269 1896 3323; x_wconf 91' lang='lat' dir='ltr'><strong>duo</strong></span> <span class='ocrx_word' id='word_1_478' title='bbox 1927 3266 2073 3331; x_wconf 87' lang='lat' dir='ltr'><strong>loca,</strong></span> <span class='ocrx_word' id='word_1_479' title='bbox 2093 3265 2144 3319; x_wconf 90' lang='lat' dir='ltr'><strong>et</strong></span> 
     </span>
    </p>
   </div>
   <div class='ocr_carea' id='block_1_66' title="bbox 2263 3257 3909 3350">
    <p class='ocr_par' dir='ltr' id='par_1_66' title="bbox 2263 3269 3909 3350">
     <span class='ocr_line' id='line_1_68' title="bbox 2263 3269 3909 3350; baseline -0.003 -21"><span class='ocrx_word' id='word_1_480' title='bbox 2263 3279 2364 3330; x_wconf 81' lang='grc' dir='ltr'><strong>τῶν</strong></span> <span class='ocrx_word' id='word_1_481' title='bbox 2412 3273 2727 3350; x_wconf 82' lang='grc' dir='ltr'>ἀνθρώπων,</span> <span class='ocrx_word' id='word_1_482' title='bbox 2784 3271 2879 3328; x_wconf 78' lang='grc' dir='ltr'>δύο</span> <span class='ocrx_word' id='word_1_483' title='bbox 2929 3269 3239 3345; x_wconf 76' lang='grc' dir='ltr'>διαϐούλια,</span> <span class='ocrx_word' id='word_1_484' title='bbox 3269 3270 3484 3328; x_wconf 76' lang='grc' dir='ltr'>καὶδύο</span> <span class='ocrx_word' id='word_1_485' title='bbox 3514 3274 3759 3348; x_wconf 72' lang='grc' dir='ltr'>πράξεις,</span> <span class='ocrx_word' id='word_1_486' title='bbox 3818 3274 3909 3326; x_wconf 77' lang='grc' dir='ltr'>καὶ</span> 
     </span>
    </p>
   </div>
   <div class='ocr_carea' id='block_1_67' title="bbox 496 3357 2150 3434">
    <p class='ocr_par' dir='ltr' id='par_1_67' title="bbox 496 3357 2150 3434">
     <span class='ocr_line' id='line_1_69' title="bbox 496 3357 2150 3434; baseline -0.008 -15"><span class='ocrx_word' id='word_1_487' title='bbox 496 3364 646 3419; x_wconf 89' lang='lat' dir='ltr'><strong>duos</strong></span> <span class='ocrx_word' id='word_1_488' title='bbox 679 3363 843 3418; x_wconf 85' lang='lat' dir='ltr'><strong>fines.</strong></span> <span class='ocrx_word' id='word_1_489' title='bbox 880 3363 1128 3434; x_wconf 87' lang='lat' dir='ltr'><strong>Ideoque</strong></span> <span class='ocrx_word' id='word_1_490' title='bbox 1160 3362 1357 3418; x_wconf 88' lang='lat' dir='ltr'><strong>omnia</strong></span> <span class='ocrx_word' id='word_1_491' title='bbox 1401 3363 1516 3417; x_wconf 91' lang='lat' dir='ltr'><strong>duo</strong></span> <span class='ocrx_word' id='word_1_492' title='bbox 1562 3362 1700 3416; x_wconf 92' lang='lat' dir='ltr'><strong>sunt</strong></span> <span class='ocrx_word' id='word_1_493' title='bbox 1733 3373 1916 3412; x_wconf 91' lang='lat' dir='ltr'><strong>unum</strong></span> <span class='ocrx_word' id='word_1_494' title='bbox 1948 3357 2150 3410; x_wconf 89' lang='lat' dir='ltr'><strong>contra</strong></span> 
     </span>
    </p>
   </div>
   <div class='ocr_carea' id='block_1_68' title="bbox 499 3445 2150 3522">
    <p class='ocr_par' dir='ltr' id='par_1_68' title="bbox 499 3445 2150 3522">
     <span class='ocr_line' id='line_1_70' title="bbox 499 3445 2150 3522; baseline -0.007 -14"><span class='ocrx_word' id='word_1_495' title='bbox 499 3451 831 3508; x_wconf 71' lang='lat' dir='ltr'><strong>unum.Viaa</strong></span> <span class='ocrx_word' id='word_1_496' title='bbox 855 3452 1144 3520; x_wconf 83' lang='lat' dir='ltr'><strong>duae,boni</strong></span> <span class='ocrx_word' id='word_1_497' title='bbox 1161 3457 1216 3508; x_wconf 90' lang='lat' dir='ltr'><strong>et</strong></span> <span class='ocrx_word' id='word_1_498' title='bbox 1231 3451 1388 3519; x_wconf 90' lang='lat' dir='ltr'><strong>mali;</strong></span> <span class='ocrx_word' id='word_1_499' title='bbox 1405 3452 1463 3505; x_wconf 91' lang='lat' dir='ltr'><strong>in</strong></span> <span class='ocrx_word' id='word_1_500' title='bbox 1487 3445 1986 3522; x_wconf 90' lang='lat' dir='ltr'><strong>quibussuntduo</strong></span> <span class='ocrx_word' id='word_1_501' title='bbox 2008 3458 2150 3498; x_wconf 91' lang='lat' dir='ltr'><strong>con-</strong></span> 
     </span>
    </p>
   </div>
   <div class='ocr_carea' id='block_1_69' title="bbox 499 3531 2152 3611">
    <p class='ocr_par' dir='ltr' id='par_1_69' title="bbox 499 3531 2152 3611">
     <span class='ocr_line' id='line_1_71' title="bbox 499 3531 2152 3611; baseline -0.007 -14"><span class='ocrx_word' id='word_1_502' title='bbox 499 3540 635 3598; x_wconf 89' lang='lat' dir='ltr'><strong>silia</strong></span> <span class='ocrx_word' id='word_1_503' title='bbox 655 3541 713 3595; x_wconf 90' lang='lat' dir='ltr'><strong>in</strong></span> <span class='ocrx_word' id='word_1_504' title='bbox 738 3540 1064 3611; x_wconf 88' lang='lat' dir='ltr'><strong>pectoribus</strong></span> <span class='ocrx_word' id='word_1_505' title='bbox 1087 3541 1324 3611; x_wconf 89' lang='lat' dir='ltr'><strong>nostris,</strong></span> <span class='ocrx_word' id='word_1_506' title='bbox 1350 3541 1427 3610; x_wconf 90' lang='lat' dir='ltr'><strong>dij</strong></span> <span class='ocrx_word' id='word_1_507' title='bbox 1439 3536 1732 3595; x_wconf 89' lang='lat' dir='ltr'><strong>udicantia</strong></span> <span class='ocrx_word' id='word_1_508' title='bbox 1752 3552 1870 3591; x_wconf 91' lang='lat' dir='ltr'><strong>eos.</strong></span> <span class='ocrx_word' id='word_1_509' title='bbox 1892 3532 1953 3588; x_wconf 89' lang='lat' dir='ltr'><strong>Si</strong></span> <span class='ocrx_word' id='word_1_510' title='bbox 1971 3531 2152 3604; x_wconf 88' lang='lat' dir='ltr'><strong>igitur</strong></span> 
     </span>
    </p>
   </div>
   <div class='ocr_carea' id='block_1_70' title="bbox 501 3620 2150 3699">
    <p class='ocr_par' dir='ltr' id='par_1_70' title="bbox 501 3620 2150 3699">
     <span class='ocr_line' id='line_1_72' title="bbox 501 3620 2150 3699; baseline -0.008 -13"><span class='ocrx_word' id='word_1_511' title='bbox 501 3630 699 3686; x_wconf 91' lang='lat' dir='ltr'><strong>anima</strong></span> <span class='ocrx_word' id='word_1_512' title='bbox 726 3628 867 3684; x_wconf 91' lang='lat' dir='ltr'><strong>velit</strong></span> <span class='ocrx_word' id='word_1_513' title='bbox 887 3630 942 3683; x_wconf 88' lang='lat' dir='ltr'><strong>in</strong></span> <span class='ocrx_word' id='word_1_514' title='bbox 966 3630 1237 3699; x_wconf 90' lang='lat' dir='ltr'><strong>bono,[ad</strong></span> <span class='ocrx_word' id='word_1_515' title='bbox 1265 3631 1480 3685; x_wconf 91' lang='lat' dir='ltr'><strong>bonum</strong></span> <span class='ocrx_word' id='word_1_516' title='bbox 1511 3627 1747 3684; x_wconf 86' lang='lat' dir='ltr'><strong>ducitur</strong></span> <span class='ocrx_word' id='word_1_517' title='bbox 1767 3622 1966 3694; x_wconf 88' lang='lat' dir='ltr'><strong>homo]</strong></span> <span class='ocrx_word' id='word_1_518' title='bbox 1988 3620 2150 3692; x_wconf 78' lang='lat'>(72&#39;).</span> 
     </span>
    </p>
   </div>
   <div class='ocr_carea' id='block_1_71' title="bbox 508 3708 2153 3790">
    <p class='ocr_par' dir='ltr' id='par_1_71' title="bbox 508 3708 2153 3790">
     <span class='ocr_line' id='line_1_73' title="bbox 508 3708 2153 3790; baseline -0.008 -15"><span class='ocrx_word' id='word_1_519' title='bbox 508 3719 701 3775; x_wconf 88' lang='lat' dir='ltr'><strong>omnis</strong></span> <span class='ocrx_word' id='word_1_520' title='bbox 734 3722 897 3772; x_wconf 90' lang='lat' dir='ltr'><strong>actus</strong></span> <span class='ocrx_word' id='word_1_521' title='bbox 917 3718 1100 3789; x_wconf 86' lang='lat' dir='ltr'><strong>ipsius</strong></span> <span class='ocrx_word' id='word_1_522' title='bbox 1124 3724 1212 3774; x_wconf 91' lang='lat' dir='ltr'><strong>est</strong></span> <span class='ocrx_word' id='word_1_523' title='bbox 1243 3719 1298 3773; x_wconf 92' lang='lat' dir='ltr'><strong>in</strong></span> <span class='ocrx_word' id='word_1_524' title='bbox 1325 3719 1557 3790; x_wconf 88' lang='lat' dir='ltr'><strong>justitia</strong></span> <span class='ocrx_word' id='word_1_525' title='bbox 1582 3736 1594 3785; x_wconf 89' lang='lat'>;</span> <span class='ocrx_word' id='word_1_526' title='bbox 1619 3722 1675 3772; x_wconf 89' lang='lat' dir='ltr'><strong>et</strong></span> <span class='ocrx_word' id='word_1_527' title='bbox 1704 3716 1751 3771; x_wconf 90' lang='lat' dir='ltr'><strong>si</strong></span> <span class='ocrx_word' id='word_1_528' title='bbox 1777 3708 2153 3786; x_wconf 89' lang='lat' dir='ltr'><strong>peccet,illico</strong></span> 
     </span>
    </p>
   </div>
   <div class='ocr_carea' id='block_1_72' title="bbox 497 3799 2152 3881">
    <p class='ocr_par' dir='ltr' id='par_1_72' title="bbox 497 3799 2152 3881">
     <span class='ocr_line' id='line_1_74' title="bbox 497 3799 2152 3881; baseline -0.007 -18"><span class='ocrx_word' id='word_1_529' title='bbox 497 3806 809 3877; x_wconf 86' lang='lat' dir='ltr'><strong>resipiscit.</strong></span> <span class='ocrx_word' id='word_1_530' title='bbox 826 3807 852 3862; x_wconf 87' lang='lat' dir='ltr'>J</span> <span class='ocrx_word' id='word_1_531' title='bbox 867 3812 996 3862; x_wconf 90' lang='lat' dir='ltr'><strong>usta</strong></span> <span class='ocrx_word' id='word_1_532' title='bbox 1011 3808 1165 3862; x_wconf 87' lang='lat' dir='ltr'><strong>enim</strong></span> <span class='ocrx_word' id='word_1_533' title='bbox 1188 3809 1534 3881; x_wconf 89' lang='lat' dir='ltr'><strong>cogitans,et</strong></span> <span class='ocrx_word' id='word_1_534' title='bbox 1549 3806 1830 3878; x_wconf 89' lang='lat' dir='ltr'><strong>abjiciens</strong></span> <span class='ocrx_word' id='word_1_535' title='bbox 1842 3799 2152 3868; x_wconf 84' lang='lat' dir='ltr'><strong>malitiam,</strong></span> 
     </span>
    </p>
   </div>
   <div class='ocr_carea' id='block_1_73' title="bbox 513 3889 2154 3968">
    <p class='ocr_par' dir='ltr' id='par_1_73' title="bbox 513 3889 2154 3968">
     <span class='ocr_line' id='line_1_75' title="bbox 513 3889 2154 3968; baseline -0.006 -15"><span class='ocrx_word' id='word_1_536' title='bbox 513 3897 713 3954; x_wconf 88' lang='lat' dir='ltr'><strong>statim</strong></span> <span class='ocrx_word' id='word_1_537' title='bbox 743 3897 946 3952; x_wconf 85' lang='lat' dir='ltr'><strong>evertit</strong></span> <span class='ocrx_word' id='word_1_538' title='bbox 973 3896 1300 3966; x_wconf 72' lang='lat' dir='ltr'><strong>malum,,et</strong></span> <span class='ocrx_word' id='word_1_539' title='bbox 1329 3897 1583 3953; x_wconf 89' lang='lat' dir='ltr'><strong>eradicat</strong></span> <span class='ocrx_word' id='word_1_540' title='bbox 1613 3889 2001 3968; x_wconf 89' lang='lat' dir='ltr'><strong>peccatum.Si</strong></span> <span class='ocrx_word' id='word_1_541' title='bbox 2023 3903 2154 3943; x_wconf 91' lang='lat' dir='ltr'><strong>vero</strong></span> 
     </span>
    </p>
   </div>
   <div class='ocr_carea' id='block_1_74' title="bbox 504 3979 2157 4055">
    <p class='ocr_par' dir='ltr' id='par_1_74' title="bbox 504 3979 2157 4055">
     <span class='ocr_line' id='line_1_76' title="bbox 504 3979 2157 4055; baseline -0.009 -10"><span class='ocrx_word' id='word_1_542' title='bbox 504 3988 576 4045; x_wconf 85' lang='lat' dir='ltr'><strong>ad</strong></span> <span class='ocrx_word' id='word_1_543' title='bbox 607 3986 828 4042; x_wconf 90' lang='lat' dir='ltr'><strong>malum</strong></span> <span class='ocrx_word' id='word_1_544' title='bbox 862 3984 1117 4042; x_wconf 89' lang='lat' dir='ltr'><strong>declinat</strong></span> <span class='ocrx_word' id='word_1_545' title='bbox 1145 3987 1476 4055; x_wconf 91' lang='lat' dir='ltr'><strong>consilium,</strong></span> <span class='ocrx_word' id='word_1_546' title='bbox 1496 3985 1688 4041; x_wconf 90' lang='lat' dir='ltr'><strong>omnis</strong></span> <span class='ocrx_word' id='word_1_547' title='bbox 1721 3986 1887 4038; x_wconf 90' lang='lat' dir='ltr'><strong>actus</strong></span> <span class='ocrx_word' id='word_1_548' title='bbox 1917 3979 2047 4049; x_wconf 91' lang='lat' dir='ltr'><strong>ejus</strong></span> <span class='ocrx_word' id='word_1_549' title='bbox 2067 3979 2157 4032; x_wconf 91' lang='lat' dir='ltr'><strong>est</strong></span> 
     </span>
    </p>
   </div>
   <div class='ocr_carea' id='block_1_75' title="bbox 496 4068 2158 4148">
    <p class='ocr_par' dir='ltr' id='par_1_75' title="bbox 496 4068 2158 4148">
     <span class='ocr_line' id='line_1_77' title="bbox 496 4068 2158 4148; baseline -0.007 -18"><span class='ocrx_word' id='word_1_550' title='bbox 496 4075 562 4130; x_wconf 91' lang='lat' dir='ltr'><strong>in</strong></span> <span class='ocrx_word' id='word_1_551' title='bbox 596 4075 842 4146; x_wconf 88' lang='lat' dir='ltr'><strong>malitia,</strong></span> <span class='ocrx_word' id='word_1_552' title='bbox 869 4079 925 4130; x_wconf 92' lang='lat' dir='ltr'><strong>et</strong></span> <span class='ocrx_word' id='word_1_553' title='bbox 956 4075 1240 4148; x_wconf 81' lang='lat' dir='ltr'><strong>repellens</strong></span> <span class='ocrx_word' id='word_1_554' title='bbox 1269 4076 1489 4131; x_wconf 91' lang='lat' dir='ltr'><strong>bonum</strong></span> <span class='ocrx_word' id='word_1_555' title='bbox 1522 4072 1773 4130; x_wconf 88' lang='lat' dir='ltr'><strong>assumit</strong></span> <span class='ocrx_word' id='word_1_556' title='bbox 1803 4068 2026 4124; x_wconf 90' lang='lat' dir='ltr'><strong>malum</strong></span> <span class='ocrx_word' id='word_1_557' title='bbox 2053 4083 2066 4133; x_wconf 90' lang='lat'><strong>;</strong></span> <span class='ocrx_word' id='word_1_558' title='bbox 2099 4068 2158 4120; x_wconf 88' lang='lat' dir='ltr'><strong>et</strong></span> 
     </span>
    </p>
   </div>
   <div class='ocr_carea' id='block_1_76' title="bbox 502 4154 2157 4232">
    <p class='ocr_par' dir='ltr' id='par_1_76' title="bbox 502 4154 2157 4232">
     <span class='ocr_line' id='line_1_78' title="bbox 502 4154 2157 4232; baseline -0.008 -12"><span class='ocrx_word' id='word_1_559' title='bbox 502 4165 860 4220; x_wconf 88' lang='lat' dir='ltr'><strong>constitutus</strong></span> <span class='ocrx_word' id='word_1_560' title='bbox 888 4165 997 4220; x_wconf 89' lang='lat' dir='ltr'><strong>sub</strong></span> <span class='ocrx_word' id='word_1_561' title='bbox 1021 4165 1279 4220; x_wconf 90' lang='lat' dir='ltr'><strong>dominio</strong></span> <span class='ocrx_word' id='word_1_562' title='bbox 1305 4163 1632 4232; x_wconf 87' lang='lat' dir='ltr'><strong>Beliar,etsi</strong></span> <span class='ocrx_word' id='word_1_563' title='bbox 1663 4163 1883 4217; x_wconf 91' lang='lat' dir='ltr'><strong>bonum</strong></span> <span class='ocrx_word' id='word_1_564' title='bbox 1917 4154 2157 4226; x_wconf 85' lang='lat' dir='ltr'><strong>aliquod</strong></span> 
     </span>
    </p>
   </div>
   <div class='ocr_carea' id='block_1_77' title="bbox 504 4243 2156 4324">
    <p class='ocr_par' dir='ltr' id='par_1_77' title="bbox 504 4243 2156 4324">
     <span class='ocr_line' id='line_1_79' title="bbox 504 4243 2156 4324; baseline -0.007 -16"><span class='ocrx_word' id='word_1_565' title='bbox 504 4258 794 4324; x_wconf 88' lang='lat' dir='ltr'><strong>operetur,</strong></span> <span class='ocrx_word' id='word_1_566' title='bbox 826 4254 884 4307; x_wconf 89' lang='lat' dir='ltr'><strong>in</strong></span> <span class='ocrx_word' id='word_1_567' title='bbox 921 4253 1205 4310; x_wconf 89' lang='lat' dir='ltr'><strong>malitiam</strong></span> <span class='ocrx_word' id='word_1_568' title='bbox 1237 4254 1346 4309; x_wconf 87' lang='lat' dir='ltr'><strong>hoc</strong></span> <span class='ocrx_word' id='word_1_569' title='bbox 1370 4252 1669 4309; x_wconf 83' lang='lat' dir='ltr'><strong>convertit.</strong></span> <span class='ocrx_word' id='word_1_570' title='bbox 1705 4250 1850 4305; x_wconf 85' lang='lat' dir='ltr'><strong>Cum</strong></span> <span class='ocrx_word' id='word_1_571' title='bbox 1883 4246 2042 4302; x_wconf 91' lang='lat' dir='ltr'><strong>enim</strong></span> <span class='ocrx_word' id='word_1_572' title='bbox 2068 4243 2156 4298; x_wconf 91' lang='lat' dir='ltr'><strong>in-</strong></span> 
     </span>
    </p>
   </div>
   <div class='ocr_carea' id='block_1_78' title="bbox 504 4331 2158 4414">
    <p class='ocr_par' dir='ltr' id='par_1_78' title="bbox 504 4331 2158 4414">
     <span class='ocr_line' id='line_1_80' title="bbox 504 4331 2158 4414; baseline -0.007 -17"><span class='ocrx_word' id='word_1_573' title='bbox 504 4343 724 4412; x_wconf 91' lang='lat' dir='ltr'><strong>ceperit</strong></span> <span class='ocrx_word' id='word_1_574' title='bbox 754 4343 918 4414; x_wconf 88' lang='lat' dir='ltr'><strong>quasi</strong></span> <span class='ocrx_word' id='word_1_575' title='bbox 949 4344 1169 4399; x_wconf 88' lang='lat' dir='ltr'><strong>bonum</strong></span> <span class='ocrx_word' id='word_1_576' title='bbox 1203 4344 1442 4410; x_wconf 83' lang='lat' dir='ltr'><strong>faciens,</strong></span> <span class='ocrx_word' id='word_1_577' title='bbox 1465 4343 1640 4398; x_wconf 83' lang='lat' dir='ltr'><strong>finem</strong></span> <span class='ocrx_word' id='word_1_578' title='bbox 1669 4336 1912 4395; x_wconf 88' lang='lat' dir='ltr'><strong>actionis</strong></span> <span class='ocrx_word' id='word_1_579' title='bbox 1946 4335 2076 4405; x_wconf 79' lang='lat' dir='ltr'><strong>ejus</strong></span> <span class='ocrx_word' id='word_1_580' title='bbox 2097 4331 2158 4386; x_wconf 90' lang='lat' dir='ltr'><strong>in</strong></span> 
     </span>
    </p>
   </div>
   <div class='ocr_carea' id='block_1_79' title="bbox 504 4425 2159 4504">
    <p class='ocr_par' dir='ltr' id='par_1_79' title="bbox 504 4425 2159 4504">
     <span class='ocr_line' id='line_1_81' title="bbox 504 4425 2159 4504; baseline -0.007 -18"><span class='ocrx_word' id='word_1_581' title='bbox 504 4429 726 4486; x_wconf 91' lang='lat' dir='ltr'><strong>malum</strong></span> <span class='ocrx_word' id='word_1_582' title='bbox 751 4448 896 4503; x_wconf 86' lang='lat' dir='ltr'><strong>opus</strong></span> <span class='ocrx_word' id='word_1_583' title='bbox 916 4432 1683 4504; x_wconf 85' lang='lat' dir='ltr'><strong>perduxit.Quiathesaurus</strong></span> <span class='ocrx_word' id='word_1_584' title='bbox 1707 4425 1921 4484; x_wconf 91' lang='lat' dir='ltr'><strong>diaboli</strong></span> <span class='ocrx_word' id='word_1_585' title='bbox 1939 4436 2159 4479; x_wconf 87' lang='lat' dir='ltr'><strong>veneno</strong></span> 
     </span>
    </p>
   </div>
   <div class='ocr_carea' id='block_1_80' title="bbox 503 4519 1534 4594">
    <p class='ocr_par' dir='ltr' id='par_1_80' title="bbox 503 4519 1534 4594">
     <span class='ocr_line' id='line_1_82' title="bbox 503 4519 1534 4594; baseline -0.001 -19"><span class='ocrx_word' id='word_1_586' title='bbox 503 4519 815 4594; x_wconf 89' lang='lat' dir='ltr'><strong>perniciosi</strong></span> <span class='ocrx_word' id='word_1_587' title='bbox 847 4521 1092 4594; x_wconf 89' lang='lat' dir='ltr'><strong>spiritus</strong></span> <span class='ocrx_word' id='word_1_588' title='bbox 1116 4522 1392 4594; x_wconf 91' lang='lat' dir='ltr'><strong>impletus</strong></span> <span class='ocrx_word' id='word_1_589' title='bbox 1427 4525 1534 4577; x_wconf 88' lang='lat' dir='ltr'><strong>est.</strong></span> 
     </span>
    </p>
   </div>
   <div class='ocr_carea' id='block_1_81' title="bbox 581 4696 2162 4771">
    <p class='ocr_par' dir='ltr' id='par_1_81' title="bbox 581 4696 2162 4771">
     <span class='ocr_line' id='line_1_83' title="bbox 581 4696 2162 4771; baseline -0.004 -19"><span class='ocrx_word' id='word_1_590' title='bbox 581 4697 650 4753; x_wconf 94' lang='grc' dir='ltr'><strong>ΙΙ.</strong></span> <span class='ocrx_word' id='word_1_591' title='bbox 685 4719 713 4747; x_wconf 88' lang='grc'><strong>‹‹</strong></span> <span class='ocrx_word' id='word_1_592' title='bbox 742 4696 911 4767; x_wconf 88' lang='lat' dir='ltr'><strong>Dicit,</strong></span> <span class='ocrx_word' id='word_1_593' title='bbox 946 4697 1125 4770; x_wconf 88' lang='lat' dir='ltr'><strong>igitur</strong></span> <span class='ocrx_word' id='word_1_594' title='bbox 1154 4698 1352 4755; x_wconf 91' lang='lat' dir='ltr'><strong>anima</strong></span> <span class='ocrx_word' id='word_1_595' title='bbox 1381 4697 1814 4771; x_wconf 87' lang='lat' dir='ltr'><strong>ipsius,bonum</strong></span> <span class='ocrx_word' id='word_1_596' title='bbox 1838 4708 2017 4767; x_wconf 89' lang='lat' dir='ltr'><strong>supra</strong></span> <span class='ocrx_word' id='word_1_597' title='bbox 2039 4703 2162 4745; x_wconf 88' lang='lat' dir='ltr'><strong>ma-</strong></span> 
     </span>
    </p>
   </div>
   <div class='ocr_carea' id='block_1_82' title="bbox 506 4784 2158 4856">
    <p class='ocr_par' dir='ltr' id='par_1_82' title="bbox 506 4784 2158 4856">
     <span class='ocr_line' id='line_1_84' title="bbox 506 4784 2158 4856; baseline 0.001 -13"><span class='ocrx_word' id='word_1_598' title='bbox 506 4784 633 4843; x_wconf 94' lang='lat' dir='ltr'><strong>lum</strong></span> <span class='ocrx_word' id='word_1_599' title='bbox 666 4791 878 4856; x_wconf 89' lang='lat' dir='ltr'><strong>esse,et</strong></span> <span class='ocrx_word' id='word_1_600' title='bbox 908 4788 1084 4842; x_wconf 80' lang='lat' dir='ltr'><strong>ﬁnem</strong></span> <span class='ocrx_word' id='word_1_601' title='bbox 1117 4787 1198 4843; x_wconf 88' lang='lat' dir='ltr'><strong>rei</strong></span> <span class='ocrx_word' id='word_1_602' title='bbox 1230 4789 1288 4843; x_wconf 91' lang='lat' dir='ltr'><strong>in</strong></span> <span class='ocrx_word' id='word_1_603' title='bbox 1320 4787 1606 4844; x_wconf 84' lang='lat' dir='ltr'><strong>malitiam</strong></span> <span class='ocrx_word' id='word_1_604' title='bbox 1639 4787 1819 4844; x_wconf 89' lang='lat' dir='ltr'><strong>ducit.</strong></span> <span class='ocrx_word' id='word_1_605' title='bbox 1839 4785 1942 4841; x_wconf 91' lang='lat' dir='ltr'><strong>Est</strong></span> <span class='ocrx_word' id='word_1_606' title='bbox 1961 4784 2158 4845; x_wconf 68' lang='lat' dir='ltr'><strong>homo:</strong></span> 
     </span>
    </p>
   </div>
   <div class='ocr_carea' id='block_1_83' title="bbox 606 4925 1586 5005">
    <p class='ocr_par' dir='ltr' id='par_1_83' title="bbox 606 4925 1586 5005">
     <span class='ocr_line' id='line_1_85' title="bbox 606 4925 1586 5005; baseline 0.006 -26"><span class='ocrx_word' id='word_1_607' title='bbox 727 4925 928 5005; x_wconf 52' lang='grc' dir='ltr'>ξυρίιρ.</span> <span class='ocrx_word' id='word_1_608' title='bbox 960 4927 1378 5005; x_wconf 32' lang='grc' dir='ltr'>ῈοῐδιβΑΚυρίορ.</span> <span class='ocrx_word' id='word_1_609' title='bbox 1404 4930 1586 4988; x_wconf 77' lang='lat' dir='ltr'><strong>GRAB.</strong></span> 
     </span>
    </p>
   </div>
   <div class='ocr_carea' id='block_1_84' title="bbox 605 5001 1399 5058">
    <p class='ocr_par' dir='ltr' id='par_1_84' title="bbox 605 5001 1399 5058">
     <span class='ocr_line' id='line_1_86' title="bbox 605 5001 1399 5058; baseline 0.003 -4"><span class='ocrx_word' id='word_1_610' title='bbox 605 5001 695 5058; x_wconf 77' lang='grc'><strong>64)</strong></span> <span class='ocrx_word' id='word_1_611' title='bbox 728 5001 988 5056; x_wconf 69' lang='lat' dir='ltr'><strong>Dimittat.</strong></span> <span class='ocrx_word' id='word_1_612' title='bbox 1026 5002 1174 5057; x_wconf 85' lang='lat' dir='ltr'><strong>Add.</strong></span> <span class='ocrx_word' id='word_1_613' title='bbox 1211 5001 1279 5058; x_wconf 68' lang='lat' dir='ltr'><strong>te.</strong></span> <span class='ocrx_word' id='word_1_614' title='bbox 1317 5004 1399 5058; x_wconf 91' lang='lat' dir='ltr'><strong>ID.</strong></span> 
     </span>
    </p>
   </div>
   <div class='ocr_carea' id='block_1_85' title="bbox 604 5069 1656 5145">
    <p class='ocr_par' dir='ltr' id='par_1_85' title="bbox 604 5069 1656 5145">
     <span class='ocr_line' id='line_1_87' title="bbox 604 5069 1656 5145; baseline 0.002 -19"><span class='ocrx_word' id='word_1_615' title='bbox 604 5069 695 5142; x_wconf 88' lang='grc'><strong>65)</strong></span> <span class='ocrx_word' id='word_1_616' title='bbox 742 5071 1051 5145; x_wconf 67' lang='grc' dir='ltr'>Ἡπχάζει.</span> <span class='ocrx_word' id='word_1_617' title='bbox 1087 5074 1255 5130; x_wconf 84' lang='lat' dir='ltr'><strong>Forte</strong></span> <span class='ocrx_word' id='word_1_618' title='bbox 1284 5069 1568 5145; x_wconf 75' lang='grc' dir='ltr'>ἡσυχάσει.</span> <span class='ocrx_word' id='word_1_619' title='bbox 1598 5073 1656 5128; x_wconf 91' lang='lat' dir='ltr'><strong>ID</strong></span> 
     </span>
    </p>
   </div>
   <div class='ocr_carea' id='block_1_86' title="bbox 585 5143 2084 5214">
    <p class='ocr_par' dir='ltr' id='par_1_86' title="bbox 585 5143 2084 5214">
     <span class='ocr_line' id='line_1_88' title="bbox 585 5143 2084 5214; baseline -0.001 -17"><span class='ocrx_word' id='word_1_620' title='bbox 585 5145 696 5214; x_wconf 89' lang='lat'>(66)</span> <span class='ocrx_word' id='word_1_621' title='bbox 725 5143 1014 5198; x_wconf 61' lang='lat' dir='ltr'><strong>Etet-iiuna</strong></span> <span class='ocrx_word' id='word_1_622' title='bbox 1043 5146 1299 5200; x_wconf 71' lang='lat' dir='ltr'><strong>saeculum</strong></span> <span class='ocrx_word' id='word_1_623' title='bbox 1331 5143 1549 5201; x_wconf 86' lang='lat' dir='ltr'><strong>habent</strong></span> <span class='ocrx_word' id='word_1_624' title='bbox 1578 5144 1805 5200; x_wconf 89' lang='lat' dir='ltr'><strong>codices</strong></span> <span class='ocrx_word' id='word_1_625' title='bbox 1823 5161 1965 5201; x_wconf 88' lang='lat' dir='ltr'><strong>mss.</strong></span> <span class='ocrx_word' id='word_1_626' title='bbox 2000 5143 2084 5198; x_wconf 89' lang='lat' dir='ltr'><strong>In.</strong></span> 
     </span>
    </p>
   </div>
   <div class='ocr_carea' id='block_1_87' title="bbox 582 5214 2154 5288">
    <p class='ocr_par' dir='ltr' id='par_1_87' title="bbox 582 5214 2154 5288">
     <span class='ocr_line' id='line_1_89' title="bbox 582 5214 2154 5288; baseline 0.001 -19"><span class='ocrx_word' id='word_1_627' title='bbox 582 5217 695 5288; x_wconf 85' lang='lat'>(67)</span> <span class='ocrx_word' id='word_1_628' title='bbox 727 5217 790 5271; x_wconf 78' lang='lat' dir='ltr'><strong>Et</strong></span> <span class='ocrx_word' id='word_1_629' title='bbox 833 5216 1052 5288; x_wconf 54' lang='lat' dir='ltr'><strong>invidia</strong></span> <span class='ocrx_word' id='word_1_630' title='bbox 1099 5233 1312 5273; x_wconf 78' lang='lat' dir='ltr'><strong>carens.</strong></span> <span class='ocrx_word' id='word_1_631' title='bbox 1362 5219 1432 5272; x_wconf 90' lang='lat' dir='ltr'><strong>Et</strong></span> <span class='ocrx_word' id='word_1_632' title='bbox 1475 5217 1573 5288; x_wconf 90' lang='lat' dir='ltr'><strong>qui</strong></span> <span class='ocrx_word' id='word_1_633' title='bbox 1608 5222 1695 5272; x_wconf 89' lang='lat' dir='ltr'><strong>est</strong></span> <span class='ocrx_word' id='word_1_634' title='bbox 1725 5216 2034 5272; x_wconf 89' lang='lat' dir='ltr'><strong>abundans</strong></span> <span class='ocrx_word' id='word_1_635' title='bbox 2063 5214 2154 5288; x_wconf 85' lang='lat'><strong>62.</strong></span> 
     </span>
    </p>
   </div>
   <div class='ocr_carea' id='block_1_88' title="bbox 508 5284 2152 5361">
    <p class='ocr_par' dir='ltr' id='par_1_88' title="bbox 508 5284 2152 5361">
     <span class='ocr_line' id='line_1_90' title="bbox 508 5284 2152 5361; baseline -0.001 -19"><span class='ocrx_word' id='word_1_636' title='bbox 508 5287 688 5358; x_wconf 81' lang='lat' dir='ltr'><strong>Atqui</strong></span> <span class='ocrx_word' id='word_1_637' title='bbox 717 5304 822 5343; x_wconf 82' lang='lat' dir='ltr'><strong>vox</strong></span> <span class='ocrx_word' id='word_1_638' title='bbox 852 5284 1080 5361; x_wconf 63' lang='grc' dir='ltr'>ἄφθονος</span> <span class='ocrx_word' id='word_1_639' title='bbox 1110 5289 1284 5343; x_wconf 87' lang='lat' dir='ltr'><strong>habet</strong></span> <span class='ocrx_word' id='word_1_640' title='bbox 1313 5284 1550 5360; x_wconf 76' lang='lat' dir='ltr'><strong>quidem</strong></span> <span class='ocrx_word' id='word_1_641' title='bbox 1597 5286 2152 5361; x_wconf 73' lang='lat' dir='ltr'><strong>hancsignificatio-</strong></span> 
     </span>
    </p>
   </div>
   <div class='ocr_carea' id='block_1_89' title="bbox 511 5357 2156 5432">
    <p class='ocr_par' dir='ltr' id='par_1_89' title="bbox 511 5357 2156 5432">
     <span class='ocr_line' id='line_1_91' title="bbox 511 5357 2156 5432; baseline -0.001 -17"><span class='ocrx_word' id='word_1_642' title='bbox 511 5357 646 5432; x_wconf 78' lang='lat' dir='ltr'><strong>nem</strong></span> <span class='ocrx_word' id='word_1_643' title='bbox 678 5376 691 5426; x_wconf 94' lang='lat'><strong>;</strong></span> <span class='ocrx_word' id='word_1_644' title='bbox 737 5357 1138 5432; x_wconf 84' lang='lat' dir='ltr'><strong>verumtamen</strong></span> <span class='ocrx_word' id='word_1_645' title='bbox 1189 5357 1424 5432; x_wconf 74' lang='lat' dir='ltr'><strong>propria</strong></span> <span class='ocrx_word' id='word_1_646' title='bbox 1469 5361 1599 5431; x_wconf 89' lang='lat' dir='ltr'><strong>ejus</strong></span> <span class='ocrx_word' id='word_1_647' title='bbox 1626 5359 1810 5432; x_wconf 7' lang='lat' dir='ltr'><strong>(notio</strong></span> <span class='ocrx_word' id='word_1_648' title='bbox 1832 5357 1936 5415; x_wconf 80' lang='lat' dir='ltr'><strong>hic</strong></span> <span class='ocrx_word' id='word_1_649' title='bbox 1968 5357 2156 5432; x_wconf 84' lang='lat' dir='ltr'><strong>magis</strong></span> 
     </span>
    </p>
   </div>
   <div class='ocr_carea' id='block_1_90' title="bbox 511 5429 2158 5504">
    <p class='ocr_par' dir='ltr' id='par_1_90' title="bbox 511 5429 2158 5504">
     <span class='ocr_line' id='line_1_92' title="bbox 511 5429 2158 5504; baseline -0.001 -18"><span class='ocrx_word' id='word_1_650' title='bbox 511 5429 706 5486; x_wconf 91' lang='lat' dir='ltr'><strong>locum</strong></span> <span class='ocrx_word' id='word_1_651' title='bbox 757 5431 951 5500; x_wconf 89' lang='lat' dir='ltr'><strong>habet,</strong></span> <span class='ocrx_word' id='word_1_652' title='bbox 984 5449 1165 5503; x_wconf 90' lang='lat' dir='ltr'><strong>eaque</strong></span> <span class='ocrx_word' id='word_1_653' title='bbox 1192 5429 1714 5504; x_wconf 40' lang='lat' dir='ltr'><strong>reddenda—potius</strong></span> <span class='ocrx_word' id='word_1_654' title='bbox 1742 5432 1970 5487; x_wconf 88' lang='lat' dir='ltr'><strong>videtur</strong></span> <span class='ocrx_word' id='word_1_655' title='bbox 2006 5429 2158 5488; x_wconf 68' lang='lat' dir='ltr'><strong>Invi-</strong></span> 
     </span>
    </p>
   </div>
   <div class='ocr_carea' id='block_1_91' title="bbox 513 5502 2158 5627">
    <p class='ocr_par' dir='ltr' id='par_1_91' title="bbox 513 5502 2158 5627">
     <span class='ocr_line' id='line_1_93' title="bbox 513 5502 2158 5627; baseline 0.001 -70"><span class='ocrx_word' id='word_1_656' title='bbox 513 5505 606 5627; x_wconf 49' lang='lat' dir='ltr'><strong>dit;</strong></span> <span class='ocrx_word' id='word_1_657' title='bbox 634 5517 853 5625; x_wconf 64' lang='lat' dir='ltr'><strong>clarens,</strong></span> <span class='ocrx_word' id='word_1_658' title='bbox 886 5502 1084 5575; x_wconf 83' lang='lat' dir='ltr'><strong>qualis</strong></span> <span class='ocrx_word' id='word_1_659' title='bbox 1107 5504 1406 5560; x_wconf 88' lang='lat' dir='ltr'><strong>character</strong></span> <span class='ocrx_word' id='word_1_660' title='bbox 1433 5502 1674 5576; x_wconf 86' lang='lat' dir='ltr'><strong>pauperi</strong></span> <span class='ocrx_word' id='word_1_661' title='bbox 1705 5503 1922 5576; x_wconf 89' lang='lat' dir='ltr'><strong>optime</strong></span> <span class='ocrx_word' id='word_1_662' title='bbox 1953 5517 2158 5560; x_wconf 87' lang='lat' dir='ltr'><strong>conve-</strong></span> 
     </span>
     <span class='ocr_line' id='line_1_94' title="bbox 517 5589 737 5627; baseline -0.009 0"><span class='ocrx_word' id='word_1_663' title='bbox 517 5589 575 5627; x_wconf 83' lang='lat' dir='ltr'><strong>ni</strong></span> <span class='ocrx_word' id='word_1_664' title='bbox 611 5613 621 5624; x_wconf 90' lang='lat'><strong>.</strong></span> <span class='ocrx_word' id='word_1_665' title='bbox 685 5589 737 5625; x_wconf 82' lang='grc' dir='ltr'>ο.</span> 
     </span>
    </p>
   </div>
   <div class='ocr_carea' id='block_1_92' title="bbox 517 5589 737 5628">
    <p class='ocr_par' dir='ltr' id='par_1_92' title="bbox 517 5589 737 5628">
     <span class='ocr_line' id='line_1_95' title="bbox 517 5589 737 5628; baseline -0.014 0"><span class='ocrx_word' id='word_1_666' title='bbox 517 5589 621 5628; x_wconf 68' lang='lat' dir='ltr'><strong>DIE.</strong></span> <span class='ocrx_word' id='word_1_667' title='bbox 659 5589 737 5625; x_wconf 76' lang='grc' dir='ltr'><strong>ΙΙ).</strong></span> 
     </span>
    </p>
   </div>
   <div class='ocr_carea' id='block_1_93' title="bbox 588 5644 2159 5723">
    <p class='ocr_par' dir='ltr' id='par_1_93' title="bbox 588 5644 2159 5723">
     <span class='ocr_line' id='line_1_96' title="bbox 588 5644 2159 5723; baseline 0.003 -27"><span class='ocrx_word' id='word_1_668' title='bbox 588 5644 708 5723; x_wconf 39' lang='grc'>(68),</span> <span class='ocrx_word' id='word_1_669' title='bbox 745 5644 1260 5723; x_wconf 43' lang='grc' dir='ltr'>Βερνττςιαίίοηειηη</span> <span class='ocrx_word' id='word_1_670' title='bbox 1315 5647 1756 5723; x_wconf 70' lang='lat' dir='ltr'><strong>Distrqcliongm,</strong></span> <span class='ocrx_word' id='word_1_671' title='bbox 1791 5646 2020 5721; x_wconf 56' lang='lat' dir='ltr'><strong>{qualis</strong></span> <span class='ocrx_word' id='word_1_672' title='bbox 2088 5660 2159 5702; x_wconf 84' lang='lat' dir='ltr'><strong>ex</strong></span> 
     </span>
    </p>
   </div>
   <div class='ocr_carea' id='block_1_94' title="bbox 514 5713 1730 5791">
    <p class='ocr_par' dir='ltr' id='par_1_94' title="bbox 514 5713 1730 5791">
     <span class='ocr_line' id='line_1_97' title="bbox 514 5713 1730 5791; baseline 0.003 -17"><span class='ocrx_word' id='word_1_673' title='bbox 514 5713 919 5776; x_wconf 83' lang='lat' dir='ltr'><strong>mendicorum</strong></span> <span class='ocrx_word' id='word_1_674' title='bbox 943 5718 1387 5791; x_wconf 86' lang='lat' dir='ltr'><strong>importunitate</strong></span> <span class='ocrx_word' id='word_1_675' title='bbox 1411 5719 1617 5778; x_wconf 88' lang='lat' dir='ltr'><strong>oritur.</strong></span> <span class='ocrx_word' id='word_1_676' title='bbox 1648 5719 1730 5778; x_wconf 81' lang='lat' dir='ltr'><strong>In.</strong></span> 
     </span>
    </p>
   </div>
   <div class='ocr_carea' id='block_1_95' title="bbox 583 4930 600 5143">
    <p class='ocr_par' dir='ltr' id='par_1_95' title="bbox 583 4930 600 5143">
     <span class='ocr_line' id='line_1_98' title="bbox 583 4930 600 5143; baseline 0 0"><span class='ocrx_word' id='word_1_677' title='bbox 583 4930 600 5143; x_wconf 67' lang='grc' dir='ltr'>ἓ</span> 
     </span>
    </p>
   </div>
   <div class='ocr_carea' id='block_1_96' title="bbox 2260 3358 3910 3435">
    <p class='ocr_par' dir='ltr' id='par_1_96' title="bbox 2260 3358 3910 3435">
     <span class='ocr_line' id='line_1_99' title="bbox 2260 3358 3910 3435; baseline -0.004 -16"><span class='ocrx_word' id='word_1_678' title='bbox 2260 3361 2354 3419; x_wconf 75' lang='grc' dir='ltr'><strong>δύο</strong></span> <span class='ocrx_word' id='word_1_679' title='bbox 2383 3363 2604 3435; x_wconf 85' lang='grc' dir='ltr'>τόπους,</span> <span class='ocrx_word' id='word_1_680' title='bbox 2637 3363 2726 3418; x_wconf 80' lang='grc' dir='ltr'><strong>καὶ</strong></span> <span class='ocrx_word' id='word_1_681' title='bbox 2759 3359 2854 3418; x_wconf 80' lang='grc' dir='ltr'>δύο</span> <span class='ocrx_word' id='word_1_682' title='bbox 2882 3361 3038 3433; x_wconf 90' lang='grc' dir='ltr'>τέλη.</span> <span class='ocrx_word' id='word_1_683' title='bbox 3073 3361 3170 3417; x_wconf 81' lang='grc' dir='ltr'><strong>Διὰ</strong></span> <span class='ocrx_word' id='word_1_684' title='bbox 3195 3366 3357 3417; x_wconf 77' lang='grc' dir='ltr'>τοῦτο</span> <span class='ocrx_word' id='word_1_685' title='bbox 3387 3360 3558 3416; x_wconf 79' lang='grc' dir='ltr'>πάντα</span> <span class='ocrx_word' id='word_1_686' title='bbox 3608 3358 3708 3415; x_wconf 69' lang='grc' dir='ltr'>δύο</span> <span class='ocrx_word' id='word_1_687' title='bbox 3751 3360 3910 3428; x_wconf 70' lang='grc' dir='ltr'>εἰσὶν,</span> 
     </span>
    </p>
   </div>
   <div class='ocr_carea' id='block_1_97' title="bbox 2258 3448 3910 3524">
    <p class='ocr_par' dir='ltr' id='par_1_97' title="bbox 2258 3448 3910 3524">
     <span class='ocr_line' id='line_1_100' title="bbox 2258 3448 3910 3524; baseline -0.004 -15"><span class='ocrx_word' id='word_1_688' title='bbox 2258 3449 2314 3509; x_wconf 75' lang='grc' dir='ltr'>ἓν</span> <span class='ocrx_word' id='word_1_689' title='bbox 2346 3451 2618 3508; x_wconf 73' lang='grc' dir='ltr'>κατέναντι</span> <span class='ocrx_word' id='word_1_690' title='bbox 2664 3456 2762 3507; x_wconf 78' lang='grc' dir='ltr'><strong>τοῦ</strong></span> <span class='ocrx_word' id='word_1_691' title='bbox 2812 3450 2926 3514; x_wconf 87' lang='grc' dir='ltr'>ένός</span> <span class='ocrx_word' id='word_1_692' title='bbox 2971 3453 3103 3524; x_wconf 77' lang='grc'>(73).</span> <span class='ocrx_word' id='word_1_693' title='bbox 3153 3448 3303 3508; x_wconf 85' lang='grc' dir='ltr'>Ὁδοὶ</span> <span class='ocrx_word' id='word_1_694' title='bbox 3337 3448 3454 3520; x_wconf 78' lang='grc' dir='ltr'>δύο,</span> <span class='ocrx_word' id='word_1_695' title='bbox 3486 3448 3656 3505; x_wconf 77' lang='grc' dir='ltr'>καλοῦ</span> <span class='ocrx_word' id='word_1_696' title='bbox 3689 3450 3783 3504; x_wconf 75' lang='grc' dir='ltr'><strong>καὶ</strong></span> <span class='ocrx_word' id='word_1_697' title='bbox 3817 3471 3910 3504; x_wconf 77' lang='grc' dir='ltr'>κα-</span> 
     </span>
    </p>
   </div>
   <div class='ocr_carea' id='block_1_98' title="bbox 2259 3535 3912 3611">
    <p class='ocr_par' dir='ltr' id='par_1_98' title="bbox 2259 3535 3912 3611">
     <span class='ocr_line' id='line_1_101' title="bbox 2259 3535 3912 3611; baseline -0.006 -12"><span class='ocrx_word' id='word_1_698' title='bbox 2259 3546 2358 3599; x_wconf 79' lang='grc' dir='ltr'>κοῦ</span> <span class='ocrx_word' id='word_1_699' title='bbox 2382 3561 2396 3574; x_wconf 76' lang='grc' dir='ltr'><strong>ο</strong></span> <span class='ocrx_word' id='word_1_700' title='bbox 2429 3542 2480 3597; x_wconf 88' lang='lat' dir='ltr'><strong>tv</strong></span> <span class='ocrx_word' id='word_1_701' title='bbox 2532 3541 2611 3604; x_wconf 72' lang='grc' dir='ltr'>οἷς</span> <span class='ocrx_word' id='word_1_702' title='bbox 2665 3542 2766 3596; x_wconf 72' lang='grc' dir='ltr'>εἶσι</span> <span class='ocrx_word' id='word_1_703' title='bbox 2813 3543 2882 3597; x_wconf 80' lang='grc' dir='ltr'>τὰ</span> <span class='ocrx_word' id='word_1_704' title='bbox 2911 3539 3010 3596; x_wconf 75' lang='grc' dir='ltr'><strong>δύο</strong></span> <span class='ocrx_word' id='word_1_705' title='bbox 3042 3535 3331 3596; x_wconf 78' lang='grc' dir='ltr'>διαϐοόλια</span> <span class='ocrx_word' id='word_1_706' title='bbox 3361 3539 3414 3595; x_wconf 84' lang='grc' dir='ltr'><strong>έν</strong></span> <span class='ocrx_word' id='word_1_707' title='bbox 3447 3539 3691 3610; x_wconf 78' lang='grc' dir='ltr'>στέρνοις</span> <span class='ocrx_word' id='word_1_708' title='bbox 3725 3543 3912 3611; x_wconf 74' lang='grc' dir='ltr'>ἡμῶν,</span> 
     </span>
    </p>
   </div>
   <div class='ocr_carea' id='block_1_99' title="bbox 2262 3627 3915 3707">
    <p class='ocr_par' dir='ltr' id='par_1_99' title="bbox 2262 3627 3915 3707">
     <span class='ocr_line' id='line_1_102' title="bbox 2262 3627 3915 3707; baseline -0.002 -20"><span class='ocrx_word' id='word_1_709' title='bbox 2262 3630 2603 3707; x_wconf 85' lang='grc' dir='ltr'>διακρίνοντα</span> <span class='ocrx_word' id='word_1_710' title='bbox 2651 3629 2833 3692; x_wconf 76' lang='grc' dir='ltr'>αὐτάς.</span> <span class='ocrx_word' id='word_1_711' title='bbox 2883 3631 3002 3684; x_wconf 66' lang='grc' dir='ltr'><strong>Ἐὰδ</strong></span> <span class='ocrx_word' id='word_1_712' title='bbox 3051 3627 3141 3683; x_wconf 77' lang='grc' dir='ltr'><strong>οὖν</strong></span> <span class='ocrx_word' id='word_1_713' title='bbox 3193 3631 3228 3698; x_wconf 80' lang='grc' dir='ltr'>ἡ</span> <span class='ocrx_word' id='word_1_714' title='bbox 3280 3630 3434 3704; x_wconf 80' lang='grc' dir='ltr'>ψυχὴ</span> <span class='ocrx_word' id='word_1_715' title='bbox 3485 3627 3617 3701; x_wconf 80' lang='grc' dir='ltr'><strong>Θέλῃ</strong></span> <span class='ocrx_word' id='word_1_716' title='bbox 3649 3627 3703 3683; x_wconf 78' lang='grc' dir='ltr'><strong>ἐν</strong></span> <span class='ocrx_word' id='word_1_717' title='bbox 3736 3627 3915 3698; x_wconf 75' lang='grc' dir='ltr'>καλῷ,</span> 
     </span>
    </p>
   </div>
   <div class='ocr_carea' id='block_1_100' title="bbox 2261 3715 3914 3794">
    <p class='ocr_par' dir='ltr' id='par_1_100' title="bbox 2261 3715 3914 3794">
     <span class='ocr_line' id='line_1_103' title="bbox 2261 3715 3914 3794; baseline -0.003 -19"><span class='ocrx_word' id='word_1_718' title='bbox 2261 3727 2404 3776; x_wconf 76' lang='grc' dir='ltr'>πᾶσα</span> <span class='ocrx_word' id='word_1_719' title='bbox 2448 3720 2638 3794; x_wconf 79' lang='grc' dir='ltr'>πρᾶξις</span> <span class='ocrx_word' id='word_1_720' title='bbox 2692 3718 2858 3789; x_wconf 79' lang='grc' dir='ltr'>αὐτῆς</span> <span class='ocrx_word' id='word_1_721' title='bbox 2908 3717 3046 3773; x_wconf 72' lang='grc' dir='ltr'>ἐστιν</span> <span class='ocrx_word' id='word_1_722' title='bbox 3102 3718 3153 3772; x_wconf 84' lang='grc' dir='ltr'><strong>έν</strong></span> <span class='ocrx_word' id='word_1_723' title='bbox 3186 3715 3518 3791; x_wconf 77' lang='grc' dir='ltr'>δικαιοσύνῃ,</span> <span class='ocrx_word' id='word_1_724' title='bbox 3549 3717 3647 3771; x_wconf 69' lang='grc' dir='ltr'>κᾶν</span> <span class='ocrx_word' id='word_1_725' title='bbox 3678 3717 3914 3792; x_wconf 70' lang='grc' dir='ltr'>ἁμάρτῃ,</span> 
     </span>
    </p>
   </div>
   <div class='ocr_carea' id='block_1_101' title="bbox 2264 3805 3916 3882">
    <p class='ocr_par' dir='ltr' id='par_1_101' title="bbox 2264 3805 3916 3882">
     <span class='ocr_line' id='line_1_104' title="bbox 2264 3805 3916 3882; baseline -0.004 -17"><span class='ocrx_word' id='word_1_726' title='bbox 2264 3809 2420 3874; x_wconf 74' lang='grc' dir='ltr'>εὐθὺς</span> <span class='ocrx_word' id='word_1_727' title='bbox 2478 3813 2745 3882; x_wconf 87' lang='grc' dir='ltr'>μετανοεῖ.</span> <span class='ocrx_word' id='word_1_728' title='bbox 2803 3807 2992 3862; x_wconf 85' lang='grc' dir='ltr'>Δίκαια</span> <span class='ocrx_word' id='word_1_729' title='bbox 3037 3807 3139 3882; x_wconf 79' lang='grc' dir='ltr'>γὰρ</span> <span class='ocrx_word' id='word_1_730' title='bbox 3199 3805 3579 3881; x_wconf 81' lang='grc' dir='ltr'>λογιζόμενος,</span> <span class='ocrx_word' id='word_1_731' title='bbox 3622 3808 3714 3861; x_wconf 79' lang='grc' dir='ltr'><strong>καὶ</strong></span> <span class='ocrx_word' id='word_1_732' title='bbox 3746 3807 3916 3879; x_wconf 64' lang='grc' dir='ltr'>ἀποέ-</span> 
     </span>
    </p>
   </div>
   <div class='ocr_carea' id='block_1_102' title="bbox 2266 3894 3916 3975">
    <p class='ocr_par' dir='ltr' id='par_1_102' title="bbox 2266 3894 3916 3975">
     <span class='ocr_line' id='line_1_105' title="bbox 2266 3894 3916 3975; baseline -0.005 -22"><span class='ocrx_word' id='word_1_733' title='bbox 2266 3897 2469 3975; x_wconf 82' lang='grc' dir='ltr'>ῥίπτων</span> <span class='ocrx_word' id='word_1_734' title='bbox 2498 3898 2598 3966; x_wconf 81' lang='grc' dir='ltr'>τήν</span> <span class='ocrx_word' id='word_1_735' title='bbox 2626 3895 2907 3973; x_wconf 73' lang='grc' dir='ltr'>πονηρίαν,</span> <span class='ocrx_word' id='word_1_736' title='bbox 2940 3894 3220 3971; x_wconf 84' lang='grc' dir='ltr'>ἀνατρέπει</span> <span class='ocrx_word' id='word_1_737' title='bbox 3273 3895 3427 3958; x_wconf 78' lang='grc' dir='ltr'>εὐθὺς</span> <span class='ocrx_word' id='word_1_738' title='bbox 3469 3897 3529 3951; x_wconf 86' lang='grc' dir='ltr'>τὸ</span> <span class='ocrx_word' id='word_1_739' title='bbox 3576 3895 3769 3963; x_wconf 79' lang='grc' dir='ltr'>κακὸν,</span> <span class='ocrx_word' id='word_1_740' title='bbox 3827 3896 3916 3949; x_wconf 78' lang='grc' dir='ltr'><strong>καῖ</strong></span> 
     </span>
    </p>
   </div>
   <div class='ocr_carea' id='block_1_103' title="bbox 2265 3982 3917 4063">
    <p class='ocr_par' dir='ltr' id='par_1_103' title="bbox 2265 3982 3917 4063">
     <span class='ocr_line' id='line_1_106' title="bbox 2265 3982 3917 4063; baseline -0.003 -21"><span class='ocrx_word' id='word_1_741' title='bbox 2265 3986 2471 4063; x_wconf 85' lang='grc' dir='ltr'>ἐκριζοῖ</span> <span class='ocrx_word' id='word_1_742' title='bbox 2514 3987 2614 4055; x_wconf 82' lang='grc' dir='ltr'>τήν</span> <span class='ocrx_word' id='word_1_743' title='bbox 2662 3985 2947 4062; x_wconf 82' lang='grc' dir='ltr'>ἁμαρτίαν.</span> <span class='ocrx_word' id='word_1_744' title='bbox 2999 3986 3119 4040; x_wconf 78' lang='grc' dir='ltr'><strong>Ἐὰν</strong></span> <span class='ocrx_word' id='word_1_745' title='bbox 3171 3982 3228 4039; x_wconf 75' lang='grc' dir='ltr'>δὲ</span> <span class='ocrx_word' id='word_1_746' title='bbox 3277 3984 3329 4040; x_wconf 87' lang='lat' dir='ltr'><strong>tv</strong></span> <span class='ocrx_word' id='word_1_747' title='bbox 3364 3989 3592 4060; x_wconf 82' lang='grc' dir='ltr'>πονηρῷ</span> <span class='ocrx_word' id='word_1_748' title='bbox 3622 3982 3798 4039; x_wconf 79' lang='grc' dir='ltr'>κλίνει</span> <span class='ocrx_word' id='word_1_749' title='bbox 3855 3984 3917 4038; x_wconf 77' lang='grc' dir='ltr'>τὸ</span> 
     </span>
    </p>
   </div>
   <div class='ocr_carea' id='block_1_104' title="bbox 2265 4071 3917 4148">
    <p class='ocr_par' dir='ltr' id='par_1_104' title="bbox 2265 4071 3917 4148">
     <span class='ocr_line' id='line_1_107' title="bbox 2265 4071 3917 4148; baseline -0.004 -17"><span class='ocrx_word' id='word_1_750' title='bbox 2265 4071 2604 4146; x_wconf 75' lang='grc' dir='ltr'>διαϐούλιον,</span> <span class='ocrx_word' id='word_1_751' title='bbox 2635 4080 2780 4129; x_wconf 83' lang='grc' dir='ltr'>π’ᾶσα</span> <span class='ocrx_word' id='word_1_752' title='bbox 2807 4076 2996 4148; x_wconf 78' lang='grc' dir='ltr'>πρᾶξις</span> <span class='ocrx_word' id='word_1_753' title='bbox 3029 4072 3196 4142; x_wconf 84' lang='grc' dir='ltr'>αὐτῆς</span> <span class='ocrx_word' id='word_1_754' title='bbox 3228 4072 3368 4128; x_wconf 80' lang='grc' dir='ltr'>ἐστιν</span> <span class='ocrx_word' id='word_1_755' title='bbox 3414 4071 3465 4128; x_wconf 86' lang='lat' dir='ltr'><strong>tv</strong></span> <span class='ocrx_word' id='word_1_756' title='bbox 3512 4071 3776 4148; x_wconf 75' lang='grc' dir='ltr'>πονηρίᾳ,</span> <span class='ocrx_word' id='word_1_757' title='bbox 3827 4073 3917 4126; x_wconf 78' lang='grc' dir='ltr'><strong>καῖ</strong></span> 
     </span>
    </p>
   </div>
   <div class='ocr_carea' id='block_1_105' title="bbox 2266 4158 3916 4238">
    <p class='ocr_par' dir='ltr' id='par_1_105' title="bbox 2266 4158 3916 4238">
     <span class='ocr_line' id='line_1_108' title="bbox 2266 4158 3916 4238; baseline -0.004 -18"><span class='ocrx_word' id='word_1_758' title='bbox 2266 4164 2655 4237; x_wconf 78' lang='grc' dir='ltr'>ἀπωθούμενος</span> <span class='ocrx_word' id='word_1_759' title='bbox 2680 4163 2743 4218; x_wconf 86' lang='grc' dir='ltr'>τὸ</span> <span class='ocrx_word' id='word_1_760' title='bbox 2774 4163 2969 4238; x_wconf 86' lang='grc' dir='ltr'>ἀγαθὸν</span> <span class='ocrx_word' id='word_1_761' title='bbox 3014 4158 3426 4238; x_wconf 73' lang='grc' dir='ltr'>προσλαμϐάνει</span> <span class='ocrx_word' id='word_1_762' title='bbox 3474 4161 3537 4216; x_wconf 82' lang='grc' dir='ltr'>τὸ</span> <span class='ocrx_word' id='word_1_763' title='bbox 3585 4162 3770 4233; x_wconf 78' lang='grc' dir='ltr'>κακὸν,</span> <span class='ocrx_word' id='word_1_764' title='bbox 3827 4162 3916 4215; x_wconf 75' lang='grc' dir='ltr'><strong>καὶ</strong></span> 
     </span>
    </p>
   </div>
   <div class='ocr_carea' id='block_1_106' title="bbox 2265 4250 3917 4331">
    <p class='ocr_par' dir='ltr' id='par_1_106' title="bbox 2265 4250 3917 4331">
     <span class='ocr_line' id='line_1_109' title="bbox 2265 4250 3917 4331; baseline -0.004 -22"><span class='ocrx_word' id='word_1_765' title='bbox 2265 4253 2562 4331; x_wconf 79' lang='grc' dir='ltr'>κυριευθεῖς</span> <span class='ocrx_word' id='word_1_766' title='bbox 2607 4251 2710 4308; x_wconf 85' lang='grc' dir='ltr'>ὑπὸ</span> <span class='ocrx_word' id='word_1_767' title='bbox 2754 4256 2851 4307; x_wconf 77' lang='grc' dir='ltr'>τοῦ</span> <span class='ocrx_word' id='word_1_768' title='bbox 2900 4250 3119 4327; x_wconf 78' lang='grc' dir='ltr'>Βελιᾶρ,</span> <span class='ocrx_word' id='word_1_769' title='bbox 3168 4251 3264 4306; x_wconf 70' lang='grc' dir='ltr'>κᾶν</span> <span class='ocrx_word' id='word_1_770' title='bbox 3299 4250 3497 4327; x_wconf 77' lang='grc' dir='ltr'>ἀγαθόν</span> <span class='ocrx_word' id='word_1_771' title='bbox 3527 4273 3572 4306; x_wconf 87' lang='grc' dir='ltr'><strong>νι</strong></span> <span class='ocrx_word' id='word_1_772' title='bbox 3606 4252 3802 4325; x_wconf 74' lang='grc' dir='ltr'>πράξῃ,</span> <span class='ocrx_word' id='word_1_773' title='bbox 3869 4253 3917 4305; x_wconf 74' lang='grc' dir='ltr'>ἓν</span> 
     </span>
    </p>
   </div>
   <div class='ocr_carea' id='block_1_107' title="bbox 2266 4339 3920 4419">
    <p class='ocr_par' dir='ltr' id='par_1_107' title="bbox 2266 4339 3920 4419">
     <span class='ocr_line' id='line_1_110' title="bbox 2266 4339 3920 4419; baseline -0.004 -20"><span class='ocrx_word' id='word_1_774' title='bbox 2266 4342 2504 4419; x_wconf 74' lang='grc' dir='ltr'>πονηρίᾳ</span> <span class='ocrx_word' id='word_1_775' title='bbox 2552 4342 2681 4397; x_wconf 83' lang='grc' dir='ltr'>αὐτὸ</span> <span class='ocrx_word' id='word_1_776' title='bbox 2735 4342 3106 4419; x_wconf 83' lang='grc' dir='ltr'>μεταστρέφει.</span> <span class='ocrx_word' id='word_1_777' title='bbox 3157 4344 3282 4396; x_wconf 85' lang='grc' dir='ltr'>Ὅτε</span> <span class='ocrx_word' id='word_1_778' title='bbox 3330 4340 3433 4416; x_wconf 77' lang='grc' dir='ltr'>γὰρ</span> <span class='ocrx_word' id='word_1_779' title='bbox 3494 4339 3780 4418; x_wconf 75' lang='grc' dir='ltr'>ἑνάρξηται</span> <span class='ocrx_word' id='word_1_780' title='bbox 3845 4341 3920 4400; x_wconf 80' lang='grc' dir='ltr'>ὡς</span> 
     </span>
    </p>
   </div>
   <div class='ocr_carea' id='block_1_108' title="bbox 2266 4429 3920 4510">
    <p class='ocr_par' dir='ltr' id='par_1_108' title="bbox 2266 4429 3920 4510">
     <span class='ocr_line' id='line_1_111' title="bbox 2266 4429 3920 4510; baseline -0.005 -21"><span class='ocrx_word' id='word_1_781' title='bbox 2266 4434 2461 4510; x_wconf 82' lang='grc' dir='ltr'>ἀγαθὸν</span> <span class='ocrx_word' id='word_1_782' title='bbox 2510 4436 2707 4501; x_wconf 81' lang='grc' dir='ltr'>ποιῶν,</span> <span class='ocrx_word' id='word_1_783' title='bbox 2770 4432 2832 4485; x_wconf 88' lang='grc' dir='ltr'>τὸ</span> <span class='ocrx_word' id='word_1_784' title='bbox 2861 4429 3021 4492; x_wconf 90' lang='grc' dir='ltr'>τέλος</span> <span class='ocrx_word' id='word_1_785' title='bbox 3044 4433 3145 4499; x_wconf 74' lang='grc' dir='ltr'>τῆς</span> <span class='ocrx_word' id='word_1_786' title='bbox 3178 4432 3416 4506; x_wconf 78' lang='grc' dir='ltr'>πράξεως</span> <span class='ocrx_word' id='word_1_787' title='bbox 3448 4429 3610 4485; x_wconf 75' lang='grc' dir='ltr'>αὐτοῦ</span> <span class='ocrx_word' id='word_1_788' title='bbox 3643 4429 3720 4492; x_wconf 79' lang='grc' dir='ltr'>εἷς</span> <span class='ocrx_word' id='word_1_789' title='bbox 3755 4431 3920 4484; x_wconf 69' lang='grc' dir='ltr'>κακὸν</span> 
     </span>
    </p>
   </div>
   <div class='ocr_carea' id='block_1_109' title="bbox 2267 4515 3919 4594">
    <p class='ocr_par' dir='ltr' id='par_1_109' title="bbox 2267 4515 3919 4594">
     <span class='ocr_line' id='line_1_112' title="bbox 2267 4515 3919 4594; baseline -0.003 -16"><span class='ocrx_word' id='word_1_790' title='bbox 2267 4527 2440 4578; x_wconf 87' lang='grc' dir='ltr'>ποιεῖν</span> <span class='ocrx_word' id='word_1_791' title='bbox 2473 4519 2748 4576; x_wconf 73' lang='grc' dir='ltr'>ἀνελαόνει</span> <span class='ocrx_word' id='word_1_792' title='bbox 2781 4521 2917 4594; x_wconf 79' lang='grc'>(74).</span> <span class='ocrx_word' id='word_1_793' title='bbox 2967 4516 3187 4588; x_wconf 83' lang='grc' dir='ltr'>Ἐπειδή</span> <span class='ocrx_word' id='word_1_794' title='bbox 3238 4520 3265 4574; x_wconf 85' lang='grc' dir='ltr'>ὁ</span> <span class='ocrx_word' id='word_1_795' title='bbox 3299 4519 3566 4592; x_wconf 81' lang='grc' dir='ltr'>θησαυρὸς</span> <span class='ocrx_word' id='word_1_796' title='bbox 3597 4522 3694 4573; x_wconf 79' lang='grc' dir='ltr'>τοῦ</span> <span class='ocrx_word' id='word_1_797' title='bbox 3731 4515 3919 4574; x_wconf 71' lang='grc' dir='ltr'>διαϐό-</span> 
     </span>
    </p>
   </div>
   <div class='ocr_carea' id='block_1_110' title="bbox 2271 4607 3664 4685">
    <p class='ocr_par' dir='ltr' id='par_1_110' title="bbox 2271 4607 3664 4685">
     <span class='ocr_line' id='line_1_113' title="bbox 2271 4607 3664 4685; baseline -0.005 -17"><span class='ocrx_word' id='word_1_798' title='bbox 2271 4612 2369 4668; x_wconf 89' lang='grc' dir='ltr'><strong>λου</strong></span> <span class='ocrx_word' id='word_1_799' title='bbox 2401 4613 2511 4685; x_wconf 90' lang='grc'>(75)</span> <span class='ocrx_word' id='word_1_800' title='bbox 2552 4609 2636 4664; x_wconf 82' lang='grc' dir='ltr'>ἰοῦ</span> <span class='ocrx_word' id='word_1_801' title='bbox 2665 4613 2907 4682; x_wconf 79' lang='grc' dir='ltr'>πονηροῦ</span> <span class='ocrx_word' id='word_1_802' title='bbox 2939 4608 3299 4684; x_wconf 83' lang='grc' dir='ltr'>πεπλήρωται</span> <span class='ocrx_word' id='word_1_803' title='bbox 3332 4607 3664 4681; x_wconf 78' lang='grc' dir='ltr'>πνεύματος.</span> 
     </span>
    </p>
   </div>
   <div class='ocr_carea' id='block_1_111' title="bbox 2340 4693 3919 4776">
    <p class='ocr_par' dir='ltr' id='par_1_111' title="bbox 2340 4693 3919 4776">
     <span class='ocr_line' id='line_1_114' title="bbox 2340 4693 3919 4776; baseline -0.003 -20"><span class='ocrx_word' id='word_1_804' title='bbox 2340 4700 2412 4756; x_wconf 84' lang='grc' dir='ltr'><strong>Β’.</strong></span> <span class='ocrx_word' id='word_1_805' title='bbox 2448 4723 2477 4752; x_wconf 84' lang='grc'><strong>‹‹</strong></span> <span class='ocrx_word' id='word_1_806' title='bbox 2510 4700 2690 4754; x_wconf 85' lang='grc' dir='ltr'>Ἔστιν</span> <span class='ocrx_word' id='word_1_807' title='bbox 2722 4698 2815 4752; x_wconf 84' lang='grc' dir='ltr'><strong>οὗν</strong></span> <span class='ocrx_word' id='word_1_808' title='bbox 2831 4697 2984 4773; x_wconf 74' lang='grc' dir='ltr'>ψυχὴ</span> <span class='ocrx_word' id='word_1_809' title='bbox 3017 4696 3268 4774; x_wconf 85' lang='grc' dir='ltr'>λέγουσα,</span> <span class='ocrx_word' id='word_1_810' title='bbox 3300 4697 3454 4776; x_wconf 79' lang='grc' dir='ltr'>φησὶ,</span> <span class='ocrx_word' id='word_1_811' title='bbox 3484 4697 3547 4752; x_wconf 87' lang='grc' dir='ltr'><strong>τὸ</strong></span> <span class='ocrx_word' id='word_1_812' title='bbox 3577 4693 3751 4751; x_wconf 82' lang='grc' dir='ltr'>καλὸν</span> <span class='ocrx_word' id='word_1_813' title='bbox 3788 4697 3919 4766; x_wconf 71' lang='grc' dir='ltr'>ὑπὲρ</span> 
     </span>
    </p>
   </div>
   <div class='ocr_carea' id='block_1_112' title="bbox 2267 4784 3916 4862">
    <p class='ocr_par' dir='ltr' id='par_1_112' title="bbox 2267 4784 3916 4862">
     <span class='ocr_line' id='line_1_115' title="bbox 2267 4784 3916 4862; baseline -0.002 -18"><span class='ocrx_word' id='word_1_814' title='bbox 2267 4793 2367 4845; x_wconf 79' lang='grc' dir='ltr'>τοῦ</span> <span class='ocrx_word' id='word_1_815' title='bbox 2423 4791 2613 4857; x_wconf 80' lang='grc' dir='ltr'>κακοῦ,</span> <span class='ocrx_word' id='word_1_816' title='bbox 2670 4786 2761 4842; x_wconf 87' lang='grc' dir='ltr'>καὶ</span> <span class='ocrx_word' id='word_1_817' title='bbox 2796 4786 2861 4842; x_wconf 87' lang='grc' dir='ltr'>τὸ</span> <span class='ocrx_word' id='word_1_818' title='bbox 2914 4785 3074 4848; x_wconf 87' lang='grc' dir='ltr'>τέλος</span> <span class='ocrx_word' id='word_1_819' title='bbox 3129 4789 3228 4841; x_wconf 80' lang='grc' dir='ltr'>τοῦ</span> <span class='ocrx_word' id='word_1_820' title='bbox 3258 4786 3580 4862; x_wconf 81' lang='grc' dir='ltr'>πράγματος</span> <span class='ocrx_word' id='word_1_821' title='bbox 3614 4784 3694 4846; x_wconf 72' lang='grc' dir='ltr'>εἷς</span> <span class='ocrx_word' id='word_1_822' title='bbox 3725 4784 3916 4840; x_wconf 75' lang='grc' dir='ltr'>κακίαν</span> 
     </span>
    </p>
   </div>
   <div class='ocr_carea' id='block_1_113' title="bbox 2336 4926 3420 5006">
    <p class='ocr_par' dir='ltr' id='par_1_113' title="bbox 2336 4926 3420 5006">
     <span class='ocr_line' id='line_1_116' title="bbox 2336 4926 3420 5006; baseline 0 -22"><span class='ocrx_word' id='word_1_823' title='bbox 2477 4926 2655 5006; x_wconf 25' lang='grc' dir='ltr'>Τέμλει.</span> <span class='ocrx_word' id='word_1_824' title='bbox 2684 4928 3094 5006; x_wconf 53' lang='lat' dir='ltr'><strong>Toi‘iyoqhabet</strong></span> <span class='ocrx_word' id='word_1_825' title='bbox 3123 4927 3303 4987; x_wconf 86' lang='lat' dir='ltr'><strong>Oxon.</strong></span> <span class='ocrx_word' id='word_1_826' title='bbox 3335 4929 3420 4985; x_wconf 86' lang='lat' dir='ltr'><strong>ID.</strong></span> 
     </span>
    </p>
   </div>
   <div class='ocr_carea' id='block_1_114' title="bbox 2396 4998 3039 5058">
    <p class='ocr_par' dir='ltr' id='par_1_114' title="bbox 2396 4998 3039 5058">
     <span class='ocr_line' id='line_1_117' title="bbox 2396 4998 3039 5058; baseline 0 0"><span class='ocrx_word' id='word_1_827' title='bbox 2396 4998 2452 5058; x_wconf 80' lang='lat' dir='ltr'><strong>Ol</strong></span> <span class='ocrx_word' id='word_1_828' title='bbox 2485 5000 2692 5056; x_wconf 80' lang='grc' dir='ltr'>Αὐτῶν.</span> <span class='ocrx_word' id='word_1_829' title='bbox 2727 4998 2924 5055; x_wconf 79' lang='grc' dir='ltr'>Αὐτοῦ.</span> <span class='ocrx_word' id='word_1_830' title='bbox 2959 5006 3039 5058; x_wconf 85' lang='lat' dir='ltr'><strong>In.</strong></span> 
     </span>
    </p>
   </div>
   <div class='ocr_carea' id='block_1_115' title="bbox 2335 5003 3919 5148">
    <p class='ocr_par' dir='ltr' id='par_1_115' title="bbox 2335 5003 3919 5148">
     <span class='ocr_line' id='line_1_118' title="bbox 2345 5003 3039 5058; baseline 0 0"><span class='ocrx_word' id='word_1_831' title='bbox 2345 5003 2352 5006; x_wconf 54' lang='grc'>⁷</span> <span class='ocrx_word' id='word_1_832' title='bbox 2396 5005 2431 5058; x_wconf 94' lang='lat'>0</span> <span class='ocrx_word' id='word_1_833' title='bbox 2485 5003 2692 5056; x_wconf 82' lang='grc' dir='ltr'>Αὐτῶν.</span> <span class='ocrx_word' id='word_1_834' title='bbox 2727 5003 2924 5055; x_wconf 79' lang='grc' dir='ltr'>Αὐτοῦ.</span> <span class='ocrx_word' id='word_1_835' title='bbox 2959 5006 3039 5058; x_wconf 85' lang='lat' dir='ltr'><strong>In.</strong></span> 
     </span>
     <span class='ocr_line' id='line_1_119' title="bbox 2335 5003 3919 5148; baseline -0.003 -18"><span class='ocrx_word' id='word_1_836' title='bbox 2335 5003 2452 5148; x_wconf 46' lang='lat' dir='ltr'><strong>gi;</strong></span> <span class='ocrx_word' id='word_1_837' title='bbox 2479 5073 2638 5148; x_wconf 49' lang='lat' dir='ltr'><strong>Mssa</strong></span> <span class='ocrx_word' id='word_1_838' title='bbox 2678 5075 2807 5148; x_wconf 53' lang='grc' dir='ltr'><strong>τειῖξνΔ</strong></span> <span class='ocrx_word' id='word_1_839' title='bbox 2839 5069 3084 5148; x_wconf 75' lang='grc' dir='ltr'>πατέρων</span> <span class='ocrx_word' id='word_1_840' title='bbox 3133 5067 3318 5125; x_wconf 75' lang='grc' dir='ltr'>αὐτοῦ.</span> <span class='ocrx_word' id='word_1_841' title='bbox 3373 5068 3472 5128; x_wconf 81' lang='grc' dir='ltr'><strong>Καὶ</strong></span> <span class='ocrx_word' id='word_1_842' title='bbox 3521 5063 3721 5144; x_wconf 80' lang='grc' dir='ltr'>ἔθαψαν</span> <span class='ocrx_word' id='word_1_843' title='bbox 3758 5068 3919 5125; x_wconf 72' lang='grc' dir='ltr'>αὐτὸν</span> 
     </span>
    </p>
   </div>
   <div class='ocr_carea' id='block_1_116' title="bbox 2431 4931 2452 5148">
    <p class='ocr_par' dir='ltr' id='par_1_116' title="bbox 2431 4931 2452 5148">
     <span class='ocr_line' id='line_1_120' title="bbox 2431 4931 2452 5148; baseline 0 0"><span class='ocrx_word' id='word_1_844' title='bbox 2431 4931 2452 5148; x_wconf 73' lang='lat' dir='ltr'><strong>l</strong></span> 
     </span>
    </p>
   </div>
   <div class='ocr_carea' id='block_1_117' title="bbox 2266 5145 3073 5214">
    <p class='ocr_par' dir='ltr' id='par_1_117' title="bbox 2266 5145 3073 5214">
     <span class='ocr_line' id='line_1_121' title="bbox 2266 5145 3073 5214; baseline -0.006 -11"><span class='ocrx_word' id='word_1_845' title='bbox 2266 5145 2396 5214; x_wconf 75' lang='grc' dir='ltr'>ἐκεῖ,</span> <span class='ocrx_word' id='word_1_846' title='bbox 2431 5145 2675 5202; x_wconf 86' lang='lat' dir='ltr'><strong>omissis</strong></span> <span class='ocrx_word' id='word_1_847' title='bbox 2705 5145 2954 5201; x_wconf 90' lang='lat' dir='ltr'><strong>ultimis.</strong></span> <span class='ocrx_word' id='word_1_848' title='bbox 2979 5145 3073 5200; x_wconf 46' lang='lat' dir='ltr'><strong>&#39;Io.</strong></span> 
     </span>
    </p>
   </div>
   <div class='ocr_carea' id='block_1_118' title="bbox 2338 5213 3924 5292">
    <p class='ocr_par' dir='ltr' id='par_1_118' title="bbox 2338 5213 3924 5292">
     <span class='ocr_line' id='line_1_122' title="bbox 2338 5213 3924 5292; baseline -0.003 -19"><span class='ocrx_word' id='word_1_849' title='bbox 2338 5213 2452 5292; x_wconf 86' lang='lat'>(72)</span> <span class='ocrx_word' id='word_1_850' title='bbox 2481 5217 2656 5292; x_wconf 62' lang='lat' dir='ltr'><strong>Anno.</strong></span> <span class='ocrx_word' id='word_1_851' title='bbox 2697 5217 2978 5272; x_wconf 89' lang='lat' dir='ltr'><strong>Addenda</strong></span> <span class='ocrx_word' id='word_1_852' title='bbox 3005 5217 3314 5292; x_wconf 65' lang='lat' dir='ltr'><strong>voxsqxto,</strong></span> <span class='ocrx_word' id='word_1_853' title='bbox 3348 5213 3398 5270; x_wconf 91' lang='lat' dir='ltr'><strong>si</strong></span> <span class='ocrx_word' id='word_1_854' title='bbox 3430 5213 3714 5292; x_wconf 60' lang='lat' dir='ltr'><strong>Graecum</strong></span> <span class='ocrx_word' id='word_1_855' title='bbox 3771 5214 3924 5270; x_wconf 84' lang='lat' dir='ltr'><strong>codi-</strong></span> 
     </span>
    </p>
   </div>
   <div class='ocr_carea' id='block_1_119' title="bbox 2265 5283 3922 5360">
    <p class='ocr_par' dir='ltr' id='par_1_119' title="bbox 2265 5283 3922 5360">
     <span class='ocr_line' id='line_1_123' title="bbox 2265 5283 3922 5360; baseline -0.002 -14"><span class='ocrx_word' id='word_1_856' title='bbox 2265 5283 2391 5347; x_wconf 81' lang='lat' dir='ltr'><strong>cem</strong></span> <span class='ocrx_word' id='word_1_857' title='bbox 2420 5283 2543 5344; x_wconf 83' lang='lat' dir='ltr'><strong>tam</strong></span> <span class='ocrx_word' id='word_1_858' title='bbox 2575 5291 2755 5344; x_wconf 83' lang='lat' dir='ltr'><strong>Oxon.</strong></span> <span class='ocrx_word' id='word_1_859' title='bbox 2792 5305 2971 5360; x_wconf 88' lang='lat' dir='ltr'><strong>quam</strong></span> <span class='ocrx_word' id='word_1_860' title='bbox 3001 5285 3444 5360; x_wconf 66' lang='lat' dir='ltr'><strong>Cantab._sequi</strong></span> <span class='ocrx_word' id='word_1_861' title='bbox 3478 5283 3772 5360; x_wconf 76' lang='lat' dir='ltr'><strong>velimus;</strong></span> <span class='ocrx_word' id='word_1_862' title='bbox 3795 5303 3922 5358; x_wconf 65' lang='lat' dir='ltr'><strong>qua</strong></span> 
     </span>
    </p>
   </div>
   <div class='ocr_carea' id='block_1_120' title="bbox 2264 5356 3918 5425">
    <p class='ocr_par' dir='ltr' id='par_1_120' title="bbox 2264 5356 3918 5425">
     <span class='ocr_line' id='line_1_124' title="bbox 2264 5356 3918 5425; baseline -0.005 -7"><span class='ocrx_word' id='word_1_863' title='bbox 2264 5367 2462 5418; x_wconf 91' lang='lat' dir='ltr'><strong>tamen</strong></span> <span class='ocrx_word' id='word_1_864' title='bbox 2493 5361 2657 5416; x_wconf 90' lang='lat' dir='ltr'><strong>deest</strong></span> <span class='ocrx_word' id='word_1_865' title='bbox 2687 5360 2746 5415; x_wconf 90' lang='lat' dir='ltr'><strong>in</strong></span> <span class='ocrx_word' id='word_1_866' title='bbox 2777 5356 2889 5415; x_wconf 81' lang='lat' dir='ltr'><strong>ms.</strong></span> <span class='ocrx_word' id='word_1_867' title='bbox 2922 5360 3124 5425; x_wconf 72' lang='lat' dir='ltr'><strong>Graac.,</strong></span> <span class='ocrx_word' id='word_1_868' title='bbox 3156 5356 3324 5425; x_wconf 88' lang='lat' dir='ltr'><strong>Coll.,</strong></span> <span class='ocrx_word' id='word_1_869' title='bbox 3348 5356 3531 5425; x_wconf 84' lang='lat' dir='ltr'><strong>Trin.,</strong></span> <span class='ocrx_word' id='word_1_870' title='bbox 3555 5356 3918 5414; x_wconf 54' lang='lat' dir='ltr'><strong>Cantabfln.</strong></span> 
     </span>
    </p>
   </div>
   <div class='ocr_carea' id='block_1_121' title="bbox 2337 5401 3572 5506">
    <p class='ocr_par' dir='ltr' id='par_1_121' title="bbox 2337 5401 3572 5506">
     <span class='ocr_line' id='line_1_125' title="bbox 2337 5401 3572 5506; baseline -0.001 -20"><span class='ocrx_word' id='word_1_871' title='bbox 2337 5401 2462 5506; x_wconf 62' lang='grc' dir='ltr'><strong>(ὃΞῖ</strong></span> <span class='ocrx_word' id='word_1_872' title='bbox 2481 5401 2596 5506; x_wconf 52' lang='grc' dir='ltr'>’ζεῖ</span> <span class='ocrx_word' id='word_1_873' title='bbox 2603 5401 2758 5506; x_wconf 38' lang='lat' dir='ltr'><strong>Et;</strong></span> <span class='ocrx_word' id='word_1_874' title='bbox 2767 5401 2890 5506; x_wconf 66' lang='grc' dir='ltr'><strong>ᾇῖέιξ</strong></span> <span class='ocrx_word' id='word_1_875' title='bbox 2910 5401 3572 5506; x_wconf 54' lang='grc' dir='ltr'><strong>ὦίἷξέςῗὸἒζὲυᾏίῖίὶξ</strong></span> 
     </span>
    </p>
   </div>
   <div class='ocr_carea' id='block_1_122' title="bbox 2335 5500 3914 5577">
    <p class='ocr_par' dir='ltr' id='par_1_122' title="bbox 2335 5500 3914 5577">
     <span class='ocr_line' id='line_1_126' title="bbox 2335 5500 3914 5577; baseline -0.004 -17"><span class='ocrx_word' id='word_1_876' title='bbox 2335 5500 2478 5577; x_wconf 62' lang='grc'>(73⁵)</span> <span class='ocrx_word' id='word_1_877' title='bbox 2509 5502 2750 5577; x_wconf 81' lang='lat' dir='ltr'><strong>Uncinis</strong></span> <span class='ocrx_word' id='word_1_878' title='bbox 2778 5502 3007 5577; x_wconf 88' lang='lat' dir='ltr'><strong>inclusa</strong></span> <span class='ocrx_word' id='word_1_879' title='bbox 3027 5502 3252 5577; x_wconf 77' lang='lat' dir='ltr'><strong>desunt</strong></span> <span class='ocrx_word' id='word_1_880' title='bbox 3273 5501 3331 5556; x_wconf 89' lang='lat' dir='ltr'><strong>in</strong></span> <span class='ocrx_word' id='word_1_881' title='bbox 3355 5500 3576 5577; x_wconf 58' lang='lat' dir='ltr'><strong>Grgeco.</strong></span> <span class='ocrx_word' id='word_1_882' title='bbox 3611 5500 3711 5555; x_wconf 85' lang='lat' dir='ltr'><strong>Eo.</strong></span> <span class='ocrx_word' id='word_1_883' title='bbox 3741 5500 3914 5577; x_wconf 52' lang='lat' dir='ltr'><strong>Pam.</strong></span> 
     </span>
    </p>
   </div>
   <div class='ocr_carea' id='block_1_123' title="bbox 2337 5570 3920 5648">
    <p class='ocr_par' dir='ltr' id='par_1_123' title="bbox 2337 5570 3920 5648">
     <span class='ocr_line' id='line_1_127' title="bbox 2337 5570 3920 5648; baseline -0.004 -18"><span class='ocrx_word' id='word_1_884' title='bbox 2525 5573 2698 5648; x_wconf 62' lang='grc' dir='ltr'>ῌακὸν</span> <span class='ocrx_word' id='word_1_885' title='bbox 2779 5576 2954 5628; x_wconf 87' lang='grc' dir='ltr'>ποιεῖν</span> <span class='ocrx_word' id='word_1_886' title='bbox 3016 5570 3316 5628; x_wconf 80' lang='grc' dir='ltr'>ἀνελαύνει.</span> <span class='ocrx_word' id='word_1_887' title='bbox 3389 5570 3485 5633; x_wconf 67' lang='lat' dir='ltr'><strong>Et:</strong></span> <span class='ocrx_word' id='word_1_888' title='bbox 3555 5573 3920 5643; x_wconf 70' lang='grc' dir='ltr'>κακοποίησεν</span> 
     </span>
    </p>
   </div>
   <div class='ocr_carea' id='block_1_124' title="bbox 2265 5642 2610 5706">
    <p class='ocr_par' dir='ltr' id='par_1_124' title="bbox 2265 5642 2610 5706">
     <span class='ocr_line' id='line_1_128' title="bbox 2265 5642 2610 5706; baseline -0.009 0"><span class='ocrx_word' id='word_1_889' title='bbox 2265 5642 2494 5706; x_wconf 64' lang='grc' dir='ltr'>ἐλαύνει.</span> <span class='ocrx_word' id='word_1_890' title='bbox 2529 5647 2610 5703; x_wconf 86' lang='lat' dir='ltr'><strong>ID.</strong></span> 
     </span>
    </p>
   </div>
   <div class='ocr_carea' id='block_1_125' title="bbox 2336 5708 3404 5794">
    <p class='ocr_par' dir='ltr' id='par_1_125' title="bbox 2336 5708 3404 5794">
     <span class='ocr_line' id='line_1_129' title="bbox 2336 5708 3404 5794; baseline 0 -20"><span class='ocrx_word' id='word_1_891' title='bbox 2336 5718 2456 5794; x_wconf 84' lang='lat'>(76)</span> <span class='ocrx_word' id='word_1_892' title='bbox 2481 5716 2588 5776; x_wconf 75' lang='grc' dir='ltr'><strong>Τοῦ</strong></span> <span class='ocrx_word' id='word_1_893' title='bbox 2619 5708 2904 5780; x_wconf 77' lang='grc' dir='ltr'>διαϐόλου.</span> <span class='ocrx_word' id='word_1_894' title='bbox 2934 5708 3288 5775; x_wconf 79' lang='grc' dir='ltr'>Διαϐουλίου.</span> <span class='ocrx_word' id='word_1_895' title='bbox 3318 5717 3404 5774; x_wconf 78' lang='lat' dir='ltr'><strong>In.</strong></span> 
     </span>
    </p>
   </div>
  </div>
