4046 6350
170 406 330 467 1121

1441 402 2040 468 TESTAMENTUM
2087 406 2315 468 ASER.

3423 412 3580 474 1122

168 534 313 611 ἄγει.
348 539 530 589 Ἔστιν
571 529 849 609 ἄνθρωπος
894 533 1026 605 (76),
1060 528 1206 593 ὅστις
1254 529 1354 587 οὐκ
1400 530 1652 608 οἶκτείρει
1703 530 1819 587 λει-

1947 537 2034 609 qui
2065 555 2180 595 non
2212 538 2521 595 miseretur
2568 539 2963 597 ministrantis
3012 541 3061 596 ei
3116 541 3175 597 in
3224 540 3488 611 malum;
3523 545 3582 598 et

167 627 502 700 τουργοῦντα
530 621 677 694 αὐτῷ
708 620 759 676 ἐν
798 624 969 692 κακῷ·
1014 620 1104 675 καί
1142 641 1203 697 γε
1229 624 1392 676 τοῦτο
1443 617 1819 698 διπρόσωπον,

164 710 319 768 ἀλλά
347 714 409 767 τὸ
439 711 569 767 ὅλον
602 710 835 786 πονηρόν
872 709 1004 765 ἐστι.
1038 709 1137 764 Καὶ
1166 705 1308 765 ἔστιν
1358 707 1642 787 ἄνθρωπος
1691 711 1823 788 ἀγα-

162 807 287 858 πῶν
317 801 408 858 τὸν
470 799 930 877 πονηρευόμενον,
964 797 1223 862 ὡσαύτως
1274 797 1414 854 ἐστὶν
1462 799 1512 854 ἐν
1564 800 1818 873 πονηρίᾳ·

160 890 250 947 δ’τι
298 890 387 946 καὶ
445 890 726 945 ἀποθανεῖν
793 889 1023 965 αἱρεῖται
1072 887 1124 942 ἐν
1170 892 1323 961 κακῷ
1371 885 1440 943 δι’
1489 888 1668 947 αὐτόν.
1723 888 1824 946 Καὶ

155 979 289 1055 περὶ
318 979 518 1035 τούτου
548 978 802 1058 φανερὸν,
835 977 921 1033 6'1:
949 974 1297 1054 διπρόσωπόν
1332 977 1462 1033 ἐστι·
1495 977 1559 1033 τὸ
1591 974 1649 1033 δὶ
1695 982 1825 1049 πᾶν,

158 1070 308 1140 κακή
358 1068 570 1145 πρᾶξις.
641 1067 739 1123 Καί
799 1088 863 1145 γε
919 1065 1099 1143 ἀγάπη
1185 1067 1337 1140 οὖσα,
1397 1065 1633 1141 πονηρία
1688 1065 1822 1140 ἐστὶ,

158 1178 579 1235 συγκροπτουσα
622 1157 686 1212 τὸ
729 1154 912 1212 κακόν*
948 1154 1130 1232 ὥσπερ
1178 1153 1291 1211 ἐστὶ
1336 1160 1417 1229 τῷ
1472 1154 1698 1229 ὀνόματι
1749 1154 1827 1219 ὡς

157 1247 347 1320 καλῷ,
377 1248 441 1303 τὸ
490 1244 548 1302 δὲ
591 1244 754 1310 τέλος
794 1252 896 1315 τῆς
943 1243 1187 1322 πράξεως
1239 1240 1459 1321 ἔρχεται
1512 1243 1589 1307 εἰς
1636 1243 1825 1302 κακόν.

161 1334 381 1399 Ἀλλος
444 1333 690 1408 κλέπτει,
754 1331 949 1404 ἀδικεῖ,
1020 1335 1268 1410 ἁρπάζει,
1330 1331 1665 1405 πλεονεκτεῖ,
1735 1332 1827 1389 καὶ

167 1424 319 1481 ἐλεεῖ
344 1423 475 1486 τοὺς
504 1422 786 1500 πτωχούςο
831 1420 1182 1500 διπρόσωπον
1222 1423 1315 1497 μὶν
1344 1422 1435 1477 καὶ
1464 1427 1647 1492 τοῦτο,
1676 1423 1740 1478 τὸ
1772 1420 1830 1478 δὲ

166 1514 305 1571 ὅλον
333 1513 574 1591 πονηρόν
608 1512 770 1571 ἐστιν.
804 1514 861 1567 Ὀ
890 1511 1233 1568 πλεονεκτῶν
1264 1512 1354 1567 τὸν
1402 1509 1640 1583 πλησίον
1689 1532 1826 1589 παρ-

168 1600 377 1679 οργίζει
440 1604 532 1657 τὸν
590 1602 740 1673 Θεὸν,
798 1600 888 1656 καὶ
951 1602 1043 1657 τὸν
1102 1603 1357 1675 Ὕψιστον
1411 1599 1678 1676 ἐπιορκεῖ,
1735 1599 1827 1655 καὶ

163 1692 263 1746 τὸν
298 1691 520 1766 πτωχὸν
552 1689 715 1746 ἐλεεῖ·
745 1690 836 1746 τὸν
871 1689 1093 1746 ἐντολὲα
1120 1694 1217 1745 τοῦ
1247 1684 1418 1763 νόμου
1457 1688 1658 1766 Κυρίου
1707 1690 1827 1746 ἀθε-

166 1785 257 1835 τεῖ
284 1779 375 1835 καὶ
403 1778 712 1856 παροξύνει,
742 1779 831 1835 καὶ
874 1780 966 1835 τὸν
1016 1780 1223 1850 πένητα
1274 1778 1533 1834 ἀναπαύει
1725 1779 1826 1847 τὴν

168 1869 361 1945 ψυχὴν
420 1867 633 1937 σπιλοῖ,
688 1867 779 1923 καὶ
834 1868 899 1923 τὸ
975 1872 1135 1942 σῶμα
1190 1864 1521 1943 λαμπρύνειο
1578 1864 1827 1929 πολλοὺς

171 1957 406 2029 ἀναιρεῖ,
464 1956 554 2011 καὶ
626 1955 845 2032 ὀλίγους
905 1953 1067 2012 ἐλεεῖ⁶
1118 1955 1208 2011 καὶ
1264 1960 1427 2012 τοῦτο
1486 1952 1834 2031 διπρόσωπόν

173 2046 313 2102 ἐστι.
369 2042 584 2108 ’Ἄλλος
637 2043 907 2120 μοιχεύει,
950 2042 1225 2120 πορνεύει,
1267 2044 1359 2099 καὶ
1408 2043 1669 2119 ἀπέχεται
1718 2040 1831 2099 ἐδε-

175 2137 419 2207 σμάτων·
470 2134 559 2188 καὶ
606 2133 882 2203 νηστεύων
924 2138 1230 2205 κακοποιεῖ,
1272 2132 1364 2188 καὶ
1408 2136 1478 2207 τῇ
1529 2130 1830 2205 δυναστείᾳ,

174 2228 260 2295 τῷ
290 2221 518 2295 πλούτῳ
547 2224 683 2295 (78),
712 2219 959 2283 πολλοὺς
988 2221 1307 2297 παρασύρει,
1336 2220 1427 2277 καὶ
1454 2220 1513 2277 ἐκ
1538 2228 1638 2291 τῆς
1670 2221 1835 2298 ὑπερ-

179 2311 354 2387 όγκου
419 2310 605 2374 κακίας
669 2315 818 2365 ποιεῖ
880 2309 1120 2373 ἐντολάς.
1172 2309 1271 2366 Καὶ
1338 2315 1499 2366 τοῦτο
1562 2308 1834 2386 διπρόσω-

177 2399 285 2456 πόν
327 2398 458 2469 ἐστι,
488 2399 551 2455 16
584 2396 641 2455 δὲ
670 2398 800 2456 ὅλον
830 2399 993 2455 κακόν
1026 2399 1156 2457 ἐστι.
1187 2399 1250 2454 Οἱ
1279 2404 1522 2455 τοιοῦτοι
1551 2398 1691 2455 ὅσιοί
1718 2400 1837 2471 (79)

182 2489 291 2544 εἶσι
322 2485 615 2550 δασύποδες
645 2490 781 2562 (80),
814 2487 896 2543 6'1:
930 2488 981 2562 ἐξ
1020 2487 1275 2561 ἡμισείας
1301 2487 1403 2543 εἶσὶ
1434 2486 1758 2565 καθαροὶ,τὸ
1778 2484 1835 2543 δὶ

182 2577 391 2651 ἀληθὲς
451 2576 743 2654 ἀκάθαρτοι
801 2576 925 2634 εἶσι.
957 2578 1059 2635 Καὶ
1114 2576 1219 2654 γὰρ
1278 2578 1405 2640 Θεὸς
1444 2576 1497 2633 ἰν
1522 2581 1642 2640 ταῖς
1672 2575 1836 2647 πλαξὶ

174 2672 293 2723 τῶν
329 2667 571 2743 οὐρανῶν
604 2666 749 2721 εἶπεν
782 2664 974 2729 οὕτως.

260 2758 334 2813 Γ’.
368 2780 395 2808 ‹‹
441 2757 619 2829 Ὑμεῖς
668 2752 785 2823 οὗν,
831 2754 991 2810 τέκνα
1039 2775 1165 2828 μου,
1202 2754 1278 2828 μὴ
1327 2753 1538 2831 γίνεσθε
1584 2755 1702 2810 κατ’
1737 2753 1839 2809 αύ-

176 2844 314 2908 τοὺς
371 2842 735 2921 διπρόσωποι,
786 2843 1122 2919 ἀγαθότητος
1174 2844 1265 2899 καὶ
1321 2841 1528 2906 κακίαςο
1578 2842 1726 2900 ἀλλά
1768 2847 1837 2918 τῇ

181 2932 490 3009 ἀγαθότητι
522 2932 661 3007 μόνῃ
688 2931 1027 3002 κολλήθητε,
1048 2930 1133 2987 6'1:
1164 2932 1193 2989 6
1223 2932 1351 2995 Θεὸς
1388 2931 1715 2988 ἀναπαύεται
1760 2931 1839 2995 εἰς

182 3022 385 3093 αὐτὴν,
415 3022 503 3076 καὶ
535 3022 587 3076 o':
636 3022 908 3096 ἄνθρωποι
953 3022 1210 3077 ποθοῦσιν
1270 3020 1458 3093 αύτήνο
1489 3022 1589 3090 τὴν
1640 3018 1699 3076 δὲ
1736 3041 1839 3077 κα-

184 3111 311 3166 κίαν
364 3108 698 3185 ἀποδράσατε
743 3112 875 3183 (81),
926 3109 1270 3186 ἀναιροῦντες
1314 3109 1409 3165 τὸν
1476 3104 1733 3166 διάϐολον
1784 3108 1836 3166 ἒν

181 3204 307 3261 ταῖς
354 3199 580 3274 ἀγαθαῖς
633 3198 782 3272 δμῶν
826 3198 1104 3274 πράξεσιν·
1141 3198 1223 3254 6'1:
1274 3198 1326 3253 οἱ
1375 3195 1714 3275 διπρόσωποι
1774 3198 1837 3254 οὗ

1862 1914 1911 1979 Β

1932 626 2041 683 hoc
2070 627 2365 700 duplicem
2398 628 2603 685 faciem
2628 629 2824 700 habet,
2845 631 2945 685 sed
2968 634 3155 685 totum
3181 630 3583 702 perniciosum

1932 720 2038 772 est.
2075 718 2143 773 Et
2175 721 2265 773 est
2308 718 2484 775 homo
2533 717 2783 790 diligens
2831 718 3276 791 malignantem,
3307 721 3585 777 similiter

1933 810 2021 862 est
2048 806 2107 862 in
2140 805 2401 875 malitia;
2437 806 2715 879 quoniam
2744 811 2801 862 et
2830 810 2977 863 mori
3012 807 3304 864 desiderat
3331 808 3391 863 in
3425 810 3579 866 malo

1933 898 2168 965 propter
2196 893 2414 966 ipsum.
2450 895 2518 948 Et
2549 894 2617 949 de
2648 898 2755 949 hoc
2785 893 3185 963 manifestum,
3213 897 3369 967 quod
3392 897 3584 969 dupli-

1933 981 2017 1037 cis
2065 980 2232 1038 faciei
2281 986 2409 1051 est;
2459 985 2648 1038 totum
2704 998 2861 1051 vero,
2896 983 3088 1040 malus
3147 989 3311 1041 actus
3362 990 3470 1042 est.
3514 986 3586 1042 Et

1934 1087 2100 1127 amor
2128 1069 2436 1140 exsistens,
2469 1070 2696 1128 malitia
2740 1076 2850 1142 est,
2900 1072 3271 1129 abscondens
3317 1074 3582 1144 malum;

1936 1158 2089 1215 sicut
2117 1163 2207 1216 est
2235 1160 2472 1216 nomine
2504 1160 2674 1232 quasi
2705 1160 2878 1231 bono,
2900 1159 3032 1216 finis
3060 1178 3195 1217 vero
3227 1167 3393 1219 actus
3423 1163 3586 1219 venit

1936 1247 1997 1303 in
2028 1247 2272 1304 malum.
2304 1248 2470 1305 Alius
2503 1249 2749 1316 furatur,
2776 1248 2993 1319 injuste
3015 1250 3156 1322 agit,
3179 1250 3350 1323 rapit,
3376 1268 3587 1309 avarus

1936 1337 2183 1403 exsistit,
2208 1341 2265 1393 et
2295 1337 2605 1393 miseretur
2629 1354 2949 1410 pauperum
2978 1356 2993 1406 ;
3029 1338 3322 1410 duplicem
3345 1340 3584 1412 quidem

1936 1426 2142 1481 faciem
2172 1425 2348 1482 habet
2377 1430 2435 1482 et
2462 1426 2594 1492 hoc,
2627 1430 2816 1482 totum
2848 1443 2982 1483 vero
3028 1427 3419 1498 perniciosum
3469 1432 3579 1485 est.

1938 1514 2046 1581 Qui
2077 1514 2382 1571 defraudat
2414 1516 2769 1587 proximum,
2800 1516 2868 1569 ad
2901 1514 3267 1572 iracundiam
3311 1520 3585 1588 provocat

1936 1603 2143 1669 Deum,
2175 1607 2233 1659 et
2265 1620 2367 1675 per
2396 1602 2770 1658 Altissimum
2800 1602 2943 1658 falso
2968 1604 3207 1674 dejerat,
3232 1608 3289 1659 et
3310 1604 3585 1677 pauperis

1938 1691 2286 1760 miseretur;
2340 1697 2753 1764 praeceptorem
2806 1690 2919 1763 legi
2970 1691 3201 1747 Domini
3258 1693 3482 1765 spernit
3531 1696 3588 1749 et

1937 1781 2263 1852 exacerbat,
2296 1785 2354 1836 et
2385 1796 2699 1852 pauperem
2733 1781 3094 1847 requiescere
3125 1780 3298 1849 facit;
3327 1781 3587 1838 animam

1939 1869 2234 1941 inquinat,
2266 1873 2324 1926 et
2376 1885 2593 1940 corpus
2652 1868 3027 1940 splendidum
3086 1870 3312 1936 reddit;
3374 1870 3595 1927 multos

1943 1958 2171 2025 occidit,
2207 1962 2265 2014 et
2312 1974 2635 2030 paucorum
2686 1958 3031 2027 miseretur;
3082 1962 3140 2014 et
3186 1958 3297 2014 hoc
3350 1961 3589 2031 quidem

1941 2046 2194 2120 duplicis
2225 2046 2391 2102 faciei
2424 2050 2531 2102 est.
2562 2045 2728 2101 Alius
2759 2044 3143 2115 adulteratur,
3166 2052 3223 2103 et
3245 2047 3584 2117 fornicatur,

1943 2140 2001 2192 et
2030 2136 2282 2191 abstinet
2311 2152 2346 2191 a
2374 2135 2519 2191 cibis
2543 2153 2557 2203 ;
2591 2140 2648 2191 et
2668 2136 2949 2207 jejunans
2970 2134 3283 2207 malefacit,
3307 2140 3363 2192 et
3384 2145 3587 2209 poten-

1942 2226 2025 2281 tia
2052 2229 2110 2281 et
2138 2224 2357 2280 divitiis
2406 2224 2624 2280 multos
2672 2223 2883 2280 misere
2929 2228 3113 2295 vexat,
3146 2229 3203 2280 et
3244 2241 3311 2280 ex
3358 2227 3589 2284 tumida

1944 2314 2171 2371 malitia
2200 2313 2336 2370 facit
2367 2314 2664 2369 mandata.
2699 2313 2765 2368 Et
2795 2312 2905 2368 hoc
2955 2312 3206 2381 duplicis
3258 2313 3423 2369 faciei
3471 2320 3585 2381 est,

1941 2407 2133 2460 totum
2164 2406 2358 2459 autem
2392 2401 2613 2458 malum
2648 2407 2755 2459 est.
2784 2402 2954 2459 Tales
2987 2407 3052 2458 ut
3080 2419 3216 2458 sues
3246 2407 3387 2459 sunt
3413 2406 3469 2459 et
3505 2402 3586 2459 le-

1945 2508 2140 2565 pores,
2173 2491 2312 2565 quia
2341 2509 2409 2548 ex
2440 2492 2751 2547 medietate
2802 2498 2943 2547 sunt
2994 2491 3221 2558 mundi,
3255 2508 3453 2547 revera
3481 2509 3591 2549 au-

1944 2585 2061 2636 tem
2093 2585 2233 2637 sunt
2260 2580 2575 2636 immundi.
2609 2579 2835 2636 Etenim
2864 2579 3017 2636 Deus
3048 2580 3109 2635 in
3152 2579 3373 2636 tabulis
3419 2580 3590 2637 ccelo-

1946 2686 2076 2725 rum
2113 2668 2257 2724 dixit
2286 2668 2387 2726 ita.

2016 2758 2112 2813 III.
2152 2780 2173 2808 c
2207 2757 2319 2815 Vos
2348 2758 2543 2829 igitur,
2577 2756 2682 2813 ﬁlii
2714 2756 2849 2827 mei,
2882 2773 2953 2813 ne
3000 2756 3338 2813 efﬁciamini
3380 2774 3590 2814 secun-

1947 2845 2087 2901 dum
2118 2846 2277 2918 ipsos
2308 2845 2602 2918 duplicem
2633 2846 2912 2902 habentes
2946 2845 3175 2916 faciem,
3226 2846 3501 2902 bonitatis
3533 2849 3590 2903 et

1948 2933 2214 2996 malitiae:
2249 2936 2351 2991 sed
2380 2934 2626 2990 bonitati
2657 2934 2766 2990 soli
2796 2934 3105 3002 adhaerete,
3136 2934 3412 3006 quoniam
3431 2935 3589 2992 Deus

1947 3023 2263 3094 requiescit
2290 3023 2351 3078 in
2399 3023 2548 3096 ipsa,
2583 3027 2641 3079 et
2694 3022 2963 3078 homines
3022 3023 3359 3079 desiderant
3412 3040 3584 3093 eam;

1949 3111 2234 3167 malitiam
2291 3115 2486 3168 autem
2545 3110 2747 3183 fugite,
2806 3112 3133 3167 occidentes
3179 3112 3476 3168 diabolum
3530 3113 3591 3168 in

1947 3200 2119 3256 bonis
2148 3200 2357 3257 vestris
2400 3200 2671 3267 actibus;
2706 3198 2983 3271 quoniam
3042 3198 3142 3270 qui
3200 3200 3451 3271 duplicis
3507 3200 3593 3256 fa-

184 3292 333 3360 Θεῷ,
384 3286 531 3344 ἀλλά
568 3291 687 3350 ταῖς
752 3286 1065 3361 ἐπιθυμίαις
1114 3286 1289 3343 αὐτῶν
1336 3284 1708 3357 δουλεύουσιν,
1751 3285 1835 3342 ἵνα

1956 3288 2063 3345 ciei
2093 3293 2253 3353 sunt,
2284 3305 2400 3344 non
2454 3289 2585 3358 Deo,
2619 3288 2719 3343 sed
2768 3286 3253 3359 concupiscentiis
3295 3287 3419 3343 suis
3468 3304 3593 3343 ser-

184 3380 274 3448 τῷ
316 3374 514 3452 Βελιάρ
567 3376 820 3452 ἀρὲσωσι,
849 3376 941 3431 καὶ
982 3380 1103 3439 τοῖς
1151 3375 1363 3450 ὁμοίοις
1410 3374 1586 3432 αὐτῶν
1639 3376 1843 3451 ἀνθρώ-

190 3484 353 3527 ποις.

268 3554 344 3611 Δ’.
378 3577 407 3606 ‹‹
438 3553 501 3609 0':
540 3554 645 3630 γὰρ
678 3552 863 3631 ἀγαθοὶ
915 3554 1212 3632 ἄνθρωποι,
1253 3551 1343 3609 καὶ
1394 3552 1841 3630 μονοπρόσωποι,

182 3640 291 3697 κᾶν
349 3644 647 3716 νομισθῶσι
697 3644 842 3718 παρά
908 3647 1018 3698 τῶν
1079 3640 1439 3719 διπροσώπων
1500 3642 1842 3719 ἁμαρτάνειν,

184 3727 395 3785 δίκαιοί
454 3730 558 3786 εἶσι
614 3732 760 3807 παρά
804 3736 884 3804 τῷ
939 3736 1073 3804 Θεῷ.
1107 3728 1320 3788 Πολλοὶ
1367 3732 1470 3809 γὰρ
1498 3731 1844 3808 ἀναιροῦντες

181 3817 491 3893 πονηροὺς,
523 3817 619 3875 δύο
676 3824 921 3875 ποιοῦσιν
979 3818 1128 3897 ἔργα,
1157 3820 1320 3876 κακὸν
1371 3818 1461 3876 διὰ
1504 3818 1677 3877 καλοῦ
1707 3824 1840 3896 (82),

180 3904 324 3964 ὅλον
359 3906 417 3963 δέ
446 3907 556 3964 ἐστι
584 3906 774 3964 καλόν·
807 3908 889 3964 ὅτι
915 3910 978 3964 τὸ
1008 3910 1170 3965 κακὸν
1214 3909 1511 3985 ἐκριζώσας
1541 3909 1840 3968 ἀπώλεσεν.

180 3998 344 4052 Ἔστι
388 4017 471 4059 τις
521 4002 692 4071 μισῶν
742 3997 835 4053 τὸν
882 3996 1177 4071 ἐλεήμονα,
1212 3998 1303 4054 καὶ
1348 3996 1549 4055 ἀδικῶν
1598 4002 1713 4074 (83)
1753 4000 1845 4055 τὸν

186 4085 396 4162 μοιχὸν
423 4086 513 4141 καὶ
545 4085 874 4161 λῃστεύοντα
904 4090 1036 4162 (84)·
1085 4087 1175 4142 καὶ
1221 4085 1350 4142 αὐτό
1398 4086 1508 4142 ἐστι
1568 4085 1842 4165 διπρόσω-

185 4195 318 4229 πονο
354 4172 499 4231 ἀλλὰ
549 4175 612 4229 τὸ
659 4180 763 4230 πᾶν
808 4171 963 4253 ἔργον
1013 4174 1209 4252 ἀγαθόν
1255 4175 1418 4245 ἐστιν,
1451 4174 1535 4231 6'1:
1597 4182 1842 4250 μιμεῖται

181 4263 416 4339 Κύριον,
451 4264 526 4337 μὴ
560 4261 1004 4340 προσδεχόμενος
1028 4264 1094 4320 τὸ
1125 4262 1317 4321 δοκοῦν
1347 4262 1516 4319 καλὸν
1569 4266 1703 4339 μετᾶ
1746 4269 1843 4320 τοῦ

178 4347 455 4420 ἀληθινοῦ
510 4356 699 4405 κακοῦ.
751 4353 974 4426 ’Έτερος
1032 4350 1092 4407 οὗ
1152 4349 1297 4407 θέλει
1350 4352 1555 4427 ἀγαθὴν
1632 4353 1841 4429 ἡμέραν

180 4435 325 4493 ῒδεῖν
379 4438 512 4512 μετά
557 4438 805 4513 ἀσώτων,
832 4437 925 4495 ἵνα
976 4441 1052 4514 μὴ
1086 4441 1263 4517 χράνῃ
1290 4441 1354 4496 τὸ
1385 4440 1560 4513 στόμα
1591 4443 1724 4515 (85),
1754 4440 1844 4497 καὶ

184 4523 406 4600 μολύνῃ
434 4528 535 4597 τὴν
584 4530 793 4604 ψυχήν
824 4528 916 4585 καί
962 4549 1027 4605 γε
1070 4533 1233 4585 τοῦτο
1281 4525 1629 4604 διπρόσωπόν
1678 4528 1842 4601 ἐστιν,

1952 3377 2139 3448 viunt,
2171 3381 2239 3433 ut
2267 3375 2454 3432 Beliar
2478 3375 2765 3448 placeant,
2795 3378 2853 3431 et
2896 3374 3193 3432 similibus
3236 3376 3350 3433 sibi
3399 3376 3592 3434 homi-

1953 3466 2148 3524 nibus.

2022 3560 2121 3611 IX.
2154 3578 2184 3606 «
2218 3554 2361 3611 Boni
2407 3553 2563 3610 enim
2608 3552 2737 3622 viri,
2787 3556 2845 3608 et
2883 3552 2983 3626 qui
3016 3557 3155 3610 sunt
3196 3554 3373 3611 unius
3399 3554 3592 3625 faciei,

1950 3644 2061 3701 etsi
2091 3644 2497 3701 existimentur
2526 3643 2598 3699 ab
2641 3642 2726 3698 eis
2772 3641 2874 3714 qui
2922 3641 3175 3715 duplicis
3226 3644 3391 3701 faciei
3432 3648 3595 3713 sunt,

1951 3749 2210 3806 peccare,
2234 3731 2384 3800 justi
2416 3736 2556 3788 sunt
2603 3730 2759 3803 apud
2808 3735 3011 3787 Deum.
3045 3731 3210 3787 Multi
3240 3731 3397 3789 enim
3442 3733 3594 3789 occi-

1951 3823 2153 3879 dentes
2184 3820 2564 3894 perniciosos,
2589 3820 2706 3876 duo
2738 3819 2962 3875 faciunt
2993 3836 3187 3892 opera,
3214 3820 3435 3876 malum
3468 3838 3598 3892 pro—

1950 3916 2079 3984 pter
2106 3912 2349 3977 bonum,
2377 3912 2567 3965 totum
2595 3925 2731 3964 vero
2761 3913 2852 3964 est
2881 3909 3099 3964 bonum
3126 3927 3139 3978 ;
3174 3909 3452 3980 quoniam
3492 3909 3594 3980 qui

1952 3999 2173 4056 malum
2213 3998 2549 4067 eradicavit,
2571 3997 2825 4069 perdidit
2872 3996 3043 4052 illud.
3076 3998 3177 4053 Est
3221 3996 3438 4069 aliquis
3490 3996 3594 4068 qui

1952 4089 2074 4144 odit
2103 4088 2564 4151 misericordem,
2597 4090 2655 4142 et
2680 4086 2897 4157 injuria
2926 4085 3108 4141 afficit
3156 4085 3486 4141 adulterum
3537 4087 3599 4141 et

1951 4178 2279 4244 latronem;
2312 4180 2369 4232 et
2394 4177 2500 4232 hoc
2542 4179 2632 4231 est
2681 4174 2931 4246 duplicis
2983 4173 3187 4243 faciei;
3239 4175 3342 4231 sed
3400 4176 3593 4231 totum

1952 4284 2100 4339 opus
2132 4267 2351 4322 bonum
2383 4268 2492 4333 est,
2525 4264 2664 4335 quia
2694 4263 2958 4320 imitatur
2986 4263 3323 4336 Dominum,
3348 4279 3465 4320 non
3493 4280 3593 4320 ac-

1954 4356 2175 4428 cipiens
2206 4354 2358 4426 quod
2384 4353 2614 4409 videtur
2653 4352 2873 4409 bonum
2921 4370 3055 4408 cum
3106 4369 3242 4410 vero
3294 4352 3473 4409 malo.
3498 4350 3599 4408 Al-

1952 4450 2043 4501 ter
2072 4461 2185 4499 non
2221 4441 2340 4497 vult
2367 4441 2523 4496 diem
2563 4440 2781 4497 bonum
2828 4440 3023 4498 videre
3070 4458 3204 4499 cum
3254 4441 3596 4507 luxuriosis,

1955 4538 2020 4589 ut
2049 4549 2165 4588 non
2216 4529 2471 4586 maculet
2517 4545 2604 4597 os,
2654 4532 2712 4585 et
2758 4528 3027 4602 inquinet
3057 4532 3358 4600 animam;
3403 4529 3600 4585 ethoc

176 4613 320 4671 ὅλον
356 4611 412 4725 δὲ
438 4614 605 4725 καλόν
640 4615 805 4687 ἐστιν,
842 4616 927 4673 ὅτι
958 4617 1011 4672 οἱ
1039 4621 1282 4673 τοιοῦτοι
1304 4613 1534 4725 Ιδόρδζοις
1574 4617 1664 4672 καὶ
1716 4615 1835 4674 ἐλά-

1953 4620 2203 4695 duplicis
2230 4618 2393 4676 faciei
2436 4622 2544 4688 est,
2578 4620 2767 4673 totum
2808 4622 3005 4675 autem
3054 4620 3275 4675 bonum
3307 4623 3416 4689 est,
3452 4634 3598 4689 quo-

174 4722 313 4782 φοις
357 4700 542 4776 ὅμοιοί
597 4704 753 4778 εἰσιν,
794 4704 880 4762 6'1:
918 4703 970 4761 ἐν
1026 4705 1139 4776 ἤθει
1191 4702 1367 4781 ἀγρίῳ
1417 4702 1665 4761 δοκοῦσιν
1720 4705 1843 4761 ἀκά-

177 4794 379 4868 θαρτοι
431 4791 587 4847 εἶναι·
619 4795 683 4849 16
729 4791 788 4850 δὲ
834 4799 939 4850 πᾶν
985 4793 1212 4871 κάθαροί
1257 4791 1415 4867 εἶσιν,
1455 4793 1539 4849 6'1:
1580 4793 1632 4849 ἐν
1685 4792 1842 4869 ζήλῳ

258 4934 376 5006 (76)
404 4933 588 4989 Ἔστιν
616 4932 993 5011 ἅνθρωπος....
1024 4932 1307 4992 ἀναπαύει.
1340 4934 1551 4993 Omnia
1598 4935 1838 4994 omissa.

173 5010 371 5061 Gnan.

257 5075 377 5144 (77)
403 5072 503 5144 Τὸν
534 5074 845 5133 ἐντολὲα....
874 5075 1152 5133 ἀναπαύει.
1188 5081 1409 5133 Desunt
1438 5077 1521 5133 ID.

524 5144 773 5220 πλούτῳ.
803 5153 908 5203 Τοῦ
938 5146 1201 5204 πλούτου.
1240 5149 1323 5220 In.

272 5217 379 5289 ’79)
408 5218 604 5273 Ὅσιοι.
640 5217 794 5277 Inter
838 5239 929 5278 res
960 5222 1099 5294 legit
1129 5220 1205 5281 ὡς
1234 5217 1373 5280 σύες.
1402 5219 1485 5276 In.

262 5222 382 5361 (80)
415 5286 738 5352 Δασύποδες.
769 5238 930 5348 ὧληο
976 5308 1173 5348 vocem
1223 5295 1426 5346 auctor
1462 5306 1485 5346 ε

415 5286 738 5352 Δασύποδες.
769 5286 930 5348 Hanc
976 5286 1173 5348 νόοθιη
1223 5295 1426 5346 auctor
1462 5306 1497 5346 8
1548 5289 1702 5347 LXX.
1749 5292 1842 5347 In-

183 5361 574 5444 εει-ρῳῐὶδυὶ
599 5368 905 5420 mutuatus
951 5363 1190 5444 e_st,hqui
1237 5378 1365 5417 eam
1400 5361 1573 5444 Levit.
1606 5380 1684 5444 ξι,
1715 5364 1750 5417 6
1787 5366 1844 5419 et

183 5432 363 5507 Deut.
396 5449 509 5507 19y,
536 5434 594 5501 7,
630 5440 991 5507 usurparunt
1013 5432 1161 5507 ;illic
1192 5448 1294 5507 pro
1323 5434 1597 5507 cuniculo,
1623 5432 1717 5488 hic
1738 5450 1841 5505 pro

186 5502 740 5577 lepore.Utrumque
770 5502 964 5563 autem
998 5502 1213 5577 animal
1239 5503 1526 5577 mundum
1557 5502 1626 5558 ex
1657 5502 1840 5576 parte,

179 5592 257 5650 ex
292 5580 451 5645 parte
472 5574 847 5650 immundum
871 5579 1021 5650 apud
1045 5576 1278 5650 Judaaos
1300 5574 1844 5650 habebaturﬂnun-

180 5644 336 5702 dum
370 5651 659 5719 quatenus
680 5644 1026 5719 ruminabat
1053 5646 1315 5719 quidem,
1333 5646 1438 5719 sed
1467 5644 1843 5704 immundum

182 5715 485 5791 quatenus
514 5718 798 5793 ungulam
819 5737 936 5779 non
957 5715 1247 5777 ﬁndebat:
1262 5715 1349 5777 uti
1365 5720 1591 5786 contra,
1608 5733 1711 5775 sus
1732 5734 1843 5775 un-

1950 4711 2109 4767 niam
2132 4708 2277 4765 tales
2297 4706 2583 4778 capreolis
2604 4710 2661 4763 et
2682 4706 2865 4762 cervis
2883 4706 3104 4764 similes
3127 4712 3296 4773 sunt;
3317 4706 3598 4779 quoniam

1950 4800 2009 4855 in
2040 4796 2461 4854 consuetudine
2493 4793 2706 4867 agresti
2737 4795 3005 4851 videntur
3032 4796 3326 4853 immundi
3355 4811 3505 4864 esse,
3528 4809 3600 4851 ex

1949 4937 2149 5024 gulam
2179 4935 2417 5024 quidem
2447 4935 2759 5024 sed.
2783 4952 2900 4992 non
2932 4938 3210 5024 ruminat,
3223 4942 3287 5024 et
3310 4939 3438 5009 ipsa
3467 4950 3599 5024 pro-

1949 5006 2085 5065 inde
2114 5006 2699 5063 iminunda.Talibus
2724 5008 2921 5079 itaque
2952 5006 3353 5079 animantibus
3385 5006 3594 5079 merito

1951 5081 2025 5138 ab
2052 5084 2285 5150 auctore
2315 5082 2508 5134 nostro
2538 5076 2953 5149 comparantur
2981 5080 3249 5137 homines
3269 5078 3320 5149 ἐξ
3340 5076 3595 5150 ἡμισείας

1949 5149 2194 5225 καθαροί,
2228 5150 2287 5225 id
2317 5154 2424 5217 est,
2454 5166 2524 5204 ex
2552 5148 2715 5225 parte
2746 5150 2902 5217 boni,
2935 5157 2992 5207 et
3022 5169 3090 5225 ex
3120 5157 3281 5225 parte
3310 5148 3495 5225 'm;aI_i,
3529 5148 3591 5225 i_n

1951 5218 2443 5296 quib'us'mistura
2470 5218 2867 5277 est—virtutum
2893 5226 2951 5278 et
2986 5218 3283 5289 vitiorum,
3316 5220 3400 5278 uti
3430 5218 3596 5276 Taci-

1951 5299 2048 5348 tus
2076 5292 2359 5348 louuitur.

1951 5292 2048 5351 tus
2076 5292 2359 5351 loquitur.

2043 5312 2048 5347 ι
2078 5309 2359 5364 loquuur.

2043 5366 2134 5432 81)
2161 5357 2843 5435 Ἀποδρᾴσλατεκῷεύγετεη
2868 5362 3049 5435 Galla.

2046 5427 2139 5491 82)
2168 5427 2349 5487 Κακὸν’
2370 5429 2458 5485 διὰ
2485 5427 2677 5486 καλοῦ.
2711 5427 2885 5487 Καλὸν
2921 5431 3009 5489 διὰ
3037 5437 3224 5490 κακοῦ.
3266 5436 3346 5491 ID.

2046 5439 2117 5490 82
2168 5439 2340 5487 Κακὸν
2370 5439 2458 5485 διὰ
2485 5439 2677 5486 καλοῦ.
2714 5439 2821 5486 Καλ

2046 5506 2115 5561 83
2170 5500 2417 5558 Ἀδικῶν.
2450 5497 2695 5557 ’¹Δδικον.
2741 5508 2821 5559 ID.

2046 5578 2113 5631 84
2168 5571 2521 5647 Λῃστεύοντα.
2554 5572 2821 5640 Νηστεύον

2046 5649 2117 5702 85
2169 5644 2376 5719 Στόμα.
2410 5645 2635 5717 Στῶμα.
2664 5644 2749 5701 In.

2045 5571 2135 5647 84)
2168 5571 2521 5647 Λῃστεύοντα,
2554 5572 2913 5647 Νηστεύοντα.
2942 5577 3024 5633 ID.

2169 5644 2376 5719 Στόμα.
2410 5645 2635 5717 Στῶμα.
2664 5644 2749 5701 In.

2022 5365 2043 5722 ἓ

2045 5649 2117 5702 85
