4008 6350
490 414 647 476 1123

1472 405 2001 468 TESTAMENTA
2044 402 2153 463 XII
2195 402 2876 470 PATRIARCHARUM
2892 453 2906 469 .

3749 415 3909 474 1124

487 549 609 602 toto
639 546 833 600 autem
857 540 1063 597 mundi
1093 544 1269 605 sunt;
1303 538 1578 609 quoniam
1614 538 1669 592 in
1703 536 1824 592 zelo
1852 536 1953 592 Dei
1998 552 2108 591 am-

2238 537 2370 589 Θεοῦ
2417 535 2758 611 πορεύονται,
2790 538 3126 615 ἀπεχόμενοι
3174 538 3247 594 ὧν
3295 542 3384 595 καὶ
3427 542 3455 596 6
3486 540 3621 604 Θεὸς
3670 539 3762 596 διὰ
3792 548 3901 597 16:1

488 634 717 699 bulant,
750 630 1108 687 abstinentes
1140 634 1213 683 ab
1245 627 1338 681 his
1369 648 1401 681 a
1424 627 1637 698 quibus
1663 626 1817 681 Deus
1840 641 1941 697 per
1964 639 2129 679 man-

492 725 630 780 data
684 721 816 777 odio
874 718 1098 775 habens
1176 717 1465 789 prohibet,
1523 731 1725 772 arcens
1798 713 2021 769 malum
2097 730 2131 769 a

489 812 662 868 bono.

559 898 628 954 V.
666 921 691 950 ‹ι
724 898 922 955 Videte
952 896 1149 969 igitur,
1184 895 1309 967 ﬁlii,
1333 893 1583 967 qualiter
1611 894 1726 948 duo
1758 896 1897 948 sunt
1925 891 1983 947 in
2010 906 2130 947 om-

490 989 685 1056 nibus,
722 1003 906 1043 unum
933 990 1134 1042 contra
1160 1002 1367 1053 unum,
1398 988 1456 1039 et
1482 998 1667 1038 unum
1698 981 1809 1037 sub
1840 995 1956 1035 uno
1992 980 2126 1035 abs-

482 1078 777 1135 conditur.
809 1075 955 1131 Vitee
1005 1091 1163 1130 more
1211 1072 1488 1140 succedit,
1536 1070 1733 1143 gloriaa
1780 1067 2122 1141 ignominia,

481 1167 596 1223 diei
655 1182 788 1231 nox,
820 1168 878 1219 et
928 1163 1045 1219 luci
1100 1163 1391 1229 tenebrae;
1424 1159 1621 1215 omnia
1677 1174 1811 1213 vero
1872 1157 1980 1212 sub
2032 1156 2125 1212 die

476 1260 638 1321 sunt,
669 1260 727 1310 et
755 1253 864 1310 sub
893 1251 1011 1308 vita
1041 1268 1166 1323 quae
1188 1251 1353 1320 justa
1384 1252 1549 1316 sunt;
1570 1249 1875 1318 propterea
1893 1249 1951 1300 et
1973 1261 2124 1299 mor-

474 1350 594 1400 tem
630 1348 842 1399 zeterna
880 1342 998 1396 vita
1043 1337 1445 1412 praestolatur;
1482 1341 1539 1392 et
1586 1353 1702 1391 non
1748 1334 1881 1390 licet
1932 1333 2123 1389 dicere

468 1433 773 1490 veritatem
801 1428 1195 1493 mendacium,
1231 1443 1419 1498 neque
1439 1427 1674 1496 justum
1708 1424 2001 1494 injustum
2031 1422 2076 1456 ³³
2102 1438 2116 1490 ;

472 1521 752 1594 quoniam
784 1520 977 1575 omnis
1006 1518 1219 1573 veritas
1259 1516 1370 1572 sub
1421 1514 1549 1570 luce
1598 1518 1689 1568 est
1718 1514 1803 1581 33;
1837 1512 2119 1583 quemad-

474 1610 715 1665 modum
767 1606 965 1662 omnia
1012 1606 1122 1661 sub
1173 1609 1307 1659 Deo.
1354 1604 1480 1658 Haec
1537 1601 1736 1657 omnia
1791 1600 2027 1672 probavi
2058 1599 2117 1653 in

473 1699 595 1754 vita
626 1713 773 1768 mea,
806 1700 863 1751 et
892 1712 1005 1751 non
1039 1694 1221 1750 erravi
1255 1710 1289 1748 a
1318 1692 1559 1748 veritate
1581 1688 1847 1758 Domini;
1880 1692 1937 1745 et
1958 1705 2117 1743 man-

476 1788 615 1843 data
645 1784 924 1841 Altissimi
963 1782 1268 1855 exquisivi,
1300 1780 1624 1837 secundum
1670 1794 1903 1835 omnem
1953 1777 2115 1833 forti-

2241 619 2474 678 ἐντολῶν
2528 630 2700 697 μισῶν
2749 627 3089 704 ἀπαγορεᾷει,
3144 628 3413 703 άπείργων
3467 632 3532 684 τὸ
3577 632 3751 686 κακὸν
3806 637 3903 685 τοῦ

2238 709 2439 786 ἀγαθοῦ
2470 714 2604 787 (86).

2310 888 2382 945 Ε’.
2414 912 2443 941 ‹‹
2476 890 2663 964 Ὀρᾶτε
2707 888 2820 961 οὗν,
2846 891 3026 964 τέκνα,
3068 899 3184 958 πῶς
3229 892 3322 950 δύο
3368 896 3500 951 εἰσὶν
3556 895 3610 952 ἐν
3646 904 3811 970 πᾶσι,
3846 897 3896 954 ἓν

2234 977 2510 1033 κατέναντι
2559 980 2695 1050 ἑνὸς,
2727 981 2816 1035 καὶ
2857 980 2915 1037 ’ὲν
2958 983 3061 1039 61:6
3101 988 3199 1039 τοῦ
3247 984 3365 1047 ἑνὸς
3412 984 3741 1061 κέκρυπται.
3790 990 3896 1057 Τήν

2237 1066 2383 1136 ζωὴν
2412 1068 2524 1142 (8⁸η
2558 1068 2586 1123 6
2627 1068 2852 1134 θάνατος
2900 1068 3229 1148 διαδέχεται,
3261 1075 3361 1143 τὴν
3412 1071 3569 1144 δόξαν
3599 1076 3636 1144 ἡ
3674 1074 3895 1149 ἀτιμία,

2230 1156 2331 1224 τήν
2380 1158 2588 1233 ἡμέραν
2641 1161 2677 1229 ἡ
2722 1158 2835 1232 νὺξ,
2879 1160 2969 1216 καὶ
3010 1163 3072 1217 τὸ
3119 1166 3233 1240 φῶς
3279 1164 3340 1218 τὸ
3388 1164 3582 1226 σκότος
3636 1167 3782 1237 (88)ο
3834 1169 3899 1221 τὰ

2231 1240 2290 1299 δὲ
2338 1246 2508 1301 πάντα
2556 1247 2660 1303 ὑπὸ
2706 1247 2913 1326 ἡμέραν
2966 1250 3088 1323 εἰσὶ,
3119 1251 3211 1306 καὶ
3268 1251 3368 1307 ὑπὸ
3402 1254 3547 1321 ζωὴν
3580 1254 3652 1309 τὰ
3685 1251 3894 1309 δίκαιά·

2232 1329 2317 1387 διὸ
2362 1333 2451 1388 καὶ
2498 1335 2592 1390 τὸν
2636 1335 2859 1391 θάνατον
2904 1340 2940 1407 ἡ
2996 1338 3219 1401 αἰώνιος
3283 1343 3396 1409 ζωή
3464 1340 3751 1414 ἀναμένειο
3806 1344 3892 1397 καὶ

2230 1420 2329 1475 οὐκ
2357 1420 2498 1478 ἔστιν
2530 1423 2697 1480 εἰπεῖν
2729 1428 2827 1496 τὴν
2854 1424 3115 1498 ἀλήθειαν
3139 1426 3354 1503 ψεῦδος,
3392 1428 3516 1484 οὐδὲ
3564 1433 3628 1485 τὸ
3683 1428 3895 1487 δίκαιον

2229 1507 2435 1567 ἄδικον*
2469 1511 2551 1567 ὅτι
2584 1519 2726 1568 πᾶσα
2756 1514 2983 1585 ἀλήθεια
3015 1517 3117 1572 ὑπὸ
3156 1521 3252 1572 τοῦ
3301 1518 3481 1594 φωτός
3532 1518 3669 1574 ἐστι’
3706 1523 3891 1583 καθὼς

2225 1599 2293 1654 τὰ
2346 1602 2519 1657 πάντα
2571 1602 2676 1658 61:6
2730 1604 2822 1658 τὸν
2878 1604 3028 1664 Θεόν.
3083 1610 3259 1660 Ταῦτα
3340 1609 3506 1663 πάντα
3577 1606 3891 1682 ἐδοκίμασε

2227 1686 2279 1743 έν
2310 1692 2379 1762 τῇ
2413 1694 2525 1764 ζωῇ
2560 1713 2691 1765 μου,
2723 1692 2813 1747 καὶ
2846 1692 2945 1748 οὐκ
2974 1692 3289 1765 ἐπλανήθην
3322 1696 3426 1751 ἀπὸ
3475 1704 3577 1765 τῆς
3618 1696 3888 1764 ἀληθείας

2225 1776 2443 1854 Κυρίου,
2500 1778 2590 1834 καί
2647 1780 2743 1844 τὰς
2796 1780 3018 1846 ἐντολὰς
3098 1787 3195 1838 τοῦ
3252 1784 3497 1859 Ὑψίστου
3557 1786 3885 1856 ἒξεζήτησα,

474 1875 739 1931 tudinem
771 1890 963 1930 meam
992 1870 1306 1928 ambulans
1336 1869 1663 1926 secundum
1695 1884 1876 1923 unam
1908 1866 2108 1923 faciem

2225 1867 2357 1921 κατὰ
2386 1874 2556 1923 πᾶσαν
2618 1868 2776 1946 ἶσχόν
2835 1892 2940 1945 μου
2995 1868 3365 1950 πορευόμενος
3421 1877 3885 1950 μονοπροσώπως

470 1964 530 2019 in
552 1965 795 2019 bonum.

495 1983 530 2020 n
553 1982 795 2020 nonum.

540 2054 635 2108 VI.
665 2076 692 2103 «
727 2050 1013 2108 Attendite
1044 2049 1225 2120 igitur
1252 2054 1310 2105 et
1339 2064 1463 2114 vos,
1495 2046 1597 2101 filii
1652 2044 1785 2113 mei,
1821 2044 2114 2100 mandatis

468 2142 726 2208 Domini,
758 2139 1082 2196 secundum
1117 2154 1293 2193 unam
1330 2136 1537 2193 faciem
1567 2138 1875 2207 sequentes
1909 2133 2116 2189 verita-

468 2236 627 2299 tem;
660 2229 935 2301 quoniam
969 2226 1065 2299 qui
1117 2225 1369 2298 duplicis
1418 2224 1581 2281 faciei
1612 2227 1771 2291 sunt,
1806 2221 2114 2293 dupliciter

473 2319 817 2391 puniuntur.
851 2315 1104 2388 Spiritus
1131 2314 1343 2370 erroris
1389 2313 1519 2370 odio
1570 2312 1798 2381 habete,
1831 2312 2111 2367 adversus

471 2408 767 2465 hominem
798 2405 1240 2462 contendentes.
1275 2405 1485 2475 Legem
1518 2402 1748 2459 Domini
1798 2400 2108 2469 custodite,

469 2503 527 2554 et
558 2513 628 2553 ne
660 2495 940 2552 attendite
973 2493 1145 2563 malo,
1181 2497 1243 2548 ut
1274 2494 1462 2560 bono;
1509 2492 1607 2547 sed
1639 2491 1697 2545 in
1728 2506 1857 2546 vero
1891 2490 2109 2545 bonum

469 2585 756 2657 respicite,
790 2588 846 2638 et
877 2583 1177 2638 observate
1211 2579 1354 2635 illud
1386 2580 1443 2635 in
1493 2579 1767 2635 omnibus
1814 2578 2109 2634 mandatis

465 2673 717 2741 Domini,
749 2673 821 2726 ad
853 2687 984 2726 eum
1015 2670 1249 2737 reversi,
1284 2673 1341 2725 et
1363 2669 1421 2723 in
1451 2686 1517 2725 eo
1549 2669 1914 2740 quiescentes
1946 2667 2111 2739 (quo-

464 2763 621 2818 niam
654 2762 797 2816 ﬁnes
829 2759 1135 2815 hominum
1169 2758 1487 2813 ostendunt
1521 2758 1809 2828 justitiam
1856 2756 2107 2827 eorum),

462 2853 879 2923 cognoscentes
920 2848 1159 2919 angelos
1208 2846 1435 2902 Domini
1482 2851 1539 2901 et
1585 2850 1831 2900 Satanw.
1864 2845 2105 2910 Quando

463 2940 618 2996 enim
654 2938 889 2993 turbata
935 2952 1132 2992 anima
1181 2935 1322 3000 abit,
1354 2938 1658 3004 torquetur
1696 2950 1729 2987 a
1778 2933 2104 3004 pernicioso

465 3027 698 3100 spiritu,
730 3026 821 3081 cui
851 3029 907 3081 et
937 3023 1171 3079 servivit
1194 3023 1253 3078 in
1285 3021 1775 3094 concupiscentiis
1819 3026 1877 3076 et
1916 3022 2101 3093 operi-

464 3116 577 3172 bus
606 3114 983 3187 perniciosis;
1016 3111 1064 3167 si
1088 3116 1283 3167 autem
1309 3110 1503 3183 quiete
1525 3111 1582 3165 in
1606 3108 1816 3182 gaudio
1839 3109 2105 3181 cognovit

464 3202 739 3277 angelum
772 3202 953 3276 pacis,
986 3199 1385 3256 consolabitur
1411 3215 1545 3255 eum
1578 3199 1637 3254 in
1666 3198 1803 3254 vita.

530 3468 650 3525 VII.
685 3489 714 3518 «
747 3467 828 3523 Ne
859 3466 1221 3532 efﬁciamini,
1249 3465 1375 3534 ﬁlii,
1408 3468 1477 3520 ut
1502 3464 1755 3521 Sodoma
1787 3480 1914 3536 quas
1945 3463 2106 3536 igno-

463 3556 612 3612 ravit
653 3555 891 3628 angelos
923 3555 1176 3625 Domini,
1202 3558 1260 3611 et
1291 3552 1461 3626 periit
1490 3570 1678 3626 usque
1707 3553 1765 3608 in
1798 3552 2099 3609 saeculum.

464 3644 607 3700 Novi
639 3644 820 3711 enim,
843 3644 997 3714 quod
1024 3642 1433 3715 peccabitis,et
1462 3642 1774 3698 trademini
1807 3642 1865 3696 in
1889 3658 2102 3698 manus

464 3731 837 3787 inimicorum
860 3735 1185 3787 vestrorum
1209 3749 1225 3797 ;
1258 3736 1315 3786 et
1335 3736 1493 3786 terra
1510 3736 1702 3786 vestra
1720 3730 2099 3801 desolabitur,

462 3825 631 3877 etvos
660 3819 1077 3891 dispergemini
1107 3820 1165 3874 in
1190 3823 1442 3890 quatuor
1462 3818 1707 3891 angulos
1732 3824 1979 3887 terrae,et
1995 3819 2103 3875 eri-

459 3910 536 3965 tis
566 3910 624 3964 in
639 3908 1003 3981 dispersione
1015 3906 1458 3979 despecti,velut
1471 3924 1623 3979 aqua
1635 3908 2102 3979 inutilis,usque-

459 4014 574 4070 quo
596 3996 935 4054 Altissimus
953 3996 1268 4052 vrsitaverit
1282 4000 1496 4051 terram
1522 4014 1535 4064 ;
1568 3996 1763 4068 etipse
1780 3995 2016 4053 veniens
2040 4000 2103 4052 ut

459 4086 653 4154 homo,
670 4102 804 4142 cum
830 4084 1169 4141 hominibus
1192 4084 1553 4140 manducans
1575 4088 1632 4140 et
1652 4085 1858 4140 bibens
1880 4086 1945 4154 3‘,
1965 4089 2023 4141 et
2040 4085 2099 4140 in

460 4175 691 4231 silentio
714 4179 1019 4230 conterens
1045 4178 1219 4246 caput
1235 4173 1522 4229 draconis.
1550 4173 1654 4229 Per
1671 4173 2100 4247 aquam(95)hic

463 4261 714 4320 salvabit
743 4262 921 4319 Israel
944 4267 1000 4318 et
1025 4279 1228 4319 omnes
1250 4265 1473 4335 gentes.
1501 4268 1650 4318 Deus
1676 4262 1733 4317 in
1755 4262 1943 4318 virum
1965 4264 2101 4319 abs-

460 4349 731 4406 conditus
761 4351 825 4405 3‘.
862 4350 1040 4407 Dicite
1069 4350 1251 4423 igitur
1280 4350 1400 4406 haec
1433 4349 1569 4406 ﬁliis
1592 4350 1821 4419 vestris,
1855 4355 1920 4406 ut
1966 4368 2086 4408 ore.

460 4439 604 4494 dant
629 4438 689 4493 in
721 4455 876 4495 eum.
912 4438 1049 4510 Legi
1078 4438 1235 4494 enim
1264 4437 1323 4493 in
1356 4438 1573 4495 tabulis
1604 4438 1904 4508 cmlorum,
1942 4439 2099 4512 quod

461 4527 745 4583 increduli
784 4544 896 4583 non
921 4527 1167 4584 credetis
1197 4527 1254 4582 in
1282 4544 1439 4595 eum,
1462 4531 1518 4583 et
1540 4527 1713 4600 impie
1735 4531 1974 4600 agentes
1995 4528 2101 4585 im-

530 4632 578 4667 ”
609 4634 721 4689 Isa.
753 4650 809 4699 ν,
839 4632 929 4686 20.
1005 4633 1051 4667 ³⁸
1077 4634 1242 4689 Joan.
1277 4648 1361 4703 ιιι,
1392 4632 1483 4688 21.
1560 4634 1604 4669 ³⁸
1636 4635 1839 4689 Matth.
1880 4652 1957 4703 x1,
2010 4637 2097 4694 19.

534 4739 644 4811 (86)
676 4737 974 4814 ’Δπείργων
1032 4738 1094 4794 τὸ
1184 4738 1346 4792 κακὸν
1412 4741 1509 4793 τοῦ
1573 4737 1792 4815 ἀγαθοῦ.
1862 4742 2103 4801 Desunt.

464 4812 776 4953 G?§g)T6v
827 4880 993 5005 ξωήν.
1027 4879 1113 4934 Ἐν
1156 4882 1225 4953 τῇ
1276 4878 1575 4956 εὐφροσύνῃ
1621 4882 1655 4948 ἡ
1712 4880 1873 4952 μέθη,
1925 4881 1977 4937 ἐν
2025 4887 2103 4956 τῷ

464 4950 665 5005 γέλωτι
696 4949 757 5004 τὸ
786 4972 824 5005 π
856 4953 1003 5005 νθος.
1035 4948 1084 5004 ἐν
1116 4954 1194 5005 τῶ
1229 4949 1391 5005 γάμω
1420 4953 1454 5005 ’ἦ
1489 4948 1736 5005 ἀκρασία.
1778 4955 1910 5005 add.
1973 4957 2101 5005 cod-

460 4948 757 5027 γέλωτι-τὰ
786 4948 1003 5018 πένθος,
1035 4948 1084 5004 ἐν
1116 4948 1391 5027 τῷὙάμὶῥ
1420 4953 1454 5020 ἡ
1489 4948 1736 5025 ἀκρασία,
1778 4948 1910 5009 add.
1973 4948 2101 5012 cod'.

462 5030 644 5167 03633)
802 5090 863 5167 τὸ
895 5095 1005 5167 φῶς
1029 5091 1097 5167 16A
1121 5090 1336 5167 σκότοςἶ
1368 5092 1601 5167 Omissa
1632 5098 1788 5149 sunt.
1833 5100 1920 5167 AIn.

533 5161 643 5239 (89)
674 5161 1026 5239 Ko}o'tCov:at.
1075 5165 1192 5217 Ὅτι
1238 5161 1343 5239 ,καὶ
1424 5161 1719 5239 πράσσουσι
1767 5165 1855 5239 -τὸ
1912 5167 2099 5238 κακὸν,

460 5231 551 5310 παῖ
582 5231 953 5290 συνευδοκοῦσι
981 5238 1101 5297 τοῖς
1146 5231 1629 5310 πράσσουσι,ἀάὰ.
1680 5236 1859 5293 codex
1917 5231 2098 5295 Oxon;

462 5309 640 5453 ID(90)
670 5379 941 5453 Μισήσατε
995 5376 1063 5431 τὰ
1114 5373 1252 5453 ξω.τᾶ
1277 5376 1369 5431 τὸν
1401 5372 1702 5453 ἄνθρωπον.
1734 5377 2100 5453 Μιμούμενοι,

458 5448 725 5523 κατὰᾲτῶν
759 5448 1079 5523 ἀνθρῲπων..
1114 5448 1195 5504 ID.

529 5518 740 5593 (9|)T6
796 5516 981 5589 κακὸν,
1042 5518 1118 5581 ὡς
1181 5516 1371 5575 καλόν.
1424 5521 1511 5590 Τῷ
1566 5519 1735 5593 κακῷ,
1793 5519 1868 5582 ὡς
1924 5518 2098 5593 καλῷ.

461 5592 643 5736 ID(92)
668 5657 1059 5736 Ψρακαλέσει.
1092 5661 1529 5736 Παρα-μυθεῖταιλ
1548 5662 1634 5718 ID.

551 5661 623 5716 92
673 5661 1059 5735 Παρακαλέσει.
1092 5661 1516 5736 Παραμυθεῖται.
1548 5662 1634 5718 ID.

526 5661 643 5808 (93)
667 5732 823 5793 Ἦτις
877 5729 1113 5808 ἠγνόησε
1172 5731 1301 5795 τοὺς
1378 5730 1643 5809 ἀγγέλους
1719 5730 1944 5809 Κυρίου,
2008 5732 2101 5793 καὶ

2224 1954 2300 2018 εἷς
2329 1956 2392 2011 τὸ
2421 1957 2637 2034 ἀγαθόν.

2297 2049 2359 2114 ζ’.
2396 2067 2424 2100 ιι
2454 2048 2759 2124 Προσέχετε
2791 2047 2882 2104 οῦν
2912 2050 3001 2105 καὶ
3032 2050 3210 2125 ὑμεῖς,
3241 2055 3398 2107 τέκνα
3452 2074 3558 2126 μου
3569 2096 3588 2123 ,
3618 2060 3749 2116 ταῖς
3806 2056 3885 2110 ἒν-

2219 2132 2409 2197 τολαῖς
2442 2135 2661 2211 Κυρίου,
2700 2140 3146 2215 μονοπροσώπως
3178 2138 3603 2205 ἀκολουθοῦντες
3632 2142 3711 2217 τῇ
3744 2142 3885 2212 ἀλη-

2219 2221 2353 2294 θείᾳ·
2386 2222 2469 2278 ὅτι
2516 2223 2568 2278 o't
2627 2221 2963 2301 διπρόσωποι
3019 2223 3216 2290 δισσῶς
3275 2229 3599 2297 κολάζονται
3630 2232 3776 2304 (89).
3810 2234 3883 2285 Ti

2218 2307 2500 2384 πνεύματα
2540 2318 2642 2382 τῆς
2686 2310 2902 2385 πλάνης
2967 2317 3251 2388 μισήσατε,
3296 2316 3362 2370 τὰ
3424 2318 3561 2371 κατᾶ
3625 2319 3726 2372 τὸν
3794 2319 3881 2373 ἇν-

2218 2399 2433 2475 θρωπον
2480 2402 2591 2472 (90)
2638 2401 3035 2477 ἀγωνιζόμενα.
3076 2405 3175 2459 Τὸν
3227 2404 3397 2478 νόμον
3448 2405 3649 2480 Κυρίου
3699 2407 3877 2484 φυλά-

2219 2488 2359 2560 ξατε,
2389 2489 2476 2544 καὶ
2511 2491 2585 2563 μὴ
2618 2490 2916 2568 προσέχετε
2943 2494 3003 2548 τὸ
3034 2493 3219 2560 κακὸν,
3253 2493 3326 2556 ὡς
3357 2492 3523 2550 καλόν
3556 2496 3698 2567 (91)’
3751 2495 3879 2551 ἀλλ’

2218 2577 2295 2640 εἰς
2344 2579 2408 2633 τὸ
2455 2575 2623 2641 ὅντως
2669 2577 2835 2634 καλὸν
2871 2575 3230 2651 ἀποϐλέπετε,
3262 2582 3352 2636 καὶ
3383 2580 3694 2658 διατηρεῖ-ξε
3745 2585 3879 2640 αὐτὸ

2217 2666 2268 2722 ἒν
2303 2669 2499 2729 πάσαις
2528 2668 2775 2730 ἓντολαῖς
2810 2668 3030 2744 Κυρίου,
3055 2668 3130 2731 εἷς
3178 2668 3333 2725 αὐτὸν
3385 2672 3874 2749 ἀναστρεφόμενοι,

2213 2755 2303 2810 καὶ
2335 2756 2387 2811 ἒν
2422 2756 2566 2828 αὐτῷ
2616 2756 3014 2819 καταπαύοντες
3045 2756 3147 2830 (ὅτι
3195 2758 3263 2812 τὰ
3307 2756 3439 2830 τέλη
3496 2764 3603 2814 τῶν
3662 2760 3878 2837 ἀνθρώ-

2213 2864 2329 2899 πων
2384 2842 2614 2900 δείκνυσι
2660 2847 2760 2915 τήν
2823 2843 3167 2916 δικαιοσύνην
3234 2846 3457 2921 αὐτῶν),
3506 2848 3873 2924 γνωρίζοντες

2211 2932 2337 2995 τοὺς
2371 2932 2636 3010 ἀγγέλους
2666 2934 2887 3009 Κυρίου,
2916 2934 3008 2991 καὶ
3052 2939 3149 2991 τοῦ
3182 2941 3412 2992 Σατανᾶ.
3446 2939 3577 2993 "Ore
3626 2938 3732 3013 γὰρ
3784 2961 3873 2995 τε·

2209 3023 2523 3097 ταραγμὲνη
2551 3024 2702 3098 ψυχή
2736 3022 3052 3099 ἀπέρχεται,
3090 3024 3423 3100 βασανίζεται
3470 3025 3572 3079 ὑπὸ
3616 3031 3719 3081 τοῦ
3770 3049 3869 3083 πο-

2210 3115 2382 3185 νηροῦ
2411 3110 2737 3185 πνεύματος,
2769 3112 2815 3179 ᾧ
2843 3111 2931 3167 καὶ
2964 3110 3276 3170 ἓδοῦλευσεν
3307 3114 3360 3169 ἓν
3410 3113 3727 3187 έπιουμίαις
3778 3116 3868 3171 καὶ

2214 3195 2398 3276 ἔργοις
2453 3205 2735 3275 πονηροῖς·
2779 3201 2867 3256 ἐὰν
2924 3198 2981 3255 δὲ
3031 3200 3258 3277 ἡσύχως
3308 3203 3361 3258 έν
3408 3209 3556 3279 χαρᾷ
3605 3204 3867 3281 ἐγνώρισε

2133 3262 2176 3329 C
2362 3262 2607 3363 ﬁnale;
2650 3296 2750 3359 τῆς
2810 3262 3451 3366 εἷρήντ,ς,’πάραιιαλέσέῖ
3616 3262 3780 3349 αῦτὸν
3813 3295 3862 3347 ἒν

2213 3379 2348 3450 ζωῇ·

2280 3465 2350 3521 Z'.
2388 3487 2417 3517 «
2449 3464 2536 3533 Μὴ
2562 3462 2789 3540 γίνεσθε,
2817 3463 2998 3538 τέκνα,
3048 3464 3123 3529 ὡς
3172 3463 3415 3540 Σόδομα,
3449 3466 3572 3537 ἥτις
3618 3468 3867 3543 ἠγνόησε

2209 3551 2336 3615 τοὺς
2369 3551 2629 3629 ἀγγέλους
2659 3553 2884 3627 Κυρίου,
2915 3554 3007 3609 καὶ
3053 3552 3309 3610 ἀπώλετο
3337 3552 3443 3618 ἕως
3490 3556 3694 3620 αἲῶνος
3729 3562 3861 3631 (93).

2211 3638 2343 3697 Οἶδα
2392 3642 2517 3717 γὰρ,
2574 3641 2659 3697 ὅτι
2717 3643 3080 3717 ἁμαρτήσετε,
3135 3642 3227 3698 καὶ
3290 3641 3737 3719 παραδοθήσεσθε
3794 3647 3865 3709 εἰς

2210 3735 2400 3806 χεῖρας
2457 3732 2669 3806 ἐχθρῶν
2726 3730 2899 3804 ὑμῶν’
2931 3731 3022 3786 καὶ
3052 3733 3181 3808 ἡγῆ
3227 3733 3378 3805 ὑμῶν
3439 3734 3865 3809 ἐρημωθήσεται

2211 3820 2343 3893 (94),
2376 3818 2465 3874 καὶ
2526 3819 2681 3892 ὑμεῖς
2740 3816 3291 3896 διασκορπισθήσεσθε
3344 3821 3420 3884 είς
3475 3823 3574 3884 τὰς
3602 3824 3863 3899 τέσσαρας

2210 3908 2411 3984 γωνίας
2438 3914 2537 3977 τῆς
2565 3915 2692 3983 γῆς,
2724 3908 2814 3963 καὶ
2846 3907 3023 3964 ἔσεσθε
3053 3910 3105 3965 ἑν
3166 3907 3433 3986 διασπορᾷ
3484 3912 3861 3986 ἒξουθενοῦμε-

2209 4018 2315 4071 νοι,
2348 3997 2423 4059 ὡς
2456 3995 2602 4072 ὕδωρ
2637 3994 2935 4073 ἄχρηστον,
2964 3995 3073 4060 ἕως
3121 3998 3181 4053 οὗ
3213 4000 3241 4053 6
3271 4001 3522 4073 ’Ύψιστος
3570 4001 3863 4074 ἐπισκέψῃ-

2206 4108 2293 4142 ται
2322 4087 2421 4155 τὴν
2454 4092 2581 4161 γῆν,
2611 4085 2701 4140 καὶ
2759 4085 2920 4148 αὐτὸς
2970 4086 3141 4142 έλθὼν
3190 4086 3266 4149 ὡς
3325 4088 3636 4163 ἄνθρωπος,
3671 4090 3857 4144 ὲσθίων

2208 4176 2298 4231 καὶ
2328 4174 2495 4230 πίνων
2532 4174 2666 4247 μετᾶ
2694 4178 2801 4228 τῶν
2834 4174 3154 4249 ἀνθρώπων,
3192 4176 3281 4229 καὶ
3314 4176 3365 4229 ἓν
3399 4176 3608 4251 ἡσυχίᾳ
3656 4178 3862 4252 συντρί-

2208 4258 2319 4319 ϐων
2350 4264 2449 4331 τὴν
2476 4260 2717 4338 κεφαλὴν
2746 4266 2844 4317 τοῦ
2876 4260 3174 4339 δράκοντος,
3196 4261 3267 4318 δι’
3297 4261 3510 4326 ὕδατος.
3554 4266 3729 4329 Οὗτος
3764 4268 3859 4322 σὼ·

2209 4372 2287 4407 σει
2337 4352 2429 4406 τὸν
2463 4348 2704 4426 Ἰσραὴλ,
2733 4350 2824 4405 καὶ
2880 4351 3055 4406 πάντα
3108 4352 3177 4407 τὰ
3232 4348 3382 4426 ἔθνη,
3409 4354 3540 4415 Θεὸς
3583 4354 3663 4417 εἰς
3694 4353 3856 4431 ἄνδρα

2210 4437 2635 4515 ὑποκρινόμενος
2676 4440 2809 4512 (96).
2844 4436 3045 4494 Εἶεπατε
3099 4436 3192 4495 οῦν
3248 4444 3415 4495 ταῦτα
3470 4446 3589 4504 τοῖς
3647 4442 3856 4504 τέκνοις

2211 4528 2363 4602 ὑμῶν
2398 4528 2473 4602 μή
2507 4527 2743 4583 ἀπειθεῖν
2775 4526 2942 4601 αὐτῷ.
2978 4529 3243 4605 ’Δνέγνων
3274 4530 3376 4606 γὰρ
3410 4529 3463 4586 ἓν
3512 4535 3636 4594 ταῖς
3695 4531 3855 4602 πλαξῖ

2174 4638 2221 4675 ³⁸
2250 4637 2362 4694 Isa.
2394 4653 2526 4703 XLV,
2556 4636 2642 4691 15.

2216 4740 2468 4799 ἀπώλετο
2497 4737 2603 4801 ἕως
2632 4739 2845 4802 αἰῶνος.
2880 4741 3103 4797 Desunt
3134 4745 3213 4796 In.

2284 4814 2400 4888 (94)
2452 4812 3082 4888 ἘρημωθήσεταιηΚαὶ
3137 4811 3205 4864 τὰ
3274 4812 3399 4888 ἅγια
3475 4810 3631 4886 ὑμῶν
3701 4834 3856 4871 κατα.

2214 4884 2567 4962 φθαρήσεται,
2600 4884 2735 4940 add.
2768 4885 2895 4962 cod.
2928 4887 3107 4962 0150;).
3143 4888 3224 4937 ID.

2227 4957 2239 4962 ⁷
2286 4957 2397 5030 (95)
2427 4957 2532 5011 Per
2577 4972 2780 5026 aquam
2832 4959 2963 5009 Duae
2994 4957 3117 5010 istae
3160 4969 3330 5009 voces
3356 4957 3416 5009 in
3446 4957 3645 5012 codice
3672 4957 3768 5029 75,
3797 4957 3852 5011 ﬁ-

2214 5045 2348 5085 nem
2381 5027 2757 5099 praecedentis
2786 5026 3006 5097 periodi
3036 5025 3278 5099 faciunt,
3312 5041 3428 5081 non
3474 5042 3610 5083 vero
3652 5043 3852 5085 novam

2212 5096 2511 5163 incho'ant,
2547 5106 2609 5152 ut
2636 5098 2697 5152 in
2728 5096 2921 5153 Graeco
2951 5096 3167 5153 codice.
3197 5099 3277 5150 In.

2284 5170 2396 5295 (9‘2)
2435 5168 2563 5228 Θεὸς
2623 5166 2699 5228 εἰς
2762 5164 2942 5250 ἄνδρα.
2988 5164 3432 5250 ὑποκρινόμενος.
3498 5167 3729 5225 Desunt
3778 5173 3850 5224 In.

2389 5240 2673 5295 arthonus
2700 5242 2896 5295 tamen
2927 5255 2989 5293 1n
3018 5241 3239 5294 Auctar.
3283 5240 3489 5295 Hister.
3533 5238 3776 5297 deamat.
3803 5240 3850 5297 J.

2209 5270 2282 5283 —
2311 5246 2673 5295 Warthonus
2700 5246 2896 5295 tamen
2927 5246 2989 5293 in
3018 5246 3239 5294 Auctar.
3283 5246 3489 5295 Hister.
3533 5246 3776 5310 dogmat.
3803 5246 3850 5297 J.

2212 5311 2450 5379 Usserii,
2484 5326 2614 5383 pag.
2646 5311 2773 5378 322,
2810 5311 2928 5365 haec
2957 5310 3130 5383 verba
3160 5308 3305 5383 legit
3351 5310 3411 5365 in
3452 5326 3565 5383 ms.
3602 5312 3850 5383 archiep.

2211 5375 2702 5453 Contuariea'que
2733 5375 2817 5453 sic
2865 5380 3065 5436 recitat
3097 5399 3111 5437 :
3145 5375 3440 5453 Δι’Ἴξδατος
3479 5380 3640 5453 οὗτος
3700 5375 3851 5435 σώσέι

2207 5450 2299 5508 τὸν
2334 5452 2551 5527 ’ῇσραήλ
2592 5448 2682 5527 ἰαὶ
2711 5451 2885 5527 πάντα
2911 5453 2989 5527 τᾶιΔ
3008 5462 3172 5527 εθνη,⁸
3190 5450 3319 5511 Θεὸς
3364 5449 3441 5527 είς
3500 5448 3671 5525 ἄνδρα
3726 5453 3849 5527 ὑποτ

2209 5518 2551 5597 κρινόμενος.
2585 5523 2730 5597 Hinc
2754 5522 2994 5597 Boberti
3027 5518 3211 5578 versio
3262 5518 3666 5592 confirmatur,
3702 5524 3847 5597 apud

2248 5594 2385 5652 uem
2417 5596 2647 5650 duabus
2668 5594 2800 5651 istis
2829 5594 3088 5662 vocibus,
3118 5608 3216 5665 per
3245 5609 3465 5664 aquam,
3493 5611 3644 5651 nova
3676 5594 3848 5666 peric.

2210 5613 2323 5724 aus
2352 5666 2681 5724 inchoatur.
2711 5669 2776 5723 ut
2805 5665 2977 5722 modo
3024 5665 3300 5721 monebat
3350 5664 3624 5721 Grabius.
3658 5666 3846 5724 Neque

2255 5683 2323 5723 us
2352 5666 2681 5740 inchoatur,
2711 5669 2776 5723 ut
2805 5665 2977 5722 modo
3024 5665 3324 5740 monebat_
3350 5664 3624 5740 G_rabius.
3658 5664 3846 5740 Neque

2210 5738 2679 5812 pratereundum
2708 5752 2934 5811 censeo,
2966 5736 3121 5809 quod
3174 5735 3331 5809 apud
3378 5735 3711 5796 Simonium
3759 5735 3845 5797 bc-

2577 4972 2780 5029 oquam
2832 4955 3330 5029 Duaeistnvoces
3356 4953 3416 5009 in
3446 4955 3645 5012 codice
3672 4957 3768 5029 75,
3797 4957 3854 5011 ﬁ-
