4046 6350
505 360 659 422 1127

1487 352 2023 416 TESTAMENTA
2066 354 2176 414 XII
2220 352 2723 416 PATHIARCHA
2736 357 2902 419 ltUM
2916 403 2928 417 .

3761 367 3915 429 H28

498 490 699 546 minus
728 488 1000 545 timentes
1030 503 1186 545 eum.
1222 503 1332 541 non
1371 486 1425 538 in
1463 485 1737 555 tenebris,
1784 500 1889 539 nec
1919 483 1978 538 in
2008 481 2118 539 vin-

2254 480 2355 571 06‘!
2402 480 2454 536 ἐν
2521 483 2722 553 σκότει,
2773 485 2809 553 ἢ
2862 484 3107 559 δεσμοῖς,
3157 489 3193 557 ἢ
3236 488 3500 564 θλίψεσιν,
3548 493 3584 562 ἢ
3655 493 3919 571 ἀνάγκαις

500 579 670 647 culis,
705 595 807 634 nec
836 577 894 632 in
926 575 1431 637 tribulationibus,
1466 591 1570 629 nec
1598 574 1658 628 in
1690 572 2141 629 necessitatibus

496 669 622 725 Non
654 667 812 723 enim
843 670 906 721 ut
938 666 1112 721 homo
1143 663 1526 720 confunditur
1584 664 1755 730 Deus,
1813 677 1918 716 nec
1967 665 2032 715 ut
2074 660 2141 715 fi-

497 756 614 813 lius
644 754 903 812 hominis
936 753 1229 823 formidat,
1264 769 1451 824 neque
1484 755 1548 806 ut
1577 755 1844 807 terrenus
1874 749 2141 805 infirma-

499 848 615 911 tur,
646 843 734 901 vel
767 842 1069 915 repellitur
1099 860 1112 911 ;
1144 841 1204 897 in
1236 842 1510 897 omnibus
1540 856 1671 896 vero
1710 838 1862 895 locis
1885 854 2143 910 praesens

499 937 609 1001 est,
641 936 698 989 et
727 933 786 987 in
819 931 1010 988 modis
1040 930 1443 987 differentibus
1484 928 1839 997 consolatur,
1890 928 1949 983 in
1982 927 2143 983 brevi

500 1023 775 1078 recedens
804 1021 875 1077 ad
900 1020 1266 1093 probandum
1284 1019 1491 1074 animae
1507 1016 1915 1074 consilium.In
1939 1017 2141 1072 decem

495 1110 922 1167 tentationibus
955 1109 1265 1181 probatum
1288 1124 1382 1162 me
1412 1106 1844 1174 monstravit,et
1872 1105 1930 1161 in
1957 1104 2142 1161 omni-

499 1199 611 1256 bus
641 1198 733 1255 his
762 1197 1118 1271 longanimis
1150 1196 1232 1252 fui
1258 1214 1272 1264 ;
1297 1196 1574 1268 quoniam
1607 1211 1821 1267 magna
1849 1194 2140 1250 medicina

495 1292 587 1345 est
617 1287 1052 1360 longanimitas,
1086 1290 1144 1341 et
1174 1284 1360 1341 multa
1386 1286 1543 1340 bona
1573 1285 1675 1340 dat
1703 1283 2075 1340 sustinentia.

572 1376 659 1433 IIl.
703 1398 730 1430 α
760 1375 995 1442 Quoties
1024 1375 1288 1446 Egyptia
1311 1373 1531 1428 minata
1551 1377 1640 1428 est
1669 1372 1815 1426 mihi
1847 1370 2140 1428 mortem?

498 1465 725 1539 quoties
768 1465 953 1537 poenis
1006 1464 1246 1518 tradens
1305 1462 1591 1518 revocavit
1642 1478 1737 1516 me
1794 1459 2022 1528 mulier,
2083 1464 2141 1516 et

502 1554 724 1610 minata
757 1559 845 1609 est
876 1552 1019 1619 mhi,
1053 1569 1187 1607 cum
1241 1566 1569 1606 recusarem
1604 1566 1725 1605 rem
1757 1550 1972 1605 habere
2000 1565 2136 1605 cum

496 1659 564 1698 ea
590 1642 618 1697 ‘2
646 1642 884 1698 Dicebat
912 1644 1110 1695 autem
1139 1640 1282 1695 mihi
1318 1657 1330 1695 :
1370 1663 1390 1688 ι
1443 1638 1849 1694 Dominaberis
1882 1638 2026 1693 mihi
2078 1642 2136 1694 et

495 1729 769 1787 omnibus
803 1746 927 1801 quae
961 1745 1087 1784 mea
1116 1733 1274 1797 sunt,
1308 1727 1356 1782 si
1388 1726 1697 1782 tradideris
1734 1727 1987 1798 teipsum
2020 1725 2133 1781 mi-

491 1819 575 1886 hi,
608 1824 665 1876 et
692 1819 805 1875 eris
839 1818 989 1873 sicut
1014 1818 1346 1874 dominator
1373 1816 1579 1873 nostri.
1623 1837 1651 1867 »
1684 1817 1800 1888 Ego
1833 1816 2011 1889 igitur
2040 1832 2133 1871 re-

494 1861 575 1886 ...,
609 1861 665 1876 ν.
693 1861 805 1875 νυν
839 1861 989 1873 νωμ-
1016 1861 1336 1874 “mnu...”
1374 1861 1579 1873 ηνυν...
1623 1861 1648 1867 ..
1685 1861 1799 1888 ..ον
1836 1861 2000 1889 ,ιγ-,η
2041 1861 2099 1871 ,ν

494 1910 768 1965 cordatus
797 1925 924 1963 sum
958 1923 1290 1963 sermonum
1320 1909 1551 1978 patrum
1584 1906 1765 1977 patris
1788 1905 1900 1960 mei
1931 1905 2130 1973 Jacob,
2164 1861 2212 1927 B

493 2004 550 2053 et
580 1997 911 2070 ingrediens
970 1997 1027 2050 in
1077 1994 1268 2051 cubile
1314 1994 1546 2049 adoravi
1599 1992 1929 2062 Dominum,
1962 1998 2019 2048 et
2040 1994 2135 2063 je-

484 2086 689 2159 junavi
720 2089 940 2157 septem
974 2084 1144 2138 annis
1166 2083 1368 2150 illis,et
1394 2081 1637 2154 apparui
1667 2081 1931 2154 [Egyptio
1963 2082 2133 2153 quasi

491 2176 551 2231 in
582 2174 806 2231 deliciis
857 2173 1097 2239 vivens;
1128 2172 1401 2244 quoniam
1461 2175 1697 2242 propter
1753 2170 1933 2226 Deum
1976 2171 2130 2241 jeju-

488 2268 695 2320 nantes
725 2261 893 2318 faciei
923 2262 1171 2334 gratiam
1202 2260 1515 2332 accipiunt.
1568 2263 1828 2331 Cumque
1881 2259 2133 2315 dabatur

486 2352 628 2409 mihi
660 2352 882 2423 vinum,
928 2368 1043 2406 non
1100 2350 1369 2405 bibebam
1405 2366 1418 2416 ;
1451 2348 1595 2405 etin
1653 2348 1926 2403 triduano
1964 2349 2128 2419 jeju-

485 2441 582 2497 nio
613 2440 804 2513 accepi
836 2455 1021 2494 meam
1054 2438 1305 2506 diaetam,
1339 2443 1394 2493 et
1423 2436 1603 2491 tribui
1661 2453 1785 2492 eam
1819 2437 2125 2509 egentibus

483 2529 535 2586 ei
565 2528 835 2584 infirmis.
856 2529 923 2583 Et
945 2543 1110 2583 mane
1142 2525 1406 2598 evigilavi
1440 2526 1511 2580 ad
1538 2525 1867 2593 Dominum,
1902 2530 1958 2581 et
1991 2526 2124 2581 ﬂevi

484 2635 589 2691 pro
618 2615 993 2688 Memphitica
1028 2615 1308 2688 lEgyptia,
1360 2613 1636 2686 quoniam
1686 2614 1852 2670 valde
1903 2613 2121 2670 indesi-

483 2710 689 2762 nenter
716 2704 959 2760 molesta
990 2707 1114 2758 erat
1144 2702 1288 2757 mihi
1314 2720 1327 2768 ;
1362 2706 1418 2757 et
1448 2706 1623 2758 noctu
1647 2702 1883 2757 intravit
1913 2703 1983 2757 ad
2006 2718 2121 2771 me,

484 2794 653 2868 quasi
687 2810 814 2864 quae
846 2809 935 2847 me
964 2790 1213 2846 invisere
1265 2789 1437 2845 vellet
1469 2815 1483 2858 ;
1519 2794 1576 2845 et
1625 2790 1809 2861 primo
1860 2791 2117 2863 quidem,

483 2883 758 2955 quoniam
790 2880 948 2936 ﬁlius
980 2878 1277 2936 masculus
1310 2896 1422 2934 non
1455 2882 1578 2933 erat
1602 2877 1678 2943 ei,
1727 2878 1985 2950 ﬁngebat
2014 2879 2117 2934 ha-

476 2972 615 3030 bere
643 2987 736 3028 me
767 2973 833 3026 ut
863 2969 1068 3024 filium.
1102 2969 1172 3023 Et
1201 2967 1357 3023 oravi
1392 2967 1463 3022 ad
1494 2966 1829 3033 Dominum,
1860 2972 1916 3023 et
1944 2984 2116 3040 pepe-

476 3061 555 3117 rit
582 3077 823 3118 marem.
855 3058 1051 3129 Usque
1082 3057 1153 3113 ad
1185 3056 1292 3111 hoc
1315 3062 1546 3128 tempus
1577 3061 1639 3110 ut
1661 3054 1845 3110 ﬁlium
1877 3072 1967 3111 me
1998 3073 2116 3112 am-

475 3149 646 3222 plexa
674 3152 764 3205 est
799 3166 811 3216 ;
846 3152 904 3203 et
933 3163 1038 3219 ego
1071 3145 1408 3218 ignorabam
1443 3162 1455 3212 ;
1490 3144 1742 3216 denique
1772 3160 1861 3200 me
1892 3144 1962 3200 ad
1997 3146 2110 3201 for-

2256 568 2329 623 Ού
2377 571 2481 645 γὰρ
2531 571 2608 634 ὡς
2660 571 2940 649 ἄνθρωπος
3000 575 3376 653 ἐπαισχύνεται
3423 581 3451 634 ὁ
3482 582 3632 646 Θεὸς,
3670 568 3800 639 οὔτε
3853 586 3923 647 ὡς

2256 658 2539 734 ἄνθρωπος
2585 664 2662 733 (7)
2707 658 2907 733 δειλιᾷ,
2957 662 3081 718 οὕτε
3148 666 3225 728 ὡς
3288 669 3524 744 γηγενὴς
3594 671 3837 741 ἀσθενεῖ,
3888 677 3919 742 ἦ

2254 745 2574 803 ἀπωθεῖται·
2610 749 2662 804 ἐν
2713 752 2841 805 πᾶσὶ
2895 749 2951 807 δὲ
2995 752 3186 816 τόποις
3233 758 3309 830 (8)
3340 757 3689 831 παρίσταται,
3727 764 3823 815 καί
3875 761 3921 816 ἓν

2256 832 2537 927 δικρόφοις
2587 838 2813 927 τρόποις
2844 844 2920 914 (9)
2963 842 3288 915 παρακαλεῖ,
3332 844 3384 899 ἐν
3438 847 3641 922 βραχεῖ
3692 849 3919 927 ἀφιπάο

2256 944 2414 997 μενος
2443 926 2519 988 εἰς
2548 927 2611 983 τὸ
2642 925 2934 1002 δοκιμάσαι
2961 938 3062 1001 τῆς
3110 934 3297 1008 ψυχῆς
3342 936 3406 989 τὸ
3447 925 3798 994 διαϐούλιον.
3829 942 3918 994 Ἐν

2253 1010 2381 1069 δέκα
2408 1023 2734 1092 πειρασμοῖς
2767 1015 2994 1091 δόκιμόν
3027 1041 3095 1093 με
3125 1019 3376 1096 ἀνέδειξε,
3409 1024 3499 1079 καὶ
3532 1024 3585 1079 ἐν
3618 1033 3789 1081 πᾶσιν
3827 1028 3916 1083 αύ-

2246 1107 2365 1165 τοῖς
2424 1102 2871 1179 ἐμακροθύμησα’
2931 1106 3017 1163 ὅτι
3100 1110 3236 1186 μέγα
3310 1113 3595 1186 φάρμακόν
3661 1114 3810 1170 ἐστιν
3880 1121 3910 1187 ἡ

2253 1193 2622 1269 μακροθυμία,
2652 1196 2744 1250 καὶ
2769 1193 2957 1253 πολλὰ
2987 1197 3157 1272 ἀγαθὰ
3186 1195 3406 1256 δίδωσιν
3438 1203 3473 1272 ἡ
3520 1203 3803 1277 ὕπομονή.

2319 1370 2393 1427 I".
2436 1394 2465 1423 (ι
2514 1371 2749 1436 Ποσοὶκις
2796 1376 2832 1445 ἡ
2885 1374 3150 1451 Αἰγυπτία
3186 1377 3458 1448 ἡπείλησέ
3511 1403 3605 1454 μοι
3658 1382 3909 1453 θάνατον,

2248 1458 2477 1522 ποσάκις
2523 1462 2813 1537 τιμωρίαις
2862 1461 3177 1538 παραδοῦσα
3224 1470 3336 1541 (10)
3383 1468 3751 1527 ἀνεκαλέσατό
3820 1496 3907 1547 με,

2245 1548 2335 1602 καὶ
2366 1548 2633 1620 ἠπείλησε
2669 1573 2762 1624 μοι
2797 1554 2871 1625 μή
2908 1551 3119 1609 θέλοντι
3153 1555 3423 1611 συνελθεῖν
3458 1559 3595 1633 αὐτῇ
3625 1562 3784 1633 (11);
3820 1567 3910 1618 ’Ἐ-

2246 1633 2373 1711 λεγε
2402 1635 2458 1692 δέ
2489 1658 2601 1711 μοι·
2642 1661 2669 1694 α
2698 1640 3006 1717 Κυριεύσεις
3050 1665 3153 1698 μου
3183 1644 3271 1699 καὶ
3312 1645 3524 1701 πάντων
3566 1654 3677 1704 τῶν
3732 1650 3906 1723 ἐμῶν,

2244 1723 2331 1780 ἐὰν
2366 1723 2566 1799 ἐπιδῷς
2617 1730 2836 1784 σεαυτὸν
2886 1730 2962 1793 εἰς
3013 1731 3131 1805 ἐμὲ,
3156 1734 3245 1787 καὶ
3290 1731 3383 1809 ἔσῃ
3422 1736 3497 1798 ὡς
3527 1734 3804 1809 δεσπότης
3834 1744 3900 1810 ἡ·

2249 1817 2430 1905 μῶν.»
2459 1818 2595 1905 ἘγιΞ)
2626 1815 2716 1871 οὖν
2746 1818 3166 1894 ἐμιμνησκόμην
3199 1820 3381 1897 λόγων
3414 1827 3661 1902 πατέρων
3695 1830 3902 1905 πατρός

2250 1923 2354 1975 μου
2379 1899 2605 1993 ΔἸακὼϐ,
2637 1907 2726 1960 καὶ
2758 1906 3143 1984 εἰσερχόμενος
3192 1910 3268 1973 εἰς
3308 1912 3371 1967 τὸ
3417 1899 3691 1987 ταμιεῖον,
3727 1899 3899 1993 προσ-

2242 1990 2506 2066 ηυχόμην
2556 1994 2758 2069 Κυρίῳ,
2807 1996 2896 2050 καὶ
2945 1996 3227 2067 ἐνήπευον
3287 1999 3365 2069 ἐν,
3412 2009 3531 2065 τοῖς
3594 2004 3733 2059 ἑπτὰ
3772 1990 3899 2063 -ἓτε-

2242 2099 2325 2173 σιν
2358 2079 2603 2173 ἐκείνοις,
2640 2085 2731 2173 καὶ
2772 2082 3067 2161 ἐφαινόμην
3098 2090 3177 2159 τῷ
3209 2087 3491 2164 Αἰγυπτίῳ
3522 2091 3598 2154 ὡς
3629 2092 3686 2147 ἐν
3721 2101 3898 2173 τρυφῇ

2242 2163 2462 2245 διάγων’
2498 2168 2579 2225 ὅτι
2613 2171 2665 2225 οἱ
2698 2168 2786 2226 διὰ
2832 2172 2924 2228 τὸν
2968 2175 3096 2229 Θεὸν
3146 2176 3498 2246 νηστεύοντες
3535 2186 3633 2235 τοῦ
3685 2158 3904 2256 nonali;-

2238 2277 2344 2310 που
2402 2257 2501 2326 τὴν
2568 2257 2727 2335 χάριν
2795 2257 3328 2335 προσλαμϐάνουσιν.
3388 2268 3510 2322 Ἐὰν
3576 2267 3634 2325 δὲ
3724 2272 3901 2328 ἐπεδί-

2238 2339 2334 2434 δου
2506 2366 2618 2434 ,μου
2657 2346 2820 2418 οἶνον,
2854 2348 2954 2404 οὐκ
3002 2347 3204 2406 ἔπινον·
3238 2352 3328 2407 καὶ
3381 2358 3758 2432 τριημερίζων
3789 2364 3901 2434 (13)

2239 2428 2542 2505 ἐλάμϐανόν
2579 2457 2683 2509 μου
2713 2438 2812 2507 τὴν
2848 2435 3075 2509 δίαιταν,
3106 2441 3195 2495 καὶ
3229 2428 3436 2499 ἐδίδουν
3478 2428 3647 2515 αύτῆν
3700 2428 3897 2519 πένησι

2232 2520 2321 2574 καὶ
2355 2523 2685 2586 ἀσθενοῦσιν.
2718 2526 2818 2581 Καὶ
2850 2524 3116 2603 ὥρθριζον
3142 2531 3278 2604 πρὸς
3307 2532 3521 2608 Κύριον,
3537 2535 3628 2590 καὶ
3663 2535 3896 2594 ἔκλαιον

2232 2609 2355 2701 περὶ
2404 2612 2653 2701 Μεμφίας
2683 2616 2795 2688 (14)
2825 2623 2927 2685 τῆς
2971 2617 3290 2692 Αἰγυπτίας,
3341 2620 3423 2676 ὅτι
3476 2622 3687 2701 σφόδρα
3736 2625 3895 2683 ἀδια-

2231 2695 2466 2762 λείπτως
2500 2700 2733 2776 ἐνώχλει
2769 2722 2883 2776 μοι’
2916 2705 3006 2759 καὶ
3036 2704 3086 2759 ἐν
3119 2708 3271 2762 νυκτὶ
3301 2708 3471 2782 εἰσῄει
3502 2695 3634 2786 πρός
3674 2736 3765 2787 με,
3802 2714 3897 2771 λό-

2227 2808 2309 2863 γῳ
2354 2786 2705 2864 ἐπισκέψεως·
2756 2793 2844 2846 καὶ
2890 2795 2958 2848 τὰ
3002 2795 3097 2866 μὲν
3158 2800 3348 2869 πρῶτα
3397 2800 3507 2872 (15)
3563 2800 3645 2855 δτι
3702 2804 3893 2861 τέκνον

2229 2876 2504 2951 ἀρσενικὸν
2555 2877 2655 2933 ούκ
2698 2879 2764 2948 ἦν
2809 2879 2966 2954 αὐτῇ,
3008 2885 3389 2958 προσεποιεῖτό
3448 2909 3515 2959 με
3584 2885 3735 2965 ἔχειν
3804 2894 3886 2956 ὡς

2226 2963 2362 3018 υἱόν.
2412 2965 2511 3019 Καὶ
2568 2965 2815 3040 ηὐξάμην
2861 2969 2997 3044 πρὸς
3048 2970 3263 3045 Κύριον,
3310 2974 3399 3028 καὶ
3450 2963 3650 3031 ἔτεκεν-
3692 2979 3884 3055 ἆρῥεν.

2223 3054 2369 3115 Ἕως
2395 3052 2602 3143 χρόνου
2634 3054 2708 3117 ὡς
2741 3057 2854 3110 υἱὸν
2902 3059 3319 3134 περιεπτύσσετό
3372 3081 3459 3134 με·
3509 3067 3661 3142 κάγὼ

2222 3160 2340 3229 ουν·
2393 3138 2620 3217 ἔσχατον
2672 3146 2782 3216 (16)
2828 3144 2903 3207 εἰς
2953 3147 3204 3221 πορνείαν
3258 3171 3325 3222 με
3370 3138 3731 3229 ἐφειλκύσατο
3764 3138 3881 3225 (17)

474 3238 825 3294 nicationem
857 3234 1203 3291 attrahebat.
1224 3235 1293 3288 Et
1320 3232 1652 3304 intelligens
1683 3233 1950 3289 tristatus
1982 3250 2111 3290 sum

2240 3228 2324 3317 Καὶ
2372 3232 2571 3317 νοήσας
2624 3229 2903 3303 ἐλυπήθην
2952 3231 3059 3298 ἕως
3098 3238 3344 3293 θανάτου·
3401 3223 3491 3295 καὶ
3549 3223 3881 3317 ἐξελθούσης

474 3343 664 3398 usque
692 3326 763 3381 ad
795 3328 1043 3381 mortem
1074 3340 1090 3392 ;
1122 3328 1180 3378 et
1208 3326 1453 3378 exeunte
1482 3322 1611 3394 ipsa
1656 3322 1799 3377 redii
1847 3323 1921 3378 ad
1971 3322 2113 3379 mei-

475 3432 672 3488 psum,
707 3418 765 3470 et
800 3412 1077 3468 tristabar
1120 3410 1280 3466 illius
1329 3426 1509 3466 causa
1556 3426 1657 3482 per
1704 3409 1828 3466 dies
1874 3410 2111 3478 multos,

476 3503 614 3574 quia
644 3501 884 3574 cognovi
915 3499 1112 3556 dolum
1145 3501 1273 3571 ejus
1303 3504 1359 3556 et
1388 3503 1737 3555 errorem.Et
1764 3500 2026 3555 dicebam
2060 3499 2112 3555 ei

467 3591 645 3646 verba
673 3588 976 3658 Altissimi,
1004 3589 1053 3645 si
1084 3588 1229 3643 forte
1260 3592 1615 3644 averteretur
1634 3605 1668 3644 a
1698 3589 2111 3661 concupiscen-

466 3679 550 3735 tia
580 3696 689 3735 sua
719 3677 1063 3751 perniciosa.

536 3767 630 3823 IV.
668 3789 697 3818 ‹‹
726 3766 959 3832 Quoties
990 3769 1055 3820 ut
1083 3764 1206 3819 viro
1240 3768 1443 3820 sancto
1494 3764 1554 3819 in
1602 3764 1796 3821 verbis
1844 3764 2108 3822 blandita

469 3860 559 3913 est
588 3855 753 3923 mihi,
789 3871 923 3911 cum
956 3853 1088 3909 dolo
1119 3869 1221 3926 per
1256 3854 1431 3908 verba
1488 3853 1736 3910 laudans
1781 3855 2107 3910 castitatem

470 3961 657 4001 meam
680 3960 871 4000 coram
906 3943 1111 3999 marito
1143 3958 1269 4009 suo,
1302 3940 1501 3997 volens
1532 3958 1795 3997 seorsum
1824 3941 2107 4014 supplan-

467 4037 592 4090 tare
622 4049 713 4089 me
738 4032 767 4087 ?
795 4030 1151 4088 Gloriﬁcavit
1180 4047 1271 4086 me
1302 4035 1367 4085 ut
1396 4035 1622 4085 castum
1672 4030 1731 4085 in
1780 4031 2107 4099 manifesto,

467 4126 525 4178 et
556 4122 614 4177 in
646 4121 987 4177 abscondito
1037 4120 1185 4175 dixit
1234 4118 1374 4175 mihi
1408 4136 1421 4175 :
1461 4141 1489 4169 «
1538 4117 1617 4174 Ne
1662 4119 1869 4174 timeas
1916 4119 2108 4175 virum

471 4227 688 4276 meum;
721 4226 855 4264 nam
878 4225 1221 4280 persuasum
1253 4211 1342 4263 est
1362 4207 1413 4263 ei
1433 4207 1503 4262 de
1520 4208 1785 4262 castitate
1806 4212 1907 4262 tua
1930 4225 1943 4275 ;
1965 4208 2110 4264 adeo

472 4302 539 4354 ut
569 4297 835 4369 quamvis
867 4297 1075 4353 dixerit
1105 4296 1321 4368 aliquis
1352 4296 1403 4353 ei
1463 4296 1533 4352 de
1589 4296 1778 4363 nobis,
1840 4312 1955 4351 non
1987 4313 2108 4353 cre-

469 4387 650 4442 deret.
684 4407 710 4435 «
750 4386 988 4456 Propter
1018 4384 1136 4439 haec
1168 4385 1364 4440 omnia
1393 4384 1451 4438 in
1483 4388 1637 4440 terra
1674 4383 1944 4455 jacebam
2001 4401 2107 4456 ego

469 4492 638 4531 sacco
670 4474 911 4530 indutus
950 4476 1007 4527 et
1038 4473 1390 4544 deprecabar
1424 4473 1751 4538 Dominum,
1786 4476 1850 4527 ut
1896 4473 2107 4529 libera-

2224 3315 2418 3389 αὐτῆς,
2461 3316 2629 3387 ἦλθον
2682 3319 2757 3382 εἰς
2807 3320 3059 3394 ἐμαυτὸν,
3110 3325 3201 3379 καὶ
3270 3325 3532 3399 ἐπένθησα
3597 3333 3727 3406 περὶ
3788 3315 3884 3389 αύ-

2221 3411 2321 3474 τῆς
2350 3407 2559 3482 ἡμέρας
2590 3406 2825 3475 πολλὰς,
2866 3408 2947 3465 ὅτι
2990 3407 3158 3487 ἔγνων
3213 3414 3305 3469 τὸν
3358 3413 3521 3472 δόλον
3571 3419 3745 3488 αὐτῆς
3793 3421 3882 3476 καὶ

2221 3494 2330 3582 τὴν
2368 3492 2596 3561 πλάνην.
2656 3497 2752 3550 Καὶ
2828 3494 3021 3573 ἔλεγον
3104 3500 3240 3575 αὐτῇ
3320 3502 3537 3579 ῥήματα
3600 3510 3880 3582 Ὑψίστου,

2223 3581 2270 3637 εἰ
2302 3580 2404 3656 ἄρα
2433 3584 2763 3663 ἀποστρέψει
2793 3586 2897 3642 ἀπὸ
2924 3594 3025 3658 τῆς
3057 3587 3341 3664 ἐπιθυμίας
3401 3594 3569 3665 αὐτῆς
3618 3580 3724 3667 τῆς
3773 3621 3876 3655 πυ-

2221 3691 2409 3748 νηρας.

2294 3766 2366 3816 Δ’.
2405 3785 2424 3811 ε
2464 3762 2700 3826 Ποσάκις
2748 3762 2823 3825 ὡς
2873 3762 3010 3840 ἁγίῳ
3071 3763 3225 3843 ἀνδρί
3293 3767 3344 3823 ἐν
3415 3769 3610 3847 λόγοις
3680 3775 3880 3831 ἐκολά-

2222 3849 2377 3903 κευσέ
2428 3870 2515 3922 με,
2571 3851 2701 3924 μετᾶ
2751 3848 2918 3907 δόλου
2967 3850 3055 3907 διὰ
3100 3854 3355 3930 ῥημάνων
3424 3858 3724 3918 ἐπαινοῦσα
3778 3868 3877 3933 τήν

2224 3937 2575 4016 σωφροσύνην
2630 3960 2733 4013 μου
2779 3939 3008 3996 ἐνώπιον
3054 3948 3153 3998 τοῦ
3201 3942 3394 4022 ἀνδρὸς
3436 3948 3627 4021 αὐτῆς,
3675 3954 3875 4028 βούλου

2225 4026 2358 4117 μένη
2402 4028 2717 4117 καταμόνας
2769 4028 3120 4086 ὑποσκελίσαι
3187 4054 3256 4105 με
3303 4037 3453 4109 (18);
3505 4026 3757 4111 Ἐδόξασέ
3812 4065 3877 4117 με

2220 4114 2323 4201 ὡς-
2344 4116 2595 4193 σώφρονα
2641 4122 2901 4195 φανερῶς,
2934 4119 3025 4174 καὶ
3070 4119 3121 4174 ἐν
3152 4127 3331 4201 κρυφῇ
3364 4122 3521 4200 ἔλεγέ
3556 4149 3680 4200 μοι·
3714 4156 3742 4183 α

2221 4199 2466 4281 φοϐηθῇς
2530 4206 2621 4260 τὸν
2688 4203 2853 4283 ἄνδρα
2918 4228 3041 4281 μου·
3095 4210 3183 4264 καὶ
3258 4199 3359 4287 γὰρ
3417 4199 3704 4272 πέπεισται
3777 4242 3878 4276 πε-

2223 4292 2275 4366 ρὶ
2323 4295 2421 4361 τῆς
2471 4293 2825 4371 σωφροσύνης
2875 4316 2991 4350 σουθ
3044 4295 3127 4351 ὅτι
3156 4296 3252 4353 κᾶν
3287 4296 3410 4375 εἷ’πῃ
3440 4323 3523 4365 τις
3550 4305 3703 4378 αύτῷ
3753 4310 3875 4383 περὲ

2220 4382 2402 4453 ἡμῶν,
2435 4380 2496 4436 οὐ
2545 4383 2619 4455 μὴ
2669 4382 2945 4459 πιστεύσῃ.
2981 4409 3011 4436 ››
3053 4386 3138 4441 Ἐν
3186 4387 3401 4452 τούτοις
3452 4398 3581 4446 πᾶσι
3632 4380 3877 4471 ἐχαμαιο

2218 4467 2433 4523 κοίτουν
2488 4468 2593 4546 ἐγὼ
2623 4472 2758 4545 (19),
2809 4472 2899 4526 καὶ
2943 4470 3176 4547 ἐδεόμην
3222 4481 3323 4531 τοῦ
3368 4483 3522 4551 Θεοῦ,
3571 4467 3871 4551 Sacred-3-

468 4568 557 4620 ret
591 4580 681 4620 me
711 4564 783 4619 ab
813 4540 1189 4635 Egyptia.llt
1216 4578 1348 4618 vero
1382 4560 1526 4616 nihil
1556 4559 1973 4627 valuit,rursus
1996 4564 2108 4619 sub

2240 4556 2382 4658 Γηταί
2690 4540 2784 4629 vi:
2834 4540 3160 4636 Αἰγυπτίας.
3213 4569 3304 4658 ῘΩς
3352 4563 3411 4621 δὲ
3459 4540 3613 4623 ούδὲν
3662 4540 3877 4649 ἴσὶχῇ,

467 4656 744 4725 praetextu
777 4650 1182 4707 instructionis
1212 4650 1505 4722 capiendae
1552 4652 1711 4706 venit
1760 4650 1831 4705 ad
1883 4667 1995 4722 me,
2044 4655 2109 4707 ut

2240 4644 2387 4734 τάλιν
2441 4645 2529 4701 ἐπὶ
2579 4646 2730 4723 λόγῳ
2775 4651 3137 4726 κατηχήσεως
3185 4650 3395 4729 ¹ἤρχετο
3446 4656 3587 4732 πρός
3642 4644 3874 4734 μεξμα.

469 4741 718 4797 disceret
758 4741 999 4796 verbum
1046 4739 1270 4795 Domini
1306 4758 1323 4806 ;
1354 4743 1410 4795 et
1458 4738 1600 4795 dixit
1644 4738 1787 4794 mihi
1822 4754 1834 4794 :
1871 4763 1898 4789 ‹‹
1931 4739 1991 4795 Si
2020 4739 2108 4797 vis

467 4833 533 4886 ut
562 4828 891 4902 relinquam
923 4826 1097 4895 idola,
1131 4828 1466 4900 obtempera
1509 4826 1653 4882 mihi
1686 4844 1699 4895 ;
1732 4831 1790 4883 et
1815 4828 2107 4900 {Egytium

461 4918 827 4991 persuadebo
858 4917 1123 4973 recedere
1150 4917 1222 4972 ab
1256 4915 1447 4985 idolis,
1481 4920 1537 4971 et
1583 4916 1643 4971 in
1694 4915 1820 4989 lege
1869 4917 2103 4973 Domini

535 5043 612 5113 (7)
644 5041 983 5116 Ἀνθρωπος.
1022 5038 1143 5100 Υἱὸς
1193 5037 1480 5111 ἀνθρώπου
1530 5039 1709 5096 habet
1755 5041 1883 5096 cod.
1919 5040 2101 5098 Oxon.

463 5114 646 5171 GRAB.

532 5187 608 5257 (8)
646 5181 865 5257 Tenozc.
898 5180 1140 5257 Τούτοις.
1176 5182 1254 5238 ID.

531 5249 925 5341 (QZ‘Agpdcppis
955 5253 1199 5341 τρόποις.
1233 5249 1521 5341 Δζαφόροις
1559 5251 1767 5341 τόποις.
1795 5257 1886 5341 ‘I'D.

531 5323 647 5403 (10)
676 5323 1029 5403 Παραδοῢσα.
1116 5323 1477 5399 Παραδοῦναι,
1558 5324 1854 5382 subintell.
1945 5323 2102 5394 ἠπεί-

459 5396 1075 5542 λῗηξῇἔθ’λνεῖιιπιλέοτλιτό
1123 5487 1252 5542 ,με,
1318 5464 1767 5542 ’καὶ-,ἠπείλησέ
1837 5487 1960 5542 μοι¹
2019 5487 2059 5539 μ

530 5487 641 5542 (11)
690 5487 1075 5525 ἈνεκαΛεο-ατο
1166 5487 1252 5539 με,
1332 5487 1421 5521 και
1497 5487 1767 5537 ηπειΛησε
1880 5487 1928 5521 οι
2019 5487 2065 5539 μ·

456 5540 670 5615 θέλοντι
743 5538 1012 5605 συνελθεῖν
1079 5537 1235 5613 αὐτῇ.
1317 5536 1476 5595 Ἀλλ’
1532 5539 1560 5593 ὁ
1637 5538 1765 5601 Θεὸς
1837 5487 2065 5615 ἐιρῥύσατ

463 5614 957 5759 "segnitatem.
988 5682 1099 5740 Ms.
1139 5676 1375 5757 ἐπιδίδῃ.
1412 5682 1495 5739 In.

2219 4739 2330 4800 θεῖν
2376 4733 2540 4812 λόγον
2586 4736 2809 4813 Κυρίου·
2859 4738 2950 4793 καὶ
3000 4736 3155 4815 ἔλεγέ
3206 4761 3323 4815 μοι’
3362 4768 3383 4795 ι
3416 4745 3481 4799 Εἰ
3530 4744 3739 4817 θέλεις,
3777 4733 3873 4805 ἵνα

2216 4822 2501 4880 καταλίπω
2532 4825 2597 4879 τὰ
2644 4823 2871 4896 οῗδωλα,
2905 4828 3264 4901 συμπείσθητί
3467 4854 3581 4906 μοι’
3641 4838 3736 4891 καὶ
3788 4840 3873 4894 τὸν

2219 4911 2514 4990 Αἰγύπτιον
2571 4913 2742 4969 πείσω
2786 4914 3085 4986 ἀποστῆναι
3130 4922 3237 4972 τῶν
3286 4918 3554 4994 εἰδώλων,
3605 4924 3659 4979 ἐν
3718 4927 3872 5002 νόμῳ

2313 5039 2401 5113 13)
2429 5042 2560 5111 Τριη
2572 5037 2805 5113 μερίζων
2818 5082 2829 5094 .
2849 5110 2857 5113 _
2875 5041 3063 5097 Deest.
3098 5046 3183 5099 ID.

2424 5109 2700 5200 y‘eppldg.
2731 5110 3032 5200 9missum
3063 5119 3174 5200 est.
3214 5115 3295 5171 In.

2309 5182 2395 5254 15)
2424 5180 2626 5253 rapa
2648 5185 2839 5254 πρῶτα
2867 5184 3102 5239 desunt.
3136 5185 3222 5240 In.

2284 5198 2395 5321 (ιδ’
2434 5198 2500 5234 ιὀι
2533 5198 2626 5253 μεν
2648 5200 2839 5254 πρωτα
2867 5198 3102 5239 desunt.
3136 5198 3222 5240 lD.

2426 5257 2717 5337 ’Έσχᾳτονε
2758 5254 2874 5337 ζΟτι
2904 5254 3082 5337 habet
3112 5257 3243 5312 cod.
3276 5257 3456 5316 Oxon.
3503 5278 3632 5333 qua:
3697 5264 3869 5324 lectio

2213 5321 2419 5377 melior
2447 5321 2588 5380 mihi
2618 5326 2865 5380 videtur.
2904 5327 2985 5380 lo.

2427 5393 2832 5472 [Ιξφειλκύσατοἔ
2864 5393 3231 5472 Ἐφειλκύετο.
3268 5400 3348 5454 ID.

2309 5466 2393 5540 l8)
2423 5465 2773 5540 nomine..."
2808 5465 3158 5540 ὑποσκελίσαι
3195 5489 3288 5540 με.
3324 5471 3549 5529 Desunt
3576 5479 3664 5531 ID.

2305 5536 2391 5607 19)
2421 5538 2531 5623 ’E‘v‘
2588 5536 2800 5623 τούτοις
2871 5542 2999 5592 πᾶσι
3066 5536 3491 5614 ἐχαμαικοίτουν
3582 5545 3721 5623 ἐγώ.
3790 5555 3873 5607 Ἔν

2209 5605 2392 5679 σάκκῳ
2424 5610 2558 5666 add.
2588 5612 2670 5666 ID.

2278 5676 2391 5753 (20)
2417 5678 2817 5755 Συμπείσθητι.
2850 5676 3151 5757 Συγγένου.
3186 5683 3275 5740 ID.
