4008 6350
110 414 265 479 1129

1333 413 1932 484 TESTAMENTUM
1974 418 2288 484 JOSEPH.

3354 423 3508 486 “30

105 548 303 620 Κυρίου
348 569 444 603 σου
492 547 873 625 πορευόμενοι.
909 573 938 604 »
968 548 1127 626 Λέγω
1158 552 1270 626 (21)
1301 548 1358 606 δὲ
1387 552 1525 628 πρὸς
1558 551 1746 623 αὐτήν·

1867 554 1964 609 Dei
1998 554 2081 609 tui
2111 553 2565 611 ambulabimus.
2592 580 2620 607 ‹‹
2644 555 2745 611 His
2769 572 2903 628 ergo
2927 556 3198 628 περιπιάὶ
3224 574 3237 613 :
3271 577 3291 605 α
3314 558 3375 612 In
3403 557 3511 613 im-

105 660 141 687 ‹‹
187 637 297 695 Οὐκ
348 636 399 692 έν
455 638 749 715 ἀκαθαρσίᾳ
801 637 951 715 λέγει
1008 642 1119 713 (22)
1175 639 1375 718 Κύριος
1430 636 1756 715 σεϐομένους

104 724 421 795 αὖτὸν,οὖδέ
450 726 503 783 έν
533 734 649 791 τοῖς
676 728 1027 804 μοιχεύουσιν
1055 726 1320 789 εὐδοκεῖ.»
1344 729 1570 800 Κάκείνη
1604 729 1757 786 ἐσιώ-

104 836 251 884 πησε
307 817 418 890 (23)
476 819 720 871 ποθοῦσα
793 815 1064 873 ἐκτελέσαι
1140 820 1255 893 (24)
1311 820 1412 888 τὴν
1471 818 1757 891 ἐπιθυμίαν

104 903 297 972 αὐτῆς.
352 905 515 979 Κάγὼ
563 906 915 981 προσετίθουν
975 906 1222 976 νηστείαν
1282 907 1370 961 καὶ
1418 908 1753 983 προσευχὴν,

106 992 259 1055 ὅπως
290 992 517 1069 ῥύσηταί
552 1014 619 1067 με
649 996 676 1048 6
710 994 904 1069 Κύριος
936 996 1027 1050 ἀπ’
1054 994 1244 1065 αὐτῆς.

288 1106 314 1133 ι(
352 1081 521 1137 Πάλιν
555 1080 612 1137 δὶ
646 1082 695 1137 έν
729 1082 896 1159 ἑτέρῳ
927 1083 1115 1160 χρόνῳ
1147 1084 1295 1159 λέγει
1330 1103 1445 1156 μοι·
1476 1110 1502 1137 ‹‹
1536 1084 1602 1139 Ei’
1633 1105 1755 1157 μοι-

104 1175 300 1246 χεῦσαι
352 1171 418 1224 ού
469 1169 683 1241 θέλεις,
735 1171 844 1245 ἐγὼ
894 1173 1095 1246 ἀναιρῶ
1141 1172 1233 1227 τὸν
1280 1171 1611 1247 Αἰγύπτιον,
1667 1171 1756 1226 καὶ

107 1258 282 1322 οὕτως
311 1259 465 1332 νόμῳ
495 1262 609 1334 (25)
640 1257 892 1334 λήψομαί
940 1282 999 1315 σε
1046 1260 1122 1323 εἰς
1172 1258 1357 1336 ἄνδρα.
1392 1285 1420 1313 ››
1457 1262 1595 1337 Ἐγὼ
1643 1259 1753 1330 οὖν,

106 1348 186 1410 ὡς
215 1345 423 1416 ἤκουσα
450 1346 633 1417 τοῦτο,
668 1346 924 1425 διερρηξα
952 1351 1050 1419 τὴν
1076 1347 1278 1420 στολὴν
1314 1372 1440 1423 μου,
1470 1351 1557 1405 καὶ
1581 1350 1753 1406 εἶπον·

108 1461 141 1489 ‹‹
174 1437 350 1509 Γύναι,
384 1436 655 1507 αίὸέσθητι
701 1438 793 1493 τὸν
846 1438 1064 1514 Κύριον,
1106 1438 1195 1494 καὶ
1245 1440 1321 1512 μὴ
1373 1442 1607 1513 ποιήσῃς
1653 1440 1752 1509 τὴν

105 1526 297 1600 πρᾶξιν
342 1525 542 1594 ταύτην
600 1527 698 1595 τήν
757 1528 1020 1602 πονηρὰν,
1074 1524 1167 1582 Ἵνα
1219 1529 1294 1600 μή
1342 1527 1751 1603 έξολοθρευθῇς·

107 1614 197 1669 ὅτι
240 1614 327 1669 καί
374 1635 438 1689 γε
485 1614 593 1689 ἐγὼ
646 1613 919 1692 έξαγγελῶ
965 1618 1064 1686 τὴν
1094 1616 1332 1672 ἐπίνοιαν
1381 1624 1480 1686 τῆς
1513 1611 1754 1679 ἀσεϐείας

106 1723 208 1757 σου
237 1710 385 1760 πᾶσι.
421 1728 448 1755 ››
480 1698 788 1773 Φοϐηθεῖσα
836 1703 927 1760 οὗν
977 1704 1177 1776 ἐκείνη,
1210 1705 1387 1778 ἠξίου,
1427 1703 1520 1760 ’ίνα
1561 1703 1753 1779 μηδενὶ

105 1791 415 1867 ἀναγγείλω
462 1794 562 1861 τὴν
611 1794 798 1848 κακίαν
849 1793 1040 1863 αὐτῆς⁸
1094 1794 1184 1849 καὶ
1228 1794 1575 1870 ἀνεχώρησε,
1626 1790 1752 1858 θέλ-

102 1881 285 1935 πουσά
313 1884 426 1954 (26)
460 1903 525 1954 με
565 1879 787 1959 δώροις,
832 1883 923 1937 καὶ
971 1880 1260 1953 πέμπουσα
1307 1888 1478 1937 πᾶσαν
1511 1881 1753 1938 ἀπόλαυ-

101 1992 191 2025 σιν
223 1971 350 2025 υἱῶν
381 1970 675 2047 ἀνθρώπων
688 2014 699 2028 .

182 2066 244 2123 ς’.
277 2084 305 2112 ‹‹
336 2059 433 2114 Καὶ
467 2057 790 2115 ἀποστέλλει
827 2080 919 2133 μοι
956 2060 1154 2136 βρῶμα
1191 2058 1241 2115 έν
1290 2058 1514 2137 γοητείᾳ
1542 2080 1750 2139 πεφυρ-

106 2148 302 2222 μένον.
350 2148 449 2204 Καὶ
494 2149 568 2211 ὡς
618 2147 783 2218 ἦλθεν
837 2150 865 2203 6
915 2149 1177 2225 εὐνοῦχος
1225 2150 1253 2205 6
1300 2148 1544 2222 κομίζων
1596 2150 1749 2223 αὐτὸ,

100 2232 387 2312 ἐνέϐλεψα,
434 2238 525 2293 καὶ
573 2235 714 2293 εἶδον
765 2232 995 2315 φοϐερὸν
1046 2235 1244 2314 ἄνδρα,
1295 2236 1605 2295 ἐπιδιδόντα
1656 2259 1749 2313 μοι

104 2327 247 2403 μετὰ
292 2332 388 2382 τοῦ
433 2322 699 2403 τρυϐλίου
754 2326 1044 2403 μάχαιραν.
1086 2328 1190 2384 Καὶ
1237 2335 1461 2400 συνῆκα,
1522 2326 1607 2384 ὅτι
1653 2348 1749 2384 πε-

100 2416 313 2494 ριεργία
341 2416 474 2485 αὕτη
512 2415 587 2478 εἰς
619 2414 1002 2485 ἀποπλάνησιν
1048 2418 1232 2492 ψυχῆς
1264 2416 1395 2474 ἐστι.
1426 2416 1547 2487 Καὶ,
1600 2416 1747 2490 ἐξελ-

100 2505 294 2571 θόντος
350 2503 534 2575 αὐτοῦ,
595 2502 834 2574 ἔκλαιον,
898 2506 1037 2577 μήτε
1092 2503 1318 2575 ἐκείνου,
1382 2507 1519 2578 μήτε
1573 2504 1749 2561 ἄλλου

96 2594 435 2672 γευσάμενος
482 2590 789 2666 ἐδεσμάτων
841 2592 1007 2662 αὐτῆς
1040 2638 1053 2651 .
1104 2595 1252 2648 Μετὰ
1309 2590 1366 2648 δὲ
1425 2594 1547 2667 μίαν
1605 2594 1750 2668 ἠμέ-

100 2705 201 2761 ραν
237 2682 464 2738 έλθοῦσα
509 2683 647 2758 πρὸς
700 2682 788 2755 μὶ,
841 2681 1046 2757 ἐπέγνω
1091 2679 1154 2736 τό
1208 2683 1425 2758 βρῶμα,
1455 2682 1545 2737 καὶ
1600 2682 1748 2758 λέγει

97 2773 243 2848 πρός
278 2794 362 2846 με.
397 2772 516 2827 «Τί
563 2776 750 2843 τοῦτο,
796 2770 877 2826 ὅτι
927 2770 1027 2825 οὐκ
1070 2766 1260 2849 ἔφαγες
1309 2770 1415 2826 ἀπὸ
1462 2776 1558 2826 τοῦ
1603 2772 1747 2847 βρώ-

104 2884 278 2937 ματος
312 2881 325 2930 ;
358 2886 385 2915 »
421 2861 519 2916 Καὶ
570 2862 715 2915 εἷπον
762 2861 897 2933 πρὸς
946 2859 1135 2929 αὐτήν.
1193 2883 1220 2911 ‹‹
1268 2862 1386 2916 Ὅτι
1423 2857 1747 2934 ἐπλήρωσας

100 2952 239 3007 αὐτὸ
295 2950 521 3005 Θανάτου
560 2993 573 3006 .
634 2949 731 3004 Καὶ
790 2953 907 3010 πῶς
985 2948 1137 3009 εἶπας
1173 2992 1186 3013 ,
1248 2946 1329 3003 ὅτι
1402 2948 1500 3003 οὐκ
1557 2948 1747 3025 έγγίζω

98 3046 220 3101 τοῖς
268 3037 560 3111 εἰδώλοις,
617 3037 761 3094 ἀλλά
824 3036 1005 3114 Κυρίῳ
1078 3036 1229 3111 μόνῳ
1300 3040 1412 3111 (27)
1447 3056 1460 3107 ;
1494 3042 1598 3091 Νῦν
1660 3035 1750 3091 οὖν

98 3130 318 3206 γνῶθι,
373 3127 453 3183 ὅτι
513 3129 541 3182 ὁ
598 3127 728 3189 Θεὸς
784 3131 880 3182 τοῦ
935 3126 1137 3202 πατρός
1218 3148 1321 3199 μου
1389 3124 1458 3181 δι’
1514 3125 1748 3203 ἀγγέλου

98 3217 419 3291 ἀπεκάλυψὲ
468 3237 561 3290 μοι
612 3217 710 3285 τὴν
760 3215 945 3271 κακίαν
994 3236 1127 3286 σου,
1177 3216 1266 3270 καὶ
1324 3213 1564 3290 ἐτήρησα
1618 3214 1748 3270 αὐτὸ

1867 642 2137 699 mundita
2166 660 2281 699 non
2311 642 2436 699 vult
2465 642 2750 699 Dominus
2781 659 2910 700 esse
2926 647 3268 701 venerantes
3290 644 3510 718 ipsum,

1870 747 2057 802 neque
2088 730 2145 786 in
2179 731 2648 788 adulterantibus
2676 732 2827 788 bene
2856 732 3135 805 placitum
3170 738 3259 791 est
3286 735 3360 791 ei.
3386 757 3414 785 ››
3446 734 3514 791 Et

1867 817 1969 874 illa
2023 818 2206 890 siluit,
2275 820 2616 876 desiderans
2690 820 2920 893 explere
2976 823 3512 895 concupiscentiam

1867 924 2057 964 suam.
2090 908 2159 964 Et
2188 925 2293 980 ego
2324 909 2521 964 addidi
2545 910 2841 981 jejunium
2882 914 2939 967 et
2969 911 3312 984 orationem,
3344 916 3412 968 ut
3440 911 3509 969 Ii-

1865 996 2095 1053 beraret
2122 1013 2215 1053 me
2247 997 2529 1054 Dominus
2559 999 2630 1055 ab
2664 998 2811 1071 ipsa.

1935 1086 2006 1143 V.
2042 1106 2070 1138 α
2096 1087 2316 1142 Rursus
2345 1104 2478 1144 vero
2527 1086 2641 1143 alio
2695 1093 2955 1161 tempore
3004 1090 3146 1145 dicit
3178 1090 3358 1148 mihi:
3394 1114 3423 1142 «
3449 1091 3507 1148 Si

1865 1175 2193 1232 adulterare
2252 1193 2366 1232 non
2421 1177 2529 1247 vis,
2583 1193 2688 1249 ego
2744 1178 3004 1233 occidam
3060 1180 3392 1253 lEgyptum,
3453 1183 3510 1237 et

1865 1263 1948 1318 ita
1977 1264 2102 1335 lege
2150 1265 2436 1337 accipiam
2500 1269 2552 1321 te
2609 1266 2668 1320 in
2724 1266 2933 1321 virum.
2967 1289 2994 1317 ι)
3047 1268 3161 1340 Ego
3211 1268 3408 1341 igitur,
3444 1274 3509 1325 ut

1866 1352 2061 1407 audivi
2092 1353 2220 1423 hoc,
2254 1353 2401 1409 scidi
2432 1352 2643 1409 stolam
2677 1370 2889 1423 meam,
2923 1359 2979 1410 et
3009 1355 3271 1412 dicebam
3299 1374 3312 1413 :
3336 1380 3365 1407 «
3387 1357 3510 1413 Mu-

1864 1439 1992 1509 lier,
2022 1457 2279 1498 reverere
2330 1442 2537 1514 Deum,
2589 1447 2646 1498 et
2694 1459 2767 1499 ne
2814 1442 2992 1499 facies
3035 1443 3187 1501 hanc
3216 1445 3506 1518 pernicio-

1867 1546 1994 1585 sam
2026 1546 2170 1601 rem,
2222 1535 2287 1586 ut
2331 1548 2448 1587 non
2489 1532 2826 1604 dispereas;
2867 1532 3145 1603 quoniam
3188 1536 3244 1589 et
3275 1549 3381 1606 ego
3412 1551 3510 1589 an-

1867 1620 2151 1675 nuntiabo
2181 1619 2590 1692 cogitationem
2640 1618 2962 1692 impietatis
3004 1623 3120 1676 tua:
3152 1621 3443 1679 omnibus.
3481 1644 3509 1672 ››

1865 1707 2105 1763 Timens
2135 1706 2314 1779 igitur
2342 1706 2465 1775 illa,
2498 1708 2759 1781 rogabat,
2806 1712 2871 1763 ut
2919 1707 3068 1765 nulli
3098 1709 3508 1765 annuntiarem

1865 1794 2150 1851 malitiam
2183 1797 2349 1868 ejus;
2400 1801 2456 1852 et
2498 1796 2759 1865 recessit,
2812 1800 3049 1854 tentans
3095 1814 3189 1854 me
3232 1797 3422 1865 donis,
3454 1802 3512 1855 et

1866 1884 2106 1941 mittens
2135 1885 2277 1941 mihi
2307 1885 2525 1957 omnia,
2558 1902 2686 1957 quae
2731 1890 2870 1942 sunt
2917 1885 2976 1941 in
3027 1903 3202 1943 usum
3254 1887 3507 1943 ﬁliorum

1862 1972 2192 2028 hominum.

1934 2061 2021 2117 VI.
2056 2085 2084 2113 ‹‹
2116 2063 2185 2117 Et
2214 2061 2375 2118 misit
2402 2063 2544 2119 mihi
2598 2063 2793 2120 cibum
2836 2062 3231 2120 incantatione
3262 2065 3506 2121 commi-

1860 2154 2039 2205 stum.
2075 2151 2142 2207 Et
2173 2155 2239 2207 ut
2283 2151 2438 2207 venit
2456 2152 2762 2210 eunuchus
2806 2153 2998 2208 ferens
3029 2151 3221 2221 illum,
3256 2153 3502 2226 respexi,

1860 2243 1918 2295 et
1962 2239 2077 2295 vidi
2135 2240 2325 2296 virum
2377 2241 2719 2309 terribilem,
2777 2243 3106 2298 tradentem
3165 2241 3312 2297 mihi
3367 2259 3504 2298 eum

1860 2328 2020 2384 disco
2051 2328 2335 2401 gladium.
2385 2329 2452 2385 Et
2500 2329 2775 2399 intellexi,
2823 2330 2975 2401 quod
3006 2330 3129 2387 haec
3154 2330 3384 2386 curiosa
3413 2345 3503 2387 se-

1860 2416 2078 2473 dulitas
2109 2418 2170 2473 in
2201 2417 2599 2474 seductionam
2623 2422 2779 2475 esset
2802 2419 3011 2474 animae
3034 2436 3196 2475 mese.
3226 2419 3296 2475 Et
3316 2435 3507 2492 egres-

1860 2523 1924 2562 so
1953 2522 2041 2574 eo,
2074 2506 2305 2575 ﬂebam,
2330 2523 2520 2579 neque
2540 2505 2729 2576 illum,
2759 2523 2947 2579 neque
2969 2506 3217 2563 aliorum
3238 2506 3503 2564 ciborum

1858 2594 2047 2667 ipsius
2078 2594 2388 2667 (mulieris)
2437 2599 2702 2668 gustans.
2756 2595 2892 2651 Post
2921 2612 3103 2651 unum
3141 2596 3321 2669 igitur
3348 2596 3503 2652 diem

1861 2682 1989 2755 ipsa
2018 2682 2255 2738 veniens
2286 2683 2357 2739 ad
2391 2700 2505 2753 me,
2536 2683 2805 2756 cognovit
2832 2684 3051 2755 cibum,
3075 2688 3133 2740 et
3158 2684 3304 2740 dixit
3323 2683 3503 2742 mihi:

1859 2794 1887 2821 ‹‹
1922 2771 2070 2834 Quid
2102 2770 2210 2827 hoe
2240 2775 2347 2838 est,
2378 2772 2529 2843 quod
2565 2789 2678 2828 non
2725 2772 3028 2829 comedisti
3061 2774 3132 2829 de
3161 2772 3289 2828 cibo
3310 2773 3338 2828 ?
3377 2795 3405 2823 ››
3440 2773 3508 2829 Et

1858 2861 2122 2916 dicebam
2154 2861 2204 2915 ei
2233 2877 2245 2915 :
2300 2882 2329 2911 «
2362 2861 2646 2926 Quoniam
2697 2860 2954 2933 implesti
3001 2860 3167 2916 illum
3200 2866 3405 2917 morte.
3438 2861 3507 2918 Et

1858 2950 2152 3021 quomodo
2210 2949 2428 3016 dixisti,
2489 2950 2641 3021 quod
2704 2966 2818 3005 non
2869 2949 3270 3022 appropinquo
3308 2949 3502 3021 idolis,

1858 3039 1959 3095 sed
1992 3038 2235 3095 Domino
2266 3037 2373 3094 soli
2400 3038 2427 3094 ‘2
2456 3038 2620 3093 Nunc
2646 3038 2826 3111 igitur
2846 3055 3149 3111 cognosce,
3174 3039 3327 3111 quod
3349 3038 3504 3095 Deus

1858 3128 2045 3201 patris
2077 3126 2191 3183 mei
2243 3142 2347 3199 per
2392 3126 2665 3200 angelum
2717 3127 2990 3183 revelavit
3038 3126 3182 3182 mihi
3214 3126 3500 3183 malitiam

1858 3221 2041 3287 tuam,
2096 3220 2153 3271 et
2199 3216 2423 3272 servavi
2471 3216 2667 3271 cibum
2719 3215 2776 3271 in
2810 3216 3280 3288 redargutionem
3310 3214 3418 3283 tui,
3449 3213 3500 3270 si

95 3308 180 3371 εἷς
207 3301 438 3382 ἔλεγχόν
472 3327 567 3361 σου
616 3305 661 3360 εί
691 3305 792 3381 ἄρα
838 3302 1025 3360 ἰδοῦσα
1052 3302 1183 3360 αύτὸ
1230 3306 1598 3378 μετανοήσεις.
1630 3306 1745 3362 Ἵνα

1867 3307 2002 3362 Forte
2024 3305 2228 3361 videns
2250 3304 2416 3360 illum
2438 3304 2741 3377 pceniteas.
2768 3305 2838 3361 Ut
2851 3321 2984 3361 vero
3003 3306 3216 3373 discas,
3236 3304 3389 3377 quod
3403 3303 3497 3359 his

96 3397 162 3453 δὲ
196 3398 390 3471 μάθῃς,
434 3394 516 3451 ὅτι
575 3400 681 3450 τῶν
741 3396 792 3450 ὲν
855 3394 1176 3473 σωφροσύνη
1229 3394 1355 3449 Θεὸν
1388 3389 1653 3449 σεϐόντων
1685 3393 1747 3448 οὐ

91 3485 385 3563 κατισχύει
416 3483 577 3540 κακία
621 3479 979 3556 ἀσεϐούντων,
1012 3478 1194 3538 λαϐὼν
1238 3482 1467 3537 ἐνώπιον
1499 3481 1664 3552 αὐτῆς
1695 3480 1747 3537 ἔ-

95 3597 296 3655 φαγον,
349 3574 531 3629 εἷ’πών·
567 3598 596 3625 ‹‹
637 3575 699 3630 Ὁ
748 3573 875 3634 Θεὸς
920 3576 1028 3627 τῶν
1086 3571 1331 3648 πατέρων
1393 3593 1519 3644 μου,
1576 3571 1667 3627 καὶ
1720 3571 1749 3627 6

94 3663 339 3741 ἄγγελος
390 3657 640 3739 Ἀϐραὰμ
684 3659 828 3717 ἔσται
883 3661 997 3733 μετ’
1051 3660 1207 3734 ἐμοῦ.
1262 3684 1290 3712 ››
1339 3660 1405 3716 Ἡ
1453 3658 1511 3715 δὲ
1566 3659 1748 3715 ἔπεσεν

94 3755 191 3811 ἐπὶ
222 3753 515 3829 πρόσωπον
548 3751 623 3813 είς
671 3750 800 3813 τοὺς
848 3747 1017 3813 πόδας
1067 3771 1194 3823 μου,
1242 3750 1331 3805 καὶ
1382 3747 1627 3805 ἔκλαυσε’
1659 3748 1749 3804 καὶ

94 3844 409 3913 ἀναστήσας
466 3840 633 3909 αὐτὴν
690 3838 1026 3907 ἐνουθέτησα’
1085 3838 1175 3894 καὶ
1226 3837 1474 3904 συνέθετο
1521 3843 1618 3894 τοῦ
1670 3839 1748 3912 μὴ

92 3939 331 4001 ποιῆσαι
366 3928 441 3985 ἔτι
470 3930 569 3997 τήν
604 3923 847 3983 ἀσέϐειαν
874 3927 1098 3999 ταύτην.

174 4022 248 4079 Ζ’.
283 4043 310 4071 ‹‹
342 4021 460 4074 Ὅτι
495 4020 607 4092 (28)
638 4014 697 4072 δὲ
726 4018 761 4086 ἠ
808 4014 1004 4091 καρδία
1041 4015 1208 4087 αὐτῆς
1257 4016 1487 4073 ἐνέκειτο
1536 4016 1611 4079 εἷς
1656 4015 1753 4089 ὲμὶ

92 4110 244 4184 πρὸς
302 4106 634 4176 ἀκολασίαν,
692 4105 783 4160 καὶ
843 4108 956 4179 (29)
1015 4107 1337 4175 στενάζουσα
1395 4104 1751 4183 προσέπιπτεν

300 4195 448 4252 Ἰδὼν
510 4192 566 4249 δὲ
598 4195 625 4248 6
677 4193 991 4270 Αἰγύπτιος,
1042 4193 1186 4271 λέγει
1235 4195 1370 4271 πρὸς
1412 4197 1599 4265 αύτήνο
1636 4193 1755 4248 «Τί

94 4287 359 4343 συνέπεσε
404 4286 465 4339 τὸ
512 4283 803 4359 πρόσωπόν
859 4304 954 4337 σου
988 4303 1001 4353 ;
1038 4308 1065 4335 ››
1112 4284 1175 4337 Ἠ
1226 4281 1284 4338 δὲ
1332 4283 1464 4339 εἶπε·
1501 4307 1529 4335 ‹‹
1580 4282 1752 4339 Πόνον

90 4375 331 4453 καρδίας
365 4374 521 4449 ἀλγῶ
567 4373 698 4448 ἐγὼ,
727 4371 817 4427 καί
868 4372 920 4426 οἱ
969 4372 1256 4447 στεναγμοὶ
1300 4378 1397 4427 τοῦ
1447 4372 1753 4446 πνεύματός

101 4488 215 4541 μου
250 4462 536 4539 συνέχουσί
565 4483 650 4535 με.
686 4485 713 4511 ››
745 4460 841 4515 Καὶ
892 4460 1237 4536 ἐθεράπευσεν
1286 4460 1450 4530 αὐτὴν
1488 4461 1563 4533 μὴ
1596 4462 1755 4525 ἀσθε-

92 4560 321 4611 νοῦσαν.
354 4553 485 4607 Τότε
534 4548 857 4621 εἰσεπήδησε
903 4551 1039 4625 πρὸς
1094 4549 1180 4622 μὲ,
1213 4548 1289 4605 ἔτι
1339 4546 1439 4621 ἔξω
1478 4547 1631 4612 ὄντος
1658 4555 1755 4605 τοῦ

1857 3395 1957 3466 qui
1980 3394 2039 3449 in
2062 3393 2332 3450 castitate
2351 3392 2664 3449 Dominum
2686 3398 3054 3465 venerantur,
3078 3410 3193 3449 non
3227 3391 3499 3466 praavalet

1857 3482 2082 3539 malitia
2110 3482 2289 3554 impie
2319 3482 2640 3554 agentium,
2665 3504 2691 3533 ››
2715 3482 3009 3555 accipiens
3029 3498 3224 3539 coram
3242 3485 3373 3555 ipsa
3401 3498 3498 3538 co-

1858 3572 2035 3642 medi,
2060 3571 2295 3627 dicens:
2332 3592 2361 3622 «
2387 3575 2541 3627 Deus
2575 3575 2809 3644 patrum
2839 3587 3124 3641 meorum,
3165 3574 3223 3627 et
3256 3570 3502 3645 angelus

1856 3660 2173 3725 Abraham,
2206 3660 2317 3716 erit
2347 3676 2603 3717 mecum.
2640 3683 2660 3709 ι
2696 3658 2803 3717 Illa
2827 3676 2960 3717 vero
2982 3660 3192 3716 cecidit
3213 3660 3271 3716 in
3296 3660 3503 3717 faciem

1859 3755 1931 3811 ad
1962 3755 2141 3827 pedes
2172 3769 2350 3821 meos,
2404 3757 2462 3809 et
2507 3752 2701 3809 ﬂevit:
2754 3756 2811 3809 et
2859 3753 3089 3826 erigens
3119 3752 3281 3808 illam
3311 3753 3508 3808 admo-

1860 3844 2005 3912 nui;
2048 3847 2104 3899 et
2151 3841 2424 3915 promisit
2472 3859 2536 3899 se
2583 3860 2699 3899 non
2741 3859 2869 3899 esse
2914 3843 3196 3898 facturam
3249 3839 3506 3913 amplius

1859 3932 2218 4004 impietatem
2250 3931 2421 3988 hanc.

1932 4022 2056 4078 VII.
2116 4044 2145 4072 «
2177 4020 2383 4077 Adhuc
2440 4036 2573 4076 vero
2632 4037 2729 4076 cor
2760 4019 2945 4092 ipsius
2997 4021 3054 4075 in
3090 4036 3181 4075 me
3210 4022 3507 4075 exarserat

1861 4114 1932 4172 ad
1967 4110 2342 4176 adulterium,
2376 4114 2433 4166 et
2460 4110 2852 4182 ingemiscens
2884 4109 3108 4164 cecidit.
3132 4108 3350 4164 Videns
3370 4124 3506 4165 vero

1862 4216 1989 4255 eam
2030 4199 2352 4271 zEgyptius,
2411 4197 2551 4254 dicit
2607 4198 2694 4253 ei:
2757 4220 2778 4246 ι
2815 4197 2962 4263 Quid
3017 4197 3272 4253 concidit
3328 4196 3506 4253 facies

1862 4287 2007 4344 tua?
2039 4309 2067 4339 »
2104 4286 2208 4342 Illa
2237 4303 2371 4343 vero
2402 4286 2581 4343 dixit:
2626 4308 2655 4337 «
2688 4285 2890 4342 Dolore
2937 4286 3131 4342 cordis
3179 4301 3285 4358 ego
3316 4285 3504 4354 doleo,

1864 4383 1920 4433 et
1949 4378 2202 4449 gemitus
2234 4376 2477 4448 Spiritus
2507 4377 2617 4431 mei
2653 4375 3064 4448 constringunt
3089 4391 3200 4431 me.
3234 4376 3304 4431 Et
3332 4392 3506 4431 cura-

1863 4468 1964 4522 bat
1993 4482 2123 4521 eam
2184 4480 2299 4519 non
2353 4468 2747 4535 aegrotantem.
2807 4465 2968 4519 Tunc
3029 4464 3257 4519 insiluit
3285 4465 3357 4520 ad
3390 4480 3504 4531 me,

1864 4554 2056 4611 adhuc
2090 4552 2227 4608 foris
2257 4553 2572 4609 exsistente
2602 4553 2725 4607 viro
2757 4570 2885 4620 suo,
2919 4558 2975 4608 et
2997 4554 3139 4608 dicit
3161 4552 3304 4607 mihi
3330 4569 3343 4607 :
3374 4551 3509 4607 Suf-

93 4640 305 4719 ἀνδρὸς
336 4641 527 4710 αὐτῆς,
558 4639 647 4693 καὶ
675 4638 824 4714 λέγει
860 4658 973 4712 μοι’
1002 4663 1030 4691 ‹‹
1051 4641 1358 4715 ’¹Δγχομαι,
1389 4640 1424 4708 ἢ
1458 4639 1531 4701 εἷς
1563 4640 1752 4718 φρέαρ,

1867 4643 2042 4710 focnr,
2101 4640 2189 4697 vel
2245 4642 2304 4695 in
2368 4645 2627 4712 puteum,
2686 4640 2775 4697 vel
2834 4640 3217 4711 prmcipitium
3270 4639 3511 4712 projicio

94 4735 135 4803 ἢ
193 4731 273 4793 εἷς
322 4730 565 4806 κρημνὸν
617 4727 791 4804 ῥίπτω
842 4726 1103 4801 ἐμαυτήν,
1146 4727 1231 4782 ἐὰν
1287 4729 1362 4801 μὴ
1417 4733 1753 4802 ωμπεισθῇς

98 4823 221 4896 (31)
264 4840 376 4891 μοι.
419 4840 445 4870 η
486 4817 581 4871 Καὶ
614 4819 836 4887 νοήσας,
872 4816 954 4870 ὅτι
982 4817 1045 4871 τὸ
1074 4820 1285 4888 πνεῦμα
1312 4814 1409 4871 τοῦ
1439 4816 1634 4893 Βελιάρ
1666 4815 1759 4870 αύ-

96 4912 206 4979 τήν
245 4911 356 4982 (32)
388 4904 632 4981 ἐνοχλεῖ,
664 4905 1097 4981 προσευξάμενος
1147 4904 1347 4979 Κυρίῳ,
1402 4904 1549 4959 εἷπον
1602 4903 1759 4981 αὐτῇ·

102 5023 135 5053 ι(
167 5000 293 5055 Ἵνα
316 4996 369 5050 τί
398 4995 635 5071 ταράστῃ
679 4994 770 5048 καὶ
821 4989 1049 5070 θορυϐῇ,
1081 4992 1133 5049 έν
1184 4991 1473 5070 ἁμαρτίαις
1508 4990 1759 5071 τυφλώτ-

180 5177 297 5250 (21)
323 5173 498 5246 Λέγω.
532 5169 784 5250 Ἔλεγον.
818 5176 1000 5250 GRA_B.

178 5242 301 5320 ('22)
331 5242 514 5320 Λέγει.
548 5242 723 5320 Θέλεί,
757 5252 910 5320 recte
942 5244 1083 5320 legit
1110 5243 1238 5300 cod.
1271 5246 1450 5320 onn.
1485 5243 1566 5299 Io.

178 5252 278 5317 (2'2
331 5254 514 5320 Λέγει.
548 5252 723 5311 eum,
757 5252 910 5301 recte
942 5252 1083 5317 legit
1110 5252 1238 5300 cod.
1271 5252 1450 5300 Oxon.
1485 5252 1566 5299 lo.

178 5252 301 5392 (23)
330 5317 658 5394 Ἐσιώπησε.
711 5313 1087 5394 Ἐφιλονείκει,
1140 5317 1296 5389 quod
1333 5315 1505 5389 plane
1536 5319 1763 5373 contra-

103 5389 273 5449 rium
306 5395 496 5445 sonat.
532 5389 612 5444 ID.

180 5462 304 5534 (2-4)
336 5459 663 5534 Ἐκτελέσαι.
690 5455 934 5534 Τελέσαι.
968 5461 1052 5515 ID.

343 5532 538 5606 Νόμῳ.
572 5529 835 5606 Νομίσας.
857 5534 953 5606 ID.

180 5599 303 5675 (26)
335 5599 823 5675 Θέλπὸυσφᾚθςθ
852 5599 1138 5675 θέλγουσα,
1171 5601 1254 5675 ID.

204 5678 299 5749 27)
336 5674 516 5750 Κυρίῳ
551 5673 851 5750 p6vrp._Ex
891 5673 1173 5750 veneﬁcio
1195 5674 1509 5750 _idolorum
1543 5673 1769 5750 cultum

182 5682 311 5805 (2:7)
336 5682 516 5750 Κυρίῳ
551 5682 722 5746 μόνῳ.
772 5682 851 5729 Ex
895 5682 1173 5757 veneﬁcio
1195 5682 1509 5757 .idolorum
1543 5682 1768 5758 cultum

105 5767 179 5808 eo
208 5750 346 5824 liglt
367 5747 680 5820 Jose,.hus.
728 5745 1064 5803 Idololatria
1111 5763 1326 5822 quippe
1356 5752 1413 5804 et
1442 5763 1641 5822 magia
1669 5762 1768 5822 ge-

446 5876 711 5943 ΡΑτιιοι..
759 5873 874 5939 Ga.
917 5871 997 5938 Il.

1870 4730 2178 4803 meipsam,
2229 4728 2341 4785 nisi
2398 4728 2539 4783 mihi
2589 4729 3102 4799 obtemperaveris.
3141 4751 3168 4778 »
3199 4728 3268 4783 Et
3295 4726 3514 4783 intelli-

1869 4835 2034 4891 gens,
2069 4819 2225 4891 quod
2256 4817 2500 4889 spiritus
2530 4815 2719 4872 Beliar
2756 4816 2941 4886 ipsam
2977 4816 3307 4885 conturbat,
3341 4832 3516 4871 orans

1871 4907 2209 4976 Dominum,
2242 4905 2359 4961 dixi
2393 4905 2443 4960 ei
2470 4921 2482 4960 :
2520 4926 2548 4955 ‹‹
2578 4904 2724 4968 Quid
2750 4905 3009 4960 turbaris
3030 4909 3088 4961 et
3108 4904 3515 4973 tumultuarie,

1870 4996 1929 5052 in
1964 4996 2216 5070 peccatis
2246 5000 2526 5051 excaecata
2546 4994 2573 5050 ?
2603 4995 2888 5051 Memento
2921 4995 3074 5068 quod
3105 4995 3154 5051 si
3182 4994 3418 5052 occidas
3441 4997 3519 5051 te-

1875 5174 2045 5231 minaz
2077 5177 2217 5229 sunt
2269 5188 2521 5238 sorores,
2580 5175 2646 5244 ut
2703 5171 2800 5227 alii
2859 5176 2992 5229 ante
3032 5189 3126 5229 me
3165 5172 3385 5244 prolixe
3415 5186 3520 5244 per

1875 5245 2144 5319 exempla
2187 5246 2528 5319 docuerunt.
2568 5243 2710 5319 Ipse
2759 5244 3029 5319 Spiritus
3062 5246 3121 5319 _S.
3166 5243 3518 5319 Babeliﬁna

1875 5335 2008 5374 cum
2033 5314 2361 5373 idololatria
2384 5314 2820 5388 incantationes
2860 5316 3104 5373 ascribit
3132 5321 3188 5373 et
3216 5314 3515 5388 veneﬁcia,

1878 5389 2038 5447 Isaiae
2067 5405 2242 5455 vau,
2270 5391 2330 5459 et
2358 5386 2684 5459 Apocalyps
2738 5403 2809 5441 xv
2834 5402 2898 5443 ιι.
2934 5387 3016 5443 ID.

1970 5463 2062 5528 28)
2086 5460 2224 5515 Ὀτι.
2257 5458 2513 5514 ἚτιέΙΙ).

1970 5532 2061 5603 29)
2092 5528 2209 5585 Καί.
2249 5532 2414 5585 Deest
2440 5530 2501 5584 in
2533 5544 2643 5603 ms.
2673 5527 2853 5584 Trim.
2888 5533 2972 5586 In.

1970 5596 2060 5673 30)
2094 5607 2453 5675 Ηροσπιπτεν.
2490 5596 2839 5675 Συνέπ-ιπτεν.
2868 5603 2949 5657 ID.

1972 5670 2061 5749 31)
2097 5670 2469 5749 Σίξμῖτεισεὶῇςπ
2504 5670 2763 5749 ᾼυγγένιι·
2801 5674 2881 5731 ID-

1973 5747 2062 5823 32)
2095 5742 2483 5824 Acetum.
2516 5744 2596 5803 In.

3135 5872 3213 5949 86
