3998 6348
516 403 667 461 H31

1502 393 2029 460 'I‘ESTAMENTA
2076 388 2184 458 XII
2232 393 2514 457 PATRIA
2527 390 2935 459 RCHARUM.

3792 396 3914 460 “33

513 534 727 606 ipsam,
756 530 992 601 Sethon,
1016 529 1345 586 concubina
1364 529 1471 585 viri
1491 530 1599 599 tui,
1627 528 1825 585 rivalis
1845 533 1971 598 tua,
2000 526 2152 584 cola-

2274 543 2467 595 τουσα;
2493 526 2778 597 Μνήσθητι
2808 523 2889 581 ὅτι
2914 523 3000 581 ἐὰν
3034 524 3224 602 ἀνέλῃς
3253 526 3478 601 σαυτὴν,
3502 528 3538 598 ἡ
3567 529 3780 598 Σηθῶν
3804 531 3914 603 (33),

513 622 661 693 phos
692 619 971 693 infringat
1001 619 1139 675 {iliis
1158 619 1298 689 tuis,
1321 623 1378 675 et
1400 620 1601 691 perdet
1623 618 1966 675 memoriam
1988 620 2153 673 tuam

514 711 584 766 de
612 714 788 765 terra.
826 732 847 758 ιι
888 710 955 764 Et
985 708 1129 764 dicit
1158 708 1300 763 mihi
1326 725 1342 764 :
1380 729 1408 762 ι
1428 708 1579 763 Num
1602 708 1781 781 igitur
1801 706 1997 779 diligis
2021 705 2157 761 me?

512 797 733 853 sufﬁcit
763 796 905 852 mihi
939 796 1154 868 solum,
1186 797 1341 868 quod
1374 797 1632 869 protegis
1661 797 1840 851 vitam
1865 811 2076 865 meam,
2100 797 2158 849 et

512 886 768 942 filiorum
794 902 1055 942 meorum
1085 904 1098 954 ;
1125 890 1182 941 et
1204 885 1390 941 habeo
1410 886 1901 958 exspectationem
1924 884 2156 956 potiun-

514 975 573 1030 di
606 976 892 1032 desiderio
921 992 1070 1031 meo.
1103 994 1129 1027 ιι
1170 976 1237 1030 Et
1266 992 1381 1031 non
1413 975 1702 1048 cognovit,
1735 975 1889 1046 quod
1922 976 2158 1045 propter

512 1064 696 1120 Deum
746 1081 939 1120 meum
991 1064 1072 1120 ita
1120 1062 1259 1131 dixi,
1310 1067 1368 1120 et
1414 1080 1529 1119 non
1578 1068 1813 1135 propter
1857 1062 2066 1132 ipsam.
2094 1059 2156 1116 Si

513 1154 671 1209 enim
694 1152 909 1226 aliquis
930 1153 1190 1225 passioni
1214 1152 1562 1208 succumbat
1583 1151 1853 1208 desiderii
1878 1148 2157 1222 pernicio-

516 1243 588 1311 si,
620 1245 677 1299 et
705 1242 841 1298 huic
873 1258 1078 1299 servus
1109 1240 1416 1312 efﬁciatur,
1449 1244 1515 1296 ut
1544 1243 1600 1296 et
1631 1238 1770 1310 illa;
1806 1238 1914 1295 etsi
1935 1238 2156 1294 bonum

517 1330 739 1403 aliquid
762 1329 1029 1399 audierit,
1057 1330 1115 1384 in
1140 1328 1473 1401 passionem
1500 1345 1618 1401 qua
1645 1327 1915 1399 vincitur,
1948 1326 2159 1399 accipit

516 1418 660 1475 illud
691 1418 763 1474 ad
793 1417 1149 1475 desiderium
1180 1417 1597 1490 perniciosum.

584 1595 728 1653 VIII.
785 1594 922 1652 Dico
979 1594 1168 1663 vobis,
1224 1593 1349 1666 ﬁlii,
1409 1593 1565 1667 quod
1624 1592 1769 1649 hora
1822 1596 1947 1650 erat
1988 1593 2159 1665 quasi

516 1690 697 1755 sexta,
749 1684 984 1755 quando
1025 1682 1198 1739 exivit
1248 1701 1281 1739 a
1329 1698 1466 1751 me;
1517 1687 1574 1739 et
1602 1698 1706 1755 ego
1737 1698 1887 1755 genu
1921 1682 2159 1737 ﬂectens

515 1773 720 1847 (oravi)
752 1774 823 1828 ad
861 1772 1169 1829 Dominum
1200 1774 1390 1827 totum
1422 1771 1598 1838 diem,
1631 1776 1688 1826 et
1715 1775 1894 1826 totam
1928 1775 2157 1826 noctem

2263 617 2297 685 ἦ
2331 613 2590 683 παλλακὴ
2619 618 2717 669 τοῦ
2746 612 2940 689 ἀνδρός
2986 637 3102 686 σου,
3132 618 3166 686 ἡ
3199 614 3495 688 ἀντίζηλὸς
3528 638 3659 686 σου,
3701 616 3917 695 κολαεῖο

2265 724 2342 758 σει
2375 706 2485 777 (34)
2513 703 2578 758 τά
2607 704 2766 758 τέκνα
2793 725 2911 773 σου,
2942 703 3033 759 καὶ
3060 704 3314 760 ἀπολέσει
3333 707 3396 760 τὸ
3430 705 3809 779 μνημόσυνόν
3842 729 3915 761 περ

2264 791 2369 846 ἀπὸ
2397 799 2498 861 τῆς
2526 798 2650 868 γῆς.
2684 818 2711 845 ››
2746 793 2846 847 Καῖ
2897 792 3044 868 λέγει
3094 794 3229 870 πρός
3285 812 3371 868 με·
3406 819 3435 846 ‹‹
3469 795 3535 849 Εἰ
3587 793 3691 850 οὖν
3726 796 3917 871 ἀγαπᾷς

2268 901 2380 955 με;
2432 881 2585 957 ἀρκεῖ
2636 902 2728 953 μοι
2784 880 2967 956 μόνον,
3017 882 3101 937 ὅτι
3150 882 3401 957 ἀντιποιῇ
3617 892 3729 954 τῆς
3791 892 3918 953 ζωῆς

2269 991 2393 1043 μου,
2425 970 2516 1024 καὶ
2566 974 2672 1026 τῶν
2719 972 2920 1026 τέκνων
2972 991 3096 1045 μου·
3130 973 3219 1027 καὶ
3250 971 3364 1049 ἔχω
3408 970 3764 1047 προσδοκίαν
3802 976 3921 1029 ἀπο.

2265 1058 2460 1115 λαῦσαι
2506 1062 2604 1128 τῆς
2655 1058 2941 1133 ἐπιθυμίας
2993 1082 3117 1134 μου.
3154 1062 3311 1116 »Καὶ
3363 1061 3462 1116 οὐκ
3513 1060 3684 1139 ἔγνω,
3726 1063 3817 1117 ὅτι
3850 1061 3922 1116 διιᾶ

2263 1147 2354 1201 τὸν
2388 1147 2514 1203 Θεόν
2551 1168 2656 1221 μου
2697 1148 2844 1203 εἶπον
2897 1148 3089 1221 οὕτως,
3138 1150 3228 1205 καὶ
3275 1149 3403 1227 ούχὶ
3453 1148 3528 1206 δι’
3574 1152 3785 1223 αὐτήν,
3817 1154 3920 1208 Ἕὶιν

2265 1236 2367 1310 γάρ
2397 1256 2479 1298 τις
2508 1237 2695 1301 πάθειν
2727 1237 2969 1313 ὑποπὲσῃ
3014 1237 3303 1313 ἐπιθυμίας
3350 1246 3629 1313 πονηρᾶς,
3664 1242 3762 1297 καὶ
3807 1241 3923 1297 τού-

2263 1346 2344 1397 τῳ
2372 1321 2659 1401 δουλευθῇ,
2693 1326 2768 1389 ὡς
2796 1326 3033 1402 κάκείνῃ·
3066 1328 3163 1383 κᾶν
3214 1329 3409 1404 ἀγαθόν
3457 1351 3513 1384 τι
3560 1330 3812 1405 ἀκούσῃ,
3858 1331 3925 1394 εἰς

2264 1415 2327 1470 τὸ
2358 1414 2526 1478 πάθος
2558 1419 2604 1487 ᾦ
2628 1417 2851 1485 ἡττᾶται
2902 1418 3039 1492 (36),
3085 1413 3414 1491 ἐκλαμϐάνει
3466 1417 3603 1474 αὐτὸ
3638 1421 3787 1497 πρὸς
3819 1420 3922 1476 ἐπι-

2266 1502 2457 1577 θυμίαν
2489 1503 2758 1581 πονηράν.

2339 1594 2417 1650 Ι]’.
2452 1617 2480 1645 ‹‹
2528 1592 2684 1669 Λέγω
2737 1593 2886 1669 ὑμῖν,
2937 1594 3118 1667 τέκνα,
3168 1592 3251 1651 ὅτι
3301 1594 3417 1673 ὥρα
3457 1597 3526 1666 ἦν
3582 1598 3725 1653 ὡσεὶ
3780 1596 3923 1671 ἕκτη,

2267 1679 2355 1737 ὅτε
2397 1680 2617 1752 ἐξῆλθεν
2662 1683 2753 1737 ἀπ’
2807 1682 2961 1756 ἐμοῦ·
3011 1684 3165 1760 κάγὼ
3211 1684 3339 1762 γόνυ
3388 1686 3579 1749 κλίνας
3630 1689 3782 1763 πρὸς
3832 1690 3924 1746 Κύ-

2269 1792 2382 1843 ριον
2417 1770 2552 1842 ὅλην
2584 1773 2682 1841 τὴν
2732 1773 2962 1847 ἡμέραν,
3014 1774 3103 1828 καὶ
3153 1773 3289 1845 ὅλην
3327 1776 3425 1845 τὴν
3457 1774 3628 1831 νύκτα
3662 1778 3923 1852 συνάψας,

514 1864 902 1935 conjungens,
936 1861 1091 1917 circa
1153 1860 1480 1916 diluculum
1550 1860 1773 1917 surrexi
1806 1860 2157 1933 lacrymans,

2274 1861 2390 1937 περὶ
2446 1861 2538 1915 τὸν
2594 1857 2787 1937 ὄρθρον
2846 1863 3070 1933 ἀνέστην
3130 1860 3373 1939 δακρύων
3431 1866 3521 1920 καὶ
3584 1866 3765 1921 αἰτῶν
3835 1868 3919 1922 λύ-

513 1957 570 2009 et
599 1956 802 2025 petens
851 1950 1253 2007 liberationem
1306 1950 1378 2006 ab
1419 1950 1705 2023 Egyptia.
1743 1951 1804 2005 In
1836 1950 1951 2004 {ine
1980 1949 2160 2021 igitur

2274 1970 2462 2027 ερωσιν
2492 1950 2597 2005 άπὸ
2645 1953 2742 2020 τῆς
2789 1950 3110 2028 Αἰγυπτίας.
3153 1952 3319 2015 Τέλος
3361 1952 3450 2008 οὖν
3485 1952 3922 2029 ἐπιλαμϐάνετειί

516 2040 902 2113 apprehendit
952 2056 1082 2095 mea
1130 2039 1499 2110 vestimenta,
1548 2037 1831 2095 violenter
1859 2037 2158 2093 attrahens

514 2145 608 2186 me
639 2130 709 2185 ad
742 2128 1141 2185 concubitum.
1177 2129 1247 2186 Ut
1278 2128 1457 2200 igitur
1496 2128 1615 2183 vidi
1662 2128 1813 2199 quod
1860 2127 2159 2183 insaniens

514 2218 703 2275 tenuit
754 2217 1099 2273 vestimenta
1154 2233 1304 2285 mea,
1364 2217 1561 2273 nudus
1617 2216 1814 2287 effugi.
1873 2216 1981 2272 Illa
2025 2232 2158 2271 vero

517 2306 872 2364 calumniata
925 2313 1014 2363 est
1064 2322 1156 2362 me
1204 2306 1358 2379 apud
1410 2306 1599 2361 virum
1634 2322 1843 2360 suum:
1877 2309 1934 2360 et
1964 2303 2162 2375 injecit

519 2414 611 2453 me
642 2398 702 2452 in
734 2412 1022 2452 carcerem
1075 2396 1175 2467 qui
1227 2399 1350 2450 erat
1379 2396 1438 2449 in
1471 2395 1644 2450 domo
1680 2412 1785 2450 sua
1815 2394 2156 2467 Egyptius;

517 2490 576 2542 et
606 2486 872 2557 sequenti
903 2484 1017 2552 die,
1069 2500 1203 2539 cum
1256 2483 1610 2556 flagellasset
1638 2499 1751 2550 me,
1785 2483 1945 2538 misit
1978 2498 2067 2537 me
2098 2481 2157 2536 in

517 2589 805 2630 carcerem
855 2572 1196 2628 Pharaonis.
1246 2576 1310 2627 Et
1358 2589 1492 2627 cum
1540 2572 1770 2626 vinctus
1812 2573 2067 2642 jacerem
2099 2571 2159 2625 in

517 2663 919 2735 compedibus,
950 2666 1193 2734 Egypta
1238 2661 1531 2717 infirmata
1572 2666 1659 2717 est
1690 2661 1905 2729 dolore,
1937 2666 1991 2716 et
2022 2678 2158 2715 aus-

516 2752 777 2809 cultabat
798 2752 963 2821 mihi,
990 2750 1237 2822 qualiter
1258 2750 1492 2822 hymnis
1512 2749 1825 2805 laudabam
1845 2750 2157 2804 Dominum

514 2841 573 2896 in
599 2842 769 2896 domo
792 2840 1188 2909 tenebrarum,
1213 2842 1269 2894 et
1289 2837 1461 2894 hilari
1484 2855 1620 2894 voce
1646 2840 1909 2911 gaudens
1940 2838 2159 2910 glorifi-

515 2928 719 2985 cabam
743 2928 925 2983 Deum
961 2944 1154 2982 meum
1195 2925 1408 2995 solum,
1452 2928 1607 2999 quod
1648 2943 1751 2999 per
1774 2928 1965 2998 (hanc)
1995 2944 2158 2983 occa-

515 3018 740 3074 sionem
773 3016 1080 3072 amovebar
1110 3016 1182 3071 ab
1212 3016 1499 3088 Egyptia.

587 3110 684 3161 1X.
741 3129 769 3158 ‹‹
815 3105 1109 3161 Multoties
1160 3104 1320 3161 misit
1368 3105 1440 3160 ad
1472 3121 1581 3173 me,
1618 3104 1856 3161 dicens:
1891 3104 2159 3177 Digneris

516 3196 761 3268 implere
807 3194 1160 3250 desiderium
1209 3194 1474 3266 (meum),
1516 3198 1571 3249 et
1598 3193 1855 3249 liberabo
1885 3198 1939 3250 te
1970 3211 2002 3249 a
2031 3193 2155 3249 vin-

2271 2060 2376 2113 μου
2428 2044 2535 2095 τῶν
2595 2040 2871 2114 ἱματίων,
2915 2042 3067 2113 ’μετὰ
3127 2040 3247 2117 βίας
3307 2041 3655 2121 ἐφελκομένη
3725 2066 3798 2118 με
3856 2047 3921 2107 εἷς

2267 2128 2560 2186 συνουσίαν.
2615 2133 2701 2192 Ὡς
2761 2126 2853 2183 οὖν
2915 2127 3053 2184 εἶδον
3114 2128 3195 2185 ὅτι
3258 2130 3560 2204 μαινομένη
3616 2140 3821 2207 κρατεῖ
3867 2136 3921 2190 τέ

2267 2217 2458 2291 ἱμάτιά
2514 2239 2617 2291 μου
2650 2263 2664 2289 ,
2723 2218 2926 2295 γυμνὸς
2987 2217 3178 2297 ἔφυγον
3212 2260 3225 2274 .
3288 2220 3514 2292 Κάκείνη
3595 2220 3921 2300 ἐσυκοφάν-

2264 2306 2397 2377 τησὲ
2456 2328 2523 2379 με
2579 2308 2713 2382 πρὸς
2770 2308 2859 2362 τὸν
2933 2306 3100 2382 ἄνδρα
3157 2307 3360 2379 αὐτῆς·
3419 2311 3509 2365 xxi
3564 2307 3809 2367 ἐνέϐαλέ
3866 2334 3924 2383 με

2268 2395 2345 2458 εἷς
2404 2393 2650 2474 φυλακὴν
2704 2395 2755 2449 ἐν
2816 2394 2950 2470 οἷ’κῳ
3008 2397 3169 2452 αὐτοῦ
3232 2399 3260 2453 6
3319 2399 3645 2475 Αἷγύπτιος’
3711 2402 3808 2455 καὶ

2268 2485 2388 2557 ἑξῆς
2440 2486 2692 2558 μαστῖξας
2750 2507 2836 2559 με,
2886 2484 3091 2559 ἔπεμψὲ
3143 2507 3209 2558 με
3254 2487 3328 2549 είς
3401 2488 3499 2556 τὴν
3552 2488 3787 2560 εἱρκτὴν
3836 2494 3918 2544 toi

2269 2576 2470 2650 Φαραώ
2522 2577 2657 2647 (37).
2705 2580 2789 2636 Ὡς
2837 2572 2926 2630 οὗν
2978 2573 3129 2648 ἤμην
3181 2576 3233 2630 ἐν
3277 2573 3486 2645 πέδαις,
3544 2580 3578 2646 ἡ
3647 2580 3924 2654 Αἷγυπτὲι

2266 2661 2478 2733 ἠσθένει
2527 2663 2631 2717 ἀπὸ
2677 2666 2775 2732 τῆς
2830 2663 3031 2734 λύπης,
3081 2664 3171 2718 καὶ
3226 2664 3533 2741 ἐπηκροᾶτό
3591 2688 3707 2739 μου
3748 2713 3762 2737 ,
3819 2675 3924 2727 πῶς

2268 2750 2469 2825 ὕμνουν
2519 2752 2609 2805 τὸν
2664 2750 2860 2826 Κύριον
2913 2752 2963 2806 ἐν
3015 2750 3149 2825 οἷειῳ
3197 2754 3443 2824 σκότους,
3494 2755 3586 2809 καὶ
3645 2755 3704 2810 ἐν
3765 2758 3925 2829 ἱλαρᾷ

2269 2844 2421 2918 φωνῇ
2454 2841 2662 2917 χαίρων
2715 2838 2962 2913 ἐδόξαζον
3001 2842 3092 2896 τὸν
3141 2842 3266 2897 Θεόν
3320 2865 3426 2915 μου
3477 2843 3675 2916 μόνον,
3721 2846 3811 2900 ὅτι
3846 2844 3923 2900 διὲ

2266 2931 2583 3007 προφάσεως
2613 2928 2945 3005 ἀπηλλάγην
2969 2938 3069 3000 τῆς
3105 2931 3417 3008 Αἰγυπτίας.

2339 3108 2411 3161 Θ’.
2452 3129 2478 3161 ι
2504 3105 2781 3170 Πολλάκις
2813 3105 3020 3183 ἔπεμψε
3067 3108 3202 3185 πρός
3258 3130 3343 3182 με,
3396 3108 3649 3186 λέγουσα·
3688 3137 3721 3164 (‹
3757 3111 3921 3167 Εὐδό-

2270 3217 2435 3266 κησον
2486 3194 2773 3272 πληρῶσαι
2823 3198 2921 3265 τῆν
2973 3197 3279 3271 ἐπιθυμίαν,
3329 3199 3418 3253 καὶ
3478 3198 3755 3275 λυτρώσω
3822 3205 3925 3275 (38]

518 3285 689 3354 culis,
721 3289 776 3340 et
807 3284 1049 3355 eripiam
1085 3287 1139 3338 te
1170 3300 1238 3338 ex
1266 3283 1522 3338 tenebris
1548 3298 1562 3337 :
1592 3304 1620 3333 ››
1672 3286 1729 3338 et
1760 3300 1947 3354 neque
1973 3299 2160 3354 usque

2274 3306 2329 3339 σε
2383 3290 2489 3339 τῶν
2550 3284 2783 3358 δεσμῶν,
2842 3285 2931 3341 καὶ
2988 3284 3285 3357 ἀπαλλάξω
3345 3308 3400 3342 σε
3455 3292 3554 3342 τοῦ
3606 3290 3867 3352 σκότους·
3902 3316 3923 3338 υ

521 3376 593 3429 ad
617 3374 998 3445 cogitationes
1026 3370 1298 3427 inclinavi
1330 3372 1401 3427 ad
1428 3387 1578 3427 eam.
1604 3371 1806 3444 Diligit
1827 3372 1982 3427 enim
2006 3372 2160 3427 Deus

522 3477 658 3518 eum
688 3462 899 3535 magis,
932 3462 1033 3533 qui
1064 3461 1124 3517 in
1156 3460 1287 3516 lacu
1316 3462 1688 3517 tenebrarum
1713 3461 1948 3531 jejunat
1979 3462 2035 3516 in
2069 3477 2163 3517 ca-

523 3549 738 3620 stitate,
771 3566 948 3621 quam
981 3566 1116 3605 eum
1168 3549 1267 3621 qui
1314 3548 1374 3604 in
1412 3549 1573 3605 cellis
1604 3549 1898 3622 penuariis
1928 3550 2166 3622 opipare

524 3638 873 3694 luxuriatur.
936 3639 1039 3704 Qui
1101 3643 1300 3694 autem
1354 3638 1413 3693 in
1469 3639 1734 3694 castitate
1780 3639 1919 3693 vivit
1964 3645 2021 3694 et
2046 3639 2168 3694 vult

523 3726 792 3799 gloriam,
833 3730 892 3782 et
936 3727 987 3781 si
1040 3727 1264 3783 noverit
1291 3726 1655 3795 Altissimus,
1687 3729 1839 3799 quod
1875 3728 2164 3799 expediat,

521 3816 728 3872 tribuit
756 3815 806 3871 ei
839 3819 895 3871 et
924 3815 1064 3882 haec,
1093 3815 1590 3887 quemadmodum
1622 3821 1677 3872 et
1707 3816 1871 3871 mihi.
1909 3816 2164 3883 Quoties,

523 3904 791 3978 quamvis
824 3904 1139 3975 infirmata,
1172 3904 1474 3959 descendit
1503 3904 1575 3959 ad
1610 3921 1701 3960 me
1744 3906 2077 3971 immature,
2110 3908 2167 3960 et

523 3993 745 4049 audivit
791 4008 992 4049 vocem
1041 3991 1153 4047 mei
1204 3992 1479 4048 orantis?
1522 3991 1852 4065 intelligens
1894 4010 2028 4048 vero
2059 4009 2163 4065 ego

523 4082 779 4155 suspiria
825 4083 974 4153 ejus,
1026 4080 1185 4137 silui.
1238 4081 1463 4136 Etenim
1511 4099 1643 4136 cum
1692 4099 1849 4136 eram
1901 4082 1957 4136 in
1990 4082 2163 4137 domn

522 4173 670 4242 ejus,
704 4171 946 4225 nudavit
976 4169 1214 4226 brachia
1245 4187 1371 4237 sua,
1404 4175 1461 4225 et
1503 4175 1757 4242 pectora,
1787 4175 1843 4226 et
1873 4170 2068 4236 tibias,
2103 4174 2166 4226 ut

520 4259 838 4315 inciderem
889 4259 949 4314 in
996 4276 1123 4314 eam
1153 4276 1165 4314 :
1204 4258 1370 4314 valde
1401 4258 1553 4313 enim
1588 4263 1713 4314 erat
1742 4258 2006 4329 pulchra,
2042 4276 2162 4314 ma-

520 4348 792 4419 ximeque
823 4352 1049 4415 ornata,
1077 4352 1143 4402 ut
1172 4363 1264 4402 me
1294 4347 1605 4419 deciperet.
1653 4348 1721 4402 Et
1750 4347 2035 4403 Dominus
2064 4364 2164 4402 cu-

523 4436 760 4493 stodivit
791 4453 883 4492 me
912 4453 946 4492 a
977 4436 1282 4493 conatibus
1313 4437 1461 4507 ejus.

2270 3374 2367 3427 Καὶ
2401 3371 2526 3428 οὐδὲ
2554 3371 2656 3435 ἓως
2686 3373 2906 3429 ἐννοιῶν
2936 3372 3122 3429 ἕκλινα
3170 3376 3305 3451 πρὸς
3354 3374 3543 3447 αὐτήν.
3579 3378 3801 3453 Ἀγαπᾷ
3832 3379 3919 3451 γάρ

2273 3464 2301 3518 6
2334 3462 2463 3525 Θεὸς
2499 3461 2709 3536 μᾶλλον
2736 3465 2826 3517 τὸν
2861 3462 2912 3517 ὲν
2962 3461 3147 3536 λάκκῳ
3197 3464 3421 3527 σκότους
3450 3466 3793 3535 νηστεύοντα

2273 3549 2324 3604 ἐν
2387 3551 2706 3629 σωφροσύνῃ
2740 3596 2754 3621 ,
2810 3553 2845 3621 ἢ
2899 3553 2988 3607 τὸν
3050 3551 3101 3607 ἐν
3166 3553 3411 3626 ταμείοις
3469 3559 3769 3631 τρυφῶντα

2280 3640 2412 3713 μετὰ
2470 3639 2779 3702 ἀκολασίας.
2829 3646 2883 3694 '0
2934 3638 2990 3696 δὲ
3032 3641 3082 3696 ὲν
3141 3642 3462 3719 σωφροσύνῃ
3523 3640 3734 3720 διάγων
3792 3644 3921 3708 θέλει

2274 3728 2362 3783 καὶ
2412 3726 2589 3802 δόξαν,
2638 3728 2727 3784 καὶ
2787 3730 2832 3784 εἰ
2889 3728 3029 3785 οἶδεν
3088 3732 3116 3786 6
3174 3731 3452 3805 ’¹ὶ’ψίστος,
3500 3730 3585 3786 ὅτι
3646 3735 3920 3811 συμφέρει,

2274 3816 2502 3895 παρέχει
2556 3817 2699 3891 αύτῷ
2746 3818 2835 3873 καὶ
2883 3823 3048 3874 ταῦτα
3096 3821 3230 3892 (41),
3285 3820 3359 3882 ὡς
3415 3820 3610 3893 κάμοί.
3679 3826 3918 3891 Ποσάκις,

2272 3906 2466 3983 καίπερ
2527 3906 2835 3977 άσθενοῦσα,
2884 3907 3073 3981 κατῄει
3128 3908 3263 3982 πρός
3326 3929 3393 3981 με
3451 3907 3502 3962 ὲν
3567 3909 3790 3985 ἀωρίᾳ,
3847 3910 3918 3963 καὶ

2272 3992 2472 4065 ἤκουσε
2527 4001 2627 4064 τῆς
2687 3997 2871 4072 φωνῆς
2923 4017 3026 4069 μου
3082 3996 3529 4073 προσευχομένου
3565 4018 3580 4067 ;
3614 4001 3818 4055 συνιὼν

2275 4083 2378 4160 ἐγὼ
2407 4082 2534 4146 τοὺς
2566 4084 2894 4159 στεναγμοὺς
2948 4084 3133 4156 αὐτῆς,
3185 4084 3474 4143 ἐσιώπουν.
3530 4086 3635 4143 Καὶ
3689 4089 3793 4164 γάρ
3842 4090 3916 4141 ὅτε

2272 4171 2426 4245 ἤμην
2487 4171 2537 4227 ἐν
2585 4173 2664 4243 τῷ
2714 4170 2849 4245 οἴκῳ
2899 4172 3088 4245 αὐτῆς,
3148 4173 3385 4247 ἐγύμνου
3442 4175 3569 4235 τοὺς
3629 4177 3916 4252 βραχίονας

2272 4260 2459 4330 αὐτῆς,
2493 4262 2581 4315 καὶ
2620 4260 2684 4315 τά
2715 4260 2923 4337 στέρνα,
2973 4262 3061 4316 καὶ
3110 4262 3203 4324 τὰς
3259 4264 3493 4335 κνήμας,
3519 4261 3616 4317 ἵνα
3668 4267 3916 4338 σομπέτω

2273 4349 2349 4412 είς
2382 4349 2569 4419 αὐτήν
2602 4348 2740 4403 πάνυ
2783 4349 2885 4425 γάρ
2916 4351 2981 4419 ἦν
3034 4349 3226 4425 ὡραία,
3282 4350 3517 4423 μάλιστα
3567 4355 3914 4427 κοσμουμένη

2272 4438 2405 4514 πρὸς
2435 4437 2697 4507 ἀπάτησίν
2731 4460 2856 4511 μου.
2890 4438 2989 4495 Καὶ
3024 4440 3051 4493 6
3084 4439 3283 4515 Κύριος
3316 4438 3544 4517 ἐφύλαξὲ
3581 4462 3651 4514 με
3684 4442 3797 4497 ἀπὸ
3827 4447 3912 4495 τῶν

2274 4526 2686 4603 ἐγχειρημάτων
2720 4526 2910 4597 αὐτῆς.

592 4614 661 4669 Χ.
698 4611 959 4668 «Videte
1017 4610 1215 4683 igitur,
1276 4612 1378 4667 ﬁlii
1438 4612 1575 4680 mei,
1635 4617 1854 4686 quanta
1895 4618 2160 4686 operatur

2348 4618 2401 4673 I'.
2438 4641 2465 4667 ‹‹
2497 4621 2680 4690 Ὀρᾶτε
2719 4616 2831 4682 οὖν,
2875 4616 3035 4671 τὲκνα
3086 4637 3211 4690 μου,
3262 4616 3402 4671 πόσα
3447 4621 3841 4694 κατεργάζεται
3885 4622 3909 4685 ἡ

523 4702 895 4770 sustinentia,
919 4706 976 4757 et
996 4701 1177 4757 oratio
1200 4716 1329 4756 cum
1348 4700 1598 4772 jejunio.
1642 4703 1707 4757 Et
1742 4719 1843 4758 vos
1883 4703 2081 4775 igitur,
2114 4704 2164 4759 si

522 4791 898 4848 sobrietatem
930 4794 987 4845 et
1017 4788 1345 4845 castitatem
1378 4790 1693 4845 transeatis
1729 4790 1787 4844 in
1816 4791 2167 4848 sustinentia

523 4885 579 4937 et
607 4877 940 4935 humilitate
972 4878 1186 4948 cordis,
1236 4878 1523 4934 Dominus
1567 4877 1858 4934 habitabit
1886 4878 1947 4934 in
1977 4881 2161 4951 vobis,

521 4969 797 5041 quoniam
846 4966 1047 5023 dilexit
1088 4966 1481 5022 sobrietatem.
1519 4967 1625 5022 Ubi
1655 4984 1787 5023 vero
1817 4967 2041 5024 habitat
2066 4968 2164 5025 Al-

519 5056 810 5124 tissimus,
843 5054 950 5111 etsi
981 5054 1195 5127 aliquis
1242 5054 1463 5109 incidat
1513 5056 1571 5109 in
1600 5055 1899 5129 invidiam,
1932 5056 2017 5113 vel
2043 5074 2163 5114 ser-

590 5269 704 5342 (33)
733 5267 1016 5342 ’Πξηθῷν.
1050 5267 1220 5342 Οιηὶε.
1241 5268 1420 5342 (iam.

735 5336 1054 5415 βολαφίσει.
1091 5335 1425 5415 ζονᾼδυλίσει,
1480 5355 1704 5415 pugnos
1736 5339 2042 5412 impinget.
2077 5341 2159 5398 ID.

591 5411 703 5483 (35)
735 5411 854 5483 Ὀτι
882 5411 1154 5482 ἄντιποιῇ,
1185 5412 1579 5478 Ἀντιποιῇσαι.
1618 5411 1700 5470 ID.

736 5481 1305 5555 ᾯλήττᾷταιξυθθεῐ.
1342 5485 1420 5537 ID.

615 5548 705 5622 37)
757 5548 865 5628 ξῩήν
924 5552 1139 5627 εἱρκτὴν
1196 5558 1305 5628 τοῦ,
1354 5548 1598 5628 Φιοραῶ.Δ
1638 5558 1736 5628 lta_
1775 5555 2065 5628 emendo,
2094 5572 2163 5609 ex

523 5640 635 5678 ms.
669 5624 1008 5719 00.2.30an.
1044 5642 1145 5719 pro
1185 5626 1407 5719 quibus
1443 5624 1695 5719 antehac
1726 5625 2023 5719 legebatur
2056 5627 2158 5680 ite-

522 5710 690 5753 rum:
726 5692 983 5762 Φυλάκην
1042 5692 1092 5750 ἑν
1153 5692 1289 5769 οἷςιῳ
1342 5695 1504 5750 αὐτοῦ
1562 5697 1589 5750 ὁ
1621 5692 1941 5769 Αἰγύπτιος.
1978 5700 2058 5753 ID.
2091 5728 2161 5738 ——

2277 4705 2555 4779 ὑπομονὴ,
2588 4705 2676 4759 καὶ
2721 4707 2754 4774 ἡ
2806 4705 3087 4781 προσευχῆ
3148 4706 3282 4778 μετὰ
3327 4705 3592 4776 νηστείας.
3627 4710 3741 4764 Καὶ
3775 4710 3909 4782 ὑμεῖς

2274 4793 2388 4861 οὗν,
2424 4792 2508 4847 ἐάν
2542 4794 2639 4862 τὴν
2687 4792 3040 4871 σωφροσύνην
3086 4793 3181 4848 καῖ’
3226 4796 3326 4862 τὴν
3359 4794 3572 4869 ἁγνείαν
3626 4797 3909 4870 μετέλθητε

2275 4881 2326 4936 ἐν
2378 4882 2630 4955 ὑπομονῇ
2679 4881 2768 4935 καὶ
2815 4882 3131 4936 ταπεινώσει
3188 4880 3433 4958 καρδίας,
3492 4883 3700 4958 Κύριος
3755 4906 3911 4940 κατοι-

2273 4972 2429 5040 κήσει
2476 4970 2527 5024 ἐν
2577 4970 2724 5041 ὑμῖν,
2764 4968 2845 5023 ὅτι
2894 4969 3143 5045 ἠγάπησε
3184 4972 3283 5040 τήν
3332 4972 3716 5049 σωφροσύνην.
3754 4978 3906 5027 Ὅπου

2274 5056 2329 5112 δὲ
2358 5063 2601 5113 κατοικεῖ
2650 5059 2677 5113 6
2724 5061 3004 5134 Ὕψιστος,
3050 5061 3144 5113 κᾶν
3195 5080 3278 5121 τις
3328 5059 3591 5135 περιπέσῃ
3640 5061 3901 5137 φθόνῳ,ἧ

2274 5272 2612 5329 Emendatio
2663 5273 2901 5329 minime
2951 5276 3093 5329 forte
3142 5275 3524 5342 admittenda,
3577 5276 3627 5331 si
3680 5293 3816 5332 cum
3845 5277 3901 5329 iis

2272 5362 2400 5417 quae
2432 5347 2501 5399 de
2532 5345 2798 5417 [Egyptia
2827 5347 3021 5417 statim
3057 5348 3412 5414 subduntur,
3453 5348 3807 5404 conferatur.

2342 5418 2453 5489 (38)
2488 5415 2759 5489 Λυτρώσω
2802 5415 2983 5470 Λύσω.
3018 5418 3197 5489 GRAD.

2342 5484 2461 5561 (39)
2532 5484 2888 5561 Νηστεύοντα.
2970 5487 3295 5542 Πιστεύοντα
3373 5505 3673 5561 perperam
3747 5490 3900 5545 habet

2272 5561 2397 5614 cod.
2432 5559 2611 5613 Oxon.
2649 5559 2729 5613 In.

2342 5632 2453 5705 (40)
2482 5633 2812 5705 TPD?(.DVTC1.‘
2832 5628 3106 5705 Βασιλέων
3142 5631 3272 5687 add.
3310 5632 3432 5687 cod.
3472 5632 3650 5689 Oxon.
3687 5633 3765 5689 ID.

2341 5698 2453 5773 (41)
2484 5698 2678 5757 Ταῦτα.
2712 5698 2939 5771 Ταύτην.
2974 5704 3055 5759 ID.
