4046 6350
121 458 271 518 H33

1335 454 1934 527 TESTAMENTUM
1980 459 2301 527 JOSEPH.

3371 468 3526 533 1134

112 586 348 660 δουλείᾳ,
379 593 414 659 ἢ
450 588 778 668 συκοφαντίᾳ
824 591 958 666 (42),
1010 589 1204 667 Κάριος
1252 594 1281 649 6
1319 594 1371 648 ἕν
1403 592 1549 667 αύτῷ
1576 615 1743 649 κατοι-

1873 596 2139 666 vitutem,
2172 597 2261 654 vel
2291 598 2674 671 calumniam,
2718 599 3003 656 Dominus
3033 600 3133 673 qui
3166 602 3226 657 in
3258 603 3385 675 ipso
3419 604 3526 662 ha-

107 683 237 750 κῶν,
292 676 381 734 διὰ
426 681 527 749 τὴν
575 680 924 758 σωφροσύνην
976 681 1038 736 ού
1092 681 1256 755 μόνον
1308 682 1367 737 ἐκ
1417 687 1524 738 τῶν
1578 688 1759 739 κακῶν

106 766 311 841 ῥύεται,
344 766 491 823 ἀλλά
535 771 626 824 καὶ
673 770 823 844 ὑψοῖ,
870 770 959 825 καί
1011 768 1216 842 δοξάζει
1266 772 1443 845 αὐτὸν,
1476 773 1550 834 ὡς
1580 773 1746 845 κάμέ.

104 857 325 919 Πάντως
354 857 456 933 γὰρ
488 858 516 912 6
548 855 855 933 ἄνθρωπος,
887 860 923 929 ἢ
957 858 1008 914 ἐν
1060 856 1224 936 ἔργῳ,
1257 862 1292 929 ἢ
1344 861 1395 915 ἐν
1430 860 1603 935 λόγῳ,
1632 862 1666 929 ἢ
1702 860 1752 916 έν

108 942 318 1017 διανοίᾳ
348 948 663 1023 συνέρχεται
694 950 827 1020 (43).
862 949 1223 1003 Γινώσκουσιν
1275 951 1332 1003 οἱ
1368 947 1594 1027 ἀδελφοί
1628 972 1754 1023 μου,

103 1039 215 1096 πῶς
245 1036 498 1110 ἠγάπησέ
541 1057 609 1109 με
653 1037 682 1090 6
730 1039 908 1111 πατήρ
962 1059 1084 1111 μου·
1118 1039 1208 1093 καὶ
1259 1038 1367 1114 ούχ
1416 1038 1669 1112 ὑψούμην
1704 1038 1755 1093 ἐν

101 1127 163 1196 τῇ
208 1122 402 1200 καρδίᾳ
451 1144 578 1197 μου’
612 1124 805 1201 καίπερ
852 1128 1052 1197 νήπιος
1098 1124 1193 1199 ὢν,
1246 1126 1395 1203 εἶχον
1440 1129 1531 1182 τὸν
1579 1122 1750 1205 φόϐον

101 1216 195 1266 τοῦ
257 1218 390 1269 Θεοῦ
448 1213 501 1269 έν
560 1218 629 1288 τῇ
690 1212 897 1287 διανοίᾳ
955 1234 1085 1289 μου⁶
1150 1213 1301 1290 ᾔδειν
1360 1216 1494 1291 γὰρ,
1553 1215 1637 1271 ὅτι
1687 1217 1754 1271 τὰ

98 1300 269 1356 πάντα
322 1301 763 1378 παρελεύσεται,
822 1303 913 1359 καὶ
990 1303 1249 1381 ἐμέτρουν
1319 1304 1551 1378 ἐμαυτὸν
1588 1349 1603 1375 ,
1661 1305 1752 1359 καί

98 1389 315 1462 ἐτίμουν
348 1390 474 1453 τοὺς
507 1389 776 1469 ἀδελφούς
810 1413 934 1465 μου.
970 1393 1068 1448 Καὶ
1123 1391 1212 1448 διὰ
1238 1394 1328 1449 τὸν
1373 1389 1540 1472 φόϐον
1572 1392 1750 1448 αὐτῶν

96 1478 364 1534 ἐσιώπουν
393 1480 860 1557 πιπρασκόμενος,
897 1482 973 1555 μὴ
1006 1481 1175 1537 εἰπεῖν
1222 1488 1340 1545 τοῖς
1378 1481 1752 1556 Ἰσμαηλίταις

94 1568 152 1622 τὸ
182 1567 342 1642 γένος
374 1590 500 1642 μου,
535 1567 617 1625 ὅτι
670 1558 785 1632 οἷός
835 1570 949 1643 εἰμι
1000 1567 1213 1645 Ἰακὼϐ,
1268 1569 1461 1649 ἀνδρὸς
1509 1571 1748 1648 μεγάλου

90 1656 182 1710 καὶ
217 1654 464 1715 δυνατοῦ.

164 1746 274 1802 IA'.
310 1770 337 1797 ‹‹
367 1744 468 1799 Καὶ
499 1747 655 1819 ὑμεῖς
703 1745 795 1802 οῦν
828 1746 982 1825 ἔχετε
1022 1748 1074 1804 έν
1102 1750 1290 1826 πράξει
1332 1750 1482 1822 ὑμῶν
1509 1750 1599 1805 τὸν
1633 1752 1747 1825 (44)

89 1837 181 1886 τοῦ
232 1838 369 1888 Θεοῦ
418 1829 589 1912 φόϐον
624 1880 639 1906 ,
685 1837 775 1890 καὶ
822 1843 1017 1910 τιμᾶτε
1071 1838 1198 1900 τοὺς
1246 1836 1517 1915 ἀδελφοὺς
1573 1840 1741 1913 ὑμῶν.

91 1928 196 1984 Πᾶς
247 1923 352 1999 γὰρ
400 1926 429 1979 6
474 1929 649 1979 ποιῶν
696 1926 861 1999 νόμον
914 1927 1143 2001 Κυρίου,
1195 1928 1601 2004 ἀγαπηθήσεται
1655 1928 1746 1983 ὑπ’

86 2011 253 2066 αὐτοῦ
288 2058 301 2069 .
362 2012 567 2069 Ἐλθὼν
633 2012 725 2069 οῦν
800 2015 878 2078 εἷς
954 2013 1358 2079 Ἰνδοκολπίτας
1432 2018 1564 2089 μετᾶ
1637 2022 1745 2093 τῶν

87 2099 477 2174 Ἰσμαηλιτῶν,
530 2104 779 2179 ἠρώτουν
833 2125 918 2177 με’
972 2105 1124 2181 κάγὼ
1176 2106 1364 2175 εἶπον,
1409 2104 1491 2160 ὅτι
1538 2103 1737 2168 δοῦλός

85 2188 198 2261 είμι
236 2188 289 2260 ἐξ
324 2188 497 2263 οἴκου,
547 2190 638 2247 ’ίνα
689 2195 765 2265 μὴ
816 2192 1062 2269 αίσχύνω
1104 2195 1235 2257 τοὺς
1286 2192 1553 2272 ἀδελφούς
1603 2216 1729 2267 μου.

80 2278 236 2354 Λέγει
282 2276 342 2334 δέ
395 2302 487 2353 μοι
531 2281 558 2335 6
593 2281 792 2354 μείζων
836 2282 1032 2339 αὐτῶν·
1084 2308 1113 2337 (ι
1159 2284 1232 2338 Οὐ
1278 2284 1329 2339 εἶ
1376 2282 1598 2353 δοῦλος,
1648 2282 1732 2339 δτι

79 2367 168 2421 καὶ
201 2370 239 2437 ἡ
272 2362 395 2442 ὄψις
426 2390 521 2423 σου
556 2367 725 2441 δηλοῖ
753 2371 876 2446 περὶ
908 2376 1023 2426 σοῦ·
1060 2396 1086 2423 ››
1118 2374 1206 2427 καὶ
1256 2372 1472 2443 ἠπείλει
1509 2394 1603 2446 μοι
1631 2370 1735 2435 ἕως

83 2456 334 2513 θανάτου.
394 2459 533 2533 Ἐγὼ
588 2456 644 2513 δὲ
702 2456 913 2536 ἔλεγον,
972 2460 1057 2516 ὅτι
1108 2458 1304 2524 δοῦλος
1364 2461 1538 2517 αὐτῶν
1599 2463 1734 2534 εἰμι.

82 2546 170 2607 Ὠς
205 2543 267 2600 δὲ
314 2544 560 2619 ἤλθομεν
610 2548 686 2611 εἷς
736 2546 1029 2625 Αἴγυπτον,
1079 2552 1204 2626 περὶ
1254 2550 1389 2624 ἐμοῦ
1439 2550 1735 2627 ἐμάχοντο,

88 2634 169 2695 τίς
221 2633 494 2710 προσδοὺς
539 2636 769 2712 χρυσίον
818 2634 958 2712 λάϐῃ
1006 2660 1091 2711 με.
1146 2640 1290 2694 Διότι
1341 2646 1498 2695 πᾶσιν
1557 2638 1736 2713 ἔδοξεν

92 2722 234 2777 εἶναί
297 2744 363 2795 με
419 2724 496 2787 εἰς
554 2722 826 2800 Αἰγυπτον
902 2729 1037 2803 πρὸς
1102 2723 1402 2801 μετάϐολον
1474 2728 1738 2804 ἐμπορίας

94 2810 296 2883 αὐτῶν,
345 2808 450 2875 ἕως
499 2812 859 2891 έπιστρέψωσι
910 2815 1159 2893 φέροντες
1208 2816 1469 2893 ἐμπορίαν
1498 2861 1511 2874 .
1564 2817 1659 2872 Καὶ
1711 2818 1739 2872 6

96 2901 298 2976 Κύριος
332 2900 500 2957 ἔδωκέ
532 2925 624 2976 μοι
655 2904 816 2980 χάριν
849 2904 901 2960 ἐν
938 2905 1242 2984 ὀφθαλμοῖς
1271 2912 1366 2962 τοῦ
1410 2906 1737 2981 μεταϐόλου,

94 2992 185 3043 καὶ
236 2988 509 3046 ἐπίστευσέ
559 3013 653 3066 μοι
696 2994 785 3047 τὸν
836 2994 981 3049 οἶκον
1033 2995 1195 3050 αὐτοῦ
1228 3038 1241 3050 .
1292 2996 1396 3052 Καὶ
1447 2995 1738 3072 εὑλόγησεν

95 3077 259 3133 αὐτὸν
292 3081 319 3133 6
350 3080 546 3156 Κύριος
593 3081 645 3136 ἐν
674 3083 821 3159 χειρί
855 3106 980 3156 μου,
1012 3084 1103 3139 καὶ
1152 3084 1445 3155 ἐπλήθυνεν
1496 3084 1654 3141 αὐτόν
1686 3084 1737 3141 ἐν

94 3166 341 3242 ἀργυρίῳ
395 3170 484 3224 καὶ
530 3170 743 3245 χρυσίῳ
781 3192 793 3203 ’
845 3173 934 3227 καὶ
980 3171 1133 3248 ἤμην
1186 3176 1299 3249 μετ’
1350 3175 1513 3231 αὐτοῦ
1565 3182 1741 3249 μῆνας

90 3263 262 3331 τρεῖς,
294 3258 381 3312 καὶ
414 3259 623 3334 ἡμέρας
652 3259 826 3316 πέντε.

1865 684 2037 757 bitat,
2070 691 2310 759 prOpter
2341 687 2668 745 castitatem
2719 705 2834 744 non
2884 688 3077 745 solum
3107 707 3141 745 a
3172 690 3344 747 malis
3375 690 3520 750 libe-

1866 779 1976 842 rat,
2010 776 2111 831 sed
2144 780 2202 832 et
2232 776 2445 832 exaltat
2474 782 2532 832 et
2560 776 2844 849 gloriﬁcat
2865 776 3082 848 ipsum.
3136 778 3301 835 Sicut
3321 784 3378 836 et
3400 797 3517 838 me.

1866 862 2119 920 Omnino
2163 864 2321 921 enim
2370 865 2568 932 homo,
2622 866 2709 922 vel
2759 866 2819 922 in
2868 882 3061 937 opere,
3110 866 3197 923 vel
3228 868 3288 923 in
3318 869 3516 937 verbo,

1865 950 1952 1006 vel
1986 953 2045 1008 in
2096 954 2446 1025 cogitatione
2500 955 2851 1010 continetur.
2907 954 3279 1026 Cognoscunt
3308 956 3517 1015 fratres

1865 1040 2000 1107 mei,
2035 1041 2287 1113 qualiter
2317 1042 2520 1098 dilexit
2550 1059 2642 1098 me
2686 1048 2850 1115 pater
2880 1058 3085 1099 meus:
3118 1047 3171 1099 et
3205 1060 3320 1100 non
3354 1046 3516 1102 exal-

1862 1133 2024 1185 tatus
2055 1148 2187 1186 sum
2217 1130 2278 1187 in
2309 1133 2480 1189 corde
2532 1149 2660 1188 meo
2688 1157 2704 1200 ς
2754 1132 3023 1204 quamvis
3062 1149 3208 1205 puer
3236 1134 3511 1205 existens,

1863 1218 2149 1275 habebam
2201 1220 2471 1277 timorem
2515 1220 2616 1277 Dei
2646 1220 2706 1275 in
2736 1226 2930 1277 mente
2963 1237 3112 1277 mea.
3146 1222 3299 1281 Scivi
3331 1225 3510 1297 enim,

1861 1308 2013 1377 quod
2044 1308 2241 1365 omnia
2288 1309 2649 1379 transibunt,
2696 1314 2753 1365 et
2802 1309 3151 1366 moderabar
3194 1312 3509 1385 meipsum,

1861 1400 1918 1451 et
1946 1395 2308 1454 honorabam
2359 1400 2568 1455 fratres
2609 1415 2812 1467 meos;
2860 1402 2919 1454 et
2969 1403 3209 1471 propter
3237 1400 3509 1458 timorem

1859 1500 2062 1541 eorum
2110 1485 2246 1541 silui
2295 1486 2594 1554 venditus,
2640 1491 2707 1543 ut
2756 1503 2872 1543 non
2912 1486 3165 1544 dicerem
3196 1489 3509 1548 Ismaelitis

1857 1590 2046 1647 genus
2076 1591 2297 1643 meum,
2347 1576 2503 1647 quod
2552 1574 2711 1632 filius
2758 1591 2887 1632 esse
2932 1575 3140 1647 Jacob,
3169 1577 3279 1633 viri
3309 1580 3508 1652 magni

1857 1667 1916 1718 et
1945 1664 2221 1735 potentis.

1927 1752 2019 1809 ΧΙ.
2058 1774 2086 1803 ‹‹
2116 1757 2186 1808 Ει
2215 1770 2317 1809 vos
2365 1752 2545 1826 igitur
2574 1753 2784 1809 habete
2817 1753 2878 1808 in
2908 1757 3042 1809 actu
3071 1758 3263 1810 vestro
3300 1756 3395 1811 Dei
3427 1757 3501 1813 ti-

1857 1858 2101 1909 morem,
2134 1846 2190 1897 et
2237 1840 2519 1897 honorate
2566 1842 2778 1898 fratres
2827 1846 3073 1898 vestros.
3108 1843 3313 1899 Omnis
3347 1845 3505 1901 enim

1857 1930 1957 2001 qui
1991 1930 2130 1986 facit
2156 1929 2343 2002 legem
2380 1931 2498 2002 Dei,
2528 1930 2790 2004 diligitur
2826 1932 2898 1986 ab
2926 1932 3074 2003 ipso.
3108 1932 3364 1989 Veniens
3394 1934 3504 2006 igi-

1854 2024 1951 2074 tur
1979 2020 2050 2074 ad
2082 2019 2472 2092 Indocolpitas
2519 2037 2653 2076 cum
2701 2019 3029 2088 Ismaelitis,
3062 2020 3507 2093 interrogabant

1854 2123 1946 2163 me
1974 2126 1986 2164 :
2018 2113 2074 2163 et
2100 2124 2205 2181 ego
2238 2108 2522 2179 dicebam,
2556 2109 2711 2181 quod
2744 2124 2949 2165 servus
2980 2124 3173 2164 essem
3203 2126 3273 2165 ex
3303 2110 3502 2179 domo,

1851 2204 1916 2251 ut
1948 2214 2062 2252 non
2094 2198 2511 2254 confunderem
2558 2198 2765 2254 fratres
2795 2214 2979 2254 meos.
3009 2197 3159 2253 Dicit
3185 2213 3320 2254 vero
3352 2200 3499 2255 mihi

1850 2286 2039 2357 major
2063 2302 2305 2343 eorum:
2341 2308 2369 2337 «
2399 2286 2523 2343 Non
2556 2304 2619 2343 es
2669 2304 2893 2351 servus,
2929 2286 3207 2358 quoniam
3239 2291 3298 2343 et
3327 2303 3497 2359 aspe-

1848 2378 1980 2430 ctus
2032 2379 2168 2431 tuus
2211 2376 2467 2431 ostendit
2515 2376 2586 2431 de
2634 2380 2725 2443 te;
2761 2396 2789 2426 ››
2841 2378 2898 2430 et
2942 2374 3199 2430 minatus
3228 2378 3317 2430 est
3346 2374 3497 2431 mihi

1848 2479 2036 2534 usque
2062 2464 2133 2519 ad
2166 2469 2436 2519 mortem.
2466 2464 2581 2535 Ego
2614 2481 2746 2519 vero
2778 2463 3064 2530 dicebam,
3097 2465 3253 2535 quod
3284 2480 3489 2520 servus

1848 2551 2109 2622 ipsorum
2160 2569 2371 2608 essem.
2423 2551 2495 2607 Ut
2541 2555 2736 2608 autem
2781 2552 3049 2608 venimus
3088 2550 3149 2606 in
3178 2552 3491 2624 Egyptum

1850 2641 1919 2694 de
1950 2657 2043 2696 me
2090 2642 2484 2709 decertabant,
2511 2640 2641 2711 quis
2666 2640 2890 2696 addens
2940 2641 3286 2695 thesaurum
3331 2641 3488 2696 acci-

1849 2733 2008 2800 peret
2039 2746 2149 2785 me.
2184 2730 2317 2785 Ideo
2349 2728 2568 2801 placuit
2596 2729 2892 2793 omnibus,
2925 2732 2989 2783 ut
3017 2745 3205 2784 essem
3240 2728 3300 2784 in
3332 2730 3495 2802 Egy-

1850 2822 1948 2888 pto
1979 2819 2132 2889 apud
2166 2818 2583 2887 negotiatorem
2634 2816 3042 2889 negotiationis
3075 2817 3363 2889 ipsorum,
3396 2834 3496 2873 us-

1851 2923 2081 2978 quequo
2133 2911 2558 2962 reverterentur
2606 2906 2857 2961 ferentes
2905 2904 3380 2977 negotiationem.
3432 2905 3500 2960 Et

1852 2994 2136 3050 Dominus
2166 2995 2327 3050 dedit
2357 2994 2500 3049 mihi
2528 2994 2777 3066 gratiam
2800 2993 2859 3049 in
2883 2993 3068 3049 oculis
3092 2993 3499 3066 negotiatoris,

1850 3088 1907 3139 et
1934 3084 2181 3138 credidit
2213 3082 2357 3137 mihi
2383 3084 2625 3138 domum
2657 3100 2849 3138 suam.
2880 3083 2952 3138 Et
2980 3082 3278 3137 benedixit
3302 3081 3353 3136 ei
3385 3086 3494 3136 Do-

1851 3170 2049 3227 minus
2080 3172 2139 3227 in
2169 3188 2349 3227 manu
2399 3188 2550 3240 mea,
2600 3175 2658 3227 et
2706 3171 2967 3243 implevit
3007 3187 3141 3225 eum
3168 3172 3407 3241 argento
3440 3172 3498 3224 et

1850 3276 1992 3315 auro
2018 3284 2033 3329 ;
2063 3265 2120 3315 et
2149 3277 2310 3316 eram
2340 3276 2476 3315 cum
2506 3260 2633 3332 ipso
2679 3260 2983 3315 mensibus
3014 3260 3225 3329 tribus,
3267 3262 3325 3314 et
3370 3257 3493 3314 die-

1849 3348 1961 3405 bus
1993 3349 2274 3421 quinque.

160 3435 260 3490 IB'.
295 3456 323 3485 ι(
357 3436 485 3491 Κατ’
532 3433 733 3490 ἐκεῖνον
782 3436 839 3491 δὲ
883 3437 973 3492 τὸν
1023 3439 1208 3515 καιρὸν
1256 3440 1454 3515 παρῄει
1503 3443 1538 3511 ἡ
1590 3448 1736 3515 Μεμ-

1920 3438 2043 3493 Χ11.
2088 3460 2117 3489 ‹‹
2148 3436 2481 3493 Secundum
2531 3436 2675 3492 illud
2725 3440 2960 3508 tempus
2996 3434 3270 3491 transivit
3317 3433 3496 3490 Mem-

82 3522 184 3598 φία
217 3525 333 3595 (45)
362 3526 492 3599 γυνὴ
540 3528 637 3578 τοῦ
686 3526 914 3604 Πετεφρί
958 3529 1070 3602 (46)
1105 3530 1238 3601 μετά
1285 3527 1443 3601 δόξης
1494 3529 1741 3605 πολλῆς,

80 3611 175 3665 καὶ
236 3606 495 3667 ἐπέϐαλεν
542 3612 625 3668 ἐπ’
669 3614 768 3686 ἐμὲ
812 3616 939 3679 τοὺς
1006 3617 1321 3695 ὀφθαλμοὺς
1386 3619 1552 3689 αὐτῆς
1590 3642 1602 3655 ’
1654 3620 1736 3676 ὅτι

82 3701 243 3755 εἷπον
273 3701 410 3774 αὐτῇ
440 3702 491 3755 οἱ
524 3702 775 3777 εύνοῦχοι
806 3706 929 3782 περὶ
962 3706 1116 3778 ἐμοῦ.
1152 3706 1249 3761 Καὶ
1301 3706 1446 3783 λέγει
1475 3713 1553 3779 τῷ
1583 3706 1738 3784 ἀνδρὶ

81 3790 261 3859 αὐτῆς
294 3789 418 3862 περὶ
463 3795 560 3845 τοῦ
613 3787 939 3866 μεταϐόλου,
994 3795 1077 3850 ὅτι
1129 3794 1460 3867 έπλούτησεν
1508 3796 1559 3851 ἐν
1591 3798 1738 3873 χειρὶ

79 3881 215 3933 νέου
272 3879 421 3939 τινὸς
477 3874 731 3954 Ἐϐραίου
768 3903 780 3915 ·
844 3882 1065 3958 λέγουσι
1114 3882 1213 3953 δὲ,
1269 3884 1350 3940 ὅτι
1407 3886 1496 3941 καὶ
1552 3885 1737 3961 κλοπῇ

81 3966 325 4041 ἔκλεψαν
382 3966 541 4021 αὐτὸν
601 3969 659 4023 ἐκ
711 3977 815 4043 γῆς
875 3973 1083 4027 Χαναάν
1121 4016 1134 4029 .
1192 3974 1296 4028 Νῦν
1351 3973 1441 4028 οῦν
1509 3975 1737 4045 ποίησον

86 4060 212 4129 μετ’
245 4056 411 4110 αὐτοῦ
440 4055 636 4132 κρίσιν,
686 4057 776 4112 καὶ
822 4059 1026 4136 ἀφελοῦ
1072 4062 1163 4116 τὸν
1214 4062 1420 4117 νεανίαν
1467 4063 1541 4125 είς
1593 4064 1738 4118 οίκο-

89 4141 263 4218 ιόμον
324 4146 438 4215 (47)
488 4164 621 4200 σου’
672 4146 763 4200 καὶ
812 4145 1097 4223 εύλογήσει
1150 4170 1207 4203 σε
1251 4150 1279 4204 6
1324 4155 1431 4204 τῶν
1473 4146 1738 4227 Ἐϐραίων

79 4236 246 4304 Θεὸς,
281 4233 366 4289 ὅτι
396 4235 559 4310 χάρις
584 4233 642 4289 έκ
670 4239 767 4289 τοῦ
798 4235 1027 4312 ούρανοῦ
1064 4236 1201 4292 ἐστιν
1233 4237 1314 4292 ἐπ’
1344 4237 1510 4311 αὐτῷ.

158 4324 266 4380 Il“.
331 4344 355 4374 ι
397 4328 451 4377 '0
501 4320 557 4377 δὲ
610 4324 870 4402 Πετεφρίς
927 4328 1039 4401 (48)
1091 4326 1325 4390 πεισθεὶς
1379 4334 1497 4390 τοῖς
1556 4324 1743 4405 λόγοις

78 4412 286 4484 αὐτῆς,
336 4410 610 4467 ἐκέλευσεν
657 4413 893 4488 ἀχθῆναι
941 4414 1033 4469 τὸν
1088 4410 1415 4489 μετάϐολον,
1465 4417 1554 4470 καὶ
1594 4415 1744 4492 λέγει

76 4502 261 4573 αύτῷ·
302 4523 325 4551 ε
355 4501 415 4555 Τί
453 4506 621 4557 ταῦτα
667 4502 869 4575 ἀκούω,
922 4503 1005 4558 ὅτι
1034 4502 1285 4567 κλέπτεις
1334 4506 1513 4581 ψυχὰς
1554 4505 1612 4561 έκ
1640 4513 1745 4581 γῆς

72 4584 359 4664 Ἑϐραίων
392 4592 505 4663 (49)
546 4590 621 4652 εἷς
668 4588 862 4653 παῖδας
913 4591 1273 4665 μετεμπολῖυν
1306 4597 1416 4667 (51)
1452 4613 1465 4663 ;
1501 4621 1523 4648 ι
1562 4595 1744 4649 Πεσὼν

78 4678 182 4735 οὖν
221 4678 313 4733 ἐπὶ
361 4678 652 4755 πρόσωπον
686 4680 850 4735 αὐτοῦ
884 4681 911 4734 ὁ
947 4677 1273 4753 μετάϐολος,
1319 4679 1497 4737 ἐδέετο
1548 4681 1744 4758 λέγων·

80 4792 111 4820 ‹‹
170 4766 384 4841 Δέομαί
438 4788 574 4838 σου,
632 4767 803 4845 κύριε,
863 4768 964 4823 οὐκ
1011 4767 1134 4824 οἶδα
1176 4771 1205 4825 ’ὀ
1254 4768 1456 4846 λέγεις.
1509 4796 1537 4823 ››

79 4857 224 4935 ἔφη’
286 4880 316 4908 ‹‹
373 4855 539 4911 Πόθεν
586 4855 676 4911 οὗν
745 4859 773 4912 ὁ
839 4863 969 4920 παῖς
1018 4879 1102 4913 σοι
1153 4860 1181 4914 6
1228 4854 1528 4936 Ἐϐραῖοςς
1578 4885 1599 4911 ι
1652 4860 1750 4915 Καὶ

80 4946 270 5001 εἶπεν·
325 4968 355 4997 ‹‹
404 4945 466 4999 Ol
512 4944 859 5019 Ἱσμαηλῖται
918 4946 1212 5021 παρέθεντό
1270 4970 1363 5022 μοι
1421 4949 1605 5022 αὐτὸν,
1646 4947 1750 5012 ἕως

159 5141 289 5215 (42)
344 5140 431 5221 Ἠ.
501 5141 866 5221 συκοφαντίᾳ,Δ
936 5145 1005 5200 Ἦ
1090 5142 1303 5221 σκότει,
1377 5146 1541 5202 addit
1622 5148 1749 5204 cod.

75 5212 284 5295 Oxon;
319 5212 553 5295 omissis
585 5212 968 5289 sequentibus
996 5234 1031 5274 a
1079 5212 1284 5289 Κύριος
1324 5234 1510 5289 usque
1538 5236 1751 5295 σωφρο-

77 5287 283 5353 σύνην.
320 5286 492 5341 GRAB.

322 5356 674 5433 EBvéEXmaL.
712 5356 1003 5433 Συνέχεται
1035 5376 1149 5433 ms.
1190 5361 1354 5433 Trin.
1387 5362 1467 5433 ID_.

188 5427 289 5505 44)
342 5427 543 5505 Πράξιεὶ
588 5429 754 5505 ’ὑμῶν
810 5427 927 5487 τόν·
990 5429 1140 5505 Πάσῃ
1196 5431 1385 5505 πράξει
1445 5430 1596 5502 ὑμῶν
1648 5431 1755 5503 πρὸ

76 5496 408 5569 ὀφθαλμῶν
440 5499 553 5553 τόν.
586 5496 664 5557 Ili.

76 5560 302 5700 1,(45).
342 5570 583 5648 mm)“.
635 5574 852 5652 Μεμφῖς
901 5577 935 5645 ἡ
989 5571 1296 5645 ἐλλακπίνη
1340 5575 1439 5628 τοῦ
1464 5574 1753 5651 πεντεφρῆ.

113 5660 177 5698 D.

113 5660 177 5698 ο.

162 5712 294 5790 (46)
339 5713 586 5788 Πετεφρί.
642 5716 726 5790 Ita
773 5718 845 5786 is,
895 5720 995 5790 qui
1046 5719 1105 5773 in
1149 5716 1635 5790 Hebraaqdicitur
1658 5723 1761 5773 P0-

76 5786 320 5862 tiphar,
353 5786 592 5841 vocatur
620 5806 654 5843 a
684 5789 817 5845 LXX
841 5786 1014 5864 juxta
1058 5789 1362 5864 exemplar
1390 5787 1757 5861 Vaticanum,

1848 3526 2066 3599 phitica
2095 3526 2307 3582 mulier
2334 3525 2603 3598 Petephri
2634 3542 2764 3579 cum
2799 3524 2985 3596 gloria
3016 3523 3222 3594 multa,
3256 3526 3313 3578 et
3342 3521 3493 3594 inje-

1848 3616 1928 3672 cit
1947 3632 2125 3688 super
2146 3632 2237 3671 me
2259 3614 2456 3671 oculos
2480 3632 2622 3671 suos
2646 3631 2659 3682 ;
2702 3614 2982 3685 quoniam
3023 3612 3291 3668 dixerant
3309 3611 3361 3667 ei
3391 3628 3491 3667 eu-

1848 3704 2027 3758 nuchi
2060 3704 2132 3759 de
2189 3720 2301 3759 me.
2352 3703 2421 3758 Et
2468 3702 2612 3757 dicit
2658 3701 2779 3757 viro
2831 3718 2939 3757 suo
2990 3701 3061 3757 de
3115 3700 3493 3773 negotiatore,

1847 3792 2004 3864 quod
2036 3792 2255 3847 ditatus
2285 3795 2442 3847 esset
2470 3790 2529 3846 in
2562 3807 2742 3847 manu
2772 3791 3008 3862 juvenis
3048 3789 3358 3861 cujusdam
3393 3788 3497 3843 Ile-

1848 3880 2025 3936 braai:
2069 3880 2274 3935 dicunt
2318 3896 2472 3948 vero,
2523 3880 2678 3951 quod
2729 3880 2884 3935 furto
2925 3878 3102 3935 furati
3134 3880 3329 3933 essent
3357 3891 3493 3931 eum

1848 3971 1918 4025 de
1948 3975 2103 4024 terra
2132 3969 2426 4024 Chanaan.
2458 3968 2625 4023 Nunc
2653 3984 2789 4039 ergo
2819 3968 2908 4023 fac
2938 3982 3070 4022 cum
3096 3962 3491 4036 eojudicium,

1848 4063 1906 4114 et
1933 4057 2098 4113 aufer
2116 4058 2394 4128 juvenem
2420 4056 2479 4110 in
2508 4057 2970 4127 dispensatorem
3003 4059 3169 4107 tuum
3196 4069 3211 4120 ;
3245 4054 3303 4107 et
3323 4050 3497 4105 bene-

1849 4147 2003 4202 dicet
2031 4146 2134 4201 tibi
2167 4146 2319 4201 Deus
2343 4145 2740 4211 Hebraeorum,
2763 4143 3038 4215 quoniam
3061 4139 3248 4213 gratia
3268 4155 3337 4195 ex
3351 4136 3495 4195 ccelo

1848 4240 1937 4291 est
1966 4235 2025 4289 in
2058 4235 2206 4307 ipso.

1920 4324 2069 4379 XIII.
2106 4346 2133 4373 ‹‹
2168 4322 2468 4395 Petephris
2494 4321 2631 4378 dero
2672 4337 3030 4393 persuansus
3059 4317 3254 4376 verbis
3283 4314 3494 4389 ipsius,

1845 4413 2028 4485 jussit
2057 4412 2267 4468 adduci
2299 4410 2742 4483 negotiatorem,
2772 4414 2827 4466 et
2857 4409 2998 4465 dicit
3028 4408 3079 4464 ei
3104 4424 3117 4465 :
3148 4431 3175 4459 «
3204 4406 3350 4473 Quid
3376 4405 3501 4461 hac

1854 4502 2051 4570 audio,
2101 4501 2255 4573 quod
2305 4500 2519 4555 furaris
2571 4499 2800 4554 animas
2829 4515 2898 4554 ex
2927 4503 3081 4553 terra
3104 4496 3497 4561 Hebraeorum,

1855 4591 1914 4645 in
1948 4590 2145 4662 pueris
2176 4587 2494 4643 vendendis
2525 4588 2637 4659 (50)
2663 4587 2690 4641 ‘l
2724 4609 2752 4636 ››
2786 4588 3009 4643 Cadens
3039 4585 3219 4659 igitur
3239 4580 3497 4655 negotia-

1856 4684 1948 4735 tor
1976 4679 2034 4734 in
2060 4678 2266 4733 faciem
2288 4693 2478 4747 suam,
2501 4677 2851 4748 precabatur
2870 4675 3071 4730 dicens
3095 4691 3109 4730 ς
3143 4696 3171 4723 ‹‹
3198 4673 3403 4728 Precor
3422 4672 3499 4736 te,

1586 4756 1642 4827 Ὁ
1692 4768 1751 4826 δὲ
1780 4809 1826 4836 η
1859 4768 2113 4835 domine,
2148 4783 2261 4821 non
2294 4763 2426 4820 novi
2449 4763 2589 4836 quid
2613 4764 2779 4820 dicis.
2811 4786 2832 4813 ι
2861 4763 2963 4818 Ille
2983 4778 3115 4817 vero
3138 4759 3220 4816 ait
3243 4776 3257 4816 :
3284 4778 3313 4808 (ι
3337 4756 3502 4812 Unde

1780 4809 1828 4875 D

1860 4858 2043 4930 igitur
2070 4856 2175 4911 tibi
2206 4872 2352 4927 puer
2388 4853 2664 4909 Hebraeus
2685 4852 2713 4908 ?
2744 4875 2773 4903 »
2820 4857 2890 4908 Et
2920 4850 3063 4907 dixit
3090 4868 3104 4906 :
3134 4872 3162 4901 «
3196 4844 3504 4904 Ismaelitas

1861 4945 2419 5003 commendaverunt
2449 4941 2593 4997 mihi
2624 4941 2846 5013 ipsum,
2875 4955 3182 5013 usquequo
3212 4938 3503 4994 revertan-

1861 5142 1974 5200 nisi
2007 5140 2156 5213 quod
2190 5144 2225 5208 ῆ
2258 5136 2385 5213 loco
2419 5136 2436 5190 ἰ
2465 5135 2671 5213 habet,
2692 5136 2775 5192 In.

1960 5207 2046 5281 47)
2078 5207 2401 5281 Οἶκονόμον.
2434 5207 2615 5261 Οἶκονσ
2652 5209 2733 5262 ID.

2078 5280 2358 5359 Πετεφρίς.
2391 5282 2724 5359 [ζεντεφρῆβ.
2757 5284 2840 5334 ID.

2078 5347 2625 5429 ΊξϐρὸιίωνηΧαναάἶί⁸
2662 5352 2744 5429 In.
2829 5420 2847 5429 -
3290 5413 3304 5429 .
3455 5410 3468 5429 ε

1938 5411 2049 5498 (50)
2107 5411 2188 5480 ιη’
2218 5426 2403 5498 pueris
2457 5422 2780 5498 ιιεηιίείηάίδζ
2823 5420 2885 5474 1η
2929 5435 3127 5491 pueros
3165 5413 3421 5484 vendens,
3452 5411 3511 5466 id

1866 5492 1957 5557 est
1989 5492 2047 5552 in
2080 5492 2277 5553 servos
2304 5495 2422 5567 sive
2453 5492 2726 5567 famulos.
2761 5492 2866 5567 In._
2897 5564 2919 5567 Μ
3129 5560 3164 5567 ‘_
3303 5556 3317 5567 _
3401 5554 3414 5567 ,

1868 5642 1881 5654 .
1938 5570 2059 5654 (51)
2115 5562 2511 5654 ξετεμπολῶν.
2592 5558 2964 5654 Ἀοπεμπολιῶο
3024 5556 3519 5654 rectiusml‘egih}:

1866 5625 2086 5697 in‘cod.
2123 5625 2301 5694 Oxon.
2334 5637 2530 5707 Neque
2573 5625 2743 5707 enimi
2777 5635 3016 5707 verbum
3053 5625 3422 5705 μετεμπολάω
3458 5628 3516 5681 in

1868 5712 1988 5770 ullo
2019 5714 2299 5783 scriptore
2326 5706 2539 5780 legisse
2572 5706 2835 5762 memini.
2871 5711 2951 5764 lo.
