4046 6350
528 394 681 453 1135

1508 388 1750 453 TESTA
1773 391 2035 451 ΜΕΝἹἾ⁵
2090 386 2197 451 XII
2242 384 2951 454 PATRIARCHARUM.

3796 390 3933 453 1:35

525 532 640 581 tur.
673 550 695 579 ι
732 526 800 580 Et
829 541 943 581 non
974 524 1220 581 credidit
1259 526 1349 582 ei:
1401 525 1501 582 sed
1543 525 1724 596 jussit
1793 525 2019 579 nudum
2073 524 2175 579 ﬂa-

2301 522 2354 575 οὗ
2414 519 2797 597 ἐπιστρέψωσι.
2848 546 2877 575 ››
2926 521 3027 577 Καὶ
3077 521 3176 577 οὐκ
3226 521 3524 580 ἐπίστευσεν
3577 521 3758 598 αὐτῷ’
3823 524 3937 579 ἀλλ’

527 614 731 688 gellari
761 630 916 669 eum.
970 614 1308 669 Sustinente
1356 631 1488 670 vero
1533 630 1621 681 eo,
1653 614 1797 669 dixit
1827 612 2167 684 Petephris:

529 726 557 755 ‹‹
590 704 1207 773 Adducaturjuvenis.
1236 726 1261 752 »
1288 705 1352 758 Et
1378 704 1653 758 inductus
1676 702 1999 775 supplicavi
2023 702 2173 773 prin-

528 792 642 865 cipi
673 792 1119 861 cunuchorum;
1167 792 1375 848 tertius
1424 791 1578 848 enim
1627 796 1752 847 erat
1800 792 1858 846 in
1890 792 2174 864 dignitate

530 882 684 954 apud
716 881 1100 949 Pharaonem,
1133 882 1405 953 princeps
1450 881 1713 936 omnium
1747 880 2172 952 eunuchorum,

531 971 756 1026 habens
787 986 1018 1041 uxores,
1050 974 1107 1025 et
1135 971 1515 1037 concubinas,
1549 975 1607 1025 et
1638 969 1806 1026 filios.
1839 970 2057 1025 Etcum
2081 984 2174 1025 me

534 1074 801 1115 seorsum
834 1059 1117 1129 duxisset,
1152 1059 1333 1114 dixit:
1386 1082 1413 1110 «
1446 1060 1655 1114 Servus
1706 1076 1789 1129 es,
1821 1076 1893 1113 an
1926 1057 2117 1114 liber?
2149 1080 2169 1108 ιι

533 1152 589 1204 et
621 1147 921 1203 dicebam:
960 1169 987 1196 «
1020 1148 1249 1203 Servus.
1286 1172 1308 1201 ι
1346 1149 1415 1203 Et
1454 1148 1595 1204 dicit
1628 1148 1810 1203 mihi:
1848 1169 1876 1197 «
1907 1148 2085 1219 Cujus
2116 1165 2178 1203 es

534 1252 736 1294 servus
757 1237 784 1291 7
813 1259 834 1289 ι
872 1236 940 1290 Et
970 1236 1097 1292 dico
1128 1236 1216 1293 ei:
1261 1259 1288 1286 «
1322 1235 1775 1292 Ismaelitarum.
1816 1258 1843 1285 ››
1876 1237 1942 1292 Et
1973 1254 2178 1291 rursus

537 1326 681 1382 dixit
712 1324 864 1380 mei:
901 1347 928 1375 ‹‹
963 1324 1222 1388 Qualiter
1251 1325 1513 1397 ipsorum
1546 1326 1732 1381 factus
1764 1342 1825 1381 es
1867 1342 2067 1381 servus
2090 1324 2117 1378 ?
2150 1346 2178 1373 ››

535 1415 605 1471 Et
624 1414 891 1470 dicebam
918 1432 930 1471 :
958 1436 985 1463 ‹‹
1010 1414 1296 1478 Quoniam
1317 1430 1384 1470 ex
1408 1418 1562 1470 terra
1600 1414 1873 1470 Chanaan
1915 1417 2182 1469 emerunt

538 1519 652 1560 me.
690 1526 711 1553 ι
749 1502 847 1557 Ille
876 1520 1008 1559 vero
1038 1520 1154 1559 non
1186 1503 1451 1571 credidit,
1484 1503 1721 1559 dicens:
1751 1526 1779 1553 ‹‹
1812 1502 2076 1561 Mentiris
2103 1520 2115 1572 ;
2151 1524 2179 1552 ››

538 1598 595 1651 et
624 1593 846 1649 nudum
871 1592 1055 1663 jussit
1086 1609 1179 1648 me
1205 1592 1506 1665 ﬂagellari.

608 1681 745 1737 XIV.
801 1703 829 1731 «
888 1680 1263 1753 Memphitica
1317 1698 1451 1738 vero
1505 1681 1650 1737 vidit
1708 1697 1810 1754 per
1868 1682 2182 1737 fenestram

541 1787 634 1826 me
668 1769 1046 1841 flagellatum,
1080 1773 1136 1825 et
1183 1769 1363 1825 mittit
1392 1771 1462 1825 ad
1493 1770 1684 1825 virum
1717 1787 1911 1838 suum,
1942 1771 2178 1825 dicens:

543 1881 570 1910 «
604 1860 895 1929 Injustum
924 1863 1012 1914 est
1048 1859 1341 1929 judicium
1391 1863 1582 1926 tuum,
1632 1859 1912 1931 quoniam
1944 1865 2001 1913 et
2032 1859 2181 1913 furto

543 1952 849 2020 abreptum
899 1949 1149 2005 liberum
1208 1950 1403 2022 punis,
1456 1956 1519 2005 ut
1566 1950 1782 2020 injuste
1831 1955 2185 2023 agentem.»

544 2038 651 2094 Ubi
699 2042 894 2093 autem
946 2055 1061 2093 non
1110 2038 1462 2094 commutavi
1525 2040 1766 2093 verbum
1835 2038 2183 2111 ﬂagellatus,

539 2128 717 2199 jussit
749 2127 1031 2183 custodiri
1062 2144 1174 2194 me,
1210 2144 1516 2200 usquequo
1548 2128 1806 2196 veniant,
1840 2127 1942 2197 ait,
1966 2127 2188 2183 domini

542 2216 728 2289 pueri.
755 2217 820 2271 Et
842 2232 986 2270 uxor
1006 2217 1134 2287 ejus
1156 2216 1296 2271 dicit
1326 2216 1376 2271 ei
1404 2234 1417 2271 :
1455 2239 1483 2267 «
1516 2217 1759 2288 Propter
1790 2216 1926 2287 quid
1961 2216 2186 2273 detines

542 2303 835 2376 captivum
870 2303 1123 2358 nobilem
1166 2320 1435 2375 puerum,
1490 2320 1665 2376 quem
1713 2305 1970 2376 oportuit
2000 2304 2188 2376 magis

543 2392 710 2464 solvi,
743 2398 801 2448 et
833 2392 1102 2448 famulari
1128 2392 1281 2447 tibi?
1310 2413 1337 2445 ιι
1372 2392 1570 2448 Voluit
1602 2393 1757 2448 enim
1792 2410 1882 2448 me
1912 2393 2106 2449 videre
2128 2392 2185 2448 in

544 2482 832 2538 desiderio
863 2480 1119 2553 peccati;
1170 2486 1226 2537 et
1274 2482 1617 2554 ignorabam
1666 2482 1737 2536 de
1768 2482 2041 2537 omnibus
2072 2481 2185 2538 his.

546 2570 645 2626 Ille
699 2587 833 2626 vero
892 2570 1037 2625 dixit
1093 2570 1516 2642 Memphitica:
1581 2592 1610 2621 «
1659 2571 1784 2626 Non
1842 2569 1978 2626 licet
2033 2572 2188 2643 apud

545 2659 860 2733 Egyptian,
894 2664 1027 2715 ante
1074 2660 1469 2715 ostensionem
1517 2660 1730 2715 auferri
1769 2658 1977 2715 aliena.
2013 2682 2041 2710 »
2076 2662 2188 2716 Hoc

549 2748 692 2803 dixit
722 2748 791 2803 de
823 2748 1217 2820 negotiatore;
1251 2752 1307 2803 et
1337 2748 1405 2803 de
1437 2764 1550 2820 me,
1584 2748 1858 2820 quoniam
1890 2748 2063 2805 debui
2094 2749 2187 2804 in-

549 2835 750 2892 clusus
782 2837 987 2893 teneri.

619 2926 739 2981 XV.
773 2947 801 2976 «
833 2925 970 2982 Post
997 2925 1200 2998 viginti
1229 2940 1362 2981 vero
1393 2929 1449 2981 et
1479 2930 1729 2998 quatuor
1760 2926 1885 2983 dies
1906 2933 2189 2984 venerunt

549 3013 895 3083 Ismaelitae;
947 3018 1002 3069 et
1051 3014 1190 3086 quia
1236 3014 1597 3081 audiverant,
1631 3016 1785 3086 quod
1816 3016 1993 3071 Jacob
2027 3021 2190 3089 pater

549 3119 717 3159 meus
756 3104 1025 3159 tristatur
1072 3103 1141 3159 de
1171 3118 1285 3170 me,
1320 3104 1594 3159 dixerunt
1624 3105 1807 3161 mihi:
1847 3128 1867 3155 α
1899 3105 2044 3171 Quid
2077 3109 2184 3176 est,

549 3194 701 3265 quod
735 3192 930 3249 dixisti
963 3193 1216 3264 teipsum
1243 3210 1471 3248 servum
1505 3209 1631 3249 esse
1653 3188 1689 3248 ?'
1715 3198 1772 3249 et
1814 3210 1944 3251 ecce
1975 3211 2185 3267 cogno-

2282 610 2529 667 ξκέλευσε
2585 614 2789 689 γυμνὸν
2838 612 3126 667 τύπτεσθαι
3184 612 3377 671 αὐτόν.
3435 615 3834 688 Ἐπιμένοντπ
3892 614 3937 668 ξι

2280 700 2467 771 αὐτοῦ,
2520 700 2662 777 λέγει
2714 703 2741 755 ὁ
2784 701 3075 780 Πετεφρίς.
3132 727 3153 753 ι
3209 703 3467 779 Ἀχθήτω
3516 707 3630 777 (52)
3682 705 3709 758 ὁ
3775 706 3941 758 “mf-

2283 810 2432 850 σκος.
2467 813 2495 840 ››
2526 790 2626 843 Καὶ
2676 789 2946 867 εἰσαχθεὶς
3000 790 3373 867 προσεκύνησα
3399 791 3480 865 τῷ
3524 793 3937 868 ἀρχιευνούχερ·

2280 878 2462 951 τρίτος
2492 878 2595 954 γὰρ
2624 881 2688 948 ἦν
2722 879 2773 934 ἐν
2808 880 2928 951 ἀξίᾳ
2955 881 3101 954 παρᾶ
3129 885 3208 952 τῷ
3241 882 3467 957 Φαραὼ,
3500 879 3688 958 ἅρχων
3730 885 3940 937 πάντων

2282 971 2390 1021 τῶν
2447 966 2747 1042 εὐνούχων,
2798 964 2941 1044 ἔχων
2990 975 3279 1045 γυναῖκας,
3333 970 3425 1024 καὶ
3482 970 3811 1037 παλλακὰς,
3869 972 3943 1025 κιέ

2283 1050 2462 1110 τέκνα.
2502 1056 2604 1112 Καὶ
2654 1053 2991 1133 διαχωρίσας
3027 1079 3093 1130 με
3140 1058 3230 1112 ἀπ’
3278 1057 3466 1130 αὐτοῦ,
3501 1059 3639 1117 εἶπε.
3682 1083 3703 1111 ι
3743 1061 3945 1121 Δοῦλος

2288 1144 2355 1216 εἶ,
2406 1146 2441 1213 ἢ
2493 1144 2777 1222 ἐλεύθερος
2808 1165 2822 1215 ;
2853 1169 2882 1198 »
2908 1147 2997 1201 γαὶ
3052 1147 3222 1202 εἶπον·
3261 1172 3289 1200 ‹‹
3324 1148 3554 1210 Δοῦλος.
3588 1173 3619 1201 ››
3666 1151 3771 1205 Καὶ
3809 1150 3945 1224 λέγει

2287 1232 2424 1305 πρός
2457 1252 2541 1307 με·
2579 1258 2607 1285 ‹‹
2634 1234 2785 1297 Τίνος
2817 1234 2889 1289 εἴη
2916 1232 3115 1298 δοῦλος
3148 1254 3160 1305 ;
3187 1260 3213 1287 ››
3248 1236 3339 1290 καὶ
3372 1234 3517 1313 λέγω
3564 1236 3741 1309 αὐτῷ·
3782 1264 3813 1291 ς(
3845 1244 3949 1293 Tt}:

2289 1321 2673 1395 Ἰσμαηλιτῶν.
2726 1346 2754 1375 ››
2808 1322 2909 1379 Καὶ
2954 1323 3118 1379 πάλιν
3173 1320 3323 1400 λέγει
3372 1344 3488 1396 μοι·
3532 1350 3561 1377 (ι
3596 1331 3728 1388 Πῶς
3784 1327 3948 1382 α’.)τέηκ

2290 1411 2470 1488 ἐγένου
2520 1410 2762 1480 δοῦλος;
2816 1436 2845 1463 ››
2895 1413 2984 1468 καὶ
3034 1413 3204 1468 εἷπον·
3259 1438 3289 1465 ‹‹
3336 1415 3461 1471 ’Ότι
3492 1414 3552 1469 ἐκ
3595 1419 3707 1491 γῆς
3750 1418 3948 1471 Χαναὰν

2290 1499 2542 1575 ἐπρίαντό
2579 1521 2665 1574 με.
2698 1524 2728 1554 ‹‹
2757 1502 2813 1555 '0
2847 1498 2903 1556 δὲ
2950 1502 3237 1573 ἠπίστησε,
3280 1503 3483 1579 λέγων,
3516 1503 3599 1559 ὅτι
3635 1531 3665 1557 ‹‹
3696 1504 3892 1580 ψεύδῃ·
3926 1532 3947 1555 n

2289 1590 2378 1645 καὶ
2410 1591 2613 1665 γυμνὸν
2649 1586 2897 1646 ἐκέλευσέ
2930 1613 2995 1665 με
3023 1591 3335 1656 τύπτεσθαι.

2364 1680 2461 1736 ΙΔ’.
2502 1700 2524 1729 ι
2558 1680 2620 1735 Ἡ
2654 1676 2712 1733 δὲ
2742 1680 2958 1757 Μέμφις
3009 1681 3152 1756 ἑώρα
3203 1678 3292 1735 διὰ
3343 1678 3560 1758 θυρίδος
3604 1686 3951 1757 τυπνομένου

2297 1787 2421 1839 μου,
2455 1767 2543 1821 καὶ
2575 1766 2899 1822 ἀποστέλλει
2932 1769 3066 1842 πρὸς
3095 1768 3186 1823 τὸν
3234 1767 3401 1845 ἄνδρα
3447 1770 3644 1841 αὐτῆς,
3702 1771 3947 1847 λέγουσα·

2294 1880 2321 1907 ‹‹
2350 1852 2573 1917 ’Δδικός
2605 1855 2741 1911 ἐστιν
2794 1858 2828 1925 ἡ
2882 1857 3055 1931 κρίσις
3106 1878 3223 1925 σου,
3274 1858 3356 1913 δτι
3406 1858 3495 1913 καὶ
3544 1861 3641 1913 τὸν
3679 1860 3956 1917 κλαπέντα

2296 1942 2574 2020 ἐλεύθερον
2634 1950 2919 2017 τιμωρεῖς,
2979 1946 3052 2007 ὡς
3103 1943 3453 2017 ἀδικήσαντα.
3513 1972 3540 1999 ››
3601 1956 3699 2023 ,Ως
3759 1947 3822 2003 δὲ
3866 1951 3955 2005 οὖα

2293 2030 2510 2104 ἥλλαξα
2564 2032 2654 2088 τὸν
2698 2032 2858 2109 λόγον
2907 2033 3269 2108 τυπτόμενος,
3318 2035 3567 2091 ἐκέλευσε
3610 2035 3954 2116 gulam-6F,-

2295 2121 2380 2176 ναί
2431 2124 2542 2196 (53)
2596 2143 2683 2195 με,
2730 2120 2834 2184 ἕως
2881 2123 2941 2177 οὗ
2993 2119 3233 2192 ἔλθωσι,
3287 2122 3468 2200 φησὶν,
3519 2126 3573 2179 οἱ
3625 2125 3822 2202 κύριοι
3868 2132 3955 2181 τοῦ

2296 2208 2511 2273 παιδός.
2546 2211 2644 2265 Καὶ
2674 2214 2708 2281 ἡ
2736 2212 2874 2286 γυνή
2923 2210 3069 2285 λέγει
3120 2213 3257 2288 πρὸς
3307 2211 3490 2267 αὐτόν·
3528 2237 3558 2265 ο(
3588 2216 3693 2268 Διὰ
3720 2216 3780 2270 τί
3815 2217 3955 2270 συνέ-

2297 2319 2416 2375 χεις
2444 2300 2534 2354 τὸν
2584 2298 2944 2375 αἰχμάλωτον
3003 2300 3189 2375 εὐγενῆ
3240 2298 3427 2374 παῖδα,
3477 2302 3535 2356 ὃν
3586 2300 3702 2358 ἔδει
3742 2303 3955 2377 μᾶλλον

2298 2387 2481 2443 ἄνετον
2528 2388 2683 2462 εἶναι,
2732 2388 2822 2444 καὶ
2872 2389 3155 2466 ὑπηρετεῖν
3208 2411 3303 2445 σου
3346 2409 3360 2459 ;
3411 2415 3439 2441 ››
3499 2388 3673 2459 ἤθελε
3727 2395 3840 2469 γάρ
3903 2415 3957 2465 με

2300 2477 2426 2554 ὁρᾷν
2478 2476 2527 2532 ἐν
2581 2478 2734 2551 πόθῳ
2786 2478 3074 2554 ἁμαρτίας·
3126 2478 3215 2534 καὶ
3263 2478 3497 2554 ἠγνόουν
3549 2479 3602 2534 ἐν
3656 2488 3799 2536 πᾶσι
3840 2484 3958 2537 τσῇ.

2296 2586 2431 2629 τοις.
2467 2566 2527 2620 Ὀ
2577 2563 2635 2621 δὲ
2674 2566 2789 2623 εἶπε
2831 2567 2967 2643 πρὸς
3008 2568 3108 2636 τὴν
3158 2566 3391 2645 Μέμφιν
3444 2592 3473 2620 ‹‹
3503 2568 3620 2625 Οὐκ
3666 2567 3790 2625 ἔστι
3844 2573 3961 2645 παρ’

2299 2654 2658 2729 Αἰγυπτίοις,
2714 2655 2819 2732 πρὸ
2877 2652 3203 2726 ἀποδείξεως
3263 2656 3603 2734 ἀφαιρεῖσθαι
3664 2658 3739 2713 τὸ.
3800 2659 3963 2715 ﬂle-

2295 2764 2501 2819 τρια.»
2550 2749 2725 2800 Ταῦτα
2780 2743 2895 2799 εἶπε
2950 2744 3073 2820 περὶ
3129 2749 3226 2799 τοῦ
3288 2740 3619 2819 μεταϐόλου,
3682 2748 3783 2803 καὶ
3848 2752 3961 2823 tegi

2298 2833 2455 2907 ἐμοῦ,
2483 2833 2564 2890 ὅτι
2596 2838 2712 2908 (54)
2741 2829 2935 2913 ὅφειλα
2966 2833 3420 2910 ἐγκατάκλειστος
3452 2836 3605 2891 εἶναι.

2369 2924 2467 2981 IE'.
2531 2948 2558 2975 «
2595 2924 2739 2979 Μετά
2783 2921 2841 2978 δὲ
2882 2920 3049 2979 εἷειοσι
3099 2923 3359 2999 τέσσαρας
3408 2924 3618 3000 ἡμέρας
3672 2926 3861 2995 ἦλθον
3918 2930 3963 2983 οἱ

2298 3012 2640 3086 Ἰσμαηλῖται
2674 3031 2686 3044 ·
2737 3011 2825 3067 καὶ
2885 3011 3228 3084 ἀκούσαντες,
3288 3012 3370 3067 ὅτι
3434 3009 3626 3068 Ἰακὼὸ
3688 3016 3716 3069 ὁ
3781 3022 3959 3093 πατήρ

2301 3122 2405 3175 μου
2462 3106 2645 3166 πενθεῖ
2698 3100 2820 3178 περὶ
2874 3100 3029 3175 ἰμου,
3092 3098 3273 3157 εἷ’πασι
3331 3101 3471 3177 πρός
3531 3122 3617 3175 με·
3687 3127 3719 3154 κ
3777 3106 3847 3160 Τί
3885 3108 3963 3160 δτι

2299 3189 2450 3253 εἶπας
2504 3190 2743 3262 σεαυτὸν,
2796 3188 2875 3245 ὅτι
2929 3187 3126 3251 δοῦλός
3172 3188 3285 3263 εἶμι
3323 3210 3337 3260 ;
3370 3190 3457 3245 καὶ
3514 3189 3633 3246 ἰδοὺ
3685 3191 3959 3269 ἔγνωμεν,

544 3283 759 3353 vimus,
794 3283 948 3353 quod
983 3282 1138 3337 filius
1168 3298 1228 3337 es
1260 3282 1365 3337 viri
1396 3283 1593 3355 magni
1615 3283 1674 3337 in
1698 3287 1848 3338 terra
1873 3283 2182 3353 Chanaan;

2303 3278 2384 3333 ὅτι
2437 3280 2553 3341 υἱὸς
2600 3280 2647 3333 εἴ
2704 3276 2895 3354 ἀνδρὸς
2951 3276 3191 3354 μεγάλου
3245 3278 3294 3333 ἐν
3346 3283 3414 3353 τῇ
3584 3284 3836 3355 Χαναᾶν,
3881 3288 3959 3337 n‘:

548 3376 606 3427 et
635 3372 902 3428 tristatur
931 3372 1001 3427 de
1030 3375 1087 3427 te
1118 3375 1283 3443 pater
1329 3376 1469 3427 tuus
1514 3371 1574 3426 in
1607 3389 1794 3427 sacco.
1829 3394 1858 3422 »
1891 3373 1957 3427 Et
1988 3391 2196 3429 rursus

546 3460 705 3515 volui
763 3460 1093 3533 lacrymari,
1148 3465 1205 3516 et
1259 3462 1518 3516 continui
1581 3461 1897 3533 meipsum,
1959 3466 2024 3516 ut
2081 3480 2197 3518 non

550 3550 965 3606 confunderem
1019 3551 1225 3606 fratres
1271 3567 1454 3605 meos.
1504 3551 1569 3604 Et
1618 3550 1772 3605 dixi:
1831 3571 1853 3602 ι
1890 3552 2005 3621 Ego
2039 3551 2195 3607 istud

552 3655 668 3695 non
700 3638 869 3707 novi;
921 3655 1122 3694 servus
1172 3656 1325 3694 sum.
1360 3662 1388 3689 »
1422 3641 1585 3694 Tunc
1618 3640 1847 3694 inibant
1882 3640 2193 3696 consilium

550 3726 838 3782 vendendi
897 3744 1010 3794 me,
1063 3744 1135 3782 ne
1194 3727 1485 3782 invenirer
1536 3728 1594 3781 in
1647 3728 1918 3783 manibus
1970 3746 2192 3784 eorum.

553 3818 923 3886 Timuerunt,
956 3817 1112 3871 enim
1155 3816 1354 3885 Jacob,
1397 3833 1470 3871 ne
1518 3817 1731 3872 faceret
1780 3817 1838 3870 in
1880 3817 1963 3873 eis
2007 3818 2194 3874 vindi-

554 3910 708 3962 ctam
758 3904 1019 3978 periculi.
1070 3905 1351 3959 Auditum
1402 3910 1491 3960 est
1537 3905 1713 3976 enim,
1757 3907 1912 3976 quod
1946 3923 2195 3978 magnus

552 4000 707 4052 esset
732 3996 886 4067 apud
940 3995 1251 4050 Dominum
1301 3998 1358 4049 et
1405 3994 1692 4050 homines.
1729 3996 1892 4051 Tunc
1924 3996 2064 4050 dicit
2093 4013 2193 4051 ne-

549 4085 799 4158 gotiator
840 4083 959 4139 eis:
1017 4105 1039 4135 ι
1092 4083 1304 4140 Solvite
1352 4099 1443 4137 me
1494 4101 1527 4138 a
1563 4084 1787 4153 judicio
1839 4085 2127 4156 Petephri.
2166 4109 2185 4135 ιι

545 4174 897 4229 Accedentes
945 4172 1126 4245 igitur
1172 4172 1446 4245 petebant
1490 4189 1602 4243 me,
1652 4173 1958 4228 dicentes:
2014 4197 2041 4223 «
2092 4174 2191 4230 Dic

2306 3370 2489 3423 πενθεῖ
2515 3368 2637 3445 περὶ
2688 3373 2783 3423 σοῦ
2814 3369 2840 3422 6
2871 3370 3051 3443 πατήρ
3096 3388 3192 3423 σου
3238 3366 3288 3422 ἐν
3342 3367 3542 3441 σάκκῳ.
3577 3393 3607 3420 ι)
3643 3371 3755 3426 Καὶ
3803 3372 3957 3425 nili.

2305 3456 2502 3528 ἤθελον
2528 3460 2638 3531 (55)
2663 3454 3195 3534 δακρῦσαι,⁴ἐπὲσχον
3221 3455 3474 3531 ἐμαυτόν,
3493 3456 3586 3511 ’ἕνα
3612 3461 3693 3531 μὴ
3718 3460 3961 3537 αῗσχὺτεε

2306 3547 2432 3610 τοὺς
2466 3545 2733 3625 ἀδελφούς
2768 3568 2892 3620 μου.
2925 3547 3024 3600 Καὶ
3046 3545 3213 3601 εἶπον·
3246 3570 3276 3597 ‹‹
3305 3547 3447 3621 Ἐγὼ
3478 3545 3576 3601 οὐκ
3608 3545 3960 3609 οἶδενδοῦὶές

2309 3636 2444 3710 εἰμι.
2479 3660 2506 3689 ››
2538 3636 2667 3691 Τότε
2714 3634 3063 3712 βουλεύονται
3115 3632 3373 3706 πωλῆσαί
3407 3656 3496 3709 με,
3523 3632 3617 3689 ἵνα
3649 3638 3731 3708 μὴ
3770 3639 3959 3715 adpetii

2308 3725 2358 3779 ἐν
2408 3723 2593 3801 χερσῖν
2653 3724 2845 3781 αὐτῶν.
2905 3719 3227 3802 Ἐφοϐοὖντο
3277 3724 3380 3801 γὰρ
3443 3725 3534 3780 τὸν
3584 3723 3836 3796 Ἰακὼϐ,
3885 3728 3961 3780 iu

2310 3816 2384 3887 μή
2444 3817 2647 3889 ποιήσῃ
2702 3813 2752 3868 ἐν
2798 3813 2981 3875 αὐτοῖς
3026 3811 3300 3884 ἐκδίκησιν
3364 3810 3615 3868 κινδύνου
3649 3860 3659 3870 .
3688 3816 3955 3886 ’Πκούςθη

2302 3903 2402 3979 γὰρ
2434 3948 2447 3973 ,
2499 3903 2582 3958 ὅτι
2635 3904 2799 3979 μέγας
2849 3902 2959 3958 ἐστὶ
3009 3903 3157 3978 παρὰ
3204 3902 3381 3978 Κυρίῳ
3438 3902 3525 3956 καὶ
3590 3903 3954 3977 ἀνθρώποις.

2301 3992 2432 4047 Τότε
2462 3991 2609 4068 λέγει
2643 3994 2670 4047 ὁ
2705 3987 3007 4067 μετάϐολος
3037 3991 3239 4054 αὐτοῖς·
3280 4015 3303 4044 ι
3338 3992 3545 4046 Λύσατέ
3592 4015 3665 4064 με
3714 3994 3831 4049 ἀπὸ
3872 4003 3958 4063 τῆς

2300 4082 2528 4156 κρίσεως
2558 4082 2804 4160 Πετεφρί.
2860 4106 2887 4133 ››
2939 4078 3334 4157 Προσελθόντες
3385 4077 3474 4134 οὖν
3529 4079 3702 4156 ᾔτουν
3751 4105 3845 4154 με,
3878 4083 3958 4137 3i-

2300 4191 2507 4245 γοντεςο
2543 4196 2571 4223 (ι
2606 4170 2756 4242 Εἰπὲ,
2790 4170 2873 4225 ὅτι
2922 4168 2972 4224 ἐν
3023 4169 3269 4246 ἀργυρίῳ
3318 4168 3602 4245 ἠγοράσθη
3804 4176 3955 4244 ἡμῖν,

546 4263 703 4333 quod
734 4265 970 4334 argento
1022 4266 1255 4334 emptus
1302 4278 1364 4317 es
1414 4278 1448 4316 a
1495 4262 1685 4326 nobis,
1719 4265 1775 4317 et
1803 4261 1900 4317 ille
1930 4262 2182 4319 absolvet

2301 4259 2544 4323 κάκεῖνος
2574 4259 2836 4315 ἀπέλυσεν
2871 4262 2982 4335 (57)
3014 4263 3185 4334 ἡμᾶς.

544 4366 670 4406 D08.
708 4372 735 4401 ))

612 4439 754 4494 XVI.
788 4461 816 4489 ‹‹
855 4439 1227 4512 Memphitica
1271 4456 1406 4495 vero
1456 4440 1714 4496 ostendit
1764 4440 1886 4497 viro
1939 4458 2067 4509 suo,
2122 4446 2187 4497 ut

2367 4438 2459 4501 Ις’.
2501 4460 2528 4489 ‹‹
2561 4434 2839 4508 Ἐδήλωσε
2865 4434 2922 4492 δὲ
2951 4439 2985 4507 ἡ
3018 4435 3233 4515 Μέμφις
3280 4434 3359 4507 τῷ
3406 4433 3557 4514 ἀνδρὶ
3594 4437 3801 4509 αὐτῆς,
3836 4444 3957 4511 πςίο

541 4532 759 4585 emeret
789 4545 881 4584 me
906 4546 918 4585 :
955 4552 982 4580 «
1017 4529 1202 4585 Audio
1236 4530 1416 4599 enim,
1442 4530 1541 4595 ait,
1568 4530 1719 4601 quod
1743 4530 2004 4584 vendunt
2024 4547 2179 4585 eum.

2301 4524 2449 4579 χσθαί
2510 4548 2575 4599 με
2610 4546 2623 4559 ·
2684 4552 2712 4579 ‹‹
2772 4526 2983 4583 Ἀκούω
3038 4526 3189 4603 γὰρ,
3250 4525 3458 4603 φησὶν,
3518 4525 3603 4581 ὅτι
3665 4529 3949 4584 πωλοῦτιο

540 4618 611 4673 Ει
644 4619 805 4673 misit
835 4618 1171 4673 eunuchum
1202 4618 1273 4673 ad
1306 4618 1649 4683 Ismaelitas,
1683 4618 1781 4691 (et)
1816 4619 1977 4690 petiit
2007 4636 2099 4675 me
2124 4619 2182 4675 in

2301 4612 2487 4672 κύτόν.
2547 4640 2575 4669 ››
2622 4616 2722 4670 Καὶ
2770 4614 3079 4671 ἀπέστειλεν
3137 4614 3397 4691 εύνοῦχον
3454 4620 3570 4677 τοῖς
3633 4618 3950 4691 Ἰσμαηλ-

535 4708 965 4775 venditionem;
1014 4712 1071 4763 et
1116 4724 1231 4763 non
1278 4708 1479 4763 volens
1528 4709 1713 4762 facere
1763 4725 1897 4763 cum
1933 4708 2016 4763 eis
2045 4709 2179 4779 (60),

2301 4724 2409 4765 tu:
2462 4706 2597 4779 (58),
2649 4707 2832 4775 ἠτεῖτο
2892 4704 2966 4767 εἰς
3016 4705 3207 4778 πράσιν
3258 4706 3389 4777 (59)·
3444 4703 3534 4758 καὶ
3586 4705 3671 4777 μὴ
3716 4706 3947 4777 θελῄσις
4016 4764 4017 4811 γ

2289 4938 2371 4993 ris
2415 4942 2533 4994 stat
2588 4939 2836 5011 Moyses,
2898 4938 3105 5011 Genes.
3162 4954 3362 5011 xxxix,
3414 4938 3463 4992 1.
3498 4936 3720 5011 Raschi
3755 4944 3945 4995 autem

2288 5012 2520 5078 erravit,
2541 5008 3025 5066 dum—Ismaelitas
3043 5017 3098 5065 et
3115 5009 3462 5064 Madianitas
3476 5008 3711 5074 ambos,
3738 5012 3943 5067 Genes.
4016 5034 4017 5041 η

2286 5097 2496 5155 xxxvii,
2529 5082 2618 5146 ‘28,
2662 5082 3016 5149 nominatos,
3050 5083 3357 5155 distinctos
3389 5100 3423 5135 a
3451 5098 3512 5136 se
3544 5080 3811 5155 invicem
3848 5100 3941 5155 po-

2289 5153 2457 5222 pulos
2509 5156 2689 5209 l‘uisse
2739 5154 2979 5225 putavit,
3030 5170 3177 5225 quos
3226 5153 3483 5225 eosdem,
3517 5151 3793 5225 diversis
3826 5151 3945 5208 Ιίεξι

2287 5225 2649 5296 nominibus,
2702 5222 3021 5296 appellatos
3048 5222 3272 5289 'fuisse,
3318 5229 3375 5278 et
3406 5222 3615 5296 _J:idic.
3678 5240 3816 5280 νιη.
3861 5226 3943 5281 24.

2286 5295 2430 5350 bene
2453 5297 2716 5365 probavit
2737 5294 3029 5351 Abenezra
3056 5297 3111 5350 in
3144 5296 3334 5350 locum
3368 5294 3466 5349 cit.
3510 5295 3838 5365 Geneseos.
3870 5297 3941 5350 in.

2356 5363 2467 5439 (59)
2515 5370 2723 5439 ᾜτεῖτο
2756 5366 3113 5439 μεῖςγπράσιν.
3146 5366 3399 5439 ,Αῗτοῦσά
3459 5385 3524 5439 με
3572 5363 3653 5439 εἰς
3705 5363 3941 5439 διέπει-

2534 5398 2723 5420 ιιιιιιυ
2780 5398 2853 5428 ιιι,
2903 5398 2953 5420 Ἱῗ
2981 5398 3113 5420 αυιν.
3165 5398 3399 5422 ηιιυυυι
3459 5398 3524 5435 PG
3572 5398 3650 5425 εις
3705 5398 3935 5433 υιιὶεμίλ·

2279 5459 2379 5513 σιν.
2432 5436 2673 5513 Καλέσας
2723 5436 2811 5513 οὖν
2864 5438 2892 5492 ὁ
2942 5398 3341 5513 ἔρχιμάγειρος
3402 5436 3528 5497 τοὺς
3575 5436 3935 5507 Ἰσμαηλίτςς

2276 5509 2397 5578 ἤτει
2434 5530 2497 5561 διε
2528 5508 2602 5569 εἷς
2632 5508 2841 5583 πράσιν.
2879 5516 2961 5568 ID.

2348 5584 2459 5653 (60)
2494 5581 2630 5635 Cum
2676 5581 2771 5637 eis.
2820 5582 3204 5652 Subintellige
3252 5584 3620 5635 contractum
3656 5584 3933 5653 emptio-

2276 5652 2387 5721 nis,
2423 5652 2496 5708 0b
2531 5653 2997 5724 magnitudinem
3025 5654 3245 5711 scilicet
3280 5653 3475 5726 pretii,
3513 5652 3670 5725 quod
3706 5652 3929 5710 Ismae-
4016 5652 4017 5713 ἲ

2274 5726 2388 5782 litae
2420 5730 2829 5798 poposcerunt.
2874 5726 2956 5784 In.

604 4941 659 5013 (5
748 4938 1015 5013 Ἀχθήτωγ
1034 4938 1434 5013 ἌποκρισῇνττωΪ
1460 4938 1641 5013 GRAB.

604 4957 659 5013 (ἶ)
750 4957 1002 5064 ἾΑἲῖητίυ
1034 4957 1434 5011 Αποκρισητω.
1460 4957 1641 4994 υΗΑΒ.

603 5013 717 5080 (53)
750 5016 829 5084 (Pu
879 5012 1188 5084 xmeivaL.
1213 5009 1593 5084 Φυλαχθῇναι.
1630 5012 1712 5065 ID.

602 5084 717 5153 (5-4)
764 5083 902 5153 Ὁτι.
965 5085 1102 5138 Cod.
1167 5083 1349 5139 Oxon.
1379 5080 1505 5137 "hic
1554 5082 1796 5138 inserit:
1856 5080 1955 5135 Καὶ
1988 5081 2015 5135 ὸ
2046 5087 2173 5144 παῖς

530 5153 621 5208 οὗν
660 5152 886 5209 ὀφείλει.
922 5156 999 5209 ID.

601 5212 713 5295 (55)
747 5224 915 5280 Πάλιν
947 5224 1167 5295 ἤθελον.
1206 5225 1348 5276 Πάνυ
1380 5222 1574 5278 θέλων.
1611 5226 1692 5279 ID.

593 5301 704 5369 (56)
739 5298 1067 5371 ’νΗγυράσθψ
1089 5296 1359 5371 Ἐπρᾴθης
1416 5296 1660 5371 venditus
1691 5313 1744 5351 es
1778 5296 1856 5351 Io.

598 5366 712 5439 (57)
744 5366 1053 5424 “itania-av.
1088 5366 1405 5421 '.\1to)u3ou.
1439 5370 1517 5423 ID.

596 5444 707 5509 (53)
747 5441 1135 5511 Ἰσμειηλίταις.
1198 5441 1419 5495 Statuit
1478 5444 1680 5511 auctor
1739 5443 1953 5507 noster,
2011 5439 2172 5493 Jose-

526 5510 702 5585 phum
741 5510 1039 5585 Putiphari
1074 5515 1143 5567 ab
1174 5512 1481 5585 Ismaelitis
1513 5510 1811 5585 venditum
1845 5528 1992 5585 esse.
2028 5514 2166 5585 (Ton-

522 5588 610 5634 tra
646 5583 707 5636 R.
743 5581 973 5641 Salonio
1003 5585 1199 5639 Jarchi
1230 5583 1552 5654 Josephum
1588 5581 1709 5654 vult
1741 5582 1952 5652 saepius
1974 5583 2167 5636 vendi-

520 5657 668 5708 tum.
705 5656 957 5721 primum
994 5654 1320 5723 lsmaelilis,
1355 5650 1489 5709 inde
1523 5650 1876 5716 R‘Iadianitis,
1902 5657 2048 5707 etab
2077 5655 2165 5709 his

520 5724 757 5778 tandem
792 5724 1129 5796 Putipharo.
1159 5725 1375 5780 Verum
1409 5742 1443 5779 a
1470 5725 1735 5795 partibus
1759 5726 1944 5780 nostri
1970 5731 2165 5782 aucto-
