3998 6348
147 468 317 531 1137

1370 464 1616 527 TESTA
1632 465 1681 524 M
1695 462 1969 525 ENTUM
2019 464 2309 525 JOSEPH
2323 510 2336 524 .

3404 465 3563 529 H38

138 606 379 671 ποιῆσαι
429 602 541 673 μετ’
588 596 781 673 αὐτῶν,
833 594 1199 677 ἀνεχώρησεν
1233 597 1261 655 6
1293 595 1349 654 δὲ
1396 594 1657 672 εὐνοῦχος
1689 597 1773 670 (61

1916 612 2183 653 reversus
2205 602 2293 654 est
2312 599 2647 657 eunuchum
2670 618 2802 657 cum
2824 602 3107 657 tentasset
3137 616 3235 657 eos
3260 617 3274 669 ;
3306 602 3563 658 ostendit

136 688 460 764 πειρασθεῖς
506 686 701 745 αὐτῶν.
747 688 922 759 Δηλοῖ
971 686 1027 743 δὲ
1055 691 1123 762 τῇ
1165 684 1436 761 δεσποίνῃ,
1469 685 1549 741 ὅτι
1582 683 1769 753 πολλή

1909 691 2105 743 autem
2140 688 2410 757 dominae,
2444 693 2601 764 quod
2659 691 2865 763 ingens
2922 694 3120 764 petant
3168 690 3419 763 pretium
3453 709 3556 763 pro

136 778 365 833 αἰτοῦσι
412 780 579 852 τιμὴν
622 782 719 834 τοῦ
769 777 983 839 παιδός.
1033 779 1095 831 Ἥ
1147 775 1204 832 δὲ
1263 773 1572 831 ἀπέστειλεν
1617 771 1799 849 ἕτερον

135 866 433 944 εὐνοῦχον,
493 866 739 943 λέγουσα’
801 892 830 919 ‹‹
890 868 1010 923 Ἐὰν
1069 866 1159 921 καὶ
1218 863 1314 921 δύο
1376 871 1509 938 μνᾶς
1567 863 1795 939 χρυσίου

133 956 367 1026 αἰτῶσι,
415 956 652 1033 πρόσεχε
697 958 831 1030 (6‘2),
896 957 969 1029 μή
1022 955 1271 1034 φείσασθε
1324 954 1574 1031 χρυσίου,
1630 952 1793 1025 μόνον

133 1047 447 1118 πριάμενος
496 1048 608 1118 (64)
654 1045 746 1100 τὸν
794 1042 962 1099 παῖδα
1014 1043 1263 1120 ἀγάγετε.
1296 1044 1395 1098 Καὶ
1445 1040 1579 1097 δίδει
1611 1040 1795 1103 αὑτοῖς

130 1137 197 1188 π’
229 1133 489 1209 χρυσίους
517 1136 630 1207 (66)
660 1133 771 1188 ἀντ’
803 1132 957 1207 ἐμοῦ,
993 1132 1177 1188 ἑκατὸν
1207 1132 1372 1188 εἰπὼν
1422 1135 1490 1205 τῇ
1523 1130 1793 1205 Αἰγυπτίᾳ

130 1219 393 1277 δεδόσθαι
433 1223 543 1277 ἀντ’
591 1222 745 1295 ἐμοῦ.
775 1221 872 1277 Καὶ
924 1219 1051 1277 ἰδὼν
1098 1222 1208 1297 ἐγὼ
1260 1220 1559 1293 ἐσιώπησα,
1586 1218 1679 1274 ’ίνα
1713 1220 1787 1293 μή

128 1311 341 1386 ἐτασθῇ
371 1313 483 1386 (67)
515 1312 542 1366 6
575 1310 856 1387 εὑνοῦχος.

216 1406 312 1457 IZ'.
346 1425 375 1451 ι(
406 1402 612 1477 Ὁρᾶτε,
660 1399 821 1455 τέκνα
872 1420 998 1473 μου,
1046 1399 1187 1454 πόσα
1234 1399 1516 1473 ὑπέμεινα,
1565 1396 1658 1451 ’ίνα
1709 1398 1783 1469 μὴ

124 1488 488 1565 καταισχύνω
517 1489 643 1552 τοὺς
672 1486 941 1567 ἀδελφούς
995 1510 1119 1562 μου.
1171 1489 1273 1546 Καὶ
1324 1490 1476 1562 ὑμεῖς
1528 1487 1617 1542 οὗν
1667 1487 1788 1563 ἀγα-

122 1585 279 1634 πᾶτε
306 1578 610 1650 ἀλλήλους·
640 1578 692 1634 ἐν
728 1578 1075 1654 μακροθυμίᾳ
1112 1577 1471 1656 συγκρύπτετε
1518 1575 1780 1647 ἀλλήλων

121 1668 203 1723 τὰ
263 1666 657 1741 ἐλαττώματα.
706 1669 964 1745 Τέρπεται
1014 1668 1117 1745 γὰρ
1166 1668 1194 1723 ὁ
1242 1667 1368 1729 Θεὸς
1417 1666 1503 1721 ἐπὶ
1552 1664 1783 1739 ὁμονοίᾳ

120 1753 386 1834 ἀδελφῶν
415 1800 429 1825 ,
477 1757 565 1811 καὶ
609 1754 694 1812 ἐπὶ
750 1758 1059 1832 προαιρέσει
1119 1754 1341 1831 καρδίας
1390 1753 1780 1828 εὑδοκιμοὺσης

117 1846 211 1907 εἷς
253 1845 465 1920 ἀγάπην
519 1848 651 1920 (69).
684 1846 783 1900 Καὶ
832 1845 921 1901 ὅτε
968 1845 1134 1915 ἦλθον
1182 1847 1232 1899 οἱ
1280 1842 1506 1923 ἀδελφοί
1554 1865 1658 1917 μου
1704 1844 1778 1905 εἷς

1909 795 2109 849 puero.
2146 778 2249 835 Illa
2278 796 2409 836 vero
2439 781 2599 836 misit
2628 780 2875 835 alterum
2920 779 3279 848 eunuchum,
3316 780 3513 837 dicens
3541 799 3555 836 :

1910 889 1937 918 «
1970 871 2090 926 Etsi
2125 872 2272 926 duas
2304 871 2495 925 minas
2550 870 2675 925 auri
2710 869 3040 941 petiverint,
3066 868 3196 923 vide
3246 885 3317 924 ne
3350 887 3554 941 parcas

1907 975 2047 1015 auro
2103 961 2236 1033 (63);
2295 964 2523 1014 tantum
2580 976 2781 1013 emens
2828 975 3097 1029 puerum,
3157 959 3269 1013 duc
3330 959 3402 1013 ad
3459 974 3553 1015 me

1903 1045 2038 1119 (65).
2075 1070 2103 1097 ››
2136 1047 2236 1104 Ille
2290 1065 2422 1103 vero
2482 1047 2639 1102 dedit
2695 1047 2988 1118 octoginta
3047 1063 3251 1102 aureos
3298 1064 3402 1118 pro
3434 1064 3549 1116 me,

1902 1141 2136 1191 centum
2168 1137 2368 1192 dicens
2424 1137 2697 1208 [Egyptiae
2731 1138 2896 1191 datos
2929 1152 3056 1192 esse
3086 1153 3188 1207 pro
3220 1153 3329 1193 me.
3364 1138 3433 1192 Et
3461 1138 3547 1193 vi-

1902 1224 2045 1280 dens
2102 1242 2207 1297 ego
2264 1225 2422 1294 silui,
2458 1232 2520 1281 ut
2576 1242 2690 1280 non
2750 1225 3152 1297 exquireretur
3203 1226 3316 1299 (68)
3359 1243 3543 1283 cunu-

1902 1312 2073 1368 chus.

1968 1402 2133 1457 XVII.
2170 1427 2198 1453 ‹‹
2228 1404 2452 1472 Videte,
2486 1402 2587 1457 ﬁlii
2622 1403 2755 1469 mei,
2778 1408 2998 1473 quanta
3027 1404 3301 1473 sustinui,
3338 1408 3400 1459 ut
3427 1423 3543 1461 non

1896 1492 2314 1546 confunderem
2365 1494 2573 1547 fratres
2606 1508 2791 1546 meos.
2832 1493 2901 1545 Et
2952 1508 3054 1546 vos
3112 1492 3290 1563 igitur
3321 1494 3543 1565 diligite

1890 1586 2117 1635 vosmet
2147 1581 2435 1648 invicem;
2469 1581 2529 1635 in
2582 1580 3029 1651 longanimitate
3075 1580 3414 1638 abscondite
3445 1583 3544 1637 alii

1891 1668 2140 1724 aliorum
2173 1670 2451 1725 defectus.
2494 1669 2817 1725 Delectatur
2846 1669 3002 1725 enim
3037 1672 3187 1726 Deus
3214 1670 3272 1725 in
3306 1687 3540 1727 concor-

1889 1758 1984 1813 dia
2046 1759 2291 1813 fratrum
2321 1760 2385 1825 ³⁸,
2420 1764 2476 1814 et
2532 1759 2593 1813 in
2625 1757 2903 1814 electione
2960 1760 3152 1814 cordis
3218 1761 3447 1832 probati
3481 1761 3539 1817 in

1888 1846 2215 1902 dilectione.
2250 1848 2489 1911 Quando
2523 1851 2714 1902 autem
2775 1853 3064 1903 venerunt
3095 1848 3303 1904 fratres
3336 1851 3448 1904 mei
3478 1850 3537 1905 in

111 1930 438 2009 Αἴγυπτον,
490 1934 564 1996 ὡς
620 1932 850 2010 ἔγνωσαν
915 1933 997 1988 ὅτι
1047 1933 1352 2011 ἀπέστρεψα
1399 1932 1461 1987 ro‘
1517 1932 1772 2008 ἀργύριον

1892 1936 2217 2008 Ᾱίςγριυῐῐι,
2267 1941 2579 2008 postquam
2634 1941 3046 2008 cognoverunt,
3097 1938 3252 2009 quod
3311 1938 3537 1993 reddidi

113 2020 351 2091 αὐτοῖς,
407 2021 497 2077 καὶ
554 2022 655 2078 οὐκ
710 2019 960 2077 ὠνείδισα
995 2066 1008 2091 ,
1067 2020 1211 2079 ἀλλά
1265 2021 1604 2096 παρεκάλεσα
1659 2022 1722 2076 αὐ
1755 2054 1775 2063 -

106 2109 262 2173 τοὺς
320 2113 453 2185 (70),
506 2111 597 2166 καὶ
659 2112 794 2185 μετὰ
849 2112 1067 2166 θάνατον
1128 2106 1322 2167 Ἰακὼϐ
1378 2110 1772 2186 περισσοτέρως

108 2201 386 2276 ἠγάπησα
442 2198 661 2272 αὐτοὺς,
718 2199 806 2255 καὶ
864 2200 1064 2267 πάντα,
1124 2200 1222 2255 ὅσα
1277 2200 1549 2256 ἐκέλευσεν
1609 2201 1770 2272 (71),

108 2288 188 2344 ἐκ
245 2293 500 2363 περισσοῦ
554 2287 785 2358 ἐποίησα
818 2333 832 2358 ,
882 2289 971 2344 καὶ
1030 2288 1329 2363 ἐθαύμαζον
1358 2335 1370 2348 .
1429 2289 1538 2345 Οὐκ
1596 2292 1775 2367 ἀφῆκα

105 2377 231 2453 γὰρ
292 2377 475 2441 αὐτοῖς
519 2380 632 2452 (73)
684 2374 962 2451 θλιϐῆναι,
1017 2376 1122 2440 ἕως
1182 2382 1379 2455 μικροῦ
1431 2379 1770 2454 πράγματος.

110 2466 293 2541 Καίγε
345 2473 474 2538 πᾶν,
526 2467 649 2536 δῆν
700 2466 751 2521 ἐν
798 2467 946 2545 χειρί
1003 2488 1127 2540 μου,
1182 2466 1365 2529 αὐτοῖς
1423 2465 1650 2523 δέδωκα.
1711 2468 1772 2520 Οἱ

106 2555 235 2610 υἱοὶ
283 2554 456 2610 αὑτῶν
487 2601 501 2628 ,
562 2555 670 2610 υἱοί
726 2577 852 2629 μου,
910 2555 1000 2611 καὶ
1033 2557 1085 2611 οἱ
1116 2554 1223 2611 υἱοί
1274 2578 1397 2629 μου,
1456 2556 1532 2618 ὡς
1584 2553 1771 2611 δοῦλοι

107 2643 322 2700 αὐτῶν.
382 2645 444 2699 Ἡ
492 2646 644 2721 ψυχὴ
705 2644 901 2718 αὐτῶν,
961 2647 1114 2722 ψυχή
1176 2666 1307 2720 μου’
1368 2646 1457 2701 καὶ
1515 2651 1617 2701 πᾶν
1679 2642 1775 2699 ἂλ-

110 2753 285 2808 γημα
331 2732 505 2788 αὐτῶν
535 2778 549 2803 ,
600 2732 826 2810 ἅλγημά
881 2753 1007 2808 μου·
1057 2734 1146 2790 καὶ
1194 2741 1337 2789 πᾶσα
1388 2733 1628 2809 μαλακία
1673 2734 1773 2789 αὑ-

109 2828 235 2878 τῶν
272 2866 286 2893 ,
344 2821 588 2877 ἀσθένειά
642 2844 745 2895 μου
780 2866 792 2880 .
852 2824 915 2879 Ἦ
971 2831 1042 2899 γῆ
1107 2845 1255 2898 μου,
1314 2831 1385 2900 γῆ
1448 2823 1622 2878 αὐτῶν
1658 2842 1671 2857 ³
1732 2827 1768 2893 ἡ

116 2910 305 2986 βουλή
358 2933 481 2985 μου,
532 2909 708 2987 βουλή
757 2911 962 2966 αὐτῶνο
1010 2916 1098 2967 καί
1150 2912 1257 2988 οὐχ
1306 2912 1495 2987 ὕψωσα
1540 2911 1769 2984 ἐμαυτὸν

114 3000 176 3055 ἐν
241 2998 421 3060 αὐτοῖς
495 2998 547 3055 ἐν
628 2997 964 3072 ἀλαζονείᾳ,
1025 2998 1113 3055 διὰ
1186 3002 1285 3071 τὴν
1355 3001 1625 3074 κοσμικὴν
1686 2999 1770 3056 66-

114 3090 216 3161 ξαν
270 3108 394 3161 μου,
443 3086 570 3143 ἀλλ’
612 3085 766 3161 ἤμην
824 3088 874 3143 ἐν
933 3088 1117 3151 αὐτοῖς
1167 3090 1241 3152 ὡς
1298 3090 1373 3153 εἷς
1420 3094 1527 3145 τῶν
1584 3089 1771 3164 ἐλαχί-

114 3198 266 3233 στων
295 3180 427 3250 (74).

194 3270 303 3335 ]ῌ’.
344 3286 370 3318 ιι
416 3265 537 3320 Ἐὰν
589 3262 679 3319 οὖν
729 3264 821 3320 καὶ
872 3266 1025 3340 ὑμεῖς
1072 3268 1373 3341 πορευθῆτε
1418 3265 1469 3321 ἐν
1518 3272 1639 3329 ταῖς
1688 3267 1768 3321 ἐν-

1883 2028 2193 2095 argentum
2225 2024 2328 2093 eis,
2349 2030 2406 2080 et
2436 2042 2547 2080 non
2576 2026 2945 2096 exprobravi;
2980 2027 3078 2081 sed
3111 2031 3167 2081 et
3198 2027 3534 2083 consolatus

1883 2130 2015 2168 sum
2049 2130 2168 2181 eos,
2192 2118 2247 2168 et
2276 2118 2407 2185 post
2436 2118 2684 2168 mortem
2715 2114 2895 2168 Jacob
2929 2114 3327 2170 abundantius
3359 2115 3530 2171 dilexi

1883 2218 2002 2267 eos,
2036 2207 2091 2257 et
2112 2203 2308 2258 omnia
2331 2218 2714 2273 quaecumque
2733 2203 2916 2272 jussit
2937 2204 3069 2275 (72),
3090 2202 3199 2258 feci
3232 2204 3531 2259 abundan-

1882 2296 1991 2358 ter,
2024 2295 2080 2346 et
2108 2291 2568 2347 admirabantur.
2593 2292 2719 2345 Non
2740 2291 2897 2346 enim
2930 2292 3173 2363 permisi
3196 2308 3294 2347 eos
3326 2291 3527 2364 afﬂigi,

1884 2397 2070 2452 usque
2100 2382 2168 2435 ad
2201 2397 2437 2452 parvam
2471 2396 2614 2435 rem.
2641 2381 2709 2434 Et
2739 2396 2910 2436 omne
2940 2382 3093 2451 quod
3113 2384 3238 2435 erat
3268 2380 3326 2435 in
3351 2397 3529 2435 manu

1883 2484 2034 2536 mea,
2066 2467 2151 2524 eis
2183 2468 2336 2522 dedi.
2364 2466 2493 2522 Filii
2519 2466 2854 2533 eorum,ﬁlii
2875 2465 3196 2537 mei,(apud
3231 2481 3323 2521 me
3347 2466 3533 2522 habiti

1882 2557 2076 2629 sunt);
2110 2561 2167 2612 et
2189 2555 2293 2610 filii
2334 2556 2469 2624 mei,
2506 2560 2570 2610 ut
2626 2555 2773 2611 servi
2805 2572 3028 2612 eorum.
3060 2555 3272 2611 Anima
3308 2572 3531 2625 eorum,

1882 2646 2079 2701 anima
2109 2662 2273 2713 mea;
2307 2649 2364 2700 et
2393 2644 2586 2699 omnis
2647 2643 2808 2699 dolor
2837 2660 3061 2711 eorum,
3094 2642 3260 2699 dolor
3324 2660 3530 2712 meus;

1881 2739 1939 2791 et
1970 2734 2159 2789 omnis
2191 2734 2509 2789 infirmitas
2557 2750 2779 2801 eorum,
2813 2732 3127 2788 infirmitas
3175 2748 3324 2789 mea.
3357 2734 3536 2789 Terra

1882 2839 2030 2889 mea,
2064 2826 2220 2878 terra
2277 2839 2521 2889 eorum;
2572 2821 2886 2878 consilium
2944 2838 3164 2889 meum,
3217 2821 3532 2878 consilium

1881 2928 2121 2968 eorum:
2156 2918 2212 2967 et
2245 2929 2359 2967 non
2415 2910 2660 2967 exaltavi
2694 2911 2986 2983 meipsum
3030 2911 3091 2966 in
3120 2910 3203 2966 eis
3234 2910 3291 2966 in
3324 2928 3531 2984 super-

1880 3000 1994 3067 bia,
2029 3005 2266 3071 propter
2311 3002 2672 3056 mundanam
2704 2999 2948 3071 gloriam
2981 3016 3195 3072 meam,
3229 3000 3331 3056 sed
3369 3016 3531 3056 eram

1878 3088 1937 3144 in
1970 3088 2052 3144 eis
2085 3089 2237 3144 sicut
2268 3106 2422 3145 unus
2457 3089 2858 3145 minimorum.

1950 3267 2149 3323 XVIII.
2186 3290 2212 3317 «
2249 3268 2306 3322 Si
2340 3267 2516 3337 igitur
2545 3271 2601 3321 et
2630 3283 2731 3321 vos
2780 3266 3097 3323 ambuletis
3126 3268 3185 3322 in
3234 3268 3528 3324 mandatis

107 3352 318 3416 τολαῖς
347 3354 567 3431 Κυρίου,
598 3354 757 3409 τέκνα
790 3376 916 3428 μου,
963 3340 1165 3429 ὑψώσει
1214 3358 1351 3429 ὑμᾶς
1381 3356 1602 3420 ἐνταῦθα
1633 3359 1763 3430 (75),

1892 3356 2134 3425 Domini,
2178 3356 2281 3409 ﬁlii
2342 3355 2476 3423 mei,
2534 3356 2809 3410 exaltabit
2838 3372 2938 3410 vos
2970 3356 3085 3424 hic,
3118 3360 3175 3411 et
3228 3356 3529 3411 benedicet

110 3443 213 3499 καὶ
246 3441 535 3517 εὐλογήσει
585 3442 635 3497 ἐν
685 3442 906 3520 ἀγαθοῖς
957 3443 1031 3506 εἷς
1082 3445 1299 3507 αἰῶνας.
1352 3446 1448 3499 Καὶ
1502 3445 1587 3500 ἐὰν
1638 3445 1767 3520 θέλῃ

108 3554 206 3595 τις
253 3538 615 3602 κακοποιῆσαι
668 3532 827 3605 ὑμᾶς,
874 3533 1029 3606 ὑμεῖς
1078 3532 1129 3587 ἐν
1180 3534 1502 3608 ἀγαθοποιίᾳ
1547 3531 1769 3609 εὔχεσθε

111 3622 259 3696 ὑπὲρ
316 3620 479 3675 αὐτοῦ
514 3639 527 3651 ⁸
584 3620 672 3675 καὶ
728 3621 832 3676 ἀπὸ
899 3622 1096 3684 παντὸς
1140 3627 1308 3676 κακοῦ
1364 3622 1769 3697 λυτρωθήσεσθε

108 3709 211 3766 διὰ
244 3709 461 3786 Κυρίου.
494 3706 633 3767 Ἰδοὺ
665 3711 779 3783 (76)
809 3711 912 3785 γὰρ
953 3710 1130 3786 ὁρᾶτε,
1164 3711 1247 3764 ὅτι
1298 3708 1385 3765 διὰ
1428 3712 1527 3779 τήν
1565 3731 1764 3787 μακρο-

104 3796 342 3871 θυμίαν,
394 3797 484 3852 καὶ
533 3797 801 3873 θυγατέρα
850 3798 1049 3874 κυρίων
1112 3819 1215 3872 μου
1273 3801 1386 3873 (77)
1446 3795 1639 3854 ἔλαϐον
1693 3799 1769 3862 εἷς

108 3892 352 3964 γυναῖκα
383 3905 397 3920 ⁸
455 3885 546 3941 καὶ
595 3886 782 3941 ἑκατὸν
828 3886 1065 3943 τάλαντά
1125 3908 1217 3961 μοι
1271 3887 1499 3963 χρυσίου
1557 3885 1769 3944 δέδοται

115 3976 219 4033 σὺν
248 3975 405 4050 αὐτῇ·
438 3974 520 4031 ὅτι
555 3974 758 4050 Κύριός
810 3997 906 4049 μοι
956 3976 1116 4039 αὐτὸς
1166 3974 1451 4033 ἐδούλευσε
1499 3981 1630 4052 (78).
1666 3979 1769 4034 Καί

193 4085 244 4122 ⁸⁸
274 4082 446 4140 Eccli.
474 4099 606 4153 xxv,
632 4082 686 4138 2.

193 4226 338 4308 (6l)_
361 4224 763 4308 ’Avexu'ipnacw
801 4223 853 4308 _6
880 4221 969 4308 Λδὶ
1027 4223 1309 4308 εὐνοῦχος.
1362 4226 1769 4308 κζΑνεχώρησεν

115 4298 151 4353 ὁ
184 4293 449 4372 εὐνοῦχος
479 4293 668 4372 habet
714 4297 1056 4372 cod._Oxon.
1087 4293 1327 4372 emisso
1360 4293 1436 4365 δὲ,
1469 4293 1557 4354 ἣξὶ
1584 4293 1771 4372 ιὶυρε-

114 4371 329 4427 riodus
350 4368 468 4425 non
520 4369 580 4425 in
639 4369 752 4424 duo
785 4368 909 4425 cola
964 4368 1380 4440 distinguatur.
1416 4372 1549 4436 Quae
1604 4368 1772 4427 lectio

115 4442 336 4499 melior
364 4444 473 4514 est,
528 4441 849 4514 praesertim
890 4440 955 4514 si
991 4446 1273 4514 punctum
1311 4446 1442 4514 post
1470 4440 1642 4495 αὐτῶν
1673 4460 1774 4514 pe-

114 4520 323 4582 natur,
354 4517 420 4567 ut
449 4512 509 4566 in
531 4511 543 4512 7
568 4511 749 4567 Oxon.
778 4511 1006 4584 pariter
1049 4517 1105 4569 et
1161 4511 1403 4570 Cantab.
1438 4514 1631 4571 codice
1662 4511 1775 4571 fac-

110 4592 272 4643 tum.
310 4584 496 4639 Gnan.

215 4657 311 4723 62)
342 4653 605 4727 Πρόσεχε.
640 4652 932 4727 Παρὲχετε.
966 4656 1051 4710 ID.

190 4658 311 4801 i233
342 4659 422 4781 "vi

112 4798 295 4865 auro.
317 4804 427 4854 etc.
440 4838 453 4863 ,
480 4798 650 4868 juxta

196 4872 309 4942 (64)
340 4869 665 4942 Πριάμενος.
699 4869 1016 4942 Πριᾴμενοι.
1056 4872 1135 4925 ID.

196 4874 289 4940 (64
340 4874 665 4942 Πριάμενος.
699 4874 1016 4942 Πριάμενοι.
1056 4874 1135 4925 ID.

195 4874 311 5015 (65)
342 4943 458 5015 Duc
483 4940 551 4996 ad
579 4956 685 5015 me.
718 4941 1019 5015 Adducite.
1054 4946 1136 5015 1p.

371 5009 514 5088 Αίδξι
592 5009 775 5071 αὐτοῖς
822 5012 875 5065 π’
932 5012 1210 5088 χουσίους.
1271 5010 1405 5074 Δοὺς
1481 5011 1665 5074 αὐτοῖς
1725 5014 1778 5067 π’

116 5083 440 5161 Ipsaeau-
476 5086 555 5161 19:

222 5158 292 5211 67
349 5155 598 5227 Ἐτασθῇ.
655 5153 886 5227 Δίκισθῇ
916 5156 1221 5226 vapularet.
1262 5157 1340 5211 ID.

195 5157 314 5300 (68)
345 5228 764 5300 Exquireretur.
792 5228 1016 5300 Flagris
1040 5229 1340 5284 caederetur

730 4814 940 4853 raecum
964 4799 1144 4853 Oxon.
1178 4817 1255 4855 ιι).

219 5228 311 5300 68)
345 5228 764 5300 Exquireretur.
792 5228 1016 5300 Flagris
1040 5229 1375 5295 caederetur,
1399 5228 1570 5299 juxta
1598 5230 1776 5284 Grmc.

125 5300 235 5357 Ox.
274 5302 358 5355 In.

200 5372 313 5444 (69)
346 5368 592 5444 ’Δγάπηγ
621 5366 975 5444 Ἀγαθόνηῐι).

220 5376 293 5425 69
346 5376 592 5441 ’Δγάπην
621 5376 864 5444 Ἀγαθόν.
898 5376 975 5424 ID.

198 5376 313 5514 (70)
346 5436 696 5514 Παρεκάλεσα
728 5437 939 5514 αὑτοὺλς.
974 5438 1077 5494 Καί
1108 5440 1241 5496 add.
1271 5445 1353 5496 ID.

199 5508 313 5585 (71)
371 5508 705 5585 Ἐκὲλευσεν.
762 5508 1081 5585 ΪΠθέλησαν.
1145 5514 1294 5585 Lege
1352 5514 1555 5569 Genes.
1620 5532 1669 5581 L,
1718 5515 1784 5569 16

296 5372 313 5584 ξ

125 5583 323 5727 se?q.,
356 5589 414 5639 et
441 5584 562 5667 haec
592 5583 739 5667 bene
762 5583 1071 5655 intelliges.
1108 5585 1187 5639 Io.
1233 5583 1248 5585 ⁷
1458 5654 1470 5667 .

150 5726 165 5727 7
228 5656 325 5725 72)
353 5657 539 5712 Iussu.
572 5656 804 5727 Scilicet
833 5660 995 5727 pater
1023 5656 1224 5711 Jacob.
1281 5655 1391 5711 Sed
1424 5672 1470 5710 ει

228 5656 325 5725 72)
353 5657 539 5712 Iussit.
572 5656 804 5727 Scilicet
833 5660 995 5727 pater
1023 5656 1224 5711 Jacob.
1281 5655 1391 5711 Sed
1424 5655 1472 5710 si
1523 5657 1784 5712 Graecum

132 5726 321 5783 Oxon.
381 5743 721 5801 sequamur,
755 5726 881 5783 loco
933 5728 1103 5797 jussit
1156 5728 1557 5801 reponendum
1602 5729 1786 5786 volue-

130 5804 290 5867 runt,
314 5814 526 5873 nempe
553 5800 780 5857 fratres.
814 5804 895 5856 In.

1876 3439 1933 3499 in
1968 3444 2138 3499 bonis
2172 3445 2228 3498 in
2263 3443 2494 3498 saecula.
2532 3444 2598 3498 Et
2636 3443 2683 3497 si
2715 3442 2963 3498 voluerit
3004 3444 3136 3515 quis
3187 3444 3529 3500 malefacere

1875 3533 2057 3603 vobis,
2090 3550 2189 3587 vos
2219 3533 2276 3587 in
2314 3532 2669 3603 benignitate
2726 3537 2885 3587 orate
2916 3549 3018 3603 pro
3041 3549 3143 3600 eo;
3180 3538 3236 3588 et
3267 3533 3338 3588 ab
3369 3534 3528 3589 omni

1880 3620 2031 3676 malo
2064 3620 2457 3675 liberabimini
2493 3637 2595 3691 per
2645 3620 2980 3675 Dominum.
3015 3621 3157 3678 Ecce
3186 3622 3343 3677 enim
3369 3623 3528 3678 vide-

1878 3709 1974 3777 tis,
2009 3710 2162 3780 quod
2197 3713 2432 3781 propter
2460 3710 2993 3781 longanimitatem,
3023 3710 3198 3765 etiam
3221 3710 3403 3765 ﬁliam
3432 3712 3532 3766 do-

1879 3802 2172 3858 minorum
2205 3818 2469 3856 meorum
2531 3801 2725 3873 accepi
2758 3800 2816 3854 in
2876 3817 3115 3856 uxorem
3144 3820 3156 3871 ;
3207 3807 3264 3858 et
3292 3806 3527 3857 centum

1878 3891 2099 3947 talenta
2128 3890 2256 3945 auri
2289 3889 2433 3945 mihi
2466 3890 2604 3944 data
2635 3896 2771 3945 sunt
2818 3905 2950 3945 cum
2982 3905 3086 3958 ea;
3119 3890 3396 3961 quoniam
3429 3907 3527 3947 eos

1879 3979 2165 4037 Dominus
2220 3979 2361 4034 mihi
2421 3978 2638 4034 servire
2688 3978 2839 4034 fecit.
2899 3979 2964 4034 Et
3021 3978 3523 4051 pulchritudinem

1974 4230 2067 4300 73)
2098 4227 2297 4291 Αὑτοῖς
2334 4227 2567 4297 Δύτούς,
2602 4233 2683 4283 ID.

1974 4231 2067 4300 73)
2098 4231 2297 4291 Αὖτοῖς
2334 4231 2567 4297 Δύτούς,
2602 4233 2683 4283 ID.

1952 4231 2066 4373 (74)
2095 4302 2159 4356 Ἣ
2192 4307 2264 4376 γῆ
2316 4321 2535 4374 μου,....
2594 4304 2700 4353 τῶν
2732 4296 3057 4372 ἐλαχίστων,
3091 4300 3311 4357 omissa
3368 4306 3527 4360 sunt.

1884 4374 2065 4498 10275)
2086 4443 2367 4497 Ἐνταῦθα.
2402 4446 2589 4498 Deest.
2630 4443 2705 4497 In.

1974 4445 2044 4497 75
2086 4445 2367 4497 Ἐνταῦθα.
2402 4446 2589 4498 Deest.
2630 4445 2705 4497 ID.

1884 4445 2258 4641 ,13222’11636.
2314 4520 2536 4571 Desunt
2591 4515 2787 4569 omnia
2846 4529 3032 4585 usque
3084 4514 3155 4569 ad
3204 4511 3253 4568 ἐν
3298 4520 3427 4570 πᾶσι
3455 4521 3534 4588 τῷ

1903 4592 2374 4730 Ιαέῖίὶίῗδὺἳατὲρα
2430 4652 2631 4729 κυρίων
2693 4674 2815 4730 μουΪ
2852 4656 2929 4730 Ex
2985 4654 3077 4709 his
3129 4656 3319 4730 verbis
3351 4662 3527 4728 patet,

422 4727 489 4782 de
523 4705 630 4780 “ne
679 4705 890 4852 ἔιαίὲαςς
963 4743 1118 4783 auro.
1177 4729 1333 4797 Date,
1392 4744 1493 4785 nec
1567 4729 1777 4800 parcite
1809 4705 1853 4770 D
1886 4705 2477 4795 au‘ctolrem'nosrtrum
2503 4705 2510 4729 ⁸
2534 4744 2636 4797 per
2692 4705 3084 4795 I’utipharem,
3148 4729 3316 4797 cujus
3348 4705 3529 4783 Iiliani

422 4838 453 4852 ..
486 4798 650 4852 iuxta
730 4814 940 4852 raecum
964 4799 1144 4852 Oxon.
1178 4817 1255 4852 ιο.
1882 4802 2137 4852 Asenath
2169 4800 2463 4852 Josephus
2488 4797 2546 4852 in
2575 4815 2807 4852 uxorem
2841 4799 3132 4852 accepisse
3158 4799 3392 4852 dicitur.
3423 4804 3529 4852 Ge-

1882 4802 2137 4857 Asenath
2169 4800 2463 4871 Josephus
2483 4797 2546 4871 in
2575 4815 2807 4871 uxorem
2841 4799 3132 4871 accepisse
3158 4799 3392 4871 dicitur,
3423 4804 3529 4855 Ge-

1886 4890 2008 4927 nes.
2069 4869 2688 4940 xu,45,_intellexisse
2746 4870 2937 4939 ipsum
3005 4869 3396 4940 Putiphareni,
3429 4872 3529 4942 qui

1884 4944 2206 5014 Josephum
2263 4948 2505 5008 emerat,
2538 4943 2679 4996 adeo
2740 4947 2803 5014 ut
2854 4956 2946 5014 ex_
2978 4956 3160 5014 servo
3200 4958 3376 5013 gener
3405 4944 3533 5012 ejus

1888 5010 2080 5070 iactus
2106 5014 2300 5070 fuerit.
2334 5017 2396 5069 In
2422 5030 2534 5082 qua
2555 5013 2843 5067 sententia
2873 5010 3049 5066 etiam
3084 5010 3284 5067 tuit'ex
3312 5010 3533 5069 Judéis

1887 5086 1955 5143 Β.
1988 5087 2219 5142 Salomo
2267 5084 2457 5140 .larchi
2487 5102 2501 5151 ;
2534 5101 2603 5139 ex
2650 5083 2999 5139 Christianis
3058 5084 3446 5155 Hieronymus
3471 5087 3533 5141 in

1892 5160 1947 5213 h.
1981 5158 2019 5213 l.
2054 5161 2155 5213 Ast
2215 5157 2563 5212 recentiores
2623 5159 3114 5227 commentatores
3146 5172 3291 5227 quos
3323 5157 3536 5227 legisse

1890 5229 2034 5284 mihi
2064 5228 2325 5300 contigit,
2353 5244 2555 5282 omnes
2581 5228 2695 5281 fere
2728 5226 3104 5300 Putipharem
3137 5226 3403 5283 socerum
3435 5229 3536 5283 Jo-

1889 5301 2086 5381 sephi,
2116 5298 2493 5381 afutiphare
2524 5299 2776 5381 domino
2818 5300 2968 5367 ejus,
3002 5298 3299 5381 diversum
3353 5300 3536 5381 fuisse

1889 5319 2078 5425 ΒΒῨΠΙ,
2116 5319 2149 5355 a
2183 5319 2493 5381 I’ULIPDRFC
2524 5319 2760 5352 UOHIIIIO
2818 5319 2968 5367 CJUS,
3002 5319 3299 5379 (ΙΙΥΘΓΞΠΠΙ
3353 5319 3533 5355 IUISEC

1889 5389 1958 5427 vo
1991 5377 2113 5426 unt.
2148 5371 2285 5426 Mihi
2316 5388 2433 5440 1am
2476 5387 2588 5442 non
2621 5375 2785 5423 vacat
2833 5374 3162 5442 accuratius
3219 5370 3533 5442 inquirere,

1892 5444 2071 5515 cujus,
2100 5443 2220 5496 tilia
2249 5442 2425 5515 fuerit
2453 5441 2613 5510 virgo
2658 5440 2911 5515 Asenath
2943 5457 3086 5515 uxor
3113 5442 3369 5515 Iosephi,
3402 5440 3541 5515 quia

1894 5512 1976 5571 ad
2027 5514 2200 5569 aliam
2263 5512 2451 5583 magis
2520 5512 2907 5565 necessariam
2967 5512 3540 5583 adnotationem—me

1891 5592 2059 5643 vocat
2080 5585 2337 5640 melioris
2368 5582 2515 5638 notae
2548 5586 2725 5653 virgo,
2758 5584 2817 5637 B.
2856 5582 3034 5637 Maria
3067 5590 3253 5640 mater
3286 5587 3535 5654 Domini,

1895 5659 2063 5727 cujus
2092 5655 2388 5727 Josephus
2419 5655 2475 5709 in
2509 5655 2709 5709 eadem
2743 5656 2957 5726 pagina
2987 5656 3346 5713 mentionem
3379 5658 3534 5714 facit.

1896 5731 2075 5872 ID(78)
2103 5797 2273 5858 Αὐτὸς
2305 5794 2607 5852 ἐδούλευσε.
2644 5801 2787 5869 Lege
2832 5794 3026 5858 αὐτοὺς
3059 5793 3350 5855 ἐδούλωσε.
3383 5804 3464 5855 ID.
