4046 6350
496 380 651 442 1143

1482 378 2019 441 TESTAMENTA
2058 376 2166 439 XII
2210 374 2920 441 PATRIARCHARUM.

3748 378 3904 440 1144

493 511 732 587 Joseph,
759 510 949 571 vicisti
1006 510 1227 570 viscera
1277 512 1455 570 Jaccb
1478 511 1662 585 patris
1688 510 1796 567 tui.
1834 532 1862 561 »
1892 510 1963 566 Et
2015 526 2139 566 am-

2271 510 2365 583 ρῶν
2398 508 2582 580 ἡμῶν,
2609 505 2699 563 *ίνα
2732 508 2807 582 μὴ
2842 506 3134 584 λογίσηται
3181 506 3367 571 αὐτοῖς
3411 505 3635 585 Κύριος,
3667 506 3758 565 ὅτε
3790 510 3903 579 (9‘2)

498 603 738 677 plexans
769 619 927 669 eum,
962 620 1062 676 per
1090 604 1237 659 duas
1269 602 1441 658 horas
1472 602 1847 658 osculabatur
1875 616 2030 666 eum,
2057 599 2144 654 di-

498 709 673 749 cens:
715 711 737 741 ι
772 691 1283 763 Adimplebiturin
1313 696 1368 747 te
1399 690 1705 763 prephetia
1734 687 1860 744 coeli
1894 688 1963 743 de
1984 690 2147 759 Agno

498 780 600 837 Dei
631 784 687 836 et
708 780 996 836 Salvatore
1028 781 1250 851 mundi,
1275 780 1427 851 quod
1453 777 1867 833 immaculatus
1900 793 2000 847 pro
2035 775 2148 829 ini-

499 869 633 942 quis
663 869 964 939 tradetur;
1014 872 1070 925 et
1100 869 1196 940 qui
1230 868 1356 924 sine
1414 871 1646 939 peccato
1691 871 1778 921 est
1808 882 1911 937 pro
1947 863 2148 935 impiis

501 958 783 1015 morietur
834 958 893 1013 in
978 958 1263 1030 sanguine
1338 955 1719 1022 Testamenti,
1776 955 1833 1009 in
1892 953 2146 1009 salutem

500 1046 676 1104 Israel
706 1051 760 1103 et
790 1046 1054 1119 gentium
1084 1050 1141 1102 et
1185 1047 1450 1102 destruet
1498 1043 1687 1099 Beliar
1720 1048 1777 1099 et
1807 1042 2145 1098 ministran-

498 1140 587 1193 tes
616 1136 690 1192 ei.
728 1158 756 1186 ››

2255 595 2660 669 ἐνεθυμήθησαν
2719 598 2957 674 πονηρὸν
3006 595 3130 673 περὶ
3170 597 3354 655 αὐτοῦ.
3401 599 3499 653 Καὶ
3548 598 3727 660 οὕτως
3779 592 3907 653 ἐϐόα

2256 681 2472 741 Ἰακώϐο
2536 708 2563 737 ι(
2620 688 2687 740 Ὦ
2739 686 2924 742 τέκνον
3014 688 3211 765 Ἰωσὴφ
3286 691 3424 761 (93),
3505 686 3765 757 ἐνίκησας
3845 689 3909 742 τὰ

2258 772 2549 849 σπλάγχνα
2598 771 2791 832 Ἰακὼϐ
2832 780 2929 831 τοῦ
2978 776 3178 852 πατρός
3229 797 3344 830 σου.
3379 800 3406 827 ››
3440 777 3540 834 Καὶ
3590 770 3911 850 περιλαϐὼν.

2258 863 2441 935 αὐτὸν,
2492 861 2586 917 δύο
2636 863 2781 939 ὥρας
2829 862 3128 941 κατεφίλει,
3170 863 3363 941 λέγων·
3401 888 3429 917 ‹‹
3472 864 3913 941 Πληρωθήσεται

2256 950 2343 1005 ἐπὶ
2377 951 2459 1005 σοὶ
2491 952 2795 1027 προφητεία
2824 952 3056 1027 οὐρανοῦ
3086 954 3209 1028 περὶ
3240 958 3336 1008 τοῦ
3368 955 3570 1027 ’Δμνοῦ
3615 958 3720 1009 τοῦ
3751 958 3910 1017 Θεοῦ,

2255 1039 2344 1094 καὶ
2378 1046 2636 1115 Σωτῆρος
2674 1045 2772 1095 τοῦ
2819 1041 3051 1115 κόσμου,
3083 1040 3165 1096 ὅτι
3216 1040 3448 1115 ἄμωμος
3501 1043 3633 1119 ὑπὲρ
3686 1042 3911 1114 ἀνόμων

2255 1126 2714 1205 παραδοθήσεται,
2762 1129 2852 1185 καὶ
2904 1130 3283 1204 ἀναμάρτητος
3336 1132 3467 1204 ὑπὲρ
3516 1126 3729 1186 ἀσεϐῶν
3782 1131 3917 1185 ἀποο

496 1222 731 1279 θανεῖται
791 1220 842 1277 ἐν
900 1218 1089 1295 α’ίματι
1146 1218 1436 1294 διαθήκης,
1468 1219 1555 1276 ἐπὶ
1609 1218 1851 1295 σωτηρίᾳ
1903 1211 2126 1293 Ἰσραὴλ
2180 1214 2270 1269 καὶ
2316 1220 2423 1271 τῶν
2474 1217 2660 1292 ἐθνῶν,
2710 1219 2799 1274 καὶ
2846 1222 3170 1297 καταργήσει
3220 1223 3332 1295 (94)
3384 1219 3586 1297 Βελιὰρ
3637 1220 3732 1276 καὶ
3783 1220 3917 1281 τοὺς

502 1312 902 1387 ὑπηρετοῦντας
933 1310 1101 1383 αὐτῷ.
1135 1334 1164 1362 ››

574 1403 666 1459 IV.
704 1424 733 1453 «
762 1402 989 1470 Videte,
1020 1401 1145 1471 ﬁlii,
1179 1399 1310 1457 boni
1339 1400 1446 1457 viri
1476 1400 1654 1456 ﬁnem
1681 1424 1695 1468 ;
1744 1395 2062 1454 imitamini
2092 1395 2150 1450 in

504 1490 659 1547 bona
688 1494 882 1546 mente
926 1489 1386 1545 misericordiam
1441 1488 1650 1561 ipsius,
1685 1492 1747 1544 ut
1774 1491 1832 1543 et
1860 1503 1960 1543 vos
1991 1501 2153 1541 coro-

504 1578 599 1636 nis
628 1578 823 1651 glorias
852 1578 1202 1634 induamini.
1222 1582 1416 1635 Bonus
1444 1578 1619 1633 homo
1650 1594 1767 1633 non
1797 1576 1972 1632 habet
2001 1578 2155 1629 tene-

506 1667 749 1723 brosum
777 1666 1034 1736 oculum;
1068 1666 1379 1723 miseretur
1406 1665 1562 1723 enim
1591 1664 1888 1735 omnibus,
1921 1662 2153 1719 etiamsi

507 1756 623 1813 sint
655 1759 1005 1829 peccatores,
1038 1755 1306 1829 quamvis
1362 1755 1601 1811 inierint
1631 1753 1878 1811 consilia
1923 1753 1995 1807 de
2026 1752 2152 1823 ipso

509 1844 683 1901 mala.
717 1845 820 1901 Hic
877 1845 1244 1901 benefaciens
1272 1844 1450 1900 vincit
1502 1843 1745 1912 malum,
1777 1845 2071 1914 prolectus
2121 1857 2154 1896 a

507 1934 680 2003 bono,
706 1935 900 2005 justos
932 1950 1065 1989 vero
1092 1933 1301 2006 diligit,
1326 1938 1389 1989 ut
1419 1932 1678 1988 animam
1709 1949 1897 1987 suam.
1932 1930 1991 1987 Si
2022 1929 2153 2001 quis

2332 1395 2403 1451 Δ’.
2439 1419 2469 1448 κ
2500 1394 2707 1467 Ε’ίδετε,
2752 1398 2934 1467 τὲκνα,
2973 1402 3071 1453 τοῦ
3119 1398 3324 1474 ἀγαθοῦ
3373 1397 3568 1476 ἀνδρὸς
3612 1401 3680 1454 τὸ
3727 1398 3917 1459 τέλος.

2266 1485 2574 1556 μιμήσασθε
2622 1484 2675 1541 ἐν
2728 1485 2905 1561 ἀγαθῇ
2955 1483 3165 1559 διανοίᾳ
3207 1488 3306 1559 τὴν
3356 1486 3760 1565 εὐσπλαγχνίαν
3824 1487 3919 1541 a5-

2259 1569 2378 1644 τοῦ,
2420 1570 2512 1627 ’ίνα
2568 1574 2658 1629 καὶ
2718 1575 2873 1649 ὑμεῖς
2939 1575 3225 1655 στεφάνους
3285 1573 3443 1648 δόξης
3502 1578 3801 1655 φορὲσητε.
3864 1579 3920 1630 Ὁ

2263 1659 2462 1734 ἀγαθὸς
2492 1658 2769 1738 ἅνθρωπος
2801 1664 2900 1720 οὐκ
2926 1661 3044 1741 ἔχει
3093 1666 3365 1720 σκοτεινὸν
3412 1664 3720 1743 ὀφθαλμόν·
3772 1665 3923 1721 ἐλεεῖ

2262 1750 2366 1825 γὰρ
2405 1752 2628 1821 πάντας,
2658 1752 2754 1807 κᾶν
2815 1754 2944 1808 ὦσιν
3005 1753 3349 1829 ἁμαρτωλοὶ,
3380 1754 3477 1809 κᾶν
3533 1753 3921 1830 βουλεῦωνται

2262 1838 2383 1913 περὶ
2415 1838 2578 1895 αὐτοῦ
2628 1840 2703 1904 εἰς
2736 1843 2850 1914 (95)
2879 1843 3036 1900 κακά,
3070 1842 3241 1905 Οὗτος
3285 1843 3627 1917 ἀγαθοποιῶν
3680 1848 3818 1914 νικᾷ
3858 1844 3920 1897 τὸ

2262 1928 2444 2001 κακὸν,
2496 1930 2895 2003 σκεπαζόμενος
2951 1933 3064 2004 (96)
3095 1930 3200 1985 ὑπὸ
3254 1936 3350 1986 τοῦ
3403 1931 3628 2007 ἀγαθοῦ·
3665 1932 3805 1993 τοὺς
3868 1929 3922 1986 δὶ

508 2022 1012 2095 gloriﬁcatur,non
1041 2022 1283 2091 invidet;
1316 2023 1366 2078 si
1424 2021 1557 2094 quis
1608 2022 1849 2091 ditatur,
1883 2036 1999 2075 non
2029 2019 2152 2073 zelo

2271 2012 2501 2079 δικαίους
2532 2019 2732 2093 ἀγαπᾷ,
2766 2018 2839 2081 ὡς
2868 2020 2965 2088 τὴν
2998 2019 3181 2094 ψυχὴν
3228 2018 3413 2076 αὐτοῦ.
3448 2019 3566 2075 Ἐάν
3617 2041 3704 2082 τις
3757 2018 3919 2090 δοξά-

509 2115 813 2173 movetur;
845 2111 895 2165 si
926 2111 1061 2182 quis
1094 2110 1259 2166 fortis
1311 2116 1420 2181 est,
1452 2110 1607 2165 hunc
1666 2109 1887 2178 laudat;
1923 2112 2150 2163 castum

509 2197 999 2265 credens,laudat;
1030 2199 1268 2270 pauperi
1301 2198 1628 2266 miseretur;
1662 2197 1895 2252 inﬁrmo
1923 2213 2157 2268 compa.

508 2288 689 2355 titur;
718 2292 899 2343 Deum
928 2286 1167 2355 laudat;
1200 2304 1335 2343 eum
1386 2290 1484 2360 qui
1520 2286 1699 2342 habet
1731 2286 1831 2341 Dei
1863 2286 2158 2351 timorem,

511 2377 765 2450 protegit
788 2402 802 2445 ;
825 2375 1090 2449 diligenti
1120 2376 1303 2432 Deum
1335 2379 1716 2447 cooperatur;
1749 2375 2159 2447 reprobantem

509 2464 903 2533 Altissimum,
965 2465 1290 2521 admonens
1357 2465 1673 2533 convertit;
1735 2468 1793 2519 et
1847 2464 2159 2520 habentem

514 2554 768 2628 gratiam
810 2553 1052 2627 spiritus
1108 2554 1268 2626 boni,
1301 2553 1494 2626 diligit
1547 2553 1873 2609 secundum
1905 2553 2161 2609 animam

517 2659 709 2701 suam.

586 2820 656 2877 V.
691 2842 720 2871 ‹‹
750 2820 810 2877 Si
865 2818 1131 2876 habeatis
1161 2819 1376 2875 bonam
1436 2822 1716 2886 mentem,
1757 2818 1885 2888 ﬁlii,
1913 2826 1968 2875 et
2022 2817 2164 2875 mali

513 2908 783 2966 homines
804 2908 1265 2981 paciﬁcabuntur
1283 2907 1477 2977 vobis;
1509 2912 1567 2964 et
1596 2906 1879 2965 luxuriosi
1900 2924 2163 2963 reveren-

516 3003 605 3057 tes
634 3015 757 3067 vos,
789 3000 1196 3055 convertentur
1226 2997 1285 3053 in
1345 2997 1567 3053 bonum
1599 3014 1612 3067 ;
1646 3002 1705 3053 et
1731 2996 1888 3052 avari
1921 3014 2036 3053 non
2070 3014 2163 3054 so-

514 3086 641 3145 lum
675 3087 945 3145 recedent
976 3103 1010 3143 a
1038 3086 1331 3160 passione,
1362 3085 1462 3141 sed
1494 3102 1621 3159 qua
1661 3084 2167 3157 superabundant,

517 3177 743 3235 dabunt
770 3176 1022 3232 afﬂictis.
1055 3176 1113 3231 Si
1146 3174 1544 3245 benefaciatis,
1575 3178 1633 3230 et
1670 3173 1960 3229 immundi
1993 3174 2165 3246 spiri-

518 3265 668 3323 ritus
703 3264 928 3337 fugient
957 3281 991 3321 a
1019 3263 1205 3335 vobis,
1237 3267 1295 3319 et
1324 3263 1460 3335 ipsae
1490 3262 1691 3318 bestiae
1718 3262 2008 3318 timebunt
2040 3278 2161 3318 vos.

521 3354 630 3412 Ubi
652 3353 808 3409 enim
840 3358 930 3409 est
959 3354 1247 3409 bonorum
1278 3368 1521 3424 operum
1554 3351 1733 3407 timor
1753 3350 1829 3423 (1)
1858 3350 1917 3406 in
1945 3356 2161 3419 mente,

521 3442 773 3499 tenebrze
804 3441 1025 3512 fugient
1052 3441 1125 3497 ab
1151 3457 1238 3497 eo.
1270 3440 1330 3496 Si
1360 3439 1517 3495 enim
1547 3438 1762 3511 injuria
1790 3438 2006 3494 afﬁciet
2032 3438 2164 3510 quis

523 3534 794 3589 sanctum
825 3530 1035 3599 virum,
1070 3528 1347 3601 pcenitet;
1401 3528 1712 3583 miseretur
1738 3527 1893 3583 enim
1924 3532 2164 3583 sanctus

522 3618 761 3690 injurio,
793 3622 849 3674 et
873 3617 1022 3674 silet.
1056 3619 1124 3673 Et
1153 3617 1201 3672 si
1234 3614 1365 3689 quis
1396 3616 1654 3673 animam
1676 3617 1902 3688 justam
1935 3617 2160 3689 prodat,

520 3711 579 3765 et
598 3708 802 3779 justus
829 3722 1076 3779 operans
1107 3706 1177 3761 ad
1215 3705 1513 3763 modicum
1569 3704 1931 3772 humilietur,
1964 3709 2166 3777 postea

523 3795 708 3853 multo
738 3794 948 3853 clarior
976 3800 1236 3870 apparet,
1266 3793 1456 3868 qualis
1485 3795 1673 3851 factus
1702 3799 1791 3852 est
1816 3795 2034 3868 Joseph
2055 3794 2165 3851 fra-

518 3889 608 3943 ter
627 3902 814 3944 meus.

586 4065 684 4122 Vl.
720 4088 741 4115 ιι
776 4062 1096 4121 Consilium
1130 4062 1265 4119 boni
1289 4062 1394 4118 viri
1424 4078 1541 4119 non
1567 4066 1657 4119 est
1686 4063 1745 4119 in
1778 4080 1955 4120 manu
1988 4064 2165 4137 spiri-

514 4158 612 4211 tus
640 4153 851 4210 erroris
898 4152 1106 4208 Beliar.
1142 4150 1399 4223 Angelus
1456 4151 1614 4207 enim
1647 4152 1805 4222 pacis
1853 4153 2014 4208 ducit
2044 4155 2166 4211 ani-

518 4259 671 4297 mam
704 4241 912 4314 ipsius.
949 4242 1071 4298 Non
1095 4241 1303 4312 aspicit
1329 4257 1463 4295 cum
1497 4241 1703 4297 affectu
1736 4242 2158 4314 corruptibilia,

515 4348 704 4403 neque
733 4337 1047 4402 congregat
1075 4330 1306 4385 divitias
1336 4330 1394 4385 in
1425 4330 1781 4385 desiderium
1811 4330 2157 4404 voluptatis;

515 4437 629 4477 non
655 4420 975 4475 delectatur
999 4418 1311 4491 voluptate,
1334 4435 1449 4474 non
1473 4419 1783 4475 contristat
1804 4421 2157 4492 proximum;

512 4526 627 4565 non
660 4508 935 4579 impletur
961 4508 1109 4574 cibo,
1143 4524 1255 4562 non
1288 4512 1442 4563 errat
1487 4507 1547 4562 in
1578 4507 1930 4565 elationibus
1960 4511 2159 4567 oculo-

510 4614 642 4654 rum
670 4615 683 4667 ;
720 4596 1002 4652 Dominus
1050 4596 1206 4651 enim
1240 4612 1375 4667 pars
1406 4601 1495 4651 est
1526 4596 1673 4667 ejus.
1707 4597 1933 4653 Bonum
1967 4600 2159 4655 consi-

509 4686 655 4744 lium
687 4703 804 4743 non
836 4684 1041 4757 recipit
1085 4682 1282 4757 gloriae
1313 4687 1371 4740 et
1417 4685 1716 4741 dedecoris
1745 4685 2076 4756 hominum,
2105 4693 2161 4746 et

2269 2110 2445 2176 ζηται,
2498 2106 2559 2161 οὐ
2607 2108 2809 2185 φθονεῖ·
2871 2107 2955 2162 ἐάν
3015 2128 3098 2171 τις
3156 2108 3405 2174 πλουτεῖ,
3454 2108 3515 2164 οὐ
3577 2107 3766 2178 ζηλοῖ’
3837 2108 3920 2164 ἐάν

2263 2214 2347 2255 τις
2431 2191 2695 2270 ἀνδρεῖος,
2784 2196 3009 2251 ἑπαινεῖο
3086 2198 3179 2252 τὸν
3262 2198 3513 2275 σώφρονα
3613 2198 3919 2269 πιιειιτεύων³

2269 2282 2575 2358 ὑμνεῖ
2602 2285 2692 2339 τὸν
2723 2286 2926 2356 πένητα
2950 2283 3110 2340 ἐλεεῖ’
3129 2290 3209 2358 τῷ
3239 2286 3443 2341 ἀσθενεῖ
3472 2292 3750 2361 συμπαθεῖ

2264 2372 2357 2426 τὸν
2404 2372 2533 2427 Θεὸν
2580 2373 2822 2446 ἀνυμνεῖ·
2854 2375 2943 2430 τὸν
2995 2370 3195 2449 ἔχοντα
3224 2370 3389 2454 φόϐον
3565 2380 3725 2442 Θεοῦ,
3762 2376 3927 2447 ὑπερ-

2269 2460 2480 2529 ασπίζει
2534 2462 2719 2517 αὐτοῦ·
2779 2468 2857 2536 τῷ
2929 2462 3203 2539 ἀγαπῶντι
3277 2464 3368 2518 τὸν
3442 2464 3569 2520 Θεὸν
3648 2471 3922 2541 συνεργεῖ·

2267 2548 2358 2603 τὸν
2424 2549 2706 2606 ἀθετοῦντα
2762 2551 2851 2606 τὸν
2909 2554 3188 2625 Ὕψιστον,
3245 2557 3508 2616 νουθετῶν
3583 2552 3923 2631 ἑπιστρὲφεγ

2268 2637 2359 2693 καὶ
2386 2638 2477 2693 τὸν
2509 2634 2708 2715 ἔχονια
2736 2638 2896 2717 χάριν
2936 2638 3243 2715 πνεύματος
3293 2641 3519 2718 ἀγαθοῦ,
3550 2642 3737 2717 ἀγαπᾷ
3790 2644 3927 2698 κατὰ

2269 2726 2368 2796 τὴν
2397 2728 2579 2803 ψυχὴν
2615 2726 2799 2783 αὐτοῦ.

2287 2809 2291 2814 ’
2344 2816 2414 2873 Ε’.
2450 2841 2478 2868 ι(
2511 2817 2631 2871 Ἐὰν
2685 2813 2852 2893 ἔχητε
2908 2816 3113 2892 ἀγαθὴν
3174 2815 3431 2893 διάνοιαν,
3481 2818 3657 2889 τέκνα,
3716 2820 3818 2875 καὶ
3876 2822 3927 2876 οἱ

2271 2904 2509 2981 πονηροὶ
2541 2903 2813 2980 ἅνθρωποι
2852 2905 3249 2981 είρηνεόσουσιν
3300 2908 3451 2983 ὑμῖν,
3480 2908 3570 2963 καὶ
3611 2910 3669 2963 οἱ
3716 2909 3926 2966 ἄσωτοι

2273 2991 2599 3057 αἶδεσθὲντες
2657 2994 2816 3069 ὑμᾶς,
2871 2994 3278 3071 ἑπιστρὲῲουσιν
3335 2996 3410 3059 εἷς
3466 2996 3693 3073 ἀγαθὸν,
3734 2999 3836 3053 καὶ
3878 3000 3925 3053 οἱ

2272 3080 2591 3138 πλεονέκται
2620 3082 2682 3138 οὐ
2716 3083 2880 3156 μόνον
2925 3083 3325 3155 ἀποστήσονται
3371 3090 3468 3141 τοῦ
3515 3086 3746 3159 πάθους,
3782 3086 3927 3143 ἀλλά

2273 3171 2362 3227 καὶ
2392 3173 2457 3226 τὰ
2484 3173 2631 3246 (100)
2651 3175 2750 3241 τῆς
2778 3170 3089 3244 πλεονεξίας
3120 3170 3354 3229 δώσουσι
3380 3180 3496 3237 τοῖς
3545 3170 3922 3249 θλιϐομένοις.

2277 3260 2517 3330 Ἐἆνῆτε
2549 3260 3137 3334 ἀγαθοποιοῦντες,καῖ
3195 3264 3263 3317 τὰ
3316 3262 3586 3337 ἀκάθαρτα
3643 3265 3927 3337 πνεύματα

2274 3348 2515 3428 φεύξεται
2572 3348 2661 3427 ἀφ’
2694 3349 2868 3422 ὑμῶν,
2901 3350 2990 3405 καὶ
3048 3350 3183 3405 αὐτὰ
3235 3352 3303 3406 τὰ
3356 3352 3520 3427 θηρία
3548 3346 3927 3429 φοϐηθήσεται

2277 3438 2435 3511 ὑμᾶς.
2466 3440 2644 3496 ’Όπου
2700 3438 2804 3514 γὰρ
2866 3435 2945 3495 ἔνι
3000 3435 3167 3516 φόϐος
3218 3442 3294 3513 (2)
3344 3440 3555 3515 ἀγαθῶν
3616 3437 3803 3517 ἔργων
3854 3444 3923 3504 είς

2273 3523 2530 3598 διάνοιαν,
2558 3526 2621 3581 τὸ
2668 3526 2858 3589 σκότος
2906 3525 3287 3604 ἀποδιδράσκει
3327 3528 3492 3583 αὐτοῦ
3522 3532 3619 3603 (3).
3657 3532 3785 3585 Ἐὰν
3823 3534 3921 3606 γὶρ

2274 3610 2466 3690 ὑϐρίσῃ
2518 3638 2602 3678 τις
2660 3613 2821 3691 ἄνδρα
2878 3615 3048 3686 ὅσιον,
3094 3623 3360 3691 μετανοεῖ’
3420 3617 3562 3673 ἰλεεῖ
3616 3620 3721 3695 γὰρ
3778 3620 3926 3680 ὅσιος

2268 3705 2361 3761 τὸν
2391 3702 2662 3781 λοίδορον,
2693 3705 2783 3760 καὶ
2812 3710 3009 3778 σιωπᾷ.
3044 3705 3154 3762 Κᾶν
3181 3727 3266 3769 τις
3290 3708 3475 3783 ψυχὴν
3519 3704 3735 3763 δικαίαν
3790 3730 3922 3783 προ-

2273 3789 2418 3865 δοίη,
2453 3793 2541 3848 καὶ
2583 3794 2610 3847 ὁ
2659 3790 2863 3856 δίκαιος
2908 3793 3350 3869 προσευχόμενος
3399 3794 3535 3867 πρὸς
3580 3794 3781 3871 ὀλίγον
3834 3819 3923 3852 τα-

2270 3883 2532 3955 πεινωθῇ,
2570 3883 2684 3954 μετ’
2708 3881 2769 3937 οὐ
2799 3880 2944 3937 πολὺ
2992 3879 3347 3961 φαιδρότερος
3397 3883 3779 3961 ἀναφαίνεται,
3813 3889 3921 3947 οἷος

2268 3970 2481 4048 γέγονεν
2513 3972 2712 4048 Ἰωσὴφ
2744 3972 2773 4026 ὁ
2801 3968 3036 4050 αδελφός
3071 3992 3174 4045 μου

2345 4061 2405 4129 ζ’.
2442 4082 2469 4112 ‹‹
2497 4062 2567 4115 Τὸ
2599 4056 2912 4115 διαϐούλιον
2944 4064 3043 4115 τοῦ
3074 4062 3279 4136 ἀγαθοῦ
3308 4058 3502 4138 ἀνδρὸς
3552 4061 3657 4117 οὐκ
3685 4062 3838 4119 ἔστιν
3875 4064 3921 4120 ὲν

2271 4149 2420 4225 χειρὶ
2460 4147 2672 4220 πλάνης
2703 4148 3004 4221 πνεύματος
3036 4148 3253 4225 Βελιάρ.
3285 4156 3345 4207 Ὀ
3388 4151 3490 4226 γὰρ
3542 4149 3785 4227 ἅγγελος
3834 4161 3926 4222 τῆς

2272 4238 2496 4314 εἰρήνης
2527 4236 2715 4313 ὁδηγεῖ
2750 4239 2847 4306 τὴν
2891 4238 3073 4313 ψυχὴν
3122 4238 3310 4294 αὐτοῦ.
3338 4240 3462 4314 Οὐχ
3510 4240 3613 4315 ὁρᾷ
3664 4240 3923 4313 ἐμπαθῶς

2269 4332 2382 4388 τοῖς
2414 4333 2670 4403 φθαρτοῖς
2694 4323 2933 4399 (5),οὐδὲ
2955 4328 3169 4401 συνάγει
3190 4327 3429 4382 πλοῦτον
3458 4328 3532 4390 εἷς
3567 4327 3920 4403 φιληδονῖοῑνθ

2270 4415 2332 4471 οὐ
2363 4414 2611 4492 τέρπεται
2639 4414 2913 4488 ἡδονῇ,οὐ
2948 4414 3108 4469 λυπεῖ
3137 4416 3225 4469 τὸν
3249 4414 3621 4487 πλησίον,ουκ
3644 4417 3925 4490 ἐμπιπλᾶν

2267 4525 2354 4559 ται
2383 4506 2589 4583 τροφῆς
2620 4506 2718 4578 (6),
2753 4502 2814 4557 οὐ
2844 4501 3109 4558 πλανᾶται
3157 4510 3556 4579 μετεωρισμοῖς
3588 4505 3918 4583 ὀφθαλμῶν·

2269 4592 2464 4667 Κύριος
2494 4592 2593 4669 γάρ
2643 4591 2752 4646 ἐστι
2797 4591 2948 4665 μερὶς
3000 4591 3185 4647 αὐτοῦ.
3232 4594 3301 4647 Τὸ
3350 4594 3543 4669 ἀγαθὸν
3595 4590 3915 4651 διαόοόλιον

2269 4682 2369 4737 οὐκ
2397 4679 2704 4758 ἐπιδέχεται
2735 4677 2893 4754 δόξης
2926 4678 3013 4735 καὶ
3046 4679 3263 4754 ἀτιμίας
3296 4681 3725 4758 ἀνθρώπων,καὶ
3750 4686 3920 4741 πάντα

512 4776 696 4834 ullum
728 4774 929 4831 dolum
961 4772 1049 4830 vel
1098 4773 1492 4843 mendacium,
1526 4789 1787 4848 pugnam
1835 4775 1925 4833 vel
1956 4782 2156 4836 contu-

2271 4768 2426 4828 δόλον
2471 4772 2507 4841 ἢ
2558 4766 2754 4845 ψεῦδος
2784 4770 2884 4844 (7),
2920 4768 3104 4845 μάχην
3163 4770 3252 4825 καὶ
3303 4767 3581 4848 λοιδορίαν
3632 4772 3738 4829 οὐκ
3790 4774 3915 4830 οἶδε’

600 4918 693 4987 92)
722 4918 850 4974 ’Ότε
877 4915 1020 4972 "om.
1056 4914 1237 4987 (ιω.

600 4919 693 4987 92)
722 4919 850 4974 "Ore
877 4919 1020 4972 "Oti.
1056 4919 1237 4970 GRAB.

726 4988 944 5064 Ἰωσήφ.
962 4984 1243 5064 Χρηστόν,
1265 4986 1360 5064 _ID.

577 5055 693 5134 (94)
723 5055 1089 5134 Κατιιιργήιτειζ
1115 5055 1436 5114 Καταλύσει.
1470 5060 1550 5115 ID.

578 5062 671 5130 (94
723 5062 1079 5134 Καταργήσει.
1115 5062 1147 5113 Ii

578 5062 693 5205 (95)
717 5130 813 5193 Εἰς
849 5133 1035 5205 Deest.
1068 5130 1147 5185 In.

724 5201 1162 5275 Σκεπαζὸμενοςἒ
1192 5198 1558 5275 Σκεπόμενος,
1594 5202 1675 5257 Io-

600 5210 691 5271 96)
724 5210 1157 5275 Σκεπαζὸμενος.
1192 5210 1558 5275 Σκεπόμενος.
1594 5210 1675 5257 ιοο

577 5210 687 5367 (97)
729 5275 849 5367 Ἐάν
882 5293 991 5367 ,τις
1028 5267 1356 5367 ἡάνδρεῖος,
1427 5270 1635 5327 ἐπαινεῖ
1711 5272 1814 5328 τὸν
1902 5274 2155 5354 σώφρονα

501 5344 786 5409 τιστεόων,
820 5346 997 5415 ὑμνεῖ.
1027 5344 1266 5401 Desunt.
1299 5345 1381 5401 ID.

592 5421 685 5493 98)
712 5420 798 5493 Τῷ
825 5416 1036 5493 ἀσθενεῖ
1061 5420 1355 5493 συμπθεφῖ.
1390 5417 1628 5493 Desunt.
1660 5416 1743 5473 ID.

597 5482 689 5571 99')
718 5482 834 5571 Τόν.
851 5487 1046 5571 ἔχοντα
1088 5482 1538 5571 cp'c6cvfpmissa
1568 5494 1709 5545 sunt
1738 5489 1935 5547 omnia
1966 5508 2153 5565 usque

506 5559 590 5620 ad
613 5559 786 5616 ﬁnem
817 5559 1000 5632 hujus
1033 5559 1274 5632 periodi.
1308 5561 1389 5615 In.

577 5633 727 5701 (100)
755 5631 845 5683 Tui.
872 5630 1227 5705 Ticic'habct
1258 5632 1382 5685 col.
1418 5630 1596 5705 Oxon.
1626 5649 1751 5705 qua:
1784 5650 1890 5705 vox
1921 5632 2150 5705 signiﬁ-

505 5712 597 5758 cat
628 5718 898 5776 pmnam;
948 5703 1092 5758 adeo
1124 5708 1185 5761 ut
1241 5703 1565 5759 secundum
1622 5702 1796 5760 istam
1846 5702 2149 5763 lectionem

2266 4918 2363 4976 hic
2393 4915 2777 4992 signiﬁcetur,
2812 4911 3170 4992 avarps,_
3226 4915 3626 4992 pmnituerint.
3672 4916 3737 4992 in
3801 4937 3916 4992 pce-

2266 5006 2426 5057 nam,
2450 4984 2579 5044 sive
2605 4990 2822 5059 utgvoce
2847 4984 3245 5059 ecclesiastica
3266 4984 3911 5059 utar,satisfactionEm,

2307 5078 2369 5118 ro
2393 5056 2641 5133 pristina
2666 5056 2921 5113 habendi
2943 5056 3217 5128 cupidine
3236 5056 3630 5133 eleemosynas
3651 5056 3914 5136 erogare.

2291 5153 2347 5194 D.

2360 5206 2410 5272 1)
2444 5204 2621 5272 Tutior
2648 5204 2873 5272 Lumen,
2898 5197 3069 5272 juxta
3097 5198 3281 5272 Grec.
3308 5199 3488 5256 Oxon.
3522 5202 3601 5258 In.

2360 5207 2410 5272 1)
2444 5207 2621 5258 szor
2648 5207 2873 5266 Lumen,
2898 5207 3069 5268 juxta
3097 5207 3275 5255 Grec.
3308 5207 3488 5256 Uxon.

2333 5207 2410 5351 (2)
2443 5267 2638 5351 Φόϐος.
2676 5273 2805 5351 feci);
2846 5269 3113 5351 in‘onn.
3149 5270 3381 5351 melius.
3409 5273 3488 5328 In.

2332 5340 2410 5420 (3)
2444 5343 2644 5420 A9106.
2677 5341 2815 5420 Ἀπί
2831 5340 3119 5420 additum.
3152 5342 3234 5420 ID.

2333 5409 2409 5494 (4)
2439 5415 2543 5494 Κᾶν
2568 5434 2719 5494 τις...
2753 5409 2984 5494 ἀδελφάς
3012 5432 3137 5494 μρυ.
3170 5413 3410 5494 Desunt.
3443 5415 3524 5473 ID.

2333 5431 2389 5494 (4
2442 5431 2543 5471 Κᾶν
2568 5434 2719 5476 τις...
2753 5431 2984 5536 αοεΛφΙος
3012 5432 3137 5483 μου.
3170 5431 3353 5470 uesun

2331 5431 2409 5563 (5)
2438 5492 2563 5548 Τοῖς
2596 5487 2889 5563 φθαρτοῖςζ
2945 5482 3233 5563 ageam.
3268 5489 3353 5543 1D.

2331 5555 2408 5650 (ρὲ
2437 5555 2950 5650 leniamus.
2979 5555 3061 5650 11".-

2333 5624 2405 5709 (7)
2437 5624 2506 5687 Τὸ
2536 5624 2839 5705 haemi”.-
2859 5628 2894 5696 ἢ
2927 5624 3145 5701 ψεῦδος.
3168 5628 3410 5686 Desunt.
3448 5630 3527 5688 ID.
