4046 6350
211 435 362 496 1145

1383 428 1989 493 TESTAMENTUM
2030 429 2456 492 BENJA‘MIN.

3461 430 3619 492 1146

204 563 404 638 Κύριος
434 563 539 642 γὰρ
570 560 620 620 ἐν
652 562 799 638 αύτῷ
826 566 1090 632 κατοικεῖ,
1120 560 1210 619 καὶ
1254 560 1476 641 φωτίζει
1521 561 1707 637 ψυχὴν
1756 558 1844 615 αὐ-

1964 560 2197 617 meliam
2222 578 2337 618 non
2368 560 2561 631 novit;
2590 560 2875 619 Dominus
2896 560 3054 618 enim
3089 559 3148 618 in
3180 577 3247 619 eo
3277 560 3524 630 habitat,
3558 566 3617 621 et

202 658 323 723 τοῦ,
381 653 472 709 καὶ
529 652 711 731 χαίρει
766 652 905 729 πρὸς
942 651 1146 715 πάντας
1209 649 1260 706 ἰν
1320 650 1480 707 παντὶ
1536 647 1731 726 καιρῷ.
1788 650 1849 705 Ἠ

202 743 382 818 ἀγαθή
430 740 639 798 διάνοια
686 742 787 798 οὐκ
834 740 949 819 ἔχει
1000 739 1095 797 δύο
1142 739 1420 815 γλώσσας,
1467 739 1715 815 εὐλογίας
1761 736 1850 792 καὶ

201 832 462 908 κατάρας,
494 826 702 907 ὕϐρεως
732 830 819 885 καὶ
849 837 1044 904 τιμῆς,
1079 828 1259 899 λύπης
1291 827 1380 883 καί
1411 824 1851 904 χαρᾶς,ἡσυχίας

200 920 293 976 καὶ
346 927 615 997 ταραχῆς,
649 918 986 994 ὑποκρίσεως
1044 918 1135 972 καὶ
1188 916 1451 986 ἀληθείας
1510 918 1610 989 (8),
1663 915 1850 976 πενίας

200 1008 293 1064 καὶ
323 1006 747 1065 πλούτου·ἀλλὰ
781 1008 905 1081 μίαν
939 1003 1057 1083 ἔχει
1085 1005 1207 1082 περί
1236 1005 1437 1068 πάντας
1469 1002 1737 1080 είλικρινῆ
1760 1002 1849 1057 καὶ

198 1098 436 1173 καθαρὰν
472 1094 728 1153 διάθεσιν.
754 1096 870 1155 Ούκ
890 1094 1005 1171 ἔχει
1029 1095 1242 1172 ὅρασιν,
1266 1091 1392 1149 οὐδὲ
1420 1094 1587 1163 ἀκοὴν
1622 1091 1847 1162 διπλῆν·

200 1192 308 1242 πᾶν
362 1185 486 1263 γὰρ,
518 1187 547 1243 ’ὀ
576 1190 749 1254 ποιεῖ,
779 1186 815 1255 ἢ
864 1184 1045 1258 λαλεῖ,
1075 1185 1111 1254 ἢ
1163 1184 1284 1259 ὁρᾷ,
1317 1182 1460 1238 οἶδεν
1512 1180 1597 1237 ὅτι
1652 1180 1850 1257 Κύριος

199 1273 512 1331 ἑπισκὲπτει
566 1276 753 1350 ψυχὴν
801 1273 988 1347 αὐτοῦ,
1017 1273 1108 1328 καὶ
1163 1271 1406 1346 καθαίρει
1452 1271 1552 1341 τὴν
1613 1267 1845 1326 διάνοιαν

198 1360 390 1433 αὐτοῦ,
422 1364 556 1440 πρὸς
585 1364 648 1418 τὸ
681 1364 758 1436 μὴ
798 1364 1241 1438 καταγνωσθῆναι
1292 1361 1395 1416 ὑπὸ
1443 1363 1577 1415 Θεοῦ
1619 1360 1709 1414 καὶ
1756 1359 1847 1413 ἀν-

198 1453 457 1528 θρώπων·
489 1452 703 1507 καὶτοῦ
734 1450 935 1527 Βελιὰρ
974 1449 1032 1507 δὲ
1078 1456 1179 1507 πᾶν
1232 1445 1389 1527 ἔργον
1441 1446 1669 1505 διπλοῦν
1716 1446 1847 1517 ἐστι,

198 1540 297 1596 καὶ
326 1540 426 1596 οὐκ
453 1538 569 1618 ἔχει
601 1538 886 1612 ἁπλότητα
915 1542 1013 1615 (9).

275 1717 344 1774 Z'.
379 1740 408 1768 «
441 1716 538 1772 Διά
585 1720 772 1787 τοῦτο,
828 1716 989 1772 τέκνα
1046 1730 1179 1790 μου,
1228 1715 1448 1795 φεύγετε
1501 1714 1600 1785 τήν
1659 1712 1848 1769 κακίαν

192 1808 299 1860 τοῦ
329 1803 546 1881 Βελιάρ,
565 1803 648 1860 ὅτι
672 1804 947 1881 μάχαιραν
971 1802 1289 1868 δίδωσιτοῖς
1321 1804 1662 1878 πειθομένοις
1690 1802 1849 1877 αὐτῇ.

194 1894 267 1951 Ἦ
298 1890 355 1948 δὲ
388 1894 633 1970 μάχαιρα
662 1894 797 1950 ἑπτὰ
821 1899 998 1949 κακῶν
1035 1896 1220 1971 μήτηρ
1273 1893 1406 1951 ἐστί.
1440 1897 1663 1966 Πρῶτον
1719 1889 1849 1946 συλ-

195 1977 470 2057 λαμϐάνει
500 1986 535 2054 ἡ
570 1980 777 2039 διάνοια
807 1981 897 2039 διὰ
922 1988 1019 2038 τοῦ
1051 1982 1271 2059 Βελιάρ.
1302 1989 1454 2039 Ἔστι
1504 1980 1563 2037 δὶ
1608 1986 1848 2057 πρῶτον,

197 2071 414 2150 φθόνος·
467 2068 736 2147 δεύτερον,
783 2072 1050 2127 ἀπώλεια·
1100 2071 1305 2148 τρίτον,
1338 2069 1541 2145 θλίψις·
1571 2070 1848 2147 τέταρτον,

196 2158 581 2237 αἱχμαλωσία·
622 2161 897 2235 πέμπτον,
945 2156 1140 2217 ἔνδεια·
1187 2157 1366 2232 ἕκτον,
1410 2160 1649 2236 ταραχή·
1699 2154 1852 2214 ἕϐδο-

199 2269 330 2322 μον,
364 2248 641 2324 ἐρήμωσις
690 2251 824 2324 (10).
857 2250 955 2303 Διὰ
992 2253 1154 2305 τοῦτο
1201 2248 1289 2304 καὶ
1336 2249 1365 2303 6
1414 2249 1539 2303 Κάϊν
1598 2247 1731 2303 ἑπτὰ
1769 2245 1853 2302 ὲκ-

196 2333 403 2399 δικίαις
459 2334 816 2413 παραδίδοται
868 2338 981 2411 (11)
1027 2337 1131 2392 ὑπὸ
1187 2341 1285 2392 τοῦ
1342 2340 1496 2393 Θεοῦ.
1557 2336 1700 2391 Κατά
1745 2334 1849 2410 γὰρ

193 2424 387 2481 δκατὸν
448 2422 539 2497 ἔτη
586 2425 711 2499 μίαν
766 2423 991 2500 πληγὴν
1051 2424 1320 2501 ἐπήγαγεν
1377 2423 1524 2496 αὐτῷ
1554 2424 1583 2479 6
1631 2422 1846 2498 Κύριος·

188 2512 501 2570 Διακοσίων
556 2513 691 2569 ἑτῶν
742 2515 963 2590 πάσχει,
996 2514 1084 2568 καὶ
1131 2513 1524 2585 ὲννακοσιοστῷ
1571 2507 1675 2567 ἔτει
1719 2510 1848 2587 ἐρη-

196 2606 401 2677 μοῦται
456 2600 545 2657 ἰπὶ
599 2606 700 2658 τοῦ
745 2600 1132 2677 κατακλυσμοῦ
1163 2604 1276 2677 (12)
1307 2599 1397 2657 διὰ
1427 2596 1602 2672 Ἀϐἠλ
1647 2601 1738 2657 τὸν
1772 2598 1850 2657 δί-

190 2710 352 2746 καιον
385 2687 617 2769 ἀδελφὸν
651 2690 838 2747 αὐτοῦ.
869 2695 955 2745 Ἐν
984 2695 1100 2752 τοῖς
1148 2688 1489 2753 ἑπτακοσίοις
1534 2688 1700 2746 ἔτεσιν
1734 2692 1850 2762 (13)

195 2779 228 2835 6
257 2780 389 2834 Κάϊν
418 2778 653 2855 ἐκρίνετο
685 2781 820 2854 (14),
851 2779 879 2835 6
910 2777 969 2835 δὶ
1006 2779 1205 2857 Λαμὶχ
1251 2778 1303 2835 ἐν
1345 2785 1460 2843 τοῖς
1507 2774 1848 2853 ἐϐδομηκον·

188 2867 350 2931 τάκις
377 2869 528 2925 ἑπτά·
565 2868 649 2924 ὅτι
703 2865 807 2931 ἕως
861 2872 960 2923 τοῦ
1018 2869 1218 2932 αἳῶνος
1273 2869 1326 2925 οἱ
1387 2868 1851 2944 ὁμοιούμενοιτῷ

194 2957 330 3014 Κάϊν
360 2956 413 3012 ἐν
442 2956 623 3036 φθόνῳ
654 2957 730 3021 είς
762 2959 860 3029 τήν
915 2955 1295 3038 μισαδελφίαν,
1325 2957 1395 3034 τῇ
1443 2957 1578 3034 αὐτῇ
1625 2957 1848 3015 κολάσει

191 3048 547 3123 κριθήσονται
579 3050 713 3120 (15).

268 3137 352 3194 Η’.
385 3159 415 3187 ‹‹
447 3135 550 3193 Καὶ
584 3135 738 3209 ὑμεῖς
769 3133 884 3209 οῦν,
914 3135 1074 3191 τέκνα
1105 3155 1235 3210 μου,
1266 3132 1602 3214 ἆποδράσατε
1628 3136 1727 3205 τὴν
1759 3156 1851 3191 κα-

188 3222 341 3293 κίαν,
373 3223 564 3302 φθόνον
615 3245 675 3279 τε
719 3225 809 3280 καὶ
858 3226 959 3295 τήν
1017 3223 1393 3304 μισαδελφίαν,
1442 3226 1533 3281 καὶ
1576 3222 1849 3301 προσκολ-

1961 649 2257 705 illuminat
2287 651 2544 706 animam
2575 651 2727 722 ejus,
2762 656 2820 707 et
2857 652 3071 724 gaudet
3112 668 3305 707 coram
3338 653 3614 709 omnibus

1960 739 2021 794 in
2052 739 2211 795 omni
2243 744 2522 811 tempore.
2555 744 2715 795 Bona
2746 757 2913 796 mens
2944 758 3059 797 non
3090 740 3265 796 habet
3289 742 3439 797 duas
3496 741 3614 797 lin-

1960 844 2130 900 guas,
2161 828 2584 883 benedictionis
2614 833 2671 884 et
2691 828 3143 895 maledictionis,
3176 829 3539 886 contumeliae
3561 836 3619 887 et

1964 916 2217 981 honoris,
2241 915 2488 971 tristitiae
2518 921 2575 971 et
2595 916 2816 989 gaudii,
2848 918 3066 989 quietis
3122 922 3179 973 et
3234 919 3617 989 turbationis,

1959 1004 2353 1060 simulationis
2375 1009 2434 1060 et
2462 1005 2754 1075 veritatis,
2785 1005 2998 1078 inopia:
3027 1009 3083 1061 et
3103 1006 3440 1062 divitiarum
3467 1024 3480 1076 ;
3513 1008 3615 1064 sed

1959 1110 2139 1148 unam
2157 1092 2333 1148 habet
2362 1093 2516 1149 circa
2536 1110 2741 1149 omnes
2771 1093 3062 1151 sinceram
3094 1098 3151 1150 et
3180 1112 3388 1167 puram
3420 1095 3618 1168 dispo-

1958 1182 2252 1239 sitionem.
2284 1182 2407 1238 Non
2441 1182 2616 1239 habet
2642 1182 2856 1250 visum,
2890 1199 3079 1256 neque
3110 1184 3377 1240 auditum
3414 1184 3618 1257 dupli-

1957 1287 2085 1327 cem
2119 1288 2133 1340 ;
2164 1270 2226 1326 in
2255 1270 2415 1327 omni
2444 1271 2601 1326 enim
2632 1272 2789 1343 quod
2830 1272 2989 1339 facit,
3037 1271 3128 1329 vel
3168 1271 3454 1344 loquitur,
3513 1272 3605 1330 vel

1954 1359 2133 1427 videt,
2164 1359 2323 1415 novit
2350 1359 2506 1431 quod
2536 1359 2688 1415 Deus
2715 1359 2915 1416 visitat
2942 1361 3199 1416 animam
3227 1361 3379 1432 ejus,
3399 1366 3457 1417 et
3477 1378 3612 1434 pur-

1957 1453 2058 1521 gat
2078 1449 2344 1503 animum
2375 1450 2524 1519 ejus,
2560 1453 2624 1503 ut
2653 1465 2769 1504 non
2818 1449 3276 1520 reprehendatur
3317 1467 3351 1505 a
3395 1455 3505 1506 Deo
3553 1456 3611 1507 et

1958 1535 2297 1591 hominibus
2320 1552 2335 1604 ;
2355 1536 2455 1591 sed
2480 1551 2654 1592 omne
2674 1552 2822 1609 opus
2840 1536 3024 1593 Beliar
3052 1537 3266 1609 duplex
3292 1542 3465 1606 est,et
3490 1554 3605 1594 non

1958 1623 2138 1680 habet
2166 1623 2629 1695 simplicitatem.

2029 1711 2148 1768 VII.
2183 1734 2211 1763 «
2243 1712 2485 1785 Propter
2511 1712 2641 1781 hoc,
2674 1712 2777 1769 filii
2800 1713 2935 1781 mei,
2969 1714 3153 1787 fugite
3184 1712 3471 1771 malitiam
3500 1715 3618 1779 lBe-

1958 1800 2089 1870 Iiar,
2120 1801 2393 1873 quoniam
2424 1800 2686 1875 gladium
2712 1803 2811 1858 dat
2840 1802 3249 1860 obedientibus
3271 1802 3343 1859 ei.
3372 1802 3613 1860 Gladius

1961 1895 2155 1947 autem
2188 1895 2412 1963 septem
2444 1889 2735 1945 malorum
2760 1895 2947 1947 mater
2965 1892 3339 1947 est.Primum
3363 1893 3617 1965 concipit

1963 1996 2128 2036 mens
2159 1997 2257 2052 per
2277 1979 2485 2035 Beliar.
2516 1980 2615 2035 Est
2635 1984 2832 2035 autem
2865 1981 3144 2053 primum,
3191 1981 3411 2037 invidia
3440 2006 3455 2050 ς
3516 1998 3609 2038 se-

1959 2069 2240 2136 cundum,
2266 2068 2551 2141 perditio;
2597 2068 2861 2135 tertium,
2917 2069 3218 2125 tribulatio
3252 2087 3267 2139 ;
3308 2072 3607 2142 quartum,

1961 2156 2304 2229 captivitas;
2338 2156 2632 2229 quintum,
2665 2156 3023 2230 indigentia;
3058 2160 3606 2229 sextum,turbatio;

1960 2245 2298 2317 septimum,
2331 2245 2635 2311 desolatio,
2668 2251 2904 2319 propter
2927 2246 3034 2303 hoc
3081 2252 3138 2302 et
3194 2247 3332 2302 Cain
3384 2253 3611 2319 septem

1957 2334 2231 2389 vindictis
2260 2334 2512 2390 traditur
2541 2351 2575 2391 a
2612 2334 2749 2390 Deo.
2792 2335 2940 2390 Nam
2989 2335 3312 2391 secundum
3373 2341 3609 2392 centum

1936 2439 2144 2491 annos
2175 2440 2352 2478 unam
2384 2422 2613 2495 plagam
2642 2422 2875 2479 induxit
2903 2423 2955 2478 ei
2984 2425 3289 2480 Domiuus.
3330 2423 3609 2482 Ducentis

1959 2513 2129 2568 annis
2161 2513 2398 2585 patitur,
2431 2516 2488 2569 et
2524 2513 2967 2586 nongentesimo
3008 2531 3159 2570 anno
3203 2512 3500 2571 desolatur
3545 2515 3607 2572 in

1957 2602 2175 2658 diluvio
2197 2608 2428 2676 propter
2442 2602 2583 2659 Abel
2622 2604 2855 2675 justum
2875 2604 3110 2661 fratrem
3140 2605 3360 2677 ejus.In
3383 2605 3607 2678 septin-

1958 2692 2149 2764 gentis
2181 2693 2350 2749 annis
2397 2693 2533 2748 Cain
2580 2694 2979 2764 judicabatur,
3038 2693 3281 2751 Lamech
3341 2711 3474 2751 vero
3542 2694 3605 2751 in

1958 2781 2291 2853 septuagies
2333 2787 2597 2854 septem;
2647 2782 2925 2853 quoniam
2973 2799 3162 2855 usque
3209 2783 3266 2839 in
3326 2782 3604 2840 saeculum

1958 2869 2271 2927 assimilati
2298 2871 2438 2927 Cain
2468 2871 2527 2927 in
2558 2872 2856 2928 invidiain
2888 2872 3089 2929 odium
3122 2873 3467 2943 fraternum,
3509 2889 3605 2930 ea-

1960 2960 2093 3016 dem
2125 2960 2428 3033 punitione
2448 2961 2893 3033 judicabuntur.

2027 3136 2180 3193 VIII.
2214 3158 2243 3189 ‹‹
2275 3140 2343 3193 Et
2362 3153 2462 3193 vos
2491 3136 2693 3209 igitur,
2734 3135 2839 3192 ﬁlii
2878 3137 3016 3201 mei,
3075 3136 3259 3212 fugite
3291 3137 3601 3209 malitiam,

1956 3224 2354 3298 invidiamque
2384 3230 2440 3281 et
2460 3226 2661 3282 odium
2696 3226 3038 3295 fraternum,
3064 3231 3120 3283 et
3157 3228 3445 3284 adhaerete
3500 3229 3605 3284 bo-

188 3314 361 3369 λᾶσθε
486 3312 783 3388 ἀγαθότητι
811 3314 901 3369 καὶ
950 3298 1025 3389 τῇ
1071 3298 1273 3389 ἀγάπῃξ
1304 3298 1385 3372 Ὁ)
1412 3311 1554 3392 ἔχων
1606 3298 1844 3370 διάνοιαν

1961 3314 2131 3372 nitati
2159 3319 2217 3371 et
2246 3314 2562 3371 dilectioni.
2596 3314 2703 3381 Qui
2735 3315 2911 3370 habet
2966 3320 3221 3372 mentem
3276 3333 3486 3389 puram
3544 3318 3603 3373 in

189 3401 425 3474 καθαρὰν
487 3402 539 3457 ἐν
596 3402 797 3479 ἀγάπῃ,
840 3403 948 3480 οὐχ
1006 3404 1108 3478 ὁρᾷ
1162 3408 1388 3481 γυναῖκα
1444 3404 1520 3467 εἷς
1570 3403 1843 3481 πορνείαν·

189 3488 258 3545 οὐ
313 3490 415 3565 γὰρ
475 3488 589 3566 ἔχει
652 3492 888 3565 μιασμὸν
946 3491 998 3546 ἐν
1054 3496 1123 3567 τῇ
1154 3490 1371 3567 καρδίᾳ,
1404 3492 1486 3548 ὅτι
1521 3493 1845 3549 ἀναπαύεται

189 3576 244 3634 ἰν
279 3578 428 3651 αύτῷ
456 3579 519 3635 τὸ
547 3584 760 3653 πνεῦμα
787 3585 884 3636 τοῦ
928 3585 1082 3639 Θεοῦ.
1117 3585 1320 3659 Ὥσπερ
1376 3583 1479 3658 γὰρ
1512 3583 1540 3637 6
1570 3580 1733 3651 ἥλιος
1782 3581 1845 3637 ού

190 3667 463 3740 μιαίνεται
513 3668 800 3744 προσέχων
862 3668 948 3725 ἐπὶ
1005 3670 1208 3743 κόπρον
1268 3669 1361 3725 καί
1415 3666 1680 3746 βόρϐορον
1707 3673 1846 3744 (16),

187 3754 343 3811 ἀλλᾶ
399 3755 612 3828 μᾶλλον
658 3756 938 3835 ἀμφότερα
995 3758 1184 3835 ψύχει,
1233 3759 1325 3814 καὶ
1374 3758 1660 3815 ἀπελαύνει
1741 3761 1841 3829 τήν

190 3841 482 3900 δυσωδίαν·
516 3844 691 3909 οὕτως
745 3847 833 3901 καὶ
885 3848 913 3902 6
959 3847 1195 3923 καθαρὸς
1242 3852 1371 3912 νοῦς
1435 3847 1485 3904 ἐν
1541 3853 1653 3912 τοῖς
1715 3849 1841 3922 μιά-

190 3954 364 4008 σμασι
388 3940 489 4003 τῆς
520 3940 625 4010 γῆς
650 3934 1037 4011 συνεχόμενος,
1074 3934 1289 4012 μᾶλλον
1327 3935 1612 4012 οἰκοδομεῖ
1656 3936 1839 4011 αὐτὸς,

184 4021 285 4079 καὶ
317 4024 429 4096 (17)
460 4021 521 4078 οὐ
555 4022 843 4095 μιαίνεται.

262 4116 339 4168 Θ¹.
373 4135 401 4163 ‹‹
447 4113 688 4168 Ὑπονοῶ
745 4109 803 4169 δὲ
845 4113 934 4169 καὶ
988 4113 1209 4190 πράξεις
1264 4113 1317 4171 ἰν
1378 4114 1505 4189 ὑμῖν
1550 4114 1613 4171 ού
1667 4114 1841 4180 καλὰς

178 4196 422 4267 ἔσεσθαι,
452 4199 560 4255 ἀπὸ
618 4199 798 4276 λόγων
859 4202 1041 4279 Ἐνὼχ
1086 4208 1184 4258 τοῦ
1241 4201 1473 4262 διγαίου.
1516 4204 1842 4280 Πορνεύσετε

176 4289 296 4365 γὰρ
344 4288 592 4364 πορνείαν
646 4287 931 4364 Σοδόμων,
982 4291 1073 4346 καὶ
1122 4291 1410 4349 ἀπολεῖσθε
1464 4290 1571 4357 ἕως
1634 4294 1835 4371 βραχὺ,

176 4378 279 4433 καὶ
331 4378 686 4434 ἀνανεώσεσθε
734 4378 786 4434 ὲν
834 4381 1042 4456 γυναιξὶ
1090 4384 1355 4458 στρήνους
1383 4384 1517 4457 (18),
1549 4383 1637 4437 καὶ
1669 4386 1703 4453 ἡ
1740 4385 1837 4459 βα-

175 4464 365 4522 σιλεία
421 4466 619 4543 Κυρίου
677 4467 776 4523 οὐκ
822 4466 969 4524 ἔσται
1026 4469 1076 4525 ἐν
1122 4471 1271 4543 ὑμῖν·
1314 4470 1398 4526 ὅτι
1462 4470 1619 4535 εὐθὺς
1678 4472 1836 4535 αὐτὸς

178 4556 421 4627 λήψεται
480 4555 670 4627 αὐτήν.
706 4554 859 4626 Πλὴν
918 4556 969 4611 ἐν
1029 4556 1209 4633 μερίδι
1272 4559 1425 4633 ὑμῶν
1484 4562 1760 4636 γενήσεται
1805 4561 1834 4617 6

259 4682 341 4759 (8)
374 4751 384 4759 .
415 4680 680 4759 Ἠσρχίας
752 4680 842 4759 ne?
932 4689 1183 4759 ταραχῆς
1251 4729 1265 4757 .

174 4750 467 4821 ἀληθείας.
506 4750 746 4809 Desunt.
782 4755 964 4811 GRAB.

384 4822 739 4897 r’E‘l‘tthfXé‘I‘tﬁ‘tEt
762 4867 775 4880 .
805 4868 818 4880 .
844 4865 859 4881 .
884 4866 897 4880 .
962 4822 1268 4897 ,ἁπλότητα
1320 4871 1333 4884 .

175 4894 425 4969 omissis
458 4895 699 4968 reliquis
730 4912 915 4969 usque
945 4894 1231 4969 ἁπλότητα
1261 4898 1342 4955 In.

255 4967 373 5045 (10)
425 4966 671 5045 ηρῷτον.
700 5008 713 5022 .
820 4966 1179 5045 ίξρήμωσις.¹
1215 4970 1373 5045 Ὅτε-
1393 4967 1564 5045 τίκτει
1619 4973 1836 5045 πρῶτον

175 5034 404 5117 φθόνον,
453 5034 699 5117 δεύτερον
744 5034 1045 5117 ἀπώλειαν,
1092 5040 1272 5117 τρίτον
1325 5034 1835 5117 θλίψινλτὲταρςεον

173 5105 876 5190 ἀῖχμίαλιωσίανίπέμπτον
904 5105 1137 5181 ἔνδεὶανξ
1160 5108 1315 5168 ἕκτον
1364 5105 1630 5190 ταραχήν,
1675 5105 1843 5171 $380--

179 5181 303 5255 μον
322 5181 596 5255 ἐρήμωσιν
607 5223 631 5255 ._
654 5183 715 5238 ID
726 5224 738 5237 .

179 5201 378 5327 “iiii

176 5328 268 5385 In.

252 5368 374 5479 (ίὲ)
422 5391 670 5479 ᾚπίτοῦ
724 5394 1129 5469 κατακλυσμοῦ.
1190 5402 1431 5468 Desunt,
1491 5403 1547 5455 et
1601 5400 1834 5471 quidem

176 5468 415 5526 merito.
451 5468 530 5523 In.
1008 5468 1013 5469 “
1618 5468 1635 5471 “

178 5539 370 5667 In(13)
417 5535 793 5600 Ἑπτακοσίοις
844 5534 1034 5596 ἔτεσιν.
1084 5538 1270 5610 Ἑπτά,
1353 5540 1573 5599 omisso
1640 5537 1833 5599 ἔτεσιν.

211 5627 250 5666 ι)

1390 4826 1765 4884 Ἐπισκοπεύει
1824 4872 1838 4899 ,

423 5249 718 5315 Ἑκδικίαις
776 5249 1150 5329 παραδίδοται.
1221 5251 1484 5318 Ἀδικίαις
1538 5254 1835 5333 παρεδόθη.

252 5653 368 5756 (14)
398 5677 526 5756 Κάιν
557 5677 817 5756 ἐκρίνετο.
860 5684 1003 5738 Cum
1063 5683 1147 5740 eis
1203 5700 1331 5756 quae
1387 5688 1589 5740 auctor
1641 5691 1838 5741 noster

174 5751 358 5826 dicit,
372 5752 519 5814 satis
538 5751 890 5813 conveniunt
905 5751 1248 5829 veterumoe't
1275 5755 1664 5815 recentiorum
1695 5771 1837 5828 quo-

1343 4684 1676 4762 ὑποκρίσεως
1750 4685 1841 4741 καὶ
1872 4661 1917 4727 D

1956 3403 2287 3473 dilectione,
2312 3420 2427 3459 non
2457 3404 2613 3459 videt
2636 3403 2954 3473 [mulierem
3008 3404 3069 3460 in
3116 3404 3559 3462 fornicationem
3588 3424 3602 3466 :

1956 3511 2074 3550 non
2103 3493 2258 3551 enim
2290 3493 2467 3549 habet
2494 3492 2959 3565 inquinationem
2990 3493 3049 3549 in
3081 3495 3276 3560 corde,
3327 3494 3602 3565 quoniam

1954 3583 2268 3656 requiescit
2297 3582 2356 3637 in
2386 3599 2452 3638 eo
2484 3581 2727 3654 spiritus
2760 3582 2880 3638 Dei.
2912 3584 3417 3649 Quemadmodum
3449 3584 3604 3640 enim

1954 3673 2040 3729 sol
2075 3690 2189 3728 non
2221 3671 2565 3743 inquinatur
2594 3672 2888 3743 attingens
2920 3676 3146 3729 stercus
3172 3672 3261 3728 vel
3282 3673 3600 3746 gurgitem,

1952 3762 2056 3818 sed
2088 3760 2275 3834 magis
2304 3760 2474 3817 ambo
2493 3761 2672 3816 siccat
2688 3766 2746 3815 et
2767 3761 2949 3834 abigit
2980 3762 3242 3831 felorem;
3269 3763 3349 3819 ita
3380 3768 3437 3819 et
3458 3780 3605 3835 pura

1952 3866 2121 3907 mens
2150 3850 2211 3906 in
2240 3849 2749 3923 inquinationibus
2779 3854 2943 3907 terra:
2976 3851 3212 3909 detenta
3243 3852 3430 3926 magis
3463 3851 3602 3908 ιθάὶ-

1951 3939 2106 4010 ﬂcat,
2139 3939 2269 4013 ipsa
2295 3955 2431 3995 vero
2466 3955 2582 3996 non
2608 3939 2974 4011 inquinatur.

2021 4117 2120 4173 IX.
2156 4114 2458 4188 «Intelligo
2478 4118 2673 4173 autem
2704 4118 2763 4171 et
2791 4114 3046 4172 actiones
3077 4115 3136 4171 in
3166 4115 3330 4172 vobis
3361 4133 3477 4173 non
3499 4118 3597 4175 bo-

1948 4222 2055 4262 nas
2093 4204 2234 4274 fore,
2266 4222 2300 4261 ει
2328 4204 2700 4261 sermonibus
2716 4203 3097 4276 Enochjusli.
3132 4205 3587 4263 Fornicabimini

1946 4294 2102 4350 enim
2136 4293 2513 4350 fornicatione
2533 4293 3002 4363 Sodomorum,et
3030 4293 3295 4366 peribitis
3315 4312 3503 4369 usque
3524 4297 3595 4352 ad

1946 4385 2116 4440 breve
2144 4384 2430 4456 (paucos),
2461 4388 2518 4438 et
2542 4383 2894 4438 renovabitis
2925 4383 2986 4438 in
3021 4383 3367 4440 mulieribus
3400 4390 3593 4442 motus

1943 4472 2327 4542 inordinatos,
2360 4475 2416 4527 et
2444 4488 2689 4542 regnum
2727 4473 2954 4527 Domini
2986 4490 3099 4529 non
3133 4473 3244 4529 erit
3272 4474 3330 4529 in
3382 4474 3544 4530 vobis
3579 4494 3592 4544 ;

1945 4561 2224 4633 quoniam
2254 4561 2560 4617 confestim
2594 4558 2691 4616 ille
2721 4560 2966 4632 accipiet
2995 4561 3160 4617 illud.
3184 4563 3595 4619 Verumtamen

1948 4686 2223 4741 rumdam
2244 4685 2579 4757 Judaorum
2612 4685 3012 4757 sententia,de
3043 4685 3258 4757 quibus
3297 4686 3428 4741 vide
3486 4686 3597 4741 Fa-

1992 4758 2135 4824 ium,
2168 4756 2650 4829 Cartwrightum,
2680 4756 2942 4827 aliosque
2985 4756 3075 4829 inf
3103 4756 3338 4829 Genes._
3366 4774 3445 4821 vr,
3503 4758 3591 4829 15.

1992 4774 2135 4824 lum,
2168 4774 2650 4829 uartwrlgntum,
2680 4774 2942 4827 auosque
2985 4774 3046 4813 in
3103 4774 3310 4813 uenas.
3366 4774 3445 4821 γι,
3503 4774 3591 4812 ιο.

1949 4774 2063 4886 ged
2094 4830 2239 4900 bene
2267 4830 2654 4899 Cartwrigtus
2684 4829 2903 4900 notavit
2929 4828 3285 4900 Scripturam
3326 4827 3433 4884 loc.
3495 4828 3593 4883 cit.

1949 4905 2147 4973 aperte
2176 4899 2335 5026 logui
2364 4901 2435 4955 de
2467 4915 2650 4970 poena,
2684 4916 2799 4954 non
2833 4899 2945 4971 ipsi
3003 4899 3199 4970 Caino,
3242 4900 3343 4956 sed
3388 4900 3438 4956 ei
3497 4900 3597 4971 qui

1949 4988 2083 5026 eum
2113 4973 2233 5026 oeci
2279 4970 2407 5026 erit.
2439 4970 3031 5026 infligendaﬁrandis
3061 4988 3293 5026 auoaue
3321 4977 3408 5026 est
3438 4988 3597 5026 error

1948 4970 2083 5028 eum
2113 4970 2407 5036 occiderit,
2439 4970 3031 5043 infligenda.Grandis
3061 4988 3293 5043 quoque
3321 4977 3408 5027 est
3438 4970 3599 5027 error

1948 5043 2394 5115 cbronologicus
2426 5042 2606 5115 nostri
2634 5042 3234 5115 _aucitoris,rdilu’vium
3268 5044 3592 5115 adiannum

1948 5112 2463 5188 nongentesimum
2486 5112 2646 5169 Caini
2670 5114 2990 5188 referentis,
3015 5115 3333 5188 dummodo
3350 5114 3601 5188 ipsemet

1947 5187 2029 5244 ita
2057 5182 2393 5258 scripserit;
2426 5202 2559 5258 nam
2590 5201 2759 5258 voces
2805 5182 2891 5258 ἐπὶ
2948 5188 3045 5239 τοῦ
3091 5182 3477 5257 κατακλυσμοῦ
3535 5185 3594 5258 in

1946 5255 2259 5331 Oxoniensi
2290 5255 2605 5329 exemplari
2636 5256 2831 5313 Graeco
2857 5255 3394 5331 haudleguntur,ut
3423 5256 3595 5313 modo

1946 5329 2163 5387 notavi.
2203 5330 2284 5384 ID.

2040 5401 2339 5472 '15)"0_‘tt:_..
2366 5397 2735 5472 κριθήσονται.
2770 5397 3014 5472 Desunt.
3048 5399 3130 5455 ID.

2016 5405 2129 5472 (15)
2366 5405 2735 5471 κριθήσονται.
2770 5405 2861 5454 De:

2015 5473 2127 5615 (16)
2160 5464 2453 5558 Βόρϐορον.
2474 5467 2741 5559 βόθυνον.
2775 5470 2861 5526 ID.

2043 5545 2128 5610 17)
2201 5542 2496 5613 Οίκοοομει
2572 5539 2755 5607 αυτὸς,
2837 5560 2861 5595 κ

2043 5536 2128 5610 17)
2201 5536 2498 5613 σίκοδομεῖ
2572 5538 2755 5607 αὐτὸς,
2837 5539 2948 5596 καὶ.
3033 5536 3348 5614 Οἰκοδομεῖ,
3433 5538 3595 5604 αὐτὸς

1946 5608 2157 5761 ῗὲῌὲ)
2210 5682 2307 5761 [iui
2392 5680 2749 5739 ἀνανεώσεσθε
2841 5679 2896 5739 ἐν
3004 5682 3213 5761 γυναιξὶ
3330 5685 3592 5760 στρήνους

1942 5754 2185 5816 Desunt.
2223 5760 2302 5816 In.
