3998 6348
435 406 588 470 1147

1415 410 1947 473 TESTAMENTA
1990 406 2097 472 ΧΠ
2142 409 2853 473 PATRIARCHARUM.

3709 411 3864 472 H48

433 540 493 596 in
543 544 707 613 parte
736 543 929 597 vestra
982 539 1081 598 ﬂet
1108 540 1396 613 templum
1419 542 1607 611 Dei,et
1638 542 1960 616 gloriosum
1984 542 2093 599 erit

2212 540 2333 603 ναὸς
2387 545 2484 595 τοῦ
2540 545 2696 611 Θεοῦ,
2731 541 2821 596 καὶ
2870 538 3081 611 ἔνδοξος
3136 536 3282 596 ἔσται
3328 538 3379 595 ἐν
3416 541 3547 614 ὑμῖν
3577 543 3866 614 (19).“Ὁτι

430 630 491 685 in
516 631 693 686 vobis.
720 630 1013 694 Quoniam
1042 630 1167 704 ipse
1196 630 1479 687 Dominus
1522 632 1767 703 accipiet
1822 648 2092 704 regnum,

433 724 489 773 et
520 718 825 773 duodecim
859 718 1050 775 tribus
1081 718 1202 776 illic
1234 721 1767 793 congregabuntur,
1800 725 1857 775 et
1885 736 2093 776 omnes

436 811 637 877 gentes
668 826 683 876 ς
710 823 1015 879 usquequo
1040 807 1382 864 Altissimus
1406 810 1597 865 mittat
1628 809 1885 865 salutare
1916 824 2091 864 suum

432 895 493 950 in
528 896 863 952 visitatione
894 896 1207 969 Unigeniti.
1234 899 1302 954 Et
1333 899 1693 970 ingredietur
1713 898 1774 953 in
1833 897 2092 968 primum

430 984 739 1055 templum,
757 990 813 1041 et
843 985 961 1041 illic
982 986 1270 1042 Dominus
1292 986 1511 1057 injuria
1541 986 1851 1049 afficietur,
1870 990 1928 1041 et
1950 1002 2091 1041 con-

431 1077 744 1140 temnetur,
776 1079 834 1129 et
852 1073 1008 1146 ligno
1038 1074 1411 1130 exaltabitur.
1444 1076 1513 1130 Et
1551 1075 1661 1130 erit
1718 1074 1911 1130 velum
1943 1080 2091 1129 tem-

435 1161 517 1233 pli
550 1162 887 1230 scissum,et
909 1163 1221 1219 descendet
1250 1162 1504 1235 Spiritus
1528 1163 1627 1219 Dei
1659 1179 1837 1235 super
1864 1167 2091 1235 gentes,

436 1255 500 1305 ut
520 1249 673 1323 ignis
695 1251 1021 1307 ell‘usus.Et
1047 1251 1369 1306 ascendens
1400 1266 1469 1305 ex
1514 1250 1765 1319 interno,
1816 1242 2095 1305 ascendet

434 1356 470 1395 a
503 1343 655 1394 terra
682 1338 737 1393 in
762 1340 993 1395 coelum.
1026 1339 1303 1413 Cognovit
1323 1344 1518 1395 autem
1550 1356 1726 1410 quam
1760 1338 1935 1394 fuerit
1975 1338 2094 1394 hu'

439 1427 596 1483 milis
626 1427 686 1483 in
717 1431 966 1496 terra,et
996 1445 1174 1500 quam
1200 1427 1491 1501 gloriosus
1520 1427 1579 1483 in
1602 1426 1762 1483 ccelo.

504 1624 570 1681 X.
595 1648 623 1675 ‹‹
652 1626 892 1692 Quando
925 1630 1117 1681 autem
1139 1625 1364 1698 Joseph
1399 1629 1523 1681 erat
1546 1624 1606 1680 in
1636 1625 1902 1707 Egypto,
1934 1625 2095 1680 desi-

435 1714 710 1770 derabam
742 1714 933 1769 videre
955 1714 1209 1785 speciem
1240 1715 1391 1786 ejus,
1428 1720 1485 1769 et
1515 1714 1766 1769 formam
1820 1718 2092 1784 aspectus

436 1803 602 1873 ejus;
631 1807 688 1858 et
714 1819 813 1874 per
829 1802 1121 1859 orationes
1149 1804 1331 1859 Jacob
1364 1803 1547 1875 patris
1596 1803 1711 1858 mei
1760 1802 1875 1856 vidi
1934 1817 2091 1870 eum,

2204 629 2361 692 αὐτὸς
2395 628 2626 704 λήψεται
2657 629 2822 699 αὐτὴν
2852 632 2985 703 (20),
3016 631 3106 685 καὶ
3138 627 3347 685 δώδεκα
3379 628 3550 708 φυλαὶ
3593 630 3715 686 ἐκεῖ
3740 652 3862 686 συν-

2200 721 2559 794 αχθήσονται,
2590 720 2680 773 καὶ
2733 719 2905 774 πάντα
2954 719 3021 772 τὰ
3048 716 3192 789 ἔθννγ
3250 716 3358 781 ἓως
3414 716 3481 773 οῦ
3534 719 3565 774 ὁ
3595 722 3862 793 "remo;

2201 805 2497 880 ἀποστείλῃ
2565 810 2677 881 (21)
2733 807 2796 862 τὸ
2880 807 3148 882 σωτήρίον
3224 807 3407 877 αὐτοῦ,
3458 806 3510 862 ἐν
3581 806 3860 881 ἐπισκοπῇ

2199 901 2530 971 Μονογενοῦς
2585 898 2718 969 (22)’
2782 896 2879 950 Καὶ
2939 894 3295 951 εἰσελεύσεται
3346 896 3423 958 εἰς
3478 897 3573 950 τὸν
3632 903 3858 972 πρῶτον

2199 984 2320 1038 ναὸν
2371 987 2503 1055 (23),
2552 985 2641 1039 καὶ
2691 985 2801 1038 ἒκεῖ
2850 982 3047 1059 Κύριος
3085 978 3485 1057 ὑϐρισθήσεται,
3545 985 3638 1039 καὶ
3702 985 3860 1055 ἐξου-

2203 1074 2556 1143 θενωθήσεται
2606 1075 2742 1147 (24),
2799 1074 2889 1128 καὶ
2948 1072 3035 1127 ἐπὶ
3090 1072 3255 1143 ξύλου
3324 1073 3696 1146 ὑψωθήσεται.
3756 1073 3858 1129 Καὶ

2202 1159 2346 1216 ἔσται
2376 1162 2439 1216 τὸ
2487 1160 2731 1235 ἅπλωμα
2774 1168 2871 1217 τοῦ
2914 1166 3044 1216 ναοῦ
3094 1161 3439 1238 σχιζόμενον,
3469 1164 3561 1217 καὶ
3607 1160 3861 1233 καταϐή-

2203 1271 2348 1304 σεται
2396 1250 2459 1305 τὸ
2508 1256 2726 1324 Ηνεῦμα
2768 1249 2865 1306 τοῦ
2917 1255 3050 1306 Θεοῦ
3083 1249 3169 1305 ἐπὶ
3197 1250 3265 1307 τὰ
3295 1247 3418 1322 ἔθνη
3448 1252 3587 1325 (25),
3620 1252 3704 1313 ὡς
3747 1256 3856 1327 πῦρ

2202 1338 2590 1415 ἐκχυνόμενον.
2624 1339 2721 1395 Kal
2751 1339 2990 1395 ἀνελθὼν
3018 1339 3077 1394 ἐκ
3102 1344 3200 1394 τοῦ
3255 1334 3384 1410 ᾅδου
3432 1338 3581 1395 ἔσται
3635 1336 3860 1395 ἀναδαίο

2200 1449 2307 1484 νων
2356 1429 2462 1486 ἀπὸ
2510 1436 2614 1505 γῆς
2662 1429 2739 1493 είς
2786 1428 3034 1505 οὐρανόν.
3069 1435 3244 1504 Ἔγνω
3295 1426 3372 1498 δὲ,
3407 1431 3520 1491 οἷος
3560 1428 3713 1485 ἔσται
3758 1450 3854 1484 τα-

2200 1518 2380 1573 πεινὸς
2412 1518 2499 1573 ἐπὶ
2527 1525 2628 1589 τῆς
2656 1525 2781 1594 γῆς,
2812 1516 2903 1573 καί
2932 1519 3047 1579 οἷος
3079 1515 3292 1588 ἔνδοξος
3324 1516 3375 1573 ἐν
3408 1517 3645 1594 οὐρανῷ.

2274 1626 2330 1681 1’.
2365 1627 2552 1682 ‹‹⁹Ὀτε
2618 1623 2675 1680 δὲ
2730 1624 2931 1700 Ἰωσὴφ
2980 1624 3031 1679 ἐν
3093 1624 3357 1699 Αἰγύπτῳ
3414 1626 3503 1697 ἦν,
3542 1624 3855 1699 ἐπεθύμουν

2203 1711 2333 1768 ἰδεῖν
2385 1715 2485 1783 τήν
2545 1712 2687 1770 ῗδὲαν
2723 1714 2886 1769 αὐτοῦ
2936 1714 3028 1768 καὶ
3071 1715 3169 1782 τήν
3207 1714 3485 1791 μόρφωσιν
3515 1717 3617 1783 τῆς
3668 1711 3857 1788 ὅψεως

2201 1802 2383 1857 αὐτοῦ·
2417 1802 2505 1856 καὶ
2539 1800 2608 1856 δι’
2639 1802 2817 1877 εὐχῶν
2864 1806 2963 1856 τοῦ
3013 1802 3215 1870 πατρὸς
3245 1798 3440 1857 Ἰακὼϐ
3488 1800 3631 1857 εἶδον
3687 1803 3848 1858 αὐτὸν

442 1892 501 1947 in
530 1892 623 1946 die
656 1891 922 1964 vigilans,
953 1892 1276 1947 secundum
1310 1892 1464 1963 quod
1497 1896 1619 1946 erat
1648 1890 1839 1945 omnis
1868 1890 2091 1961 species

2212 1890 2251 1945 ἓν
2311 1890 2492 1967 ἡμέρᾳ
2545 1894 2859 1967 γρηγορῶν,
2890 1891 3007 1945 καθ’
3037 1891 3065 1945 ’ὀ
3109 1890 3176 1959 ἦν
3226 1897 3369 1945 πᾶσα
3417 1893 3454 1961 ἡ
3507 1889 3627 1946 ίδὲα
3660 1890 3852 1949 αὐτοῦ.

438 1980 938 2052 ejus.Cognoscite
977 1980 1175 2054 igitur,
1201 1981 1303 2036 filii
1328 1982 1463 2049 mei,
1496 1980 1649 2052 quod
1707 1979 1942 2034 morior.
1980 1979 2085 2034 Fa-

439 2069 551 2125 cite
572 2069 751 2142 igitur
774 2070 1075 2126 veritatem
1098 2074 1154 2125 et
1176 2070 1473 2141 justitiam
1506 2069 1911 2140 unusquisque
1951 2084 2085 2123 cum

438 2158 701 2230 proximo
732 2175 859 2225 suo,
892 2164 946 2213 et
966 2158 1257 2231 judicium
1286 2159 1343 2215 in
1376 2158 1510 2214 fidei
1549 2156 1967 2230 operationem,
2029 2160 2086 2212 et

437 2245 627 2319 legem
661 2247 886 2303 Domini
918 2252 975 2303 et
995 2249 1274 2303 mandata
1304 2248 1431 2319 ejus
1452 2246 1757 2303 custodite.
1778 2246 1909 2302 Haec
1928 2244 2084 2301 enim

435 2351 542 2392 vos
573 2352 675 2408 pro
702 2336 860 2392 omni
889 2336 1223 2392 haereditate
1251 2337 1447 2392 doceo.
1481 2337 1548 2391 Et
1593 2353 1693 2391 vos
1722 2334 1901 2407 igitur
1955 2334 2085 2389 date

438 2425 561 2480 hinc
610 2424 746 2480 filiis
793 2426 1001 2481 vestris
1049 2426 1107 2480 in
1158 2425 1589 2498 possessionem
1644 2425 2083 2496 sempiternam.

440 2514 556 2568 Hoc
589 2513 745 2568 enim
780 2515 1040 2569 fecerunt
1066 2513 1547 2579 Abraham,Isaac
1579 2516 1637 2568 et
1654 2512 1854 2567 Jacob.
1879 2510 2088 2567 Omnia

440 2600 564 2657 hinc
609 2602 894 2658 dederunt
914 2601 1082 2657 nobis
1118 2602 1531 2673 hereditatem,
1570 2601 1864 2656 dicentes:
1904 2621 1927 2651 ι
1973 2600 2084 2656 Cu-

440 2689 652 2744 stodite
692 2691 968 2746 mandata
1024 2690 1150 2757 Dei,
1202 2706 1506 2761 usquequo
1555 2688 1768 2745 revolet
1804 2687 2087 2744 Dominus

441 2775 696 2832 salutare
726 2794 899 2833 suum
933 2778 1207 2833 omnibus
1238 2778 1533 2849 gentibus.
1594 2778 1760 2833 Tunc
1812 2776 2087 2832 videbitis

442 2864 660 2931 Enoch,
693 2865 830 2933 Noe,
864 2870 921 2921 et
942 2866 1097 2935 Sem,
1122 2870 1179 2921 et
1199 2865 1516 2931 Abraham,
1548 2869 1605 2921 et
1636 2867 1795 2921 Isaac
1816 2869 1873 2920 et
1906 2865 2085 2921 Jacob

441 2958 816 3025 resurgentes
848 2972 882 3010 a
910 2954 1130 3010 dextris
1159 2955 1218 3009 in
1241 2953 1644 3011 exsultatione.
1686 2955 1850 3009 Tunc
1882 2959 1939 3009 et
1981 2970 2086 3009 nos

443 3042 1258 3115 resurgemus,unusquisque
1285 3044 1343 3098 in
1365 3047 1660 3114 sceptrum
1690 3043 2087 3112 nostrum,ad-

442 3134 679 3187 orantes
701 3131 915 3203 Regem
943 3130 1242 3199 oculorum,
1282 3132 1380 3203 qui
1411 3132 1469 3186 in
1526 3135 1681 3187 terra
1700 3130 1971 3203 apparuit
2025 3130 2086 3199 in

444 3220 633 3276 forma
652 3220 1385 3277 humanaehumilitatis.Et
1405 3224 1691 3293 quotquot
1719 3220 2089 3276 crediderunt

442 3309 493 3365 ei
510 3308 571 3365 in
587 3310 1218 3383 terra,congaudebunt
1244 3310 1317 3377 ei,
1331 3311 1563 3381 quando
1579 3314 1636 3366 et
1648 3325 1851 3365 omnes
1893 3325 2086 3364 resur-

443 3397 666 3469 gent,hi
682 3398 918 3469 quidem
932 3400 991 3454 in
1007 3398 1595 3471 gloriam,istiveroin
1609 3398 2092 3471 ignominiam.Et

443 3488 733 3559 judicabit
762 3488 1042 3546 Dominus
1074 3490 1135 3544 in
1165 3489 1373 3562 primis
1402 3488 1600 3556 Israel,
1634 3489 1704 3543 de
1735 3504 1802 3543 ea
1848 3504 1976 3559 quas
2031 3486 2091 3541 in

448 3577 663 3649 ipsum,
695 3576 1008 3648 injustitia,
1034 3579 1310 3649 quoniam
1330 3578 1736 3633 advenientem
1785 3576 1968 3632 Deum
2032 3576 2091 3630 in

446 3681 619 3721 carne
651 3664 1020 3721 liberatorem
1044 3683 1157 3722 non
1181 3667 1574 3724 crediderunt.
1610 3667 1677 3721 Et
1706 3670 1848 3721 tunc
1870 3665 2094 3736 judica-

447 3753 755 3809 bitomnes
781 3758 1297 3826 gentes,quotquot
1320 3772 1432 3810 non
1492 3754 1867 3810 crediderunt
1922 3753 1973 3809 ei
2032 3754 2092 3808 in

448 3847 600 3900 terra
630 3842 930 3914 apparenti
955 3860 969 3911 ;
994 3846 1050 3899 et
1071 3846 1277 3916 arguet
1303 3842 1362 3897 in
1390 3842 1589 3899 electis
1611 3842 1873 3915 gentium
1898 3842 2091 3911 Israel,

448 3932 944 4004 quemadmodum
969 3933 1267 4004 redarguit
1299 3934 1449 3988 Esau
1483 3933 1541 3988 in
1577 3932 1894 4002 Madinaais,
1919 3933 2091 3988 sedu-

449 4021 715 4077 centibus
747 4026 811 4077 ut
830 4021 1007 4078 frater
1030 4038 1229 4077 eorum
1266 4022 1428 4077 fieret
1449 4039 1550 4093 per
1566 4019 2008 4077 fornicationem
2039 4024 2097 4076 et

445 4108 870 4177 idololatriam;
920 4115 977 4166 et
1008 4110 1320 4167 abalienati
1352 4118 1491 4167 sunt
1521 4128 1555 4166 a
1586 4110 1723 4174 Deo,
1765 4109 2096 4166 excidentes

448 4198 520 4254 ab
552 4197 890 4254 haareditate
921 4198 1303 4271 filiorum,qui
1330 4216 1443 4255 non
1473 4199 1685 4255 timent
1736 4200 1917 4255 Deum
1956 4199 2092 4271 (31).

447 4285 563 4342 Vos
594 4289 787 4342 autem
803 4286 850 4343 si
876 4287 1261 4344 ambuletisin
1292 4287 1748 4345 sanctiﬁcatione
1770 4288 2095 4343 secundum

453 4515 632 4647 G(19)
689 4516 861 4588 Ὑμῖν.
915 4516 1072 4591 Ὑπὲρ
1127 4517 1218 4571 τὸν
1276 4520 1491 4592 πρῶτον
1543 4517 1677 4573 add.
1736 4517 1864 4573 cod.
1913 4516 2094 4573 Oxon.

503 4605 635 4644 ΕΑΒ.

503 4605 635 4644 RAB.

524 4660 637 4731 (20)
666 4658 783 4731 Ὅτι
815 4656 972 4731 αὐτος
1003 4656 1454 4731 λήψεταιμύτήν.
1486 4659 1726 4716 D;sunt.
1759 4662 1841 4715 In.

667 4727 1013 4811 ’sjtoctetk'ﬂ.
1047 4727 1365 4811 Ἀνατείλει.
1391 4727 1483 4787 τΙι).

694 4800 1050 4877 Μονογενοῦς.
1102 4802 1393 4877 ῌροφήτου
1443 4801 1575 4856 add.
1623 4800 1748 4877 cod_.
1798 4800 1978 4877 Oxon.
2021 4800 2101 4855 In.

672 4869 894 4947 Πρῶτόν
934 4869 1079 4947 ναόν.
1115 4869 1241 4947 Ϋοέ
1280 4869 1495 4947 πρῶτος
1539 4889 1654 4947 non
1701 4873 1773 4928 de
1818 4875 2103 4943 tempore,

461 4943 562 5016 sed
594 4943 732 5000 loco
749 4949 839 5000 est
866 4943 1245 5016 explicanda:
1271 4943 1465 5016 neque
1493 4943 1672 5016 enim_
1708 4946 2105 5016 auctorwtem-

459 5014 618 5086 plum
646 5016 904 5087 primum
936 5013 971 5071 a
998 5014 1305 5072 Salomone
1335 5013 1637 5087 conditum
1660 5014 1755 5070 hic
1787 5013 2109 5087 intelligere

460 5085 776 5159 potuit—ﬁed
804 5088 875 5143 ad
910 5087 1165 5159 primam
1196 5090 1420 5158 partem
1442 5086 1653 5159 templi
1679 5102 1819 5159 quae
1874 5085 2108 5159 diceba-

460 5156 557 5214 tur
574 5156 863 5224 Sanctum,
910 5156 1173 5229 digitum
1198 5156 1552 5215 intendisse
1574 5156 1850 5213 'videtur.
1896 5156 2109 5229 Oedam

461 5231 656 5356 taénen
685 5230 796 5356 liae
825 5227 1313 5303 expositione,ubi
1344 5229 1520 5286 aliam
1551 5229 1849 5286 meliorem
1872 5227 2110 5284 allatam

461 5317 511 5356 v1
560 5317 677 5356 ero.
730 5318 787 5356 n.

460 5317 677 5357 VIGBI‘O.
703 5317 787 5357 ID.

531 5373 649 5444 (24)
690 5372 789 5428 Kal
864 5369 1368 5443 ὲξουθενωθήσεται.

464 5441 647 5500 Oxon.
684 5446 768 5499 In.

531 5515 647 5581 (24)
704 5506 1078 5583 Καταϐήσεται
1146 5514 1361 5583 πνεῦμα
1440 5516 1571 5569 Θεοῦ
1650 5509 1737 5567 ἐπὶ
1818 5509 1886 5566 τὰ
1964 5506 2111 5579 ἔθνη.

466 5587 665 5641 lnnuit
693 5592 895 5642 auctor
916 5586 1085 5641 verbo
1122 5583 1506 5653 καταϐήσεται,
1565 5586 1686 5640 fore
1742 5588 1806 5639 ut
1861 5583 2115 5655 Spiritus

1463 5375 1685 5428 Desunt
1765 5370 1826 5426 in
1917 5369 2111 5427 Grmco

2196 1979 2493 2035 Γινώσκετε
2549 1977 2668 2051 οῦν,
2698 1980 2857 2034 τέκνα
2911 2000 3036 2051 μου,
3068 1977 3151 2033 ὅτι
3194 1979 3541 2050 ἀποθνήσκω.
3576 1982 3852 2049 Ποιήσατε

2195 2066 2286 2122 οῦν
2321 2065 2577 2138 ἀλήθειαν
2610 2068 2699 2122 καὶ
2731 2065 3075 2138 δικαιοσύνην
3106 2065 3331 2130 ἕκαστος
3384 2068 3518 2141 μετά
3566 2073 3666 2123 τοῦ
3708 2067 3855 2138 πλη-

2194 2156 2308 2213 σίον
2358 2155 2545 2225 αὐτοῦ,
2576 2158 2665 2212 καὶ
2702 2162 2875 2233 κρῖμα
2912 2156 2987 2219 είς
3032 2157 3423 2227 πιστοποίησιν
3452 2160 3591 2231 (26),
3621 2158 3716 2213 καὶ
3761 2158 3851 2213 τὸν

2192 2240 2361 2320 νόμον
2393 2244 2590 2322 Κυρίου
2620 2245 2831 2308 καὶτὰς
2860 2244 3081 2307 ἐντολὰς
3131 2244 3293 2301 αὐτοῦ
3343 2245 3633 2323 φυλάξατε.
3664 2251 3846 2301 Ταῦτα

2192 2336 2293 2411 γὰρ
2355 2335 2492 2407 ὑμᾶς
2550 2334 2662 2389 ἀντὶ
2719 2335 2899 2405 πάσης
2960 2333 3337 2410 κληρονομίας
3412 2332 3676 2393 διδάσκω.
3738 2336 3843 2391 Καὶ

2194 2423 2351 2497 ὑμεῖς
2383 2421 2473 2478 οῦν
2506 2420 2627 2478 δότε
2655 2422 2789 2477 αὐτὰ
2817 2428 2935 2484 τοῖς
2960 2424 3171 2485 τὲκνοις
3203 2423 3356 2497 ὑμῶν
3391 2422 3467 2487 εἰς
3510 2426 3841 2500 κατάσχεσιν

2194 2511 2436 2567 αἰώνιον.
2468 2516 2635 2567 Τοῦτο
2685 2513 2790 2588 γὰρ
2848 2510 3106 2584 ἐποίησαν
3159 2507 3433 2586 ’Δϐραὰμ,
3492 2513 3585 2567 καὶ
3644 2514 3849 2585 Ἰσαὰκ,

2194 2600 2284 2656 καὶ
2334 2594 2547 2658 Ἰακώϐ.
2595 2604 2772 2655 Ταῦτα
2825 2597 2999 2655 πάντα
3058 2602 3205 2673 ἡμᾶς
3260 2598 3845 2674 κατεκληρονόμησαν,

2197 2689 2459 2752 εἷπόντες’
2512 2713 2541 2742 ‹‹
2592 2688 2908 2759 Φυλάξασθε
2964 2690 3060 2751 τὰς
3119 2688 3343 2750 ἐντολὰς
3397 2693 3496 2745 τοῦ
3552 2694 3715 2758 Θεοῦ,
3742 2686 3847 2751 ἓως

2195 2778 2322 2834 ὅτου
2355 2780 2383 2833 ὁ
2423 2777 2617 2854 Κύριος
2671 2776 3012 2851 ἀποκαλύψει
3055 2774 3119 2831 τὸ
3168 2779 3439 2852 σωτήριον
3490 2776 3655 2832 αὐτοῦ
3716 2784 3843 2831 πᾶσι

2193 2873 2311 2929 τοῖς
2360 2865 2549 2923 ἔθνεσι.
2580 2865 2710 2921 Τότε
2756 2861 2949 2940 ὄψεσθε
2993 2865 3192 2942 Ἑνὼχ,
3225 2870 3369 2936 Νῶε,
3414 2865 3505 2920 καὶ
3558 2866 3711 2939 Σήμ,
3754 2865 3843 2921 καὶ

2197 2952 2467 3033 ’Δὸραάμ,
2526 2954 2615 3011 καὶ
2666 2956 2861 3022 Ἰσαὰκ,
2916 2953 3004 3009 καὶ
3066 2950 3260 3009 Ἰακὼϐ
3335 2955 3722 3028 ἀνισταμένους
3786 2954 3845 3009 ἐκ

2196 3044 2380 3117 δεξιῶν
2434 3044 2486 3099 ἐν
2547 3042 2886 3121 ἀγαλλιάσει.
2917 3045 3030 3116 (27)
3059 3042 3190 3099 Τότε
3236 3042 3324 3098 καὶ
3383 3046 3547 3115 ἡμεῖς
3603 3044 3843 3114 ἀναστη-

2196 3133 2419 3207 σόμεθα,
2465 3130 2688 3195 ἕκαστος
2734 3132 2821 3188 ἐπὶ
2869 3135 3143 3206 σκῆπτρον
3193 3134 3378 3205 ἡμῶν,
3419 3137 3843 3208 προσκυνοῦντες

2193 3225 2285 3279 τὸν
2335 3220 2572 3279 Βασιλὲα
2616 3225 2722 3276 τῶν
2772 3220 3038 3297 οὐρανῶν,
3081 3221 3173 3276 τὸν
3221 3219 3309 3276 ἐπὶ
3357 3228 3459 3298 γῆς
3512 3220 3740 3298 φανέντα
3799 3220 3848 3275 ἐν

2201 3315 2384 3391 μορφῇ
2442 3310 2728 3387 ἀνθρώπου
2782 3310 3159 3372 ταπεινώσεως
3215 3312 3351 3384 (28).
3386 3310 3485 3367 Καὶ
3548 3309 3665 3366 ὅσοι
3730 3310 3844 3365 ἐπί-

2197 3419 2415 3455 στευσαν
2451 3398 2597 3471 αὐτῷ
2626 3396 2715 3452 ἐπὶ
2760 3404 2884 3473 γῆς,
2923 3399 3366 3474 συγ-χαρήσονται
3410 3397 3578 3469 αὐτῷ,
3610 3398 3701 3453 ὅτε
3740 3400 3847 3471 (29)

2200 3489 2287 3543 καὶ
2320 3487 2511 3548 πάντες
2540 3486 2956 3558 ἀναστήσονται,
2990 3486 3043 3541 ol.
3098 3487 3193 3559 μὲν
3238 3486 3313 3547 εἲς
3366 3483 3542 3556 δόξαν,
3576 3487 3630 3540 οἱ
3660 3484 3719 3540 δὲ
3776 3487 3848 3547 εἷς

2202 3575 2436 3649 ἀτιμίαν.
2470 3574 2568 3631 Καὶ
2598 3580 2773 3650 κρινεῖ
2814 3574 3009 3650 Κύριος
3066 3573 3118 3629 ἐν
3174 3575 3415 3649 πρώτοις
3464 3575 3555 3629 τὸν
3607 3574 3844 3650 Ἰσραὴλ,

2199 3667 2324 3741 περὶ
2354 3671 2455 3734 τῆς
2486 3664 2561 3726 εἷς
2600 3663 2759 3719 αὐτὸν
2815 3661 3045 3733 ἀδικίας,
3079 3662 3160 3718 ὅτι
3221 3663 3662 3739 παραγενόμενον
3718 3664 3841 3719 Θεὸν

2202 3755 2253 3809 ἐν
2282 3753 2437 3828 σαρκὶ
2479 3751 2845 3828 ὲλευθερωτήν
2892 3752 2992 3807 οὐκ
3044 3750 3379 3809 ἐπίστευσαν.
3413 3752 3511 3807 Καὶ
3559 3752 3685 3808 τότε
3733 3772 3848 3827 κρι-

2200 3848 2282 3898 νεῖ
2309 3840 2479 3897 πάντα
2508 3841 2573 3896 τὰ
2602 3837 2748 3912 ἔθνη,
2775 3839 2874 3895 ὅσα
2903 3840 3004 3895 οὐκ
3050 3840 3360 3895 ἐπίστευσαν
3408 3840 3557 3913 αὐτῷ
3610 3839 3702 3895 ἐπὶ
3750 3846 3847 3914 γῆς

2203 3933 2436 4011 φανέντι·
2470 3931 2559 3985 καὶ
2591 3928 2793 4006 ἐλέγξει
2827 3929 2877 3983 ἐν
2902 3935 3023 3992 τοῖς
3066 3928 3343 3992 ἐκλεκτοῖς
3389 3934 3496 3985 τῶν
3544 3930 3713 3994 ἐθνῶν
3761 3930 3843 3983 τὸν

2203 4018 2446 4097 ,Ισραῆλ›
2480 4019 2660 4095 ὥσπερ
2690 4017 2889 4094 ἤλεγξε
2908 4019 3001 4075 τὸν
3032 4020 3199 4077 Ἡσαῦ
3231 4018 3282 4073 ἐν
3314 4023 3435 4081 τοῖς
3492 4016 3846 4089 Μαδηναίοις,

2200 4116 2319 4172 τοῖς
2349 4110 2681 4180 ἀπατήσασιν
2716 4110 2829 4182 (30)
2862 4106 3092 4186 ἀδελφὸν
3128 4108 3299 4163 αὐτῶν
3340 4106 3582 4185 γενέσθαι
3636 4104 3727 4161 διὰ
3755 4114 3848 4177 τῆς

2203 4198 2479 4273 πορνείας,
2526 4197 2616 4251 καὶ
2662 4203 2763 4266 τῆς
2819 4193 3293 4272 είδωλολατρείας·
3323 4195 3414 4251 καὶ
3463 4194 3848 4271 ἀπηλλοτριώ-

2203 4289 2371 4360 θησαν
2409 4290 2564 4343 Θεοῦ.
2622 4285 2911 4359 Γενόμενος,
2947 4282 3058 4358 οῦν,
3088 4284 3264 4356 τέκνα,
3300 4283 3351 4340 ἐν
3415 4282 3595 4361 μερίδι
3656 4279 3850 4362 (9060c-

2299 4518 2390 4590 26)
2423 4514 2522 4591 Kai
2546 4520 2720 4591 κρῖμα
2749 4513 2824 4591 είς
2856 4512 3275 4591 πιστοποίησινη
3295 4516 3527 4572 Omissa
3570 4518 3730 4591 sunt.
3778 4514 3852 4591 I_D.

2301 4582 2397 4657 27⁷)
2450 4582 2593 4643 Τότε·
2635 4582 2727 4641 {cui
2783 4589 2947 4660 ἡμεῖς
3012 4582 3448 4660 ἀναστησόμελθα,
3478 4626 3490 4639 ,
3520 4630 3533 4642 ,
3593 4582 3853 4660 aut-mi?

2134 4639 2177 4705 Ι)
2208 4639 2740 4729 τεξὲίναᾶἑήέτοῷξῷ
2776 4639 2946 4728 ,"ot'
2974 4639 3234 4729 μὶνί⁷ίέιξί
3259 4639 3458 4727 “δὸξάν
3486 4639 3532 4727 ,⁷
3564 4656 3618 4729 οἱ
3680 4652 3739 4709 δὲ
3790 4652 3857 4712 εἰς

2215 4731 2453 4803 ἀτιμίαν.
2487 4727 2705 4789 Ultima
2732 4731 2909 4787 verba
2933 4727 3245 4803 desumpta
3274 4736 3507 4803 suntex
3542 4727 3706 4803 Dan.
3762 4743 3854 4803 ξιξ,

2211 4806 2267 4873 2,
2302 4798 2519 4874 quibus
2550 4803 2701 4858 hanc
2734 4803 2792 4857 in
2819 4817 2942 4856 rem
2976 4798 3167 4856 citatis
3189 4817 3422 4874 quoque
3442 4800 3503 4855 in
3535 4798 3856 4874 Midras_T2'l-

2216 4870 2507 4947 lim—super
2532 4876 2925 4947 psalmtacm‘,
2948 4875 3094 4947 v.,2_,
3125 4870 3280 4929 idem
3310 4870 3382 4929 de
3422 4870 3857 4947 resuscitatione

2217 4943 2591 5018 mortuorum!
2604 4963 2704 5018 per
2735 4943 3010 5018 Moesiam
3042 4944 3285 5018 docetur
3314 4944 3467 5016 quod
3508 4948 3713 5018 auctor
3767 4956 3857 4995 no.

2217 5024 2338 5074 ster
2360 5018 2522 5073 dixit.
2544 5014 2735 5073 verba
2764 5016 2845 5071 ibi
2878 5032 2940 5071 se
2986 5015 3205 5071 habent
3254 5014 3595 5085 seduentem
3649 5014 3711 5069 in
3750 5026 3857 5067 mo-

2218 5090 2389 5144 dum:
2425 5112 2453 5139 «
2483 5091 2892 5159 Futurumest
2922 5089 2987 5159 ut
3016 5087 3177 5143 nasci
3200 5087 3373 5159 faciat
3401 5086 3709 5159 (Messias),
3740 5099 3854 5138 om-

2220 5176 2325 5215 nes
2370 5159 2725 5217 dormientes
2775 5158 2836 5213 in
2884 5157 3139 5229 pulvere.
3197 5158 3353 5214 Dixit
3400 5156 3467 5215 R.
3519 5156 3853 5229 Nachman:

2218 5232 2582 5289 Dormientes
2607 5232 2668 5287 in
2714 5228 2964 5301 pulvere,
2997 5234 3139 5301 sunt
3171 5229 3409 5301 mortui,
3456 5230 3610 5286 sicut
3648 5228 3856 5301 dictum

2219 5311 2307 5429 θῗι
2328 5319 2343 5360 :
2367 5305 2447 5429 1Et
2472 5302 2639 5359 multi
2657 5299 2731 5358 de
2751 5301 2843 5357 his
2866 5299 2968 5371 qui
2995 5300 3369 5357 dormiuntin
3388 5306 3554 5358 terra
3578 5300 3856 5373 pulvere,»

2221 5391 2252 5429 e
2280 5390 2330 5429 c.
2392 5392 2445 5429 ι).

2221 5378 2330 5432 etc.
2367 5378 2445 5430 In.

2315 5446 2405 5503 28)
2433 5441 3043 5503 Tanetvdmawc.Deest.
3080 5440 3161 5498 ID.

2315 5446 2383 5500 28
2433 5446 3043 5503 Tanetvdmawc.Deest.
3080 5446 3161 5498 ID.

2315 5446 2405 5583 29)
2433 5518 2579 5571 "Ore.
2612 5511 2752 5570 Τότε
2782 5530 2894 5569 ms.
2938 5512 3100 5568 Trin.
3134 5513 3216 5569 In.

2296 5579 2408 5660 (30)
2440 5587 2825 5655 Ἀπατήσασινο
2858 5584 3245 5653 Ἀπιστήσασιν
3286 5585 3465 5643 habet
3502 5584 3630 5642 cod.
3688 5579 3852 5638 Oxon.

467 5660 707 5728 sanctus
737 5674 771 5714 a
801 5658 1108 5728 Synagoga
1125 5656 1461 5714 Judieorum
1517 5656 1836 5723 auferatur,
1866 5660 1924 5712 et
1947 5655 2118 5711 detur
2228 5655 2308 5714 In.

464 5725 736 5784 Ecclesia!
766 5725 1064 5802 gentiu'mf
1086 5727 1169 5783 In.

2298 5729 2407 5801 (31)
2462 5728 2785 5787 Euidentes
2833 5726 2903 5785 ad
2959 5726 3281 5786 haereditate
3315 5728 3582 5803 ﬁliorum,
3638 5724 3729 5798 qui
3757 5734 3849 5776 non
