3998 6348
303 399 469 462 1149

1473 396 2078 461 TESTAMENTUM
2135 397 2551 460 BENJAMIN.

3560 403 3718 463 “50

301 530 483 604 μίνων
510 527 602 585 τὸν
656 526 876 605 Κύριοψ
929 528 1084 603 ὑμεῖς
1134 524 1191 585 δὲ
1240 527 1325 585 ἐὰν
1377 528 1681 606 πορεύησθε
1712 529 1763 585 ἐν
1798 530 1945 604 ἁγια-

2065 530 2271 587 faciem
2308 530 2555 588 Domini.
2590 548 2795 589 rursus
2843 530 3187 590 babitabitis
3235 532 3295 589 in
3344 548 3449 605 spe
3479 532 3539 590 in
3570 550 3665 590 me
3695 560 3708 598 ε

296 616 428 692 σμῷ
474 619 614 674 κατὰ
660 618 955 693 πρόσωπον
1006 617 1227 695 Κυρίου,
1277 618 1441 675 πάλιν
1496 622 1845 689 κατοικήσετε
1898 616 1950 672 ἐν

296 704 484 763 ἑλπίδι
537 706 590 763 ἓν
641 706 801 781 ἐμοί’
847 708 935 762 καὶ
981 709 1373 784 συναχθήσεται
1420 708 1555 783 πρὸς
1602 706 1796 783 Κύριον
1849 711 1952 769 πᾶς

297 794 552 873 Ἰσραήλ.

374 887 477 943 ΙΑ’.
512 911 539 937 ‹‹
576 885 675 942 Καὶ
719 884 818 940 οὐκ
849 882 929 941 ’ἐτι
950 884 1303 957 κληθήσομαι
1330 884 1495 948 λύκος
1511 884 1703 960 ἅρπαξ,
1736 882 1826 939 διὰ
1854 884 1950 945 τὰς

295 974 543 1051 ἅρπαγὰς
574 974 761 1047 ὑμῶν,
819 973 943 1030 ἀλλ’
990 973 1218 1050 ἐργάτης
1267 974 1487 1050 Κυρίου,
1537 970 1790 1028 διαδιδὼν
1834 994 1955 1048 τρο-

296 1064 406 1140 φῆν
464 1068 581 1125 τοῖς
633 1062 1018 1138 ἐργαζομένοις
1066 1064 1128 1117 τὸ
1174 1062 1397 1138 ἀγαθόν.
1457 1064 1553 1117 Καὶ
1599 1063 1951 1133 ἀναστήσεται

296 1152 363 1207 ὲκ
388 1156 486 1207 τοῖ’)
534 1150 843 1226 σπέρματός
899 1172 1004 1224 μου
1031 1151 1105 1207 σὲν
1140 1152 1382 1227 ὑστέροις
1431 1158 1641 1225 καιροῖς
1674 1152 1952 1227 ἀγαπητὸς

294 1240 525 1315 Κυρίου,
556 1240 768 1296 ἀκούων
817 1240 917 1309 τὴν
965 1243 1076 1314 (32)
1126 1242 1309 1318 φωνὴν
1362 1240 1547 1313 αὐτοῦ,
1598 1242 1947 1315 γνῶσιν

294 1329 491 1398 καινὴν
524 1328 774 1397 φωτίζων
808 1327 977 1383 πάντα
1027 1329 1093 1383 τὰ
1139 1324 1283 1401 ἔθνη,
1325 1333 1439 1406 φῶς
1488 1328 1739 1405 γνώσεως
1784 1327 1949 1401 ἐπεμ-

294 1412 498 1473 ϐαίνων
531 1419 645 1490 (34)
674 1416 725 1471 ἐν
779 1415 1025 1493 σωτηρίᾳ
1050 1421 1129 1489 τῷ
1175 1417 1414 1493 Ἰσραὴλ,
1448 1417 1537 1472 καὶ
1586 1418 1839 1493 ἁρπάζων
1873 1418 1947 1479 ὡς

296 1504 469 1569 λύκος
501 1505 590 1561 ἀπ’
623 1504 821 1560 αὐτῶν·
854 1506 945 1560 καὶ
977 1503 1161 1568 διδοὺς
1184 1509 1253 1580 τῇ
1288 1509 1586 1583 Συναγωγῇ
1623 1510 1730 1561 τῶν
1764 1505 1945 1561 ἐθνῶν.

291 1593 389 1649 καὶ
428 1590 534 1656 ἕως
587 1593 896 1656 συντελείας
945 1597 1052 1648 τῶν
1106 1594 1315 1649 αἱώνων
1365 1590 1509 1649 ἔσται
1557 1593 1607 1648 ἐν
1656 1599 1775 1655 ταῖς
1823 1614 1946 1649 συν-

291 1689 538 1760 αγωγαῖς
566 1687 674 1738 τῶν
708 1683 896 1753 ἐθνῶν,
947 1683 1036 1738 καὶ
1088 1682 1138 1738 ἐν
1186 1688 1303 1745 τοῖς
1353 1684 1611 1760 ἄρχουσιν
1663 1682 1836 1738 αὐτῶν
1871 1683 1945 1746 ὠς

297 1772 561 1844 μουσικὸν
607 1769 775 1845 μέλος
826 1771 877 1826 ἐν
929 1770 1156 1845 στόματι
1198 1773 1433 1827 πάντων·
1485 1770 1575 1827 καί
1623 1771 1674 1827 ἐν
1729 1767 1943 1849 βίϐλοις

286 1865 414 1923 ταῖς
459 1860 637 1936 ἁγίαις
690 1854 834 1915 ἔσται
888 1860 1339 1962 ἐναγραφόὶμενος,
1385 1861 1474 1916 καὶ
1524 1861 1586 1962 τοδ
1634 1858 1810 1938 ἔργον,
1852 1861 1944 1962 καὶ
1977 1897 2025 1962 Β

293 1951 327 2006 ὁ
360 1948 523 2025 λόγος
557 1948 745 2005 αὐτοῦ·
772 1949 861 2003 καὶ
893 1946 1040 2004 ἔσται
1089 1947 1338 2010 ἐκλεκτὸς
1388 1953 1521 2005 Θεοῦ
1550 1946 1652 2012 ἕως
1689 1954 1785 2005 τοῦ
1814 1949 1947 2005 αἷῶ-

286 2057 404 2101 νος’
456 2038 547 2093 καὶ
590 2035 661 2093 δι’
701 2037 859 2094 αὐτὸν
913 2036 1150 2094 συνὲτισὲ
1202 2059 1269 2112 με
1315 2033 1511 2095 Ἰακὼϐ
1544 2039 1572 2093 ὁ
1602 2041 1782 2114 πατήρ
1818 2060 1943 2113 μου,

287 2125 493 2203 λέγων·
525 2151 555 2179 κ
586 2126 757 2189 Αὐτὸς
787 2126 1172 2203 ἀναπληρώσει
1213 2126 1281 2183 τὰ
1330 2127 1674 2203 ὑστερήματα
1718 2135 1818 2199 τῆς
1848 2150 1946 2206 φυ-

290 2214 400 2287 λῆς
430 2237 547 2275 σου.
583 2238 610 2270 ι

367 2306 467 2362 ΙΒ’.
526 2302 631 2361 Καέ
678 2304 752 2365 ὡς
805 2301 1092 2380 ἐπλήρωσε
1130 2302 1256 2366 τοὺς
1305 2301 1506 2380 λόγους
1554 2302 1741 2377 αὐτοῦ,
1778 2305 1944 2361 εἶπεν·

298 2415 322 2447 ι
357 2392 720 2466 Ἐντέλλομαι
772 2392 921 2466 ὑμῖν,
968 2393 1128 2448 τέκνα
1178 2413 1304 2465 μου,
1353 2393 1666 2470 ἀνενέγκατε
1712 2396 1778 2450 τὰ
1818 2394 1949 2450 ὀστᾶ

300 2502 409 2556 μου
452 2481 505 2553 ἐξ
554 2481 850 2558 Αἰγύπτου,
891 2482 979 2537 καὶ
1030 2484 1230 2558 θάψατὲ
1287 2504 1353 2557 με
1399 2483 1477 2546 εἰς
1526 2479 1745 2558 Χεϐρὼν
1792 2483 1947 2560 ἐγγὺς

297 2576 409 2626 τῶν
443 2571 689 2646 πατέρων
726 2592 851 2645 μου.
888 2596 917 2623 ››
946 2572 1045 2627 Καὶ
1098 2574 1327 2637 ἀπέθανε
1358 2572 1606 2645 Βενιαμὶν
1654 2574 1759 2645 ρκε’
1788 2572 1943 2646 ἐτῶν,

298 2658 353 2715 ἐν
384 2661 544 2735 γήρει
590 2660 763 2731 καλῷ,
790 2659 879 2715 καὶ
928 2656 1123 2731 ἔθηκαν
1173 2661 1331 2717 αὐτὸν
1382 2659 1431 2716 ἐν
1483 2663 1769 2737 παραθήκῃ

297 2747 398 2803 Καὶ
432 2747 485 2803 ἐν
510 2752 591 2820 τῷ
637 2747 968 2821 ἐνενηκοστῷ
996 2747 1099 2804 ἔτει
1146 2752 1245 2819 τῆς
1302 2747 1485 2821 ἐξὸδου
1533 2752 1641 2824 (36)
1670 2754 1776 2805 τῶν
1814 2751 1943 2806 υἱῶν

298 2835 525 2913 Ἰσραὴλ
672 2836 990 2914 Αἰγύπτου,
1034 2838 1188 2894 αὐτοὶ
1234 2838 1323 2895 καὶ
1373 2840 1426 2894 οἱ
1473 2837 1699 2916 ἀδελφοὶ
1745 2839 1943 2911 αὐτῶν,

293 2926 573 3002 ἀνήγαγον
620 2926 687 2980 τὰ
734 2924 867 2981 ὀστᾶ
910 2929 1017 2981 τῶν
1064 2928 1307 3004 πατέρων
1338 2927 1512 2983 αὐτῶν
1567 2927 1617 2983 ἐν
1648 2932 1861 3007 ικρυφῇ,
1890 2927 1940 2983 ἐν

296 3013 455 3087 τόπῳ
508 3012 786 3091 λεγομένῳ
835 3018 949 3088 (37)
990 3018 1220 3073 Χαναάνο
1273 3016 1362 3071 καὶ
1410 3014 1608 3091 ἔθαψαν
1657 3017 1851 3080 αὐτοὺς
1894 3016 1946 3073 ἒν

297 3097 555 3178 Χεϐρὼυ,
586 3104 733 3179 παρὰ
782 3102 907 3166 τοὺς
945 3101 1115 3167 πόδας
1157 3108 1263 3160 τῶν
1313 3104 1556 3181 πατέρων
1611 3104 1807 3163 αὐτῶν.
1842 3105 1945 3163 Καὶ

294 3191 453 3247 αὐτοὶ
512 3190 836 3268 ἐπέστρεψαν
885 3191 945 3248 ἐκ
996 3199 1100 3269 γῆς
1154 3194 1366 3251 Χαναὰν
1394 3238 1409 3265 ,
1465 3193 1555 3249 καὶ
1613 3192 1831 3268 ᾤκησαν
1892 3194 1945 3250 ἐν

2064 622 2121 675 et
2149 620 2598 694 congregabitur
2625 621 2819 678 omnis
2854 622 3029 680 Israel
3059 623 3130 679 ad
3162 623 3497 680 Dominum.

2132 884 2225 939 XI.
2255 907 2283 934 «
2318 888 2385 939 Et
2416 902 2529 941 non
2558 886 2811 959 amplius
2855 888 3105 943 vocabor
3132 887 3308 961 lupus
3340 905 3538 961 rapax,
3571 907 3710 963 pro-

2062 975 2191 1044 pter
2248 974 2483 1045 rapinas
2542 980 2787 1042 vestras,
2820 978 2921 1033 sed
2981 981 3249 1048 operator
3305 978 3554 1049 Domini,
3605 978 3709 1035 tri-

2061 1061 2248 1117 buens
2280 1063 2477 1119 cibum
2526 1065 2906 1136 cperantibus
2954 1065 3196 1121 bonum.
3232 1066 3299 1121 Et
3328 1066 3712 1124 suscitabitur

2060 1167 2130 1206 ex
2177 1152 2401 1209 semine
2452 1170 2579 1210 meo
2620 1155 2678 1210 in
2710 1155 2984 1211 extremis
3042 1156 3406 1228 temporibus
3461 1156 3713 1215 dilectus

2061 1240 2313 1312 Domini,
2346 1241 2592 1299 audiens
2621 1260 2819 1298 vocem
2856 1244 3001 1315 ejus,
3035 1244 3367 1316 cognitione
3400 1262 3546 1301 nova
3574 1245 3708 1301 illu-

2060 1329 2295 1385 minans
2347 1346 2552 1386 omnes
2604 1335 2826 1403 gentes,
2858 1331 3044 1387 lucem
3097 1332 3447 1404 cognitionis
3506 1350 3709 1390 accen-

2058 1417 2203 1473 dens
2254 1417 2451 1474 Israeli
2501 1418 2560 1474 in
2610 1418 2882 1490 salutem,
2916 1424 2973 1476 et
3018 1421 3249 1493 rapiens
3299 1428 3361 1476 ut
3410 1420 3586 1494 lupus
3635 1423 3709 1479 ab

2057 1503 2225 1577 ipsis,
2258 1510 2315 1560 et
2362 1506 2509 1562 dans
2568 1506 2882 1579 Synagagaa
2941 1507 3237 1579 gentium;
3298 1511 3354 1563 et
3408 1524 3595 1579 usque
3648 1508 3709 1565 in

2058 1596 2628 1651 consummationem
2690 1596 3041 1652 saeculorum
3111 1597 3223 1652 erit
3281 1596 3341 1652 in
3397 1598 3711 1671 synagogis

2056 1682 2341 1751 gentium,
2374 1687 2431 1738 et
2472 1682 2529 1738 in
2580 1683 2949 1756 principibus
2980 1701 3183 1740 earum
3214 1684 3366 1741 sicut
3414 1685 3709 1742 musicum

2056 1769 2239 1827 melos
2270 1771 2330 1827 in
2362 1788 2457 1828 ore
2488 1772 2783 1841 omnium;
2817 1777 2873 1828 et
2904 1772 2963 1828 in
2996 1773 3164 1830 libris
3194 1773 3417 1830 sanctis
3448 1774 3560 1830 erit
3586 1773 3709 1830 ins-

2056 1860 2302 1932 criptus,
2336 1864 2395 1916 et
2426 1877 2595 1932 opus,
2626 1865 2684 1917 et
2714 1878 2905 1917 sermo
2938 1862 3098 1933 ejus;
3132 1867 3189 1918 et
3216 1863 3328 1918 erit
3357 1861 3575 1919 electus
3604 1861 3706 1918 Dei

2059 1965 2243 2019 usque
2275 1949 2332 2003 in
2362 1948 2638 2004 saeculum
2673 1966 2686 2005 :
2719 1953 2777 2005 et
2804 1955 3044 2023 propter
3083 1950 3278 2022 ipsum
3310 1950 3585 2007 instruxit
3610 1966 3705 2007 me

2056 2042 2223 2108 pater
2254 2054 2418 2093 meus
2442 2038 2642 2107 Jacob,
2675 2037 2874 2096 dicens
2903 2056 2916 2094 :
2942 2062 2971 2090 ‹‹
3002 2040 3133 2112 Ipse
3163 2039 3410 2113 replebit
3438 2040 3701 2096 defectus

2055 2126 2244 2181 tribus
2275 2130 2406 2182 tuaa.
2423 2148 2452 2177 »

2126 2304 2244 2363 XII.
2278 2303 2348 2359 Et
2389 2306 2454 2359 ut
2493 2301 2757 2376 implevit
2786 2319 3085 2361 sermones
3115 2320 3275 2374 suos,
3306 2303 3450 2360 dixit
3480 2320 3493 2359 :
3527 2304 3698 2361 Man-

2057 2394 2130 2449 do
2160 2393 2343 2463 vobis,
2376 2391 2476 2447 ﬁlii
2520 2392 2653 2463 mei,
2689 2393 2894 2448 referte
2924 2409 3061 2449 ossa
3097 2408 3223 2447 mea
3252 2409 3319 2447 ex
3346 2393 3608 2466 Egypto,
3641 2397 3702 2450 et

2057 2480 2298 2554 scpelite
2347 2498 2439 2537 me
2496 2480 2557 2536 in
2616 2481 2842 2538 Hebron
2894 2498 3073 2554 prope
3120 2486 3313 2553 patres
3360 2498 3598 2539 meos.»
3633 2486 3702 2538 Et

2058 2574 2327 2627 mortuus
2358 2574 2447 2625 est
2476 2570 2779 2641 Benjamin
2824 2574 3058 2626 centum
3090 2569 3294 2643 viginti
3325 2586 3611 2627 annorum
3643 2575 3702 2628 et

2056 2658 2316 2730 quinque
2345 2657 2405 2714 in
2437 2663 2735 2715 senectute
2782 2658 2961 2725 bona;
2994 2662 3049 2716 et
3088 2664 3410 2731 posuerunt
3455 2675 3591 2716 eum
3639 2660 3699 2715 in

2055 2747 2242 2803 theca.
2276 2748 2347 2802 Et
2379 2746 2437 2801 in
2488 2747 2866 2820 nonagesimo
2897 2747 3085 2821 primo
3116 2765 3268 2803 anno
3318 2752 3451 2804 ante
3480 2749 3701 2805 exitum

2055 2834 2311 2892 filiorum
2344 2834 2522 2891 Israel
2562 2853 2630 2892 ex
2677 2837 2941 2909 Egypto,
2973 2835 3088 2909 ipsi
3133 2840 3193 2892 et
3246 2836 3451 2893 fratres
3498 2854 3702 2895 eorum

2054 2925 2411 2980 reduxerunt
2439 2941 2573 2981 ossa
2603 2929 2836 2997 patrum
2866 2941 3108 2980 suorum
3156 2925 3216 2979 in
3247 2925 3611 2998 abscondito,
3643 2925 3702 2982 in

2054 3011 2248 3070 locum
2279 3013 2504 3069 dictum
2536 3014 2839 3082 Chanaan;
2873 3017 2931 3069 et
2959 3012 3353 3085 sepeliverunt
3377 3030 3475 3071 eos
3507 3015 3565 3071 in
3597 3015 3703 3071 He-

2052 3104 2221 3169 bron,
2244 3103 2416 3173 juxta
2446 3103 2621 3175 pedes
2667 3105 2898 3174 patrum
2930 3118 3194 3158 suorum.
3227 3102 3295 3158 Et
3323 3102 3435 3175 ipsi
3486 3102 3701 3160 reversi

2053 3195 2195 3249 sunt
2226 3208 2294 3248 ex
2339 3195 2497 3248 terra
2541 3191 2834 3259 Chanaan,
2867 3195 2925 3247 et
2970 3190 3378 3247 habitaverunt
3423 3190 3483 3246 in
3527 3195 3700 3265 Egy-

297 3278 585 3357 Δίγύπτῳ,
636 3265 743 3344 ἓως
803 3265 1021 3356 ἡμέρας.
1068 3279 1253 3353 ἐξόδου
1308 3283 1483 3339 αὐτῶν
1543 3283 1601 3338 ὲκ
1632 3265 1741 3360 ⁷γῆς
1778 3283 1945 3362 Αἷγύ-

2064 3286 2155 3354 pto
2208 3297 2395 3353 usque
2425 3280 2498 3337 ad
2530 3280 2684 3337 diem
2736 3280 2927 3337 exitus
2958 3296 3161 3338 eorum
3210 3280 3281 3336 de
3325 3282 3483 3338 terra
3528 3282 3699 3355 Egyo

294 3389 458 3427 πτου.

466 3544 635 3609 Τέλος
671 3550 780 3601 τῶν
821 3542 888 3603 ιϐ’
927 3544 1197 3620 διαθηκῶν
1239 3554 1343 3605 τῶν
1386 3551 1514 3605 υἱῶν
1559 3546 1771 3611 Ἰακώϐ.

292 3747 492 3820 timent
522 3745 765 3820 Deum._¢
800 3744 956 3820 Facti
990 3763 1103 3802 non
1144 3746 1248 3803 ﬁlii
1295 3747 1356 3803 in
1406 3754 1568 3820 parte
1606 3750 1945 3807 timentium

294 3815 636 3888 Dominum,
661 3815 897 3888 »_habet
939 3822 1177 3888 uterque
1216 3815 1534 3877 codex—ms.
1569 3822 1709 3877 adeo
1741 3828 1805 3878 ut
1835 3823 1944 3879 Ro-

292 3887 497 3969 bertus
531 3904 633 3969 pro
663 3883 777 3969 οὖν,
811 3889 963 3969 quod
1002 3883 1523 3969 _in_'G_raaco_0xon.
1559 3892 1943 3969 bab_etu_r,_le-

292 3958 455 4030 gisse
501 3958 769 4013 videatur
821 3958 882 4012 οὐ
931 3960 1021 4084 μή
1062 3959 1277 4033 legitur
1326 3962 1384 4017 in
1434 3980 1543 4019 ms.
1579 3965 1704 4019 cod.
1755 3958 1940 4033 Trin.)

292 4034 622 4084 cunctaque
670 4030 793 4084 haec
831 4048 928 4084 ver
970 4048 1003 4084 a
1047 4033 1119 4084 ad
1171 4034 1585 4084 Drmcedentem
1637 4036 1939 4084 nerindnm

291 4034 631 4111 cunctaque
670 4030 793 4111 haec
821 4030 1003 4111 verba
1047 4030 1585 4111 adlpraﬁzcedentem
1636 4030 1941 4111 periodum

292 4100 706 4179 retule_rit.‘S_ed
732 4102 792 4156 in
815 4102 1012 4179 Graeco
1032 4100 1227 4179 codice
1248 4104 1428 4179 0xon.
1453 4123 1485 4159 a
1508 4100 1785 4179 νοοεὲγενό
1795 4128 1943 4179 μενοι

291 4172 446 4257 nova
475 4172 1001 4257 incipitperiodus,
1034 4175 1206 4257 gujus
1238 4175 1491 4257 primum
1506 4172 1691 4257 nco-Ion
1728 4172 1809 4235 ita
1840 4180 1944 4235 La-

290 4242 417 4323 tine
456 4248 547 4323 e_s_t
594 4242 1001 4323 reddendum:
1034 4242 1187 4323 Estis
1236 4242 1453 4320 itaque,
1501 4248 1624 4321 filii,
1673 4250 1732 4305 in
1783 4256 1945 4323 parte

290 4313 633 4369 timentium
667 4315 1001 4371 Dominum.
1036 4316 1217 4373 GRAB.

368 4386 483 4459 (32)
511 4386 638 4453 Τήν.
672 4385 794 4440 Ἐπὶ
824 4393 929 4459 γῆς
960 4387 1091 4443 add.
1118 4388 1191 4459 in
1212 4404 1323 4459 ms.
1357 4389 1515 4459 Trin.
1551 4392 1630 4446 In.

514 4459 728 4536 Γνῶςιν.
762 4456 867 4536 Καί
899 4461 1071 4512 ποιῶν
1110 4456 1354 4515 εὐδοκίαν
1400 4458 1709 4534 θελήματος
1757 4461 1943 4536 αὐτοῦ,

291 4527 432 4584 add.
468 4528 595 4583 cod.
627 4529 806 4586 Oxon.
840 4530 922 4586 In.

367 4599 483 4672 (34)
516 4599 899 4671 Ἐπεμοαίνων.
936 4596 1202 4672 Λάμπων.
1239 4603 1321 4658 ID.

367 4672 483 4743 (35)
513 4672 822 4745 Παραθήκη.
860 4674 1306 4747 Παρακαταθήκῃ.
1332 4674 1415 4730 ID.

2052 3369 2159 3443 pti.

2178 3549 2291 3622 (38)
2318 3548 2477 3607 Finis
2512 3550 2969 3605 Testamentorum
3004 3565 3085 3604 ιιι
3115 3548 3364 3622 ﬁliorum
3390 3548 3579 3608 Iacob.

2125 3746 2235 3818 (36)
2265 3741 2372 3818 Καὶ
2424 3740 2600 3818 ἐν-τῷ
2647 3739 2979 3818 ἐνενηκοστῴ
3031 3739 3137 3798 ἔτει
3183 3749 3282 3813 τῆς
3331 3739 3702 3818 ἰξόδουηΜε,

2054 3812 2228 3876 Τι’ἶηί
2262 3814 2313 3869 ἐν
2359 3818 2438 3887 τῷ
2496 3812 2830 3886 ἐνενηκοστῷ
2859 3812 3084 3887 πρώτῳ.
3118 3812 3247 3871 Hac
3304 3812 3501 3872 autem
3556 3817 3704 3872 bene

2054 3888 2303 3947 correxit
2376 3887 2754 3942 doctissimus
2819 3889 2921 3941 Du.
2981 3887 3334 3943 Dodwellus.
3395 3887 3478 3944 In.
3522 3918 3587 3929 —
3636 3888 3699 3942 In

2058 3962 2274 4019 Tabulis
2321 3959 2541 4013 scilicet
2585 3958 2995 4029 chronologicis,
3028 3958 3099 4013 ad
3148 3964 3403 4029 mentem
3446 3958 3701 4029 auctoris

2052 4052 2132 4090 xu
2172 4033 2638 4088 Testamenton
2683 4028 2953 4093 exaratis,
2982 4028 3132 4099 quas
3181 4028 3448 4084 consulat
3496 4028 3697 4099 lector,

2054 4106 2104 4162 si
2162 4103 2342 4166 lubet,
2401 4102 2555 4173 apud
2582 4101 2807 4173 *ipsum
2866 4099 3145 4173 Grabium
3198 4100 3398 4170 Spicil.
3459 4106 3615 4173 tum,
3654 4102 3697 4168 l,

2095 4195 2127 4232 a
2171 4192 2225 4247 g.
2254 4173 2359 4256 $66
2390 4169 2554 4243 seqq.
2581 4169 2827 4255 Easdem
2859 4169 3089 4227 tabulas
3112 4169 3440 4228 contractas
3469 4170 3703 4228 exhibet

2056 4193 2358 4305 Eaﬁricius
2390 4244 2525 4300 Cod.
2562 4243 2909 4315 Pseudengr.
2951 4242 3057 4297 Yet.
3096 4243 3232 4299 Tesi.
3263 4246 3405 4299 tom.
3445 4243 3488 4311 Ι,
3527 4259 3700 4317 pagg.

2050 4321 2158 4374 ’749
2188 4331 2353 4441 seq?
2838 4381 2865 4392 θ

2122 4391 2232 4468 (ξῖ)
2257 4394 2295 4468 Τ
2331 4407 2417 4457 πφ
2448 4384 2755 4468 1.9m??-
2786 4388 2873 4456 τιν
2903 4380 3158 4468 τεοληέμφ-
3192 4386 3275 4441 ιο·
3332 4459 3343 4468 .
3534 4457 3545 4468 .

2126 4462 2236 4534 (38)
2263 4460 2335 4534 In
2382 4457 2575 4534 codice
2604 4459 2675 4511 62
2697 4457 2824 4534 haec
2871 4457 2943 4513 ad
2993 4457 3180 4534 ﬁnem
3211 4459 3352 4512 sunt
3398 4457 3697 4534 ascripta:

2053 4526 2385 4604 Expliciunt.
2411 4530 2744 4604 Testamento
2787 4545 2883 4604 xu_
2910 4528 3359 4604 patriam/tarum
3407 4526 3702 4604 secandum

1972 4629 2019 4695 Β
2052 4598 2473 4695 ωηιξηειαιβορξηι
2526 4600 2742 4656 domini
2787 4598 3003 4657 Rabirii
3048 4598 3397 4666 Grosseteste,
3447 4600 3699 4655 Lincoln.

2051 4677 2311 4749 episcopi.
2345 4674 2427 4729 Id.
