4046 6350
437 389 590 447 115‘.)
1595 383 1964 450 ANONYMI
2010 388 2174 452 VIBI
2216 381 2682 450 APOSTOLICI
3699 383 3861 451 Ηὓο

436 536 566 574 rum
600 515 877 589 reliquiae.
904 517 1183 574 Reversos
1210 515 1365 574 enim
1399 534 1428 572 e
1457 517 1710 574 Canaam
1744 519 2038 591 Israelitas
2068 520 2364 575 habitasse
2395 519 2571 574 tradit
2599 517 2660 573 in
2705 519 2948 591 Egypto
2997 534 3183 591 usque
3229 519 3299 575 ad
3332 523 3485 575 diem
3529 521 3724 576 exitus
3758 541 3859 575 eo-

435 607 591 663 rum.
627 591 711 663 I_ta
740 594 1156 663 testamentum
1190 591 1452 663 ejusdem
1494 590 1841 663 Benjamini.
1894 592 2040 646 Tum
2089 591 2238 647 bello
2277 591 2475 661 aliquo
2520 589 2824 661 occupatis
2847 589 3151 663 Egyptiis,
3185 593 3549 648 occasionem
3581 599 3860 662 captasse

435 662 611 736 refert
639 661 1524 736 Israelitas,gPatriarcbassuos
1555 663 1632 736 ad
1658 662 1982 736 Hebronem
2031 663 2398 736 trasferendi,
2452 678 2627 736 opera
2662 666 2895 736 tamen,
2928 661 3003 736 ut
3031 663 3117 717 vel
3148 663 3554 736 ita/Egyptios
3580 661 3860 728 laterent,

439 732 816 788 clancularia.
852 734 936 786 Ita
966 733 1121 788 Test.
1157 734 1412 788 Simonis
1443 733 1551 787 loc.
1587 733 1684 788 cit.
1722 750 1734 788 :
1769 735 1831 787 Et
1861 734 2196 789 reduxerunt
2222 750 2288 789 ea
2317 735 2460 788 clam
2491 735 2551 787 in
2584 731 2725 788 bello
2769 735 3176 804 Egyptiarum.
3229 731 3419 804 Hune
3442 752 3663 790 annum
3715 753 3856 791 cum

441 821 603 881 a_nno_
625 823 658 859 a
689 808 874 881 mgrte
904 804 1047 881 Gadi
1078 804 1124 856 V
1159 804 1470 881 committit
1500 804 1658 881 illius
1689 805 2105 881 Testamentun

2185 806 2278 881 §_ic
2309 822 2464 881 enim
2495 805 2671 881 habet
2703 800 2854 881 :_K§1‘t
2877 800 3040 874 “pati
3082 805 3238 858 πέντε
3287 800 3378 881 ἔτη
3426 807 3701 881 ἀνῄγαγογ
3752 805 3856 859 αὖε

435 877 526 929 τὸν
561 874 636 936 εἷς
672 869 919 949 Χεϐρών.
955 876 1041 930 Ita
1072 877 1288 949 sentire
1319 893 1389 931 ne
1421 876 1656 949 quidem
1691 876 1878 949 potuit
1907 878 2139 930 Auctor.
2173 877 2268 949 Sic
2314 877 2469 949 enim
2505 880 2680 930 natus
2719 869 2937 949 fuisset
2989 881 3118 946 post
3156 869 3452 932 venditum
3497 869 3854 947 Iosephum,

439 964 615 1020 quem
646 947 821 1003 talem
854 952 1049 1001 noster
1071 949 1214 1020 facit
1239 948 1491 1020 Josepbo
1518 947 2004 1020 infensissimum.
2040 947 2225 1020 Facile
2251 947 2386 1020 inde
2418 951 2667 1009 constat,
2700 947 2902 1020 deesse
2933 964 3245 1003 numerum
3279 951 3580 1020 majorem.
3618 951 3855 1003 Rescri-

441 1015 698 1074 Bendum
742 1035 909 1091 ergo,
949 1018 1094 1071 Μετὰ
1139 1015 1533 1091 τεσσαράνὶοντα
1575 1015 1751 1091 πέντε,
1800 1019 1906 1091 vel,
1961 1017 2093 1088 μετά

2212 1018 2410 1091 Δπέντε.
2461 1023 2542 1072 Ita
2574 1019 2892 1091 procedunt
2940 1021 3158 1081 omnia,
3195 1037 3293 1088 pro
3327 1015 3543 1075 nostris
3576 1021 3858 1090 calculis,

439 1085 1027 1171 rectisslime.._‘(‘)bierit
1056 1091 1211 1171 eninm
1231 1085 1351 1171 Dan
1384 1107 1536 1171 apno
1560 1085 1969 1171 Promissionis
1994 1085 2224 1171 225,qu
2255 1095 2380 1171 erat
2400 1085 2590 1171 annus
2620 1095 2752 1144 ante
2776 1089 3158 1171 reliquiarum
3190 1085 3852 1171 d_eportationem_XLV:

432 1162 573 1216 Inde
604 1162 754 1216 situs
783 1161 899 1230 ille,
925 1178 1096 1232 quem
1129 1162 1287 1217 Gado
1319 1163 1770 1233 assignavimus,
1797 1161 2038 1216 miriﬁce
2068 1163 2466 1233 confirmatur.
2495 1161 2577 1215 Ita
2607 1177 2741 1231 ergo
2772 1161 2949 1216 sentit
2980 1169 3174 1217 noster
3203 1161 3437 1227 Auctor,
3467 1163 3514 1217 si
3543 1164 3685 1233 quid
3713 1181 3850 1218 sen-

434 1233 575 1288 serit
604 1233 714 1288 sibi
747 1238 1224 1289 consentaneum.
1250 1234 1374 1287 Non
1406 1232 1599 1287 tamen
1632 1233 1875 1304 proinde
1905 1249 2005 1304 pro
2038 1250 2169 1287 vero
2203 1249 2334 1287 mox
2365 1232 2696 1287 habendum
2721 1238 2827 1299 est,
2863 1233 3017 1302 quod
3050 1250 3252 1288 verum
3287 1235 3408 1304 ipse
3437 1232 3854 1289 crediderit.ld

435 1305 630 1374 potius
673 1305 1025 1375 colligerem,
1057 1305 1502 1375 Chronologiam
1546 1303 1704 1358 illam
1756 1305 1824 1359 de
1869 1303 1960 1358 bis
2016 1305 2290 1374 temporis
2339 1320 2594 1375 omnem,
2647 1320 2773 1373 quea
2825 1320 2989 1358 sacro
3037 1305 3218 1359 Textu
3275 1303 3387 1360 non
3435 1307 3663 1371 nititur,
3697 1306 3790 1360 vel
3823 1323 3854 1361 e

431 1373 748 1448 ratiociniis
782 1373 1108 1439 hominum,
1141 1376 1228 1430 vel
1263 1373 1374 1430 {ide
1405 1375 1558 1430 mala
1587 1375 1895 1448 oriundam
1916 1392 2066 1448 esse.
2092 1373 2299 1448 Noster
2329 1381 2479 1430 certe
2512 1373 2626 1448 alia
2655 1375 2854 1448 omnia
2885 1375 3065 1448 sentit
3097 1393 3128 1448 a
3159 1377 3448 1432 Demetrio
3482 1379 3638 1448 apud
3664 1379 3853 1432 Euse-

427 1448 594 1502 bium
624 1446 726 1502 lib.
760 1463 816 1503 Ix
848 1453 926 1503 De
953 1453 1239 1517 praeparat
1268 1448 1534 1518 Evangel.
1568 1463 1617 1500 c.
1648 1447 1737 1499 21.
1773 1447 2105 1518 Quodsane
2138 1447 2260 1501 ﬁeri
2292 1448 2385 1500 vix
2416 1446 2624 1517 potuit.
2659 1447 2708 1500 si
2759 1445 2974 1500 fuerint
3005 1447 3212 1501 utrivis
3246 1465 3452 1513 cnaava,
3486 1445 3618 1518 quae
3650 1450 3852 1503 nesci-

428 1536 584 1588 mus,
617 1523 823 1589 praeter
853 1535 1049 1573 sacras
1077 1520 1321 1588 litteras,
1354 1517 1754 1573 monumenta.
1790 1517 1905 1572 Hoc
1936 1517 2397 1590 itaqueroperam
2428 1517 2715 1582 dedimus,
2751 1519 2814 1571 ut
2837 1518 3093 1582 Auctori,
3127 1517 3567 1590 qualescunque
3597 1521 3853 1582 fuerint,

431 1607 550 1664 suae
574 1595 790 1664 saltem
822 1594 1156 1664 constarent
1181 1590 1474 1652 rationes;
1509 1606 1623 1642 non
1657 1594 1872 1656 autem,
1910 1593 1973 1643 ut
2003 1589 2253 1664 pro‘illis
2307 1590 2417 1644 fide
2465 1593 2662 1664 nostra
2703 1590 3068 1664 juberemus.
3103 1590 3223 1664 E_rit
3260 1589 3568 1664 autem’ne
3598 1593 3852 1664 quidem

428 1661 537 1716 hoc
570 1661 794 1728 inutile,
833 1666 898 1716 ut
927 1661 1330 1732 intelligantur
1377 1666 1618 1726 veteres,
1653 1666 1852 1732 nostro
1887 1664 2080 1715 tamen
2103 1660 2392 1730 juniores,
2436 1660 2483 1713 si
2533 1660 2680 1714 forte
2730 1661 3075 1732 venerandis
3120 1661 3588 1716 Patriarcbarum
3617 1660 3853 1717 'nomi-

429 1734 606 1787 nibus
636 1732 980 1787 hallucinati
1011 1731 1177 1786 illum
1209 1731 1393 1804 secuti
1424 1732 1656 1797 fuerint,
1688 1731 1865 1786 etiam
1897 1732 2319 1804 errantem.Est
2344 1735 2540 1804 autem
2572 1731 2892 1804 admodum
2918 1736 3183 1802 receptus
3205 1733 3360 1803 apud
3385 1749 3639 1804 nuperos
3659 1734 3849 1789 Chro-

429 1807 670 1874 nologos
701 1820 880 1870 error,
916 1820 1294 1876 errorumque
1323 1803 1572 1876 aliorum
1605 1804 1752 1876 fons,
1786 1803 1938 1873 quod
1974 1818 2044 1857 ne
2075 1803 2307 1873 quidem
2340 1802 2397 1856 in
2434 1802 2718 1876 veteribus
2751 1803 2892 1876 satis
2925 1808 3212 1876 accurate
3245 1802 3614 1876 distinguant
3647 1806 3854 1859 Histo-

429 1877 547 1930 rica
577 1877 646 1930 de
675 1876 847 1930 rebus
880 1875 988 1930 sibi
1020 1874 1331 1945 exploratis
1362 1874 1721 1929 Testimonia
1752 1876 1824 1929 ab
1856 1875 2194 1946 eorumdem
2220 1879 2481 1946 veterum
2516 1875 2864 1941 conjecturis
2897 1879 3074 1946 atque
3106 1874 3458 1931 ratiociniis:
3499 1877 3631 1931 Haec
3681 1877 3847 1931 enim

427 1947 476 2002 si
510 1947 1064 2014 internoscerentur,
1100 1964 1213 2001 non
1247 1947 1520 2017 quaelibet
1550 1946 1723 2001 eﬂata
1750 1963 1851 2017 pro
1884 1945 2185 2001 Historicis
2217 1945 2497 2000 haberent
2525 1946 2922 2000 Testimoniis.

425 2120 3084 2163 Μ

1421 2292 2835 2493 ΑΝΟΝΥΜΙ

1717 2638 1868 2721 IRI
1949 2631 2633 2722 APOSTOLICI

825 2839 1758 3000 EPISTOLA
1895 2841 2160 2996 AD
2291 2838 3428 2997 DIOGNETUM

1261 3222 2085 3318 DISSEBTATIO
2184 3219 2995 3316 PROCEMIALIS

1345 3458 1684 3529 (GALLAND.,
1719 3457 1825 3514 νει.
1865 3461 2016 3511 Ραιν.
2049 3455 2313 3521 Biblioth,
2348 3454 2390 3526 Ι,
2432 3452 2681 3525 Proleg.,
2714 3469 2905 3510 vam.

422 3798 466 3855 Ι.
499 3798 574 3852 De
604 3797 880 3867 Anonymi
901 3800 1015 3853 viri
1036 3797 1318 3867 apostolici
1347 3797 1602 3869 Epistola
1621 3798 1689 3853 ad
1715 3798 2060 3869 Diognetum
2095 3797 2148 3863 Α
2177 3795 2449 3863 cinnata;
2483 3794 2652 3865 cujus
2682 3794 2918 3849 tandem
2948 3793 3243 3865 exemplar
3271 3793 3527 3867 quinque
3560 3800 3695 3866 post
3727 3813 3837 3851 an-

490 3870 646 3940 cujus
694 3871 958 3924 editiones
1005 3872 1385 3924 enuntientur.
1433 3871 1611 3924 Minus
1657 3873 1802 3924 recte
1845 3871 2064 3924 Justino

491 3941 805 4011 M.ascripta
834 3951 1100 3996 censet-ur.
1134 3941 1299 4012 quue
1330 3943 1498 3996 variis
1528 3941 1881 4009 argumentis
1911 3942 2064 3994 evin-

484 4013 688 4084 citur.e
709 4015 992 4082 scriptoris
1019 4013 1350 4077 charactere,
1366 4022 1668 4084 temporum
1701 4016 1973 4067 notatione
2003 4027 2068 4066 ac

487 4084 630 4154 styli
658 4083 983 4140 discrimine
1010 4087 1264 4156 sumptis.

490 4189 642 4244 Dum
675 4189 940 4262 Epistolas
973 4191 1286 4264 Ignatianaa
1326 4190 1484 4262 prelo
1525 4188 2065 4255 committebantur,

419 4283 675 4333 mentem
726 4279 907 4334 subiit
950 4281 1220 4352 cogitatio
1261 4280 1331 4335 de
1379 4279 1628 4351 insignis
1681 4278 1950 4350 Epistolas
1992 4280 2062 4333 ad

418 4366 770 4438 Diognetum
804 4373 1059 4436 auctore,
1096 4370 1196 4441 qui
1230 4368 1440 4425 saeculo
1473 4386 1490 4423 1
1518 4369 1786 4423 floruisse
1833 4385 2062 4439 compe-

414 4454 581 4509 ritur.
614 4455 831 4512 Verum
863 4474 997 4512 cum
1031 4459 1100 4512 ab
1131 4459 1338 4531 lgnatii
1371 4457 1646 4512 societate
1680 4472 1867 4527 neque
1900 4457 2064 4526 Poly-

414 4561 628 4616 carpus
662 4562 848 4616 neque
881 4547 1088 4618 Papias
1137 4551 1336 4603 essent
1385 4546 1623 4601 omnino
1665 4545 2061 4617 disjungendi,

408 4634 716 4706 Anonymo
766 4635 1004 4690 demum
1053 4635 1175 4690 viro
1224 4635 1309 4689 illi
1355 4633 1673 4706 apostolico
1704 4633 1894 4688 locum
1927 4635 2064 4688 dare

410 4720 620 4776 saltem
652 4727 784 4793 post
831 4728 1102 4779 sanctum
1150 4723 1652 4796 Hierapolitanum
1701 4723 2061 4794 episc0pum,

419 4815 813 4881 opportunum
848 4812 1138 4869 daximus.

487 4898 1042 4957 Praestantissimam
1075 4902 1271 4972 itaque
1293 4901 1444 4956 hanc
1473 4900 1806 4972 Epostolam
1838 4900 2065 4972 primus

416 4987 607 5044 Graece
639 4990 696 5043 in
742 4989 931 5045 lucern
965 4991 1188 5061 extulit,
1232 4992 1432 5045 Latine
1477 4991 1647 5045 vertit
1694 4989 1965 5062 notisque
1994 4989 2063 5043 il-

415 5076 689 5134 lustravit
720 5079 1001 5136 Henricus
1031 5080 1362 5152 Stephanus
1392 5096 1544 5134 anno
1567 5080 1723 5142 1592,
1749 5096 1874 5149 quze
1906 5079 2063 5133 dein-

2176 3901 2305 3950 nos,
2338 3885 2439 3939 sed
2472 3887 2670 3939 minus
2701 3883 3028 3952 emendate,
3078 3883 3300 3938 Veneta
3345 3886 3630 3955 expressit
3665 3902 3677 3938 :
3713 3902 3836 3955 qua

2175 3974 2418 4045 proinde
2459 3971 2816 4044 posthabita,
2874 3976 3134 4027 nostram
3175 3973 3245 4027 ad
3282 3973 3661 4044 praecedentis
3695 3991 3833 4029 nor-

2176 4079 2331 4117 mam
2364 4061 2697 4133 exegimus;
2731 4076 2910 4130 eaque
2950 4060 3191 4132 insuper
3230 4062 3354 4116 suis
3385 4061 3526 4116 locis
3560 4063 3835 4117 restitui-

2176 4167 2330 4221 mus,
2364 4167 2490 4222 quea
2524 4150 2642 4206 sive
2673 4135 2941 4204 addenda
2972 4149 3091 4204 sive
3123 4150 3552 4206 emmendanda
3583 4168 3834 4208 monue-

2175 4245 2264 4295 rat
2293 4239 2669 4295 doctissimus
2700 4238 2906 4294 editor.

2245 4346 2520 4412 Quamvis
2571 4349 2764 4400 autem
2817 4345 3082 4399 eamdem
3123 4345 3441 4416 Epistolam
3494 4347 3838 4419 complures

2172 4436 2329 4491 haud
2362 4434 2680 4490 incelebres
2709 4433 3045 4505 scriptores,
3082 4433 3294 4489 smculo
3327 4435 3386 4489 in
3421 4436 3624 4506 primis
3654 4454 3834 4508 supe-

2173 4527 2345 4593 riore,
2378 4524 2437 4578 S.
2467 4523 2700 4578 Justino
2733 4523 2952 4593 absque
2985 4522 3105 4577 ulla
3134 4522 3501 4579 hmsitatione
3532 4526 3838 4594 adjudica-

2174 4615 2327 4679 rint;
2356 4629 2468 4667 non
2501 4612 2735 4667 defuere
2763 4616 2960 4666 tamen
2996 4610 3114 4682 alii,
3139 4628 3326 4683 neque
3360 4617 3699 4684 pauci,cum
3735 4615 3836 4669 in-

2173 4702 2341 4774 genio
2373 4706 2498 4755 tum
2534 4701 2796 4754 doctrina
2841 4705 3182 4771 praestantes
3229 4701 3360 4771 viri,
3409 4702 3507 4773 qui
3562 4704 3692 4769 ejus
3724 4721 3834 4758 au-

2171 4796 2389 4846 ctorem
2419 4789 2654 4844 Justino
2688 4787 2870 4843 multo
2921 4789 3314 4860 antiquiorem
3370 4806 3498 4845 esse
3527 4791 3833 4846 existima-

2174 4885 2331 4934 runt.
2382 4879 2502 4933 Hoc
2556 4880 2708 4932 inter
2755 4876 2976 4947 primas
3027 4882 3187 4933 tenet
3233 4877 3645 4933 Tillemontius
3704 4880 3834 4949 (1);

2175 4985 2348 5042 quem
2383 4968 2593 5022 deinde
2623 4967 2804 5021 secuti
2837 4972 2974 5022 sunt
3002 4968 3245 5022 Norrius
3274 4969 3372 5039 (2),
3396 4967 3731 5024 Baraterius
3754 4969 3838 5039 (3)

2173 5065 2231 5115 et
2261 5074 2446 5129 nuper
2477 5057 2716 5112 demum
2743 5055 2945 5111 Orsius
2976 5057 3075 5130 (4),
3106 5056 3193 5112 vir
3222 5061 3278 5112 et
3308 5057 3518 5114 litteris
3548 5061 3606 5114 et
3633 5058 3836 5132 digni-

413 5183 550 5238 ceps
583 5167 640 5223 S.
672 5168 887 5224 Justini
920 5169 994 5225 M.
1030 5147 1303 5241 ope—ribus
1336 5168 1554 5236 addita,
1587 5147 1805 5239 prodiit
1834 5167 1891 5222 in
1942 5168 2061 5222 edi-
2092 5167 2140 5232 Β
2173 5151 2292 5204 tate
2323 5147 2697 5218 conspicuus.

411 5255 670 5312 tionibus
710 5257 1185 5331 Heidelbergensi
1236 5259 1394 5325 1593,
1444 5257 1876 5313 Parisiensibus
1927 5257 2064 5311 1615

409 5349 466 5400 et
495 5345 656 5413 1636,
690 5346 1024 5404 Coloniensi
1078 5365 1176 5404 seu
1226 5347 1652 5419 Witebergensi
1696 5347 1853 5415 1686,
1887 5351 2063 5417 atque

401 5432 466 5488 in
500 5451 725 5507 nupera
743 5436 1054 5494 Parisiensi
1083 5439 1240 5504 1742,
1265 5440 1531 5493 omnium
1556 5452 1695 5492 sane
1725 5434 2062 5491 luculentis-

409 5521 580 5594 sima,
613 5540 788 5594 opera
817 5531 875 5581 et
904 5527 1100 5582 studio
1132 5527 1196 5582 V.
1231 5527 1290 5583 Ο.
1345 5524 1646 5581 Prudentii
1678 5525 1895 5580 Marani
1924 5541 2061 5580 con-

480 5665 560 5740 (1)
592 5664 822 5740 Tillem.
855 5669 1007 5723 Μόνη.
1043 5669 1256 5740 eccles.,
1291 5673 1434 5724 tom.
1460 5667 1530 5737 II,
1564 5682 1696 5738 pag.
1721 5667 1846 5733 493,
1879 5667 2060 5733 not.1,

412 5751 514 5788 sur
544 5735 599 5788 la
631 5739 918 5803 persécut.
954 5740 1024 5792 de
1055 5735 1266 5793 Néron'.

484 5806 561 5875 (2)
595 5804 804 5862 Nourr.
836 5807 1038 5880 Appar.
1069 5810 1139 5865 ad
1169 5810 1318 5866 Bibl.
1352 5811 1482 5880 PP.,
1513 5811 1659 5865 tom.
1692 5808 1736 5881 Ι,
1792 5825 1924 5882 pag.
1958 5810 2065 5864 445

415 5887 579 5952 seqq.

2244 5254 2444 5324 Neque
2492 5268 2632 5308 sane
2683 5250 2832 5306 levia
2878 5267 3007 5306 esse
3053 5251 3342 5322 videntur,
3392 5269 3520 5324 quas
3562 5253 3638 5308 ad
3682 5256 3834 5310 hanc

2173 5344 2524 5400 sententiam
2557 5340 2933 5396 astruendam
2968 5341 3027 5394 in
3061 5342 3319 5396 medium
3344 5342 3724 5413 proferuntur
3745 5360 3837 5397 ar-

2172 5435 2473 5504 gumenta,
2507 5447 2537 5485 e
2569 5429 2879 5484 scribentis
2931 5429 3309 5502 potissimum
3360 5431 3718 5497 charactere,
3766 5449 3838 5488 ac

2171 5527 2502 5593 temporum
2539 5519 2787 5591 stylique
2818 5519 3157 5576 discrimine
3195 5521 3407 5576 elicita.

2245 5665 2318 5736 (3)
2358 5665 2548 5719 Barat.
2583 5663 2824 5734 Disquis.
2876 5663 3091 5735 chrom,
3145 5681 3270 5737 cap.
3309 5665 3365 5730 6,
3405 5666 3432 5734 §
3474 5663 3526 5731 4,
3580 5680 3712 5736 pag.
3761 5663 3832 5719 76

2554 5807 2715 5863 Ister.
2748 5806 2878 5863 θεοὶ.
2911 5805 3012 5862 lib.
3065 5823 3126 5880 ιι,
3172 5807 3203 5885 §
3246 5809 3337 5883 26,
3385 5812 3525 5866 tom.
3559 5810 3605 5878 Ι,
3654 5821 3828 5884 pagg.
