3998 6348
174 355 334 414 1161

1064 354 1447 416 EPISTULA
1495 357 1598 415 AD
1645 355 2127 418 DIOGNETUM.
2166 387 2244 403 -—
2285 356 2699 417 PROOEMIA.

3425 359 3581 420 1162

247 486 321 540 Et
352 483 611 557 primum
645 483 882 554 quidem
917 485 1060 540 satis
1081 486 1483 557 aperteprodit
1510 486 1824 559 auctor(5),
1858 489 1913 554 Α
1944 490 2040 558 pta
2073 488 2184 559 (11)
2219 505 2231 556 ;
2265 491 2330 543 ut
2369 487 2610 560 proinde
2641 487 3216 559 argumentumillud
3249 490 3404 561 quod
3428 505 3497 545 ex
3516 506 3582 546 eo

167 573 578 645 apostolorum
607 573 926 644 disciplina
986 591 1112 630 sese
1148 576 1463 644 addixisse,
1506 591 1824 647 eorumque

167 662 466 717 exstitisse
501 660 1210 717 auditorem.’A1toc‘co').cov
1233 662 1525 738 γενόμενος
1554 665 1824 736 μαθητὴς,

165 749 397 824 γίνομαι
429 746 987 809 διδάσκαλοςέθνῶν.‹‹
1012 757 1154 807 Cum
1191 753 1396 808 fuerim
1426 755 1821 825 apostolorum

162 839 600 911 discipulus,ﬁo
631 841 893 913 gentium
928 841 1370 906 doctor.»Quod
1405 860 1544 898 sane
1579 859 1690 897 non
1712 841 1822 897 nisi

165 929 493 983 admodum
525 928 844 1000 improprie
875 930 944 984 de
972 930 1205 986 Justino
1251 931 1384 1001 quis
1418 931 1643 986 dixerit.

242 1018 464 1073 Deinde
495 1017 887 1073 Christianam
948 1019 1286 1091 religionem
1321 1037 1519 1074 recens
1563 1023 1822 1074 exortam

167 1106 392 1178 saepius
414 1105 669 1162 inculcat
693 1111 887 1162 noster
933 1110 1296 1180 Anonymus.
1332 1108 1646 1180 Alloquens
1667 1108 1823 1163 enim

168 1196 526 1267 Diognetum
587 1196 696 1251 sub
738 1195 972 1251 initium
1014 1196 1282 1267 Epistolas
1309 1197 1385 1268 (6)
1420 1213 1432 1252 :
1469 1218 1496 1247 «
1538 1196 1716 1252 Video
1746 1201 1823 1264 te,

166 1285 388 1355 inquit,
421 1283 705 1339 acerrimo
737 1284 934 1341 studio
989 1285 1174 1340 teneri
1224 1285 1510 1354 discendi,
1570 1286 1703 1356 quis
1749 1285 1827 1340 sit

170 1372 412 1427 divinus
467 1371 932 1427 Christianorum
964 1373 1181 1442 cultus,
1235 1377 1292 1428 et
1323 1389 1427 1428 cur
1472 1389 1685 1428 novum
1717 1372 1824 1429 hoc

169 1477 364 1533 genus
395 1464 495 1514 aut
524 1460 797 1514 institutu
810 1460 936 1515 min
951 1462 1435 1517 consuetudinem
1458 1462 1650 1516 venire
1670 1476 1826 1518 nunc

169 1549 436 1620 coeperit,
468 1552 526 1603 et
567 1565 681 1603 non
722 1552 953 1620 prius...
990 1571 1018 1598 »
1048 1547 1108 1600 Τί
1160 1545 1223 1615 δή
1271 1568 1402 1602 ποτε
1448 1549 1626 1602 καινὸν
1664 1552 1823 1603 τοῦτο

165 1634 327 1709 γένος
376 1634 411 1702 ἢ
464 1631 800 1706 ἐπιτήδευμα
859 1634 1106 1703 εἷ’σῆλθεν
1154 1635 1229 1696 εἰς
1286 1638 1375 1689 τὸν
1434 1636 1548 1711 βίον
1594 1640 1706 1703 νῦν,
1737 1635 1825 1689 καὶ

170 1723 238 1777 οὐ
275 1723 540 1798 πρότερον
579 1767 591 1779 .
628 1725 704 1778 Ex
736 1741 869 1778 mox
927 1726 985 1779 in
1019 1726 1284 1780 eamdem
1327 1727 1673 1781 sententiam
1708 1727 1823 1796 (7):

177 1835 199 1862 ι
239 1813 556 1883 Postquam
589 1813 776 1867 factus
810 1813 1009 1879 fueris,
1034 1813 1190 1869 velut
1211 1815 1281 1868 ab
1315 1814 1693 1880 initio,novus
1724 1814 1824 1869 ho-

169 1918 296 1967 mo,
330 1907 528 1972 utpote
559 1902 849 1956 sermonis
875 1902 1028 1969 novi,
1061 1902 1216 1956 sicut
1271 1907 1327 1956 et
1357 1903 1480 1973 ipse
1530 1903 1831 1958 confessus

170 2007 261 2059 es,
278 1990 514 2044 auditor
535 1990 765 2044 futurus
791 2013 812 2042 ι
934 1986 1105 2063 λόγου
1136 1994 1321 2043 καινοῦ
1353 1990 1620 2064 ἀκροατὴς
1645 1988 1835 2062 ἐσόμε-

167 2098 288 2138 νος.
324 2077 748 2149 Nonnullisque
795 2078 1139 2148 interjectis,
1198 2079 1416 2134 clarius
1457 2079 1646 2133 adhuc
1677 2080 1831 2134 idem

170 2167 492 2222 conﬁrmat
514 2166 606 2220 his
635 2167 825 2220 verbis
848 2167 924 2237 (8)
962 2184 974 2220 :
1010 2189 1035 2216 (ι
1071 2171 1213 2222 Cum
1245 2168 1532 2239 superiori
1569 2172 1833 2238 tempore

171 2256 338 2310 Deus
372 2271 476 2309 nos
507 2254 871 2326 convicisset,
906 2271 1020 2309 non
1046 2271 1215 2326 posse
1241 2256 1417 2311 vitam
1436 2256 1711 2327 consequi
1730 2273 1830 2311 na-

179 2349 382 2399 turam
417 2348 701 2409 nostram,
735 2360 891 2398 nunc
915 2346 1108 2399 autem
1144 2345 1505 2399 Servatorem
1539 2345 1828 2398 ostendis-

171 2437 296 2501 set,
329 2433 429 2503 qui
459 2448 690 2487 servare
725 2436 922 2502 posset
951 2447 1018 2485 ea
1071 2431 1246 2486 etiam
1305 2449 1430 2502 quae
1462 2433 1678 2488 servari
1712 2449 1827 2488 non

171 2524 470 2592 poterant,
501 2525 664 2575 etc.»
698 2522 802 2571 Νῦν
832 2518 921 2571 τὸν
957 2524 1188 2594 Σωτῆρα
1221 2517 1413 2590 δείξας,
1452 2516 1668 2574 δυνατὸν
1718 2521 1825 2573 σώ-

173 2611 289 2674 ζειν
313 2604 497 2659 καίτὰ
551 2603 802 2675 ἀδύνατα,
858 2627 909 2661 κ.
967 2626 1018 2662 τ.
1071 2605 1126 2665 λ.
1187 2610 1254 2663 Et
1302 2609 1476 2680 paulo
1528 2613 1659 2681 post
1701 2611 1824 2681 (6):

174 2718 204 2745 ‹‹
245 2697 345 2751 Hic
397 2696 496 2767 qui
521 2713 769 2768 semper,
828 2696 998 2752 hodie
1031 2697 1210 2752 Filius
1238 2698 1491 2764 habitus,
1530 2715 1632 2770 per
1652 2715 1825 2769 quem

166 2783 432 2839 Ecclesia
481 2785 717 2839 ditatur.
758 2805 784 2837 η
822 2784 993 2845 Οὗτος
1044 2785 1071 2838 ὁ
1119 2784 1222 2855 ἀεὶ,
1268 2787 1504 2860 σήμερον
1557 2786 1677 2847 Υἱὸς
1729 2783 1824 2840 λο-

165 2871 401 2946 γισθείς·
434 2868 502 2924 δι’
533 2871 594 2925 οὗ
626 2871 971 2941 πλουτίζεται
1004 2875 1037 2941 ἡ
1071 2872 1389 2943 Ἐκκλησία.
1423 2877 1555 2941 Qum
1587 2877 1823 2946 quidem

165 2961 372 3017 omnia
402 2961 510 3016 rite
541 2978 847 3033 perpensa,
883 2963 1034 3018 atati
1064 2963 1284 3019 Justini
1316 2965 1605 3036 quadrare
1633 2964 1725 3018 vix
1759 2981 1825 3020 ac

170 3067 248 3106 ne
277 3051 372 3104 vix
403 3050 639 3121 quidem
671 3053 1017 3122 putaverim.

247 3139 398 3203 Quid
431 3139 832 3211 quod,templo
853 3140 1377 3212 Hierosolymitano
1400 3142 1592 3197 adhuc
1609 3145 1819 3197 stante.

1934 575 2294 632 Clementino
2327 576 2450 632 loco
2481 576 2552 631 ad
2585 576 2865 647 temporis
2897 576 3256 632 notationem
3298 577 3579 634 definien-

1933 665 2068 719 dam
2097 664 2365 736 superius
2397 664 2656 719 eruimus
2689 665 2982 737 (12),idem
3015 682 3269 738 quoque,
3292 667 3360 721 ad
3398 667 3579 723 nostri

1933 753 2215 825 Anonymi
2251 757 2474 808 aetatem
2509 754 2661 824 quod
2695 753 3256 826 attinet,urgendum
3279 755 3576 811 videatur:

1934 843 2192 912 adeoque
2214 841 2401 913 ipsius
2433 840 2695 913 Epistola
2725 846 2788 896 ut
2809 844 3058 898 maxime
3080 843 3290 899 Christi
3313 861 3465 900 anno
3487 845 3577 911 69,

1933 929 2235 1001 illiganda,
2294 935 2394 985 aut
2443 931 2602 985 ocius
2661 932 2836 986 etiam
2899 933 3164 1003 fortasse,
3200 934 3353 1003 quod
3390 933 3580 1006 magis

1933 1018 2140 1089 placet,
2174 1024 2235 1073 ut
2267 1035 2334 1074 ex
2367 1036 2499 1074 mox
2529 1019 2790 1075 dicendis
2817 1025 3184 1091 compertum
3211 1020 3327 1076 ﬁet.

2004 1108 2175 1162 Aliud
2209 1108 2467 1180 insuper,
2492 1113 2547 1162 et
2604 1125 2729 1164 meo
2763 1109 2997 1180 quidem
3032 1111 3250 1178 animo,
3284 1111 3438 1166 haud
3460 1110 3582 1167 leve

1932 1195 2213 1251 indicium
2247 1199 2505 1268 suppetit
2535 1214 2600 1252 ex
2633 1199 2833 1252 eadem
2857 1199 3138 1269 Epistula,
3172 1199 3388 1254 nemini
3422 1199 3578 1271 quod

1933 1286 2114 1342 sciam
2148 1286 2431 1341 hactenus
2462 1286 3080 1358 animadversum,quo
3103 1289 3436 1359 conjectura
3450 1304 3579 1360 pro-

1935 1375 2122 1446 posita
2152 1375 2222 1429 de
2269 1374 2457 1446 ipsius
2490 1379 2728 1430 auctore
2756 1375 2876 1429 viro
2909 1375 3224 1445 apostolico
3257 1377 3444 1448 magis
3463 1392 3583 1432 ma-

1934 1465 2140 1535 gisque
2172 1463 2618 1518 astruitur.Belli
2651 1463 2927 1518 nimirum
2958 1465 3109 1536 quod
3135 1469 3271 1519 tunc
3300 1465 3581 1536 temporis

1933 1552 2116 1609 Judaei
2142 1551 2318 1608 simul
2347 1555 2404 1607 et
2460 1551 2640 1608 Graeci
2680 1552 2957 1607 adversus
3016 1552 3378 1610 Christianos
3419 1569 3582 1625 gere-

1934 1641 2093 1707 bant,
2129 1640 2396 1694 meminit
2427 1644 2624 1695 noster
2656 1643 2991 1712 Anonymus
3023 1640 3183 1696 hisce
3214 1641 3408 1697 verbis
3429 1642 3580 1713 (13):

1934 1726 2062 1781 Ὑπὸ
2111 1725 2386 1782 Ἰουδαίων
2439 1726 2514 1788 ὠς
2564 1725 2871 1803 ἀλλόφυλοι
2924 1724 3314 1800 πολεμοῦνται,
3346 1727 3434 1782 καὶ
3482 1728 3585 1783 ὑπὸ

1937 1813 2219 1884 Ἑλλήνιον
2255 1813 2564 1868 διώκονται·
2599 1815 2687 1868 καὶ
2709 1816 2808 1884 τὴν
2838 1813 3011 1868 αἰτίαν
3044 1822 3147 1884 τῆς
3185 1814 3386 1891 ἔχθρας
3419 1814 3583 1872 εἷ’πεῖν

1945 1905 1994 1956 οἱ
2031 1908 2308 1975 μισοῦντες
2339 1903 2438 1957 οὐκ
2467 1901 2708 1977 ἔχουσιν.
2743 1926 2771 1954 «
2825 1906 3120 1959 Adversus
3162 1922 3260 1960 eos
3292 1906 3586 1973 (Christia-

1942 1994 2073 2061 nos)
2105 1997 2386 2062 tanquam
2411 1991 2768 2062 alienigenas
2797 1993 2985 2046 Judaei
3023 1992 3240 2047 bellum
3264 1998 3495 2065 gerunt,
3530 1999 3586 2049 et

1941 2081 2118 2135 Graeci
2150 2097 2248 2136 eos
2279 2085 2742 2151 persequuntur:
2777 2086 2834 2134 et
2864 2097 3062 2135 osores
3111 2097 3312 2136 eorum
3345 2098 3583 2138 causam

1942 2170 2385 2224 inimicitiarum
2416 2169 2606 2224 dicere
2637 2174 2954 2238 nequeunt.
2990 2192 3017 2216 »
3050 2171 3376 2240 Paucisque
3407 2171 3583 2226 inter-

1939 2259 2147 2329 positis
2169 2259 2312 2328 (14);
2354 2254 2498 2330 (Οὐχ
2525 2257 2675 2330 ὁρᾷς)
2695 2250 3218 2329 παραϐαλλομένους
3248 2255 3584 2332 θηρίοις,*ἱνα

1938 2345 2274 2420 ἀρνήσωνται
2322 2345 2412 2398 τὸν
2465 2344 2682 2419 Κύριον,
2738 2343 2825 2396 καὶ
2899 2345 2972 2416 μή
3040 2345 3411 2416 νιοιωμένουςς
3463 2344 3578 2418 Οὐγ

1939 2434 2089 2508 ὁρᾷς,
2124 2432 2235 2504 ὅσῳ
2261 2432 2503 2493 πλείονες
2533 2431 2878 2501 κολάζοντες,
2911 2431 3156 2503 τοσούτῳ
3186 2430 3582 2500 πλεονάζοντας

1938 2519 2141 2582 ἄλλους
2167 2541 2178 2577 :
2218 2543 2245 2572 «
2277 2523 2400 2578 Νοιι
2415 2523 2575 2576 vides
2602 2522 2858 2591 objectos
2877 2521 3013 2576 feris
3040 2526 3134 2588 ;ut
3165 2522 3454 2593 abnegent
3470 2522 3583 2578 Do-

1939 2613 2187 2676 minum,
2213 2616 2270 2665 et
2300 2627 2414 2666 non
2462 2610 2612 2664 vinei
2647 2610 2674 2663 ‘I
2703 2610 2828 2664 Non
2875 2609 3027 2675 vide,
3087 2626 3202 2679 quo
3251 2610 3448 2681 plures
3481 2610 3584 2682 qui

1937 2700 2238 2771 suppliciis
2252 2699 2534 2766 afficiunt,
2552 2714 2617 2753 eo
2638 2698 2920 2767 majorem
2953 2697 3202 2752 aliorum
3234 2715 3362 2753 esse
3379 2715 3585 2754 nume-

1936 2806 2066 2843 rum
2094 2793 2116 2843 ?
2149 2811 2176 2838 ››
2211 2788 2432 2851 Quibus
2464 2788 2521 2841 in
2551 2785 2742 2841 verbis
2773 2786 2888 2840 duo
2927 2787 3301 2856 potissimum
3328 2788 3587 2843 notanda

1935 2878 2280 2949 putaverim.
2317 2878 2385 2931 Et
2437 2876 2693 2946 primum
2727 2874 2961 2945 quidem
2992 2873 3253 2947 loquitur
3283 2881 3486 2931 auctor
3513 2877 3585 2932 de

1935 2965 2277 3020 Christianis
2326 2964 2620 3035 exjudteis,
2673 2964 2794 3019 sive
2853 2964 2925 3018 de
2988 2962 3061 3018 iis
3119 2963 3218 3034 qui
3271 2968 3582 3035 postquam

1935 3055 2213 3110 exiissent
2247 3055 2318 3108 ad
2350 3055 2548 3109 Jesum
2571 3056 2732 3108 extra
2761 3056 2973 3118 castra,
3003 3050 3422 3123 improperium
3451 3053 3580 3121 ejus

1935 3143 2267 3214 portabant,
2303 3146 2367 3196 ut
2398 3141 2595 3212 phrasi
2629 3145 2762 3195 utar
2791 3139 3072 3194 Paulina‘
3101 3155 3112 3194 :
3139 3145 3388 3195 testatur
3417 3156 3583 3195 nam-

169 3229 330 3283 hanc
363 3227 436 3282 ab
459 3245 519 3283 se
549 3227 826 3300 scriptam
850 3229 1166 3300 Epistolam
1182 3235 1382 3286 auctor
1399 3231 1556 3286 haud
1575 3231 1822 3287 obscure
1854 3219 1896 3285 C
1935 3247 2070 3303 que,
2113 3231 2389 3285 adversus
2439 3246 2538 3285 eos
2596 3234 2880 3300 tanquam
2928 3228 3267 3295 alienigenas
3312 3228 3576 3284 almis

174 3316 484 3372 declarat?
507 3321 583 3371 De
611 3317 828 3372 Iudaeis
861 3333 1118 3388 namque
1150 3319 1323 3374 verba
1354 3319 1828 3390 faciens,eosque

178 3421 321 3461 cum
352 3404 600 3460 ethnicis
613 3405 1485 3472 conferensetChristianis,haec
1505 3407 1700 3477 habet(
1713 3408 1824 3480 10):

169 3517 201 3543 ‹‹
231 3492 517 3550 Judzei....
553 3493 652 3564 qui
685 3510 787 3565 per
817 3495 1166 3566 sanguinem
1192 3501 1248 3551 et
1278 3496 1540 3551 nidorem
1575 3502 1632 3552 et
1663 3495 1825 3552 bolo-

167 3587 399 3650 causta,
433 3582 620 3637 facere
678 3597 739 3637 se
779 3587 889 3638 Deo
916 3583 1201 3638 sacriﬁcia
1241 3588 1468 3654 putant,
1501 3585 1647 3639 nihil
1679 3584 1824 3640 mihi

166 3671 406 3726 differre
450 3671 720 3725 videntur
749 3671 822 3725 ab
854 3671 946 3738 iis,
981 3671 1081 3742 qui
1114 3687 1290 3727 sensu
1323 3674 1581 3728 carentia
1619 3675 1821 3729 eodem

164 3760 393 3815 honore
420 3760 680 3814 studiose
713 3765 1206 3832 prosequuntur.»
1227 3762 1409 3816 Subdi
1427 3767 1568 3833 tque
1600 3761 1818 3818 statim:

164 3870 195 3898 ‹‹
228 3849 303 3902 At
333 3864 534 3901 eorum
568 3848 723 3902 circa
754 3849 915 3903 cibos
966 3848 1371 3904 meticulosam
1405 3851 1733 3905 cautionem
1767 3855 1823 3907 et

161 3936 646 4007 superstitionem
680 3937 831 3992 circa
875 3938 1210 4005 Sabbata,et
1231 3939 1577 4008 jactantiam
1610 3941 1680 3995 de
1712 3940 1817 3994 cir-

158 4024 553 4088 cumcisione,
586 4029 642 4079 et
675 4043 798 4096 qua:
834 4027 902 4080 de
927 4027 1156 4097 jejunio
1189 4044 1254 4082 ac
1285 4028 1600 4082 noviluniis
1632 4029 1816 4082 simu-

160 4115 314 4180 lant,
349 4129 479 4182 quze
513 4113 758 4168 ridicula
787 4121 923 4169 sunt
953 4120 1010 4170 et
1058 4115 1242 4170 relatu
1278 4117 1537 4188 indigna,
1569 4122 1623 4172 te
1665 4135 1697 4172 a
1727 4133 1819 4172 me

168 4204 402 4258 discere
434 4218 670 4257 necesse
707 4203 916 4258 habere
957 4221 1069 4258 non
1129 4205 1397 4261 arbitror.
1429 4227 1455 4254 »
1488 4205 1619 4260 Mox
1646 4222 1817 4261 vero:

166 4316 195 4342 «
235 4291 550 4346 Communi
580 4290 1310 4364 igitur(gentium)vanitate
1341 4295 1822 4367 etimpostura,et

166 4380 512 4435 Judaaorum
541 4379 879 4436 curiositate
927 4385 1100 4452 atque
1137 4382 1440 4452 jactantia,
1491 4384 1627 4453 jure
1655 4384 1819 4440 Chri-

166 4469 398 4525 stianos
453 4468 768 4538 abstinere,
802 4473 859 4524 te
909 4469 1141 4526 abunde
1181 4469 1455 4526 didicisse
1485 4471 1753 4527 arbitror.
1787 4493 1816 4521 ››

161 4552 498 4612 Ἰουδαῖοι...
557 4555 944 4630 ἀπέχονταιηοσ
1005 4556 1304 4629 ἀξιοῦσιηοο

162 4641 503 4718 προσάγουσι
567 4648 645 4714 τῷ
693 4648 806 4716 Θεῷ
865 4643 1132 4716 ταύτην...
1187 4642 1675 4721 διαμαρτάνουσι...
1728 4645 1819 4703 δο-

161 4736 345 4785 most.
381 4732 579 4787 Viden’
611 4732 705 4787 hic
735 4735 932 4789 omnia
978 4735 1059 4790 ita
1112 4735 1323 4807 efferri,
1357 4740 1423 4790 ut
1463 4753 1529 4792 eo
1561 4741 1820 4810 tempore

163 4839 283 4893 quo
317 4821 607 4878 scribebat
649 4824 1011 4895 Anonymus,
1071 4828 1266 4880 cultus
1313 4825 1597 4882 Judaicus
1629 4827 1820 4883 adhuc

159 4909 426 4982 viguisse
456 4910 779 4980 oportuerit
814 4911 841 4965 ‘I
875 4913 1154 4983 Loquitur
1184 4913 1340 4969 enim
1372 4914 1528 4969 haud
1563 4931 1731 4971 secus
1753 4933 1820 4971 ac

163 4997 435 5053 Clemens
461 4997 764 5053 Romanus
822 4999 878 5053 in
910 5000 1167 5071 Epistola
1199 5002 1218 5056 Ι
1252 5002 1567 5058 Corinthiis
1611 5003 1821 5059 inscri-

1362 4558 1460 4626 τὴν
1530 4558 1815 4646 θρησκεζαν
1849 4581 1896 4646 D

1937 3320 2155 3375 bellum
2189 3320 2331 3391 geri.
2363 3318 2612 3383 Scilicet,
2645 3316 2860 3388 inquit,
2889 3316 2985 3386 qui
3015 3317 3382 3387 exagitantur
3410 3316 3574 3371 Chri-

1936 3407 2130 3471 stiani,
2164 3408 2377 3462 Hebrzi
2430 3410 2576 3474 sunt,
2615 3406 2883 3460 Israelitae
2926 3413 3072 3470 sunt,
3123 3419 3303 3459 semen
3343 3405 3578 3464 Abrahz

1933 3503 2062 3551 sunt
2102 3497 2145 3564 ³,
2178 3496 2498 3565 eodemque
2527 3492 2811 3565 sanguine
2825 3492 2935 3548 sati
2955 3508 3069 3563 quo
3083 3496 3141 3547 et
3160 3508 3362 3548 eorum
3381 3509 3578 3564 perse-

1935 3589 2166 3640 cutores
2195 3584 2378 3638 Judaei
2405 3600 2418 3650 ;
2453 3582 2549 3653 qui
2582 3588 2775 3636 tamen
2802 3597 2900 3636 eos
2931 3580 3299 3636 insectantur
3329 3596 3395 3636 ac
3425 3580 3578 3637 bello

1931 3672 2494 3742 lacessunt,perinde
2511 3686 2576 3725 ac
2591 3670 2637 3725 si
2654 3671 3002 3739 alienigene,
3023 3666 3576 3745 ἀλλόφυλοιβεεοιιι,

1932 3763 1997 3816 Et
2022 3762 2129 3816 hoc
2161 3777 2300 3816 sane
2326 3775 2504 3815 sensu
2534 3758 2696 3814 illam
2719 3759 2977 3814 auctoris
3013 3759 3195 3814 nostri
3227 3759 3578 3813 sententiam

1930 3867 2057 3906 esse
2089 3849 2784 3920 accipiendam,nemo,ut
2811 3848 3082 3918 equidem
3115 3847 3577 3918 opinor,inficias

1929 3939 2338 4008 ierit.Hicjam
2373 3953 2590 4006 quaero,
2617 3936 2756 4006 quid
2791 3935 2949 3990 aliud
2985 3936 3054 3990 iis
3092 3934 3280 3989 verbis
3311 3933 3576 3990 innuissc

1929 4028 2228 4098 putandus
2287 4031 2481 4080 noster
2524 4033 2886 4095 Anonymus,
2939 4029 3321 4094 praeterquam
3368 4023 3574 4078 turbas

1927 4116 2059 4171 illas
2085 4133 2150 4170 ac
2190 4115 2505 4171 seditiones
2559 4130 2706 4184 quas
2749 4113 2820 4166 ab
2878 4111 3143 4166 Ecclesiae
3198 4111 3573 4166 incunabulis

1930 4207 2209 4260 adversus
2243 4202 2444 4258 fideles
2461 4219 2527 4256 ex
2541 4199 2982 4256 circumcisione
3013 4199 3244 4253 ciebant
3273 4199 3574 4254 incessan-

1927 4298 2016 4348 ter
2040 4293 2230 4348 Judaei
2289 4290 2788 4362 quemadmodum
2819 4294 2944 4342 tum
2993 4303 3061 4342 ex
3089 4288 3248 4342 Actis
3275 4286 3576 4358 apostolo-

1929 4399 2060 4438 rum
2091 4381 2312 4452 passim
2343 4381 2384 4446 ³,
2415 4384 2540 4434 tum
2570 4395 2637 4433 ex
2664 4375 3007 4449 Apocalypsi
3039 4377 3060 4410 ‘
3086 4376 3260 4448 plane
3290 4380 3529 4432 constat
3557 4394 3571 4444 ;

1927 4488 2075 4544 quas
2104 4471 2244 4526 item
2300 4467 2574 4538 deinceps
2605 4482 3027 4538 nonnunquam
3059 4465 3340 4521 excitasse
3383 4464 3577 4536 perhi-

1927 4562 2230 4626 bentur,ut
2259 4575 2328 4614 ex
2359 4556 2617 4612 Ecclesia
2645 4555 3017 4626 Smyrnensis
3047 4553 3295 4626 epistola
3321 4554 3380 4608 in
3416 4554 3576 4624 prin-

1930 4650 2044 4706 mis
2075 4649 2263 4719 liquet
2293 4646 2405 4717 (15)
2427 4644 2454 4698 ?
2485 4642 3287 4716 HarumigiturJudaicarum
3308 4658 3579 4713 persecu-

1929 4740 2156 4795 tionum
2187 4733 2460 4801 αὐτόπτης
2509 4733 2758 4803 scriptor
2821 4731 3067 4802 ipsemet
3098 4729 3475 4802 apostolicus,
3509 4745 3576 4784 ea

1927 4827 2140 4882 litteris
2170 4821 2534 4894 consignavit
2565 4838 2688 4891 quae
2739 4820 2911 4874 modo
2944 4819 3254 4875 retulimus
3283 4836 3296 4886 ;
3329 4834 3575 4891 quasque

1929 4915 2173 4989 proinde
2203 4912 2359 4966 haud
2392 4909 2664 4982 equidem
2696 4907 2958 4981 intelligo
2971 4925 3086 4980 qua
3116 4907 3338 4962 ratione
3355 4905 3574 4962 Justini

1929 5002 2294 5076 temporibus
2326 4998 2510 5072 aptari
2543 4998 2788 5069 possint.

241 5103 469 5184 *AHebr.
497 5120 630 5184 xm,
667 5105 752 5158 13.
814 5105 834 5139 ³
865 5107 916 5161 ΙΙ
956 5109 1060 5161 Cor
1080 5123 1156 5178 x1,
1206 5107 1295 5162 22.
1355 5107 1377 5142 ³
1419 5108 1546 5164 Act.
1579 5125 1700 5178 xm,
1734 5111 1804 5166 50
1834 5135 1847 5184 ί

1937 5130 2000 5183 ;v,
2030 5111 2065 5164 2
2099 5127 2113 5180 ;
2145 5124 2307 5174 xvm,
2338 5106 2442 5175 12;
2473 5121 2591 5174 xxx,
2623 5121 2760 5173 xxu,
2791 5107 2952 5174 xxiii,
2991 5120 3142 5171 xx1v,
3191 5118 3317 5158 xxv.
3340 5101 3363 5136 δ
3392 5105 3573 5172 Apoc.

163 5192 230 5242 11,
254 5175 292 5228 9
329 5198 344 5242 ;
378 5191 463 5239 111,
494 5175 549 5229 9.

255 5297 318 5439 5)
346 5297 531 5379 Anon.
562 5298 730 5368 Epist.
765 5300 834 5356 ad
859 5303 1131 5374 Diognet.,
1167 5319 1296 5374 cap.
1341 5304 1426 5358 11.

257 5371 295 5423 6
349 5369 520 5436 [διάη
553 5385 677 5439 cap.
714 5373 767 5427 1.

257 5369 318 5439 6)
349 5369 520 5441 lbid.,
553 5385 677 5441 cap.
714 5373 767 5427 1.

257 5443 320 5508 7)
351 5439 512 5513 Ιρἰᾴη
533 5439 660 5513 cap.
692 5445 746 5498 2.

258 5513 318 5582 8)
351 5510 519 5585 Ιρίᾠη
538 5510 668 5585 cap.
694 5515 749 5569 9.

257 5583 525 5657 921w...
558 5583 687 5657 cap.
719 5587 810 5642 ιι.

194 5699 204 5705 .
235 5654 357 5728 (10)
388 5654 549 5724 Ibid.,
581 5654 750 5729 capp.
783 5659 816 5713 3
836 5659 968 5716 61:4.

495 5781 759 5847 Ρηιιοι..
807 5786 917 5850 Ga.
968 5786 1046 5850 II.

2033 5307 2120 5374 1|)
2153 5303 2334 5358 Clem.
2364 5302 2549 5371 Epist.
2580 5299 2608 5356 Ι
2633 5299 2707 5374 ad_
2724 5298 2873 5374 Cor,
2907 5317 3032 5373 cap.
3065 5317 3180 5356 xu.

2030 5371 2117 5443 12)
2150 5375 2493 5443 Prolegom.,
2528 5387 2654 5443 cap.
2691 5371 2740 5438 1,
2773 5374 2800 5439 §
2828 5373 2881 5425 9.

2028 5443 2116 5515 13)
2137 5449 2324 5502 Anon.
2359 5446 2528 5515 Epist.
2554 5443 2623 5497 ad
2644 5443 2915 5513 Diognet.,
2946 5459 3071 5514 cap.
3103 5444 3158 5497 5.

2030 5514 2118 5587 14)
2149 5517 2307 5587 Ibid.,
2344 5514 2470 5586 cap.
2500 5514 2556 5568 7.

2027 5585 2116 5662 15)
2149 5585 2301 5662 Eccl;
2323 5585 2552 5662 Smyrn.
2585 5586 2756 5658 Epist.
2789 5585 2853 5641 de
2877 5587 2933 5642 S.
2980 5586 3271 5658 Polycarp.
3313 5587 3577 5654 martyr.,

1934 5659 2056 5734 cap.
2088 5659 2174 5730 12,
2211 5661 2297 5727 13,
2334 5659 2420 5716 17.

2002 5310 2024 5663 ξ

3183 5784 3254 5852 3Ἰ
