3998 6348
463 344 620 403 1163

1621 335 1665 390 Α
1678 332 1833 391 NON
1848 330 1985 391 YMl
2040 324 2195 389 VlRI
2240 319 2703 385 APOSTOLICI

3734 318 3885 379 ΗΜ

530 473 792 529 Alterum
849 486 980 525 vero
1003 468 1236 524 duobus
1285 468 1345 521 in
1377 465 1520 521 locis
1567 463 1761 519 allatis
1797 464 1999 516 notatu
2032 457 2115 513 di-
2145 459 2192 525 Α
2228 455 2804 512 attribui.Enimvero
2826 456 2960 525 post
2979 452 3203 508 divinos
3234 450 3577 523 scriptores,
3602 468 3639 505 a
3666 451 3885 522 quibus

466 578 646 636 gnum
662 561 804 615 illud
824 557 1260 628 occurrit,quod
1284 556 1486 610 eodem
1504 560 1760 623 tempore
1778 548 2109 622 qquudaai,

468 650 647 708 (ἂνωοὶ
704 664 933 718 quoque
991 647 1271 700 adversus
1328 643 1686 697 Christianos
1718 640 2109 712 pugnabant;

470 756 617 811 quos
648 743 704 793 et
731 738 867 807 feris
898 735 1126 807 objeclos
1157 733 1369 787 asserit
1398 730 1666 801 Epistolas
1708 734 1928 793 auctor,
1961 731 2017 781 et
2053 740 2113 780 eo

471 832 739 899 majorem
768 826 994 879 illorum
1020 839 1133 877 esse
1160 837 1457 876 numerum
1482 818 1840 889 pronuntiat,
1858 830 1961 886 quo
1988 815 2114 885 plu-

469 933 555 971 res
575 916 671 987 qui
695 930 781 970 eos
809 913 1095 983 suppliciis
1126 910 1402 980 afﬁciunt.
1464 906 1677 978 Ecquis
1720 922 1888 977 porro
1922 918 2114 974 perse-

471 1006 760 1060 cutionem
795 1002 1185 1056 Neronianam
1243 998 1333 1053 his
1389 994 1821 1051 characteribus
1851 990 2116 1063 apprime

470 1094 835 1165 designatam
868 1106 981 1144 non
994 1089 1186 1143 videat
1204 1087 1231 1141 ?
1253 1086 1517 1139 Primum
1533 1083 1825 1155 siquidem
1848 1080 2115 1135 eamdem

470 1181 928 1255 persecutionem
989 1175 1305 1247 respiciens
1342 1174 1606 1238 Hermas,
1667 1170 1916 1240 scriptor
1972 1167 2119 1223 alter

470 1268 823 1344 apostolicus
853 1267 1173 1336 eademque
1211 1266 1559 1333 tempestate
1588 1260 1799 1315 ﬂorens
1830 1273 1947 1328 qua
1977 1255 2117 1310 scri-

472 1360 661 1431 psisse
690 1359 957 1413 censetur
975 1359 1174 1408 noster
1195 1354 1630 1422 Anonymus,ut
1644 1346 1916 1418 superius
1929 1348 2118 1399 osten-

474 1449 669 1503 dimus
701 1448 839 1517 (16),
872 1460 1071 1498 eorum
1108 1440 1373 1494 meminit
1405 1439 1631 1509 (17)qui
1651 1438 1771 1506 jam
1796 1440 2119 1488 meruerunt

473 1538 726 1602 Deum,“
754 1533 905 1604 passi
931 1535 1061 1584 sunt
1088 1544 1260 1583 causa
1287 1528 1528 1580 nominis
1566 1526 1682 1595 ejus
1704 1523 1854 1577 feras
1876 1520 2116 1590 bestias,

473 1624 715 1697 ﬂagella,
748 1635 1005 1685 carceres,
1059 1631 1264 1672 cruces.
1330 1614 1541 1668 Deinde
1572 1628 1640 1666 ex
1696 1610 1891 1665 Tacito
1922 1608 2117 1663 erudi-

477 1730 611 1767 mur
639 1712 773 1781 (18),
808 1708 1149 1779 religionem
1209 1703 1598 1759 Christianam
1633 1702 1742 1755 sub
1769 1698 1971 1753 eodem
2003 1696 2116 1751 Ne-

474 1817 614 1856 rone
644 1815 757 1870 quo
783 1796 969 1867 magis
990 1799 1273 1862 vexatam,
1306 1808 1372 1845 eo
1397 1790 1621 1859 majora
1667 1789 1725 1842 in
1767 1788 1891 1841 dies
1927 1786 2117 1839 incre-

475 1893 671 1943 menta
702 1886 943 1957 cepisse.
979 1885 1251 1953 Repressa,
1285 1880 1497 1950 inquit,
1546 1880 1605 1931 in
1652 1892 1887 1947 praesens
1909 1876 2118 1929 exilia-

473 1979 597 2032 bilis
637 1976 974 2047 superstitio,
1024 1985 1218 2025 rursus
1273 1967 1607 2038 erumpebat,
1666 1981 1772 2019 non
1832 1962 1987 2017 modo
2021 1976 2121 2032 per

468 2066 718 2122 Iudaeam
737 2064 1009 2134 originem
1040 2060 1207 2131 hujus
1236 2058 1393 2123 muli,
1424 2055 1519 2109 sed
1570 2070 1669 2124 per
1701 2054 1897 2109 Urbem
1926 2052 2117 2118 etiam,

466 2171 570 2227 quo
617 2161 817 2207 cuncta
847 2151 1088 2219 undique
1142 2146 1347 2201 atrocia
1397 2147 1495 2197 aut
1541 2141 1803 2213 pudenda
1832 2140 2120 2209 conﬂuunt

465 2243 915 2310 celebranturque
946 2256 961 2292 :
996 2242 1059 2291 ut
1080 2235 1322 2307 proinde
1347 2233 1578 2287 locutus
1605 2246 1733 2285 esse
1763 2230 1833 2283 de
1868 2228 1969 2281 illa
1990 2228 2118 2298 ipsa

471 2330 871 2404 persecutione
922 2328 1055 2397 jure
1086 2340 1151 2380 ac
1184 2322 1388 2377 merito
1446 2319 1814 2375 existimetur
1847 2314 2115 2387 Epistolas

470 2425 692 2476 auctor.

542 2528 643 2581 His
666 2528 901 2580 demum
928 2521 1151 2576 accedit
1180 2517 1441 2588 ejusdem
1462 2514 1729 2586 Epistolas
1746 2508 2114 2583 stylus,mul-

470 2620 527 2669 to
558 2614 815 2668 ﬂoridior
845 2629 910 2667 eo
942 2615 999 2665 et
1028 2607 1366 2679 elegantior,
1401 2620 1516 2674 quo
1546 2604 1605 2658 S.
1642 2605 1861 2671 martyr
1900 2601 1955 2653 in
1990 2598 2115 2652 suis

469 2707 750 2774 quotquot
792 2699 1283 2755 circumferuntur
1339 2691 1582 2748 sinceris
1641 2689 1915 2760 operibus
1970 2702 2114 2741 usus

468 2790 843 2862 comperitur.
881 2795 955 2843 De
984 2785 1135 2858 stylo
1163 2782 1448 2854 siquidem
1473 2778 1694 2835 Justini
1727 2776 2117 2832 summuscri-

465 2880 617 2935 ticus
658 2879 895 2933 Photius
927 2877 1007 2930 ita
1049 2873 1275 2929 censuit
1311 2871 1457 2940 (19):
1500 2869 1843 2939 Ῥητορικπιῖς
1894 2863 2114 2937 τέχναις

466 2966 563 3020 οὐκ
593 2963 718 3040 ἔσχε
753 2960 993 3030 σπουδὴν
1046 2961 1349 3033 ἐπιχρῶσαι
1394 2956 1456 3008 τὸ
1505 2951 1738 3028 ἔμφυτον
1789 2951 1957 3005 αὐτοῦ
2011 2956 2114 3018 τῆς

466 3034 790 3131 coalesc-cpia:
808 3050 1035 3111 κάλλος.
1054 3050 1144 3103 Διὸ
1174 3050 1263 3101 καὶ
1291 3046 1341 3099 οἱ
1374 3042 1532 3117 λόγοι
1564 3042 1728 3095 αὑτοῦ
1754 3038 1941 3100 ἄλλως
1965 3034 2114 3099 ὄντες

469 3127 706 3212 Several,
738 3142 827 3197 καὶ
858 3141 920 3196 τὸ
952 3135 1371 3210 ἐπιστημονικὸν
1407 3130 1782 3199 διασώζοντες,
1815 3133 1923 3183 τῶν
1974 3127 2113 3182 ἐκεῖ·

471 3236 589 3289 σθεν
648 3233 747 3288 οὐκ
804 3231 933 3286 εἰσὶν
993 3227 1384 3295 ἀποστάζοντες
1445 3218 1796 3293 ἡδυσμάτων,
1855 3214 1980 3271 οὐδὲ
2039 3219 2118 3287 τῷ

475 3324 744 3399 ἐπαγωγῴ
782 3321 870 3375 καὶ
918 3316 1223 3389 Θελκτηρίῳ
1268 3314 1394 3373 τοὺς
1460 3307 1705 3369 πολλοὺς
1772 3312 1876 3360 τῶν
1927 3306 2123 3380 ἀκροα-

477 3394 986 3489 τῶννὲφὲλκόμενοι.
1024 3431 1051 3458 ‹‹
1088 3405 1391 3462 Rethorico
1430 3398 1695 3469 artiﬁcio,
1730 3397 1945 3467 inquit,
1978 3394 2123 3450 nati-

479 3519 608 3557 vam
628 3481 1005 3571 philosophiaa
1035 3513 1153 3551 suae
1176 3489 1675 3563 pulchritudinem
1696 3485 1951 3557 colorare
1974 3481 2121 3539 nihil

481 3591 645 3662 pensi
675 3588 896 3643 habuit.
929 3584 1315 3649 Quamobrem
1337 3578 1511 3634 etiam
1530 3578 1658 3646 ejus
1684 3572 2119 3645 oratio,pollens

481 3661 701 3749 alioqui
725 3693 790 3731 ac
810 3675 1018 3739 valida,
1065 3669 1567 3736 scientificumque
1601 3680 1838 3719 servans
1874 3661 2117 3733 stylum,

479 3766 767 3822 rhetorica
797 3763 896 3818 illa
926 3760 1299 3816 condimenta
1318 3772 1431 3809 non
1464 3753 1667 3825 spirat,
1698 3767 1801 3805 nec
1835 3749 2119 3804 illecebris

474 3860 532 3911 et
562 3850 979 3911 blandimentis
1009 3845 1217 3917 vulgus
1250 3843 1583 3898 auditorum
1606 3838 1865 3895 attrahit.
1895 3861 1922 3887 »
1954 3836 2116 3902 Quod

474 3964 613 4003 sane
645 3944 936 4017 judicium
964 3941 1012 3995 si
1048 3935 1181 4008 quis
1214 3934 1471 3988 conlerre
1502 3930 1638 3983 velit
1674 3944 1808 3981 cum
1843 3926 1940 3980 illa
1972 3943 2115 3997 pra:-

471 4016 659 4091 stanti
683 4032 1006 4089 elocutione
1037 4042 1154 4097 qua
1176 4024 1359 4078 utitur
1378 4025 1583 4074 auctor
1613 4016 2113 4088 Epistolas,quam-

466 4125 553 4178 vis
589 4125 831 4178 fortasse
862 4119 1084 4188 reliqua
1130 4114 1397 4167 deessent
1432 4111 1793 4178 argumenta,
1827 4103 1987 4157 illam
2020 4108 2111 4157 ta-

471 4230 601 4269 men
659 4213 886 4269 Justino
946 4203 1397 4279 abjudicandam
1444 4198 1531 4252 vel
1594 4196 1814 4251 invitus
1865 4195 2111 4247 fateatur

467 4307 711 4375 Oportet.
748 4306 813 4353 Et
842 4302 950 4353 hac
980 4295 1217 4367 quidem
1266 4288 1608 4344 difﬁcultate
1638 4285 1778 4341 adeo
1812 4286 2108 4354 permotus

464 4370 574 4448 fuit
600 4394 805 4449 doctus
835 4390 1021 4446 editor
1050 4381 1481 4447 Benedictinus,
1515 4380 1578 4430 ut
1607 4374 1758 4429 inter
1779 4370 2107 4427 certissima

459 4486 517 4540 S.
549 4484 821 4556 martyris
872 4496 1046 4551 opera
1074 4475 1337 4531 eamdem
1364 4466 1670 4539 epistolam
1694 4481 1759 4519 eo
1790 4463 1915 4519 loco
1946 4461 2103 4516 haud

2222 551 2423 601 sancto
2457 546 2691 600 afﬂante
2730 544 2951 616 Spiritu
2982 543 3137 598 edita
3167 546 3307 597 sunt
3340 557 3511 596 sacra
3541 540 3887 611 Scriptura-

2224 652 2353 689 rum
2386 634 2703 699 volumina,
2728 634 2963 705 ingenio
2996 632 3245 703 quisque
3267 629 3519 685 indulsit
3538 648 3679 699 suo,
3718 637 3889 702 atque

2222 722 2659 777 lucubrationes
2682 738 2821 776 suas
2842 720 2990 793 stylo
3022 719 3121 774 alii
3151 718 3517 789 elegantiori,
3536 718 3640 773 alii
3659 719 3890 790 simpli-

2225 812 2367 867 ciori
2397 816 2729 866 exararunt.
2762 810 3085 865 Fatendum
3117 814 3310 863 tamen
3345 813 3454 874 est,
3520 824 3625 862 eos
3671 809 3891 879 sapius

2224 900 2590 972 simplicitati
2642 898 2984 966 studuisse;
3018 914 3123 953 nec
3170 902 3372 952 auctor
3422 901 3630 951 noster
3664 897 3893 967 absque

2224 988 2384 1060 gravi
2408 989 2606 1059 aliqua
2636 1004 2831 1053 causa,
2862 986 3128 1041 fortassis
3157 990 3223 1040 ut
3251 985 3561 1039 veritatem
3595 984 3891 1057 Diogneto

2226 1076 2452 1132 facilius
2483 1076 2880 1148 persuaderet,
2905 1074 2998 1129 his
3021 1073 3365 1145 eloquentia)
3402 1072 3684 1128 artiﬁciis
3718 1079 3895 1145 atque

2225 1166 2578 1221 ornamentis
2612 1181 2753 1221 usus
2792 1163 2984 1219 fuerit.
3033 1185 3062 1213 ››
3110 1163 3404 1218 Hactenus
3460 1161 3551 1216 vir
3592 1162 3894 1217 eruditus.

2230 1255 2353 1318 Qua
2374 1254 2445 1308 de
2472 1270 2531 1307 re
2582 1252 2855 1325 pleraque
2907 1252 3109 1319 habes,
3169 1250 3559 1307 solertissime
3620 1251 3896 1306 Fabricio

2230 1342 2373 1397 scite
2403 1341 2704 1397 observata
2727 1342 2863 1412 (32).

2445 1456 2513 1510 ιι.
2560 1457 2853 1510 Nonnullis
2897 1428 3298 1526 objectionibus
3327 1458 3669 1509 occurritur.

2299 1556 2431 1619 Quae
2454 1558 2647 1608 autem
2680 1553 2794 1608 huc
2845 1570 3032 1624 usque
3081 1552 3625 1620 animadvertimus,
3685 1552 3744 1607 si
3805 1553 3899 1607 cui

2228 1660 2393 1713 aequo
2424 1642 2621 1697 animo
2646 1643 2970 1713 expendere
3000 1641 3201 1705 libeat,
3249 1642 3340 1694 vix
3371 1642 3582 1696 dubito
3613 1643 3772 1712 quin
3804 1659 3901 1696 eo-

2227 1748 2359 1786 rum
2392 1731 2744 1785 sententiam
2801 1729 3206 1799 amplectatur,
3255 1728 3357 1800 qui
3407 1728 3593 1799 hujus
3625 1731 3898 1790 epistola

2147 1822 2194 1887 Β
2224 1825 2509 1873 auctorem
2540 1819 2769 1873 Justino
2801 1819 2876 1873 M.
2914 1819 3098 1873 multo
3150 1817 3527 1873 vetustiorem
3554 1833 3696 1872 esse
3749 1818 3897 1872 deﬁ-

2227 1908 2419 1961 niunt.
2454 1906 2760 1961 Nonnullis
2819 1907 3056 1978 quidem
3106 1905 3246 1960 viris
3275 1906 3495 1960 criticis
3534 1922 3606 1960 ex
3640 1905 3721 1961 iis
3752 1906 3895 1960 locis

2226 2012 2408 2049 unum
2423 1994 2509 2049 vel
2539 1995 2783 2049 alterum
2799 1994 2967 2049 aliter
2996 1993 3255 2064 accipere
3278 1993 3486 2065 placet,
3502 2010 3625 2065 quo
3645 1994 3679 2048 J
3690 1996 3892 2049 ustino

2224 2083 2528 2153 epistolam
2554 2087 2856 2147 asserant;
2890 2083 2991 2137 sed
3016 2082 3134 2137 vim
3182 2082 3396 2137 inferre
3437 2082 3637 2137 verbis
3682 2083 3897 2138 viden-

2224 2176 2411 2234 tur,ut
2435 2188 2503 2226 ea
2532 2188 2770 2227 sensum
2804 2170 2971 2225 illum
3007 2170 3309 2225 effundant
3332 2186 3505 2240 quem
3538 2170 3890 2237 intendunt;

2224 2277 2359 2315 cum
2391 2267 2592 2315 contra
2616 2259 2964 2331 aequabilius
2997 2259 3181 2313 ﬂuant
3210 2259 3427 2327 omnia,
3454 2258 3559 2312 ubi
3602 2260 3673 2313 ad
3714 2276 3790 2314 ea
3813 2276 3895 2314 re-

2226 2348 2486 2403 ferantur
2515 2352 2779 2418 tempora
2808 2363 2935 2418 quas
2966 2363 3033 2401 ex
3064 2347 3189 2416 ipso
3206 2350 3482 2400 contextu
3512 2348 3890 2402 extudimus.

2227 2437 2421 2508 Neque
2450 2439 2687 2490 demum
2721 2436 3006 2506 quisjure
3046 2435 3156 2489 sibi
3190 2435 3539 2505 persuadeat
3570 2435 3889 2491 Justinum

2226 2526 2301 2580 M.
2336 2530 2437 2579 aut
2466 2524 2645 2579 alium
2679 2525 2946 2595 quemvis
3004 2522 3133 2594 ipso
3187 2522 3593 2591 recentiorem,
3622 2539 3763 2577 eam
3800 2525 3889 2577 lo-

2226 2614 2442 2685 quendi
2480 2612 2763 2667 rationem
2801 2612 2859 2665 in
2884 2615 3006 2665 tota
3037 2609 3139 2664 illa
3186 2610 3434 2681 epistola
3465 2627 3769 2681 usurpare
3802 2629 3892 2666 vo-

2225 2703 2427 2769 luisse,
2459 2718 2584 2771 quaa
2640 2700 2906 2754 ultimam
2939 2700 3348 2768 antiquitatem
3396 2699 3610 2769 sapiat,
3649 2706 3718 2753 ut
3749 2700 3887 2755 viris

2225 2790 2469 2846 eruditis
2501 2795 2653 2843 recte
2680 2793 2944 2841 notatum
2972 2788 3105 2855 (23).

2295 2882 2362 2933 At
2392 2878 2543 2933 enim
2570 2882 2789 2938 auctor,
2823 2876 2997 2929 tacito
3031 2875 3265 2929 nomine
3308 2875 3490 2941 Pauli,
3525 2880 3886 2931 antonoma-

2225 2969 2366 3022 stice
2382 2964 2635 3037 Apostoli
2653 2964 3027 3035 tituloipsum
3044 2964 3455 3034 designat,quo
3475 2981 3591 3018 non
3612 2965 3728 3018 nisi
3756 2972 3886 3034 post

2226 3056 2416 3126 priora
2444 3053 2705 3109 Ecclesiae
2736 3052 3472 3122 saaculainsignitusl'uisse
3492 3054 3885 3124 comperitur.

2147 3180 2190 3247 ρ
2230 3144 2403 3211 Quam
2430 3144 2763 3214 facultatem,
2800 3143 2911 3211 (24)
2942 3141 3151 3210 inquit,
3186 3157 3310 3193 cum
3336 3143 3711 3210 perspexisset
3742 3143 3885 3212 Apo-

2229 3232 2421 3297 stolus,
2451 3231 2479 3283 ὁ
2511 3227 2941 3289 Ἀπόστολος....
2974 3229 3108 3283 dicit
3136 3246 3154 3281 :
3184 3228 3430 3298 Cognilio
3451 3230 3634 3297 inﬂat,
3657 3230 3884 3285 dilectio

2228 3329 2412 3376 autem
2464 3319 2897 3389 azdiﬁcaLAtqui
2926 3317 2996 3372 ad
3031 3316 3181 3371 hanc
3222 3316 3635 3371 difficultatem
3668 3320 3884 3374 tollen-

2230 3411 2363 3465 dam
2397 3426 2511 3463 non
2543 3424 2608 3463 eo
2640 3424 2779 3463 sane
2810 3412 2942 3460 utar
2962 3406 3193 3476 eﬂ‘ugio,
3223 3422 3339 3475 quo
3389 3411 3715 3461 extremam
3749 3408 3884 3479 Epi-

2230 3498 2391 3553 stolas
2422 3501 2668 3569 partem,
2701 3496 2772 3549 ab
2820 3495 2912 3550 his
2968 3494 3157 3550 verbis
3204 3492 3361 3553 οὗτος
3408 3493 3436 3546 ὁ
3468 3492 3557 3546 ἀπ’
3589 3493 3779 3569 ἀρχῆς
3811 3498 3882 3551 ad

2230 3588 2405 3641 finem
2436 3602 2643 3656 usque,
2702 3587 2773 3639 ab
2820 3582 2931 3638 alio
2990 3583 3237 3637 fortasse
3275 3587 3540 3637 assutam
3571 3599 3712 3638 cum
3748 3585 3878 3641 Ste-

2229 3675 2420 3747 phano
2452 3679 2509 3729 et
2526 3671 2832 3745 Sylhurgio
2864 3670 2975 3741 (25)
2999 3670 3282 3742 suspicer.
3318 3671 3463 3725 Leve
3489 3688 3755 3743 namque
3783 3674 3881 3727 ad-

2226 3764 2465 3819 modum
2487 3761 2632 3816 illud
2661 3764 2751 3815 est
2781 3760 2933 3832 quod
2956 3763 3333 3830 prastexuntw
3356 3758 3627 3831 Epistolas
3649 3761 3879 3816 auctori

2227 3869 2346 3907 rem
2400 3867 2513 3907 non
2566 3850 2745 3904 fuisse
2792 3864 2925 3903 cum
2973 3846 3325 3913 Christiano,
3374 3847 3472 3917 qui
3522 3843 3599 3907 εἷς
3647 3852 3876 3901 τοιαῦτα

2222 3944 2327 3993 τῶν
2360 3937 2539 4011 λόγων
2605 3936 2741 4012 βάθη
2776 3940 3075 4008 penetrare
3132 3935 3499 4006 posset;sed
3558 3953 3695 3991 cum
3753 3940 3875 3993 Dio—

2222 4033 2414 4100 gneto,
2437 4027 2773 4083 Christiana:
2806 4025 3080 4079 doctrinm
3103 4024 3295 4078 adhuc
3318 4024 3467 4079 rudi.
3500 4047 3527 4073 ››
3563 4027 3872 4096 Siquidem

2220 4118 2341 4171 viro
2373 4116 2453 4170 illi
2486 4115 2823 4171 Christianas
2874 4112 3170 4184 religionis
3229 4115 3648 4184 cognoscenda:
3704 4116 3871 4187 cupi-

2220 4203 2769 4275 dissimo,pleraque
2801 4202 2874 4257 iis
2896 4202 3096 4257 afﬁnia
3117 4218 3244 4272 quae
3267 4201 3375 4256 sub
3402 4200 3669 4271 Epistolas
3687 4204 3867 4258 ﬁnem

2218 4298 2551 4361 occurrunt,
2583 4292 2643 4345 in
2674 4290 3073 4361 superioribus
3106 4290 3374 4360 proponit
3394 4295 3631 4345 auctor:
3665 4292 3866 4361 cujus-

2217 4382 2375 4438 modi
2405 4386 2546 4435 sunt
2570 4380 2817 4449 ea,quod
2840 4378 2992 4433 Deus
3025 4394 3139 4432 non
3172 4394 3291 4431 rem
3316 4382 3570 4432 creatam
3606 4380 3862 4445 miserit,

2214 4474 2313 4526 sed
2341 4470 2636 4541 prOprium
2670 4468 2874 4522 Filium
2900 4467 3085 4539 :quod
3101 4483 3228 4521 sero
3245 4470 3462 4520 missus
3479 4466 3657 4521 fuerit
3677 4468 3859 4523 Filius

456 4573 772 4638 collocarit,
833 4584 1004 4641 quem
1063 4560 1318 4631 alioquin
1378 4556 1489 4627 ipsi
1558 4553 1938 4623 assignasset,
1989 4549 2103 4604 nisi
2132 4545 2178 4609 D
2210 4576 2323 4631 quo
2355 4561 2770 4629 cognoscerent
2817 4558 3083 4610 homines
3113 4572 3180 4609 ex
3207 4554 3457 4626 peccatis
3483 4556 3610 4609 suis
3646 4572 3708 4611 se
3743 4557 3860 4612 vita

454 4662 739 4718 dubitatio
802 4639 1028 4733 pectore
1101 4652 1277 4707 inﬁxa
1330 4647 1451 4702 viro
1510 4642 1834 4699 clarissimo
1894 4639 2094 4694 haesis-

456 4760 545 4812 set
566 4754 702 4827 (20).
1236 4816 1241 4819 ἦ

524 4886 550 4912 ‹‹
585 4862 783 4931 Neque
807 4871 956 4917 vero,
991 4854 1056 4905 ut
1086 4846 1301 4918 optime
1332 4840 1617 4897 Nourrius
1648 4836 1925 4904 (21),inde
1955 4850 2093 4888 con-

452 4954 616 5009 tinuo
649 4925 781 5019 quis
814 4945 1039 5015 arguat,
1054 4935 1269 5007 stylum
1297 4937 1457 4985 tanto
1491 4928 1686 4982 studio
1709 4925 2092 5019 elaboratum,

454 5042 526 5098 ab
549 5009 783 5096 summa
813 5009 1092 5090 orationis
1144 5019 1469 5094 apostolicae
1503 5015 1873 5085 simplicitate
1906 5009 2093 5081 magis

452 5130 782 5193 abhorrere,
817 5136 994 5194 quam
1053 5118 1115 5170 ut
1146 5108 1313 5168 alicui
1347 5121 1548 5163 eorum
1582 5100 1868 5173 discipulo
1906 5099 2092 5172 possit

520 5308 632 5375 (16)
666 5304 966 5375 Prolegom.
999 5294 1202 5375 cap.‘2,
1236 5292 1262 5357 §
1292 5289 1343 5370 li.

666 5308 966 5374 Prolegom.
999 5312 1125 5365 cap.
1147 5308 1202 5357 κ,
1236 5308 1262 5357 3
1292 5308 1343 5370 ιι..

617 5308 632 5446 i
667 5380 857 5431 Herm.
891 5372 1061 5446 Past._,
1224 5378 1261 5425 ι,
1283 5375 1391 5413 vis.
1424 5358 1478 5421 3,
1512 5371 1677 5446 capp.
1705 5354 1729 5407 1
1765 5357 1822 5406 et
1844 5351 1897 5405 3.

546 5380 632 5446 l7)
667 5380 857 5431 Herm.
891 5380 1061 5432 Ραδι..
1090 5380 1189 5418 nn.
1224 5380 1391 5425 μνη.
1424 5380 1478 5421 o,
1512 5380 1597 5425 cal

518 5382 627 5593 £18)
658 5446 840 5503 Tacit.
873 5442 1072 5525 Annal.
1098 5437 1198 5491 lib.
1234 5449 1323 5492 xv,
1356 5446 1483 5499 cap.
1508 5426 1597 5480 44.

550 5522 630 5593 19)
662 5520 825 5593 Phot.
858 5514 1025 5593 Βιρῑ..
1051 5508 1182 5593 ‘cod.
1484 5584 1584 5593 Au

550 5504 1182 5586 19)Phot.Bibl.,_cod.
1221 5504 1338 5586 125,
1493 5585 1502 5586 ί
1568 5584 1575 5586 ᾼ
1642 5568 1723 5586 Μ

662 5562 892 5643 iiiiia'n'.
906 5562 1038 5661 '13};
1048 5562 1147 5633 (at.
1160 5620 1172 5643 ,
1188 5579 1356 5661 ‘p'aort'.
1390 5568 1738 5661 1.31.,caAp.,M3,§t
1752 5562 2083 5661 inpegi?

519 5633 632 5743 (Ξῦ
663 5633 883 5716 Nata:
906 5633 1107 5729 appar.
1130 5633 1361 5706 a'd‘bibl.
1385 5633 1681 5711 PP.,tom.
1719 5636 1761 5691 ι.
1797 5633 1933 5708 pag:
1962 5633 2088 5687 446.

2202 5483 2327 5537 Orsi
2367 5485 2517 5537 Istor.
2546 5484 2672 5535 eccl.
2705 5480 2805 5534 lib.
2832 5496 2871 5533 ιι

2204 4647 2475 4719 indignos
2507 4662 2633 4700 esse
2659 4663 2671 4711 ;
2707 4644 2859 4716 quod
2881 4644 2936 4696 in
2957 4643 3067 4697 alio
3096 4659 3270 4713 quam
3304 4642 3359 4696 in
3388 4642 3863 4713 Christojustiﬁ-

2206 4739 2320 4791 cari
2358 4737 2526 4790 homo
2561 4751 2672 4788 non
2706 4736 2946 4804 poterat,
2983 4736 3117 4795 etc.,
3142 4736 3205 4784 ut
3237 4730 3478 4801 proinde
3510 4731 3859 4801 hujusmo-li

2205 4825 2480 4897 mysteria
2510 4824 2751 4877 edoctus
2780 4819 3486 4891 Diognetus,illisquoque
3518 4821 3715 4891 ipsum
3742 4822 3860 4875 im-

2202 4914 2303 4969 bui
2334 4913 2489 4967 haud
2542 4914 2935 4982 incongruum
2960 4916 3101 4973 erat,
3160 4926 3288 4979 quis
3323 4908 3637 4963 subdititia
3670 4910 3857 4981 gratis

2204 5002 2634 5058 existimantur.

2272 5090 2373 5145 His
2404 5090 2602 5161 itaque
2633 5084 3007 5155 missis,illud
3038 5082 3233 5157 potius
3263 5100 3399 5142 cum
3420 5082 3543 5141 viro
3574 5085 3747 5141 docto
3770 5085 3851 5140 di-

2272 5268 2385 5340 (22)
2449 5267 2629 5323 Fabr.
2676 5266 2866 5322 Salui.
2928 5265 3027 5319 lux
3085 5264 3294 5334 Evang.
3356 5279 3482 5335 cap.
3560 5262 3619 5331 9,
3674 5259 3704 5335 §
3759 5261 3849 5335 40,

2203 5340 2598 5493 ρᾶἓζόἲῗόἒνθῐ.
2635 5408 2849 5490 Disquis
2900 5405 3088 5462 chron.
3150 5421 3276 5475 cap.
3311 5419 3387 5471 vi,
3419 5405 3446 5471 §
3486 5404 3539 5468 4,
3588 5420 3721 5476 pag.
3754 5405 3844 5460 76.

2203 5484 2325 5514 nm.
2371 5485 2500 5514 mm.
2548 5484 2653 5514 ann]
2705 5480 2784 5514 ιιι.
2832 5496 2871 5514 η
2925 5478 2953 5514 1:
2983 5479 3053 5514 ΘΑ
3108 5481 3226 5514 inm
3290 5475 3335 5514 11
3392 5493 3428 5514 n
3472 5476 3576 5514 299,

2272 5475 2327 5537 si
2367 5475 2517 5537 lstor.
2546 5484 2672 5535 eccl.
2705 5475 2805 5534 lib.
2832 5496 2891 5543 ιι,
2918 5478 3073 5605 ᾖῖϐ,
3108 5481 3251 5531 tom.
3286 5475 3359 5540 II,
3392 5493 3449 5548 p.
3471 5476 3595 5530 382.

2272 5554 2385 5634 (gfx)
2410 5556 2599 5634 énon.
2632 5550 2924 5634 [Epist-ad.
2962 5551 3171 5634 Egit“.
3207 5562 3335 5631 cap.
3518 5621 3529 5634 Ι

2272 5617 2385 5699 (25)
2408 5624 2607 5696 Steph.
2632 5617 2691 5681 in
2723 5625 2844 5681 not.
2876 5625 2934 5682 et
2961 5617 3235 5697 Sylburg.
3266 5617 3329 5679 in
3359 5619 3583 5694 adnot.,
3614 5617 3846 5699 pag.43,
