3998 6348
68 473 239 533 1165

972 470 1355 533 EPISTULA
1401 471 1505 531 AD
1552 470 2040 531 DIOGNETUM.
2071 503 2149 516 —
2178 470 2596 535 PROOEMIA.

3335 473 3492 534 1166

41 605 323 661 cendum
358 603 682 675 putaverim
716 603 827 675 (26)
861 625 889 653 ‹‹
925 604 1079 677 quod
1136 620 1268 658 cum
1321 604 1379 658 in
1428 606 1551 658 tota
1593 602 1723 674 Epi-
1752 606 1807 669 Α
1836 618 1965 657 vens
1991 605 2190 674 spiritu
2220 605 2562 675 loquebatur,
2586 608 2639 659 et
2658 604 2888 659 docebat
2931 605 3235 675 diligenter
3273 620 3337 660 ea
3365 621 3491 677 quae

40 696 191 750 tota
222 692 367 748 varii
401 695 707 748 occurrant
738 692 933 747 hiatus
971 693 1259 763 variaeque
1310 691 1549 758 lacunae,
1593 691 1717 746 alias

38 782 388 847 breviores,
422 782 712 853 longiores
745 780 869 836 aliae
898 799 910 838 :
947 788 1249 853 propterea
1281 798 1394 836 non
1430 782 1508 835 ita
1564 784 1718 836 certo

35 872 302 927 deﬁniri
318 876 524 943 potest,
550 888 817 942 quasnam
842 870 1057 925 ibidem
1084 870 1300 935 desint,
1325 886 1453 941 quae
1472 869 1720 924 aliorum

46 977 222 1015 mss.
250 976 355 1031 ope
388 964 661 1031 poterunt
692 958 1008 1031 aliquando
1041 958 1322 1030 suppleri.
1356 959 1424 1013 Et
1464 974 1595 1013 vero
1642 956 1720 1013 ibi

34 1049 318 1105 forsitan
352 1049 582 1112 abrasa,
623 1048 709 1104 vel
765 1049 985 1103 omissa
1032 1053 1140 1116 est,
1188 1052 1287 1102 aut
1334 1048 1569 1103 evanuit
1613 1064 1721 1102 vox

49 1139 309 1207 Paulus,
342 1155 469 1209 quae
503 1154 736 1193 omnem
779 1136 979 1208 procul
1028 1136 1204 1191 dubio
1254 1136 1427 1191 solvit
1474 1135 1720 1206 hujusce

31 1226 434 1282 difﬁcultatis
458 1227 698 1281 nodum.
728 1248 754 1275 ››
779 1226 1002 1290 Quibus
1025 1226 1206 1280 addas
1232 1225 1483 1279 maxime
1520 1224 1715 1292 velim,

30 1333 77 1372 c
94 1333 173 1370 ur
187 1316 425 1371 domum
446 1316 853 1371 antonomasia
873 1314 974 1369 illa
988 1315 1067 1369 uti
1084 1314 1239 1369 haud
1260 1314 1513 1385 potuerit
1526 1318 1722 1369 noster

25 1412 93 1459 Α
108 1404 601 1476 nonymus?Quod
622 1403 1041 1475 posterioribus
1060 1403 1324 1457 Patribus
1340 1402 1722 1473 Ecclesiaaque

27 1492 454 1564 scriptoribus
490 1492 607 1548 sive
638 1491 806 1547 licuit
839 1492 957 1547 sive
989 1491 1183 1557 libuit,
1240 1491 1447 1563 quidni
1494 1495 1553 1546 et
1600 1491 1721 1547 viro

36 1600 85 1637 ει
100 1581 391 1653 postolico
409 1581 710 1652 ?Denique
725 1581 863 1652 quid
890 1581 1079 1635 obstat
1102 1580 1419 1652 quominus
1432 1579 1721 1650 ejusmodi

36 1670 349 1742 loquendi
388 1686 605 1725 morem
639 1670 709 1724 ab
741 1686 807 1724 eo
841 1670 1098 1740 primum
1132 1669 1421 1724 invectum
1465 1669 1719 1740 reliquos

41 1774 397 1830 usurpasse
448 1758 769 1829 putemus?
818 1758 963 1813 Vere
1014 1774 1268 1827 namque
1317 1774 1381 1812 ac
1430 1757 1723 1829 sapienter

28 1849 253 1920 Chrys
272 1852 522 1902 istomus
552 1847 666 1918 (27)
693 1864 703 1901 :
731 1846 895 1901 "Otav
931 1843 1262 1901 Ἀπόστολον
1317 1841 1469 1917 etiam:
1523 1843 1719 1907 εὐθέως

28 1936 265 1995 πάντες
320 1932 475 1987 αὐτὸν
507 1932 801 1987 ἐννοοῦσιν
854 1932 1031 2007 ὥσπερ
1082 1932 1205 1987 ὅταν
1256 1934 1582 2001 Βαπτιστὴν,
1634 1932 1718 1987 εὐ-

30 2023 206 2089 θέως
251 2024 341 2077 τὸν
408 2023 683 2091 Ἰωάννην.
746 2047 773 2073 ‹‹
808 2024 1050 2089 Quando
1096 2022 1433 2095 Apostolum
1484 2024 1720 2094 dixeris,

35 2114 275 2170 statim
311 2114 589 2168 omnibus
622 2112 715 2167 ille
774 2111 1037 2183 (Paulus)
1097 2112 1155 2165 in
1216 2118 1469 2166 mentem
1528 2112 1719 2166 venit:

39 2202 575 2274 quemadmodum
610 2201 657 2256 si
691 2200 1036 2271 Baptistam,
1071 2200 1267 2255 statim
1290 2200 1578 2255 Joannem
1631 2200 1719 2254 in-

36 2290 369 2362 telligunt.
408 2313 434 2339 »
466 2290 610 2355 Quid
646 2290 798 2360 quod
830 2290 1144 2360 Apostolum
1168 2288 1513 2360 simpliciter
1535 2288 1723 2344 nomi-

42 2384 177 2436 nat
206 2380 607 2451 Athenagoras
640 2378 703 2433 de
736 2380 957 2443 Resurr,
990 2380 1196 2445 §xvm,
1232 2394 1363 2449 pag.
1397 2377 1487 2431 53.

44 2525 170 2579 IlI.
210 2523 340 2589 Quis
372 2520 610 2592 ejusdem
641 2522 895 2592 Epistolas
924 2525 1115 2575 auctor
1149 2521 1340 2590 fuerit,
1392 2522 1719 2590 inquiritur.

142 2595 231 2648 An
291 2593 535 2648 Clemens
596 2592 914 2647 Romanus?
972 2595 1217 2647 Fortasse
1272 2594 1453 2662 potius
1511 2592 1718 2661 Apollo,

142 2668 237 2719 vir
267 2664 694 2733 Alexandrinus,
715 2665 967 2734 eloquens
1010 2680 1074 2717 ac
1129 2663 1611 2734 disertuszicujus
1663 2664 1721 2715 in

142 2737 293 2791 Actis
337 2736 701 2805 apostolorum
754 2733 820 2790 et
861 2737 920 2788 in
981 2735 1234 2805 Epistolis
1290 2733 1554 2787 Paulinis
1608 2736 1721 2803 fre-

144 2823 319 2877 quens
349 2810 566 2861 mentio.
605 2808 678 2861 De
725 2809 986 2871 Diogneto
1032 2808 1123 2859 cui
1173 2806 1413 2874 Epistola
1463 2807 1723 2859 inscribi-

141 2884 260 2949 tur,
294 2878 460 2948 deque
492 2881 663 2949 ipsius
708 2880 965 2948 Epistolas
1003 2879 1345 2946 praestantia,
1394 2877 1719 2931 observatio.

142 3002 281 3057 Hec
312 3018 442 3056 vero
476 3002 544 3056 de
575 3001 791 3071 quibus
824 3000 1103 3055 hactenus
1130 2998 1574 3069 edisseruimus,
1600 2999 1724 3053 ani-

54 3107 242 3147 mum
276 3090 541 3145 alliciunt
572 3094 627 3144 et
648 3090 1079 3161 quodammodo
1106 3089 1415 3160 impellunt
1437 3091 1507 3143 ad
1531 3089 1724 3160 inqui-

60 3180 353 3249 rendum,
386 3180 659 3250 quisnam
688 3179 765 3234 sit
799 3183 1000 3233 auctor
1031 3176 1336 3249 Epistolis:
1380 3194 1495 3249 quo
1545 3177 1727 3232 semel

56 3270 225 3324 forte
258 3268 501 3337 detecto,
530 3269 656 3336 jam
688 3267 860 3322 dictis
894 3268 990 3320 lux
1023 3267 1210 3335 major
1258 3267 1510 3321 accedet.
1565 3265 1726 3320 Unus

1826 691 2027 746 suntde
2048 693 2342 748 Domino...
2372 694 2540 765 qui...
2565 694 2804 748 contulit
2824 694 3060 748 multum
3074 693 3161 748 his
3191 695 3289 765 qui
3317 694 3490 749 credi-

1829 780 2097 834 derant...
2113 781 2460 836 Vehementer
2471 782 2617 836 enim
2629 782 2858 838 Iudaeos
2875 782 3238 853 redarguebat
3266 782 3486 853 publice

1828 868 2111 924 ostendens
2138 887 2235 941 per
2263 871 2582 942 Scriptura:
2610 887 2725 927 esse
2774 871 3051 927 Christum
3102 873 3301 927 Iesum.
3358 873 3480 927 Ita-

1831 975 1942 1029 que
1974 958 2021 1013 si
2044 963 2247 1014 tantus
2270 960 2354 1013 vir
2376 964 2501 1015 erat
2528 959 2743 1031 Apollo,
2769 976 2902 1015 cum
2928 960 3120 1015 adhuc
3147 959 3290 1015 solis
3312 960 3481 1015 Chri-

1830 1047 2033 1102 stianas
2068 1047 2196 1102 ﬁdei
2233 1047 2583 1102 rudimentis
2612 1053 2767 1103 esset
2816 1049 3078 1104 imbutus
3134 1052 3191 1105 et
3234 1049 3480 1107 Joannis

1830 1136 2185 1207 baptismate
2209 1137 2491 1191 duntaxat
2512 1136 2823 1205 intinctus;
2850 1142 3105 1209 quantus
3128 1154 3297 1211 porro
3351 1156 3481 1195 eva-

1834 1226 1981 1281 sisse
2014 1226 2331 1295 putandus,
2367 1229 2677 1298 postquam
2713 1226 2987 1299 deinceps
3015 1227 3323 1284 altioribus
3347 1228 3483 1285 reli-

1831 1313 2022 1385 gionis
2054 1314 2347 1385 mysteriis
2379 1332 2410 1370 a
2441 1315 2752 1387 discipulis
2777 1316 3027 1383 Domini,
3052 1321 3226 1388 atque
3255 1318 3313 1371 in
3358 1316 3483 1389 pri-

1831 1402 1945 1457 mis
1976 1402 2047 1457 ab
2072 1402 2199 1474 ipso
2220 1403 2482 1474 gentium
2508 1404 2740 1459 doctore
2768 1406 2876 1459 fuit
2901 1406 3207 1461 institutus
3226 1406 3253 1460 ‘l
3284 1406 3365 1462 De
3414 1422 3480 1463 eo

1831 1507 1971 1546 sane
2000 1496 2253 1546 testatur
2278 1491 2642 1564 Apostolus“,
2693 1492 3009 1548 Ecclesiam
3051 1493 3481 1550 Corinthiacam

1833 1596 1864 1633 a
1886 1595 1945 1633 se
1976 1578 2321 1651 plantatam,
2351 1579 2516 1635 illum
2543 1580 2775 1652 copioso
2799 1582 3097 1654 sapientiai
3122 1599 3186 1637 ac
3209 1582 3482 1655 eloquen-

1830 1668 1925 1724 tiae
1953 1685 2070 1723 suae
2104 1668 2290 1725 imbre
2320 1670 2463 1724 adeo
2495 1670 2795 1742 irrigasse,
2829 1675 2892 1726 ut
2923 1671 3283 1726 uberrimam
3326 1686 3487 1744 sege-

1828 1761 1946 1813 tem
1972 1758 2247 1827 referens,
2284 1757 2619 1814 schismatis
2653 1760 2877 1815 occasio
2913 1760 3105 1829 fuerit,
3164 1760 3487 1817 Corinthio-

1830 1863 1962 1901 rum
1994 1846 2127 1901 aliis
2170 1846 2618 1903 dictitantibus:
2679 1851 2787 1920 Ego
2835 1849 3053 1921 quidem
3098 1866 3221 1905 sum
3276 1848 3482 1907 Pauli:

1832 1934 1964 1989 aliis
1996 1951 2165 1990 vero:
2205 1937 2320 2006 Ego
2367 1940 2554 1991 autem
2613 1937 2800 2008 Apollo
2859 1938 3073 2004 Quidni
3121 1954 3258 2011 ergo
3320 1938 3484 1995 lucu-

1833 2023 2219 2079 lentissimam
2253 2025 2555 2095 scripserit
2583 2026 2888 2097 epistolam
2907 2027 2995 2083 vir
3024 2026 3474 2097 Alexandrinus,

1832 2114 2086 2183 eloquens
2105 2120 2303 2183 potens
2320 2115 2381 2167 in
2401 2113 2727 2185 Scripturis,
2777 2118 2990 2184 fervens
3022 2117 3225 2187 spiritu
3245 2124 3300 2171 et
3328 2118 3478 2171 viam

1833 2203 2053 2257 Domini
2081 2203 2295 2257 edoctus
2316 2202 2573 2267 ?Quidni
2614 2202 2701 2257 vir
2748 2202 2845 2259 ille
2879 2203 3254 2275 apostolicus,
3284 2205 3476 2260 scien-

1832 2290 1936 2355 tia,
1968 2291 2080 2345 ﬁde
2101 2307 2164 2345 ac
2188 2292 2402 2361 pietate
2423 2296 2702 2361 praestans
2728 2309 2741 2358 ;
2766 2292 2864 2363 qui
2886 2308 2952 2347 ea
2980 2292 3273 2363 diligenter
3312 2292 3471 2348 doce-

1834 2378 1924 2433 bat
1950 2396 2068 2449 qua:
2094 2384 2223 2434 sunt
2252 2379 2317 2435 de
2358 2381 2615 2447 Domino,
2680 2397 2780 2451 per
2828 2380 3138 2452 Scripturas
3205 2381 3491 2437 ostendens

1833 2469 2009 2538 ipsum
2028 2484 2141 2523 esse
2162 2470 2475 2528 Christum;
2510 2468 2727 2540 quique
2759 2474 2878 2524 erat
2927 2467 3116 2542 λόγιος
3149 2469 3177 2523 ὁ
3208 2469 3468 2537 ποτιστὴς

1829 2560 1936 2609 τῶν
1954 2560 2183 2627 Χριστοῦ
2201 2558 2454 2628 μαθητῶν
2478 2558 2802 2629 «eloquens
2821 2558 3039 2629 rigator
3056 2558 3479 2630 discipulorum

1831 2645 2043 2700 Christi
2080 2669 2106 2696 ››
2141 2654 2202 2699 ut
2232 2647 2284 2700 S.
2314 2646 2427 2699 Nili
2475 2647 2650 2701 verba
2694 2663 2972 2718 usurpem
3022 2648 3174 2718 (29);
3208 2646 3488 2704 sublimia

1834 2734 1934 2805 illa
1964 2734 2239 2806 mysteria
2264 2736 2333 2789 de
2362 2733 2505 2789 Filio
2553 2735 2652 2789 Dei
2675 2735 3070 2801 edisseruerit,
3100 2753 3230 2807 quae
3259 2736 3489 2792 suavis-

1835 2823 1985 2878 simo
2012 2823 2242 2895 eloquio
2265 2823 2610 2895 Diognetum
2632 2840 2699 2878 ea
2729 2825 2785 2877 in
2821 2824 3065 2895 epistola
3095 2826 3298 2880 edocet
3327 2825 3438 2897 (30)
3458 2824 3488 2880 ?

1831 2911 2035 2983 Apollo
2056 2912 2344 2967 enimvero
2368 2918 2574 2967 caetera
2592 2912 2791 2968 omnia
2812 2919 3296 2985 congruunt,quaa
3312 2914 3487 2971 modo

1836 3016 1903 3055 ex
1934 3000 2118 3070 ipsius
2150 3000 2421 3068 Epistolas
2458 3004 2727 3055 contextu
2777 3001 3123 3073 deprompta
3168 3002 3488 3058 illustravi-

1836 3106 2002 3160 mus;
2023 3088 2286 3160 illudque
2309 3088 2706 3159 potissimum,
2731 3091 2885 3160 quod
2907 3091 3150 3146 Paulum
3168 3107 3485 3161 suppresso

1838 3177 2069 3232 nomine
2128 3178 2439 3249 Apostolum
2491 3177 2838 3248 simpliciter
2876 3178 3220 3250 appellarit;
3300 3195 3478 3250 quem

1838 3282 2021 3320 unum
2050 3266 2271 3321 scilicet
2300 3265 2507 3337 Ephesi
2540 3266 2924 3321 conveniens"
2950 3283 3079 3322 cum
3120 3285 3304 3339 eoque
3333 3269 3482 3325 ami-

60 3357 411 3414 Baraterius
468 3356 817 3412 Clementem
876 3356 1199 3411 Romanum
1254 3355 1404 3409 hanc
1478 3354 1721 3427 perscri-
1758 3336 1799 3402 ί]
1839 3354 2075 3409 cissime
2105 3370 2306 3425 agens,
2340 3354 2498 3409 illius
2526 3354 2958 3411 sollicitudinem
2994 3359 3243 3413 omnium
3291 3359 3480 3415 Eccle-

58 3446 273 3519 psisse
305 3446 549 3515 conjecit
579 3444 711 3515 (28),
745 3460 810 3498 eo
845 3443 1218 3515 potissimum
1262 3442 1518 3509 nomine,
1569 3442 1725 3512 quod

58 3535 172 3591 ille
206 3534 281 3589 iis
316 3534 676 3606 temporibus
725 3532 903 3587 vitam
961 3532 1151 3604 egisse
1202 3536 1567 3603 compertum
1627 3532 1723 3598 sit,

57 3624 298 3693 quibus
330 3622 597 3677 ﬂoruisse
628 3622 965 3693 perhibetur
996 3625 1191 3675 noster
1221 3625 1580 3691 Anonymus.
1614 3619 1725 3674 Ve-

58 3717 442 3781 reortamen,
462 3716 526 3766 ut
548 3711 691 3766 illud
722 3710 865 3765 satis
885 3711 1118 3765 firmum
1144 3714 1453 3779 ratumque
1475 3710 1550 3763 sit
1572 3710 1725 3778 quod

56 3801 313 3859 censuit
342 3801 427 3855 vir
451 3800 735 3869 eruditus,
769 3799 1078 3870 epistolam
1112 3816 1320 3869 nempe
1357 3815 1471 3869 qua
1501 3798 1570 3852 de
1604 3798 1727 3869 agi-

60 3909 232 3957 mus,
268 3889 483 3962 stylum
518 3888 827 3943 Paulinum
862 3889 941 3943 ita
970 3890 1181 3943 referre
1209 3893 1270 3942 ut
1303 3886 1462 3941 Pauli
1495 3904 1623 3941 esse
1644 3888 1725 3941 vi-

58 3982 319 4045 deatur;
353 3979 613 4049 adeoque
629 3978 983 4032 Clementem
1008 3981 1306 4030 auctorem
1331 3992 1448 4046 prae
1470 3991 1531 4030 se
1554 3975 1725 4046 ferre,

63 4070 249 4139 cujus
281 4067 498 4139 stylum
531 4084 661 4120 cum
698 4064 938 4120 Paulino
971 4081 1242 4136 magnam
1276 4064 1491 4119 habere
1532 4063 1726 4118 afﬁni-

62 4163 258 4213 tatem
297 4158 464 4227 plane
494 4158 736 4210 constat.
774 4157 837 4209 At
866 4170 993 4225 ego,
1032 4153 1079 4208 si
1114 4154 1251 4224 quid
1279 4154 1463 4223 sapio.
1506 4153 1561 4205 in
1596 4168 1725 4206 eam

64 4246 275 4318 potius
310 4242 655 4299 sententiam
690 4242 914 4308 iverim,
947 4242 1149 4313 Apollo
1206 4242 1334 4312 ejus
1380 4242 1725 4313 scriptorem

66 4352 205 4389 esse
238 4333 699 4405 agnoscendum,
734 4332 802 4386 de
834 4348 947 4403 quo
982 4330 1101 4384 haac
1152 4331 1333 4384 Lucas
1383 4330 1440 4383 in
1492 4330 1721 4384 Actis“:

65 4420 475 4481 Ἀπολλὼς....
508 4418 643 4493 ἀνὴρ
675 4418 925 4493 λόγιος...
961 4414 1182 4479 δυνατὸς
1228 4439 1299 4470 ων
1342 4416 1393 4470 ἐν
1444 4422 1558 4477 ταῖς
1592 4423 1726 4492 Γρα-

68 4517 228 4587 φαῖς.
262 4508 433 4569 Οὗτος
479 4508 545 4575 ἦν
597 4506 983 4582 κατηχημένος
1032 4507 1130 4575 τήν
1182 4503 1306 4559 ὁδὸν
1356 4510 1452 4559 τοῦ
1502 4506 1727 4581 Κυρίου,

64 4603 158 4653 καὶ
216 4598 352 4667 ζέων
397 4597 476 4669 τῷ
524 4596 827 4669 πνεύματι,
879 4594 1063 4649 ἐλάλει
1112 4595 1199 4649 καὶ
1254 4592 1523 4649 ἐδίδασκεν
1574 4594 1725 4669 ἀκρι-

1834 3445 2047 3497 siarum
2066 3444 2086 3477 ⁸
2119 3443 2297 3514 probe
2326 3443 2580 3498 tenebat.

1906 3531 2103 3603 Neque
2134 3530 2277 3585 illud
2312 3531 2550 3586 omittas
2576 3530 2750 3587 velim
2782 3534 2854 3587 ad
2894 3535 3177 3606 temporis
3226 3537 3479 3593 notatio-

1837 3636 1968 3674 nem
2003 3620 2190 3691 magis
2224 3619 2414 3673 adhuc
2444 3621 2820 3675 astruendam
2845 3622 3037 3678 virum
3071 3623 3229 3680 hunc
3252 3630 3482 3697 aposto-

1835 3708 2012 3763 licum
2041 3710 2099 3762 in
2123 3708 2265 3763 vivis
2298 3708 2484 3779 egisse
2512 3726 2665 3764 anno
2685 3710 2754 3763 64
2776 3711 2912 3781 (31),
2935 3710 3024 3767 vel
3048 3712 3242 3785 potius
3262 3715 3355 3781 65,
3379 3717 3479 3770 de-

1836 3797 2061 3851 sinente
2092 3798 2224 3867 (32),
2256 3813 2371 3868 quo
2412 3813 2580 3852 suam
2614 3798 2848 3870 scripsit
2896 3800 3114 3857 Paulus
3165 3804 3236 3858 ad
3282 3804 3479 3859 Titum

1837 3886 2152 3958 Epistolam
2184 3902 2195 3939 :
2230 3886 2289 3939 in
2308 3902 2375 3940 ea
2392 3886 2547 3940 enim
2572 3887 2673 3942 dat
2694 3887 2805 3958 ipsi
2828 3890 3172 3945 mandatum
3193 3892 3262 3946 de
3277 3890 3480 3963 Apollo

1835 3976 2002 4031 Creta
2026 3973 2347 4046 Nicopolim
2382 3976 2807 4046 praemittendo,
2834 3978 2933 4032 ubi
2966 3978 3223 4035 hiemare
3252 3986 3481 4035 statue-

1836 4069 1955 4129 rat;
1995 4068 2055 4118 ut
2087 4064 2327 4134 proinde
2359 4065 2592 4119 ineunte
2633 4082 2785 4120 anno
2843 4066 3187 4139 insequente
3242 4069 3332 4135 66,
3394 4086 3483 4125 co-

1836 4155 2039 4207 mitem
2081 4168 2207 4207 sese
2256 4153 2586 4223 adjunxerit
2640 4153 2901 4225 apostolo
2957 4156 3205 4227 ipsemet
3255 4156 3481 4229 Apollo,

1836 4243 2097 4311 adeoque
2129 4257 2296 4295 suam
2334 4241 2608 4311 Diogneto
2643 4241 2959 4313 Epistolam
2990 4245 3099 4299 sub
3132 4245 3288 4301 idem
3327 4250 3485 4302 tem-
3556 4312 3557 4315 η

1837 4347 1947 4402 pus
1978 4332 2079 4383 aut
2111 4328 2284 4400 paulo
2315 4329 2504 4383 serius
2537 4329 2925 4401 inscripserit.

1905 4419 2046 4481 Quis
2068 4434 2238 4489 porro
2264 4416 2435 4471 fuerit
2456 4417 2773 4487 Diognetus
2798 4418 2918 4484 ille,
2942 4418 3114 4491 plane
3146 4421 3481 4494 incomper-

1837 4512 1983 4562 tum.
2009 4506 2208 4577 Neque
2225 4506 2401 4575 enim,
2426 4505 2628 4577 siquis
2655 4507 2826 4577 pretii
2850 4508 3103 4564 habeant
3151 4526 3278 4581 quas
3310 4512 3482 4568 modo

1835 4595 2239 4667 expendimus,
2274 4594 2457 4650 fuisse
2510 4595 2561 4650 is
2617 4595 3045 4653 existimandus
3106 4614 3276 4670 quem
3327 4600 3482 4671 apud

68 4684 184 4749 ϐὡς
212 4688 281 4742 τὰ
313 4685 434 4761 περὶ
464 4690 564 4739 τοῦ
596 4684 888 4757 Κυρίου....
923 4684 1046 4746 ὃς...
1083 4678 1405 4738 συνεϐάλετο
1439 4681 1581 4737 πολὺ
1610 4688 1728 4745 τοῖς
1764 4698 1803 4762 D

1839 4685 1913 4741 M.
1940 4683 2601 4739 AureliumAntoninum
2626 4682 2945 4754 plurimum
2961 4686 3213 4743 valuisse
3237 4692 3487 4745 testatur

70 4775 554 4832 πεπιστευκόσι....
591 4774 837 4835 Εὗτόνως
869 4772 971 4849 γὰρ
1000 4777 1115 4835 τοῖς
1166 4770 1447 4833 Ἰουδαίοις
1480 4769 1733 4843 διακατη-

1842 4772 2206 4845 Capitolinus
2237 4772 2368 4842 (33).
2423 4772 2482 4826 Id
2533 4788 2718 4826 unum
2777 4773 3047 4829 novimus
3104 4792 3171 4830 ex
3216 4777 3485 4848 Epistolas

72 4864 320 4942 λὲγχετο
371 4862 628 4937 δημοσίᾳ,
662 4860 965 4924 ἐπιδεικνὺς
1014 4859 1101 4915 διὰ
1150 4866 1254 4915 τῶν
1306 4865 1555 4939 Γραφῶν,
1598 4861 1733 4915 εἶναι

1842 4866 2077 4915 auctore
2125 4860 2256 4930 (34),
2318 4858 2484 4913 illum
2546 4857 2725 4913 fuisse
2774 4859 2961 4915 virum
3008 4861 3292 4933 κράτιστον
3341 4880 3481 4935 prae-

68 4958 164 5010 τὸν
199 4956 429 5029 Χριστὸν
463 4956 696 5023 ’[ησοῦν.
736 4954 1006 5025 Apollo...
1038 4954 1126 5007 vir
1154 4953 1479 5023 eloquens...
1536 4958 1733 5024 potens
1840 4951 2266 5019 stantissimum,
2304 4947 2403 5018 qui
2435 4962 2647 5007 magno
2678 4947 3022 5003 Christianas
3060 4950 3359 5023 religionis
3390 4969 3484 5009 co-

74 5047 477 5118 inScripturis.
515 5046 611 5099 Hic
630 5046 749 5098 erat
788 5041 1009 5096 edoctus
1046 5042 1195 5096 viam
1233 5042 1471 5112 Domini,
1523 5050 1575 5096 et
1613 5042 1734 5111 fer-
1844 5038 2185 5110 gnoscendaz
2218 5036 2505 5091 desiderio
2538 5035 2842 5107 ﬂagrabat.
2876 5037 2945 5091 Et
2999 5037 3199 5109 plures
3248 5041 3486 5112 quidem

154 5244 173 5277 ⁵
228 5245 360 5298 Act.
410 5256 570 5305 xvm,
619 5237 780 5294 24-28
854 5239 875 5273 ⁸
934 5237 955 5291 Ι
1014 5236 1143 5294 Cor.
1194 5255 1232 5309 ι,
1295 5238 1399 5307 12;
1462 5254 1543 5310 ιιι,
1603 5238 1720 5293 4-6.
1797 5235 1803 5251 ¹

1852 5233 2029 5291 ICor.
2078 5248 2195 5302 xvi,
2258 5233 2334 5289 ‘2.
2410 5233 2430 5268 ⁸
2462 5232 2511 5287 ΙΙ
2562 5236 2687 5289 Cor.
2738 5250 2816 5301 xl,
2871 5234 2980 5293 27:
3030 5235 3143 5291 Tit.
3176 5236 3258 5308 iii,
3291 5235 3377 5294 l3.

157 5438 265 5507 (26)
302 5435 514 5492 Nourr.
539 5434 742 5507 Appar.
768 5432 845 5488 ad
869 5431 1005 5507 bibl.
1031 5434 1166 5507 PR.
1198 5436 1344 5488 tom-
1379 5437 1425 5500 Ῑν
1454 5448 1583 5505 Ρδὲ·

158 5502 266 5579 (27)
301 5502 797 5579 Οῇτγεοεῐζᾙοω.
828 5522 893 5559 Lv
924 5505 983 5558 in
1016 5504 1166 5573 Acta,
1227 5521 1361 5577 opp.
1412 5502 1557 5560 nov:
1594 5502 1731 5567 edit,

72 5580 226 5634 "tom.
252 5578 357 5645 IX,
394 5595 526 5651 pag.
544 5578 682 5651 7/415.

74 5714 75 5717 η
160 5652 266 5721 (28)
301 5646 502 5706 Bai-at:
529 5649 763 5721 Disquis.
788 5649 998 5721 chrum,
1033 5648 1247 5721 cap.q6,
1280 5651 1325 5716 §.
1359 5649 1416 5715 5,
1449 5662 1581 5719 pag.
1639 5646 1730 5699 77.

74 5736 79 5793 ξ
160 5719 270 5793 (29)
305 5722 397 5777 Nil
430 5722 536 5777 lib.
569 5719 955 5793 n,epis_t.Ali3,
988 5735 1119 5791 pag.
1156 5719 1279 5774 140.

76 5790 79 5813 ¹
162 5790 270 5872 (30)
302 5800 492 5851 Anon.
530 5790 715 5867 Epistf
731 5790 799 5846 ad
829 5790 1103 5862 Diognetf,
1138 5808 1305 5865 capp.
1337 5790 1497 5845 7-12.

1916 5428 2027 5504 (3t)
2056 5427 2199 5504 Mill.
2230 5428 2537 5504 Prolegom.
2570 5426 2645 5504 ad
2774 5427 2851 5499 T.,
2884 5427 3067 5504 §Al_22,
3100 5448 3157 5504 p.
3189 5432 3245 5504 ,1.

1917 5498 2029 5571 (32)
2065 5500 2256 5578 Pea_rs.
2302 5500 2500 5553 Annal.
2558 5498 2743 5566 Paul.,
2799 5498 2857 5571 p.
2891 5498 3005 5573 ⁷22,
3054 5498 3122 5559 et
3166 5503 3312 5578 Opp,
3362 5519 3491 5578 pos-

1844 5571 2125 5697 thum,
2158 5572 2227 5623 77
2260 5586 2381 5641 seq.
2990 5571 2996 5573 “

1914 5644 2028 5787 (33)
2104 5642 2302 5714 apitol.
2340 5643 2399 5725 in
2428 5641 2689 5723 Antoniu.
2722 5643 2818 5697 vit.
2852 5658 2978 5716 cap.
3004 5646 3059 5700 4.

1916 5716 2005 5787 (34
2057 5716 2242 5769 Anon.
2274 5715 2447 5787 Epist.
2480 5712 2554 5767 ad
2580 5713 2854 5787 Dzognet.,
2888 5731 3017 5787 cap.

1916 5712 2027 5787 (34)
2057 5712 2242 5769 Anon.
2274 5715 2447 5787 Epist.
2480 5712 2554 5767 ad
2580 5713 2854 5787 Diognet.,
2888 5712 3017 5793 cap.
3063 5717 3111 5774 1.
