3998 6348
108 471 293 533 1169
1312 467 1694 529 EPISTOLA
1751 468 1857 526 AD
1900 468 2390 533 DIOGNETUM.
3394 475 3552 535 H70

100 601 380 673 νόμενος,
441 597 620 675 ὥσπερ
680 597 729 671 ἐξ
796 597 1025 674 ἀρχῆς;
1082 596 1267 659 καινὸς
1323 598 1648 673 ἄνθρωπος,
1699 595 1765 656 ὡς

1891 599 2293 669 pedimentum
2326 599 2583 671 aliquod,
2635 601 2922 672 rejeoeris,
2973 605 3030 657 et
3078 604 3266 660 factus
3328 605 3527 678 fueris,

104 692 176 745 ἂν
243 689 338 743 καὶ
394 686 566 763 λόγου
622 691 812 741 καινοῦ
872 687 1156 759 (καθάπερ
1231 687 1321 741 καὶ
1379 686 1537 747 αὐτὸς
1605 685 1765 757 ὡμο-

1894 686 2050 742 velut
2082 690 2152 743 ab
2185 687 2567 756 initio,novus
2597 688 2794 759 homo,
2826 693 3028 761 utpote
3059 693 3351 749 sermonis
3405 695 3534 749 novi

104 774 422 855 λόγησας)
480 777 750 853 ἀκροατὴς
808 775 1106 848 ἐσόμενος·
1168 773 1249 831 ἴδε
1310 776 1385 847 μή
1450 773 1609 847 μόνον
1668 779 1765 827 τοῖς

1892 776 2067 842 (sicut
2098 781 2155 832 et
2186 778 2310 848 ipse
2340 778 2644 833 confessus
2673 778 2757 849 es)
2799 778 3032 834 auditor
3080 780 3315 837 futurus
3343 802 3358 853 ;
3411 784 3545 838 vide

108 865 483 945 ὀφθαλμοῖς,
541 862 686 919 ἀλλά
732 865 821 919 καὶ
876 867 946 936 τῇ
1002 866 1281 941 φρονήσει,
1340 863 1487 924 τίνος
1547 863 1765 916 ὑποστά-

1894 882 2006 920 non
2043 865 2235 921 solum
2287 866 2493 935 oculis,
2524 868 2622 921 sed
2656 868 2831 922 etiam
2865 869 3193 939 prudentia,
3220 871 3392 941 cujus
3420 872 3541 928 sint

106 977 264 1017 σεως
297 954 476 1027 (42)·1ξ
508 974 654 1015 τινος
704 950 881 1014 εἶ’δους
927 951 1290 1028 τυγχάνουσιν
1343 952 1434 1013 οὓς
1485 952 1654 1027 ἐρεῖτε
1691 952 1780 1005 καὶ

108 1045 377 1117 νομίζετε
408 1045 579 1105 θεους.
612 1042 731 1118 Ούχ
784 1044 811 1097 6
865 1042 959 1116 μέν
1007 1063 1114 1109 τις,
1168 1040 1321 1105 λίθος
1371 1040 1532 1112 ἐστὶν,
1585 1039 1779 1113 ὅμοιος

1890 955 2253 1019 substantia,
2289 960 2388 1010 aut
2420 956 2588 1026 cujus
2639 956 2860 1021 formae,
2919 957 2959 1011 ii
3014 974 3157 1028 quos
3209 960 3428 1017 vocatis
3482 965 3539 1018 et

1889 1044 2238 1099 existimatis
2268 1044 2424 1099 deos.
2470 1044 2672 1099 Nonne
2717 1061 2916 1099 eorum
2950 1046 3103 1102 alius
3151 1047 3385 1118 quidem
3446 1054 3536 1106 est

106 1136 200 1208 τῷ
260 1132 589 1206 πατουμένῳ
648 1152 661 1202 ;
725 1134 751 1187 6
814 1129 858 1186 δ’
893 1176 907 1199 ,
972 1129 1082 1185 ἐστὶ
1150 1128 1394 1206 χαλκὸς,
1454 1130 1515 1184 οὐ
1572 1130 1776 1205 κρείσ-

109 1245 232 1278 σων
260 1227 369 1278 τῶν
401 1222 478 1284 εἰς
506 1223 605 1290 τὴν
640 1229 840 1297 χρῆσιν
873 1223 1009 1295 ἡμῖν
1041 1218 1493 1295 κεχαλκευμένων
1528 1222 1728 1273 σκευῶν
1760 1235 1773 1287 ;

104 1313 139 1366 ὁ
206 1309 311 1379 δὲ,
368 1310 527 1383 ξύλον
565 1355 579 1381 ,
642 1308 751 1381 ἤδη
811 1310 900 1364 καὶ
961 1308 1196 1379 σεσηπός
1258 1327 1270 1378 ;
1331 1309 1358 1363 6
1417 1306 1474 1362 δὲ
1515 1352 1528 1377 ,
1590 1303 1777 1383 ἄργυ-

101 1421 233 1475 ρος,
293 1400 518 1476 χρῄζων
579 1399 866 1476 ἀνθρώπου
921 1403 1018 1453 τοῦ
1078 1396 1409 1476 φυλάξοντος
1462 1400 1580 1467 (43)
1613 1444 1628 1470 ,
1683 1394 1777 1450 ἵνα

111 1490 198 1562 μὴ
262 1487 450 1563 κλαπῇ
504 1489 579 1557 ;ὁ
640 1486 698 1543 δέ
746 1534 758 1558 ,
819 1485 1083 1563 σίδηρος,
1145 1487 1247 1542 ὑπὸ
1306 1486 1389 1541 ἰοῦ
1447 1484 1771 1563 διεφθαρμέ-

99 1596 253 1646 νος;
318 1579 345 1632 6
402 1575 494 1645 δὲ,
552 1572 853 1652 ὄστρακον,
911 1574 1063 1631 οὐδὲν
1121 1580 1219 1631 τοῦ
1282 1576 1772 1647 κατεσκευασμένου

100 1667 254 1741 πρὸς
307 1667 407 1735 τὴν
466 1665 801 1738 ἀτιμοτάτην
851 1664 1144 1736 ὑπηρεσίαν
1199 1664 1621 1741 εὐπρεπέστερον
1661 1684 1674 1732 ;
1708 1662 1769 1719 οὐ

100 1757 357 1833 φθαρτῆς
417 1753 554 1824 ὕλης
602 1759 770 1809 ταῦτα
824 1755 996 1809 πάντα
1030 1799 1043 1823 ,
1087 1753 1196 1828 οὐχ
1245 1754 1348 1808 ὑπὸ
1399 1750 1629 1827 σιδήρου
1678 1752 1769 1808 καὶ

99 1844 284 1917 πυρὸς
342 1842 754 1918 κεχαλκευμένα
804 1862 817 1913 ;
879 1842 986 1917 οὐχ
1043 1844 1072 1898 ’ὀ
1134 1844 1227 1916 μὲν
1282 1842 1457 1897 αὐτῶν
1516 1889 1532 1916 ,
1588 1842 1711 1907 λιθο
1744 1876 1767 1886 -

1888 1132 2115 1204 lapis,ei
2148 1133 2246 1204 qui
2281 1133 2535 1187 calcatur
2557 1132 2769 1188 similis
2790 1134 2818 1188 ?
2838 1134 2989 1189 alius
3010 1140 3202 1191 autem
3235 1142 3324 1193 est
3343 1139 3534 1208 θερί-

1886 1220 2005 1276 hilo
2036 1222 2247 1277 melius
2279 1238 2454 1293 quam
2488 1238 2612 1293 qua:
2644 1222 2701 1277 in
2737 1240 2912 1279 usum
2944 1230 3213 1280 nostrum
3248 1226 3531 1284 fabricata

1886 1315 2024 1366 sunt
2040 1328 2179 1365 vasa
2200 1311 2227 1365 ?
2248 1310 2722 1382 aliuslignum,et
2742 1311 2978 1382 quidem
3001 1312 3175 1368 etiam
3190 1315 3530 1386 putridum?

1884 1399 2055 1465 alius,
2087 1404 2416 1472 argentum,
2450 1400 2543 1454 cui
2569 1416 2717 1468 opus
2746 1406 2836 1455 est
2864 1400 3100 1458 homine
3139 1404 3524 1474 custodituro,

1883 1505 1956 1544 ne
1987 1490 2142 1545 furto
2175 1489 2521 1544 auferatur?
2545 1488 2718 1558 alius,
2742 1490 2961 1546 ferrum
3009 1492 3279 1565 rubigine
3336 1510 3530 1551 corru-

1882 1582 2049 1650 ptum
2082 1578 2110 1632 ?
2135 1577 2287 1633 alius
2317 1577 2678 1643 testa,nihilo
2710 1578 3030 1651 speciosior
3060 1597 3126 1637 ea
3156 1597 3284 1653 qum
3306 1584 3379 1639 ad
3418 1583 3525 1639 ab-

1873 1668 2273 1739 jectissimum
2307 1667 2703 1723 ministerium
2724 1668 2876 1724 facta
2905 1669 3241 1727 est?Nonne
3269 1675 3528 1728 exmate-

1880 1757 1966 1811 ria
1984 1756 2337 1829 corruptioni
2350 1756 2599 1812 obnoxia
2610 1760 2749 1813 sunt
2766 1756 2886 1812 haec
2907 1758 3147 1814 omnia?
3168 1775 3360 1816 nonne
3383 1760 3528 1816 ferri

1878 1849 1935 1901 et
1962 1845 2115 1917 ignis
2147 1862 2252 1917 ope
2276 1845 2592 1901 fabricata?
2608 1861 2799 1902 nonne
2824 1862 3024 1902 eorum
3058 1846 3217 1902 aliud
3262 1848 3526 1920 sculptor

106 1933 262 2005 ξὸος·
322 1932 351 1987 ὃ
411 1929 489 2000 δὲ,
549 1929 810 2008 χαλκεύς·
870 1933 900 1986 ’ὀ
958 1929 1046 2004 δὲ,
1109 1927 1524 2008 ἀργυροκόπος·
1585 1933 1615 1988 ὃ
1673 1930 1765 2003 δέ,

1878 1933 2324 2007 lapidum,aliud
2360 1934 2519 1989 faber
2548 1933 2977 2001 aararius,aliud
3012 1936 3381 2008 argentarius
3429 1938 3517 1993 fa-

101 2020 384 2096 κεραμεὺς
441 2019 669 2076 ἔπλασεν
724 2040 738 2089 ;
794 2020 855 2075 ού
913 2026 1039 2097 πρῖν
1101 2023 1213 2095 (44)
1282 2023 1316 2089 ἢ
1369 2027 1491 2084 ταῖς
1545 2021 1765 2098 ⁸ξιέχναις

102 2110 322 2165 τούτων
356 2109 433 2171 εἷς
462 2111 561 2178 τὴν
597 2111 812 2189 μορφὴν
844 2109 1051 2165 τούτων
1100 2109 1497 2179 ἐκτυπωθῆναι,
1529 2113 1590 2179 ἦν
1637 2107 1767 2165 ἕκα-

102 2218 234 2259 στος
265 2197 442 2251 αὐτῶν
477 2197 684 2270 ἑκάστῳ
735 2193 811 2251 ἔτι
859 2196 948 2252 καὶ
1000 2201 1086 2251 νῦν
1141 2199 1763 2275 μεταμεμορφωμένον;

109 2286 177 2341 οὐ
233 2288 303 2340 τὰ
352 2290 444 2339 νῦν
495 2285 554 2341 ἐκ
596 2294 696 2356 τῆς
752 2285 921 2356 αὐτῆς
980 2284 1117 2354 ὕλης
1175 2282 1303 2341 ὄντα
1350 2286 1513 2354 σκεύη
1573 2287 1767 2362 γένοιτ’

110 2374 199 2444 ἂν,
262 2375 309 2429 εἷ
376 2374 538 2450 τύχοι
607 2379 714 2429 τῶν
776 2374 949 2429 αὐτῶν
1004 2379 1302 2451 τεχνιτῶν,
1362 2374 1529 2449 ὅμοια
1583 2376 1765 2431 τοιού-

107 2485 232 2525 τοις
278 2466 393 2538 (45)
425 2481 439 2533 ;
474 2465 535 2519 οὑ
589 2468 754 2518 ταῦτα
799 2461 965 2518 πάλιν
1014 2465 1079 2518 τὰ
1122 2468 1214 2518 νῦν
1263 2465 1350 2541 ὑφ’
1399 2466 1548 2535 ὑμῶν
1598 2487 1766 2542 προσ-

110 2554 449 2625 κυνούμενα,
500 2550 701 2608 δύναιτ’
758 2552 816 2607 ἂν
878 2553 980 2608 ὑπὸ
1033 2552 1331 2628 ἀνθρώπων
1382 2553 1545 2624 σκεύη
1602 2553 1768 2627 ὅμοια

109 2640 365 2715 γενέσθαι
425 2646 542 2702 τοῖς
591 2640 810 2703 λοιποῖς
872 2668 887 2711 ;
945 2640 1006 2696 ού
1064 2642 1221 2719 κωφὰ
1275 2641 1449 2697 πάντα
1499 2662 1511 2712 ;
1566 2642 1627 2697 ού
1684 2665 1770 2698 τυ-

108 2728 275 2806 φλά;
326 2729 387 2784 ού
437 2730 667 2805 ἅψυχα;
718 2729 818 2785 οὐκ
865 2728 1198 2800 ἀναίσθητα;
1251 2730 1350 2785 ούκ
1396 2730 1623 2801 ἀκίνητα
1656 2751 1669 2802 ;
1704 2732 1765 2786 οὐ

111 2818 291 2873 πάντα
339 2818 621 2890 σηπόμενα
653 2837 666 2886 ;
702 2818 763 2872 ού
794 2819 965 2873 πάντα
1013 2818 1339 2895 φθειρόμενα
1370 2838 1383 2888 ;
1414 2824 1583 2875 ταῦτα
1613 2819 1766 2883 θεοὺς

109 2906 355 2965 καλεῖτε.
402 2907 616 2968 τούτοις
667 2904 967 2979 δουλεύετε,
1011 2905 1225 2969 τούτοις
1272 2913 1640 2983 προσκυνεῖτε·
1680 2910 1765 2965 τέ-

113 2995 242 3050 λεόν
304 3017 364 3049 τε
419 2997 531 3069 (46)
592 2994 957 3068 έξομοιοῦσθε·
1020 2993 1108 3051 διὰ
1161 3001 1321 3052 τοῦτο
1376 3003 1581 3070 μισεῖτε
1637 3004 1765 3075 Χρι-

117 3082 393 3149 στιανοὺς,
419 3082 503 3138 ὅτι
532 3082 755 3144 τούτους
786 3084 892 3158 οὐχ
922 3086 1183 3159 ἡγοῦνται
1233 3084 1406 3147 θεούς.
1439 3087 1618 3159 Ὑμεῖς
1664 3086 1766 3162 γὰρ

120 3173 175 3226 οἱ
206 3176 299 3225 νῦν
330 3172 640 3244 νομίζοντες
669 3172 757 3227 καὶ
792 3171 1058 3246 οἷ’όμενοι,
1090 3172 1151 3227 ού
1201 3171 1345 3227 πολὺ
1377 3172 1544 3229 πλέον
1591 3175 1765 3231 αὐτῶν

118 3266 505 3338 καταφρονεῖτε
538 3281 551 3330 ;
582 3260 644 3315 ού
672 3259 816 3315 πολὺ
868 3260 1080 3333 μᾶλλον
1115 3261 1308 3317 αὐτοὺς
1358 3262 1648 3337 χλευάζετε
1677 3265 1765 3319 καὶ

1877 2024 1999 2089 ber,
2034 2022 2191 2078 aliud
2216 2022 2430 2094 figulus
2456 2021 2615 2077 finxit
2642 2022 2670 2077 ‘I
2693 2022 3050 2093 minimeque
3082 2023 3142 2080 in
3168 2024 3350 2080 talem
3407 2025 3526 2081 for-

1876 2129 2033 2167 mam
2065 2112 2527 2183 unumquodque
2548 2115 2839 2167 mutatum
2869 2111 3370 2185 erat,priusquam
3398 2119 3522 2169 arte

1875 2200 2126 2272 alicujus
2148 2200 2358 2256 borum
2391 2201 2512 2255 haec
2542 2201 2831 2273 impressa
2887 2201 2939 2256 ei
2998 2200 3208 2257 fuisset
3236 2201 3264 2257 (ἶ
3321 2206 3525 2259 Nonne

1875 2307 2003 2362 qua:
2030 2305 2185 2344 nunc
2216 2290 2417 2344 eadem
2448 2306 2478 2343 e
2513 2288 2755 2344 materia
2772 2293 2909 2344 sunt
2934 2306 3093 2361 vasa,
3151 2289 3373 2347 similia
3426 2290 3521 2349 his

1875 2378 2036 2434 reddi
2085 2381 2318 2449 queant,
2352 2376 2401 2432 si
2450 2377 2684 2433 eosdem
2744 2378 2998 2433 artiﬁces
3045 2379 3462 2435 nanciscantur
3489 2379 3519 2436 ’ἲ

1876 2483 2068 2523 nonne
2098 2466 2215 2522 haec
2248 2482 2372 2537 quae
2404 2465 2610 2522 avobis
2658 2466 2995 2533 adorantur,
3046 2468 3118 2523 ab
3176 2467 3517 2525 hominibus

1873 2573 2007 2612 vasa
2022 2554 2263 2625 reliquis
2282 2554 2497 2610 similia
2518 2554 2642 2610 ﬁeri
2662 2572 2900 2610 rursum
2918 2556 3369 2628 possintPnonne
3390 2574 3515 2613 sur-

1876 2646 1952 2702 da
1980 2648 2118 2700 sunt
2133 2643 2359 2699 omnia?
2380 2659 2573 2699 nonne
2603 2643 2782 2699 caeca?
2803 2645 3312 2701 nonnneinanima
3328 2645 3512 2701 ?non-

1876 2749 1949 2789 ne
1980 2750 2188 2789 sensus
2217 2732 2409 2788 omnis
2426 2732 2723 2804 expertia?
2745 2733 3518 2792 nonneimmobilia?nonne

1877 2823 2075 2878 omnia
2104 2824 2494 2894 putrescunt?
2524 2838 2719 2879 nonne
2758 2824 2959 2879 omnia
3013 2825 3521 2896 corrumpuntur?

1875 2914 2006 2969 Haec
2054 2914 2193 2969 deos
2245 2914 2485 2984 vocatis,
2544 2913 2637 2969 his
2687 2915 2939 2980 servitis,
2965 2914 3085 2969 haec
3105 2914 3409 2983 adoratis;
3467 2920 3526 2972 et

1877 3002 2116 3058 omnino
2148 3001 2369 3058 similes
2396 3001 2528 3057 istis
2559 3002 2894 3058 reddimini.
2922 3003 3141 3059 Idcirco
3173 3008 3312 3060 sunt
3358 3004 3524 3061 vobis

1877 3091 2008 3147 odio
2028 3090 2645 3161 Christiani,quoniam
2665 3090 2770 3147 hos
2793 3107 2921 3146 esse
2937 3091 3077 3146 deos
3093 3108 3207 3146 non
3232 3092 3521 3148 arbitran-

1877 3180 2179 3251 tur.Atqui
2210 3197 2311 3235 vos
2342 3179 2442 3251 qui
2462 3196 2590 3235 esse
2610 3180 2749 3235 deos
2796 3195 2953 3235 nunc
2982 3179 3354 3247 existimatis,
3418 3198 3528 3236 an-

1878 3285 1992 3325 non
2028 3268 2212 3324 multo
2235 3268 2423 3340 magis
2449 3284 2622 3339 quam
2643 3266 2729 3321 illi
2751 3267 3109 3339 contemptui
3130 3267 3401 3324 habetis?
3419 3285 3525 3324 an-

122 3334 371 3425 ὑϐρίζξετε
403 3370 415 3419 ;
449 3348 576 3411 τοὺς
610 3350 704 3423 μὲν
754 3347 992 3413 λιθίνους
1046 3350 1135 3405 καὶ
1188 3334 1532 3427 ὀστρακ-ίνους
1581 3349 1765 3409 σέϐον-

1882 3375 1995 3413 non
2030 3357 2214 3412 multo
2247 3334 2434 3429 magis
2465 3334 2643 3427 quam
2672 3355 2777 3425 illi,
2811 3334 3063 3411 irridetis
3094 3360 3154 3410 et
3181 3356 3398 3427 injuria
3440 3357 3525 3413 af-

113 3460 207 3501 τες
240 3438 579 3515 ἀφυλάκτους
628 3441 760 3513 (47),
807 3439 932 3501 τοὺς
983 3436 1041 3493 δὲ
1089 3440 1353 3516 ἀργυροῦς
1403 3441 1492 3496 καὶ
1532 3447 1767 3517 χρυσοῦς

117 3525 453 3601 ἐγκλείοντες
506 3532 627 3589 ταῖς
682 3527 845 3598 νυξὶ,
902 3528 992 3582 καὶ
1047 3534 1165 3590 ταῖς
1234 3528 1466 3605 ἡμέραις
1526 3530 1767 3608 φύλακας

112 3616 599 3691 παρακαθίσαντες,
650 3614 741 3670 ἵνα
802 3617 876 3689 μή
933 3614 1244 3671 κλαπῶσιν.
1298 3618 1396 3680 Alc
1450 3616 1508 3673 δὲ
1562 3618 1771 3675 δοκεῖτε

110 3711 309 3777 τιμαῖς
365 3706 685 3782 προσφέρειν
722 3747 736 3772 ,
797 3704 845 3759 εἴ
906 3705 999 3777 μὶν
1067 3706 1405 3769 αἰσθάνονται
1439 3752 1453 3777 ,
1511 3706 1769 3777 κολάζετε

119 3792 342 3867 μᾶλλον
400 3793 617 3855 αὐτούς·
681 3794 726 3848 εἰ
786 3790 843 3847 δὲ
899 3794 1345 3865 ἀναισθητοῦσιν,
1403 3794 1767 3872 ἐλέγχοντες,

118 3882 313 3953 α’ίματι
366 3880 455 3937 καί
512 3882 751 3944 κνίσσαις
827 3881 1024 3945 αὐτοὺς
1084 3883 1444 3958 θρησκεύετε·
1502 3887 1650 3941 ταῦθ’
1709 3887 1766 3942 ὑ-

121 3976 243 4044 μῶν
300 3970 383 4033 τίς
440 3971 787 4045 ὑπομεινάτω
839 3989 853 4039 ;
903 3976 1071 4026 ταῦτα
1125 3972 1442 4047 ἀνασχέσθω
1492 3973 1574 4035 τίς
1626 3975 1768 4029 έαυ-

113 4064 203 4131 τῷ
248 4061 489 4135 γενέσθαι
539 4079 553 4128 ;
595 4057 743 4115 ἀλλά
791 4058 1075 4132 ἅνθρωπος
1128 4060 1221 4134 μὶν
1272 4058 1396 4115 οὐδὲ
1444 4064 1519 4124 εἷς
1563 4065 1767 4134 ταύτης

114 4156 222 4217 τῆς
280 4146 557 4211 κολάσεως
634 4149 769 4203 ἑκὼν
843 4149 1079 4219 ἀνέξεται
1138 4147 1428 4223 (αἴσθησιν
1487 4152 1591 4226 γὰρ
1649 4151 1764 4228 ἔχει

114 4237 210 4293 καὶ
245 4236 550 4312 λογισμόψ)
582 4238 611 4291 6
658 4234 717 4292 δὲ
765 4235 918 4299 λίθος
964 4236 1231 4313 ἀνέχεται·
1282 4238 1596 4310 ἀναισθητεῖ
1640 4243 1763 4317 γάρ.

114 4325 326 4380 Οὐκοῦν
382 4326 481 4393 τήν
530 4324 771 4395 αἶ’σθησιν
1018 4368 1031 4382 .
1084 4370 1097 4385 .
1153 4371 1166 4385 .
1224 4369 1237 4385 .
1293 4372 1305 4384 .
1352 4370 1366 4385 .
1402 4371 1415 4385 .
1455 4371 1469 4385 .
1511 4373 1525 4386 .
1563 4372 1575 4385 .
1610 4329 1766 4406 έλέγ·

115 4435 296 4491 χετε.
354 4414 483 4488 Περὶ
559 4415 655 4487 μὶν
731 4412 822 4467 οὖν
894 4418 992 4469 τοῦ
1070 4416 1145 4487 μὴ
1214 4413 1580 4472 δεδουλῶσθαι
1641 4425 1766 4496 Χρι-

197 4559 307 4629 (42)
343 4556 731 4631 Ὑποστάσεως.
786 4558 992 4631 Vertit
1021 4559 1298 4631 Stephan.
1352 4561 1763 4631 subsistentiae,’

116 4632 225 4687 sed
254 4629 480 4701 melius,
515 4630 761 4701 Opinior,
795 4629 1165 4697 reddidisset,
1196 4632 1547 4689 substantiae.
1583 4629 1760 4690 Paulo

119 4706 260 4788 post
313 4698 482 4788 ἐρεῖτε
530 4696 680 4788 recte
902 4696 1262 4788 contendit,
1334 4704 1614 4786 'videlicet
1688 4707 1761 4788 ab
1792 4696 1838 4761 D
1867 4696 2215 4788 beneficium
2240 4696 2368 4758 esse
2399 4702 2712 4788 artificum,

118 4772 294 4846 ἔρειο)
327 4772 441 4843 quo
472 4772 707 4843 quidem
728 4774 797 4828 de
821 4772 1078 4828 themate
1100 4773 1448 4831 disseruisse
1477 4792 1539 4831 se
1568 4782 1765 4832 monet

116 4843 185 4901 in
219 4843 517 4899 Thesauro
547 4860 676 4899 suo.

196 4915 307 4990 (43)
338 4910 695 4990 tbulg’zﬁov-cog.
741 4914 835 4970 Sic
896 4913 1092 4990 posuit
1147 4914 1481 4987 Stephanus
1538 4935 1641 4990 pro
1698 4935 1764 4974 eo

119 4981 434 5061 quoderat
462 4981 526 5061 in
553 4988 681 5042 cod.
718 5002 859 5061 mss.
892 4981 1245 5061 ᾧυλάξαντος.

197 5057 305 5132 (4ρξ
434 5056 583 5132 πρὶν,
618 5062 727 5132 etc:
760 5057 852 5132 Sic
882 5055 1071 5132 totum
1105 5056 1261 5112 hunc
1297 5056 1488 5132 locum
1548 5060 1761 5132 immu-

118 5127 211 5203 tat
240 5127 609 5203 stephanus:
634 5127 732 5182 Καὶ
766 5127 827 5203 ού
857 5127 1008 5203 πρὶν,
1039 5128 1074 5196 ἢ
1121 5133 1240 5189 ταῖς
1278 5129 1500 5203 τέχναις
1548 5129 1761 5203 τούτων

120 5200 204 5275 εἰς
408 5200 655 5275 μορφήνῂ
687 5198 910 5275 τούτων’
953 5198 1381 5275 έκτυπωθῆναιᾟ
1410 5200 1477 5268 ἧν
1544 5198 1765 5275 ἕκαστον

120 5266 546 5348 αὐτῶνθέκάστὶιί
581 5266 709 5348 εἴδει
754 5270 847 5348 ὡς-
888 5270 977 5348 καὶ
1023 5275 1118 5348 ,νῦν
1175 5266 1763 5348 μεταμεμορφωμένον.

120 5344 239 5400 Sed
264 5360 499 5415 prorsus
520 5342 727 5399 inutile
756 5344 988 5415 videtur
1015 5347 1100 5398 tot
1128 5342 1296 5399 veces
1327 5342 1538 5400 addere
1569 5342 1625 5401 et
1653 5346 1766 5401 im~

122 5414 373 5481 mutare,
409 5415 507 5469 ubi
542 5415 718 5469 unius
756 5414 959 5469 litteras
1012 5415 1341 5470 emendatio
1398 5418 1766 5472 commodam

124 5488 295 5542 all‘ert
325 5487 701 5543 sententiam.
732 5486 878 5540 Nam
912 5485 961 5540 si
991 5484 1147 5557 legas
1196 5484 1417 5539 ἕκαστον
1478 5504 1579 5557 pro
1634 5483 1767 5541 'éxa-

124 5576 276 5625 στος,
307 5557 391 5612 sic
432 5557 595 5613 locus
636 5556 799 5613 reddi
850 5556 1102 5629 poterit:
1162 5559 1349 5614 Nonne
1402 5562 1557 5629 prius
1603 5577 1770 5629 quam

126 5631 329 5685 horum
357 5629 567 5684 artibus
619 5645 681 5684 ιη
737 5628 1080 5699 has/armas
1136 5631 1508 5701 efﬁgermztur,
1570 5628 1766 5686 unum-

127 5701 379 5774 quodque
407 5702 476 5755 ab
506 5716 823 5774 unoquoque
863 5700 1076 5774 artifice
1123 5704 1312 5774 parii:
1362 5702 1556 5772 modis,
1612 5703 1771 5773 idque

125 5772 297 5829 etiam
324 5772 604 5842 hactenus,
622 5772 1079 5829 ‘immutabatur?
1122 5772 1481 5829 Videbantur
1526 5772 1767 5831 simula-

1881 3446 2054 3502 ﬁcitis
2087 3447 2265 3501 i’dum
2302 3445 2562 3515 lapideos
2594 3444 2832 3515 quidem
2862 3449 2920 3499 et
2950 3449 3236 3500 testaceos
3282 3462 3522 3503 venera-

1881 3536 2047 3601 mini,
2082 3534 2425 3590 custodibus
2456 3538 2718 3588 carentes
2740 3553 2755 3601 ;
2777 3536 3080 3605 argenteos
3108 3539 3303 3590 autem
3335 3539 3393 3590 et
3417 3552 3519 3591 au-

1880 3641 2008 3680 reos
2038 3621 2337 3678 includitis
2368 3625 2564 3686 noctu,
2598 3637 2665 3675 ac
2694 3621 2949 3676 interdiu
2972 3621 3247 3678 custodes
3276 3624 3519 3695 apponi-

1876 3714 1975 3782 tis,
2007 3729 2079 3768 ne
2109 3715 2259 3766 turto
2292 3709 2738 3765 auferantur.Et
2766 3708 3031 3765 veroillis
3044 3708 3370 3767 honoribus
3390 3712 3521 3782 qui-

1878 3802 1989 3858 bus
2018 3817 2119 3855 vos
2150 3798 2425 3871 prosequi
2454 3814 2553 3853 eos
2584 3797 2959 3864 existimatis,
2991 3797 3187 3869 potius
3235 3798 3520 3871 supplicio

1877 3889 2188 3956 afﬁcitis,si
2220 3887 2455 3960 quidem
2479 3902 2658 3944 sensu
2688 3886 2914 3957 praediti
2945 3891 3082 3942 sunt
3106 3904 3120 3954 ;
3140 3886 3231 3942 sin
3260 3891 3523 3958 expertes

1877 3983 2018 4034 sunt
2046 3994 2279 4041 sensus,
2312 3977 2512 4048 (hujus
2535 3976 2641 4047 rei)
2673 3975 3106 4041 convincentes,
3140 3977 3428 4046 sanguine
3465 3979 3525 4031 et

1877 4066 2182 4123 nidoribus
2212 4081 2310 4121 eos
2337 4064 2546 4120 colitis.
2580 4064 2721 4128 Quis
2750 4067 3010 4119 vestrum
3067 4061 3189 4117 haec
3237 4062 3524 4120 sufferat?

1876 4156 2006 4227 quis
2036 4155 2158 4210 haec
2189 4153 2301 4209 sibi
2334 4152 2456 4209 ﬁeri
2490 4151 2743 4224 patiatur
2763 4150 2895 4206 ‘Ised
2928 4149 3126 4206 nullus
3156 4150 3394 4221 quidem
3414 4150 3521 4207 ho-

1876 4246 2103 4300 minum
2139 4242 2249 4297 hoc
2281 4241 2637 4313 supplicium
2661 4239 2775 4295 nisi
2797 4238 3521 4310 invitus,patietur:(sensu

1875 4332 2032 4389 enim
2058 4336 2116 4388 et
2143 4329 2367 4385 ratione
2397 4333 2487 4384 est
2516 4327 2798 4399 praeditus
2830 4343 2843 4381 :
2883 4332 2898 4395 )
2956 4330 3017 4382 at
3073 4325 3227 4398 lapis
3275 4327 3519 4398 patitur,

1875 4438 2051 4478 sensu
2073 4420 2229 4475 enim
2252 4416 2834 4483 caret.Quamobrum
2862 4414 2995 4471 illos
3024 4430 3235 4471 sensus
3257 4426 3521 4487 expertes

1875 4580 1972 4620 cra
2001 4560 2382 4617 stabilitatem
2417 4559 2759 4631 quamdam,
2792 4560 2993 4630 utpote
3015 4557 3127 4613 diis
3158 4562 3513 4631 consecrata,

1875 4633 2273 4706 acquisivisse.
2301 4628 2505 4706 Quare
2525 4631 2802 4706 observat
2833 4628 3037 4706 auctor
3091 4628 3348 4706 epistolae
3406 4629 3515 4685 hoc

2793 4702 2968 4756 uibus
3000 4701 3263 4772 quandiu
3308 4716 3517 4755 carue-

1876 4782 2011 4833 runt
2040 4774 2375 4844 simulacra,
2420 4774 2625 4829 tandiu
2672 4771 2883 4827 iisdem
2938 4771 3367 4844 mutationibus
3413 4772 3515 4827 ob-

1875 4848 2047 4904 noxia
2075 4849 2311 4902 fuerunt
2339 4863 2404 4901 ac
2427 4845 2554 4901 alia)
2577 4860 2669 4900 res
2698 4844 2903 4900 eadem
2963 4858 3032 4898 ex
3078 4843 3323 4900 materia
3373 4859 3517 4899 con-

1876 4924 2476 5069 at?24t§8.l:ov.odtom:‘
2524 4984 2858 5069 Stephanus
2927 4982 3242 5067 legendum
3321 4986 3525 5069 monet

1872 5053 2110 5119 τοότοις.
2146 5060 2305 5126 Quod
2340 5056 2577 5130 quidem
2609 5053 2855 5112 minime
2884 5053 3284 5111 necessarium
3319 5053 3526 5110 existi-

1876 5148 2290 5275 magil'rli‘éleév
2347 5219 2426 5254 τε.
2482 5199 2546 5254 In
2597 5198 2825 5253 Beureri
2882 5196 3216 5323 apographo
3288 5195 3527 5252 additur

1877 5274 2099 5323 αὐτοῖςζ
2139 5279 2311 5323 atque
2341 5269 2590 5323 italezit
2618 5269 2974 5323 Stephanus.
3034 5286 3070 5323 n
3122 5267 3327 5323 eodem
3378 5267 3525 5323 Beu-

1877 5267 2061 5335 αὐτοῖς
2086 5292 2099 5341 ;
2139 5279 2311 5342 atque
2341 5272 2430 5343 ita
2449 5269 2590 5343 legit
2618 5267 2974 5343 Stephanus,
3000 5267 3327 5343 Ind—eodem
3378 5267 3525 5324 Beu-

1878 5348 1988 5404 reri
2021 5333 2337 5416 exemp-lari
2361 5342 2473 5397 alia
2506 5333 2681 5416 manu
2705 5333 3009 5416 legebatur
3034 5334 3217 5392 τέλεον
3253 5333 3330 5416 ᾃέ.

1878 5419 2059 5543 λᾶι(47)
2132 5406 2528 5492 Ἀἶρυλάκτους.
2586 5413 2649 5467 In
2706 5406 2933 5467 Be_ureri
2995 5410 3330 5483 apographo
3385 5406 3520 5484 ἀφο-

1951 5506 2116 5543 κτως.

1919 5489 2116 5547 ἀκτως.

1950 5558 2063 5649 ςέιδ)
2140 5552 2418 5649 Αὲἒσβῖιῖξῖς

1881 5623 2157 5714 ἐλέγχετε.
2186 5626 2431 5714 gon’iicit
2460 5624 2792 5714 Stephanus
2823 5623 3110 5697 scriptum
3160 5623 3362 5692 fuisse,
3419 5623 3520 5691 τὴν

1880 5693 2121 5770 αἴσθησιν
2151 5698 2255 5754 οὑκ
2283 5693 2428 5772 ἔχειν
2458 5693 2734 5771 ἐλέγχετε.

2508 5556 2569 5609 In
2602 5624 2614 5634 ‘
2644 5552 2878 5609 Beureri
2923 5552 3297 5634 iapograpbo
3354 5548 3520 5634 αὐτοῦ
