3998 6348
143 486 349 551 11⁸13
1359 492 1734 556 EPISTOLA
1781 522 1794 555 Α

1929 497 2417 561 DIOGNETUM.
3435 499 3591 581 1174

138 641 299 695 ριον
479 618 717 696 ἐκλογῆς
763 620 1195 693 ἀλαζονεύεσθαι,
1247 622 1323 685 ὡς
1374 621 1462 678 δια
1509 626 1668 679 τοῦτο
1698 625 1794 695 ἐξαι

1915 688 1920 695 _
1950 629 2209 701 gloriari,
2240 636 2297 685 et
2328 636 2607 704 tanquam
2640 650 2769 690 eam
2790 634 2861 689 ob
2892 650 3016 691 rem
3047 635 3198 691 Deus
3228 631 3437 691 eximio
3457 633 3589 690 illos

139 710 356 782 ρὲτως
382 711 767 785 ἠγαπημένους
818 711 920 765 ὑπὸ
968 715 1120 782 θεοῦ,
1149 716 1265 773 πῶς
1308 711 1369 767 οὐ
1401 710 1611 787 χλεύης
1643 712 1788 787 ἄξιον

1943 734 2137 772 amnre
2172 726 2578 791 prosequatur.
2628 723 2921 793 quomodo
2963 724 3424 779 subsannatione
3472 740 3583 779 non

128 798 238 852 τὸ
273 796 333 852 δὲ
360 796 786 874 παρεδρεύοντας
834 798 1030 861 αὐτοὺς
1078 797 1292 874 ἄστροις
1339 801 1427 855 καὶ
1478 801 1680 875 σελήνῃ
1728 824 1794 856 πα

1939 805 2011 860 sit
2042 806 2284 873 dignum
2309 806 2338 862 ‘I
2365 808 2693 871 Quinetiam
2736 826 2857 876 eos,
2894 811 3225 883 (tanquam)
3258 811 3586 867 assidentes

136 889 480 960 ρατήρησιν
530 892 638 942 τῶν
690 893 876 960 μηνῶν
937 890 1050 961 (57)
1098 888 1186 943 καὶ
1234 893 1339 942 τῶν
1385 891 1606 965 ἡμερῶν
1653 897 1794 945 ποιεῖ

1938 894 2111 947 astris
2139 899 2195 949 et
2223 894 2399 960 lunae,
2424 897 2813 953 observationi
2847 899 3138 954 mensium
3163 905 3220 954 et
3239 899 3466 955 dierum
3492 901 3587 955 de-

130 977 317 1046 σθαι,
368 975 459 1029 καὶ
502 975 597 1038 τὰς
645 976 955 1048 οἰκονομίας
1011 981 1145 1032 Θεοῦ
1199 978 1288 1032 καὶ
1339 978 1435 1040 τὰς
1487 983 1594 1032 τῶν
1626 982 1794 1054 καιρῶ

1937 983 2089 1036 dites
2120 998 2268 1046 esse,
2301 989 2359 1038 et
2388 984 2489 1039 Dei
2521 987 2875 1041 mcenomias
2905 1003 2970 1041 ac
3000 992 3415 1058 tempestatum
3447 1004 3582 1042 mu-

128 1060 426 1138 ἀλλαγάς
450 1063 586 1118 κατά
881 1064 1019 1139 πρὸς
1047 1064 1146 1127 τὰς
1174 1065 1349 1120 αὐτῶν
1382 1066 1582 1141 ὁρμὰς,
1615 1065 1677 1128 ἃς
1708 1067 1794 1140 μὲν

1935 1070 2187 1125 tationes
2204 1071 2272 1124 ad
2298 1086 2365 1125 ea
2383 1074 2824 1128 accommodare
2841 1074 2911 1129 ad
2929 1090 3051 1144 quis
3070 1080 3296 1129 mentes
3315 1090 3434 1129 sua
3455 1091 3584 1145 pro-

133 1151 250 1213 ci:
312 1152 524 1227 ἑορτάς,
584 1152 647 1215 ἃς
697 1149 755 1207 δὲ
787 1199 801 1224 ,
861 1151 937 1214 εἷς
991 1154 1156 1225 πένθη
1196 1172 1208 1186 ⁸
1267 1153 1353 1216 τίς
1406 1154 1465 1209 ἂν
1528 1150 1794 1217 θεοσεϐεία

1935 1174 2127 1230 pensa;
2175 1160 2315 1225 sint,
2348 1159 2491 1215 alias
2519 1162 2754 1231 quidem
2787 1162 2860 1216 ad
2894 1162 3069 1217 festos
3093 1162 3239 1231 dies,
3272 1161 3417 1217 alias
3445 1178 3579 1218 vero

127 1240 259 1294 καὶ
307 1240 409 1295 οὐκ
460 1240 767 1319 ἀφροσύνης
823 1240 966 1297 πολὺ
1024 1240 1191 1297 πλέον
1241 1244 1500 1319 ἡγήσεται
1556 1244 1619 1298 τὸ
1677 1240 1794 1319 δεῖγ

1935 1247 2004 1301 ad
2032 1246 2245 1313 luctus;
2271 1247 2406 1319 quis
2427 1248 2604 1302 divini
2638 1247 2832 1304 cultus
2850 1253 2906 1304 et
2929 1266 3041 1305 non
3066 1249 3369 1304 dementiae
3392 1248 3578 1305 multo

148 1350 250 1402 μα
278 1348 291 1398 ;
324 1336 427 1398 τῆς
464 1330 559 1402 μὲν
592 1327 683 1383 οὖν
737 1337 923 1399 κοινῆς
954 1329 1290 1400 εἷκαιότητος
1332 1331 1423 1386 καὶ
1471 1331 1703 1401 ἀπάτης,
1733 1352 1794 1387 κα

1934 1334 2123 1405 magis
2152 1335 2435 1391 indicium
2467 1337 2874 1392 existimabit?
2913 1337 3220 1392 Communi
3269 1339 3450 1410 igitur
3472 1355 3577 1393 va-

132 1421 265 1486 τῆς
314 1415 592 1473 Ἰουδαίων
643 1416 1180 1495 πολυπραγμοσύνης
1225 1418 1314 1473 καὶ
1374 1418 1692 1489 ἀλαζονείας
1741 1419 1794 1476 ὅτ

1932 1422 2117 1477 nitate
2137 1427 2194 1477 et
2213 1423 2560 1494 impostura,
2587 1428 2644 1480 et
2673 1424 3007 1480 Judeeorum
3038 1425 3372 1482 curiositate
3401 1432 3577 1499 atque

143 1506 352 1581 ὀρθῶς
409 1506 708 1582 ἀπέχονται
771 1507 1130 1584 Χριστιανοὶ,
1190 1507 1498 1584 ἀρκούντως
1549 1529 1607 1563 σε
1661 1509 1791 1583 νομί

1923 1510 2233 1581 jactantia,
2256 1512 2393 1583 jure
2419 1511 2777 1569 Christianos
2810 1512 3119 1579 abstinere,
3141 1518 3197 1569 te
3225 1514 3457 1570 abunde
3481 1515 3577 1569 di-

142 1600 244 1665 ζω
295 1596 686 1669 μεμαθηκέναι.
738 1596 809 1651 Τὸ
857 1594 915 1652 δὲ
959 1604 1060 1667 τῆς
1110 1593 1249 1659 ἰδίας
1300 1596 1474 1652 αὐτῶν
1523 1594 1793 1653 θεοσεϐεία

1930 1598 2143 1655 dicisse
2166 1598 2455 1656 existimo.
2482 1601 2592 1655 Sed
2619 1600 2795 1655 divini
2829 1601 3024 1656 cultus
3052 1600 3171 1656 illis
3202 1602 3419 1674 proprii
3451 1619 3576 1674 my-

144 1686 473 1760 μυστήριον
528 1686 605 1757 μή
655 1682 1036 1761 προσδοκήσῃς
1096 1680 1348 1750 δύνασθαι
1407 1686 1553 1760 παρά
1609 1687 1788 1759 ἀνθρώ

1928 1688 2174 1744 sterium
2207 1705 2280 1744 ne
2307 1692 2364 1744 te
2397 1689 2469 1744 ab
2502 1688 2741 1746 homine
2770 1688 2889 1746 ullo
2921 1689 3117 1745 doceri
3147 1705 3318 1761 posse
3354 1706 3574 1764 speres.

134 1792 270 1826 που
309 1778 514 1846 μαθεῖν.

1120 1906 1256 1964 CAP.
1288 1907 1357 1963 V.
1388 1909 1829 1966 Christianorum
1856 1924 2032 1966 mores
2058 1910 2320 1983 graphice
2348 1909 2612 1982 depingit.

230 2053 550 2130 Χριστιανοί
605 2056 708 2132 γὰρ
766 2054 890 2111 οὕτε
945 2059 1056 2130 γῇ,
1116 2053 1239 2111 οῦτε
1285 2060 1458 2136 φωνῇ,
1508 2054 1631 2113 οὔτε
1672 2053 1794 2113 ἓθεσ

1989 2059 2301 2117 Christiani
2334 2061 2489 2117 enim
2523 2078 2709 2133 neque
2750 2062 3004 2135 regione,
3048 2078 3238 2135 neque
3280 2079 3573 2131 sermone,

160 2141 583 2219 διακεκριμένοι
612 2147 720 2199 τῶν
769 2141 977 2199 λοιπῶν
1028 2142 1156 2199 εῗσιν
1202 2144 1523 2221 ἀνθρώπων.
1557 2141 1691 2201 Οὔτε
1717 2145 1794 2221 γά1

1932 2163 2119 2220 neque
2148 2147 2401 2221 politicis
2428 2149 2555 2204 vita;
2597 2149 2885 2205 institutis
2915 2167 2950 2205 a
2977 2151 3199 2207 caeteris
3229 2150 3571 2208 hominibus

160 2252 283 2286 που
340 2230 530 2293 πόλεις
583 2228 720 2293 ἰδίας
789 2235 1129 2287 κατοικοῦσιν
1166 2277 1180 2302 ,
1240 2230 1363 2288 οὔτε
1414 2230 1683 2307 διαλέκτῳ
1736 2255 1789 2289 τι

1930 2241 2072 2291 sunt
2101 2237 2382 2293 distincti.
2415 2241 2562 2293 Nam
2601 2253 2788 2311 neque
2818 2238 3082 2311 proprias
3119 2238 3383 2296 civitates
3411 2239 3571 2296 inco-

154 2320 215 2373 vi
279 2319 714 2396 παρηλλαγμὲνῃ
769 2325 1063 2396 χρῶνται,
1139 2317 1261 2376 οὔτε
1320 2322 1437 2398 βίον
1497 2323 1790 2398 παράσημο

1930 2322 2080 2390 lunt,
2114 2341 2302 2398 neque
2348 2342 2616 2382 sermone
2648 2331 2892 2382 utuntur
2935 2327 3037 2399 qui
3067 2328 3138 2383 ab
3167 2327 3415 2384 aliorum
3447 2345 3570 2384 ser-

154 2407 424 2462 ἆσκοῦσιν
459 2427 472 2440 ·
535 2407 597 2462 οὐ
676 2409 784 2480 μὴν
836 2406 1046 2479 ἐπινοίᾳ
1098 2408 1207 2463 τινὶ
1262 2409 1352 2464 καὶ
1424 2407 1663 2488 φροντίδι
1721 2431 1820 2465 πο-

157 2493 581 2571 λυπραγμόνων
641 2497 939 2572 ἀνθρώπων
1001 2498 1281 2571 μαθήματι
1339 2501 1453 2573 (59)
1508 2500 1656 2554 τοῦτ’
1710 2501 1821 2575 (60)

150 2582 353 2645 αὐτοῖς
410 2583 549 2639 ἐστιν
601 2583 909 2658 εἰρημένον⁹
970 2582 1095 2641 οὐδὲ
1149 2583 1422 2662 δόγματος
1481 2586 1820 2663 ἀνθρωπίνου

151 2678 490 2747 προεστᾶσιν
545 2716 558 2742 ,
639 2672 818 2749 ὥσπερ
893 2670 1029 2729 ἔνιοι
1074 2693 1087 2706 ·
1135 2679 1512 2738 κατοικοῦντες
1590 2673 1649 2731 δὶ
1720 2675 1821 2730 πό-

153 2758 285 2822 λεις
345 2758 676 2830 Ἑλληνίδας
748 2783 809 2817 τε
879 2763 970 2818 καὶ
1049 2758 1375 2840 βαρϐάρους,
1444 2765 1517 2826 ὡς
1593 2761 1819 2827 ἕκαστος

155 2847 457 2926 ἐκληρώθη
489 2896 503 2921 ,
552 2850 642 2904 καί
693 2848 745 2904 έν
791 2856 908 2913 τοῖς
953 2853 1068 2926 (61)
1118 2851 1415 2927 ἐγγωρίοις
1469 2850 1638 2916 ἔθεσιν
1692 2853 1817 2907 ἀκο-

156 2935 489 3001 λουθοῦντες
553 2934 604 2993 ἕν
654 2959 713 2994 τε
761 2939 946 3009 ἐσθῆτι
990 2942 1081 2995 καὶ
1122 2938 1298 3008 διαίτῃ
1351 2940 1439 2995 καὶ
1494 2941 1575 3013 τῷ
1634 2938 1817 3015 λοιπῷ

163 3026 303 3101 βίῳ,
358 3027 669 3100 θαυμαστὴν
713 3026 801 3081 καὶ
852 3026 1316 3103 ὁμολογουμένως
1372 3026 1671 3103 παράδοξον
1733 3028 1815 3084 ἐν-

155 3112 455 3170 διίκνυνται
510 3117 610 3185 τὴν
665 3116 981 3170 κατάστασιν
1064 3119 1163 3185 τῆς
1218 3117 1421 3171 ἑαυτῶν
1481 3117 1760 3181 πολιτείας
1797 3162 1811 3175 .

159 3201 432 3280 Πατρίδας
489 3204 727 3259 οἰκοῦσιν
785 3201 952 3273 ἰδίας,
1008 3203 1133 3259 ἀλλ’
1190 3205 1263 3267 ὡς
1328 3202 1625 3282 πάροικοι·
1689 3227 1811 3279 μετ-

154 3294 356 3368 έχουσι
412 3294 625 3347 πάντων
661 3337 674 3362 ,
735 3293 810 3355 ὡς
862 3292 1084 3348 πολῖται
1119 3339 1133 3365 ,
1191 3294 1281 3348 καὶ
1356 3295 1511 3359 πάνθ’
1581 3295 1757 3368 ὑπομέ
1787 3328 1810 3338 -

1932 2428 2104 2468 mone
2135 2413 2383 2484 differat,
2406 2430 2595 2487 neque
2616 2414 2745 2470 vitae
2766 2431 2951 2487 genus
2981 2415 3197 2472 habent
3225 2420 3379 2487 quod
3411 2417 3481 2472 de
3512 2433 3575 2473 re

1931 2500 2127 2575 aliqua
2160 2502 2274 2558 sibi
2314 2502 2593 2575 peculiari
2633 2503 2711 2559 sit
2740 2504 3031 2566 notabile;
3075 2521 3262 2577 neque
3290 2504 3509 2576 aliquid
3542 2521 3578 2561 ο,

1929 2591 2176 2646 curiosis
2207 2590 2547 2648 hominibus
2577 2592 2970 2666 excogitatum
3002 2598 3336 2666 proponunt
3355 2593 3464 2649 sibi
3495 2592 3579 2649 di-

1929 2680 2251 2735 scendum:
2285 2696 2476 2753 neque
2524 2680 2696 2736 alicui
2733 2681 2990 2754 dogmati
3022 2682 3281 2738 humano
3330 2684 3580 2755 patroci-

1928 2771 2164 2836 nantur,
2190 2769 2343 2824 sicut
2372 2769 2637 2825 nonnulli
2662 2786 2675 2823 :
2711 2770 2808 2825 sed
2837 2769 3155 2826 incolentes
3190 2771 3403 2843 partim
3432 2771 3581 2827 Gras-

1928 2872 2048 2926 cas,
2082 2856 2297 2928 partim
2319 2858 2598 2913 barbaras
2627 2857 2910 2925 civitates,
2938 2863 3113 2931 prout
3142 2861 3429 2932 cujusque
3450 2876 3580 2917 sors

1924 2944 2082 3010 tulit,
2114 2950 2172 3001 et
2196 2945 2607 3017 indigenarum
2641 2946 2907 3002 instituta
2939 2952 3249 3019 sequentes
3280 2949 3338 3004 in
3367 2948 3579 3005 vestitu

1923 3034 2220 3106 victuque,
2244 3038 2302 3089 et
2330 3034 2554 3091 caeteris
2582 3052 2710 3106 quas
2741 3035 2812 3091 ad
2847 3036 3027 3091 vitam
3061 3036 3372 3109 pertinent,
3403 3037 3579 3094 mira-

1925 3120 2103 3177 bilem
2135 3128 2191 3177 et
2220 3122 2377 3178 haud
2409 3123 2585 3178 dubie
2612 3123 3015 3180 incredibilem
3048 3142 3168 3181 suae
3208 3126 3419 3197 politiae
3451 3129 3576 3181 sta-

1922 3213 2047 3265 tum
2079 3210 2263 3266 oculis
2299 3211 2513 3267 nostris
2536 3217 2886 3284 proponunt.
2922 3212 3147 3268 Patrias
3178 3214 3441 3285 proprias
3470 3214 3574 3271 ha-

1922 3298 2151 3366 bitant;
2198 3300 2297 3355 sed
2342 3304 2624 3371 tanquam
2674 3300 2969 3372 inquilini.
3021 3300 3232 3357 Omnia
3278 3317 3411 3357 cum
3442 3301 3573 3360 aliis

148 3401 343 3435 νουσιν
397 3382 473 3443 ὡς
530 3381 669 3452 ξένοι
704 3424 716 3438 .
776 3387 923 3436 Πᾶσα
980 3381 1094 3453 ξένη
1133 3424 1147 3451 ,
1203 3382 1395 3459 πατρίς
1469 3382 1609 3439 ἐστιν
1688 3383 1794 3439 αὖ·

193 3472 222 3483 -
300 3486 309 3489 Α
434 3468 448 3486 ‘
552 3474 578 3485 υ
852 3469 867 3489 \
983 3468 1028 3489 ,Ι
1183 3475 1221 3489 π
1340 3474 1367 3486 ν
1533 3472 1547 3489 9
1696 3471 1707 3489 1

1921 3388 2261 3443 communia
2292 3388 2528 3453 habent,
2578 3393 2859 3461 tanquam
2906 3388 3096 3459 cives;
3137 3396 3194 3444 et
3242 3390 3441 3445 omnia
3469 3408 3572 3464 pa-

147 3472 267 3523 τῶν
298 3486 310 3499 ·
363 3468 451 3523 καὶ
507 3474 651 3524 πᾶσα
707 3469 922 3543 πατρὶς,
980 3468 1121 3543 ξένη.
1183 3474 1456 3542 Γαμοῦσιν
1515 3472 1589 3534 ὠς
1638 3471 1741 3527 πάν
1774 3505 1794 3517 -

1915 3475 2161 3545 tiuntur,
2186 3482 2466 3548 tanquam
2494 3477 2802 3550 peregrini.
2828 3477 3032 3534 Omnis
3053 3479 3360 3552 peregrina
3381 3479 3565 3553 regio,

144 3574 264 3618 τες’
318 3562 718 3632 τεκνογονοῦσιν
754 3602 768 3628 ,
822 3555 950 3613 ἀλλ’
1008 3557 1070 3612 οὐ
1147 3556 1393 3634 ῥίπτουσι
1450 3560 1519 3614 τά
1572 3561 1745 3634 γεννώ
1778 3595 1800 3604 -

152 3665 311 3717 μενα.
368 3645 640 3721 Τράπεζαν
699 3647 883 3715 κοινὴν
936 3644 1336 3722 παρατίθενται,
1396 3645 1522 3703 ἀλλ’

144 3734 344 3804 κοινήν
380 3774 393 3789 .
471 3736 557 3789 Ἐν
629 3734 784 3810 σαρκὶ
856 3733 1218 3811 τυγχάνουσιν
1255 3781 1271 3807 ,
1330 3733 1457 3791 ἀλλ’
1526 3736 1592 3791 οὔ
1665 3739 1801 3792 κατά

150 3824 327 3897 σάρκα
384 3827 560 3892 ζῶσιν.
611 3824 730 3877 Ἐπὶ
787 3830 893 3898 γῆς
951 3818 1353 3899 διατρίϐουσιν,
1413 3823 1539 3879 ἀλλ’
1592 3824 1644 3889 ἐν
1706 3826 1799 3880 οὖ-

151 3916 302 3988 ρανῷ
359 3910 773 3969 πολιτεύονται.
836 3913 1116 3976 Ιῐείθονται
1166 3918 1284 3976 τοῖς
1338 3914 1661 3987 ὡρισμένοις
1712 3915 1798 3970 νό-

154 4022 282 4074 μοις
315 4048 331 4073 ,
387 4002 476 4056 καὶ
534 4007 649 4064 τοῖς
710 3998 870 4063 ἰδίοις
932 4001 1073 4074 βίοις
1140 4005 1330 4056 νικῶσι
1387 4002 1515 4065 τοὺς
1571 3997 1791 4075 νόμους.

147 4093 426 4166 Ἀγαπῶσι
503 4090 704 4152 πάντας
738 4133 753 4159 ,
800 4089 891 4144 καὶ
972 4089 1076 4144 ὑπὸ
1147 4088 1361 4145 πάντων
1451 4088 1789 4149 διώκονται.

144 4181 532 4253 Ἀγνοοῦνται,
588 4179 676 4233 καὶ
732 4176 1140 4251 κατακρίνονται
1175 4220 1188 4233 .
1248 4183 1643 4249 Θανατοῦνται,
1702 4180 1791 4235 καὶ

150 4271 565 4335 ζωοποιοῦνται’
598 4266 944 4343 πτωχεύουσι
977 4268 1111 4340 (63),
1137 4264 1226 4321 καὶ
1257 4264 1609 4336 πλουτίζουσι
1648 4267 1789 4324 πολ-

146 4353 282 4417 λοπός
316 4399 329 4412 .
388 4358 604 4411 Πάντων
680 4356 1021 4439 ὑστεροῦνται
1071 4399 1086 4425 ,
1145 4354 1235 4410 καὶ
1288 4354 1341 4409 ἐν
1404 4361 1534 4410 πᾶσι
1604 4376 1789 4431 περισ-

1910 3566 2105 3637 patria
2148 3571 2237 3620 est
2283 3581 2485 3620 eorum
2513 3583 2527 3632 ;
2560 3570 2618 3621 et
2646 3566 2838 3621 omnis
2871 3566 3079 3638 patria,
3113 3572 3203 3623 est
3233 3568 3560 3641 peregrina.

1911 3653 2130 3709 Uxores
2177 3655 2421 3721 ducunt,
2474 3659 2539 3708 ut
2568 3669 2790 3719 omnes,
2842 3659 2899 3710 et
2944 3653 3158 3710 liberos
3215 3662 3562 3728 procreant;

1910 3742 2010 3797 sed
2036 3758 2150 3796 non
2172 3741 2458 3812 abjiciunt
2486 3740 2663 3797 fetus.
2689 3741 2955 3798 Mensam
2975 3759 3349 3800 communem
3383 3760 3565 3816 appu-

1908 3836 2077 3897 nunt;
2114 3829 2357 3885 minime
2384 3846 2518 3886 vero
2548 3829 2759 3886 cubile.
2799 3830 2860 3885 In
2893 3847 3068 3886 carne
3099 3838 3273 3899 sunt;
3308 3832 3410 3888 sed
3442 3850 3563 3889 non

1906 3919 2233 3974 secundum
2282 3934 2515 3974 carnem
2558 3919 2779 3975 vivunt.
2833 3923 2897 3974 In
2944 3924 3099 3976 terra
3144 3922 3405 3992 degunt;
3453 3922 3557 3977 sed

1904 4006 1964 4061 in
1988 4005 2130 4061 coelo
2154 4005 2415 4078 politiam
2437 4023 2605 4062 suam
2626 4006 2863 4063 habent.
2889 4007 3116 4080 Obsequ
3128 4014 3304 4063 untur
3325 4008 3557 4082 legibus

1904 4111 2031 4167 ᾳιιω
2054 4095 2292 4150 sancite
2310 4101 2470 4165 sunt,
2485 4100 2543 4151 et
2564 4113 2670 4151 suo
2690 4097 2822 4150 vita:
2839 4112 3051 4168 genere
3071 4096 3229 4168 leges
3249 4106 3555 4169 superant.

1900 4188 2117 4238 Amant
2145 4172 2371 4248 omnes.
2403 4190 2461 4238 et
2488 4199 2693 4240 omnes
2725 4183 2859 4239 illos
2892 4189 3344 4256 persequuntur.
3381 4186 3553 4259 Igno-

1898 4277 2105 4327 rantur
2132 4278 2187 4328 et
2216 4273 2684 4328 condemnantur
2708 4289 2722 4340 ;
2756 4278 2945 4328 morte
2967 4272 3303 4329 afﬁciuntur
3333 4279 3390 4331 et
3410 4275 3554 4332 vivi-

1897 4361 2168 4417 flcantur.
2191 4360 2605 4427 Mendicisunt,
2630 4366 2685 4416 et
2705 4359 2922 4417 multos
2936 4361 3142 4418 ditant.
3161 4362 3355 4419 Rebus
3370 4364 3562 4420 omni-

219 4516 329 4586 (56)
360 4513 687 4593 Mapsépzov.
737 4516 801 4571 In
843 4516 978 4593 cod.
1033 4532 1144 4593 ms_.
1194 4518 1320 4593 erat
1375 4519 1609 4593 tantum
1664 4535 1798 4593 μαρ-
1825 4523 1872 4588 D
1904 4535 2008 4593 que
2029 4520 2451 4593 investigatione
2484 4518 2735 4593 quadam
2780 4518 3165 4593 et_hominum
3208 4525 3556 4593 curiosorum

142 4584 264 4660 τύρ,
288 4584 779 4662 quemadmodum
803 4588 978 4662 etiam
1001 4587 1173 4662 paulo
1197 4590 1329 4662 post
1348 4584 1446 4662 χλ.
1472 4584 1794 4662 Utramque
1825 4584 1861 4588 ”
1901 4584 2277 4662 ᾆοιιίυἰειιάξιῐθ
2298 4589 2417 4662 hac
2463 4584 2764 4662 disciplina
2811 4590 2878 4645 ab
2926 4592 3008 4647 eis
3036 4592 3288 4648 inventa.
3321 4592 3551 4649 Mnus.

148 4657 346 4781 vq'cem
409 4658 658 4732 explevit
720 4657 1020 4732 Stephani
1075 4657 1321 4732 lege—nde
1350 4657 1794 4736 "pzp-c'iptov'et

150 4748 184 4781 Υ
212 4748 378 4781 λε’)ης.

150 4748 324 4790 γλευη
335 4749 378 4790 ς.

152 4748 578 4925 χΛὲἦὲᾖαηινῶν.
613 4800 709 4857 Sic
739 4816 840 4871 pro
887 4820 926 4871 μ
953 4797 1304 4872 Stephanus,
1338 4801 1507 4857 Beur.
1544 4808 1601 4858 et
1632 4801 1788 4875 Sylb.

152 4889 311 4925 emen
361 4889 433 4925 an
467 4913 479 4924 .

150 4876 479 4927 emendant.

218 4942 520 5015 (58)Κατά.
572 4941 1016 5015 Ιοᾉαροειιορζιο
1059 4942 1312 5015 Beureri
1343 4945 1466 4998 erat
1506 4939 1789 5015 καταδιαι-

151 5018 293 5087 ρεῖνη
313 5009 484 5086 Legit
510 5009 736 5084 Stephf
754 5009 1207 5087 {.étuﬁJi'JQpitszv
1235 5030 1248 5080 ;
1282 5011 1363 5067 ὅτι
1390 5014 1674 5087 additum
1726 5032 1796 5087 ex

148 5067 434 5155 'Qtephano’
463 5067 519 5139 et
547 5067 711 5140 Be‘ur.
754 5084 883 5139 Mox
898 5067 941 5139 ’,Ϊ
950 5067 1248 5155 udazoi'um
1283 5067 1595 5140 curiositas
1623 5067 1791 5141 inte]:

147 5156 375 5226 ligenda
403 5161 527 5211 est:
560 5157 852 5211 Curiosum
870 5154 1115 5210 studium
1142 5158 1301 5211 varia
1331 5155 1401 5210 ad
1433 5158 1527 5210 Dei
1554 5158 1788 5221 cultum,

146 5228 360 5301 quatem
386 5226 505 5301 sibi
521 5227 795 5301 ﬁngebant
822 5228 1163 5297 pertinentia
1192 5227 1520 5289 acervandi;
1551 5229 1635 5284 sic
1670 5230 1791 5301 ipse

145 5297 392 5369 explicat
421 5297 775 5369 Stephanus.

215 5364 664 5442 {59)‘Maeijilau.
697 5370 877 5442 Iidem
921 5364 1118 5442 legunt
1155 5368 1586 5442 pi91,po't_1t,_et
1616 5368 1788 5442 paulo

183 5438 596 5515 οὲῒεὺρῃμὲνον
645 5456 750 5511 pro
784 5438 918 5515 sipq
934 5438 1112 5515 pévov.
1160 5438 1632 5515 'Nondisplicet:
1661 5440 1786 5512 Syl-

182 5509 689 5585 υςεὶσῇρημένον,
736 5509 998 5585 electum.
1050 5510 1400 5585 Legendum
1430 5509 1785 5585 crediderim

147 5582 365 5655 μάθημα
391 5582 573 5637 τοῦτο.
608 5582 753 5639 Illud
798 5582 1079 5655 μαθήματι
1114 5582 1305 5638 ortum
1352 5582 1582 5639 videtur
1609 5600 1677 5639 ex
1707 5584 1784 5640 si-

149 5652 263 5711 mili
291 5652 433 5728 casu
464 5671 672 5728 vocum
705 5652 1178 5728 praecedentium.

375 5722 899 5801 Hamilcari-1961’.
972 5725 1242 5801 Legendp
1318 5722 1543 5801 μάθημα
1601 5727 1782 5801 τοῦτο,

149 5762 800 5873 υιὛὲέωῖἓιυυέἏυυυῑ,
849 5797 935 5854 sic
962 5762 1295 5854 reddendus
1449 5762 1651 5853 focus:
1680 5769 1783 5852 Ne:

1902 4661 1962 4716 in
1995 4659 2378 4716 Emendandis.

1975 4732 2088 4802 (61)
2120 4732 2204 4804 Ἐν
2231 4734 2375 4804 τοῖς.
2410 4730 2569 4804 pelet
2599 4731 2877 4802 Stephan.
2912 4732 3403 4804 praepositionem.

1974 4800 2088 4872 (62)
2122 4800 2383 4877 ’AM’...__
2406 4800 2753 4877 Stephanus
2768 4808 2827 4857 et
2855 4800 3143 4877 Beurerus
3185 4803 3384 4877 legunt
3423 4803 3551 4862 ἀλλ’

1903 4870 2207 4947 οὐξκςξιγήν.
2251 4872 2448 4947 ΔΜιληθί
2488 4870 2832 4947 Sylburgius
2857 4870 3006 4947 ﬁl)"
3046 4872 3109 4927 οὐ
3138 4870 3307 4947 πάντη
3356 4878 3545 4947 κοινήν

1903 4912 1965 4925 ν..
1998 4912 2135 4927 ην...
2168 4912 2207 4928 ..
2259 4912 2448 4928 ...ιυηη
2489 4912 2526 4927 υ
2568 4912 2687 4928 ιν...
2744 4912 2832 4928 ...υ
2880 4912 2989 4928 ...ιη
3047 4912 3109 4927 ν..
3358 4912 3545 4931 ...μην

1900 4944 1989 5026 v_el
2023 4912 2150 4999 mi
2179 4942 2339 5026 ὁσίως
2369 4912 2570 5026 κοινήὶ
2598 4912 2953 5026 Ξεᾲδίςίεἱάα
2978 4962 3219 5026 prorsus
3239 4912 3545 5026 hiscejus-

1906 5016 2037 5070 dem
2100 5015 2595 5090 vocis__repeti_tio,
2648 5020 2707 5090 et
2761 5015 2869 5072 hoc
2924 5015 3209 5090 perpolita
3240 5015 3550 5090 scriptore

1903 5103 2146 5156 prorsus
2176 5086 2437 5157 indigna.
2471 5087 2882 5153 Quamobrem,
2927 5086 2987 5143 ni
3019 5086 3205 5152 fallor,
3238 5086 3547 5172 legendum

1901 5154 2028 5211 ἀλλ’
2059 5157 2120 5211 οὐ
2153 5157 2382 5217 κοίτηνε
2430 5174 2675 5214 mensam
2723 5175 3071 5216 communem
3109 5176 3460 5217 opponimus.
3491 5170 3555 5217 at

2059 5174 2120 5211 ου
2153 5174 2382 5225 κοιτηνε
2430 5174 2675 5214 mensam
2723 5175 3071 5216 communem
3109 5176 3460 5226 appontmus,

1901 5177 2011 5211 αΑΑ
2059 5178 2120 5211 ου
2153 5177 2382 5225 κοιτηνε
2430 5177 2675 5214 mensam
2723 5177 3071 5216 communem
3109 5177 3460 5231 opponimus,
3491 5177 3554 5217 at

1899 5230 2496 5301 cubileinequaquam.
2557 5230 2780 5301 Quibus
2832 5232 3023 5287 verbis
3079 5236 3136 5286 et
3195 5232 3428 5301 iniquos
3482 5233 3554 5288 de

1901 5299 2248 5356 Christianis
2281 5299 2546 5375 rumores
2580 5300 2823 5373 repellit,
2857 5306 2912 5356 et
2938 5306 3226 5375 quantum
3262 5299 3332 5357 ab
3361 5302 3551 5375 ethni-

1899 5387 2099 5426 corum
2150 5372 2413 5427 moribus
2454 5370 2866 5439 discreparent,
2921 5370 3302 5427 demonstrat.
3359 5374 3549 5430 Simili

1895 5458 2140 5567 grorsus
2162 5443 2449 5497 sententia
2472 5442 2900 5497 Tertullianus:
2925 5444 3145 5504 Omnia.
3169 5444 3362 5514 inquit
3382 5446 3548 5519 Apol.

1932 5515 1985 5567 9.
2021 5514 2323 5567 indiscreta
2364 5523 2495 5567 sunt
2523 5513 2669 5567 noui
2705 5531 2804 5567 nos
2850 5529 3051 5567 praeter
3081 5532 3298 5567 umores.
3352 5518 3417 5567 In
3446 5521 3548 5567 ista

1932 5515 1985 5578 9,
2021 5514 2323 5569 indiscreta
2364 5523 2495 5569 sunt
2523 5513 2669 5585 (ιριιί
2705 5531 2804 5570 nos
2846 5529 3051 5585 prater
3081 5513 3298 5573 uxores.
3351 5518 3417 5573 In
3432 5513 3548 5576 ’ἱδιο

1894 5585 2006 5639 solo
2035 5586 2369 5639 consortium
2418 5585 2696 5653 solvimus,
2729 5587 2791 5641 in
2835 5602 2938 5657 quo
2985 5587 3099 5643 solo
3129 5590 3322 5646 cwteri
3366 5589 3543 5646 homi-

1891 5671 1986 5711 nes
2010 5656 2342 5711 consortium
2370 5660 2639 5712 exercent.

1963 5726 2074 5797 (63)
2102 5724 2477 5801 Πτωχεύουσι.
2529 5728 2721 5801 Dicere
2770 5727 2972 5784 malim
3027 5730 3099 5786 de
3146 5731 3537 5789 Christianis:

1892 5799 2164 5871 Pauperes
2190 5799 2322 5855 sunt
2361 5808 2413 5856 et
2442 5800 2643 5857 multo:
2671 5799 2867 5869 ditant,
2918 5818 3119 5875 quam,
3169 5809 3235 5859 ut
3281 5804 3538 5860 reddidit
