4046 6350
471 447 625 508 1175

470 672 587 733 tur,
611 671 668 721 et
690 666 841 721 inter
857 665 1137 721 dedecora
1150 662 1338 735 gloria
1359 664 1717 718 afﬁciuntur.
1732 663 1947 717 Eorum
1967 663 2122 715 fama

471 756 780 821 laceratur,
811 756 869 808 et
890 750 1132 823 justitiss
1176 768 1378 807 eorum
1420 751 1818 806 testimonium
1856 749 2120 822 perhibe-

472 848 589 902 tur.
622 841 948 898 Maledictis
990 856 1056 896 ac
1103 840 1380 896 conviciis
1418 840 1813 910 incessuntur,
1846 842 1903 894 et
1952 836 2121 893 bonis

470 933 663 989 verbis
697 933 1156 1003 prosequuntur.
1187 929 1409 1000 lnjuria
1430 929 1787 994 afﬁciuntur,
1822 931 1877 983 et
1907 926 2125 981 honore

472 1023 929 1096 prosequuntur.
963 1018 1107 1074 Cum
1141 1034 1202 1074 se
1230 1022 1437 1091 gerant
1468 1021 1531 1073 ut
1560 1018 1773 1090 probos
1796 1017 1976 1083 decet,
2003 1020 2126 1069 tan-

475 1126 650 1183 quam
676 1107 928 1180 improbi
952 1107 1310 1179 puniuntur:
1336 1108 1473 1161 dum
1498 1106 1846 1178 puniuntur,
1870 1104 2126 1175 gaudent

472 1202 756 1269 tanquam
778 1196 1161 1251 viviﬁcentur.
1199 1196 1494 1251 Adversus
1525 1212 1645 1262 eos,
1670 1199 1951 1265 tanquam
1984 1191 2124 1248 alie-

1637 440 2002 503 ANONYMI
2044 439 2207 502 VIRI
2250 439 2717 501 APOSTOLICI

469 580 583 634 bus
613 576 895 648 indigent,
931 578 987 629 et
1016 575 1215 629 omnia
1240 574 1352 629 illis
1375 574 1726 629 redundant.
1762 573 2116 628 Dedecoran-
2146 574 2195 637 Α
2228 568 2468 623 σεύουσιν
2504 614 2515 625 .

3726 441 3878 499 11⁸76

3775 568 3799 585 ς

2577 572 2971 641 Ἀτιμοῦνται,
3031 570 3121 624 καὶ
3181 569 3230 624 ἐν
3290 575 3407 631 ταῖς
3468 570 3718 641 ἀτιμίαις
3772 569 3878 623 3:-

2231 658 2470 727 ξάζονται
2506 677 2517 689 ⁸
2583 658 3037 736 βλασφημοῦνται
3081 702 3095 727 ,
3154 657 3242 713 καὶ
3302 655 3634 713 δικαιοῦνται
3677 677 3690 689 °
3751 659 3881 712 λοι-

2232 743 2560 820 δοροῦνται,
2620 748 2710 802 καὶ
2788 748 3143 823 εὐλογοῦσιν·
3210 742 3515 823 ὑϐρίζονται
3562 794 3575 818 ,
3637 746 3731 801 καί
3786 769 3880 801 τι·

2237 840 2428 909 μῶσιν.
2483 837 2988 911 Ἀγαθοποιοῦντες,
3049 837 3123 898 ὡς
3180 836 3335 891 κακοὶ
3390 834 3745 905 κολάζονται·
3796 858 3880 890 κο-

2234 924 2529 998 λαζόμενοι
2583 924 2891 1002 χαίρουσιν,
2942 926 3015 987 ὠς
3079 925 3528 997 ζωοποιοῦμενοι.
3582 926 3717 979 Ὑπὸ
3751 927 3883 981 Ἰου-

2236 1009 2397 1067 δαίων
2432 1014 2505 1074 ὡς
2540 1012 2849 1092 ἀλλόφυλοι
2879 1012 3273 1087 πολεμοῦνται,
3312 1014 3401 1068 καὶ
3435 1014 3536 1068 ὑπὸ
3596 1013 3883 1084 Ἑλλήνων

2236 1099 2546 1157 διώκονται*
2582 1103 2670 1158 καὶ
2700 1104 2797 1173 τὴν
2831 1103 3004 1157 αἷτίαν
3026 1111 3124 1173 τῆς
3158 1102 3357 1180 ἔχθρας
3388 1102 3556 1157 εἰπεῖν
3610 1108 3889 1176 μισοῦντες

2237 1190 2336 1245 οὐκ
2367 1189 2603 1268 ἔχουσιν.

474 1287 739 1361 nigenas,
766 1286 951 1343 Judei
999 1284 1217 1341 bellum
1250 1289 1481 1358 gerunt,
1509 1290 1566 1341 et
1597 1284 1778 1341 Graeci
1809 1301 1907 1339 eos
1960 1286 2421 1355 persequuntur;
2456 1288 2512 1339 et
2542 1300 2740 1340 osores
2789 1299 2991 1340 eorum
3040 1300 3281 1339 causam
3328 1282 3784 1339 inimicitiarum
3817 1283 3895 1336 di-

475 1389 603 1432 cere
633 1378 953 1446 nequeunt.

1036 1488 1169 1545 CAP.
1202 1488 1298 1544 VI.
1350 1488 1498 1545 Velut
1527 1489 1776 1544 animam
1809 1489 1867 1543 in
1906 1500 2148 1559 corpore,
2184 1485 2520 1544 Christianos
2552 1489 2614 1543 in
2642 1488 2846 1545 mundo
2874 1488 3088 1544 versari
3114 1488 3325 1559 probat.

551 1599 739 1670 Atque
768 1599 832 1651 ut
875 1594 1053 1652 semel
1094 1595 1293 1651 omnia
1337 1594 1711 1667 complectar,
1744 1595 1899 1666 quod
1949 1597 2037 1649 est
2066 1593 2124 1647 in

479 1701 719 1758 corpore
774 1684 994 1749 anima,
1050 1684 1160 1738 hoc
1206 1687 1346 1739 sunt
1398 1684 1457 1737 in
1517 1683 1736 1738 mundo
1786 1682 2122 1738 Christiani.

482 1776 752 1846 Dispersa
779 1776 869 1829 est
916 1789 1018 1843 per
1063 1772 1261 1827 omnia
1291 1771 1548 1843 corporis
1579 1772 1845 1826 membra
1893 1771 2123 1835 anima;

478 1867 534 1919 et
580 1861 895 1918 Christiani
949 1878 1047 1933 per
1097 1860 1302 1915 mundi
1346 1861 1605 1915 civitates
1636 1860 1908 1931 (dispersi
1940 1860 2124 1929 sunt.)

478 1951 711 2007 Habitat
758 1950 997 2021 quidem
1049 1949 1109 2003 in
1160 1965 1401 2020 corpore
1448 1949 1665 2016 anima,
1717 1949 1818 2003 sed
1878 1965 1992 2003 non
2042 1953 2131 2002 est

479 2055 509 2095 e
540 2054 815 2110 corpore:
864 2037 987 2108 (sic)
1016 2042 1072 2092 et
1118 2037 1432 2092 Christiani
1466 2038 1526 2092 in
1576 2037 1796 2091 mundo
1843 2035 2129 2103 habitant,

479 2127 582 2183 sed
642 2142 674 2180 ο
733 2126 949 2180 mundo
1010 2141 1125 2180 non
1185 2126 1386 2180 sunt“.
1447 2124 1764 2180 Invisibilis
1819 2123 2016 2178 anima
2070 2123 2130 2178 in

476 2214 693 2270 visibili
723 2229 981 2285 corpore,
1032 2217 1313 2284 tanquam
1363 2214 1421 2267 in
1475 2213 1763 2284 praasidio,
1815 2213 2133 2267 constituta

478 2309 603 2359 est:
686 2303 804 2374 (sic)
878 2307 936 2357 et
992 2301 1307 2356 Christiani
1366 2307 1819 2375 cognoscuntur,
1872 2301 2010 2355 dum
2070 2300 2129 2355 in

480 2392 701 2448 mundo
749 2394 1227 2458 commorantur;
1279 2391 1379 2445 sed
1436 2390 1747 2446 invisibilis
1797 2394 1885 2444 est
1930 2405 2131 2445 eorum

479 2480 676 2535 cultus
723 2477 974 2535 divinus.
1036 2478 1180 2534 Odio
1232 2478 1609 2550 prosequitur
1662 2477 1921 2533 animam
1974 2494 2127 2545 caro,

474 2571 534 2623 et
582 2566 800 2623 bellum
849 2566 901 2622 ei
956 2571 1146 2622 movet
1199 2566 1360 2621 nulla
1413 2567 1623 2622 all'ecta
1676 2566 1913 2637 injuria,
1973 2566 2127 2636 quod

475 2655 876 2728 voluptatibus
945 2656 1059 2710 frui
1129 2655 1543 2727 prohibeatur:
1623 2654 1754 2709 odio
1831 2654 2128 2725 prosequi-

478 2748 575 2799 tur
616 2748 674 2799 et
728 2744 986 2799 mundus
1040 2743 1421 2811 Christianos,
1478 2742 1641 2798 nulla
1685 2743 1925 2798 atl‘ectus
1981 2742 2131 2813 inju-

478 2833 589 2900 ria,
621 2833 902 2905 quoniam
944 2830 1343 2903 voluptatibus
1374 2836 1724 2904 repugnant.
1766 2832 1978 2886 Anima
2002 2847 2129 2886 car-

478 2938 611 2978 nem
644 2926 823 2989 amat,
872 2937 1004 2991 quae
1052 2921 1241 2992 ipsam
1292 2920 1433 2991 odit,
1467 2926 1525 2975 et
1570 2921 1769 2991 (amat)
1824 2920 2125 2978 membra:

478 3011 598 3084 (sic)
629 3010 804 3066 etiam
853 3009 1167 3065 Christiani
1217 3013 1417 3064 amant
1459 3024 1678 3064 osores.
1731 3010 1960 3064 Inclusa
1998 3008 2125 3080 qui-

478 3100 612 3155 dem
642 3104 731 3155 est
758 3098 955 3154 anima
984 3114 1241 3169 corpore,
1275 3098 1373 3153 sed
1408 3098 1535 3169 ipsa
1566 3114 1776 3169 corpus
1801 3102 2123 3153 conservat:

478 3189 604 3260 (sic)
652 3192 711 3243 et
756 3186 1069 3243 Christiani
1118 3187 1454 3242 detinentur
1504 3187 1741 3258 quidem
1790 3187 1849 3242 in
1882 3188 2123 3257 mundo,

2308 1592 2525 1655 Ἀπλῶς
2585 1591 2632 1648 δ’
2687 1592 2877 1663 εἰπεῖν,
2936 1594 3068 1670 ὅπερ
3127 1593 3267 1649 ἐστὶν
3326 1593 3378 1648 ἐν
3440 1594 3656 1664 σώματι
3726 1595 3906 1668 ψυχή,

2232 1683 2381 1736 τοῦτ’
2435 1681 2569 1736 εἰσὶν
2629 1682 2679 1737 ἐν
2738 1682 2930 1755 κόσμῳ
2988 1682 3345 1757 Χριστιανοί.
3402 1684 3709 1752 Ἐσπαρται
3770 1703 3909 1735 κατα

2233 1768 2446 1823 πάντων
2501 1774 2608 1824 τῶν
2658 1774 2754 1824 τοῦ
2787 1771 3039 1841 σώματος
3095 1767 3275 1842 μελῶν
3323 1772 3358 1837 ἡ
3408 1770 3590 1844 ψυχὴ,
3640 1770 3737 1822 καὶ
3781 1770 3907 1841 Χρι-

2235 1858 2442 1913 στιανοὶ
2492 1859 2627 1913 κατὰ
2662 1859 2760 1920 τὰς
2817 1863 2913 1912 τοῦ
2968 1859 3178 1930 κόσμου
3234 1857 3449 1919 πόλεις.
3500 1858 3652 1912 Οἰκεῖ
3710 1859 3807 1929 μὲν
3860 1857 3904 1911 ἐν

2237 1945 2317 2018 τῷ
2373 1949 2586 2018 σώματι
2644 1949 2821 2023 ψυχὴ,
2881 1946 2979 2001 οὐκ
3032 1945 3141 2001 ἔστι
3202 1944 3262 2001 δὲ
3321 1947 3380 2001 ἐκ
3434 1950 3530 2000 τοῦ
3592 1947 3856 2017 σώματος
3890 1966 3901 1975 ·

2238 2034 2327 2089 καὶ
2374 2035 2683 2110 Χριστιανοὶ
2742 2035 2793 2089 ἐν
2852 2036 3044 2107 κόσμῳ
3103 2035 3365 2100 οἰκοῦσιν,
3426 2035 3525 2088 οὒκ
3574 2034 3681 2088 εἰσὶ
3740 2032 3801 2088 δὲ
3852 2034 3905 2087 ἐκ

2238 2128 2334 2177 τοῦ
2381 2123 2611 2196 κόσμου.
2660 2124 2916 2199 Ἀόρατος
2960 2126 2994 2192 ἡ
3047 2125 3201 2198 ψυχὴ
3253 2123 3304 2177 ἐν
3352 2124 3531 2195 ὁρατῷ
3582 2129 3901 2199 φρουρεῖται

2236 2216 2317 2282 τῷ
2372 2213 2629 2284 σώματι’
2688 2212 2776 2265 καὶ
2862 2213 3175 2287 Χριστιανοὶ
3250 2212 3612 2285 γινώσκονται
3691 2210 3904 2283 μένον-

2238 2321 2327 2362 τες
2358 2302 2471 2373 (64)
2504 2301 2555 2355 ἄν
2605 2305 2685 2372 τῷ
2727 2300 2942 2374 κόσμῳ,
2995 2300 3225 2377 ἀόρατος
3256 2298 3311 2355 δὲ
3341 2300 3515 2354 αὐτῶν
3547 2306 3583 2367 ἡ
3619 2295 3908 2363 eaeaeae”

2243 2390 2411 2462 μὲνει.
2443 2395 2605 2443 Μισεῖ
2651 2390 2751 2457 τήν
2800 2391 2984 2465 ψυχὴν
3039 2392 3073 2458 ἡ
3121 2390 3268 2464 σὰρξ,
3303 2390 3393 2443 καὶ
3423 2387 3682 2461 πολεμεῖ,
3733 2386 3905 2460 μηδὲν

2238 2475 2592 2551 ἀδικουμένη,
2653 2475 2791 2532 διότι
2851 2483 2969 2539 ταῖς
3023 2476 3247 2547 ἡδοναῖς
3305 2474 3579 2532 κωλύεται
3629 2485 3901 2551 χρῆσθαι·

2244 2570 2393 2636 μισεῖ
2429 2565 2519 2619 καὶ
2567 2563 2917 2640 Χριστιανοὺς
2967 2566 2995 2619 ὁ
3039 2565 3248 2637 κόσμος
3294 2562 3459 2637 μηδὲν
3512 2562 3905 2637 ἀδικούμενος,

2239 2651 2324 2707 ὅτι
2360 2658 2478 2714 ταῖς
2526 2651 2750 2723 ἡδοναῖς
2792 2654 3215 2709 ἀντιτάσσονται.
3258 2660 3316 2709 ’Π
3349 2656 3532 2729 ψυχὴν
3585 2656 3684 2722 τὴν
3721 2660 3906 2726 μισοῦ-

2238 2762 2331 2795 σαν
2364 2741 2546 2816 ἀγαπᾷ
2573 2742 2765 2818 σάρκα,
2805 2748 2897 2796 καῖ
2944 2744 3010 2797 τὰ
3064 2742 3226 2815 μέλη·
3276 2744 3368 2797 καὶ
3416 2746 3742 2817 Χριστιανοὶ
3774 2742 3900 2803 τοὺς

2241 2835 2525 2902 μισοῦντας
2576 2832 2877 2905 ἀγαπῶσιν.
2928 2831 3331 2906 Ἑγκέκλεισται
3387 2834 3480 2904 μὲν
3536 2834 3570 2900 ἡ
3606 2833 3764 2906 ψυχὴ
3820 2836 3894 2901 τῷ

2237 2919 2471 2991 σώματι,
2521 2917 2736 2995 σύνέχει
2786 2917 2845 2975 δὲ
2894 2919 3024 2973 αὐτὸ
3078 2922 3141 2975 τὸ
3190 2925 3382 2992 σῶμα’
3434 2920 3523 2974 καὶ
3573 2920 3890 2993 Χριστιανοὶ

2234 3007 2551 3082 κατέχονται
2604 3010 2697 3080 μὲν
2744 3008 2819 3070 ὡς
2870 3008 2922 3063 ἐν
2963 3014 3174 3086 φρουρᾷ
3222 3014 3300 3079 τῷ
3340 3009 3573 3081 κόσμῳ,
3625 3008 3783 3063 αὐτοὶ
3834 3006 3890 3062 δὲ

2234 3105 2518 3171 συνέχουσι
2576 3098 2689 3169 (65)
2745 3098 2834 3151 τὸν
2895 3096 3120 3169 κόσμον.
3179 3099 3470 3160 Ἀθάνατος
3520 3101 3554 3165 ἡ
3617 3099 3774 3172 ψυχή
3835 3096 3889 3150 ὲν

2233 3186 2414 3257 θνητῷ
2471 3185 2791 3258 σκηνώματι
2836 3191 3080 3240 κατοικεῖ
3115 3206 3127 3219 ’
3178 3187 3266 3240 καὶ
3316 3186 3627 3262 Χριστιανοὶ
3686 3207 3884 3261 παροιο

482 3283 763 3350 tanquam
788 3277 845 3331 in
869 3276 1155 3343 custodia,
1188 3276 1289 3331 sed
1315 3276 1425 3346 ipsi
1449 3276 1735 3331 mundum
1764 3281 2125 3331 conservant.

2246 3278 2422 3327 κοῦσιν
2479 3273 2531 3329 ἐν
2590 3276 2846 3351 φθαρτοῖς
2882 3317 2896 3343 ,
2950 3277 3050 3344 τὴν
3130 3274 3180 3329 ὲν
3257 3274 3508 3350 οὐρανοῖς
3587 3275 3883 3353 ἀφθαρσίαν

486 3365 838 3421 Immortalis
873 3366 1069 3421 anima
1101 3364 1157 3419 in
1196 3364 1428 3419 mortali
1459 3364 1834 3421 tabernaculo
1866 3364 2126 3421 habitat:

484 3459 542 3511 et
584 3454 893 3510 Christiani
950 3453 1050 3509 illa
1105 3470 1233 3524 quae
1283 3453 1641 3525 corruptioni
1699 3457 1837 3508 sunt
1883 3454 2133 3509 obnoxia

482 3547 766 3614 tanquam
834 3542 1107 3614 inquilini
1166 3541 1451 3611 incolunt,
1519 3541 2131 3614 incorruptibilitatem

483 3631 779 3688 cmlestem
812 3634 1234 3701 exspectantes.
1267 3632 1498 3697 Anima,
1546 3630 1685 3685 dum
1718 3630 1846 3685 cibo
1895 3636 1952 3685 et
1991 3638 2133 3702 potu

488 3720 639 3775 male
672 3724 970 3785 tractatur,
1005 3721 1071 3774 ﬁt
1100 3718 1345 3774 melior:
1379 3724 1436 3774 et
1465 3720 1606 3774 dum
1638 3718 1951 3774 Christiani
2000 3737 2136 3791 sup-

2241 3362 2677 3438 προσδεχόμενοι
2713 3406 2726 3419 .
2788 3363 3243 3439 Κακουργουμὲνη
3298 3364 3487 3425 σιτίοις
3550 3364 3642 3418 καὶ
3702 3370 3893 3423 ποτοῇ

2241 3453 2276 3520 ἡ
2330 3452 2538 3524 ψυχὴν,
2600 3450 2940 3527 βελτιοῦται·
3001 3451 3091 3507 καί
3149 3453 3461 3527 Χριστιανοὶ
3522 3452 3892 3523 κολαζόμενοι

2239 3542 2361 3595 καθ’
2416 3539 2626 3615 ἡμέραν
2663 3583 2678 3608 ,
2727 3540 3087 3610 πλεονάζουσι
3150 3540 3360 3613 μᾶλλον
3400 3586 3412 3597 .
3474 3542 3565 3603 Εἰς
3624 3543 3898 3609 τοσαῦτην

2244 3628 2436 3691 αὐτοὺς
2488 3630 2633 3699 τάξιν
2694 3628 2842 3693 ἔθετο
2896 3631 2923 3684 ὁ
2982 3632 3132 3699 Θεὸς,
3191 3631 3251 3698 ἢν
3312 3630 3377 3684 οὐ
3431 3632 3650 3703 θεμιτὸν
3712 3632 3899 3690 αὐτοῖς

2244 3720 2478 3793 παραιτή
2490 3730 2701 3782 σασθαι.

483 3806 674 3881 pliciis
720 3806 1055 3864 afﬁciuntur
1095 3806 1375 3878 quotidie,
1424 3824 1707 3863 numerus
1746 3824 1946 3863 eorum
2004 3808 2264 3864 cresccit.
2310 3809 2464 3864 Deus
2512 3808 2643 3864 illos
2690 3814 2812 3864 tam
2861 3808 3153 3881 insignem
3201 3815 3396 3866 tenere
3442 3810 3636 3866 locum
3690 3811 3903 3873 voluit.

484 3913 659 3969 quem
692 3894 779 3951 illi
812 3896 972 3952 nefas
1004 3901 1091 3951 est
1120 3895 1411 3967 defugere.

488 4001 623 4058 CAP.
658 4001 777 4059 VII.
815 4002 937 4058 Haec
962 4002 1163 4072 religio
1193 4017 1227 4057 a
1254 4002 1357 4057 Deo
1388 4002 1668 4069 instituta,
1701 4002 1798 4072 qui
1826 4017 1933 4057 non
1965 4017 2078 4057 rem
2107 4006 2377 4068 creatam,
2410 4002 2500 4057 sed
2528 4003 2813 4074 proprium
2841 4003 3047 4058 Filium
3072 4006 3228 4059 misit
3256 4008 3317 4060 ut
3353 4005 3592 4060 salvaret
3630 4004 3906 4062 homines.

1687 4074 1979 4145 Manifesta
2007 4075 2141 4130 Filii
2178 4074 2440 4130 adventu:
2470 4075 2701 4130 indicia.

563 4178 687 4234 Non
719 4178 875 4235 enim
908 4183 1223 4250 terrenum,
1258 4182 1323 4234 ut
1366 4178 1508 4249 dixi,
1540 4178 1840 4235 inventum
1890 4179 1995 4235 hoc
2027 4178 2132 4235 illis

2324 4178 2396 4233 Οὐ
2450 4178 2554 4255 γὰρ
2612 4178 2866 4255 ἐπίγειον,
2924 4179 2999 4241 ὡς
3051 4178 3205 4258 ἔφην,
3258 4179 3471 4256 εῦρημα
3523 4182 3674 4235 τοῦτ’
3725 4181 3912 4242 αὐτοῖς

495 4268 776 4323 traditum
827 4273 958 4335 est;
1020 4283 1208 4339 neque
1256 4266 1521 4323 mortalis
1568 4272 1658 4323 est
1706 4269 2146 4338 commentatio,

492 4372 666 4428 quam
700 4357 843 4412 adeo
888 4362 1155 4412 accurate
1209 4356 1652 4411 custodiendam
1704 4357 1817 4411 sibi
1865 4363 2144 4427 censent;

492 4460 684 4518 neque
732 4444 1128 4500 humanorum
1185 4445 1598 4516 mysteriorum
1657 4447 1982 4501 oeconomia
2028 4445 2147 4502 illis

492 4532 811 4589 commissa
840 4538 966 4601 est;
999 4534 1099 4589 sed
1150 4533 1274 4604 ipse
1306 4547 1437 4589 vere
1479 4532 1655 4603 Deus,
1688 4534 1789 4604 qui
1840 4539 1928 4589 est
1958 4534 2143 4589 omni-

493 4627 720 4695 potens,
752 4625 809 4677 et
838 4620 1103 4677 omnium
1152 4620 1435 4687 conditor,
1469 4637 1535 4676 ac
1585 4621 1917 4687 invisibilis,
1949 4638 1980 4676 θ
2032 4639 2143 4678 οω-

490 4710 564 4767 lis
596 4710 904 4765 Veritatem
947 4716 1004 4765 et
1032 4710 1290 4765 Verbum
1343 4710 1561 4765 factum
1606 4727 1672 4765 ac
1701 4710 2144 4783 incomprehen-

495 4798 667 4856 sibile
709 4800 860 4855 inter
891 4798 1160 4854 homines
1191 4798 1423 4864 locavit,
1458 4802 1517 4854 et
1546 4798 1605 4853 in
1639 4799 1911 4855 cordibus
1943 4816 2146 4855 eorum

494 4889 726 4944 ﬁrmam
755 4888 971 4944 habere
1000 4888 1202 4943 sedem
1230 4885 1439 4944 voluit:
1477 4904 1615 4955 non,
1646 4888 2147 4958 quemadmodum

493 4975 708 5049 aliquis
737 4974 1027 5047 conjicere
1052 4975 1259 5048 possit,
1294 4975 1477 5031 misso
1510 4975 1849 5033 hominibus
1880 4976 2146 5033 ministro

566 5136 589 5172 ³
617 5135 783 5193 Joan.
810 5152 949 5202 xvn,
976 5134 1063 5207 11,
1096 5135 1187 5204 14,
1220 5133 1307 5189 16.

495 5310 850 5384 Stephanus,
883 5309 1131 5384 Mendici
1150 5313 1296 5365 sunt.
1324 5310 1554 5384 Maium.
1581 5310 1718 5384 ibid.
1751 5342 1815 5353 —
1852 5311 1976 5367 Haec
2006 5312 2148 5384 scri-

496 5382 642 5439 bens
674 5382 1158 5454 auctorgepist‘o’laa
1180 5382 1457 5454 respexit
1487 5383 1559 5437 ad
1586 5382 1631 5437 II
1670 5383 1797 5438 Cor.
1822 5400 1900 5450 v1,
1935 5384 2036 5439 1οε
2072 5382 2146 5446 ὡς

497 5453 738 5527 πτωχοὶ,
770 5449 1016 5528 πολλοὺς
1037 5449 1106 5528 ,δὲ
1135 5449 1515 5528 πλουτίζονται
1542 5470 1554 5508 :
1604 5471 1729 5525 qua:
1762 5449 1934 5510 verba
1974 5455 2143 5528 Vulg.

498 5526 786 5595 interpres
825 5526 907 5580 ita
953 5526 1181 5580 reddit:
1245 5526 1395 5581 Sicut
1440 5530 1674 5592 egentes,
1724 5528 1923 5581 multos
1965 5526 2145 5582 autem

499 5596 915 5665 tocuptetmztes.
950 5598 1045 5653 Sic
1076 5614 1207 5651 mox
1240 5598 1395 5667 intra
1415 5598 1734 5667 praefoculis
1758 5598 1963 5653 habuit
1993 5600 2145 5654 idem

501 5663 704 5745 auctor
744 5672 776 5745 II
821 5668 947 5723 Cor.
1005 5685 1081 5745 ιν,
1134 5669 1254 5745 l_2,_
1283 5663 1717 5742 λοιδορούμενοι,
1762 5667 2091 5745 εὐλογοῦμεν
2128 5686 2141 5725 :

500 5735 900 5803 Matedicimur,
930 5744 982 5792 et
1010 5735 1397 5795 benedicimus.

2253 4263 2526 4342 παρεδόθη
2565 4285 2578 4299 ’
2639 4264 2763 4322 οὑδὲ
2821 4269 3022 4339 θνητὴν
3082 4268 3319 4323 ἐπίνοιαν
3380 4267 3667 4347 φυλάσσειν
3736 4270 3915 4331 οὕτως

2255 4356 2490 4426 ἀξιοῦσιν
2557 4354 2835 4428 ἐπιμελῶς
2884 4402 2899 4424 ,
2960 4354 3087 4412 οὐδὲ
3160 4358 3507 4431 ἀνθρωπίνων
3586 4358 3916 4432 οἰκονομίαν

2257 4444 2568 4519 μυστηρίων
2617 4446 3017 4500 πεπίστευνται·
3080 4444 3207 4500 ἀλλ’
3254 4446 3414 4508 αὐτὸς
3458 4447 3485 4500 ὁ
3518 4452 3920 4523 παντοκράτωρ

2257 4533 2346 4588 καὶ
2408 4534 2803 4605 παντοκτίστης
2864 4535 2955 4589 καὶ
3009 4535 3239 4611 ἀόρατος
3287 4536 3441 4603 Θεὸς,
3483 4536 3645 4597 αὐτὸς
3700 4538 3796 4591 ἀπ’
3846 4538 3927 4591 οὖ-

2259 4627 2427 4697 ρανῶν
2472 4624 2573 4692 τὴν
2627 4620 2914 4693 Ἀλήθειαν
2967 4624 3057 4678 καὶ
3104 4624 3191 4679 τὸν
3246 4619 3415 4699 Λόγον
3466 4624 3555 4677 τὸν
3603 4627 3765 4700 ἅγιον
3816 4631 3919 4697 (ὃὸς

2256 4712 2345 4765 καὶ
2404 4712 2757 4785 ἀπερινόητον
2818 4712 3127 4788 ἀνθρώποις
3190 4710 3491 4786 ἐνίδρυται,
3548 4712 3638 4767 καὶ
3695 4715 3920 4789 ἐγκατε-

2258 4802 2473 4872 στήριξε
2529 4806 2649 4863 ταῖς
2706 4798 2954 4875 καρδίαις
3013 4800 3207 4856 αὐτῶν
3271 4800 3375 4868 οὗ,
3425 4803 3662 4877 καθάπερ
3714 4802 3779 4856 ἄν
3838 4825 3917 4863 τις

2258 4890 2535 4957 εἰκάσειεν,
2588 4888 2897 4965 ἀνθρώποις
2960 4890 3231 4965 ὑπηρέτην
3283 4890 3403 4944 τινὰ
3450 4890 3691 4963 πέμψας,
3754 4894 3791 4960 ἢ

2256 4976 2440 5052 γελον,
2553 4979 2813 5053 ἄρχοντα,
2848 4979 2881 5047 ἢ
2936 4980 3056 5033 τινὰ
3100 4982 3207 5034 τῶν
3258 4976 3551 5034 διεπόντων
3582 4982 3651 5034 τὰ
3679 4979 3915 5057 ἐπίγεια,

2348 5313 2441 5383 64)
2476 5310 2759 5385 Μὲνοντες.
2792 5313 2990 5385 Steph.
3030 5312 3251 5369 mavult
3294 5312 3387 5384 μὶν
3420 5307 3587 5373 ὄντες.

2258 5384 2792 5511 ΙΙ(ῗ15)7Συνὲχουσι.
2838 5384 3049 5440 Eadem
3084 5385 3370 5441 habemus
3416 5388 3473 5439 in
3502 5384 3723 5440 Justini
3759 5385 3911 5456 Apol.

2315 5472 2504 5519 ,n.t.

2327 5528 2439 5595 (66)
2492 5525 2589 5578 Τὸν
2649 5526 2802 5598 ἅγιον
2855 5528 3049 5581 Monet
3093 5527 3427 5597 Stephanus
3488 5527 3545 5579 in
3604 5527 3735 5581 cod.
3804 5543 3910 5580 ms.

2257 5599 2537 5725 νίχὲλιιιέίᾳ
2571 5615 2743 5667 quam
2799 5601 3048 5671 primum
3082 5602 3259 5669 hujus
3302 5600 3459 5655 vocis
3514 5600 3770 5653 litteram
3814 5601 3910 5651 de-

2257 5687 2356 5725 ore
2401 5686 2471 5724 en
2516 5685 2552 5723 1.

2254 5687 2552 5741 prehendi.

3990 480 3997 639 Ἰ
