4046 6350
204 432 366 490 1177

1380 428 1762 490 EPISTULA
1803 429 1911 517 AD
1955 427 2446 494 DIOGNETUM.

3463 427 3620 489 1178

199 562 238 628 ἢ
287 561 409 613 τινὰ
450 563 557 613 τῶν
611 556 1048 631 πεπιστευμένων
1090 558 1182 619 τὰς
1233 557 1283 613 ἐν
1334 558 1586 635 οὐρανοῖς
1645 555 1856 629 διοική-

1975 559 2189 634 aliquo,
2225 567 2325 618 aut
2354 564 2581 637 angelo,
2618 567 2715 620 aut
2744 563 3027 637 principe,
3050 566 3151 617 aut
3183 561 3376 634 aliquo
3412 577 3613 615 eorum

201 669 341 721 σεις,
394 647 522 703 ἀλλ’
570 647 727 702 αὐτὸν
778 647 869 701 τὸν
920 646 1174 723 τεχνίτην
1223 649 1313 703 καὶ
1364 646 1703 723 δημιουργὸν
1752 652 1858 703 τῶν

207 736 381 791 ὅλων
417 738 462 808 ᾧ
490 736 618 797 τοὺς
651 736 911 811 οὐρανοὺς
940 731 1165 807 ἔκτισεν,
1198 739 1243 809 ᾧ
1272 739 1369 806 τὴν
1403 736 1669 791 Θάλασσαν
1706 735 1864 798 ἰδίοις

204 826 361 902 ὅροις
423 824 764 880 ἐνέκλεισεν·
827 826 888 879 οὗ
944 827 1011 880 τὰ
1090 828 1358 901 μυστήρια
1434 831 1640 887 πιστῶς
1692 827 1862 880 πάντα

208 913 472 993 φυλάσσει
529 915 596 969 τὰ
651 919 916 990 στοιχεῖαο
976 916 1101 988 παρ’
1161 914 1223 969 οὗ
1277 916 1344 969 τὰ
1401 916 1569 988 μέτρα
1616 919 1721 969 τῶν
1764 922 1864 984 τῆς

216 1005 423 1079 ἡμέρας
454 1001 672 1079 δρόμων
723 1000 915 1081 εἷ’ληφε
968 1001 1257 1081 φυλάσσειν
1305 1008 1437 1075 (67)·
1485 1006 1530 1076 ᾧ
1577 1006 1864 1078 πειθαρχεῖ

213 1092 423 1163 σελήνη
481 1092 634 1146 νυκτὶ
694 1093 899 1169 φαίνειν
950 1090 1277 1147 κελεύοντι·
1338 1094 1383 1164 ᾧ
1457 1097 1745 1168 πειθαρχεῖ
1796 1092 1863 1146 τὰ

209 1180 400 1257 ἄστρα,
458 1185 537 1251 τῷ
590 1187 691 1249 τῆς
765 1180 999 1250 σελήνης
1059 1178 1461 1234 ἀκολουθοῦντα
1514 1178 1705 1255 δρόμῳ
1738 1198 1751 1213 ο
1815 1184 1860 1251 ᾦ

207 1271 385 1324 πάντα
437 1267 774 1323 διατέτακται
837 1270 926 1323 καὶ
982 1266 1264 1345 διώρισται
1315 1270 1405 1324 καὶ
1458 1269 1859 1339 ὑποτέτακται,

203 1358 427 1431 οὐρανοὶ
475 1358 564 1412 καὶ
609 1359 677 1413 τὰ
727 1356 778 1411 ἐν
828 1355 1110 1430 οῦρανοῖς,
1160 1366 1230 1432 γῆ
1282 1359 1370 1412 καὶ
1417 1359 1485 1413 τὰ
1531 1359 1581 1413 ἐν
1630 1362 1699 1432 τῇ
1748 1357 1856 1433 γῇ,

205 1446 449 1511 θάλασςα
476 1446 565 1501 καὶ
619 1448 686 1501 τὰ
717 1446 769 1501 ἐν
809 1451 878 1520 τῇ
911 1446 1181 1521 θαλάσσῃο
1230 1452 1360 1521 πῦρ,
1421 1448 1547 1523 ἀὴρ,
1608 1443 1858 1509 ἅϐυσσοςο

200 1536 271 1591 τὰ
304 1535 355 1590 ἐν
387 1535 562 1609 ὕψεσι,
593 1536 661 1590 τὰ
709 1534 760 1590 ἐν
815 1534 1020 1610 βάθεσι,
1071 1538 1138 1589 τὰ
1187 1534 1238 1589 ἐν
1290 1540 1367 1609 τῷ
1412 1536 1627 1609 μεταξύ.
1659 1540 1856 1591 Τοῦτον

202 1624 346 1701 πρὸς
393 1624 589 1685 αὖτοὺς
648 1622 979 1695 ἀπέστειλεν⁹
1041 1624 1143 1693 ἆρά
1189 1644 1273 1699 γε,
1323 1624 1397 1686 ὡς
1452 1626 1746 1700 ἀνθρώπων
1797 1622 1856 1680 ἄν

202 1734 290 1775 τις
341 1712 623 1787 λογίσαιτο
658 1755 671 1779 ,
732 1712 818 1766 ἐπὶ
872 1710 1146 1788 τυραννίδι
1204 1712 1294 1767 καὶ
1353 1709 1509 1789 φόϐῳ
1557 1712 1649 1768 καί
1695 1734 1857 1768 κατα-

208 1800 409 1871 πλήξει
443 1820 455 1870 ;
490 1798 782 1873 Οῦμενουν,
832 1800 958 1856 ἀλλ’
1008 1800 1059 1856 ὲν
1112 1800 1392 1873 ἐπιεικείᾳ,
1424 1801 1691 1878 πραΰτητι
1724 1805 1855 1876 (68)’

210 1890 287 1989 ῶς
324 1889 575 1965 βασιλεὺς
612 1888 842 1963 πέμπων
890 1890 1005 1943 υἱὸν
1060 1888 1286 1966 βασιλέα
1332 1889 1589 1965 ἔπεμψεν·
1624 1892 1699 1954 ὡς
1732 1893 1859 1947 Θεὸν
1890 1924 1937 1989 Β

210 1977 474 2051 ἔπεμψεν,
528 1979 603 2041 ὡς
651 1980 785 2053 πρὸς
854 1978 1167 2055 ἀνθρώπους
1231 1978 1504 2054 ἔπεμψεν,
1548 1981 1622 2042 ὡς
1668 1986 1855 2050 σώζων

209 2067 469 2141 ἔπεμψεν⁸
526 2068 601 2129 ὡς
658 2067 854 2131 πείθων
890 2114 905 2139 ,
963 2067 1025 2121 οὗ
1087 2067 1427 2143 βιαζόμενος·
1492 2069 1582 2143 βία
1636 2069 1735 2145 γὰρ
1795 2068 1858 2124 οιί

206 2156 465 2231 πρόσεστι
511 2161 590 2228 τῷ
632 2161 767 2227 Θεῷ.
815 2157 1093 2230 Ἔπεμψεν
1137 2157 1213 2218 ὡς
1260 2161 1467 2228 καλῶν,
1525 2157 1586 2211 οὐ
1619 2155 1854 2213 διωκῶψ

205 2245 446 2319 ἔπεμψεν
486 2246 560 2307 ὡς
612 2246 859 2320 ἀγαπῶν,
904 2245 966 2299 οὐ
1017 2245 1236 2320 κρίνων.
1286 2247 1493 2320 Πέμψει
1541 2247 1644 2321 γὰρ
1695 2247 1854 2302 αὐτὸν

202 2334 496 2409 κρίνοντα,
546 2335 635 2389 καὶ
686 2334 769 2396 τίς
831 2333 990 2389 αὐτεῦ
1045 2336 1145 2403 τὴν
1203 2335 1498 2410 παρουσίαν
1556 2337 1854 2407 ὑποστήσε-

198 2424 1855 2497 ται(69);..............,........

197 2595 735 2676 παραϐαλλομένους
787 2601 1029 2676 θηρίοις,
1078 2598 1170 2655 ἵνα
1217 2600 1555 2672 ἀρνήσωνται
1611 2603 1701 2657 τὸν
1759 2602 1859 2657 Κό-

201 2709 345 2763 ριον,
397 2688 486 2743 καὶ
542 2690 617 2761 μή
663 2689 1002 2761 νικωμένους
1033 2708 1046 2758 ;
1082 2688 1201 2763 Οὐχ
1245 2690 1396 2763 ὁρᾷς,
1448 2689 1559 2763 ὅσῳ
1606 2690 1856 2754 πλείονες

200 2776 526 2846 κολάζοντες
593 2780 752 2850 (70),
811 2777 1059 2849 τοσούτῳ
1132 2776 1527 2847 πλεονάζοντας
1604 2778 1855 2848 ἄλλους;

202 2871 383 2921 Ταῦτα
431 2865 720 2941 ἀνθρώπου
769 2865 830 2920 οὗ
883 2864 1033 2921 δοκεῖ
1079 2868 1192 2938 (71)
1240 2867 1307 2920 τὰ
1351 2864 1504 2943 ἔργα,
1551 2872 1719 2923 ταῦτα
1773 2867 1860 2923 δύ-

204 2955 369 3028 ναμίς
420 2954 529 3010 ἐστι
580 2959 752 3011 Θεοῦο
802 2959 967 3009 ταῦτα
1022 2962 1122 3025 τῆς
1186 2956 1481 3031 παρουσίας
1524 2956 1687 3013 αὐτοῦ
1749 2954 1859 3013 δεί-

208 3064 412 3119 γματα.

1972 652 2067 721 qui
2101 656 2329 709 terrena
2357 655 2819 726 gubernant,aut
2852 653 3129 725 quopiam
3167 668 3367 707 eorum
3403 650 3619 720 quibus

1972 742 2289 797 commissa
2319 748 2406 798 est
2450 759 2644 797 rerum
2692 742 2752 797 in
2798 741 2959 797 omlis
3010 739 3617 795 administrandarum

1972 844 2152 893 cura;
2188 831 2285 885 sed
2332 831 2458 901 ipso
2491 832 2696 902 opifice
2750 834 2807 885 et
2858 833 3115 885 creatore
3164 827 3468 894 omnium;
3503 844 3617 898 quo

1974 916 2149 971 ccelos
2181 918 2461 987 condidit,
2495 936 2608 989 quo
2641 934 2800 973 mare
2831 916 2955 972 suis
2986 916 3257 972 terminis
3286 914 3613 983 conclusit;

1975 1008 2145 1076 cujus
2180 1008 2456 1078 mysteria
2486 1006 2735 1063 fideliter
2766 1008 2835 1061 ab
2869 1006 3144 1061 omnibus
3177 1004 3482 1060 elementis
3514 1004 3615 1059 ob-

1976 1099 2299 1161 servantur,
2335 1113 2368 1151 a
2398 1114 2513 1168 quo
2544 1101 2703 1151 certa
2734 1096 2923 1166 spatia
2954 1094 3299 1149 diurnorum
3334 1110 3616 1149 cursuum

1977 1183 2110 1255 (sol)
2143 1185 2508 1240 observanda
2552 1185 2792 1257 accepit,
2836 1184 2927 1238 cui
2982 1187 3144 1255 paret
3194 1182 3611 1252 luna,jubenti

1970 1289 2097 1327 eam
2152 1273 2343 1328 lucere
2401 1273 2553 1327 nocti
2590 1292 2602 1329 :
2638 1273 2728 1327 cui
2788 1277 2944 1327 astra
3001 1272 3427 1341 obtemperant,
3462 1270 3615 1326 luna

1970 1378 2209 1416 cursum
2230 1363 2492 1427 sequenti
2527 1380 2540 1428 ;
2576 1379 2608 1416 a
2651 1378 2767 1433 quo
2799 1360 2997 1416 omnia
3035 1360 3322 1432 disposita
3369 1364 3527 1425 sunt,
3561 1364 3618 1415 et

1969 1450 2094 1505 suis
2124 1450 2411 1506 limitibus
2442 1450 2882 1522 circumscripta
2931 1453 2989 1504 et
3020 1448 3112 1504 cui
3147 1454 3286 1504 sunt
3308 1448 3617 1520 supposita

1970 1539 2096 1594 οωιί
2128 1544 2186 1595 et
2215 1555 2344 1611 qum
2373 1540 2432 1594 in
2482 1538 2644 1595 ccslis
2694 1542 2854 1603 sunt,
2901 1542 3057 1593 terra
3100 1541 3156 1592 et
3205 1554 3330 1609 quas
3362 1538 3423 1592 in
3455 1542 3616 1593 terra

1970 1632 2127 1695 sunt,
2162 1646 2321 1684 mare
2350 1636 2405 1683 et
2436 1646 2561 1699 quas
2591 1628 2652 1683 in
2695 1628 2843 1683 mari
2871 1645 2884 1696 ;
2916 1626 3098 1699 ignis,
3152 1642 3269 1692 aer,
3325 1627 3611 1694 abyssus;

1970 1734 2099 1789 qum
2126 1717 2186 1772 in
2220 1717 2652 1785 altitudinibus,
2684 1733 2814 1789 qua:
2845 1716 2903 1770 in
2925 1715 3454 1788 profunditatibus,
3487 1731 3614 1785 qum

1968 1807 2028 1861 in
2064 1806 2252 1861 medio
2283 1806 2492 1871 (locata
2518 1808 2700 1873 sunt).
2733 1810 2901 1860 Hunc
2935 1805 3004 1861 ad
3050 1820 3149 1859 eos
3181 1803 3341 1858 misit
3375 1820 3386 1859 :
3422 1820 3515 1871 an,
3550 1807 3615 1858 ut

1969 1894 2182 1966 aliquis
2214 1895 2517 1949 hominum
2552 1894 2804 1967 cogitare
2844 1894 3051 1966 possit,
3086 1893 3422 1965 tyrannidis
3454 1908 3614 1947 exor-

1967 1985 2163 2041 cendzs
2194 1989 2247 2039 et
2277 1989 2555 2039 terrorem
2588 1983 2905 2038 incutiendi
2931 1999 3110 2036 causa
3140 1982 3169 2035 ‘I
3199 1982 3439 2037 Minime
3455 1997 3610 2047 vero;

1967 2074 2067 2128 sed
2099 2074 2157 2128 in
2190 2072 2517 2139 clementia,
2552 2073 2609 2127 in
2641 2073 2899 2137 lenitate,
2932 2078 3213 2141 tanquam
3248 2086 3344 2125 rex
3373 2070 3611 2124 mittens

1967 2161 2151 2216 filium
2186 2178 2399 2232 regem,
2445 2162 2607 2216 misit
2640 2186 2653 2225 ;
2684 2166 2963 2231 tanquam
3017 2159 3200 2213 Deum
3253 2159 3433 2223 misit,
3485 2163 3617 2212 tan-

1967 2266 2144 2321 quam
2173 2250 2243 2303 ad
2272 2250 2540 2304 homines
2575 2248 2754 2315 misit,
2788 2254 3070 2319 tanquam
3123 2264 3364 2302 servans
3398 2247 3561 2301 misit
3595 2263 3609 2301 :

1965 2343 2246 2410 tanquam
2280 2355 2411 2393 cum
2445 2338 2901 2409 obsequentibus
2950 2353 3155 2408 agens,
3187 2352 3299 2390 non
3328 2340 3611 2407 tanquam

1965 2427 2299 2483 violentiam
2332 2426 2615 2482 adhibens
2640 2444 2653 2482 :
2686 2426 2958 2481 violentia
2980 2425 3136 2481 enim
3166 2429 3274 2480 Deo
3299 2441 3413 2479 non
3436 2424 3609 2479 inest.

1969 2516 2566 2585 Misitutvooans,non
2584 2531 2973 2587 persequens;
2992 2514 3156 2568 misit
3178 2518 3241 2568 ut
3263 2530 3609 2580 amans,non

1960 2605 2267 2675 judicans;
2292 2604 2483 2659 mittet
2497 2604 2653 2659 enim
2669 2620 2800 2659 eum
2816 2604 3377 2669 condemnaturum;
3403 2606 3460 2656 et
3477 2601 3611 2672 quis

1969 2694 2096 2764 ejus
2114 2694 2425 2749 adventum
2450 2692 2974 2749 sustinebit
3006 2695 3130 2747 Non
3163 2692 3325 2746 vides
3355 2691 3610 2761 objectos

1970 2782 2127 2852 feris,
2169 2786 2234 2837 ut
2276 2783 2567 2854 abnegent
2616 2782 2956 2851 Dominum,
3006 2786 3065 2837 et
3114 2797 3227 2835 non
3256 2779 3457 2835 vinci?
3485 2779 3609 2835 Non

1968 2872 2154 2937 vides,
2205 2887 2322 2941 quo
2372 2870 2570 2942 plures
2618 2871 2718 2943 qui
2775 2869 3080 2942 suppliciis
3127 2868 3409 2934 afﬁciunt,
3451 2872 3613 2923 tanto

1969 2961 2252 3031 majorem
2284 2959 2530 3015 aliorum
2563 2976 2691 3016 esse
2717 2975 3029 3014 numerum
3060 2961 3082 3013 Ρ
3109 2958 3237 3012 Haec
3269 2972 3383 3012 non
3407 2956 3613 3013 viden-

1967 3053 2065 3103 tur
2095 3050 2167 3103 ab
2197 3048 2434 3103 homine
2466 3049 2609 3115 fieri,
2654 3048 2775 3104 haec
2822 3051 2964 3103 sunt
3007 3047 3110 3103 Dei
3157 3044 3435 3117 potentia,
3490 3043 3611 3098 haec

1969 3139 2252 3193 adventus
2285 3138 2409 3207 ejus
2441 3141 2580 3193 sunt
2606 3136 2844 3192 indicia.

940 3294 1080 3351 CAP.
1112 3294 1257 3351 VIII.
1293 3296 1467 3364 Quam
1494 3298 1665 3353 miser
1703 3297 1992 3353 hominum
2018 3301 2191 3353 status
2222 3300 2349 3353 ante
2385 3296 2546 3353 Verbi
2573 3296 2887 3353 adventum.

274 3414 369 3476 Τίς
425 3413 527 3490 γὰρ
583 3412 731 3477 ὅλως
784 3414 1086 3492 ἀνθρώπων
1139 3416 1405 3488 ἠπίστατο
1456 3417 1509 3473 τί
1566 3420 1689 3474 ποτ’
1747 3419 1857 3475 ἐστὶ

2044 3423 2191 3481 Nam
2242 3422 2376 3495 quis
2424 3439 2491 3479 ex
2542 3422 2818 3479 omnibus
2868 3420 3207 3477 hominibus
3254 3422 3423 3475 norat
3471 3418 3611 3491 quid

196 3505 333 3567 Θεὸς
364 3551 379 3577 ,
438 3504 563 3577 πρὶν
610 3503 771 3559 αὐτὸν
810 3504 985 3561 ἐλθεῖν
1035 3524 1050 3575 ;
1088 3507 1158 3561 Ἥ
1186 3508 1313 3569 τοὺς
1372 3506 1560 3570 κενοὺς
1615 3508 1704 3563 καὶ
1762 3506 1864 3579 λη-

198 3590 397 3671 ρώδεις
451 3592 662 3648 ἐκείνων
715 3592 913 3669 λόγους
961 3592 1206 3672 ἀποδέχῃ
1250 3600 1358 3651 τῶν
1408 3596 1729 3669 ἀξιοπίστων
1778 3620 1863 3677 φι-

200 3681 460 3760 λοσόφων
494 3683 606 3752 ;ὦν
646 3682 697 3737 οἱ
753 3683 847 3756 μὶν
892 3687 999 3759 πῦρ
1041 3686 1151 3755 (72)
1196 3679 1390 3763 ἔφασαν
1436 3685 1567 3741 εἶναι
1606 3687 1697 3741 τὸν
1734 3687 1862 3742 Θεὸν

196 3772 289 3846 (οὗ
335 3769 599 3844 μέλλουσι
644 3775 920 3847 χωρήσειν
970 3771 1145 3844 αὐτοὶ,
1193 3778 1354 3829 τοῦτο
1403 3774 1629 3830 καλοῦσι
1683 3775 1861 3849 Θεόν·)

200 3860 257 3915 οἳ
292 3857 373 3930 δὲ,
399 3856 567 3934 ῦδωρ’
601 3861 654 3915 οἱ
688 3858 754 3933 δ’,
789 3857 931 3916 ἄλλο
960 3881 1013 3915 τι
1040 3865 1147 3917 τῶν
1183 3862 1471 3939 στοιχείων
1522 3869 1631 3919 τῶν
1685 3865 1861 3921 ἐκτισ-

205 3948 387 4024 μένων
418 3949 520 4004 ὑπὸ
551 3953 705 4006 Θεοῦ.
742 3949 839 4005 Καί
866 3950 953 4005 τοί
984 3970 1043 4027 γε
1074 3948 1231 4014 εἷ’τις
1276 3951 1484 4007 τούτων
1534 3957 1642 4009 τῶν
1676 3953 1858 4031 λόγων

202 4036 506 4100 ἀπόδεκτός
554 4038 687 4111 ἐστι,
744 4036 947 4095 δύναιτ’
995 4040 1054 4095 ἂν
1085 4041 1175 4095 καὶ
1220 4045 1327 4097 τῶν
1378 4041 1588 4099 λοιπῶν
1636 4043 1862 4119 κτισμά-

199 4148 315 4183 των
364 4126 419 4181 ἓν
469 4124 691 4183 ἕκαστον
751 4128 960 4202 ὁμοίως
1013 4127 1399 4209 ἀποφαίνεσθαι
1461 4131 1589 4188 Θεόν
1627 4177 1640 4190 .
1684 4132 1861 4190 Ἀλλὰ

198 4221 370 4271 ναῦτα
423 4216 516 4289 μὶν
564 4216 813 4293 τερατεία
857 4217 947 4272 καὶ
996 4215 1176 4290 πλάνη
1233 4224 1342 4275 τῶν
1397 4222 1615 4297 γοήτων
1666 4220 1805 4277 ἐστίν
1841 4242 1855 4258 ο

201 4305 510 4381 ἀνθρώπων
573 4303 631 4361 δὲ
706 4303 884 4367 οὐδεὶς
951 4306 1074 4363 οὕτε
1128 4306 1263 4364 εἶδεν
1327 4306 1455 4365 οὔτε
1519 4310 1804 4387 ἐγνώρισεν
1841 4330 1854 4345 ·

200 4394 367 4456 αὐτὸς
423 4391 480 4450 δὲ
527 4394 712 4450 ἑαυτὸν
769 4392 1052 4467 ἐπέδειξεν.
1086 4395 1353 4470 Ἐπέδειξε
1394 4396 1451 4454 δὲ
1481 4396 1571 4454 διὰ
1600 4399 1853 4463 πίστεως·

276 4546 394 4617 (67)
443 4542 768 4601 Φυλάσσειν.
819 4548 957 4603 Post
994 4548 1147 4605 hanc
1212 4566 1410 4606 vocem
1465 4551 1553 4605 vel
1606 4557 1740 4617 post
1785 4550 1859 4605 εἷ’-

276 4568 394 4617 (Ol)
443 4568 768 4601 ΨυΑασσειν.
821 4568 957 4603 rost
994 4568 1147 4605 nano
1212 4568 1410 4606 vocem
1465 4568 1553 4605 vel
1647 4568 1740 4607 ost.
1785 4568 1859 4605 εϊ-

200 4616 353 4700 ληφε
377 4634 494 4699 non
525 4619 753 4700 dubitat
772 4620 1149 4700 Sthﬂephanus
1183 4622 1332 4700 quiq
1356 4620 1517 4700 ἥλιος
1534 4568 1673 4700 γρΓὸ
1699 4620 1861 4693 ἥλιος

201 4707 241 4745 a
269 4689 511 4767 librario
526 4691 831 4767 _omissum
866 4689 1057 4767 fuerit.
1103 4689 1519 4767 Στοιχεῖαίδοο
1567 4694 1692 4750 loco
1724 4689 1859 4751 'non

205 4764 462 4838 quatuor
491 4760 798 4829 elementa,
840 4764 940 4818 sed
965 4768 1131 4838 astra
1163 4760 1412 4838 intelligi
1462 4766 1694 4834 debent,
1730 4784 1860 4838 quas

208 4836 419 4906 postea
444 4838 885 4906 enumerantur,
919 4834 1220 4906 nimirum,
1257 4834 1380 4904 sol,
1400 4836 1541 4892 luna
1574 4842 1631 4893 et
1653 4834 1856 4895 stellis.

206 4904 501 4977 Vidsnot.
534 4906 594 4977 in
626 4921 646 4959 ι
673 4904 978 4977 Theophili
1010 4905 1250 4975 librum,
1284 4925 1426 4964 num
1461 4911 1551 4965 44.

282 4973 744 5099 ἑῗὸὲαξῖραΰτητι.
802 4973 1134 5049 Stephanus
1192 4973 1461 5037 observat
1523 4981 1858 5037 addendum

208 5062 345 5103 6888
373 5062 483 5102 και.

284 5118 400 5204 (φ)
445 5116 853 5204 ’ἶςποστήσιταμ
908 5120 1262 5204 Perantiqua
1310 5121 1434 5177 haec
1482 5121 1693 5204 lacuna
1727 5122 1859 5204 ;__si-

206 5190 449 5266 quidem
481 5188 779 5266 librarius,
826 5206 860 5245 a
906 5207 1022 5263 quo
1065 5188 1351 5264 scriptum
1404 5194 1701 5266 exemplar
1730 5188 1859 5250 Ste-

208 5260 415 5337 phani,
445 5261 518 5337 ad
550 5262 874 5337 marginem
904 5260 1101 5318 monet
1122 5260 1336 5337 se'ieam
1364 5267 1423 5319 in
1445 5260 1858 5337 antiquissimo

208 5332 412 5389 codice
442 5332 754 5409 invenisse.
788 5333 926 5409 Non
946 5350 1133 5405 pauca
1183 5336 1385 5409 deesse
1417 5332 1859 5409 putat—Stepha-

209 5353 412 5389 000106
443 5353 754 5388 ιηνθωδεθ.
788 5353 913 5388 NOII
946 5353 1133 5405 pauca
1183 5353 1385 5391 (186886
1460 5353 1582 5392 mat
1612 5353 1859 5409 Stepha-

209 5420 348 5477 nus,
382 5403 598 5477 quibus
621 5408 679 5477 et
707 5404 1038 5477 praacedens
1060 5353 1688 5477 εειιιιῐιο[ἰιιὶιδῗιιλῐιιι-,εῐΔ
1709 5408 1859 5477 alius

210 5474 621 5553 inchoabatur.
654 5474 988 5553 Lagendum
1018 5483 1183 5549 putat
1203 5476 1330 5553 Δοὐχ
1355 5479 1482 5548 ὁρᾷς
1511 5474 1861 5553 παραϐαλλο-

216 5546 790 5623 pévguc._Hujus_lot:i
822 5546 1057 5623 sensum
1091 5546 1330 5621 explere
1368 5546 1557 5622 potest
1587 5546 1860 5623 decerpta

213 5617 287 5675 ex
314 5618 531 5673 Justini
562 5617 811 5691 dialogo.
848 5622 1115 5676 num.121
1150 5617 1457 5691 sententia,
1487 5624 1584 5678 ubi
1616 5625 1670 5678 S.
1706 5617 1857 5677 m‘ar-

213 5697 334 5765 tyr,
384 5705 455 5765 σῳ
508 5705 568 5765 eo
640 5690 782 5765 quod
839 5691 1077 5762 inglorio
1129 5696 1181 5748 et
1232 5694 1460 5765 inform:
1517 5702 1567 5751 et
1618 5695 1858 5765 despecto

264 5762 429 5819 ἤνιςιί
452 5762 633 5834 primo
651 5761 918 5835 adventu,
959 5766 1148 5823 tantus
1180 5761 1355 5840 fuerit
1396 5766 1556 5824 illius
1600 5761 1856 5840 splendor

1970 3521 2125 3569 esset
2153 3512 2327 3584 Deus,
2360 3512 2707 3585 priusquam
2755 3512 2883 3584 ipse
2929 3510 3234 3566 venisset?
3266 3516 3347 3567 An
3380 3526 3530 3563 vana
3559 3511 3617 3563 et

1970 3601 2214 3670 nugacia
2245 3601 2401 3657 dicta
2440 3600 2675 3656 illorum
2699 3601 2813 3655 ﬁde
2845 3599 3066 3657 scilicet
3095 3599 3404 3672 dignorum
3433 3597 3618 3670 philo-

1971 3690 2290 3763 sophorum
2342 3690 2675 3762 approbas?
2721 3706 2973 3761 quorum
3022 3688 3204 3761 aliqui
3246 3688 3442 3761 ignem
3490 3703 3619 3743 esse

1969 3779 2156 3836 Deum
2190 3778 2460 3834 dixerunt
2495 3779 2576 3849 (id
2627 3779 2698 3834 ad
2747 3780 2902 3850 quod
2957 3778 3272 3849 profecturi
3306 3781 3447 3833 sunt
3477 3776 3615 3848 ipsi,

1969 3868 2152 3925 Deum
2181 3868 2481 3940 vocantes)
2508 3893 2522 3935 ;
2557 3866 2652 3923 alii
2687 3884 2923 3939 aquam,
2957 3866 3052 3922 alii
3085 3867 3241 3922 aliud
3272 3882 3340 3922 ex
3370 3865 3619 3921 elemen-

1968 3956 2045 4012 tis
2075 3973 2201 4029 qum
2226 3974 2259 4012 a
2288 3957 2404 4012 Deo
2437 3959 2576 4012 sunt
2607 3962 2822 4012 creata.
2872 3955 3046 4027 Atqui
3098 3955 3143 4009 si
3190 3954 3398 4010 horum
3431 3954 3613 4008 dicto-

1970 4061 2101 4101 rum
2134 4044 2372 4117 aliquod
2408 4044 2832 4117 approbatione
2878 4043 3123 4115 dignum
3171 4046 3279 4109 est,
3308 4040 3537 4114 possint
3561 4045 3623 4097 et

1969 4139 2308 4190 ceterarum
2343 4149 2538 4189 rerum
2573 4150 2698 4205 quas
2730 4137 2869 4187 sunt
2899 4137 3103 4188 creatas
3137 4146 3616 4203 unamquamque

1968 4223 2242 4280 similiter
2286 4222 2668 4293 pronuntiare
2710 4226 2889 4277 Deum
2944 4238 3093 4277 esse.
3144 4224 3363 4275 Verum
3403 4220 3463 4274 hi
3494 4236 3617 4275 ser-

1969 4327 2173 4368 mones
2217 4315 2358 4366 sunt
2408 4311 2743 4383 prodigiosa
2814 4309 3113 4365 mendacia
3164 4316 3221 4363 et
3277 4309 3615 4379 imposturaz

1966 4400 2454 4474 praestigiatorum
2481 4416 2494 4454 :
2528 4416 2595 4454 ac
2626 4398 2933 4454 hominum
2967 4400 3285 4469 quisquam
3317 4414 3507 4468 neque
3536 4397 3618 4451 vi-

1968 4554 2021 4609 ct
2052 4556 2205 4632 tanta
2234 4550 2614 4632 ροιενῃιίιιλαι
2640 4549 3109 4632 nullahinpente
3155 4550 3436 4632 ignoretur
3462 4551 3514 4632 et
3544 4563 3614 4632 ea;

1973 4624 2131 4678 omni
2160 4618 2354 4689 genere
2391 4618 2633 4677 homines
2669 4618 3055 4691 pamiterm‘am
3104 4618 3288 4690 agant,
3322 4618 3616 4673 concludit

1970 4699 2187 4767 quanta
2217 4694 2294 4767 sit
2318 4694 2523 4767 futura
2555 4693 2793 4767 secundi
2830 4692 3112 4767 adventus
3144 4694 3439 4767 majestas.

2038 4766 2151 4837 (70)
2184 4762 2537 4837 Κολάζοντες.
2574 4764 2853 4837 Observat
2890 4760 3380 4837 Sylburgiusinon
3418 4760 3613 4837 minus

1968 4832 2272 4893 commode
2304 4835 2416 4889 dici
2450 4853 2618 4907 posse
2647 4832 2992 4901 κολάζονται.
3029 4832 3141 4901 Quo
3185 4835 3372 4905 plures
3404 4834 3617 4902 suppli-

1966 4911 2050 4964 cio
2077 4911 2418 4979 u/ﬁciungtur.

2042 4971 2154 5049 (‘71)
2187 4977 2258 5032 Οὐ
2291 4974 2481 5049 δοκεῖ.
2515 4976 2675 5032 Delet
2725 4975 3058 5049 Stephanus
3090 4971 3193 5049 οὗ,
3245 4978 3310 5049 et
3332 4972 3414 5049 sic
3447 4973 3609 5049 resti-

1966 5045 2251 5106 tuendum
2285 5050 2441 5105 hunc
2472 5048 2661 5103 locum
2716 5045 3011 5103 existimat
3043 5048 3208 5103 :Hs’c
3255 5047 3512 5100 videntur
3541 5045 3609 5099 ab

1969 5123 2283 5178 hominibus
2342 5122 2467 5190 ﬁeri
2494 5124 2520 5173 .9
2558 5124 2804 5175 Necesse
2848 5136 2962 5173 non
3006 5119 3237 5173 videtur
3285 5116 3611 5190 quidquam

1970 5200 2215 5249 mutare.
2250 5188 2379 5248 Haec
2416 5208 2645 5263 quoque
2677 5191 2736 5245 in
2770 5206 2971 5263 eorum
3006 5188 3612 5263 numerum‘veniunt,

1969 5282 2094 5336 quas
2114 5264 2330 5320 Justini
2354 5258 2664 5336 sententiis
2686 5262 2931 5336 gemelle
2949 5280 3014 5317 su
3026 5268 3106 5329 ut;
3132 5259 3436 5316 simillima
3455 5258 3610 5314 enim

1971 5333 2282 5393 occurrunt
2315 5335 2463 5399 Apol.
2502 5333 2568 5399 ΙΙ,
2602 5350 2763 5388 num.
2804 5334 2886 5387 10.

2042 5409 2154 5479 (72)
2186 5408 2277 5479 Ὧν
2311 5402 2366 5457 οἷ
2398 5404 2491 5477 μὲν
2542 5408 2670 5479 πῦρ.
2721 5403 2892 5479 Nulla
2940 5405 3060 5479 erat
3110 5402 3167 5454 in
3204 5402 3611 5479 Βουτοῖ-ἱδρο-

1972 5471 2192 5550 grapho
2246 5471 2474 5547 lacuna,
2507 5471 2973 5550 sed'Stephanus
3005 5475 3083 5529 ait
3114 5472 3425 5550 nonnullas
3450 5471 3612 5550 litte-

1969 5544 2063 5606 ras
2085 5544 2154 5605 in
2186 5567 2294 5604 ms.
2328 5544 2643 5619 exemplari
2672 5544 2806 5603 ante
2837 5545 3104 5619 ultimam
3130 5560 3326 5600 vocem
3352 5544 3470 5619 legi
3494 5560 3609 5619 non

1968 5622 2250 5694 potuisse.
2286 5613 2647 5694 Quapropter
2680 5619 2979 5694 scriptum
3022 5618 3199 5694 fuisse
3235 5613 3477 5686 putat‘oi
3512 5613 3607 5686 μέν

1967 5684 2127 5753 τινες.
2160 5692 2291 5749 Mox
2309 5684 2651 5764 Stephanus
2680 5684 3077 5763 108ἱίδῦναιντ⁸
3107 5707 3189 5743 αν.
