3998 6348
182 476 332 536 1181

1351 474 1736 538 EPISTULA
1778 478 1886 537 AD
1930 477 2419 539 DIOGNETUM.

3395 438 3596 541 .1182

176 604 383 659 ἐκείνου
432 602 785 671 δικαιοσύνη;
820 604 870 657 ἐν
916 604 1021 658 τίνι
1076 602 1430 675 δικαιωθῆναι
1464 608 1575 680 (80)
1608 604 1825 662 δυνατὸν

1960 612 2127 664 ιτεηις
2185 607 2329 664 nihil
2367 608 2564 664 minus
2605 625 2782 680 quam
2816 608 3038 665 malum
3070 627 3173 682 pro
3226 610 3418 675 malis,
3458 614 3594 684 jus-

174 694 308 756 τοὺς
349 693 588 767 ἀνόμους
630 695 777 766 ἡμᾶς
822 692 912 747 καὶ
958 690 1188 761 ἀσεϐεῖς,
1220 696 1255 763 ἢ
1307 694 1358 749 έν
1412 696 1560 768 μόνῳ
1588 701 1666 769 τῷ
1717 698 1826 768 Υἱῴ

174 787 277 837 τοῦ
309 787 480 851 Θεοῦ;
514 780 559 836 ὣ
605 788 705 851 τῆς
751 781 1005 857 γλυκείας
1045 781 1415 859 ἀνταλλαγῆς,
1450 782 1493 839 ὣ
1533 793 1632 855 τῆς
1682 786 1826 856 ἀνεξ-

184 871 464 948 ιχνιάστου
535 869 918 947 δημιουργίας,
969 870 1013 927 ὣ
1077 877 1185 927 τῶν
1250 872 1673 949 ἀπροσδοκήτων
1745 874 1828 929 εὐ-

180 962 469 1037 εργεσιῶνί
524 958 616 1015 ’ίνα
670 960 867 1033 ἀνομία
944 961 1037 1033 μὲν
1106 960 1331 1017 πὸλλῶν
1393 962 1444 1017 έν
1500 960 1693 1035 δικαίῳ
1752 963 1830 1017 ἒνὶ

179 1044 381 1124 κρυϐῇ,
417 1046 726 1119 δικαιοσύνη
763 1047 820 1103 δὲ
849 1048 965 1111 ὲνὸς
993 1050 1237 1111 πολλοὺς
1268 1051 1505 1125 ἀνόμους
1548 1049 1828 1125 δικαιώσῃ.

182 1138 433 1214 Ἐλέγξας
464 1136 554 1192 οὖν
586 1136 637 1193 ἐν
688 1139 781 1210 μὶν
828 1142 907 1210 τῷ
952 1138 1179 1214 πρόσθεν
1229 1140 1415 1215 χρόνῳ
1460 1141 1523 1195 τὸ
1573 1139 1828 1195 ἀδύνατον

177 1230 280 1296 τῆς
326 1227 596 1301 ἡμετέρας
645 1226 854 1303 φύσεως
912 1226 986 1287 εἷς
1054 1228 1117 1281 τὸ
1171 1233 1357 1303 τυχεῖν
1421 1233 1583 1301 ζωῆς,
1627 1233 1719 1281 νῦν
1776 1226 1833 1283 δὶ

176 1316 273 1370 τὸν
329 1322 562 1390 Σωτῆρα
613 1313 803 1384 δείξας,
838 1312 1058 1371 δυνατὸν
1109 1316 1297 1385 σώζειν
1348 1317 1435 1372 καὶ
1483 1319 1549 1371 τὰ
1578 1314 1831 1387 ἀδύνατα,

180 1404 233 1474 ἐξ
263 1403 586 1482 ἀμφοτέρων
646 1398 923 1474 ἐϐουλήθη
973 1403 1241 1459 πιστεύειν
1294 1408 1442 1477 ἡμᾶς
1487 1410 1555 1478 τῇ
1597 1406 1835 1480 χρηστό-

178 1515 309 1565 τητι
363 1492 548 1560 αὐτοῦ,
605 1492 763 1547 αὐτὸν
827 1496 1076 1567 ἡγεῖσθαι
1132 1495 1354 1571 τροφέα,
1409 1496 1633 1568 πατέρα,
1684 1492 1833 1549 διδά-

183 1582 411 1649 σκαλον,
464 1576 803 1654 σύμϐουλον,
862 1582 1066 1658 ἱατρὸν,
1124 1588 1271 1653 νοῦν,
1326 1588 1463 1660 φῶς,
1513 1585 1700 1656 τιμὴν,
1745 1582 1834 1638 δό-

182 1674 302 1743 ξαν,
362 1670 541 1746 ἰσχὺν,
599 1673 764 1741 ζωήν·
824 1670 947 1747 περὶ
1001 1668 1258 1733 ἐνδόσεως
1313 1672 1402 1726 καὶ
1481 1675 1686 1751 τροφῆς
1758 1674 1835 1747 μὴ

189 1764 482 1835 μεριμνᾷν.

1936 702 2061 753 tum
2114 715 2216 770 pro
2267 697 2525 768 injustis,
2576 699 2968 770 corruptionis
3017 700 3281 755 nescium
3342 717 3445 773 pro
3494 702 3595 757 ob-

1938 786 2125 842 noxiis
2171 786 2552 858 corruptioni,
2612 787 3003 843 immortalem
3067 805 3169 859 pro
3223 789 3593 845 mortalibus.

1940 875 2086 943 Quid
2123 875 2279 931 enim
2312 876 2470 930 aliud
2490 880 2723 947 peccata
2756 881 2953 931 nostra
2980 876 3166 948 potuit
3196 882 3386 949 tegere
3417 894 3596 948 quam

1941 965 2068 1036 ejus
2093 964 2369 1035 justitia?
2400 964 2457 1018 in
2497 980 2611 1035 quo
2641 965 2754 1019 alio
2804 982 2908 1019 nos
2954 964 3134 1035 iniqui
3187 969 3243 1019 et
3290 966 3455 1037 impii
3499 967 3597 1037 ju-

1941 1051 2182 1108 stiticari
2215 1068 2531 1123 possumus
2562 1069 2737 1123 quam
2773 1052 2829 1106 in
2860 1052 2981 1108 solo
3013 1053 3114 1107 Dei
3166 1052 3304 1108 Filio
3326 1054 3353 1109 Ἰ
3385 1054 3428 1110 Ο
3469 1054 3597 1109 dul-

1942 1157 2069 1197 cem
2102 1140 2624 1212 permutationeml
2651 1158 2682 1195 o
2703 1140 3227 1214 impervestigabile
3250 1141 3595 1198 artiﬁcium!

1943 1247 1976 1286 ο
2006 1230 2288 1285 beneﬁcia
2316 1230 2805 1301 exspectationem
2841 1247 3074 1285 omnem
3108 1231 3445 1302 superantia
3479 1231 3491 1285 l
3538 1235 3601 1286 ut

1944 1318 2226 1389 iniquitas
2258 1319 2493 1389 quidem
2529 1318 2844 1373 multorum
2876 1318 2934 1373 in
2957 1320 3122 1389 justo
3181 1336 3294 1374 uno
3354 1321 3597 1375 abscon-

1946 1408 2394 1477 datur,justitia
2425 1411 2616 1462 autem
2659 1407 2833 1462 unius
2866 1408 3037 1463 faciat
3081 1414 3146 1463 ut
3178 1407 3346 1463 multi
3395 1408 3601 1481 injusti

1937 1496 2361 1567 justificentur.
2387 1496 2528 1550 Cum
2556 1496 2733 1567 igitur
2764 1496 3049 1568 superiori
3072 1501 3335 1568 tempore
3377 1497 3601 1570 (hujus)

1947 1602 2054 1640 nos
2086 1584 2214 1657 (rei)
2261 1584 2623 1654 convicisset,
2657 1602 2771 1640 non
2818 1602 2990 1657 posse
3024 1590 3282 1641 nostram
3333 1591 3603 1641 naturam

1944 1674 2123 1728 vitam
2150 1673 2451 1744 consequi,
2485 1690 2638 1728 nunc
2670 1678 2865 1729 autem
2911 1676 3266 1731 Servatorem
3315 1676 3603 1731 ostendis-

1948 1767 2056 1831 set,
2090 1762 2191 1834 qui
2233 1779 2461 1818 servare
2504 1767 2701 1835 posset
2731 1779 2799 1818 ea
2846 1763 3022 1819 etiam
3086 1781 3211 1836 quae
3242 1764 3456 1820 servari
3490 1780 3602 1820 non

186 1855 493 1925 poterant;
527 1850 806 1923 utrinque
836 1867 941 1906 nos
972 1850 1319 1922 benignitati
1353 1868 1470 1907 sum
1504 1852 1678 1907 ﬁdem
1710 1851 1929 1908 habere
1960 1852 2166 1917 voluit,
2195 1867 2389 1924 ipsum
2436 1852 2767 1908 existimare
2820 1852 3086 1923 altorem,
3121 1857 3445 1925 parentem,
3480 1870 3612 1908 ma-

183 1941 465 2014 gistrum,
498 1938 919 2008 consiliarium,
954 1940 1269 2007 medicum,
1302 1945 1583 2007 mentem,
1608 1940 1820 2012 lucem,
1856 1941 2157 2010 honorem,
2191 1942 2466 2015 gloriam,
2501 1943 2698 2009 robur,
2730 1942 2941 1998 vitam:
2978 1943 3049 1999 de
3098 1942 3309 1998 vestitu
3343 1946 3400 1998 et
3446 1942 3606 1998 victu

184 2030 472 2088 sollicitos
502 2047 617 2085 non
644 2044 798 2085 esse.

402 2191 574 2263 fCap.
606 2190 673 2246 X.
702 2191 970 2261 Diogneto
997 2189 1239 2245 ostendit
1270 2194 1483 2255 auctor,
1516 2195 1644 2262 quot
1673 2196 1729 2246 et
1754 2201 1960 2264 quanta
1991 2192 2066 2247 ad
2080 2208 2200 2246 eum
2234 2195 2463 2246 ventura
2494 2192 2605 2247 sint
2638 2192 2794 2259 bona,
2826 2193 2875 2245 si
2903 2190 3059 2261 ﬁdem
3091 2192 3379 2262 suscipiat.

258 2315 468 2384 Ταύτην
539 2312 628 2368 καὶ
688 2312 750 2367 σὺ
805 2313 903 2381 τήν
959 2310 1138 2366 πίστιν
1198 2311 1283 2366 ἐὰν
1346 2316 1520 2386 ποθῇς
1580 2316 1691 2387 (81)
1749 2314 1838 2368 καὶ

2021 2316 2206 2387 Hujus
2239 2315 2415 2370 etiam
2445 2320 2504 2370 tu
2532 2316 2665 2370 ﬁdei
2690 2318 2739 2372 si
2761 2315 3047 2371 desiderio
3074 2314 3345 2385 tenearis,
3366 2319 3422 2370 et
3442 2313 3604 2369 illam

184 2400 387 2480 λάϐῃς,
418 2407 633 2479 πρῶτον
668 2403 761 2476 μὲν
793 2400 1077 2477 ἐπίγνωσιν
1113 2404 1226 2475 (82)
1257 2423 1316 2457 π.
1371 2443 1386 2460 .
1453 2444 1465 2457 .
1535 2444 1548 2457 .
1607 2445 1619 2458 .
1680 2445 1693 2457 .
1756 2445 1769 2459 .
1827 2446 1839 2458 .

697 2534 707 2546 .
768 2491 795 2545 ὁ
839 2491 943 2565 γὰρ
988 2490 1115 2551 Θεὸς
1161 2489 1289 2552 τοὺς
1342 2490 1654 2566 ἀνθρώπους
1703 2491 1843 2564 ἠγά-

184 2604 353 2652 πησε,
418 2579 486 2636 δι’
554 2580 646 2642 οὓς
724 2577 949 2646 ἐποίησε
1016 2579 1108 2633 τὸν
1179 2577 1407 2652 κόσμον,
1486 2579 1566 2640 οἶς
1627 2578 1846 2652 ὑπέταξε

186 2672 366 2728 πάντα
419 2671 486 2725 τά
542 2668 593 2724 ἐν
640 2713 653 2725 .
695 2710 709 2725 .
759 2711 771 2724 .
818 2711 831 2723 .
876 2711 890 2724 .
935 2669 1016 2729 οἷς
1049 2662 1238 2742 λόγιον
1297 2662 1512 2739 ἔδωκεν,
1561 2668 1643 2730 οἷς
1695 2666 1841 2721 νοῦν-

190 2763 274 2823 οἷς
339 2759 523 2833 μόνοις
578 2759 689 2831 (83)
721 2756 855 2832 πρὸς
912 2756 1070 2810 αὐτὸν
1130 2756 1256 2828 ὁρᾷν
1318 2754 1591 2832 ἐπέτρεψε·
1645 2756 1737 2818 οὓς
1788 2755 1847 2810 ἐκ

188 2857 295 2919 τῆς
337 2845 472 2908 ἰδίας
520 2845 722 2907 εἰκόνος
772 2840 992 2899 ἔπλασε⁹
1044 2844 1179 2919 πρὸς
1246 2844 1337 2906 οὓς
1408 2843 1691 2900 ἀπέστειλε
1750 2844 1842 2899 τὸν

190 2938 319 2994 Υἱὸν
377 2936 540 2991 αὐτοῦ
586 2937 674 2989 τὸν
730 2940 1018 3007 μονογενῆ
1053 2934 1135 2995 οἷς
1184 2934 1284 3003 τήν
1337 2933 1387 2987 ἐν
1443 2933 1655 3010 οὐρανῷ
1689 2934 1845 3009 βασι-

191 3028 345 3085 λείαν
376 3022 756 3101 ἐπηγγείλατο,
787 3025 879 3077 καὶ
911 3020 1070 3078 δώσει
1118 3028 1235 3084 τοῖς
1284 3024 1619 3098 ἀγαπήσασιν
1664 3023 1843 3079 αὐτόν.

193 3113 485 3191 Ἐπιγνους
530 3111 607 3180 δὲ,
650 3112 799 3175 τίνος
866 3110 966 3167 οἴει
1034 3110 1495 3188 πληρωθήσεσθαι
1546 3118 1761 3188 χαρᾶςς
1808 3113 1843 3181 ἢ

190 3210 315 3267 πῶς
360 3203 658 3278 ἀγαπήσεις
706 3201 799 3257 τὸν
851 3200 1027 3264 οὕτως
1077 3200 1536 3277 προαγαπήσαντά
1575 3220 1669 3271 σε;
1713 3202 1845 3277 ἀγα-

191 3296 375 3364 πήσας
424 3289 500 3363 δὲ,
538 3292 786 3364 μιμητὴς
837 3288 931 3364 ἔσῃ
962 3289 1126 3346 αὐτοῦ
1170 3297 1274 3359 τῆς
1322 3289 1724 3366 χρηστότητος·
1758 3290 1848 3344 καὶ

196 3384 279 3459 μὴ
338 3382 633 3454 θαυμάσῃς,
683 3378 728 3434 εἰ
780 3379 998 3434 δύναται
1053 3380 1302 3453 μιμητὴς
1369 3376 1652 3454 ἅνθρωπος
1710 3378 1852 3455 γενέ-

194 3473 320 3527 σθαι
395 3465 546 3525 Θεοῦ.
621 3466 872 3535 Δύναται,
928 3464 1183 3528 θέλοντος
1249 3466 1433 3522 αὐτοῦ.
1493 3465 1569 3524 Οὐ
1629 3467 1729 3543 γὰρ
1789 3466 1851 3521 τὸ

188 3555 667 3615 καταδυναστεύειν
725 3559 829 3610 τῶν
884 3554 1142 3626 πλησίον,
1194 3552 1317 3609 οὐδὲ
1368 3555 1430 3610 τὸ
1486 3553 1653 3609 πλέον
1705 3552 1848 3630 ἔχειν

199 3647 493 3725 βούλεσθαι
535 3650 643 3700 τῶν
692 3644 1097 3719 ἀσθενεστέρων·
1159 3641 1283 3699 οὐδὲ
1338 3644 1400 3698 τὸ
1456 3642 1709 3698 πλουτεῖν
1761 3643 1850 3698 καὶ
1882 3678 1924 3745 C

199 3735 478 3813 βιάζεσθαι
562 3733 689 3797 τοὺς
776 3730 1184 3809 ὑποδεστέρους,
1263 3730 1599 3806 εὐδαιμονεῖν
1687 3732 1843 3787 ἐστιν·

182 3823 315 3882 οὐδὲ
355 3824 405 3879 ἐν
458 3822 675 3885 τούτοις
732 3821 952 3877 δύναταί
996 3844 1080 3884 τις
1135 3824 1471 3896 μιμήσασθαι
1518 3820 1667 3878 Θεόν·
1704 3818 1847 3876 ἀλλά

178 3918 356 3971 ταῦτα
414 3913 565 3976 ἐκτὸς
598 3915 711 3987 (84)
756 3918 856 3981 τῆς
914 3910 1123 3966 ἐκείνου
1186 3910 1629 3988 μεγαλειότητος.
1689 3909 1850 3966 Ἀλλ’

182 4003 339 4066 ὅστις
396 4003 458 4058 τὸ
511 4006 610 4057 τοῦ
668 4000 905 4072 πλησίον
964 3999 1284 4075 ἀναδέχεται
1350 4002 1537 4077 βάρος,
1587 4000 1644 4062 ’ὸς
1698 3998 1749 4054 ἐν
1799 4000 1845 4072 ᾦ

180 4093 450 4168 κρείσσων
510 4090 672 4163 ἐστὶν,
719 4087 898 4167 ἕτερον
954 4090 1044 4144 τὸν
1099 4088 1492 4163 ἐλαττούμενον
1545 4088 1839 4163 εὐεργετεῖν

180 4180 509 4255 έθὲλει,δσα
563 4181 707 4257 παρά
752 4184 847 4235 τοῦ
906 4183 1040 4235 Θεοῦ
1099 4174 1282 4235 λαϐὼν
1343 4175 1480 4254 ἔχει,
1508 4182 1674 4233 ταῦτα
1723 4178 1839 4233 ἐπι-

183 4272 468 4345 δεομὲνοις
513 4274 793 4347 χορηγῶν,
834 4270 962 4331 Θεὸς
1011 4268 1214 4344 γίνεται
1260 4273 1367 4323 τῶν
1428 4262 1837 4341 λαμϐανόντων

184 4360 349 4423 οὗτος
387 4361 636 4433 μιμητής
686 4358 795 4413 ἐστι
843 4362 995 4415 Θεοῦ.
1031 4356 1168 4415 Τότε
1216 4355 1377 4431 θεάσῃ
1423 4358 1705 4432 τυγχάνων
1753 4355 1839 4412 ἰπὶ

181 4454 312 4528 γῆς,
375 4449 458 4504 ὅτι
514 4449 640 4510 Θεὸς
698 4447 747 4503 ὲν
822 4446 1073 4523 οὐρανοῖς
1296 4443 1658 4501 πολιτεύεται·
1716 4445 1839 4500 τότε

188 4540 471 4615 μυστήρια
543 4541 673 4592 Θεοῦ
748 4534 935 4592 λαλεῖν
1001 4532 1149 4609 ἄρξῃ·
1204 4534 1327 4590 τότε
1408 4535 1535 4597 τοὺς
1602 4532 1837 4604 κολαζο-

185 4631 389 4705 μένους
450 4626 537 4682 ἒπὶ
593 4630 670 4698 τῷ
748 4627 824 4699 μὴ
900 4624 1074 4689 θέλειν
1150 4624 1481 4700 ἀρνήσασθαι
1549 4624 1700 4693 Θεὸν,
1749 4626 1839 4678 καὶ

183 4719 493 4795 ἀγαπήσεις
561 4715 651 4770 καὶ
722 4713 1034 4787 θαυμάσεις·
1093 4712 1215 4768 τότε
1287 4716 1387 4783 τῆς
1462 4712 1669 4782 ἀπάτης
1743 4717 1841 4767 τοῦ

180 4807 401 4881 κόσμου
458 4805 545 4860 καὶ
600 4811 701 4874 τῆς
760 4802 974 4874 πλάνης
1031 4804 1365 4879 καταγνώσῃ’
1426 4800 1549 4857 ὅταν
1603 4803 1665 4856 τὸ
1712 4801 1848 4873 ἀλη-

185 4899 299 4957 θῶς
360 4894 412 4949 ἐν
468 4894 678 4969 οὐρανῷ
739 4896 833 4966 ζῇν
892 4892 1183 4966 ἔπιγνώσῃ·
1226 4890 1349 4946 ὅταν
1403 4895 1497 4946 τοῦ
1556 4888 1845 4953 δοκοῦντος

186 4982 381 5042 ἐνθάδε
438 4981 667 5038 θανάτου
723 4982 1155 5059 καταφρονήσῃς,
1206 4980 1330 5035 ὅταν
1380 4980 1473 5034 τόν
1532 4974 1702 5035 ὄντως
1753 4980 1844 5034 θά-

264 5163 381 5235 (80)
412 5161 798 5235 Δικαιωθῆναι.
820 5160 994 5235 ASatis
1034 5162 1162 5230 apte
1196 5159 1266 5214 ad
1298 5157 1632 5235 Calvipiana
1688 5174 1846 5235 com-

191 5229 399 5293 menta
429 5234 762 5303 reddiderat
813 5229 1164 5303 Stephanus.
1204 5247 1303 5301 pro
1324 5232 1491 5302 juslis
1521 5229 1750 5285 haberi:
1798 5234 1854 5285 et

191 5306 374 5381 paulo
406 5301 839 5381 Ros‘tﬁtxutdim,
871 5301 1043 5381 fugiat
1065 5308 1129 5381 με
1177 5319 1276 5373 ρνο
1298 5301 1468 5373 fustis
1516 5303 1850 5381 habeantur.

265 5373 614 5450 (81)ᾘοθῇς.
652 5373 890 5450 Dubitat
918 5375 1251 5445 Stephanus
1279 5380 1477 5428 utrum
1516 5373 1743 5445 legatur
1794 5374 1855 5427 in

194 5446 313 5508 me.
340 5446 643 5519 ποθῇςμειι]
675 5446 815 5515 ποθή
825 5465 939 5519 σῃς.

444 5512 829 5593 Ἐπίγνωσινξ-
864 5512 1044 5571 Addit
1124 5512 1740 5593 Sylburgius_nutpdc_
1774 5533 1855 5593 σοι

192 5583 463 5666 παρέξει.-)
498 5583 629 5666 Mox
676 5588 1019 5666 Stephanus.
1065 5583 1237 5666 πάντα
1263 5583 1412 5666 tu?»
1441 5583 1640 5658 κόσμῳ
1659 5586 1746 5641 vel
1805 5583 1856 5639 ἐν

192 5655 397 5737 τῇγῇ.
432 5655 861 5737 ὃγὶδυτεξυδίέν
1000 5657 1088 5711 ὑπ’
1119 5655 1361 5737 οὐρανόν,

386 5706 397 5719 .
433 5684 470 5717 D
514 5684 645 5719 mur
688 5684 778 5717 lus
810 5684 861 5713 εν
900 5684 968 5730 τῃ
1000 5684 1071 5711 υπ
1119 5684 1361 5733 ουρανον,
1402 5729 1411 5739 Ι
1779 5727 1790 5739 0

273 5684 388 5808 (ἔξ)
419 5684 808 5812 Mgvotcfl’ost
836 5731 1217 5812 hanevoeem
1246 5733 1369 5786 erat
1398 5745 1605 5812 ln‘lI‘ls.
1664 5729 1863 5812 codice

199 5798 609 5881 littera,quam
630 5803 964 5879 Stephanus
984 5801 1220 5863 initium
1243 5817 1373 5863 esse
1387 5805 1554 5875 putat
1572 5798 1732 5859 vocis
1751 5798 1861 5856 ἅνω

1953 2404 2226 2477 accipias,
2260 2405 2515 2474 primum
2547 2404 2781 2474 quidem
2813 2421 3126 2477 cognosces
3158 2405 3405 2459 Patrem.
3454 2408 3604 2458 Deus

1952 2492 2108 2548 enim
2141 2493 2407 2548 homines
2439 2492 2658 2560 dilexit,
2694 2499 2927 2564 propter
2952 2510 3100 2564 quos
3132 2493 3422 2548 mundum
3446 2508 3606 2547 crea-

1952 2581 2053 2650 vit,
2106 2581 2322 2652 quibus
2359 2582 2558 2637 omnia
2613 2582 2861 2653 subjecit
2917 2599 3043 2653 qua;
3076 2582 3133 2636 in
3169 2582 3386 2635 mundo
3446 2586 3611 2647 sunt,

1954 2670 2170 2743 quibus
2192 2671 2731 2741 rationem,quibus
2764 2677 3020 2726 mentem
3052 2670 3233 2736 dedit,
3269 2670 3486 2740 quibus
3518 2686 3609 2725 so-

1953 2759 2027 2815 lis
2049 2760 2119 2815 ad
2147 2760 2339 2831 ipsum
2372 2758 2571 2815 oculos
2593 2759 2859 2815 attollere
2887 2758 3172 2831 permisit,
3198 2775 3343 2830 quos
3366 2759 3435 2813 ad
3471 2759 3612 2813 ima-

1955 2848 2152 2922 ginem
2187 2864 2357 2904 suam
2391 2849 2678 2916 formavit,
2699 2849 2768 2903 ad
2804 2865 2953 2919 quos
2985 2848 3196 2904 Filium
3222 2864 3397 2902 suum
3416 2848 3616 2919 unige-

1954 2937 2147 2992 nitum
2200 2938 2381 3003 misit,
2415 2937 2632 3007 quibus
2672 2941 2904 2992 cmleste
2934 2953 3180 3008 regnum
3240 2936 3531 3008 promisit,
3563 2939 3621 2991 et

1958 3025 2137 3093 dabit,
2174 3026 2326 3097 quod
2359 3025 2553 3096 ipsum
2585 3025 2910 3081 dilexerint.
2945 3026 3260 3095 Postquam
3319 3029 3513 3079 autem
3547 3024 3615 3078 il-

1956 3114 2083 3169 lum
2113 3114 2471 3186 cognoveris,
2505 3120 2727 3184 quanta
2757 3120 2811 3169 te
2840 3113 3147 3184 impletum
3180 3113 3251 3168 iri
3280 3111 3483 3167 laetitia
3503 3112 3616 3167 exi-

1961 3203 2166 3259 stimas
2187 3202 2216 3258 ?
2244 3208 2348 3259 aut
2380 3209 2664 3275 quantum
2696 3201 2904 3275 diliges
2935 3219 3068 3258 eum
3109 3201 3209 3273 qui
3242 3201 3401 3273 prior
3430 3206 3487 3256 te
3537 3201 3619 3256 ita

1964 3291 2277 3347 dilexerit?
2309 3293 2454 3348 Cum
2479 3296 2670 3347 autem
2694 3291 2933 3363 diligere
2964 3290 3499 3362 cmperis,imitator
3519 3289 3617 3345 be-

1961 3380 2265 3453 nignitatis
2297 3382 2425 3451 ejus
2455 3381 2589 3437 eris.
2623 3383 2703 3436 Ac
2736 3397 2806 3436 ne
2838 3380 3069 3435 mireris
3100 3396 3271 3451 posse
3315 3378 3617 3434 hominem

1962 3486 2090 3527 esse
2122 3470 2477 3525 imitatorem
2528 3470 2643 3525 Dei.
2678 3469 2891 3538 Potest,
2925 3486 2991 3525 eo
3025 3467 3266 3524 volente.
3305 3468 3427 3524 Non
3461 3466 3616 3521 enim

1963 3559 2275 3631 imperium
2309 3559 2367 3612 in
2402 3558 2697 3630 proximos
2728 3558 3008 3626 obtinere,
3044 3573 3232 3628 neque
3262 3555 3407 3611 velle
3438 3554 3620 3626 potio-

1963 3666 2024 3704 re
2053 3648 2385 3705 conditione
2414 3664 2541 3703 esse
2563 3664 2734 3718 quam
2753 3647 2792 3701 ii
2823 3646 2924 3718 qui
2953 3650 3092 3702 sunt
3115 3645 3488 3714 infirmiores,
3514 3659 3618 3699 ne-

1964 3754 2077 3811 que
2108 3736 2346 3792 divitem
2378 3752 2525 3803 esse,
2558 3741 2615 3791 et
2661 3737 2778 3791 vim
2831 3736 3044 3791 inferre
3103 3735 3498 3803 inferioribus,
3532 3736 3621 3788 est

1966 3827 2199 3881 beatum
2235 3841 2399 3880 esse:
2433 3842 2621 3895 neque
2652 3825 2708 3878 in
2742 3825 2833 3879 his
2860 3824 3041 3879 Deum
3067 3824 3284 3878 imitari
3309 3822 3617 3895 quisquam

1962 3920 2191 3986 potest;
2223 3915 2324 3969 sed
2358 3914 2476 3969 haec
2509 3919 2669 3969 extra
2688 3915 2815 3984 eius
2839 3915 3204 3983 majestatem
3239 3916 3394 3966 sunt.
3428 3912 3498 3964 At
3519 3910 3617 3980 qui

1963 4005 2209 4076 proximi
2243 4020 2391 4060 onus
2420 4003 2479 4057 in
2514 4019 2576 4059 se
2607 4002 2846 4074 recipit;
2881 4003 2977 4073 qui
3011 4018 3127 4071 qua
3162 4002 3219 4055 in
3253 4017 3313 4054 re
3352 3998 3621 4070 superior

1960 4102 2067 4164 est,
2101 4093 2278 4148 alium
2313 4094 2413 4164 qui
2461 4098 2549 4147 est
2580 4092 2837 4156 inferior,
2871 4089 3151 4145 beneficio
3199 4087 3323 4143 vult
3355 4088 3618 4141 afﬁcere:

1962 4182 2060 4254 qui
2094 4198 2476 4254 quaecumque
2525 4180 2718 4249 habet,
2743 4196 2776 4234 a
2804 4178 2918 4233 Deo
2974 4182 3230 4247 accepta,
3262 4192 3331 4231 ea
3360 4175 3619 4247 indignis

1960 4270 2364 4343 suppeditans,
2414 4269 2566 4323 Deus
2608 4270 2671 4323 lit
2698 4284 2901 4323 eorum
2933 4266 3031 4338 qui
3064 4264 3392 4337 accipiunt:
3427 4265 3479 4319 is
3523 4265 3616 4318 Dei

1959 4364 2049 4416 est
2084 4360 2365 4413 imitator.
2423 4359 2587 4412 Tune
2647 4356 2987 4428 perspicies,
3046 4356 3105 4409 in
3161 4360 3317 4410 terra
3377 4354 3616 4423 degens,

1959 4453 2139 4504 Deum
2173 4447 2229 4501 in
2260 4447 2419 4501 caelis
2453 4447 2762 4512 mundum,
2794 4445 2952 4500 velut
2991 4443 3249 4516 aliquam
3300 4440 3619 4512 rempubli-

1958 4554 2110 4601 cam,
2152 4537 2498 4609 gubernare,
2532 4539 2657 4589 tum
2691 4534 2971 4607 mysteria
3004 4534 3097 4587 Dei
3128 4532 3286 4602 loqui
3334 4530 3576 4601 incipies
3604 4563 3617 4611 ;

1957 4632 2100 4682 tunc
2133 4643 2231 4681 eos
2264 4624 2360 4695 qui
2395 4625 2724 4696 puniuntur
2772 4624 2925 4694 quod
2962 4623 3249 4692 abnegare
3281 4620 3457 4674 Deum
3519 4634 3621 4673 no-

1958 4715 2071 4771 lint
2119 4719 2176 4769 et
2233 4713 2449 4785 diliges
2507 4718 2563 4767 et
2623 4712 2973 4768 miraberis:
3032 4716 3173 4765 tunc
3233 4709 3621 4780 imposturam

1963 4803 2171 4860 mundi
2206 4818 2459 4857 errorem
2513 4800 2851 4866 damnabis,
2912 4815 3044 4853 cum
3078 4814 3210 4852 vere
3239 4798 3298 4850 in
3358 4795 3501 4850 caelo
3547 4794 3625 4849 vi-

1960 4909 2095 4950 vere
2127 4890 2437 4945 didiceris:
2474 4906 2606 4944 cum
2642 4890 2770 4960 ejus
2798 4905 2924 4959 qua!
2954 4887 3047 4941 hic
3078 4902 3237 4941 mors
3268 4901 3394 4939 esse
3422 4899 3621 4937 cense-

1964 4985 2078 5048 tur,
2114 4982 2479 5050 contemptor
2512 4994 2679 5045 esse;
2715 4981 2771 5032 et
2813 4980 3083 5044 mortem,
3119 4991 3243 5046 qua:
3292 4988 3488 5027 revera
3536 4975 3625 5026 est

1958 5162 2061 5215 aut
2092 5154 2294 5225 ἀτενές.
2322 5155 2581 5210 Habebat
2602 5154 2712 5207 ἄνω
2745 5152 3122 5225 apngraphon
3164 5147 3422 5225 Beureri.

2034 5228 2147 5299 (84)
2179 5223 2357 5279 Ἀλλὰ
2403 5230 2568 5279 ταῦτα
2616 5220 2801 5295 ἑκτὸςξ
2849 5220 2900 5279 δῖ.
2959 5220 3011 5276 τ.
3045 5252 3097 5300 ιχ.
3145 5221 3260 5300 §ed
3312 5220 3427 5300 lisse
3466 5220 3623 5300 eutra

1962 5292 2081 5373 ejus
2101 5292 2441 5373 majcsmtem
2456 5308 2603 5353 sunt.
2625 5300 2683 5353 id
2699 5292 2807 5373 est,
2827 5296 3120 5373 contraria
3142 5293 3298 5373 illius
3316 5292 3623 5371 ditissima:

1964 5364 2379 5441 beneﬁcentia,
2402 5385 2579 5441 quam
2642 5368 2856 5423 imitari
2887 5367 3189 5423 debemus.
3222 5364 3527 5430 MARANUS,
3560 5364 3623 5416 in

1965 5440 2345 5500 Emendandis
2379 5481 2391 5494 .

2039 5514 2149 5583 (85)
2199 5512 2281 5564 Ἐν
2328 5507 2605 5583 οὐρανοῖς.
2644 5509 2705 5563 In
2765 5509 3060 5583 hae_voce
3116 5505 3384 5583 librarios
3419 5502 3624 5583 lapsos

1968 5576 2097 5667 esse
2124 5576 2288 5667 putat
2317 5576 2649 5667 Stephanuns
2678 5583 2748 5667 ob
2799 5581 3112 5667 scripturae
3147 5576 3623 5667 similitudinem,

1968 5662 2026 5712 et
2061 5650 2373 5736 legendum
2422 5650 2473 5735 ἰχ
2534 5650 2863 5736 ἀνθρώπρις,
2900 5650 3045 5736 ῌεᾳλ
3100 5650 3398 5704 brevitatis
3445 5662 3625 5702 causa

1973 5720 2151 5786 scribi
2182 5725 2328 5783 solet
2357 5721 2407 5778 ἰν
2442 5722 2590 5785 ἂνοις
2620 5720 2723 5797 pro
2757 5720 2807 5777 έν
2840 5721 3163 5798 ἀνθρώποις.
