3998 6348
174 438 352 498 1185

168 588 289 643 καρ
301 588 397 622 πον
477 566 634 637 ξύλον

167 663 327 722 τοῖς,
371 655 647 718 ποικίλοις
692 662 920 731 καρποῖς
966 657 1391 729 κεκοσμημένοι.
1427 656 1512 713 Ἐν
1563 658 1666 732 γὰρ
1714 654 1839 711 τού-

171 767 265 819 τῳ
316 744 397 817 τῷ
447 744 642 821 χωρίῳ
694 743 854 815 ξύλον
904 746 1160 820 γνώσεως
1209 745 1297 799 καὶ
1341 743 1499 815 ξύλον
1550 751 1697 814 ζωῆς
1744 766 1838 800 πε-

175 834 471 912 φύτευται·
507 832 632 889 ἀλλ’
665 833 725 888 οὗ
758 835 818 888 τὸ
849 840 950 903 τῆς
1000 834 1253 909 γνώσεως
1306 836 1417 907 (95)
1458 833 1688 906 ἀναιρεῖ,
1720 831 1843 888 ἀλλ’

176 923 217 992 ἡ
265 923 526 997 παρακοὴ
585 922 812 996 ἀναιρεῖ.
871 919 1007 977 Οὐδὲ
1056 922 1156 997 γὰρ
1216 920 1401 995 ἄσημα
1456 921 1523 976 τὰ
1571 942 1787 997 γεγραμ
1818 952 1841 964 -

184 1011 355 1085 μένα,
385 1011 459 1073 ὡς
504 1011 629 1073 Θεὸς
675 1011 763 1067 ἀπ’
807 1012 987 1087 ἀρχῆς
1032 1010 1191 1082 ξύλον
1245 1016 1389 1081 ζωῆς
1437 1011 1488 1066 ἐν
1546 1009 1693 1084 μέσῳ
1740 1031 1843 1065 πα-

184 1097 450 1177 ραδείσου
502 1098 772 1177 ἐφύτευσε,
833 1097 922 1155 διὰ
974 1100 1228 1177 γνώσεως
1292 1100 1434 1169 ζωὴν
1493 1097 1795 1161 ἐπιδεικνύς
1827 1117 1842 1131 ο

181 1191 227 1263 ᾔ
295 1190 375 1263 μὴ
432 1190 677 1265 καθαρῶς
725 1190 1069 1266 χρησάμενοι
1131 1189 1183 1244 oi.
1237 1188 1327 1244 ἀπ’
1385 1187 1609 1264 ἀρχῆς,
1666 1187 1847 1262 πλάνῃ

180 1276 294 1335 τοῖ’)
346 1273 524 1357 ὄφεως
581 1276 979 1354 γεγύμνωνται.
1026 1275 1163 1333 Οὑδὲ
1209 1278 1309 1355 γὰρ
1364 1279 1476 1347 ζωὴ
1529 1279 1651 1332 ἄνευ
1701 1277 1846 1352 γνώ·

184 1389 337 1431 σεως
375 1412 390 1439 ,
436 1365 562 1423 οὑδὲ
617 1372 813 1443 γνῶσις
862 1364 1110 1437 ἀσφαλὴς
1168 1368 1292 1423 ἄνευ
1353 1371 1497 1437 ζωῆς
1554 1364 1795 1434 ἀληθοῦς
1827 1407 1842 1423 .

188 1457 294 1512 Διὸ
337 1453 572 1527 πλησίον
623 1454 870 1530 ἑκάτερον
919 1454 1263 1534 πεφύτευται.
1316 1457 1412 1510 Ἢν
1463 1452 1690 1529 δύναμιν
1740 1454 1846 1509 ἐνι-

190 1542 308 1601 δὼν
374 1545 403 1600 ὁ
465 1543 803 1608 ’Δποστόλος
1009 1591 1025 1619 ,
1093 1545 1193 1615 τήν
1260 1565 1320 1600 τε
1394 1542 1513 1600 ἄνευ
1589 1541 1849 1611 ἀληθείας

1364 435 1742 499 EPlSTOLA
1785 439 1890 499 AD
1937 441 2397 503 DlOGNE'l‘UM
2410 485 2426 502 .

3442 441 3593 502 1186

690 610 704 637 ,
762 564 1019 621 εύθαλοῦν
1053 611 1067 637 ,
1142 564 1510 629 ἆνατείλαντες
1586 565 1637 621 ὲν
1710 567 1831 621 ἑαυ-

1969 570 2159 637 erens,
2193 570 2343 628 belle
2386 570 2748 645 germinans,
2780 571 2837 626 in
2886 570 3050 627 vobis
3082 572 3224 644 ipsis
3264 572 3591 643 producen-

1950 664 2057 724 tes,
2090 660 2264 716 variis
2294 661 2581 717 fructibus
2603 660 2812 717 ornati.
2832 661 2891 715 In
2912 660 3019 715 hoc
3045 662 3197 715 enim
3220 660 3343 716 loco
3364 660 3589 731 lignum

1952 749 2299 821 cognitionis
2329 755 2387 804 et.
2413 749 2641 821 lignum
2680 751 2813 805 vitae
2856 748 3181 820 plantatum
3222 749 3351 805 fuit.
3386 749 3593 805 Verum

1953 854 2067 892 non
2101 840 2256 909 quod
2282 842 2369 894 est
2399 837 2833 910 cognitionis,id
2865 842 2953 892 est
2975 838 3129 909 quod
3153 854 3182 893 e
3213 837 3401 893 medio
3424 837 3593 906 tollit;

1953 926 2051 980 sed
2084 926 2475 981 inobedientia
2508 943 2537 981 e
2570 927 2759 981 medio
2792 924 3169 997 tollit.Neque
3190 926 3344 981 enim
3369 943 3435 981 ea
3458 934 3598 983 sunt

1953 1014 2199 1069 obscura
2226 1031 2352 1085 quas
2383 1014 2602 1085 scripta
2658 1018 2817 1082 sunt,
2846 1013 3030 1069 Deum
3062 1014 3133 1069 ab
3177 1013 3338 1070 initio
3369 1015 3595 1085 lignum

1952 1103 2079 1158 vita
2112 1102 2172 1157 in
2206 1104 2396 1159 medio
2425 1102 2678 1176 paradisi
2727 1102 3040 1174 plantasse,
3076 1120 3178 1175 per
3207 1105 3597 1175 cognitionem

1952 1190 2132 1245 vitam
2165 1192 2566 1246 ostendentem
2593 1207 2605 1257 ;
2642 1207 2758 1263 qua
2786 1208 2919 1246 cum
2953 1207 3098 1262 pure
3134 1192 3226 1248 usi
3257 1210 3372 1248 non
3404 1198 3601 1250 essent

1956 1279 2056 1350 qui
2087 1280 2159 1336 ab
2188 1280 2355 1336 initio
2388 1281 2642 1348 fuerunt,
2677 1279 3005 1350 impostura
3062 1282 3348 1353 serpentis
3396 1283 3600 1339 nudati

1955 1369 2212 1425 fuerunt.
2250 1370 2448 1440 Neque
2496 1369 2651 1424 enim
2698 1369 2817 1422 vita
2875 1369 3000 1425 sine
3030 1369 3379 1441 cognitione,
3413 1389 3602 1444 neque

1956 1458 2207 1530 cognitio
2262 1462 2391 1513 tuta
2446 1457 2571 1513 sine
2626 1456 2744 1512 vita
2795 1472 2950 1513 vera.
2983 1457 3114 1513 Ideo
3164 1458 3224 1513 in
3274 1460 3601 1533 propinquo

1957 1551 2276 1619 utrumque
2325 1546 2651 1618 plantatum
2702 1545 2832 1600 fuit.
2866 1547 3051 1610 Quam
3103 1546 3436 1603 facultatem
3467 1566 3600 1605 cum

186 1632 623 1711 προστάγματος
674 1632 749 1696 εἷς
802 1634 946 1703 ζωὴν
997 1633 1336 1706 ἀσκουμένην
1395 1638 1587 1709 γνῶσιν
1641 1631 1850 1709 μεμφό-

1969 1636 2346 1707 perspexisset
2373 1634 2709 1706 Apostolus,
2743 1634 3174 1706 reprehendens
3217 1638 3601 1709 cognitionem

192 1744 387 1797 μενος,
445 1722 617 1799 λέγει’
674 1724 739 1780 Ἠ
794 1727 991 1799 γνῶσις
1049 1728 1279 1801 φυσιοῖ,
1334 1725 1370 1793 ἡ
1424 1720 1481 1777 δὲ
1528 1721 1709 1797 ἀγάπη
1765 1720 1847 1777 οἲ-

1969 1742 2085 1797 quee
2121 1724 2247 1780 sine
2275 1724 2515 1780 veritate
2544 1723 2807 1779 mandati
2870 1724 2929 1778 in
2962 1724 3141 1779 vitam
3172 1731 3491 1797 exercetur,
3523 1728 3607 1783 di-

187 1809 453 1885 κοδομεῖ.
492 1812 550 1865 Ὅ
579 1810 683 1888 γὰρ
728 1810 967 1885 νομίζων
1020 1809 1211 1867 είδὲναι
1260 1833 1312 1867 τι
1361 1812 1481 1866 ἄνευ
1517 1813 1764 1887 γνώσεως
1795 1810 1850 1865 ἆ-

1969 1814 2073 1868 sit:
2109 1812 2356 1884 Cognitio
2395 1814 2579 1883 inﬂat,
2611 1813 2832 1868 dilectio
2886 1816 3079 1868 autem
3124 1813 3436 1885 aediﬁcat“).
3492 1817 3599 1881 Qui

190 1900 409 1972 ληθοῦς
438 1899 527 1955 καὶ
564 1900 1014 1976 μαρτυρουμένης
1066 1900 1169 1954 ὑπὸ
1205 1906 1307 1970 τῆς
1357 1905 1525 1970 ζωῆς,
1563 1899 1662 1954 οὑκ
1688 1897 1849 1975 ἔγνω,

1969 1901 2113 1957 enim
2146 1905 2314 1973 putat
2340 1918 2401 1956 se
2430 1901 2580 1956 scire
2610 1899 2829 1971 aliquid
2864 1901 2990 1956 sine
3030 1904 3358 1973 cognitione
3390 1922 3520 1961 vera
3547 1916 3605 1966 et

194 1990 309 2045 ὑπὸ
341 1992 439 2045 τοῦ
471 1984 646 2081 ξφεως
697 1987 1249 2081 (97).πλανᾶται,.μὴ
1302 1989 1579 2065 ἀγαπήσας
1629 1990 1739 2061 (98)
1787 1987 1852 2042 τὸ

1969 1990 2055 2047 cui
2085 1990 2487 2045 testimonium
2521 1989 2862 2081 pghibctur
2892 2007 2926 2045 a
2968 1990 3104 2061 vita,
3138 2009 3252 2047 non
3280 1996 3604 2067 cognoscit,

197 2082 323 2152 ζῇν.
366 2078 423 2131 Ὃ
476 2074 531 2132 δὲ
564 2079 699 2151 μετὰ
726 2072 900 2155 φόϐου
950 2074 1228 2151 ἐπιγνοὺς,
1256 2076 1346 2131 καὶ
1379 2078 1523 2146 ζωήν
1557 2076 1850 2148 ἐπιζητῶν,

1969 2098 1995 2136 a
2025 2084 2292 2149 serpente
2321 2072 2629 2149 decipitu'r,
2660 2079 2799 2150 quia
2827 2078 3005 2133 vitam
3036 2096 3151 2135 non
3182 2081 3477 2140 dilexit.At
3506 2086 3605 2157 qui

196 2166 285 2221 ἐπ’
316 2162 499 2222 ἐλπίδι
530 2163 766 2243 φυτεύει,
796 2164 1001 2240 καρπὸν
1033 2162 1373 2240 προσδοκῶν.
1418 2171 1566 2221 ’ΊΙτω
1606 2166 1692 2220 σοὶ
1722 2184 1852 2240 καρ-

1969 2185 2096 2225 cum
2128 2168 2336 2223 timore
2366 2167 2756 2239 cognitionem
2788 2172 2877 2222 est
2902 2168 3235 2239 adeptus,et
3256 2171 3431 2227 vitam
3450 2190 3606 2245 quae-

199 2252 318 2328 δία,
381 2258 598 2329 γνῶσις’
662 2254 775 2323 ζωὴ
836 2251 914 2322 δὲ,
973 2250 1135 2329 λόγος
1193 2251 1435 2324 ἀληθὴς,
1489 2251 1850 2329 χορούμενος·

197 2343 265 2399 οὗ
325 2341 487 2414 ξύλον
547 2342 747 2420 φέρωδ,
803 2341 893 2397 καὶ
949 2342 1154 2417 καρπὸν
1368 2386 1381 2399 .
1419 2385 1432 2400 .
1466 2347 1597 2415 ρῶν,
1653 2342 1857 2417 τρυγή-

199 2453 320 2494 σεις
382 2431 463 2486 ἀεὶ
516 2430 585 2486 τὰ
633 2432 781 2505 παρὰ
839 2434 955 2502 Θεῷ
1011 2429 1368 2505 ποθούμενα·
1424 2432 1497 2486 ὧν
1571 2426 1693 2508 ὄφις
1748 2430 1856 2507 οὑχ

198 2524 481 2593 ἅπτεται,
557 2517 683 2575 οὑδὲ
756 2517 933 2590 πλάνη
1012 2518 1441 2596 συγχρωτίζεται
1477 2537 1490 2552 ο
1551 2516 1677 2574 οὑδὲ
1746 2518 1857 2573 an

199 2609 478 2688 φθείρεται
533 2610 695 2682 (99'),
744 2607 891 2664 ἀλλὰ
936 2607 1199 2684 παρθένος
1245 2607 1571 2677 πιστεύεται,
1622 2608 1711 2663 καὶ
1750 2628 1858 2662 σω-

197 2701 398 2775 τήριον
426 2695 716 2769 δείκνυται,
763 2696 853 2752 καὶ
884 2696 1182 2752 ἀπόστολοι
1220 2695 1606 2766 συνετίζονται,
1661 2696 1750 2751 καὶ
1794 2696 1858 2751 τὸ

204 2786 417 2863 Κυρίου
447 2786 632 2862 πάσχα
670 2786 1020 2863 προέρχεται,
1070 2785 1159 2840 καὶ
1203 2786 1367 2861 κηροὶ
1416 2788 1565 2857 (100)
1617 2786 1861 2860 συνάγον-

200 2896 321 2942 ται,
354 2874 444 2929 καὶ
481 2875 615 2948 μετὰ
642 2873 854 2947 κόσμου
900 2873 1213 2948 ἁρμόζεταν
1258 2872 1347 2928 καὶ
1380 2870 1645 2928 διδάσκων
1678 2872 1861 2949 ἁγίους

207 2966 236 3020 ὁ
258 2960 455 3039 λόγος,
481 2963 838 3041 εὐφραίνεται·
872 2961 940 3018 δι’
973 2964 1035 3018 οὗ
1066 2961 1251 3037 Πατῂρ
1286 2960 1581 3033 δοξάζεται.
1613 2964 1678 3042 ᾯ
1707 2965 1742 3032 ἡ
1775 2959 1862 3016 δό-

208 3053 273 3124 ξα
304 3052 379 3115 εἷς
412 3052 546 3115 τοὺς
577 3051 799 3115 αἰῶνας.
834 3053 1027 3124 Ἀμήν.

1962 2259 2056 2326 rit,
2090 2258 2148 2312 in
2198 2272 2300 2328 spe
2353 2255 2598 2328 plantat,
2630 2256 2884 2311 fructum
2940 2262 3305 2329 exspectans.
3338 2261 3473 2317 Esto
3501 2263 3606 2318 tibi

1962 2362 2081 2412 cor,
2114 2344 2407 2417 cognitio:
2437 2344 2555 2399 vita
2601 2347 2819 2413 autem,
2852 2360 3043 2400 sermo
3090 2362 3259 2401 verus
3307 2349 3407 2419 qui
3457 2350 3609 2405 reci-

1964 2434 2140 2506 pitur.
2174 2433 2352 2503 Cujus
2381 2432 2610 2504 lignum
2651 2432 2862 2500 ferens,
2907 2438 2963 2488 et
3020 2434 3297 2502 fructum,
3326 2437 3610 2509 percipies

1964 2538 2197 2594 semper
2224 2538 2347 2592 quae
2377 2521 2533 2592 apud
2564 2520 2747 2576 Deum
2777 2521 3336 2595 desiderantur,qu¢e
3366 2541 3608 2596 serpens

1964 2628 2081 2667 non
2112 2611 2368 2682 attingit,
2395 2624 2584 2680 neque
2614 2609 2940 2681 impostura
2970 2627 3031 2666 se
3061 2610 3145 2665 illi
3186 2612 3470 2683 applicat;
3506 2630 3606 2670 ne-

1966 2717 2079 2772 que
2109 2701 2222 2755 Eva
2250 2698 2669 2770 corrumpitur,
2702 2699 2803 2754 sed
2838 2699 2997 2770 virgo
3028 2700 3321 2770 creditur;
3355 2706 3409 2757 et
3437 2702 3607 2759 Salu-

1966 2795 2089 2845 tare
2114 2787 2519 2853 ostenditur,et
2539 2787 2785 2859 apostoli
2808 2787 3191 2861 intelligentia
3216 2790 3609 2863 instruuntur,

1967 2883 2024 2935 et
2054 2877 2283 2933 Domini
2314 2877 2533 2949 pascha
2564 2877 2951 2948 progreditur,
2983 2884 3037 2933 et
3062 2878 3221 2933 chori
3254 2896 3611 2953 congregan-

1968 2971 2083 3035 tur,
2118 2972 2176 3022 et
2230 2967 2503 3021 decenter
2558 2965 2938 3021 ordinantur:
2989 2983 3053 3021 ac
3110 2968 3323 3023 docens
3379 2974 3612 3025 sanctos

1970 3072 2160 3113 sermo
2191 3054 2457 3122 letatur;
2492 3070 2594 3125 per
2648 3071 2822 3125 quem
2870 3055 3037 3110 Pater
3094 3055 3467 3126 gloriﬁcatur.
3509 3057 3612 3114 Cui

1970 3144 2155 3217 gloria
2182 3143 2240 3199 in
2274 3143 2503 3200 secula.
2538 3146 2741 3198 Amen.

282 3323 397 3393 (95)
427 3317 581 3373 Ἀλλ’
608 3317 670 3372 ού
699 3318 761 3372 τὸ
789 3325 888 3386 τῆς
915 3318 1188 3393 γνώσεως,
1220 3337 1271 3374 κ.
1304 3337 1354 3373 τ.
1389 3314 1443 3373 λ.
1478 3318 1572 3375 Sic
1612 3321 1859 3376 redden-
1890 3293 1933 3360 Ε

210 3392 354 3449 dum
382 3392 732 3448 Crediderim
760 3408 773 3445 :
813 3392 1006 3446 Verum
1034 3407 1144 3445 non
1173 3392 1497 3461 cognitionis
1527 3393 1741 3458 lignum
1769 3409 1858 3448 oc-

207 3465 367 3526 cidit.
397 3464 491 3519 sed
524 3464 912 3519 inobedientia.
947 3462 1176 3517 ΜΑΒΑΝ.
1209 3464 1269 3516 in
1302 3462 1657 3518 Emendand..

280 3536 395 3607 (96)
427 3535 525 3590 Ἦν
558 3530 784 3606 δύναμιν
817 3529 1003 3607 ἐνιδὼν
1037 3534 1063 3586 ὁ
1092 3530 1448 3607 ’Δπύστολος.
1481 3533 1542 3588 Id
1574 3539 1693 3607 est:
1723 3552 1856 3591 cum

210 3604 606 3679 perspexisset
637 3604 944 3678 Apostolus
973 3622 1146 3679 quam
1169 3604 1295 3679 _vim
1346 3604 1559 3679 habeat
1589 3606 1689 3679 illa
1720 3607 1859 3662 utri-

212 3676 402 3748 usque
434 3678 596 3749 ligni,
633 3676 851 3749 nempe,
870 3676 1216 3749 cognitionis
1246 3681 1301 3730 et
1328 3676 1476 3749 vita,
1500 3678 1855 3746 conjunctio.

212 3747 786 3831 Obsicura—Stephani
840 3747 1275 3831 interpretatio:
1314 3748 1489 3831 Quoi]:
1539 3749 1861 3820 facultatem

213 3837 340 3876 cum
343 3822 735 3945 7perspemisset,
751 3819 1046 3889 Apostolus.
1080 3819 1308 3901 ΜΑιξΑΝ.
1341 3819 1476 3873 ibid.
1543 3819 1546 3820 ⁷

287 3893 400 3967 (ῼΑ)
428 3890 678 3967 ’Υπὸῇτοῦ
708 3888 1239 3967 ocewcLPrgmittit
1266 3888 1354 3942 καί
1382 3890 1689 3967 Beurerus.

302 3960 397 4029 98)
414 3960 969 4036 ,Μήλᾶγαπήσαςτῐίο
1018 3962 1318 4036 Beurerus
1353 3966 1419 4036 _et
1451 3960 1856 4036 _Sylburgius:

211 4031 498 4104 posterior
526 4031 719 4090 littera
771 4034 949 4103 hujus
996 4032 1210 4088 voculas
1245 4033 1318 4102 μή
1353 4031 1464 4104 legi
1516 4031 1637 4087 non
1671 4031 1861 4104 potuit

212 4122 325 4161 ms.
362 4107 578 4174 codice,
611 4107 711 4162 sed
756 4110 981 4159 tantum
1018 4124 1075 4176 μ.
1122 4105 1453 4176 Stephanus
1496 4104 1747 4176 [eddidit
1797 4106 1861 4162 ob

213 4193 452 4234 amorem
480 4171 636 4237 vitae.
669 4178 800 4234 Mox
829 4177 982 4232 idem
1016 4171 1296 4231 Beurerus
1326 4172 1445 4244 ἤτω
1477 4171 1567 4228 οὗν
1596 4195 1702 4232 σοι.

2042 3322 2155 3393 (99)
2214 3320 2315 3395 Καὶ
2392 3319 2643 3395 καρεττύνΪΔ
2690 3321 3019 3395 Stephanus
3057 3326 3133 3395 et
3183 3324 3469 3395 Beurerus
3523 3321 3613 3378 καὶ

1968 3396 2222 3520 gap-iro?»~
2275 3392 2474 3467 ἐρῶν.’
2516 3392 2722 3449 Melius
2792 3392 3142 3466 ’Sylburgius
3226 3394 3313 3450 καὶ
3406 3395 3610 3471 καρπὸν

2001 3486 2073 3519 κπ
2114 3484 2281 3539 ηρων.

2045 3573 2184 3645 (99ξ)
2214 3566 2349 3645 Οὐδὲ
2381 3566 2484 3645 an
2514 3567 2805 3645 φθείρεται.
2853 3569 3226 3645 Clarior_erit
3268 3572 3613 3643 interpreta-

1973 3642 2072 3707 tio,
2106 3642 2155 3698 si
2186 3642 2269 3697 sic
2316 3642 2669 3698 reddamus:
2705 3642 2807 3700 Ubi
2854 3658 3026 3714 neque
3073 3642 3183 3698 Eva
3224 3642 3613 3717 corrumpitur.

1971 3716 2225 3781 MARAN.,
2259 3713 2392 3768 ibid.

2041 3820 2185 3890 (100)
2218 3816 2409 3892 Knpoi.
2442 3818 2565 3875 Vox
2594 3823 2882 3892 corrupta,
2918 3836 3023 3875 nec
3051 3820 3345 3876 evidenter
3382 3822 3527 3877 lecta
3555 3821 3617 3877 in

1971 3909 2082 3948 ms.
2116 3890 2330 3964 codice.
2364 3890 2497 3964 Non
2514 3890 2820 3964 sanabitur
2846 3892 3081 3961 vulnus,
3116 3894 3163 3946 si
3196 3893 3458 3964 legamus
3480 3910 3614 3948 cum

1970 3963 2276 4036 Sylburgio
2308 3959 2520 4036 xatpoi.
2541 3963 2653 4036 Sed
2689 3959 3280 4036 sigpoﬁnamus'xopoi:
3297 3965 3439 4018 nihil
3477 3968 3615 4035 puto

1972 4034 2412 4107 superfutur'lim
2436 4034 3167 4107 difficultatis.Stephanus
3180 4053 3344 4090 voces
3374 4034 3618 4107 sequen-

1970 4112 2056 4162 tes
2088 4106 2171 4161 sic
2202 4107 2411 4179 reddit,
2444 4118 2494 4160 et
2522 4122 2649 4160 cum
2676 4106 2883 4161 mundo
2925 4110 3224 4179 coaptalur.
3259 4107 3502 4163 Videtur
3532 4106 3613 4165 le-

1970 4178 2228 4252 gendum
2260 4175 2324 4245 ἀρ
2335 4175 2606 4248 μόζονται.
