4046 6350
383 568 2031 782 PRESBYI‘ERORUM
2156 627 2400 774 ET
2527 622 3795 777 DIACONORUM

1765 896 2407 1026 ACHAle

732 1158 1275 1245 EPISTULA
1339 1161 1482 1241 DE
1540 1154 2126 1245 MAHTYRIO
2186 1157 2279 1243 S.
2343 1157 2821 1241 ANDREfE
2880 1155 3446 1242 APOSTOLI

1883 1356 2255 1371 *—

1317 1504 1654 1596 VETE
1672 1503 1949 1597 RUM
2030 1503 2187 1596 TE
2203 1500 2847 1597 STIMONIA.

900 1720 1232 1792 (GALLAND.,
1270 1722 1524 1775 Veterum
1546 1721 1780 1774 Patrum
1801 1719 2090 1785 Biblioth.,
2123 1723 2165 1773 t.
2202 1719 2244 1772 Ι.
2276 1718 2554 1784 Venetiis,
2589 1717 2748 1789 I765,
2782 1717 2993 1785 in-fol.,
3024 1733 3079 1789 p.
3116 1718 3261 1789 145.)

1372 2024 1432 2051 ⁸
2070 2022 2113 2076 Ι.

906 2130 1203 2196 Damasus,
1232 2129 1316 2183 vel
1345 2129 1592 2199 quisquis
1622 2136 1812 2182 auctor
1838 2130 1933 2194 sit,
1966 2128 2156 2183 Carm.
2192 2144 2266 2193 ιν,
2298 2142 2367 2183 ex
2396 2128 2523 2183 edit.
2547 2128 2862 2195 Sarazanii,
2899 2128 3085 2185 Rom
3117 2129 3274 2183 1638.

1312 2264 1559 2330 Andrea,
1594 2262 1808 2318 Christi
1842 2261 2121 2334 apostole,

1458 2334 1575 2415 Ilico
1606 2335 1731 2415 ipso
1755 2336 1879 2415 jam
1910 2334 2192 2415 vocabqu

1458 2406 1721 2477 Signaris
1756 2406 1866 2460 isto
1901 2406 2157 2475 nomine,

1457 2478 1709 2532 Decorus
1742 2478 1895 2533 idem
1929 2479 2192 2546 mystice.

1317 2604 1495 2667 Quem
1533 2618 1671 2656 crux
1703 2603 1771 2656 ad
1799 2600 1914 2657 alta
1946 2601 2228 2673 provehit,

1457 2674 1606 2727 Crux
1636 2690 1806 2743 quem
1844 2674 2011 2727 beata
2040 2672 2250 2743 diligit,

1461 2746 1560 2798 Cui
1592 2762 1733 2799 crux
1762 2761 1963 2799 amara
1995 2753 2283 2815 praeparat

1465 2816 1637 2870 Lucis
1671 2817 1877 2870 futurae
1909 2816 2143 2886 gaudia.

1317 2939 1375 2992 In
1409 2942 1464 2990 te
1496 2938 1685 2993 crucis
1720 2939 2060 3009 mysterium

1460 3009 1612 3091 gluit
1640 3010 1890 3091 gemello
1922 3012 2219 3091 stigmate,

1460 3085 1607 3153 Dum
1644 3083 1855 3147 probra
1886 3082 2065 3136 vincis
2093 3099 2195 3153 per
2224 3098 2476 3147 crucem,

1461 3152 1781 3223 Crucisque
1812 3153 2023 3224 pandis
2054 3152 2424 3226 sanguinem.
2458 3153 2626 3224 Epist.
2660 3168 2777 3224 cap.
2810 3170 2863 3207 x.

2064 3304 2131 3360 II.

608 3411 1007 3479 HIERONYMUS,
1041 3409 1211 3483 epist.
1247 3427 1331 3466 LIX
1363 3410 1437 3466 al.
1472 3427 1675 3467 cxnvm
1701 3411 1772 3466 ad
1805 3410 2161 3478 Marcellam,
2188 3427 2343 3466 num.
2385 3411 2441 3479 5,
2474 3419 2601 3467 tom.
2635 3414 2679 3478 I,
2711 3427 2837 3482 pag.
2870 3410 2995 3481 328,
3028 3411 3161 3467 edit.
3198 3411 3384 3468 Veron.
3420 3414 3579 3469 1734.

466 3546 530 3599 In
560 3544 839 3619 omnibus
870 3543 1011 3599 locis
1042 3545 1387 3619 versabatur
1416 3545 1671 3619 (Jesus);
1704 3561 1837 3619 cum
1892 3545 2116 3599 Thoma
2150 3544 2207 3599 in
2241 3544 2427 3612 India,
2458 3561 2592 3599 cum
2624 3544 2793 3599 Petro
2824 3545 3041 3613 Romae,
3075 3561 3209 3601 cum
3242 3545 3421 3602 Paulo
3451 3547 3508 3602 in
3541 3546 3800 3619 Illyrico,

394 3632 529 3671 cum
559 3617 683 3671 Tito
715 3617 773 3670 in
805 3617 995 3684 Creta,
1030 3632 1163 3670 cum
1194 3617 1424 3671 Andrea
1457 3618 1515 3670 in
1546 3617 1785 3671 Achaia.
1818 3620 1951 3687 Cap.
1987 3633 2046 3684 ιι,
2084 3620 2192 3672 etc.

2046 3765 2139 3820 ΙΙΙ.

1243 3861 1614 3919 Gauoax'rws
1644 3863 1820 3935 Brix.,
1850 3865 1912 3919 in
1939 3880 2108 3918 serm.
2140 3862 2327 3919 habito
2357 3864 2415 3918 in
2445 3862 2699 3919 Dedicat.
2734 3862 2938 3920 eccles.

466 3998 724 4073 Joannes
750 3996 814 4073 in
844 3996 1162 4051 Sebastena
1196 3996 1338 4051 urbe
1370 3996 1679 4073 provinciae
1712 3996 2046 4073 Palaestinae,
2079 3997 2337 4053 Thomas
2367 3997 2519 4069 apud
2554 3999 2748 4067 Indos,
2799 3998 3061 4054 Andreas
3109 4004 3167 4055 et
3195 4000 3380 4056 Lucas
3410 4002 3565 4073 apud
3598 4005 3809 4059 Patras

394 4070 624 4125 Achaiae
654 4070 968 4139 civitatem,
1002 4069 1395 4127 consummati
1428 4071 1781 4123 referuntur.
1817 4071 1961 4139 Cap.
1994 4084 2095 4123 χιι.

2052 4220 2148 4274 IV.

815 4322 1081 4373 PAULINUS
1112 4322 1402 4387 NOLANUS,
1436 4318 1506 4373 de
1537 4318 1594 4373 S.
1626 4316 1832 4385 Felice,
1862 4319 2043 4374 Natat.
2071 4336 2149 4387 1x,
2182 4334 2324 4374 vers.
2352 4319 2477 4389 406,
2506 4334 2636 4390 pag.
2669 4318 2795 4387 637,
2828 4319 2958 4376 edit.
2999 4321 3190 4378 Veron.
3227 4322 3385 4378 1736.

1327 4452 1461 4506 Heio
1492 4458 1657 4521 pater
1687 4452 1968 4520 Andreas,
2002 4452 2130 4507 beic
2161 4452 2259 4523 qui
2292 4452 2561 4523 piscator,
2580 4452 2648 4505 ad
2685 4456 2863 4523 Argos

1324 4523 1559 4581 Missus.
1594 4524 1936 4594 vaniloquos
1967 4524 2165 4578 docuit
2180 4522 2520 4578 ’mu’tescere
2551 4522 2822 4594 linguas:

1323 4594 1428 4666 Qui
1466 4611 1770 4664 postquam
1805 4594 2050 4666 p0pulos
2082 4596 2270 4664 ruptis
2300 4596 2516 4649 erroris
2547 4594 2733 4666 iniqui

1327 4665 1893 4737 Retibusexplicuit,’
1926 4665 2215 4737 traxitque
2246 4667 2314 4720 ad
2349 4666 2494 4720 retia
2524 4665 2756 4734 Christi,

1323 4736 1693 4792 Thessalicas
1727 4739 1855 4792 fuso
1887 4736 2189 4792 damnavit
2220 4738 2506 4809 sanguine
2537 4741 2761 4791 Patras.
2796 4736 2924 4808 Cap.
2960 4755 3014 4791 x.

1252 4878 1417 4947 IDEM,
1451 4878 1610 4949 ibid,
1644 4879 1841 4936 Natat.
1874 4898 1951 4948 λι,
1983 4896 2125 4935 vers.
2155 4880 2384 4946 76-356,
2416 4896 2541 4951 pag.
2576 4880 2699 4951 443,
2733 4882 2836 4935 468

1477 4878 1610 4949 bid.,
1644 4879 1841 4936 Natat.
1874 4898 1951 4948 λι,
1983 4896 2125 4935 vers.
2155 4880 2384 4946 76-356,
2416 4896 2541 4951 pag.
2576 4880 2699 4951 443,
2733 4882 2836 4935 468
2867 4886 2924 4937 et
2952 4882 3075 4936 659.

1326 4993 1417 5047 Sic
1452 4997 1600 5066 Deus
1633 5000 1690 5048 et
1721 4995 1960 5065 reliquis
1989 4995 2257 5050 tribuens
2288 4993 2382 5063 pia
2416 5011 2659 5050 munera
2688 4995 2878 5066 terris,

1322 5064 1792 5145 §parsituubique
1823 5064 1931 5123 loci
1953 5083 2207 5145 _mag_nas
2240 5083 2349 5121 sua
2379 5068 2644 5122 membra
2674 5084 2777 5139 per
2806 5064 2999 5123 urbes.

1322 5135 1415 5190 Sic
1444 5136 1603 5191 dedit
1630 5139 1921 5193 Andream
1951 5135 2159 5193 Patris.
2240 5179 2254 5192 .
2336 5178 2350 5192 .
2430 5179 2443 5193 .
2523 5178 2536 5192 .
2618 5180 2632 5192 .
2674 5135 2728 5193 ”.
2808 5180 2822 5195 .
2904 5179 2918 5193 .

1328 5247 1341 5260 .
1422 5248 1435 5260 .
1516 5248 1529 5262 .
1612 5251 1624 5264 .
1706 5250 1719 5263 .
1800 5252 1814 5264 .
1896 5251 1909 5264 .
1986 5251 1999 5263 .
2083 5250 2098 5266 .
2180 5248 2193 5264 .
2269 5212 2410 5263 tunc
2439 5209 2727 5266 Andream
2757 5210 2982 5267 devexit
3011 5209 3263 5268 Achivis.

1524 5447 1745 5505 Pmus
1776 5451 2208 5520 Cnavsonoous,
2239 5465 2405 5505 serm.
2439 5466 2673 5506 cxxxm.

470 5574 706 5628 Crucem
742 5589 917 5645 quam
952 5573 1287 5648 refugerant
1321 5570 1631 5648 (Petrus__et
1680 5576 1983 5645 Andreas),
2016 5578 2221 5648 postea
2250 5572 2578 5647 conjunctis
2611 5574 2830 5633 viribus
2860 5576 3132 5633 ardenter
3160 5577 3465 5637 invadunt.
3497 5613 3566 5624 -
3596 5586 3807 5643 Petrus

403 5659 656 5715 namque
688 5661 941 5715 crucem,
975 5647 1240 5701 arborem
1274 5646 1613 5700 conscendit
1642 5648 1921 5704 Andreas.
1957 5646 2088 5721 Cap.
2125 5663 2181 5702 x.
