4046 6350
514 348 657 406 1191
1325 340 2015 404 PRESBYTERORUM
2062 342 2160 403 ET
2206 342 2726 407 DIACONORUM
2772 344 3096 405 ACHALE
3762 346 3932 407 {£99

580 475 747 535 Οὗτος
780 470 1010 549 ἀδελφὸς
1041 474 1265 547 γνήσιος
1301 472 1561 547 ὑπάρχων
1586 475 1683 526 τοῦ
1719 469 1960 547 μεγάλου
2013 472 2148 526 ἀπο-

2335 475 2438 531 Hic
2470 492 2786 549 germanus
2819 476 3015 548 magni
3049 475 3291 548 apostoli
3323 476 3500 544 Petri,
3534 484 3671 549 post
3698 480 3931 535 Ascen-

506 562 705 619 οτόλου
764 562 1015 637 Πέτρου,
1076 561 1208 633 μετᾶ
1273 562 1372 629 τήν
1432 557 1725 634 Ἀνάληψιν
1796 564 1892 614 τοῦ
1950 560 2104 637 Κυρίο

2333 580 2484 620 mem
2515 564 2747 621 Domini
2780 565 2962 621 nostri
3020 564 3159 621 Jesu
3215 564 3448 631 Christi,
3493 567 3841 638 predicavit
3872 568 3931 623 in

507 657 666 726 ἡμῶν
717 654 894 721 ’1ησοῦ
947 655 1204 726 Χριστοῦ,
1255 650 1504 723 ἐκήρυξεν
1556 649 1633 711 εἷς
1680 656 1850 704 πᾶσαν
1882 651 1980 719 τὴν
2013 670 2105 723 παρ

2335 660 2382 708 “.a
2431 654 2729 709 maritima
2785 670 2889 709 ora
2945 653 3246 725 Bithyniae,
3308 654 3497 724 Ponti,
3540 656 3816 711 Thraciae
3877 662 3933 713 et

508 743 663 798 ἅλιον
708 747 807 809 τῆς
858 739 1130 807 Βιθυνίας,
1180 740 1269 793 καὶ
1315 744 1414 793 τοῦ
1463 738 1687 811 Πόντου,
1736 738 1823 793 καὶ
1869 745 1971 808 τῆς
2018 747 2106 813 Θρε

2331 742 2536 814 ythize:
2572 743 2781 798 deinde
2810 759 3083 815 magnam
3140 742 3568 815 Sebastopolim
3624 744 3929 801 lustravit.

507 853 631 901 κης,
692 830 780 884 καὶ
827 836 926 897 τῆς
987 828 1232 890 Σκυθίας.
1282 828 1427 882 Μετᾶ
1486 824 1543 881 δὲ
1596 832 1761 882 ταῦτα
1808 826 2048 897 ἀπῆλθεν
2096 828 2105 881 ἑ

2357 836 2654 888 Postremo
2686 833 2888 887 Patras
2915 831 3145 887 Achaia
3188 832 3244 886 in
3300 833 3779 904 Peloponnesum
3821 838 3934 889 mi-

505 915 939 975 Σεὸαστουπόλει
984 920 1053 989 τῇ
1101 915 1323 991 μεγάλη.
1361 948 1432 959 -
1461 916 1593 970 Εἶτα
1639 914 1881 985 ἀπῆλθεν
1934 916 1984 970 ἐν
2038 922 2103 971 Ha

2333 921 2465 991 avit,
2498 922 2598 977 ubi
2631 922 2703 977 ab
2731 923 2905 994 [Egea
2948 920 3293 994 proconsule
3323 922 3383 977 in
3444 939 3681 979 crucem
3715 924 3931 979 subla-

502 1030 654 1084 τραις
698 1014 796 1076 τῆς
842 1003 1035 1081 Ἀχαΐα
1082 1004 1157 1066 εἷς
1207 1003 1644 1074 Πελοπόννησον.
1699 1006 1795 1058 Καὶ
1838 1002 2100 1081 ἐςταυρώθ

2333 1026 2355 1064 s
2412 1014 2534 1067 est:
2593 1014 2768 1082 atque
2822 1010 2905 1067 ita
2961 1014 3207 1067 mortem
3266 1010 3433 1066 obiit.
3497 1010 3676 1084 Capp.
3736 1029 3810 1079 η,
3872 1028 3931 1079 x,

503 1097 606 1153 ὑπὸ
637 1094 804 1171 Δὶγὲα
829 1099 926 1149 τοῦ
958 1092 1282 1159 ἀνθυπάτου’
1314 1093 1403 1147 καὶ
1436 1092 1609 1155 οὕτως
1649 1090 1963 1164 ἐτελειώθη.
2254 1114 2356 1153 xu,

2132 1236 2276 1294 XIII.

492 1334 781 1391 Erasmus
813 1330 1157 1388 Uxainensis
1186 1333 1241 1385 et
1274 1330 1493 1384 Barrus
1536 1329 1858 1401 presbyter,
1920 1328 2014 1383 lib.
2044 1345 2091 1397 ι,
2123 1329 2403 1386 adversus
2435 1329 2782 1403 Elipandum
2843 1331 3037 1387 archie
3082 1332 3349 1405 iscopum
3407 1333 3788 1390 Toletanum.
3836 1334 3927 1388 Ea:

1224 1400 1577 1456 Bibliotheca
1608 1401 1843 1455 Patrum
1878 1400 2214 1458 Parisiensi.
2246 1410 2374 1457 tam.
2402 1402 2494 1458 IV.
2526 1407 2667 1458 vart.
2698 1402 2763 1458 ii.
2794 1420 2919 1458 vaa.
2950 1349 3079 1458 526p.
3111 1406 3173 1458 Δ.

1224 1400 1577 1456 Bibliotheca
1608 1400 1843 1455 Patrum
1878 1400 2214 1468 Parisiensi,
2246 1410 2374 1457 tom.
2402 1402 2494 1473 IV,
2521 1400 2667 1474 part.
2698 1402 2763 1473 ii,
2790 1420 2919 1475 pag.
2950 1400 3079 1471 526,
3111 1406 3173 1460 Α.

564 1523 765 1593 Agnus
796 1520 905 1575 iste
938 1518 1406 1593 prazdamquam
1444 1516 1705 1593 tenebas,
1739 1516 2016 1593 excussit,
2063 1520 2121 1572 et
2162 1518 3140 1593 argumentationesphilosophiae
3182 1524 3316 1587 tuas,
3351 1520 3925 1593 simplicitatisrsue

497 1588 827 1648 innocentia
858 1588 1095 1645 omnino
1122 1588 1351 1661 delevit.
1386 1588 1500 1642 Iste
1544 1592 1633 1642 est
1675 1589 1870 1659 Agnus
1899 1588 2339 1657 immaculatus,
2371 1589 2471 1659 qui
2524 1588 2807 1661 quotidie.
2838 1596 2900 1647 ut
2932 1588 3138 1647 beatus
3194 1588 3594 1661 Andreas'ait,
3624 1593 3680 1646 in
3720 1592 3927 1647 altare

493 1664 682 1720 crucis
713 1662 1148 1719 sanctificatur:
1184 1660 1352 1735 Cujus
1392 1675 1581 1735 carnes
1624 1668 1975 1735 posteaquam
2004 1662 2182 1714 omnis
2211 1662 2448 1731 populus
2489 1662 2835 1716 credentium
2880 1663 3292 1735 manducauerit
3341 1667 3397 1718 et
3422 1668 3545 1735 ejus
3569 1660 3930 1733 sanguinem

494 1737 709 1800 biberit,
744 1741 929 1801 Agnus
974 1735 1069 1804 qui
1115 1732 1456 1800 sacriﬁcatus
1500 1734 1601 1795 est,
1637 1733 1845 1799 integer
1873 1736 2181 1799 perseverat
2210 1740 2261 1786 et
2291 1735 2487 1787 vivus:
2518 1738 2569 1786 et
2612 1749 2737 1787 cum
2787 1749 2909 1788 vere
2960 1734 3309 1803 sacriﬁculus
3355 1732 3458 1801 sit,
3478 1742 3529 1789 et
3558 1732 3928 1790 verecarnes

490 1810 605 1878 ejus
635 1810 747 1861 sint
774 1805 1125 1878 manducata
1148 1821 1182 1859 a
1207 1804 1429 1874 populo,
1460 1807 1513 1857 et
1541 1818 1665 1857 vere
1693 1804 1929 1872 sanguis
1960 1804 2077 1873 ejus
2114 1804 2188 1858 sit
2216 1804 2482 1859 haustus:
2512 1807 2712 1875 tamen,
2743 1808 2805 1859 ut
2842 1804 2986 1865 dixi.
3019 1807 3235 1877 integer
3254 1814 3462 1872 manet,
3493 1812 3547 1861 et
3576 1808 3927 1862 immacutan

488 1877 574 1934 tus
603 1887 652 1934 et
683 1879 857 1933 vivus.
890 1877 1026 1947 Cap.
1058 1892 1139 1931 v1.

2117 1971 2262 2026 XIV.

704 2066 948 2130 FLoaus,
983 2062 1043 2118 in
1070 2062 1305 2117 Auctar.
1340 2060 1409 2115 ad
1442 2058 1808 2132 Martyrolog.
1844 2063 2030 2114 Bsnaz.
2064 2061 2157 2114 Ex
2186 2058 2342 2115 Actis
2371 2059 2717 2115 Sanctorum
2751 2058 3020 2116 Bolland.
3056 2061 3212 2117 Mart.
3249 2066 3383 2117 tom.
3417 2062 3489 2131 II,
3521 2080 3648 2134 pag.
3672 2080 3770 2133 xc,

557 2181 619 2236 In
653 2178 888 2241 Achaia,
922 2176 1151 2249 civitate
1180 2176 1403 2241 Patras,
1439 2174 1631 2247 passio
1665 2174 1723 2229 S.
1754 2173 1993 2229 Andreas
2024 2172 2312 2246 apostoli:
2346 2174 2447 2245 qui
2477 2176 2791 2232 cruciﬁxus
2821 2191 2925 2248 pro
2958 2175 3167 2232 Christi
3200 2177 3459 2249 nomine,
3491 2193 3670 2233 suum
3721 2193 3903 2233 com-

484 2252 658 2326 plevit
685 2248 1049 2321 martyrium.
1084 2247 1213 2319 Cap.
1247 2265 1300 2301 ι.

2120 2351 2242 2409 XV.

485 2452 652 2515 11111.0,
686 2443 1010 2502 monachus
1042 2440 1409 2511 Elnonensis,
1440 2442 1503 2495 in
1543 2439 1674 2495 Vita
1712 2440 1770 2496 S.
1803 2439 2299 2566 Amandiagpigqq‘
2332 2441 2585 2512 Traject.
2615 2442 2712 2498 lib.
2746 2458 2786 2511 ι,
2815 2458 2935 2515 cap.
2994 2443 3046 2499 4.
3078 2444 3163 2499 Ex
3189 2442 3454 2500 Bolland.
3487 2444 3643 2500 Febr.
3677 2447 3823 2501 tom.
3863 2444 3890 2498 1

2030 2528 2162 2583 pag.
2194 2528 2319 2566 δμι.

1402 2626 1545 2681 Hinc
1573 2626 1717 2696 petit
1741 2625 2002 2698 Andreas
2034 2626 2397 2698 properando
2429 2626 2615 2682 virilis
2656 2627 2957 2697 Achaiam,

1404 2701 1483 2752 Ac
1523 2714 1734 2753 nomen
1766 2697 2066 2769 proprium
2099 2697 2383 2769 patrando
2416 2698 2663 2755 viriliter
2692 2698 2919 2772 implet.

2110 2836 2249 2892 XVI.

726 2944 1116 2997 \VALAFBIDUS
1146 2940 1388 3007 S'raaao,
1417 2934 1599 2990 Carm.
1634 2934 1701 2989 de
1729 2934 1787 2990 S.
1819 2934 2068 2989 Audrea.
2102 2934 2185 2990 Ex
2219 2934 2516 2991 Thesauro
2555 2934 2772 2992 Canisii
2801 2940 2932 2994 tom.
2972 2936 3043 3009 II,
3069 2943 3219 3008 part.
3256 2953 3316 3004 ιι,
3346 2952 3473 3008 pag.
3499 2936 3627 2991 258.

1286 3051 1561 3107 Protinus
1594 3049 1851 3104 Andreas
1882 3052 2267 3120 compunctus
2302 3066 2437 3105 voce
2465 3050 2774 3118 Tonantis,

1427 3120 1684 3193 Credidit
1715 3126 1995 3176 aeternum
2026 3120 2349 3178 salvantem
2385 3122 2593 3176 saecula
2623 3138 2816 3193 regem
2846 3140 2859 3178 :

1425 3191 1685 3273 Pendula
1715 3199 1974 3273 captura:-
1998 3197 2378 3273 contemnens
2394 3193 2554 3273 Aret‘ia
2589 3191 2820 3273 spretis,

1428 3265 1496 3318 Et
1525 3264 1679 3318 dicto
1711 3263 1883 3318 citius
1915 3263 2128 3317 Christi
2162 3268 2447 3334 praecepta
2479 3263 2731 3320 facessit.

1426 3336 1568 3400 Quis
1603 3350 1910 3389 numerare
1939 3334 2095 3389 valet
2122 3334 2419 3406 populosis
2449 3336 2661 3406 oppida
2690 3335 2907 3391 turmis

1425 3407 1586 3462 Illius
1618 3406 1872 3477 eloquio,
1906 3422 2033 3476 quas
2066 3408 2202 3461 fana
2230 3406 2474 3477 profana
2497 3406 2801 3477 fricabant,

1424 3477 1673 3533 Credula
1703 3476 2022 3548 pandentes
2056 3478 2177 3548 regi
2204 3476 2519 3547 praecordia
2549 3476 2819 3533 Christo?

1427 3549 1645 3622 I‘Iempe
1678 3547 1861 3622 vicem
1907 3547 2149 3622 Domino
2179 3548 2438 3603 solvebat
2458 3548 2907 3622 calcecruenta,

1425 3618 1796 3675 Dum'crucis
1828 3619 1885 3691 in
1921 3618 2117 3691 patulo
2140 3636 2475 3691 suspensus
2504 3620 2701 3691 stipite
2736 3624 2955 3690 martyr

1424 3691 1641 3746 Ultima
1672 3690 1936 3746 mortalis
1968 3690 2179 3745 clausit
2208 3690 2501 3762 spiracula
2528 3690 2680 3758 vitas,

1425 3762 1756 3834 Purpureas
1788 3778 2030 3817 sumens
2060 3762 2290 3819 Christo
2322 3768 2601 3834 regnante
2633 3777 2897 3817 coronas.

2078 3903 2249 3959 XVII.

764 4006 1103 4075 RHABANUS,
1137 4006 1195 4060 in
1254 4001 1550 4075 Martyrol.
1584 4002 1655 4057 ad
1685 4002 1741 4056 d.
1767 4002 1835 4057 30
1864 4002 1994 4057 Nov.
2030 4004 2121 4056 Ea:
2152 4001 2450 4057 Thesauro
2482 4000 2694 4058 Canisii
2732 4011 2859 4057 tom.
2895 4001 2964 4067 II,
2997 4006 3144 4073 part.
3178 4018 3239 4068 II,
3267 4018 3397 4073 pag.
3431 4003 3559 4058 318.

527 4121 729 4178 Natale
755 4121 945 4177 sancti
975 4122 1214 4176 Andreas
1248 4118 1513 4192 apostoli.
1548 4149 1615 4160 —
1644 4118 1749 4173 Hic
1779 4117 2115 4190 praedicavit
2145 4116 2443 4190 Scythiam
2476 4122 2533 4174 et
2559 4116 2858 4190 Achaiam,
2890 4117 3087 4190 ibique
3117 4117 3177 4173 in
3210 4116 3444 4175 civitate
3476 4123 3682 4178 Patras
3716 4126 3892 4182 cruci

457 4209 790 4266 suspensus
822 4194 1114 4251 occubuit.
1152 4192 1280 4263 Cap.
1312 4210 1367 4247 χ.

2068 4304 2264 4361 XVIII.

914 4408 1249 4478 USUARDUS,
1282 4408 1342 4461 in
1374 4403 1784 4477 Martyrologio
1813 4405 1887 4459 ad
1913 4404 1965 4459 d.
1999 4404 2070 4459 30
2100 4404 2376 4473 Novemb.,
2405 4420 2531 4476 pag.
2566 4402 2692 4472 193,
2724 4402 2854 4460 edit.
2887 4405 2996 4460 BB.
3030 4405 3215 4462 Paris.
3249 4406 3409 4461 1718.

526 4536 592 4589 In
624 4532 856 4605 civitate
887 4533 1087 4605 Patras
1119 4530 1423 4605 provinciae
1457 4526 1699 4597 Achaiae,
1732 4527 1943 4605 natalis
1971 4527 2159 4605 sancti
2189 4529 2429 4583 Andreas
2452 4527 2744 4605 apostoli,
2777 4526 2877 4599 qui
2926 4528 3103 4584 etiam
3137 4530 3292 4605 apud
3326 4529 3623 4605 Scythiam
3656 4536 3889 4605 praedi-

455 4605 624 4679 cavit.
660 4603 763 4660 Hic
794 4599 1180 4679 beatissimus
1204 4603 1276 4658 ab
1308 4603 1457 4674 Egea
1483 4600 1832 4679 proconsule
1862 4599 2345 4679 comprehensus,
2377 4600 2567 4679 primo
2616 4599 2676 4653 in
2733 4606 3079 4679 carcereHest
3110 4599 3367 4669 clausus,
3401 4599 3466 4657 ac
3498 4599 3713 4660 deinde
3756 4623 3889 4679 gra-

454 4676 696 4735 vissime
717 4693 899 4733 caasus
925 4695 938 4745 ;
974 4677 1045 4732 ad
1080 4670 1516 4732 ultimum'vero
1544 4672 1601 4726 in
1631 4687 1803 4727 cruce
1831 4670 2149 4743 appensus,
2180 4671 2357 4728 biduo
2380 4670 2534 4726 inibi
2578 4671 2916 4744 supervixit.
2952 4672 3124 4744 Capp.
3156 4689 3281 4739 vm,
3314 4690 3392 4738 Ix,
3420 4690 3476 4741 ι,
3514 4691 3615 4730 xu.

2087 4812 2231 4868 XIX.

451 4917 757 4983 REMIGIUS,
792 4915 1113 4973 monachus
1142 4918 1674 4977 ANTISIODORENSIB,
1697 4908 2432 5038 Comment..intpsa1§i‘1,ilm
2460 4926 2578 4966 xxx.
2612 4909 2810 4965 Exstat
2839 4908 2898 4964 in
2944 4908 3306 4967 Bibliotheca
3354 4911 3589 4967 Patrum
3625 4912 3883 4988 Lugdu-

1885 4998 2072 5038 nensi.
2128 4999 2235 5038 om.
2399 5023 2411 5036 .

1885 4998 2072 5051 nensi,
2107 4998 2235 5039 tam.
2262 4998 2307 5035 λ
2324 4998 2355 5034 v
2371 4998 2411 5036 ι.

520 5102 796 5168 Quamvis
827 5104 935 5159 hoc
964 5105 1395 5158 sacramentum
1425 5117 1459 5155 a
1491 5097 1756 5170 pluribus
1786 5097 2126 5170 accipiatur,
2159 5114 2275 5153 non
2324 5101 2541 5170 tamen,
2586 5100 2649 5152 ut
2695 5097 2944 5165 videtur,
2978 5097 3039 5153 in
3073 5102 3270 5170 partes
3330 5105 3416 5155 est
3446 5098 3732 5168 divisum,
3770 5104 3877 5158 sed

446 5177 635 5231 totum
668 5175 921 5247 singulis
947 5180 1035 5231 est
1061 5174 1400 5247 indivisum,
1449 5169 1679 5227 A’ndrea
1725 5169 1987 5242 apostolo
2018 5170 2103 5226 sic
2131 5173 2421 5226 testante:
2474 5169 2677 5240 Agnus,
2727 5185 3043 5241 quanquam
3076 5169 3441 5241 isacriﬁcatus
3484 5179 3587 5242 est,
3640 5174 3873 5245 integer

444 5251 759 5321 perseverat
772 5246 840 5304 iet
869 5249 1046 5304 vivus.
1078 5246 1216 5318 Cap.
1246 5262 1323 5301 vi.

2090 5354 2204 5411 XX.

1074 5462 1329 5519 Joannes
1360 5458 1805 5524 Eucaarrsnsxs,
1836 5454 1897 5509 in
1921 5454 2315 5526 Poematibus,
2341 5469 2469 5525 pag.
2500 5452 2591 5519 70,
2624 5451 2753 5508 edit.
2785 5453 3021 5525 Attum,
3056 5452 3215 5509 1610.

1514 5568 1812 5647 Σταυροῦσί
1839 5590 1899 5647 τε
1925 5575 2074 5647 τρεῖς
2106 5568 2296 5647 ἄνᾷρες
2328 5570 2482 5647 ὁμῷς
2516 5564 2792 5647 ᾊνδρὲαν.

1516 5642 1670 5703 Tres
1691 5643 1868 5701 simul
1900 5642 2005 5701 viri
2040 5642 2396 5719 cruciﬁguut
2424 5642 2713 5699 Andream
