4046 6350
193 368 327 431 1193
829 367 1213 429 EPISTOLA
1260 368 1361 427 DE
1406 366 1821 427 MABTYRIO
1866 367 1930 427 S.
1978 366 2345 428 ANDREE.
2379 400 2455 413 --
2489 366 2898 430 PROCEWIA.
3406 372 3567 432 1194

1791 542 1941 596 XXI.

402 656 911 714 MARTYROLOGIUM
951 656 1260 713 metricum
1293 655 1559 713 Ecclesiae
1592 656 1821 721 Grtsczs,
1853 655 1941 711 ad.
1976 655 2028 712 d.
2062 657 2130 713 30
2159 658 2312 725 Νου.,
2362 672 2431 713 ex
2473 656 2605 714 edit.
2640 657 2847 727 Siberi,
2872 659 3096 733 Lipsim,
3130 658 3290 717 1727.

1254 795 1963 889 ᾉντίρτεῖφονησταόρωσιν
1990 796 2247 889 Ἀνδρέας
2280 798 2453 889 φ’ἑρει,

1250 870 1446 931 Φανεὶς
1470 867 1721 943 dit-nom;
1753 867 1814 923 οὗ
1847 867 2223 943 σκιωδῶς,’ὣν
2260 867 2482 943 μύάτηξ.

1217 942 1609 1014 Antistmphae
1642 943 1792 999 fixus
1821 943 1977 999 cruci
2009 942 2121 999 fuit
2152 942 2431 1011 Andreas,

1208 1013 1501 1071 Sacerdos
1522 1013 1735 1069 Christi
1764 1029 1959 1085 verus,
2001 1031 2117 1071 non
2149 1014 2510 1072 umbratilis.

1777 1154 1945 1212 XXII.

176 1274 533 1328 Lssrmncus
566 1270 821 1344 archiep.
855 1276 1153 1339 Cantuar.,
1184 1272 1282 1327 tib.
1332 1277 1411 1328 De
1442 1288 1682 1345 corpore
1710 1277 1768 1328 et
1816 1272 2107 1345 sanguine
2158 1272 2409 1343 Domini,
2439 1289 2558 1345 cap.
2589 1290 2647 1339 x,
2675 1289 2810 1347 pag.
2842 1275 2971 1342 239,
3009 1275 3134 1331 Edit
3161 1277 3370 1340 Paris.,
3402 1276 3567 1333 1648.

238 1361 329 1417 Est
376 1360 556 1431 igitur
605 1366 1037 1435 sacramentum
1062 1365 1129 1435 et
1160 1377 1253 1415 res
1282 1361 1655 1435 sacramenti,
1689 1361 1749 1435 id
1779 1364 1868 1416 est
1896 1378 2107 1435 corpus
2137 1360 2372 1435 Christi.
2396 1360 2662 1435 Christus
2691 1366 2888 1435 tamen
2918 1378 3206 1435 resurgens
3236 1381 3306 1420 ex
3332 1366 3567 1421 mortuis

172 1434 277 1504 jam
304 1448 407 1487 non
436 1435 695 1500 moritur,
712 1448 855 1487 mors
886 1432 979 1487 illi
1006 1431 1166 1487 ultra
1195 1448 1309 1488 non
1336 1432 1715 1487 dominabitur
1733 1433 1908 1504 (Rom.
1935 1431 2013 1498 vr,
2033 1433 2109 1558 9g.
2134 1432 2243 1487 Sed
2275 1436 2428 1488 sicut
2457 1431 2597 1487 dicit
2625 1434 2883 1489 Andreas
2914 1431 3245 1506 apostolus:
3270 1436 3405 1491 Cum
3438 1450 3566 1492 vero

179 1506 227 1558 in
253 1506 403 1558 terris
429 1520 629 1558 carnes
657 1506 772 1558 eius
800 1505 913 1558 sint
942 1514 1218 1558 comestae.
1253 1512 1307 1558 et
1334 1520 1459 1558 vere
1486 1506 1713 1558 sanauis
1743 1505 1863 1558 eius
1903 1505 1975 1558 sit
2008 1504 2061 1557 bi
2100 1504 2204 1558 itus
2228 1522 2244 1558 :
2276 1506 2388 1558 ipse
2430 1506 2611 1558 tamen
2640 1521 2812 1558 usaue
2839 1507 2903 1558 in
2934 1510 3174 1558 temoora
3203 1507 3566 1558 restitutionis

179 1506 227 1559 in
253 1506 403 1558 terris
429 1520 631 1579 carnes
657 1506 772 1579 ejus
800 1505 913 1558 sint
930 1514 1218 1579 comestae,
1253 1512 1307 1559 et
1334 1520 1459 1559 vere
1486 1506 1713 1575 sanguis
1743 1505 1863 1573 ejus
1903 1505 1975 1559 sit
2008 1504 2205 1579 bibitus
2228 1522 2244 1567 ;
2276 1506 2388 1575 ipse
2430 1506 2611 1559 tamen
2640 1521 2812 1576 usque
2839 1507 2903 1561 in
2934 1504 3174 1579 tempora
3203 1507 3570 1564 restitutionis

175 1578 422 1641 omnium,
451 1576 513 1629 in
534 1576 839 1629 caelestibus
870 1575 940 1629 ad
969 1576 1253 1630 dexteram
1278 1579 1466 1631 Patris
1498 1579 1707 1647 integer
1730 1584 2041 1647 perseverat
2068 1580 2121 1630 et
2148 1577 2323 1630 vivus.
2355 1580 2491 1646 Cap.
2521 1592 2597 1630 v1.

1759 1714 1962 1771 XXIII.

172 1836 559 1888 WOLPHELMUS
589 1830 769 1886 abbas
800 1829 1319 1886 Brunwillerensis
1350 1832 1409 1885 in
1439 1832 1686 1903 Epislota
1718 1831 1795 1887 ad
1842 1830 2260 1903 .‘lteginhardum
2299 1830 2565 1903 abbatem
2602 1829 3076 1903 Gtadebacensem,
3109 1834 3180 1890 de
3197 1837 3565 1891 sacramento

227 1903 599 2029 g8i12charistias
633 1905 838 1959 contra
867 1918 1094 1959 errores
1146 1901 1499 1974 Berengariil
1544 1905 1731 1959 Exstat
1763 1901 2344 1975 apud‘Mabitlonium
2395 1901 2609 1959 saeculo
2652 1920 2730 1974 vx,
2782 1901 3073 1962 Benedict.
3118 1910 3271 1978 part.
3328 1923 3391 1975 ιι,
3431 1922 3561 1979 pag.

228 2072 335 2126 Hoc
364 2077 559 2127 autem
600 2087 834 2143 corpus,
869 2076 1002 2142 post
1033 2070 1319 2141 expletam
1376 2088 1535 2126 more
1575 2071 1856 2143 catholico
1906 2072 2401 2139 communionem,
2430 2088 2637 2127 sanum
2671 2075 2727 2127 et
2755 2071 3067 2140 incolume,
3101 2073 3295 2129 vivum
3328 2078 3385 2129 et
3414 2075 3561 2131 inte-

167 2161 315 2217 grum
347 2160 407 2198 se
443 2144 653 2215 recipit
682 2142 753 2198 ad
784 2144 1183 2217 Patremsb‘ic
1215 2146 1370 2199 enim
1422 2149 1671 2217 testatur
1718 2142 1975 2217 Ecclesia
2021 2143 2270 2209 Achaiaa,
2322 2146 2557 2217 beatum
2604 2144 2896 2217 Andream
2939 2145 3271 2215 apostolum
3317 2147 3558 2203 dicere:

167 2214 441 2285 Postquam
471 2214 651 2270 omnis
678 2215 910 2285 populus
940 2214 1280 2270 credentium
1308 2216 1449 2285 Agni
1473 2230 1697 2269 carnem
1726 2216 2019 2270 comederit
2056 2219 2108 2270 et
2135 2217 2467 2285 sanguinem
2502 2216 2718 2270 biberit.
2751 2216 2933 2287 Agnus
2958 2214 3056 2287 qui
3080 2216 3423 2287 sacriﬁcatus
3459 2225 3561 2285 est,

169 2288 359 2361 integer
382 2290 701 2361 perseverat
730 2296 783 2341 et
810 2290 965 2341 vivus
998 2304 1018 2341 :
1043 2294 1099 2341 et
1129 2302 1255 2361 cum,
1283 2303 1410 2361 vere
1435 2287 1773 2357 sacriﬁcatus
1803 2287 1898 2354 sit,
1928 2290 1980 2342 et
2009 2301 2129 2361 vere
2156 2302 2346 2361 carnes
2392 2287 2508 2359 ejus
2551 2294 2803 2361 comestae
2851 2304 2892 2343 a
2927 2288 3149 2361 populo,
3179 2297 3231 2345 et
3274 2304 3400 2346 vere
3425 2304 3563 2345 san-

167 2360 275 2429 guis
302 2359 415 2430 ejus
443 2360 521 2414 sit
553 2358 772 2426 bibitus,
810 2361 1011 2427 tamen,
1044 2362 1105 2413 ut
1133 2359 1278 2427 dixi,
1310 2366 1361 2413 et
1390 2359 1599 2430 integer
1622 2362 1929 2429 permanet,
1960 2365 2011 2414 et
2032 2358 2442 2427 immaculatus,
2471 2361 2523 2414 et
2550 2360 2725 2414 vivus.
2756 2359 2895 2431 Cap.
2929 2358 3049 2415 wn.

1762 2498 1957 2555 XXIV.

174 2616 258 2672 Ivo
284 2620 666 2673 Caaaorsnsm
699 2616 879 2672 Serm.
913 2617 991 2673 De
1018 2615 1419 2673 convenientia
1441 2615 1655 2673 veteris
1686 2618 1743 2672 et
1774 2614 2227 2743 nigngssafriﬁcii.
2261 2619 2346 2673 Ea:
2374 2614 2649 2673 Biblioth.
2686 2615 2922 2674 Patrum
2959 2615 3297 2689 Parisiensi,
3330 2626 3460 2676 tom.
3492 2617 3561 2676 X.

1668 2704 1792 2743 vaa.
1936 2729 1950 2743 .
2029 2728 2042 2742 .

1667 2704 1792 2758 pag.
1824 2704 1950 2755 δυο,
1982 2704 2042 2743 Α.

224 2804 453 2877 Εοοθμαίί
482 2805 830 2877 memoriam
863 2803 1101 2877 veniunt
1129 2804 1303 2877 verba
1332 2803 1763 2877 beatiiAndreae
1798 2802 2041 2877 apostoli
2054 2802 2290 2873 ,quibus
2317 2803 2525 2860 asserit
2554 2808 2611 2859 et
2638 2803 2697 2858 in
2728 2803 2887 2860 ccelis
2909 2820 3036 2861 esse
3066 2822 3277 2877 corpus
3306 2804 3562 2874 Domini,

166 2879 214 2930 et
242 2875 305 2931 de
334 2875 499 2931 altari
537 2876 891 2947 posse'sumi
927 2893 1136 2947 corpus
1169 2875 1398 2929 Domini
1436 2892 1449 2930 :
1483 2876 1667 2947 Cujus,
1702 2874 1913 2949 inquit,
1947 2891 2136 2930 carnes
2165 2891 2288 2931 cum
2317 2878 2430 2931 sint
2456 2880 2706 2949 comestae
2749 2878 2997 2949 interris
3044 2894 3079 2932 a
3105 2874 3330 2949 populo,
3359 2881 3409 2933 et
3435 2893 3564 2932 san-

172 2948 283 3016 guis
310 2950 419 3018 ejus
432 2950 653 3073 ibifitus
675 2967 696 3011 ,-
726 2950 840 3073 ipée
867 2946 1052 3003 tamen
1080 2962 1249 3018 usque
1278 2950 1339 3003 in
1367 2946 1613 3019 tempora
1638 2947 2002 3002 restitutionis
2030 2949 2298 3017 omnium,
2329 2949 2388 3002 in
2414 2948 2716 3004 caelestibus
2757 2947 2829 3003 ad
2856 2946 3117 3005 dextram‘
3137 2950 3327 3005 Patris
3354 2950 3564 3021 integer

172 3034 426 3088 persevera
481 3035 511 3075 e
564 3036 741 3074 vivus.
819 3036 911 3090 ap.
944 3036 1021 3073 γι.

164 3034 448 3088 perseverat
481 3034 533 3075 ει
564 3036 741 3074 vivus.
776 3034 911 3088 Cap.
944 3036 1021 3073 VI.

1779 3132 1946 3189 XXV.

174 3221 502 3280 Bsaxsnous
533 3222 717 3279 abbas
748 3221 1121 3291 Clarae-vall.,
1155 3220 1325 3278 Serm.
1362 3221 1421 3278 in
1453 3222 1747 3350 Vigilia
1780 3225 2030 3351 Anci???
2072 3221 2342 3295 apostoli,
2390 3238 2547 3279 num.
2593 3222 2649 3295 3,
2700 3238 2823 3296 opp.
2855 3223 2962 3281 vot.
2997 3224 3038 3280 Ι.
3079 3240 3210 3296 pag.
3244 3222 3401 3280 1064.
3431 3221 3564 3280 edit.

1719 3311 1857 3351 uris.
2036 3334 2048 3348 .

1719 3311 1857 3353 uris.
1891 3311 1917 3350 1
1932 3311 1949 3348 Ι
1962 3311 2048 3351 ιν.

232 3410 483 3491 Andreas
515 3409 844 3491 homoerat
876 3408 1091 3491 similis
1118 3409 1306 3491 nobis,
1339 3408 1656 3491 passibilis,
1688 3413 1745 3465 et
1794 3416 1911 3491 tam
1957 3409 2285 3491 vehementi
2309 3409 2520 3491 ardore
2563 3409 2808 3491 spiritus
2856 3426 3089 3466 crucem
3112 3409 3391 3491 sitiebat,
3441 3413 3563 3465 tam

168 3478 415 3554 inaudito
448 3498 482 3536 a
513 3480 746 3554 sacculis
776 3481 988 3552 gaudio
1022 3478 1399 3552 tripudiabat,
1436 3485 1499 3535 ut
1542 3497 1674 3537 cum
1724 3486 1997 3553 paratum
2046 3481 2159 3537 sibi
2183 3481 2439 3554 _eminus
2491 3478 2820 3554 patibulum
2853 3482 3254 3554 conspexisset
3284 3498 3299 3537 :
3333 3481 3372 3538 0
3400 3497 3562 3547 erue,

166 3550 369 3622 inquit,
399 3554 497 3608 diu
530 3550 857 3622 desiderata,
891 3556 940 3607 et
970 3555 1085 3621 iam
1102 3550 1525 3623 concupiscenti
1553 3550 1742 3608 animo
1767 3556 2123 3623 preparata!
2169 3552 2399 3608 Securus
2428 3550 2509 3607 ef
2527 3553 2768 3621 gaudens
2798 3556 2956 3609 venio
2985 3550 3057 3609 ad
3092 3562 3161 3623 te,
3202 3555 3286 3608 ita
3316 3557 3377 3608 ut
3423 3557 3474 3607 et
3504 3556 3566 3608 tu

171 3626 443 3679 exsultans
472 3626 745 3695 suscipias
772 3640 878 3679 me.
912 3625 981 3678 Et
1010 3624 1184 3697 paulo
1216 3629 1365 3695 post,
1401 3640 1562 3697 num.
1599 3625 1630 3677 4
1662 3641 1674 3677 :
1707 3624 2068 3697 Terrendum
2096 3635 2234 3697 eum
2283 3628 2448 3697 putat
2487 3625 2711 3697 Egeas,
2759 3625 2947 3680 crucis
2997 3623 3349 3697 supplicium
3385 3623 3559 3678 mini-

164 3699 284 3749 tans
313 3714 324 3749 :
358 3697 457 3751 sed
491 3694 629 3749 non
660 3700 750 3749 est
780 3696 882 3749 ita.
914 3694 1266 3768 Accenditur
1296 3696 1485 3766 magis
1516 3696 1575 3749 in
1605 3696 1778 3768 verbo
1810 3695 1937 3761 hoc,
1988 3701 2044 3750 et
2090 3694 2515 3768 lihere’clamat
2547 3694 2577 3750 εί
2596 3696 2716 3768 Ego
2745 3698 2797 3751 si
2828 3694 3144 3768 patibulum
3189 3698 3371 3751 crucis
3398 3711 3563 3768 expa-

161 3782 429 3848 i'escercm,
463 3770 647 3821 crucis
672 3768 1051 3848 gloriamnen
1082 3767 1465 3848 praedicarem:
1512 3774 1584 3819 At
1616 3767 2014 3848 ubinparatum
2062 3766 2175 3820 sibi
2206 3766 2458 3848 lignum.
2482 3766 2758 3848 intuitus.
2782 3766 2891 3848 eet,
2946 3784 3015 3823 ex
3042 3767 3345 3848 _hocﬂja-m
3390 3766 3563 3837 plane

162 3842 305 3910 totus
346 3813 1111 3910 ignescens’applaudebat:
1132 3846 1181 3893 et
1215 3837 1622 3910 blandiehatur
1678 3813 1995 3910 infamatis
2044 3853 2190 3910 suae,
2221 3813 2646 3893 o‘la'ﬁciosissime
2678 3813 2993 3905 salutabat,
3023 3813 3561 3893 devotissimersus-

160 3908 419 3979 cipiebat,
454 3908 1098 3981 magniﬁc’e’attollebat
1129 3926 1279 3973 eam,
1312 3915 1368 3963 et
1397 3910 1454 3962 in
1496 3908 2001 3981 ipsiuspraeconio
2050 3908 2428 3981 gloriabatur,
2479 3909 2739 3965 clamans
2790 3911 2978 3981 magis
3026 3910 3330 3981 affectione
3379 3924 3558 3979 quam

159 3996 283 4035 voce
322 3998 335 4036 :
377 3979 738 4045 Salvefcrua:
764 3983 1036 4050 pretiosa,
1085 3998 1202 4051 quae
1230 3981 1475 4035 decorem
1505 3979 1556 4035 et
1601 3979 2077 4051 pulchritudinem
2105 3980 2171 4035 de
2215 3981 2472 4036 membris
2514 3981 2812 4037 Dominicis
2851 3979 3156 4052 accepisti?
3194 3980 3368 4047 Salve,
3396 3996 3557 4047 crux,

159 4067 272 4122 qua:
298 4055 353 4107 in
381 4070 609 4125 corpore
642 4052 845 4108 Christi
873 4052 1122 4107 dedicata
1152 4070 1227 4121 es,
1260 4056 1312 4107 et
1342 4068 1411 4107 ea:
1439 4053 1698 4108 membris
1726 4053 1842 4123 ejus
1872 4060 2135 4124 tanquam
2167 4054 2496 4124 margaritis
2525 4062 2744 4109 ornata.
2776 4055 2953 4125 Capp.
2982 4069 3103 4118 vni,
3135 4068 3188 4107 χ.

961 4195 1120 4262 IDEM,
1154 4210 1317 4250 serm.
1354 4213 1395 4264 ι,
1428 4195 1487 4250 in
1522 4196 1665 4251 festo
1696 4194 1755 4249 in
1788 4195 1847 4250 S.
1876 4195 2137 4266 Androm,
2168 4212 2323 4250 num°
2358 4196 2409 4268 1,
2437 4211 2564 4267 pag.
2599 4196 2755 4251 1065.

223 4310 359 4391 Cum
392 4312 705 4391 dpeerelur
736 4310 861 4391 pse
894 4310 1101 4365 beatus
1130 4310 1392 4391 Andreas
1421 4311 1490 4391 ad
1526 4326 1776 4391 crucem,
1812 4308 2064 4391 populus
2096 4309 2497 4391 quisanctum
2532 4313 2589 4365 et
2614 4311 2856 4391 juetum
2870 4308 3107 4391 dolebat
3142 4310 3361 4381 injuste
3392 4310 3561 4365 dam-

158 4382 293 4447 nari,
324 4383 634 4454 prohibere
664 4380 848 4438 voluit
878 4399 949 4437 ne
1018 4381 1360 4452 puniretur;
1392 4382 1493 4454 sed
1526 4382 1712 4454 magis
1744 4380 1868 4452 ipse
1894 4380 2330 4454 instantissime
2372 4397 2540 4454 prece
2586 4381 2888 4451 prohibuit
2920 4399 3041 4454 eos,
3074 4399 3146 4437 ne
3177 4380 3289 4438 non
3321 4398 3561 4436 corona-

157 4452 475 4520 retur,'imo
510 4471 583 4508 ne
615 4471 728 4508 non
762 4458 1073 4526 pateretur.
1109 4453 1491 4526 Desiderabat
1522 4452 1814 4526 siquidem
1847 4452 2174 4526 dissolvi,et
2202 4468 2346 4526 cum,
2366 4452 2768 4526 Christo‘esse,
2794 4453 2987 4526 sedin
3017 4469 3186 4508 cruce
3211 4469 3388 4525 quam
3412 4468 3563 4526 sem-

156 4540 249 4592 per
278 4530 577 4580 amaverat
610 4544 621 4580 :
654 4522 1024 4580 desiderabat
1054 4540 1298 4595 regnum
1336 4525 1572 4588 intrare,
1598 4522 1710 4578 aed
1744 4540 1846 4595 per
1918 4522 2271 4595 patibulum.
2319 4524 2466 4589 Quid
2513 4523 2671 4579 enim
2714 4523 2858 4579 dicit
2904 4523 2990 4579 illi
3021 4522 3376 4580 amatas'suaa
3402 4523 3429 4577 ‘I
3456 4525 3562 4578 Per

152 4600 217 4661 te,
249 4597 456 4668 lnquit,
489 4614 580 4651 me
611 4599 854 4668 recipiat,
888 4599 985 4667 qui
1012 4610 1113 4663 per
1144 4604 1193 4651 te
1224 4612 1312 4651 me
1351 4595 1599 4650 redemit.
1632 4596 1770 4666 Cap.
1796 4610 1898 4651 νη.

1185 4737 1343 4803 IDEM,
1395 4751 1559 4791 serm.
1592 4751 1654 4802 ιι,
1685 4752 1841 4790 num.
1874 4736 1929 4802 3,
1957 4734 2175 4804 ibidem,
2205 4750 2331 4806 pag,
2372 4734 2528 4790 1069.

220 4854 480 4909 Audistis
514 4859 693 4922 certe,
729 4869 861 4909 cum
894 4849 1253 4924 pervenisset
1282 4850 1488 4905 beatus
1517 4851 1775 4906 Andreas
1818 4851 1907 4924 ad
1937 4850 2134 4907 locum
2168 4849 2266 4924 ubi
2290 4866 2441 4924 crux
2473 4853 2675 4924 parata
2703 4854 2845 4924 erat,
2878 4851 3170 4923 quomodo
3201 4850 3560 4924 confortatus

156 4924 228 4997 sit
252 4924 311 4980 in
344 4926 618 4992 Domino,
645 4921 702 4980 et
732 4941 834 4997 per
863 4921 1171 4997 S‘piritum,
1199 4938 1373 4997 quem
1406 4939 1525 4997 una
1554 4938 1689 4997 cum
1722 4921 1943 4978 caeteris
1975 4921 2256 4997 apostolis
2286 4922 2344 4997 in
2376 4921 2562 4993 igneis
2594 4921 3174 4997 linguisacceperat,
3218 4923 3395 4997 verba
3431 4937 3562 4997 vere

158 4996 318 5069 ignea
347 4998 705 5069 loqueretur.
834 4992 1525 5069 Eii—abundantia‘cordis
1556 5010 1620 5049 os
1654 4992 1913 5069 locutum
1938 4992 2027 5069 est
2054 4998 2146 5069 ;_et
2176 4992 2433 5069 Charitas
2458 5011 2584 5064 quas
2619 4992 2873 5069 fervebat
2904 4995 2962 5048 in
2994 4992 3187 5060 corde,
3216 4993 3391 5069 quasi
3415 4994 3565 5049 scin-

157 5067 306 5123 tillas
339 5064 631 5138 quaedam
666 5066 1108 5138 ardentissimus
1138 5064 1417 5138 emitebat
1440 5064 1500 5118 in
1530 5082 1686 5138 voce.
1716 5064 2047 5138 Quidenim
2079 5064 2283 5138 beatus
2310 5065 2570 5138 Andreas
2592 5081 2726 5120 cum
2756 5065 2869 5121 sibi
2899 5064 3258 5137 paratam,ut
3277 5064 3565 5130 dixi,cru-

158 5154 274 5194 cem
300 5135 541 5196 eminus
572 5143 853 5209 cerneret,
886 5136 1276 5207 loquebatur?
1328 5136 1366 5190 0
1398 5152 1562 5202 crux,
1606 5135 1818 5209 inquit,
1851 5136 1947 5190 diu
1972 5135 2301 5209 desiderata,
2331 5139 2383 5190 et
2412 5136 2534 5209 jam
2563 5135 2968 5209 concupiscenti
2994 5138 3180 5193 animo
3204 5139 3567 5209 praeparata!

160 5210 380 5267 Securus
411 5222 462 5267 et
487 5212 733 5283 gaudens
764 5207 920 5283 venio
947 5209 1016 5263 ad
1040 5211 1095 5283 te
1114 5224 1134 5283 ,j
1155 5209 1253 5283 _ita
1280 5211 1342 5283 ut
1371 5211 1431 5261 tu
1459 5208 1743 5283 ercsuttans
1769 5208 2043 5283 suscipias
2079 5224 2190 5275 me,
2235 5207 2567 5273 discipulum
2594 5209 2711 5279 ejus
2732 5207 2849 5281 ’gui
2898 5209 3156 5281 pependit
3206 5207 3273 5263 in
3303 5214 3356 5264 te
3385 5224 3399 5263 :
3433 5207 3563 5279 quia

158 5292 364 5338 amator
396 5277 529 5339 tuus
558 5297 770 5354 semper
796 5282 910 5353 fui,
940 5284 989 5335 et
1019 5278 1329 5334 desideravi
1356 5277 1627 5350 amplecti
1655 5285 1724 5335 te.
1760 5280 1896 5350 Cap.
1920 5277 1986 5334 ix.

920 5420 1086 5489 IDEM,
1118 5418 1179 5473 in
1206 5434 1369 5474 serm.
1401 5434 1519 5486 xvr,
1550 5419 1621 5473 de
1648 5418 1916 5486 diversis,
1946 5434 2100 5473 num.
2131 5418 2203 5485 6;
2239 5417 2460 5475 ibidem.
2487 5435 2625 5491 pag.
2661 5420 2816 5477 1122.

224 5539 648 5613 Νυοᾳυὶάᾉηρη
681 5555 865 5613 supra
890 5542 1160 5613 naturam
1193 5536 1423 5613 beatus
1449 5536 1559 5613 iste
1587 5538 1846 5613 Andreas
1878 5536 2198 5613 apostolus,
2230 5536 2400 5613 cujus
2431 5536 2772 5613 solemnitas
2812 5555 2927 5611 prae
2960 5538 3234 5613 manibus
3263 5544 3371 5611 est,
3405 5545 3566 5598 tran-

161 5609 527 5742 silieraﬁéq‘ui
545 5609 810 5739 gicebat:
836 5612 874 5667 0
910 5611 1046 5666 bona
1069 5626 1228 5677 cruce,
1259 5610 1356 5665 diu
1385 5609 1715 5683 desiderata,
1738 5614 1789 5666 et
1808 5609 1931 5683 jam
1958 5609 2363 5682 concupiscenti
2389 5611 2575 5667 animo
2600 5609 2911 5684 praeparata
2936 5615 2955 5667 !
2984 5610 3218 5670 Securus
3242 5617 3293 5669 et
3318 5609 3563 5686 gaudens

160 5698 309 5741 vento
464 5700 515 5742 e.
590 5700 680 5755 ap.
711 5698 769 5739 χ.

479 5811 745 5874 Panos.
794 5810 908 5871 Ca.
950 5807 1031 5871 Il.
3167 5808 3247 5882 38
