3998 6348
157 399 324 462 1197
839 403 1221 466 EPISTOLA
1263 405 1367 466 DE
1410 380 1820 468 MARTYHIO
1865 409 1930 468 S.
1975 407 2343 468 ANDREzE.
2381 440 2454 452 —
2489 407 2901 470 PROCEHIA.
3410 409 3569 474 “98

1744 563 1988 621 XXXIII.

311 657 704 730 Sepnaomus,
735 662 798 714 ut
821 661 1024 732 fertur,
1048 661 1125 717 De
1152 659 1284 717 vitis
1317 661 1734 734 apostolorum,
1765 679 1885 735 cap.
1915 678 1954 718 ι.
1985 661 2145 735 Apud
2171 663 2484 720 Fabricium
2511 666 2572 719 in
2600 662 2874 720 Biblioth.
2908 661 3125 720 Eccles.
3143 676 3276 736 pag.
3304 662 3430 718 224.

227 776 490 854 Ἀνδρέας
523 780 550 834 ὁ
579 778 814 859 ἁδελφὸς
859 781 1045 856 αὐτοῦ,
1094 782 1168 844 ὡς
1219 784 1272 838 οἱ
1299 784 1406 860 πρὸ
1435 786 1595 857 ἡμῶν
1634 805 1806 860 παρα-

2001 787 2259 843 Andreas
2289 788 2466 844 frater
2492 787 2671 858 hujus
2698 787 2979 860 (Simonis
3010 786 3184 856 Petri,
3216 789 3282 843 ut
3319 786 3572 858 majores

146 864 484 938 δεδώκασιν,
522 868 755 934 Σκύθαις
802 871 892 924 καὶ
940 867 1255 947 Σογδιανοῖς
1288 871 1374 927 καὶ
1427 873 1658 934 Σάκκαις
1685 871 1725 928 ἐ)

1990 876 2114 932 istri
2146 875 2549 948 prodiderunt,
2570 876 2824 949 Scythis,
2855 880 2913 932 et
2941 875 3269 949 Sogdianis,
3288 879 3346 931 et
3375 874 3569 932 Saccis

136 957 280 1029 ρυξε
314 958 376 1011 τὸ
408 956 741 1033 Εὐαγγέλιον
773 963 869 1013 τοῦ
900 959 1100 1035 Κυρίου
1128 962 1290 1034 ἡμῶν
1337 963 1514 1030 Ἰησοῦ
1555 967 1715 1036 Χριστ

1990 965 2267 1021 ~a2dicavit
2296 964 2675 1038 Evangelium
2698 964 2932 1020 Domini
2954 964 3137 1021 nostri
3159 964 3303 1020 Jesu
3332 962 3569 1035 Christi,

133 1045 238 1100 καὶ
274 1045 329 1100 ἐν
361 1041 764 1103 Σεϐαστοπόλει
820 1047 1044 1125 ἐκήρυξε
1090 1053 1160 1124 τῇ
1214 1048 1450 1126 μεγάλη,
1486 1049 1624 1106 ὅπου
1669 1050 1712 1105 ἐς

2039 1054 2100 1108 in
2149 1053 2514 1126 Sebastopoli
2566 1053 2903 1126 praedicavit
2948 1069 3075 1125 quae
3125 1053 3573 1125 cognominatur

133 1137 179 1204 ἠ
235 1130 570 1212 παρεμϐολὴ
623 1137 864 1212 ’Δψάρου
921 1136 1010 1192 καὶ
1062 1138 1231 1201 Φάσις
1281 1140 1309 1193 ὁ
1352 1140 1640 1213 ποταμὸς,
1689 1136 1712 1194 ἒ

1990 1158 2164 1215 agna,
2195 1142 2296 1198 ubi
2329 1146 2420 1198 est
2449 1142 2695 1214 irruptio
2726 1142 2954 1214 Apsari,
2987 1145 3044 1197 et
3074 1141 3277 1198 Phasis
3308 1140 3522 1199 ﬂuvius
3553 1156 3569 1197 :

133 1223 392 1279 οἰκοῦσιν
426 1223 685 1288 Αἰθίοπες
733 1226 789 1279 οἱ
847 1223 1129 1304 ἐσωτέροι.
1181 1229 1444 1283 ϐάπτεται
1478 1227 1530 1284 ἐν
1571 1229 1712 1304 Πάτρ

1999 1230 2050 1286 ἱο
2080 1230 2345 1288 incolunt
2365 1229 2664 1303 Ethiopes
2693 1230 3022 1287 interiores.
3055 1229 3330 1303 Sepultus
3359 1236 3446 1286 est
3474 1246 3574 1287 au-

133 1318 252 1382 τῆς
285 1311 539 1389 Ἀχαΐας,
573 1319 787 1390 σταυρῷ
817 1313 1146 1392 παραδοθεὶς
1178 1317 1280 1372 ὑπὸ
1329 1316 1494 1393 Αἰγέα
1522 1320 1619 1371 τοῦ
1655 1318 1712 1394 βα

1992 1335 2043 1374 m
2101 1319 2294 1375 Patris
2366 1319 2599 1375 civitate
2659 1319 2907 1391 Achaiae,
2966 1319 3157 1376 crucis
3204 1318 3452 1376 sufﬁxus
3499 1318 3571 1376 ab

142 1400 304 1464 λέως
333 1399 684 1472 Ἐδεσσηνῶν.

1930 1408 2106 1480 IEgea
2134 1408 2404 1480 praefecte
2432 1407 2881 1464 Edessenorum.

218 1520 442 1576 Eadem
479 1521 659 1595 ferme
685 1521 864 1595 habet
889 1523 1228 1595 Anonymus
1258 1523 1414 1594 apud
1444 1523 1841 1595 OEcuMsmuu
1870 1522 1930 1595 in
1960 1524 2090 1595 Acta
2107 1522 2332 1595 apostol.
2357 1531 2409 1580 et
2436 1523 2712 1595 Epistolas
2739 1521 2948 1581 Pauli:
2981 1523 3136 1595 apud
3165 1538 3340 1595 quem
3377 1526 3574 1582 tamen

137 1596 450 1664 postrema
478 1594 651 1650 verba
681 1594 898 1649 rectius
927 1593 1012 1650 sic
1045 1593 1106 1650 se
1139 1593 1354 1652 habent
1385 1611 1401 1651 :
1437 1593 1542 1650 ὑπὸ
1573 1593 1716 1670 Δῖγέε

1956 1593 2191 1659 θυπάτὸυ
2220 1593 2568 1668 παυρωθέίς.
3019 1593 3036 1595 “
3192 1593 3202 1595 ἡ
3529 1643 3531 1646 .

1733 1721 1984 1780 XXXIV.

235 1817 623 1887 HIPPOLYTUS,
653 1834 750 1875 seu
781 1821 1030 1892 quisqui:
1051 1821 1127 1876 sit
1155 1829 1370 1889 auctor,
1401 1821 1482 1878 De
1513 1820 1820 1878 duodecim
1853 1820 2152 1949 a§3015tolis.
2184 1819 2338 1894 Apud
2369 1820 2776 1893 Combeﬁsium,
2805 1821 3038 1877 Auctar.
3071 1834 3202 1876 nov.
3234 1825 3364 1876 tom.
3396 1818 3468 1887 II,

1711 1910 1834 1949 oaa.
1985 1936 1998 1949 .

1709 1910 1834 1966 pag.
1872 1910 1998 1950 δδι.

215 1999 512 2079 Ἀνδρέας,
560 2003 817 2075 Σκύθαις,
879 2006 1110 2081 Θρᾴκαις
1165 2007 1424 2082 κηρύξας,
1482 2007 1792 2084 ἐσταυρώθη

1989 2010 2263 2080 Andreas,
2293 2025 2426 2064 cum
2450 2007 2684 2077 Scythis
2715 2023 2781 2063 ac
2810 2005 3134 2063 Thracibus
3175 2006 3568 2086 pradicasset,

141 2091 201 2147 ἐν
237 2092 480 2166 Πάτραις
525 2096 622 2163 τῆς
674 2093 903 2170 Ἀχαΐας
947 2094 1034 2151 ἐπὶ
1087 2094 1270 2160 ἐλαίας
1321 2091 1520 2174 ὄρθιος,
1568 2097 1658 2152 καὶ
1708 2109 1720 2162 ε

1993 2099 2072 2154 Jci
2103 2098 2314 2155 afﬁxus
2356 2101 2446 2153 est
2493 2095 2681 2153 Patris
2729 2095 2791 2152 in
2837 2094 3080 2165 Achaia,
3133 2097 3328 2153 rectus
3355 2093 3417 2152 in
3445 2094 3572 2153 olea

133 2201 340 2236 πτεται
370 2180 500 2240 ἐκεῖ.

1917 2187 2145 2256 arbore,
2178 2186 2379 2258 ibique
2409 2183 2707 2257 sepelitur.
2743 2183 2873 2256 Cap.
2901 2199 2957 2239 κ.

1757 2312 1975 2368 XXXV.

337 2407 944 2464 Pseuno-Doaomsus
975 2408 1205 2481 Tyrius,
1239 2411 1300 2465 in
1329 2409 1598 2483 Synopsi.
1633 2414 1742 2468 etc.
1774 2413 1857 2466 Ex
1884 2410 2014 2468 edit.
2046 2409 2287 2465 Fabricii
2313 2410 2389 2465 De
2430 2409 2544 2464 vita
2585 2409 2636 2463 et
2662 2413 2832 2463 morte
2858 2407 3075 2478 Moysis,
3106 2419 3239 2477 pag.
3271 2405 3393 2462 471.

220 2517 550 2595 Ἀνδρέας...
602 2521 770 2598 ἐτάφη
823 2522 874 2577 ἐν
926 2522 1162 2598 Πάτραις
1207 2525 1306 2593 τῆς
1367 2521 1596 2599 Ἀχαΐας
1644 2545 1799 2580 σταυ-

1994 2525 2314 2581 Andreas...
2340 2523 2609 2596 sepultus
2637 2526 2728 2578 est
2769 2521 2958 2578 Patris
2988 2520 3211 2577 Achaia)
3243 2519 3404 2589 urbe,
3437 2537 3573 2579 cum

144 2609 348 2684 ρωθεὶς
381 2609 483 2664 ὑπὸ
512 2609 799 2685 Αἰγεάτου.

1915 2615 1988 2672 ab
2021 2615 2254 2688 [Egeate
2280 2614 2341 2669 in
2373 2628 2605 2669 crucem
2636 2615 2800 2668 actus
2831 2610 3058 2667 fuisset.
3087 2612 3224 2682 Cap.
3254 2625 3309 2664 ι.

229 2726 457 2808 Quibus
483 2727 716 2808 addesis
746 2729 1246 2808 pseudo-Abdiam
1278 2729 1346 2808 in_
1366 2733 1577 2788 Histor.
1611 2733 1838 2803 apostol.
1872 2731 1972 2787 lib.
2005 2747 2278 2808 1u,_nu_m.
2314 2730 2383 2785 39
2412 2733 2470 2808 et
2500 2744 2622 2808 seq_.
2648 2743 2796 2808 pag.
2821 2727 2947 2797 507,
2979 2726 3117 2808 edit.
3144 2726 3196 2808 .
3217 2727 3297 2808 1A,
3327 2723 3574 2808 Fabricii

142 2798 209 2872 in
251 2799 376 2855 Cod.
409 2816 590 2870 apocr.
625 2797 762 2856 Nov:
791 2803 923 2856 Test.
954 2805 1103 2860 tom.
1135 2803 1206 2869 II,
1240 2805 1296 2858 et
1328 2804 1611 2860 lsmoaum
1641 2797 2046 2860 HISPALENSEM
2069 2797 2372 2871 Jum’orem,
2404 2805 2470 2857 ut
2498 2797 2826 2872 perhibent,
2848 2799 3004 2872 apud
3033 2797 3337 2854 laudatum
3369 2797 3576 2854 Fabri-

151 2871 316 2926 cium
346 2872 421 2926 De
445 2873 559 2927 vita
581 2882 634 2927 et
660 2877 833 2928 morte
862 2873 1080 2944 Moysis,
1109 2889 1242 2946 pag.
1274 2874 1400 2928 545.

225 2987 637 3115 Cogs3ulendus
669 2988 810 3045 item
841 2990 1085 3072 NICETAS
1115 2993 1435 3059 Papauco,
1470 2991 1624 3050 Orat.
1671 2994 1732 3048 in
1780 2991 1836 3048 S.
1880 2993 2191 3061 ANDRBAM,
2220 2990 2376 3062 apud
2408 2987 2807 3060 Combcﬁsium,
2849 2993 2980 3044 tam.
3012 2986 3036 3042 Ι
3073 2986 3306 3043 Auctar.
3338 2987 3566 3044 novin"

227 3075 286 3115 ε.
394 3073 447 3115 υ.

142 3075 286 3132 pag.
323 3073 447 3115 33:).

1737 3162 1980 3220 XXXVI.

601 3260 993 3331 Nxcspnoaus,
1028 3260 1172 3317 Hist.
1205 3261 1422 3319 Eccles.
1457 3263 1552 3318 lib.
1586 3281 1652 3331 ιι,
1683 3280 1801 3336 cap.
1833 3279 2025 3330 xxxrx,
2049 3279 2219 3336 pagg.
2252 3260 2354 3317 199
2384 3263 2440 3316 et
2466 3259 2573 3315 200
2599 3258 2725 3316 edit.
2756 3258 2940 3314 Paris.
2971 3256 3129 3314 1630.

218 3373 471 3448 Ἀνδρέας
527 3376 555 3429 ὁ
613 3381 707 3430 τοῦ
775 3376 1073 3455 κορυφαίου
1148 3377 1353 3451 Πέτρου
1400 3377 1797 3454 κασίγνητος...

1988 3379 2265 3444 Andreas,
2319 3375 2605 3450 coryphssi
2639 3374 2790 3431 Petri
2837 3375 3034 3441 frater,
3152 3389 3187 3428 a
3215 3372 3567 3446 proconsule

145 3463 257 3518 ὑπὸ
299 3469 398 3518 τοῦ
443 3464 743 3520 ἀνθυπάτου
792 3465 1084 3541 Αἰγαιάτου
1128 3470 1208 3538 τῷ
1253 3472 1466 3542 σταυρῷ
1513 3468 1602 3522 καὶ
1645 3469 1724 3523 οὗτ

1987 3472 2141 3540 geato
2188 3467 2247 3522 in
2270 3482 2500 3522 crucem
2523 3480 2752 3536 quoque
2774 3466 2863 3520 est
2890 3466 3086 3519 actus:
3119 3461 3218 3518 illo
3239 3462 3289 3517 ei
3323 3461 3566 3519 crimine

140 3551 811 3630 προσήλωται,ἔγκλημά
856 3555 908 3610 οἳ
957 3550 1347 3631 ἐπαγαγόντος,
1393 3555 1475 3612 ὅτι
1519 3556 1664 3633 περὶ·
1699 3579 1719 3612 1

1990 3559 2155 3629 iecto,
2189 3556 2346 3629 quod
2378 3555 2687 3625 conjugem
2736 3552 2864 3623 ejus
2897 3549 3274 3608 Maximillam
3305 3551 3569 3607 fratrem-

131 3644 386 3719 γαμετήν
418 3641 580 3697 αὖτοῦ
631 3641 980 3716 Μαξιμίλλαν
1021 3643 1110 3698 καὶ
1157 3645 1247 3698 τὸν
1283 3642 1514 3724 ἀδελφὸν
1560 3652 1710 3721 Στρα·

1991 3663 2021 3702 e
2050 3643 2414 3710 Stratoclem,
2446 3641 2803 3714 impietatem
2846 3641 2972 3711 ejus
3020 3640 3294 3696 detestari
3335 3639 3568 3697 docuis-

126 3728 294 3803 κλέα,
329 3735 544 3804 Χριστῷ
575 3736 939 3809 προσαγάγοι,
967 3734 1066 3802 τήν
1102 3731 1308 3788 ἐκείνου
1362 3731 1696 3810 βδελυξαμέν

1721 3756 1796 3796 ›υς
1909 3739 2015 3807 set,
2049 3738 2104 3791 et
2134 3734 2203 3791 ad
2237 3731 2450 3789 Christi
2481 3730 2659 3787 fidem
2691 3730 3049 3786 adduxisset.
3085 3729 3212 3802 Cap.
3245 3747 3300 3786 x.

135 3814 482 3877 δυσσέϐειαν.

1729 3941 1995 3998 XXXVII.

258 4033 629 4092 LAURENTIUS
675 4037 1078 4106 Jusrmuuus,
1109 4054 1269 4095 serm.
1299 4039 1360 4094 in
1393 4041 1537 4096 festo
1568 4041 1626 4096 S.
1671 4042 1912 4096 Andrew
1944 4038 2214 4112 apostoli,
2247 4053 2316 4093 ea:
2343 4036 2476 4093 edit.
2515 4037 2694 4094 Venet.
2729 4033 2885 4100 1606,
2923 4049 3049 4105 pag.
3081 4031 3205 4098 294,
3235 4029 3337 4086 col.
3370 4028 3423 4085 4.

214 4135 757 4215 magnanimitatem
790 4138 968 4208 hujus
1000 4139 1399 4215 rubustissimi
1431 4139 2099 4215 ducis,imperterritam
2144 4142 2423 4215 mentem,
2472 4133 2764 4215 passionis
2807 4131 3182 4215 desiderium,
3233 4128 3560 4215 spirilpa‘le-

141 4220 262 4275 que
292 4200 729 4285 lumenjpsius,
765 4226 832 4264 ex
861 4200 1230 4285 sermonibus
1279 4212 1406 4285 ejus
1437 4200 1692 4267 attende.
1736 4200 1886 4269 'Cum
1935 4212 2091 4267 enim
2140 4200 2448 4285 duceretur
2467 4200 2554 4285 fut
2592 4204 2780 4285 crucis
2811 4203 3230 4285 imponeretur
3269 4200 3555 4285 ρειίδιξιο.

134 4278 475 4361 eamdem‘a
505 4277 674 4361 longe
703 4277 1456 4361 prospiciensexclamavit,
1490 4285 1689 4361 dicens
1750 4302 1762 4339 :
1795 4286 1840 4342 0
1872 4285 2015 4339 bona
2042 4299 2201 4361 erute,
2233 4281 2330 4336 diu
2360 4279 2688 4361 desiderata,
2720 4281 2772 4332 et
2791 4277 3338 4361 iamuroucupiscenti
3367 4277 3560 4357 apimo

130 4356 461 4429 prévparatu
491 4353 516 4429 ,ν
569 4346 790 4429 securus
835 4346 887 4429 et
929 4353 1179 4425 gaudens
1219 4357 1376 4411 venio
1424 4346 1502 4411 ad
1555 4360 1626 4420 te,
1660 4357 1739 4410 ita
1785 4359 1842 4429 ut
1892 4346 2274 4429 lugeasultans
2319 4352 2586 4429 suscipias
2634 4364 2738 4429 nte,
2788 4346 3122 4429 discipulum
3167 4346 3284 4414 eius
3322 4347 3419 4416 qui
3460 4359 3558 4416 pe-

127 4418 334 4498 pendit
373 4423 430 4474 in
482 4424 556 4498 te.
585 4423 760 4491 Salve,
791 4439 820 4478 0
851 4418 987 4479 ὺοῆα
1019 4441 1194 4498 crux,
1228 4443 1346 4497 quae
1393 4429 1453 4481 in
1502 4418 1722 4498 corpore
1771 4426 1976 4482 Christi
2003 4425 2250 4481 dedicata
2297 4440 2372 4489 es,
2419 4418 2477 4477 et
2514 4438 2586 4475 ea:
2629 4420 2746 4498 ejus
2772 4418 3055 4498 _mem_bris
3104 4420 3373 4498 tanquam
3392 4431 3559 4498 .mar-

135 4487 352 4618 gat-itis
399 4495 613 4564 ornata,
647 4487 828 4565 accipe
855 4513 943 4551 me
971 4496 1040 4552 ab
1069 4487 1400 4568 honiiriibus,
1445 4504 1500 4554 et
1548 4487 1707 4554 redde
1751 4514 1838 4552 me
1886 4514 2028 4568 meo,
2069 4501 2130 4552 ut
2168 4513 2267 4568 per
2313 4487 2364 4551 te
2412 4510 2494 4549 me
2543 4487 2802 4562 recipiat,
2852 4492 2951 4562 qui
2976 4506 3080 4562 per
3117 4497 3167 4546 te
3194 4487 3280 4543 me
3306 4487 3556 4545 redemit.

191 4580 286 4618 an.
319 4580 374 4618 χ.

191 4580 286 4618 an.
319 4580 374 4618 Χ.

210 4581 531 4691 Ἑίοξαειυε
557 4653 791 4710 quoque
817 4638 1288 4710 Cmrnusumus,
1337 4657 1483 4698 sem.
1533 4659 1550 4696 ι
1581 4645 1637 4697 et
1664 4658 1740 4708 ιν,
1772 4640 1836 4697 de
1869 4639 2124 4696 laudibus
2154 4637 2209 4693 S.
2241 4637 2498 4705 Andreae,
2529 4634 2699 4708 plura
2729 4631 3007 4690 describit
3034 4648 3102 4689 ex
3126 4629 3372 4704 Epistola
3399 4643 3556 4700 pres-

135 4705 458 4778 byterorum
487 4712 541 4763 et
568 4705 926 4765 diaconorum
955 4710 1202 4768 Achaiae.
