4046 6350
514 398 666 459 1199

1333 389 2030 455 PRESBYTERORUM
2074 390 2174 450 ET
2220 388 2739 453 DIACONORUM
2784 388 3097 453 ACHAIIE

3755 392 3898 455 1200

1470 672 2174 774 GALLANDII
2260 673 2949 771 PR/EFATIO

870 873 937 934 In
967 870 1309 953 Epistolam
1343 871 1863 950 Presbyterorum
1900 874 1963 931 et
1989 867 2405 931 Diaconorum
2432 866 2687 929 Achaiae
2725 866 2804 928 de
2840 867 3145 949 martyrio
3174 869 3242 930 S.
3271 867 3562 931 Andrem.

1519 1032 1654 1104 (Vel.
1684 1032 1837 1087 Patr.
1870 1028 2162 1101 Biblioth.,
2197 1029 2240 1097 Ι,
2272 1026 2520 1101 Proleg.,
2554 1045 2611 1101 p.
2648 1030 2910 1100 xxxvm.)

1932 1325 2498 1416 SYNOPSIS.

582 1512 628 1567 Ι.
663 1510 772 1567 Cur
798 1511 929 1566 huic
956 1508 1219 1581 Epistolas
1251 1509 1398 1581 inter
1424 1509 1635 1581 vetusta
1664 1506 1918 1581 Ecclesiae
1945 1511 2296 1581 monumenta
2324 1504 2469 1581 locus
2499 1505 2827 1581 assignatus.

584 1582 652 1638 II.
686 1584 759 1639 De
788 1582 957 1637 variis
985 1577 1100 1648 eius
1128 1579 1483 1645 editionibus,
1514 1579 1898 1635 Mombritiana
1922 1578 2269 1649 potissimum
2297 1584 2349 1632 et
2379 1577 2799 1648 Lipomaniana.

585 1654 681 1709 Ill.
714 1656 790 1708 De
816 1655 1041 1722 antiqua
1069 1651 1306 1722 ejusdem
1334 1651 1592 1721 Epistolas
1620 1652 1887 1705 versione.

582 1724 675 1780 IV.
709 1725 883 1795 Hujus
914 1717 1171 1794 Epistolas
1199 1717 1487 1777 sinceritas
1517 1722 1691 1795 variis
1718 1719 2037 1795 nominibus
2064 1718 2412 1795 agnoscenda
2438 1717 2674 1773 videtur.
2709 1719 3080 1795 Chrysostomi
3101 1720 3261 1795 locus
3286 1735 3573 1795 expensus.

580 1795 651 1850 V.
682 1788 923 1851 Solvitur
950 1788 1198 1865 bbjectio,
1230 1810 1299 1848 ea:
1324 1808 1447 1849 voce
1474 1788 1693 1866 τριάὸρς
1722 1792 2030 1866 desumpta,
2057 1806 2218 1866 quam
2244 1792 2415 1861 fuisse
2449 1795 2774 1861 usurpatam
2804 1788 2986 1857 tertio,
3016 1792 3150 1863 quin
3179 1797 3231 1849 et
3258 1788 3492 1850 secundo
3520 1792 3742 1861 sarculo,
3764 1794 3908 1849 evin-

510 1868 656 1923 citur
684 1883 754 1922 ex
784 1862 1024 1921 Patrum'
1040 1862 1418 1921 vetustissimis
1446 1862 1563 1918 tum
1620 1864 1826 1919 Graecis
1854 1868 1971 1918 tum
2001 1862 2230 1917 Latinis.

581 1941 677 1994 VI.
713 1937 957 2009 Objectus
986 1938 1130 1991 locus
1160 1937 1227 1991 de
1252 1938 1591 2009 processione
1622 1934 1859 2005 Spiritus
1888 1936 2064 2009 sancti
2091 1932 2441 2009 expenditur.
2469 1931 2664 2009 Eadem
2694 1931 2916 2003 phrasis
2943 1934 3001 1987 in
3036 1932 3223 1991 Graeca
3254 1935 3603 2004 Dialogorum
3634 1934 3693 1992 S.
3723 1935 3908 2007 Grego-

511 2009 587 2065 rii
616 2004 882 2075 versione,
911 2009 1069 2076 cuius
1096 2004 1286 2063 auctor
1312 2008 1605 2061 Zacharias
1633 2004 1798 2077 papa.
1830 2004 2060 2061 Samuel
2090 2005 2400 2077 Basnagius
2427 2008 2662 2077 notatus.

582 2080 708 2135 vn.
744 2084 795 2152 ρ

800 2084 993 2136 uazstio
1018 2078 1084 2133 de
1113 2081 1280 2146 /Egea
1308 2082 1607 2149 memorato
1633 2075 1961 2148 iri—epistola
1989 2075 2510 2149 EcclesiseAchaicz
2537 2075 2799 2149 discussa.
2822 2075 3315 2149 LocusSophronio
3339 2080 3632 2149 ascriptus,
3663 2078 3908 2134 vindica-

512 2160 622 2207 tur.
656 2146 785 2217 Eius
812 2153 1081 2220 interpres
1110 2152 1366 2204 Erasmus
1395 2148 1728 2218 defenditur.
1753 2146 1975 2218 Duplex
1992 2149 2195 2202 Edessa
2222 2146 2611 2220 distinguenda
2634 2162 2648 2212 ;
2683 2162 2929 2220 quarum
2956 2146 3132 2203 altera
3160 2152 3431 2220 recentior
3461 2146 3905 2214 0srhoenica,an-

512 2225 718 2295 tiquior
745 2224 926 2295 altera
955 2218 1321 2295 Macedonica,
1350 2223 1607 2295 primitus
1635 2222 1802 2291 Egeo
1829 2219 1977 2274 dicta
2004 2237 2023 2274 :
2054 2222 2216 2289 cujus
2240 2218 2484 2273 nominis
2513 2219 2795 2272 occasione
2822 2220 3110 2276 nonnullae
3154 2218 3218 2275 de
3269 2223 3436 2290 Algea
3469 2222 3810 2295 proconsule,
3854 2229 3911 2275 ut

511 2294 714 2366 fertur,
746 2293 988 2362 Achaiae,
1018 2294 1304 2363 proposita
1332 2293 1681 2366 coniecturae.

583 2358 735 2420 Vill.
768 2369 853 2421 De
878 2358 1128 2435 tempore
1143 2379 1245 2435 quo
1272 2358 1479 2432 scripta
1502 2367 1753 2419 censetur
1774 2360 2015 2433 Epistola
2047 2376 2060 2416 :
2092 2360 2368 2431 simulque
2392 2359 2557 2415 varia
2582 2358 2647 2415 de
2680 2360 3001 2432 Vespasium
3023 2364 3395 2433 persecutore.

586 2521 629 2575 Ι.
664 2519 824 2583 Quod
857 2518 1129 2590 superius
1158 2519 1219 2573 in
1250 2518 1586 2590 praefatione
1618 2516 1871 2589 generali
1903 2515 2163 2587 antiqui-
2191 2516 2248 2583 Α
2276 2514 2452 2570 nibus
2482 2514 2848 2585 distinctum,
2876 2514 3035 2572 haud
3082 2516 3472 2591 incongruum
3518 2522 3821 2591 putamus,
3846 2533 3905 2573 ex

510 2611 701 2665 tatum
730 2606 1256 2665 ecclesiasticarum
1302 2606 1583 2663 studiosis
1613 2606 1964 2679 recepimus,
2013 2608 2159 2661 Acta

509 2700 825 2770 martyrum
879 2713 987 2752 nos
1043 2712 1174 2753 esse
1232 2694 1600 2760 collecturos,
1671 2712 1775 2767 pro
1823 2699 2154 2766 temporum

508 2784 734 2843 ratione
764 2785 1118 2857 digerenda;
1153 2784 1211 2839 id
1245 2784 1485 2855 quidem
1515 2788 1795 2856 praestare
1825 2800 1979 2839 nunc
2012 2783 2155 2837 inci-

507 2873 726 2946 pimus,
757 2874 1061 2945 Epistolam
1091 2872 1443 2946 encyclicam
1476 2873 1922 2944 presbyterorum
1957 2880 2008 2928 et
2035 2872 2157 2927 dia-

502 2978 763 3019 conorum
790 2962 1014 3018 Achaiae
1049 2962 1115 3017 de
1143 2967 1203 3018 S.
1236 2963 1484 3019 Andreae
1511 2964 1745 3034 apostoli
1775 2963 2062 3032 martyrio,
2096 2961 2156 3016 in

505 3049 767 3107 medium
798 3051 1178 3123 proferentes.
1212 3050 1367 3106 Licet
1395 3050 1551 3105 enim
1583 3050 1736 3106 inter
1762 3052 1904 3105 Acta
1938 3054 2155 3122 marty-

503 3156 636 3196 rum
688 3139 940 3208 sincera,
990 3138 1250 3195 virorum
1300 3138 1665 3194 eruditorum
1725 3137 1950 3210 judicio
1994 3138 2151 3193 baud

505 3229 683 3285 fuerit
708 3228 996 3285 hactenus
1027 3227 1149 3283 haec
1167 3226 1430 3299 Epistola
1452 3227 1774 3294 recensita;
1806 3243 1935 3283 eam
1956 3232 2153 3284 tamen

505 3317 745 3374 omnino
796 3317 1235 3390 praetermittere
1304 3315 1569 3389 religioni
1629 3315 1992 3372 habuimus:
2035 3316 2156 3372 sive

507 3407 659 3479 quod
712 3406 784 3462 ab
832 3406 1090 3477 antiquis
1140 3406 1505 3477 temporibus
1556 3403 1817 3460 Ecclesiae
1860 3404 2153 3461 catholicae

504 3494 812 3564 sententia,
846 3494 1023 3567 digna
1073 3495 1246 3552 fuerit
1274 3494 1606 3551 existimata
1658 3511 1785 3566 quis
1834 3494 1893 3549 in
1942 3493 2155 3551 divinis

506 3584 719 3639 ofﬁciis
749 3583 1110 3641 celebrandis
1160 3584 1391 3656 publice
1441 3588 1863 3655 usurparetur;
1908 3585 2059 3655 quod
2094 3585 2153 3639 in

503 3671 714 3743 primis
742 3674 1126 3745 spectandum
1159 3678 1282 3727 erat
1319 3692 1330 3728 :
1366 3673 1483 3728 sive
1514 3672 1668 3744 quod
1702 3688 1887 3744 nuper
1917 3673 2153 3729 demum

507 3760 566 3816 in
599 3760 792 3817 lucem
825 3762 1105 3833 prodierit
1149 3765 1343 3817 textus
1373 3762 1626 3829 Graecus,
1662 3777 1776 3833 quo
1809 3762 1999 3834 magis
2031 3779 2153 3819 ma-

504 3849 713 3921 gisque
760 3849 1161 3905 vetustissima
1208 3849 1415 3917 versio,
1470 3850 1738 3905 Ecclesia:
1761 3850 1993 3920 jamdiu
2019 3868 2151 3923 pro-
2182 3889 2227 3953 B

501 3938 659 3994 bata:
693 3939 1074 3995 confirmatur
1114 3955 1126 3993 :
1183 3938 1303 3995 sive
1346 3939 1498 4010 quod
1530 3939 1768 3994 tandem
1800 3938 1906 3993 viri
1938 3940 2149 3995 eruditi

503 4029 698 4084 studio
747 4028 1017 4100 quamvis
1065 4044 1099 4083 a
1152 4026 1435 4083 catholica
1481 4026 1894 4083 communione
1952 4027 2148 4096 alieni,

502 4119 705 4173 eadem
737 4117 995 4189 Epistola
1022 4118 1226 4188 paucis
1269 4117 1482 4173 abhinc
1514 4116 1683 4172 annis
1716 4116 1908 4172 Graece
1938 4134 2004 4172 ac
2044 4119 2149 4173 La-

502 4205 625 4260 tine
655 4206 714 4260 in
746 4205 955 4278 vulgus
986 4206 1223 4275 emissa,
1253 4205 1411 4261 velut
1457 4206 1721 4261 sincerus
1769 4221 1943 4261 sacrae
1995 4207 2148 4262 anti-

503 4294 749 4366 quitatis
780 4294 929 4350 fetus
961 4295 1132 4350 fuerit
1156 4298 1545 4367 propugnata.
1579 4294 1740 4359 Quod
1764 4295 1815 4350 si
1842 4310 1975 4349 vero
1997 4293 2148 4349 hanc

503 4382 822 4455 Epistolam
854 4383 1048 4439 minus
1081 4388 1233 4440 recte
1264 4384 1416 4438 inter
1442 4386 1584 4440 Acta
1623 4388 1944 4456 martyrum
1977 4383 2148 4440 nobis

500 4472 819 4545 repositam
851 4472 984 4545 quis
1015 4473 1369 4541 arbitretur;
1422 4472 1582 4528 illum
1624 4472 1831 4528 saltem
1864 4476 2145 4544 tanquam

496 4566 793 4619 vetustum
854 4578 1002 4635 opus
1062 4561 1523 4618 ecclesiasticum
1592 4578 1719 4617 esse
1792 4562 2145 4633 habendam,

497 4650 656 4706 haud
704 4650 838 4707 ierit
884 4651 1112 4707 inficias
1165 4666 1180 4706 ι
1233 4651 1493 4721 adeoque
1540 4650 1627 4705 vel
1676 4668 1741 4705 eo
1791 4650 2027 4706 nomine
2086 4652 2143 4705 in

497 4743 759 4797 nostram
790 4738 1207 4797 bibliothecam
1247 4740 1383 4810 jure
1432 4739 1794 4794 inferendam
1843 4738 2143 4795 existima-

493 4845 709 4886 νιῐῑιυθ.

566 4919 639 4975 ll.
676 4918 840 4975 Illam
873 4922 1068 4973 autem
1117 4916 1343 4988 primus
1385 4917 1441 4970 in
1476 4915 1663 4971 lucem
1693 4914 1959 4971 emisisse
1985 4932 2143 4972 com-

494 5007 718 5079 peritur
752 5008 1013 5063 Boninus
1042 5005 1411 5060 Mnmbritius
1445 5004 1723 5076 patricius
1750 5003 2142 5060 Mediolanen-

495 5094 599 5163 sis,
632 5096 690 5151 in
729 5098 861 5153 Vitis
916 5099 1255 5159 sanctorum,
1308 5094 1416 5148 sub
1452 5094 1623 5147 finem
1658 5092 1853 5148 saeculi
1890 5110 1957 5147 xv
1990 5093 2143 5164 typis

496 5184 897 5257 consignatis;
946 5184 1055 5240 loci
1088 5184 1246 5239 enim
1279 5200 1345 5237 ac
1376 5182 1655 5252 temporis
1698 5187 1834 5237 nota
1866 5184 2139 5252 nuspiam

2266 2619 2333 2659 eo
2366 2602 2636 2674 Epistolas
2681 2608 2892 2659 nostrae
2921 2603 3158 2662 initium
3189 2605 3285 2662 hic
3314 2606 3740 2676 describere,ut
3760 2608 3903 2680 quod

2265 2709 2300 2748 a
2328 2690 2568 2763 reliquis
2598 2692 2789 2762 editis,
2822 2693 2967 2764 quin
2997 2698 3053 2751 et
3082 2697 3154 2751 ab
3198 2696 3329 2768 ipso
3362 2696 3557 2755 Graeco
3592 2696 3900 2771 exemplari

2266 2780 2696 2852 aliquantulum
2726 2782 3036 2855 discrepat.
3065 2783 3158 2839 Sic
3183 2790 3382 2841 autem
3414 2803 3478 2842 se
3510 2786 3689 2842 habet
3720 2804 3734 2843 :

2576 2874 2782 2926 PASSIO
2822 2888 2982 2928 nam:
3020 2874 3277 2929 ANDREIE
3312 2891 3596 2931 APOSTOLI.

2339 2961 2594 3015 Diacones
2625 2961 2980 3015 ecclesiarum
3010 2962 3215 3017 Acahie
3257 2965 3388 3035 (sic)
3429 2967 3754 3035 scripsimus
3785 2966 3900 3019 uni-

2262 3049 2436 3102 versis
2462 3050 2737 3115 Ecclesiis,
2769 3065 2891 3121 quae
2918 3053 3044 3105 sunt
3089 3053 3150 3106 in
3195 3053 3403 3108 oriente
3439 3057 3490 3108 et
3536 3053 3826 3120 occidente,
3853 3059 3898 3109 et

2262 3136 2494 3192 meridie
2521 3139 2570 3192 et
2606 3114 2971 3209 septentrione
3012 3142 3070 3194 in
3122 3139 3331 3196 Christi
3372 3143 3596 3199 nomine
3640 3114 3897 3199 constitu-
4004 3114 4005 3163 ξ

2263 3229 2331 3280 tm
2379 3242 2398 3280 :
2441 3231 2566 3281 Pax
2610 3228 2761 3282 vobis
2805 3232 2861 3282 et
2904 3230 3179 3285 universis
3224 3232 3324 3301 qui
3369 3230 3597 3287 credunt
3646 3234 3709 3287 in
3736 3249 3897 3287 unum

2264 3330 2388 3368 eum
2416 3315 2483 3385 (ῐ.
2518 3314 2705 3386 Deum)
2743 3324 2797 3371 et
2843 3317 2904 3371 in
2955 3318 3279 3374 Trinitatem
3321 3321 3675 3389 perfectam:
3718 3338 3896 3377 verum

2263 3406 2482 3458 Patrem
2537 3404 2859 3476 ingenitum,
2925 3414 2980 3460 et
3018 3422 3210 3462 verum
3274 3409 3478 3463 Filium
3534 3412 3895 3481 unigenitum.

2259 3494 2313 3547 et
2343 3508 2535 3547 verum
2578 3492 2849 3564 Spiritum
2892 3500 3172 3563 sanctum,
3211 3498 3591 3568 procedentem
3629 3514 3703 3555 ac
3750 3501 3897 3555 Patre

2260 3589 2313 3637 et
2343 3582 2528 3637 Filio:
2576 3586 2633 3637 et
2678 3582 2775 3638 hoc
2815 3599 2930 3639 esse
2975 3586 3323 3655 unigenitum
3370 3588 3594 3655 Filium,
3641 3589 3785 3659 quod
3828 3592 3894 3643 est

2259 3673 2314 3725 et
2343 3671 2437 3725 ille
2466 3673 2563 3742 qui
2598 3674 2811 3741 genuit.
2864 3677 3021 3729 Hanc
3062 3674 3221 3745 ﬁdem
3270 3675 3589 3741 didicimus,
3635 3683 3750 3734 etc.
3804 3676 3895 3735 Ubi

2260 3760 2595 3815 meminerit
2638 3760 2819 3817 lector
2881 3762 3092 3819 horum
3148 3765 3480 3831 verborum,
3528 3768 3893 3837 procedentem

2260 3865 2331 3904 ea:
2385 3850 2548 3904 Patre
2602 3854 2659 3905 et
2712 3851 2869 3921 Filio,
2927 3851 2999 3906 de
3056 3852 3272 3924 quibus
3322 3854 3567 3911 inferius
3615 3857 3892 3913 disseren-

2260 3938 2423 3993 dum.

2331 4025 2550 4082 Saeculo
2581 4031 2812 4098 postero
2840 4045 2933 4085 xv:
2965 4033 3253 4097 currente,
3282 4031 3551 4089 eamdem
3583 4033 3890 4106 Epistolam

2258 4114 2473 4169 iterum
2522 4115 2813 4187 evulgavit
2862 4117 3134 4189 Aloysius
3178 4118 3541 4191 Lipomanus
3595 4123 3893 4195 episcopus

2257 4204 2631 4275 Veronensis,
2658 4204 2718 4259 in
2749 4221 2921 4276 opere
2975 4208 3221 4262 Vitarum
3249 4219 3568 4266 sanctorum
3594 4216 3892 4283 priscorum

2261 4294 2545 4356 Patrum;
2575 4294 2674 4349 sed
2708 4292 2821 4349 alio
2862 4311 2895 4350 a
2928 4294 3336 4353 Mombritiano
3388 4299 3705 4372 exemplari
3743 4318 3890 4367 usus,

2257 4382 2329 4438 ad
2360 4382 2629 4455 Epistolis
2669 4382 2902 4440 initium
2947 4384 3158 4441 saltem
3202 4388 3359 4457 quod
3409 4389 3639 4445 attinet.
3691 4389 3893 4463 Estque

2255 4471 2598 4543 hujusmodi
2627 4473 2703 4545 (1)
2744 4488 2757 4528 :
2804 4475 3136 4531 Passionem
3175 4478 3356 4532 sancti
3399 4480 3636 4549 apostoli
3676 4480 3893 4535 Andre:

2254 4578 2421 4634 quam
2449 4562 2624 4617 oculis
2650 4565 2851 4618 nostris
2875 4563 3135 4631 vidimus,
3155 4580 3344 4620 omnes
3371 4566 3684 4638 presbyteri
3708 4574 3761 4623 et
3790 4570 3893 4624 dia-

2253 4667 2409 4706 cones
2435 4651 2807 4707 Ecclesiarum
2836 4652 3071 4723 Achaiae,
3101 4654 3395 4709 scribimus
3418 4656 3699 4711 universis
3728 4658 3889 4712 Eccle-

2251 4740 2350 4795 siis
2376 4756 2492 4810 qua
2525 4748 2653 4794 sunt
2681 4741 2741 4795 in
2769 4742 2974 4796 oriente
3002 4744 3055 4796 et
3083 4741 3379 4811 occidente,
3416 4751 3469 4799 et
3509 4746 3819 4802 meridiano
3845 4749 3889 4801 et

2250 4830 2635 4899 septentrione,
2660 4829 2719 4883 in
2743 4829 2954 4885 Christi
2971 4832 3199 4887 nomine
3230 4834 3583 4888 constitutis:
3606 4840 3735 4890 Pax
3756 4837 3889 4891 vobis

2252 4925 2306 4972 et
2351 4919 2623 4972 universis
2668 4919 2766 4989 qui
2810 4918 3038 4973 credunt
3084 4936 3261 4975 unum
3310 4922 3485 4975 Deum
3529 4924 3586 4976 in
3639 4924 3888 4979 Trinitate

2249 5008 2669 5077 per/eetum.....
2719 5022 2909 5061 verum
2956 5007 3226 5079 Spiritum
3276 5014 3547 5079 sanctum,
3601 5013 3887 5082 proceden-

2251 5102 2357 5149 tem
2385 5110 2455 5150 erc
2485 5096 2672 5166 Patre,
2722 5096 2778 5150 in
2831 5095 2966 5152 Filio
3010 5100 3443 5169 permanentem,
3487 5104 3547 5154 ut
3580 5102 3886 5158 ostendatur

2250 5200 2394 5239 unus
2426 5184 2662 5255 Spiritus
2690 5201 2804 5240 esse
2828 5186 2887 5239 in
2918 5186 3080 5241 Patre
3110 5194 3161 5241 et
3190 5186 3330 5242 Filio
3354 5202 3377 5250 ,'
3407 5196 3460 5243 et
3488 5188 3591 5243 hoc
3616 5205 3757 5260 esse,
3787 5196 3881 5247 etc.
3940 5218 3943 5257 ε

493 5280 811 5345 comparet.
852 5273 1337 5344 Quandoquidem
1370 5287 1503 5326 vero
1534 5271 1685 5325 inter
1714 5270 2019 5326 rarissima
2048 5287 2136 5325 re-
2168 5257 2211 5324 C
2250 5271 2460 5327 Omnia
2489 5289 2633 5343 pene
2664 5274 2735 5328 ad
2762 5273 2941 5329 Graeci
2973 5279 3281 5330 contextus
3311 5276 3622 5333 amussim.

491 5368 764 5420 censetur
808 5380 955 5435 opus
1004 5361 1317 5434 ejusmodi,
1363 5359 1593 5415 duobus
1644 5357 1835 5414 in-fol.
1884 5358 2136 5415 volumi-

559 5505 1037 5589 (t)_i.ipo_m.__l:i't.
1240 5507 1408 5589 tome
1433 5502 1523 5575 VI,
1559 5518 1708 5589 ‘pag.
1743 5502 1881 5589 197,.
1910 5518 1944 5558 a
1973 5506 2135 5589 tergo

488 5576 627 5634 edit.
652 5576 846 5635 Venet.
882 5581 1040 5647 1581,
1075 5577 1173 5635 fol.
1208 5594 1320 5649 qua
1354 5580 1502 5649 utor.
1552 5576 1756 5649 Primae
1788 5577 1985 5649 autem
2019 5576 2137 5649 edi-

486 5648 686 5733 tionis,
718 5667 897 5733 quam
928 5645 1105 5733 etiam
1136 5645 1255 5722 prtia
1270 5648 1557 5733 manibus
1580 5645 1786 5733 habeo,
1818 5646 1915 5733 sed
1960 5646 2135 5733 muti-

485 5718 627 5795 lam,
660 5717 921 5797 quiuque
951 5717 1155 5799 priora
1199 5719 1496 5781 volumina
1541 5717 1692 5779 in-l.
1741 5717 2008 5793 prodiere
2039 5718 2133 5777 iti-

2318 5362 2533 5418 Eodem
2555 5362 2767 5418 saeculo
2798 5378 2911 5433 xv1,
2946 5363 3296 5420 Laurentius
3329 5365 3539 5424 Surius
3568 5367 3885 5426 Carthusia-

2247 5504 2379 5560 dem
2411 5504 2667 5579 Venetiis
2698 5505 2770 5561 ad
2797 5505 3037 5579 signum
3086 5506 3209 5579 spei
3260 5523 3397 5564 ann.
3442 5508 3756 5568 1551-1556
3781 5509 3878 5568 tria

2245 5592 2377 5705 1:210
2420 5576 2749 5705 fgissstei'iscgba
2796 5576 2992 5635 Roma
3040 5576 3197 5651 apud
3250 5581 3574 5639 Antonium
3622 5583 3873 5651 Bladum,
