  <div class='ocr_page' id='page_1' title='image "/cluster/home/n/w/nwhite01/storage/ocr_20150623/2/hvd.32044073501421/612.png"; bbox 0 0 4046 6350; ppageno 0'>
   <div class='ocr_carea' id='block_1_1' title="bbox 203 445 342 507">
    <p class='ocr_par' dir='ltr' id='par_1_1' title="bbox 203 445 342 507">
     <span class='ocr_line' id='line_1_1' title="bbox 203 445 342 507; baseline 0.014 -2"><span class='ocrx_word' id='word_1_1' title='bbox 203 445 342 507; x_wconf 71' lang='grc'><strong>1201</strong></span> 
     </span>
    </p>
   </div>
   <div class='ocr_carea' id='block_1_2' title="bbox 861 447 2929 516">
    <p class='ocr_par' dir='ltr' id='par_1_2' title="bbox 861 447 2929 516">
     <span class='ocr_line' id='line_1_2' title="bbox 861 447 2929 516; baseline 0.004 -8"><span class='ocrx_word' id='word_1_2' title='bbox 861 447 1244 511; x_wconf 78' lang='lat' dir='ltr'><strong>EPISTULA</strong></span> <span class='ocrx_word' id='word_1_3' title='bbox 1287 450 1388 510; x_wconf 80' lang='lat' dir='ltr'><strong>DE</strong></span> <span class='ocrx_word' id='word_1_4' title='bbox 1434 450 1846 512; x_wconf 76' lang='lat' dir='ltr'><strong>MARTYBIO</strong></span> <span class='ocrx_word' id='word_1_5' title='bbox 1893 451 1957 512; x_wconf 93' lang='lat' dir='ltr'><strong>S.</strong></span> <span class='ocrx_word' id='word_1_6' title='bbox 2005 451 2374 511; x_wconf 77' lang='lat' dir='ltr'><strong>ANDRE/E.</strong></span> <span class='ocrx_word' id='word_1_7' title='bbox 2411 483 2486 496; x_wconf 90' lang='lat'><strong>——</strong></span> <span class='ocrx_word' id='word_1_8' title='bbox 2517 452 2929 516; x_wconf 80' lang='lat' dir='ltr'><strong>PROOEMIA.</strong></span> 
     </span>
    </p>
   </div>
   <div class='ocr_carea' id='block_1_3' title="bbox 3443 457 3598 523">
    <p class='ocr_par' dir='ltr' id='par_1_3' title="bbox 3443 457 3598 523">
     <span class='ocr_line' id='line_1_3' title="bbox 3443 457 3598 523; baseline 0.039 -6"><span class='ocrx_word' id='word_1_9' title='bbox 3443 457 3598 523; x_wconf 72' lang='grc'><strong>1202</strong></span> 
     </span>
    </p>
   </div>
   <div class='ocr_carea' id='block_1_4' title="bbox 199 579 3600 662">
    <p class='ocr_par' dir='ltr' id='par_1_4' title="bbox 199 579 3600 662">
     <span class='ocr_line' id='line_1_4' title="bbox 199 579 3600 662; baseline 0.004 -27"><span class='ocrx_word' id='word_1_10' title='bbox 199 595 324 646; x_wconf 90' lang='lat' dir='ltr'><strong>nus,</strong></span> <span class='ocrx_word' id='word_1_11' title='bbox 357 579 416 634; x_wconf 91' lang='lat' dir='ltr'><strong>in</strong></span> <span class='ocrx_word' id='word_1_12' title='bbox 447 579 572 635; x_wconf 96' lang='lat' dir='ltr'><strong>suis</strong></span> <span class='ocrx_word' id='word_1_13' title='bbox 616 579 871 637; x_wconf 82' lang='lat' dir='ltr'><strong>collectis</strong></span> <span class='ocrx_word' id='word_1_14' title='bbox 915 581 1175 654; x_wconf 87' lang='lat' dir='ltr'>undique</span> <span class='ocrx_word' id='word_1_15' title='bbox 1201 591 1313 638; x_wconf 78' lang='lat' dir='ltr'><strong>tam</strong></span> <span class='ocrx_word' id='word_1_16' title='bbox 1362 600 1431 639; x_wconf 75' lang='lat' dir='ltr'><strong>ex</strong></span> <span class='ocrx_word' id='word_1_17' title='bbox 1473 599 1600 638; x_wconf 89' lang='lat' dir='ltr'><strong>mss.</strong></span> <span class='ocrx_word' id='word_1_18' title='bbox 1633 583 1832 639; x_wconf 86' lang='lat' dir='ltr'><strong>eodici-</strong></span> <span class='ocrx_word' id='word_1_19' title='bbox 1861 585 1916 651; x_wconf 87' lang='grc' dir='ltr'><strong>Α</strong></span> <span class='ocrx_word' id='word_1_20' title='bbox 1946 583 2157 640; x_wconf 74' lang='lat' dir='ltr'><strong>Graecis</strong></span> <span class='ocrx_word' id='word_1_21' title='bbox 2188 584 2450 656; x_wconf 83' lang='lat' dir='ltr'><strong>pressius</strong></span> <span class='ocrx_word' id='word_1_22' title='bbox 2478 583 2758 641; x_wconf 63' lang='lat' dir='ltr'><strong>inhaerere</strong></span> <span class='ocrx_word' id='word_1_23' title='bbox 2798 588 3180 660; x_wconf 89' lang='lat' dir='ltr'><strong>comperitur.</strong></span> <span class='ocrx_word' id='word_1_24' title='bbox 3225 589 3443 662; x_wconf 89' lang='lat' dir='ltr'><strong>Nuperi</strong></span> <span class='ocrx_word' id='word_1_25' title='bbox 3483 591 3600 649; x_wconf 83' lang='lat' dir='ltr'><strong>edi-</strong></span> 
     </span>
    </p>
   </div>
   <div class='ocr_carea' id='block_1_5' title="bbox 200 668 1836 743">
    <p class='ocr_par' dir='ltr' id='par_1_5' title="bbox 200 668 1836 743">
     <span class='ocr_line' id='line_1_5' title="bbox 200 668 1836 743; baseline 0.003 -21"><span class='ocrx_word' id='word_1_26' title='bbox 200 668 292 722; x_wconf 86' lang='lat' dir='ltr'><strong>bus</strong></span> <span class='ocrx_word' id='word_1_27' title='bbox 338 684 505 739; x_wconf 85' lang='lat' dir='ltr'><strong>quam</strong></span> <span class='ocrx_word' id='word_1_28' title='bbox 537 685 606 724; x_wconf 76' lang='lat' dir='ltr'><strong>ex</strong></span> <span class='ocrx_word' id='word_1_29' title='bbox 646 669 806 724; x_wconf 80' lang='lat' dir='ltr'><strong>editis</strong></span> <span class='ocrx_word' id='word_1_30' title='bbox 853 673 1186 741; x_wconf 77' lang='lat' dir='ltr'><strong>auctoribus,</strong></span> <span class='ocrx_word' id='word_1_31' title='bbox 1232 671 1477 743; x_wconf 89' lang='lat' dir='ltr'><strong>probatis</strong></span> <span class='ocrx_word' id='word_1_32' title='bbox 1524 677 1836 728; x_wconf 84' lang='lat' dir='ltr'><strong>sanctorum</strong></span> 
     </span>
    </p>
   </div>
   <div class='ocr_carea' id='block_1_6' title="bbox 203 756 1833 833">
    <p class='ocr_par' dir='ltr' id='par_1_6' title="bbox 203 756 1833 833">
     <span class='ocr_line' id='line_1_6' title="bbox 203 756 1833 833; baseline 0.003 -23"><span class='ocrx_word' id='word_1_33' title='bbox 203 756 346 824; x_wconf 80' lang='lat' dir='ltr'><strong>Vitis,</strong></span> <span class='ocrx_word' id='word_1_34' title='bbox 381 761 445 811; x_wconf 93' lang='lat' dir='ltr'><strong>ut</strong></span> <span class='ocrx_word' id='word_1_35' title='bbox 501 758 612 811; x_wconf 86' lang='lat' dir='ltr'><strong>fert</strong></span> <span class='ocrx_word' id='word_1_36' title='bbox 665 758 856 829; x_wconf 90' lang='lat' dir='ltr'><strong>operis</strong></span> <span class='ocrx_word' id='word_1_37' title='bbox 915 759 1243 831; x_wconf 80' lang='lat' dir='ltr'><strong>inscriptio,</strong></span> <span class='ocrx_word' id='word_1_38' title='bbox 1304 765 1477 832; x_wconf 90' lang='lat' dir='ltr'><strong>atque</strong></span> <span class='ocrx_word' id='word_1_39' title='bbox 1536 778 1638 833; x_wconf 89' lang='lat' dir='ltr'><strong>per</strong></span> <span class='ocrx_word' id='word_1_40' title='bbox 1695 761 1833 816; x_wconf 90' lang='lat' dir='ltr'><strong>anni</strong></span> 
     </span>
    </p>
   </div>
   <div class='ocr_carea' id='block_1_7' title="bbox 197 844 1833 919">
    <p class='ocr_par' dir='ltr' id='par_1_7' title="bbox 197 844 1833 919">
     <span class='ocr_line' id='line_1_7' title="bbox 197 844 1833 919; baseline 0.004 -20"><span class='ocrx_word' id='word_1_41' title='bbox 197 844 399 900; x_wconf 89' lang='lat' dir='ltr'><strong>seriem</strong></span> <span class='ocrx_word' id='word_1_42' title='bbox 440 845 705 917; x_wconf 87' lang='lat' dir='ltr'><strong>digestis,</strong></span> <span class='ocrx_word' id='word_1_43' title='bbox 739 846 1052 902; x_wconf 88' lang='lat' dir='ltr'><strong>editionem</strong></span> <span class='ocrx_word' id='word_1_44' title='bbox 1084 848 1563 919; x_wconf 89' lang='lat' dir='ltr'><strong>Lipomanianam</strong></span> <span class='ocrx_word' id='word_1_45' title='bbox 1596 854 1833 906; x_wconf 89' lang='lat' dir='ltr'><strong>secutus</strong></span> 
     </span>
    </p>
   </div>
   <div class='ocr_carea' id='block_1_8' title="bbox 198 935 1833 1010">
    <p class='ocr_par' dir='ltr' id='par_1_8' title="bbox 198 935 1833 1010">
     <span class='ocr_line' id='line_1_8' title="bbox 198 935 1833 1010; baseline 0.004 -23"><span class='ocrx_word' id='word_1_46' title='bbox 198 939 279 988; x_wconf 78' lang='lat' dir='ltr'><strong>est</strong></span> <span class='ocrx_word' id='word_1_47' title='bbox 308 935 405 1004; x_wconf 85' lang='lat'>(2).</span> <span class='ocrx_word' id='word_1_48' title='bbox 439 935 718 990; x_wconf 89' lang='lat' dir='ltr'><strong>Eamdem</strong></span> <span class='ocrx_word' id='word_1_49' title='bbox 757 952 988 1008; x_wconf 90' lang='lat' dir='ltr'><strong>quoque</strong></span> <span class='ocrx_word' id='word_1_50' title='bbox 1018 937 1171 1008; x_wconf 84' lang='lat' dir='ltr'><strong>typis</strong></span> <span class='ocrx_word' id='word_1_51' title='bbox 1214 937 1488 1010; x_wconf 81' lang='lat' dir='ltr'><strong>deinceps</strong></span> <span class='ocrx_word' id='word_1_52' title='bbox 1521 939 1833 1010; x_wconf 89' lang='lat' dir='ltr'><strong>consigna-</strong></span> 
     </span>
    </p>
   </div>
   <div class='ocr_carea' id='block_1_9' title="bbox 196 1023 1833 1096">
    <p class='ocr_par' dir='ltr' id='par_1_9' title="bbox 196 1023 1833 1096">
     <span class='ocr_line' id='line_1_9' title="bbox 196 1023 1833 1096; baseline 0.003 -18"><span class='ocrx_word' id='word_1_53' title='bbox 196 1023 270 1078; x_wconf 89' lang='lat' dir='ltr'><strong>vit</strong></span> <span class='ocrx_word' id='word_1_54' title='bbox 297 1027 427 1094; x_wconf 89' lang='lat' dir='ltr'><strong>post</strong></span> <span class='ocrx_word' id='word_1_55' title='bbox 468 1024 726 1078; x_wconf 90' lang='lat' dir='ltr'><strong>medium</strong></span> <span class='ocrx_word' id='word_1_56' title='bbox 772 1025 1132 1096; x_wconf 87' lang='lat' dir='ltr'><strong>insequentis</strong></span> <span class='ocrx_word' id='word_1_57' title='bbox 1173 1027 1366 1082; x_wconf 67' lang='lat' dir='ltr'><strong>smculi</strong></span> <span class='ocrx_word' id='word_1_58' title='bbox 1396 1045 1531 1093; x_wconf 84' lang='lat' dir='ltr'><strong>xvu,</strong></span> <span class='ocrx_word' id='word_1_59' title='bbox 1573 1029 1833 1084; x_wconf 80' lang='lat' dir='ltr'><strong>Andreas</strong></span> 
     </span>
    </p>
   </div>
   <div class='ocr_carea' id='block_1_10' title="bbox 195 1113 1831 1187">
    <p class='ocr_par' dir='ltr' id='par_1_10' title="bbox 195 1113 1831 1187">
     <span class='ocr_line' id='line_1_10' title="bbox 195 1113 1831 1187; baseline 0.002 -20"><span class='ocrx_word' id='word_1_60' title='bbox 195 1113 266 1167; x_wconf 92' lang='lat' dir='ltr'><strong>du</strong></span> <span class='ocrx_word' id='word_1_61' title='bbox 310 1113 564 1184; x_wconf 81' lang='lat' dir='ltr'><strong>Saussay</strong></span> <span class='ocrx_word' id='word_1_62' title='bbox 617 1113 923 1185; x_wconf 91' lang='lat' dir='ltr'><strong>episcopus</strong></span> <span class='ocrx_word' id='word_1_63' title='bbox 977 1114 1292 1182; x_wconf 89' lang='lat' dir='ltr'><strong>Tullensis,</strong></span> <span class='ocrx_word' id='word_1_64' title='bbox 1342 1116 1401 1170; x_wconf 91' lang='lat' dir='ltr'><strong>in</strong></span> <span class='ocrx_word' id='word_1_65' title='bbox 1454 1133 1624 1187; x_wconf 90' lang='lat' dir='ltr'><strong>opere</strong></span> <span class='ocrx_word' id='word_1_66' title='bbox 1674 1116 1831 1171; x_wconf 85' lang='lat' dir='ltr'>haud</span> 
     </span>
    </p>
   </div>
   <div class='ocr_carea' id='block_1_11' title="bbox 194 1200 1833 1275">
    <p class='ocr_par' dir='ltr' id='par_1_11' title="bbox 194 1200 1833 1275">
     <span class='ocr_line' id='line_1_11' title="bbox 194 1200 1833 1275; baseline 0.002 -19"><span class='ocrx_word' id='word_1_67' title='bbox 194 1200 349 1256; x_wconf 88' lang='lat' dir='ltr'><strong>obvio</strong></span> <span class='ocrx_word' id='word_1_68' title='bbox 379 1201 462 1256; x_wconf 88' lang='lat' dir='ltr'><strong>ita</strong></span> <span class='ocrx_word' id='word_1_69' title='bbox 492 1201 809 1274; x_wconf 91' lang='lat' dir='ltr'><strong>inscripto:</strong></span> <span class='ocrx_word' id='word_1_70' title='bbox 862 1202 1103 1258; x_wconf 84' lang='lat' dir='ltr'><strong>Andreas</strong></span> <span class='ocrx_word' id='word_1_71' title='bbox 1144 1206 1322 1275; x_wconf 77' lang='lat' dir='ltr'><strong>frater</strong></span> <span class='ocrx_word' id='word_1_72' title='bbox 1350 1205 1589 1260; x_wconf 75' lang='lat' dir='ltr'><strong>Simonis</strong></span> <span class='ocrx_word' id='word_1_73' title='bbox 1640 1207 1794 1261; x_wconf 84' lang='lat' dir='ltr'><strong>Petri</strong></span> <span class='ocrx_word' id='word_1_74' title='bbox 1809 1221 1833 1269; x_wconf 74' lang='grc' dir='ltr'><strong><em>,ο</em></strong></span> 
     </span>
    </p>
   </div>
   <div class='ocr_carea' id='block_1_12' title="bbox 191 1290 1828 1366">
    <p class='ocr_par' dir='ltr' id='par_1_12' title="bbox 191 1290 1828 1366">
     <span class='ocr_line' id='line_1_12' title="bbox 191 1290 1828 1366; baseline 0.004 -23"><span class='ocrx_word' id='word_1_75' title='bbox 191 1306 282 1344; x_wconf 81' lang='lat' dir='ltr'><strong>seu</strong></span> <span class='ocrx_word' id='word_1_76' title='bbox 330 1290 405 1344; x_wconf 81' lang='lat' dir='ltr'><strong>De</strong></span> <span class='ocrx_word' id='word_1_77' title='bbox 460 1290 640 1361; x_wconf 78' lang='lat' dir='ltr'><strong>gloria</strong></span> <span class='ocrx_word' id='word_1_78' title='bbox 696 1291 752 1345; x_wconf 91' lang='grc'><em>8.</em></span> <span class='ocrx_word' id='word_1_79' title='bbox 814 1291 1058 1348; x_wconf 71' lang='lat' dir='ltr'><strong>Andreae</strong></span> <span class='ocrx_word' id='word_1_80' title='bbox 1114 1294 1350 1363; x_wconf 77' lang='lat' dir='ltr'><strong>apostoli</strong></span> <span class='ocrx_word' id='word_1_81' title='bbox 1407 1294 1541 1349; x_wconf 82' lang='lat' dir='ltr'><strong>libri</strong></span> <span class='ocrx_word' id='word_1_82' title='bbox 1593 1309 1672 1349; x_wconf 82' lang='lat' dir='ltr'><strong>xu</strong></span> <span class='ocrx_word' id='word_1_83' title='bbox 1731 1295 1828 1366; x_wconf 92' lang='lat'><strong>(3).</strong></span> 
     </span>
    </p>
   </div>
   <div class='ocr_carea' id='block_1_13' title="bbox 194 1378 1833 1454">
    <p class='ocr_par' dir='ltr' id='par_1_13' title="bbox 194 1378 1833 1454">
     <span class='ocr_line' id='line_1_13' title="bbox 194 1378 1833 1454; baseline 0.002 -20"><span class='ocrx_word' id='word_1_84' title='bbox 194 1378 380 1450; x_wconf 88' lang='lat' dir='ltr'><strong>Neque</strong></span> <span class='ocrx_word' id='word_1_85' title='bbox 413 1382 640 1434; x_wconf 87' lang='lat' dir='ltr'><strong>tantum</strong></span> <span class='ocrx_word' id='word_1_86' title='bbox 669 1379 987 1451; x_wconf 87' lang='lat' dir='ltr'><strong>Epistolam</strong></span> <span class='ocrx_word' id='word_1_87' title='bbox 1011 1385 1271 1436; x_wconf 90' lang='lat' dir='ltr'><strong>nostram</strong></span> <span class='ocrx_word' id='word_1_88' title='bbox 1294 1382 1556 1437; x_wconf 83' lang='lat' dir='ltr'><strong>exhibuit</strong></span> <span class='ocrx_word' id='word_1_89' title='bbox 1583 1383 1833 1454; x_wconf 82' lang='lat' dir='ltr'><strong>scriptor</strong></span> 
     </span>
    </p>
   </div>
   <div class='ocr_carea' id='block_1_14' title="bbox 195 1467 1829 1540">
    <p class='ocr_par' dir='ltr' id='par_1_14' title="bbox 195 1467 1829 1540">
     <span class='ocr_line' id='line_1_14' title="bbox 195 1467 1829 1540; baseline 0.002 -17"><span class='ocrx_word' id='word_1_90' title='bbox 195 1467 406 1537; x_wconf 84' lang='lat' dir='ltr'><strong>Gallus,</strong></span> <span class='ocrx_word' id='word_1_91' title='bbox 437 1472 503 1523; x_wconf 90' lang='lat' dir='ltr'><strong>ut</strong></span> <span class='ocrx_word' id='word_1_92' title='bbox 549 1467 757 1540; x_wconf 86' lang='lat' dir='ltr'><strong>reliqui</strong></span> <span class='ocrx_word' id='word_1_93' title='bbox 808 1471 1197 1540; x_wconf 72' lang='lat' dir='ltr'><strong>praecedentes</strong></span> <span class='ocrx_word' id='word_1_94' title='bbox 1246 1471 1517 1538; x_wconf 88' lang='lat' dir='ltr'><strong>editores,</strong></span> <span class='ocrx_word' id='word_1_95' title='bbox 1569 1473 1669 1527; x_wconf 89' lang='lat' dir='ltr'><strong>sed</strong></span> <span class='ocrx_word' id='word_1_96' title='bbox 1701 1488 1829 1528; x_wconf 90' lang='lat' dir='ltr'><strong>eam</strong></span> 
     </span>
    </p>
   </div>
   <div class='ocr_carea' id='block_1_15' title="bbox 194 1556 1829 1632">
    <p class='ocr_par' dir='ltr' id='par_1_15' title="bbox 194 1556 1829 1632">
     <span class='ocr_line' id='line_1_15' title="bbox 194 1556 1829 1632; baseline 0.004 -22"><span class='ocrx_word' id='word_1_97' title='bbox 194 1556 428 1627; x_wconf 88' lang='lat' dir='ltr'><strong>insuper</strong></span> <span class='ocrx_word' id='word_1_98' title='bbox 457 1579 484 1606; x_wconf 90' lang='lat'><strong>«</strong></span> <span class='ocrx_word' id='word_1_99' title='bbox 508 1561 626 1612; x_wconf 91' lang='lat' dir='ltr'><strong>tam</strong></span> <span class='ocrx_word' id='word_1_100' title='bbox 651 1563 914 1629; x_wconf 90' lang='lat' dir='ltr'><strong>patenter</strong></span> <span class='ocrx_word' id='word_1_101' title='bbox 944 1563 1223 1616; x_wconf 86' lang='lat' dir='ltr'><strong>assertam</strong></span> <span class='ocrx_word' id='word_1_102' title='bbox 1249 1560 1428 1631; x_wconf 83' lang='lat' dir='ltr'><strong>dedit,</strong></span> <span class='ocrx_word' id='word_1_103' title='bbox 1454 1578 1630 1632; x_wconf 92' lang='lat' dir='ltr'><strong>quam</strong></span> <span class='ocrx_word' id='word_1_104' title='bbox 1662 1578 1829 1616; x_wconf 86' lang='lat' dir='ltr'><strong>accu-</strong></span> 
     </span>
    </p>
   </div>
   <div class='ocr_carea' id='block_1_16' title="bbox 197 1645 1828 1721">
    <p class='ocr_par' dir='ltr' id='par_1_16' title="bbox 197 1645 1828 1721">
     <span class='ocr_line' id='line_1_16' title="bbox 197 1645 1828 1721; baseline 0.003 -22"><span class='ocrx_word' id='word_1_105' title='bbox 197 1648 310 1700; x_wconf 86' lang='lat' dir='ltr'><strong>rate</strong></span> <span class='ocrx_word' id='word_1_106' title='bbox 337 1645 691 1701; x_wconf 89' lang='lat' dir='ltr'><strong>vindicatam</strong></span> <span class='ocrx_word' id='word_1_107' title='bbox 738 1648 1018 1703; x_wconf 88' lang='lat' dir='ltr'><strong>adversus</strong></span> <span class='ocrx_word' id='word_1_108' title='bbox 1047 1649 1238 1704; x_wconf 83' lang='lat' dir='ltr'><strong>varias</strong></span> <span class='ocrx_word' id='word_1_109' title='bbox 1282 1654 1622 1705; x_wconf 88' lang='lat' dir='ltr'><strong>novatorum</strong></span> <span class='ocrx_word' id='word_1_110' title='bbox 1656 1667 1828 1721; x_wconf 90' lang='lat' dir='ltr'><strong>argu-</strong></span> 
     </span>
    </p>
   </div>
   <div class='ocr_carea' id='block_1_17' title="bbox 196 1734 1828 1807">
    <p class='ocr_par' dir='ltr' id='par_1_17' title="bbox 196 1734 1828 1807">
     <span class='ocr_line' id='line_1_17' title="bbox 196 1734 1828 1807; baseline 0.003 -18"><span class='ocrx_word' id='word_1_111' title='bbox 196 1734 468 1802; x_wconf 86' lang='lat' dir='ltr'><strong>tationes;</strong></span> <span class='ocrx_word' id='word_1_112' title='bbox 503 1752 649 1807; x_wconf 90' lang='lat' dir='ltr'><strong>quas</strong></span> <span class='ocrx_word' id='word_1_113' title='bbox 672 1737 962 1807; x_wconf 87' lang='lat' dir='ltr'><strong>congessit</strong></span> <span class='ocrx_word' id='word_1_114' title='bbox 984 1741 1039 1791; x_wconf 88' lang='lat' dir='ltr'><strong>et</strong></span> <span class='ocrx_word' id='word_1_115' title='bbox 1060 1739 1218 1792; x_wconf 84' lang='lat' dir='ltr'><strong>auxit</strong></span> <span class='ocrx_word' id='word_1_116' title='bbox 1244 1739 1586 1794; x_wconf 88' lang='lat' dir='ltr'><strong>Edmundus</strong></span> <span class='ocrx_word' id='word_1_117' title='bbox 1607 1740 1828 1794; x_wconf 85' lang='lat' dir='ltr'><strong>Auber-</strong></span> 
     </span>
    </p>
   </div>
   <div class='ocr_carea' id='block_1_18' title="bbox 195 1822 1827 1896">
    <p class='ocr_par' dir='ltr' id='par_1_18' title="bbox 195 1822 1827 1896">
     <span class='ocr_line' id='line_1_18' title="bbox 195 1822 1827 1896; baseline 0.004 -20"><span class='ocrx_word' id='word_1_118' title='bbox 195 1822 345 1876; x_wconf 90' lang='lat' dir='ltr'><strong>tinus</strong></span> <span class='ocrx_word' id='word_1_119' title='bbox 377 1823 436 1876; x_wconf 91' lang='lat' dir='ltr'><strong>in</strong></span> <span class='ocrx_word' id='word_1_120' title='bbox 470 1823 618 1878; x_wconf 89' lang='lat' dir='ltr'><strong>libro</strong></span> <span class='ocrx_word' id='word_1_121' title='bbox 649 1825 886 1880; x_wconf 65' lang='lat' dir='ltr'><strong>Genevas</strong></span> <span class='ocrx_word' id='word_1_122' title='bbox 919 1843 1071 1880; x_wconf 89' lang='lat' dir='ltr'><strong>anno</strong></span> <span class='ocrx_word' id='word_1_123' title='bbox 1106 1827 1262 1894; x_wconf 87' lang='grc'><strong>1633,</strong></span> <span class='ocrx_word' id='word_1_124' title='bbox 1287 1828 1505 1883; x_wconf 83' lang='lat' dir='ltr'><strong>Gallice</strong></span> <span class='ocrx_word' id='word_1_125' title='bbox 1536 1829 1709 1896; x_wconf 91' lang='lat' dir='ltr'><strong>edito,</strong></span> <span class='ocrx_word' id='word_1_126' title='bbox 1734 1828 1827 1882; x_wconf 92' lang='lat' dir='ltr'><strong>cui</strong></span> 
     </span>
    </p>
   </div>
   <div class='ocr_carea' id='block_1_19' title="bbox 193 1911 1825 1973">
    <p class='ocr_par' dir='ltr' id='par_1_19' title="bbox 193 1911 1825 1973">
     <span class='ocr_line' id='line_1_19' title="bbox 193 1911 1825 1973; baseline 0.006 -9"><span class='ocrx_word' id='word_1_127' title='bbox 193 1911 390 1966; x_wconf 86' lang='lat' dir='ltr'><strong>titulus</strong></span> <span class='ocrx_word' id='word_1_128' title='bbox 440 1916 564 1967; x_wconf 90' lang='lat' dir='ltr'><strong>est:</strong></span> <span class='ocrx_word' id='word_1_129' title='bbox 619 1913 965 1970; x_wconf 81' lang='lat' dir='ltr'><strong>Eucharistza</strong></span> <span class='ocrx_word' id='word_1_130' title='bbox 1012 1918 1208 1971; x_wconf 80' lang='lat' dir='ltr'><strong>veteris</strong></span> <span class='ocrx_word' id='word_1_131' title='bbox 1254 1917 1582 1972; x_wconf 77' lang='lat' dir='ltr'><strong>Ecclesiae.»</strong></span> <span class='ocrx_word' id='word_1_132' title='bbox 1630 1918 1722 1972; x_wconf 89' lang='lat' dir='ltr'><strong>Sic</strong></span> <span class='ocrx_word' id='word_1_133' title='bbox 1765 1917 1825 1973; x_wconf 90' lang='lat' dir='ltr'><strong>in</strong></span> 
     </span>
    </p>
   </div>
   <div class='ocr_carea' id='block_1_20' title="bbox 191 1999 838 2073">
    <p class='ocr_par' dir='ltr' id='par_1_20' title="bbox 191 1999 838 2073">
     <span class='ocr_line' id='line_1_20' title="bbox 191 1999 838 2073; baseline 0.006 -19"><span class='ocrx_word' id='word_1_134' title='bbox 191 1999 368 2056; x_wconf 83' lang='lat' dir='ltr'><strong>fronte</strong></span> <span class='ocrx_word' id='word_1_135' title='bbox 395 2001 589 2073; x_wconf 81' lang='lat' dir='ltr'><strong>aperis</strong></span> <span class='ocrx_word' id='word_1_136' title='bbox 618 2007 838 2058; x_wconf 84' lang='lat' dir='ltr'><strong>auctor.</strong></span> 
     </span>
    </p>
   </div>
   <div class='ocr_carea' id='block_1_21' title="bbox 254 2091 1824 2164">
    <p class='ocr_par' dir='ltr' id='par_1_21' title="bbox 254 2091 1824 2164">
     <span class='ocr_line' id='line_1_21' title="bbox 254 2091 1824 2164; baseline 0.004 -21"><span class='ocrx_word' id='word_1_137' title='bbox 254 2093 394 2144; x_wconf 90' lang='lat' dir='ltr'><strong>Tum</strong></span> <span class='ocrx_word' id='word_1_138' title='bbox 432 2107 560 2146; x_wconf 90' lang='lat' dir='ltr'><strong>vero</strong></span> <span class='ocrx_word' id='word_1_139' title='bbox 601 2091 796 2147; x_wconf 60' lang='lat' dir='ltr'><strong>seculi</strong></span> <span class='ocrx_word' id='word_1_140' title='bbox 847 2093 1136 2150; x_wconf 86' lang='lat' dir='ltr'><strong>currentis</strong></span> <span class='ocrx_word' id='word_1_141' title='bbox 1167 2111 1319 2150; x_wconf 91' lang='lat' dir='ltr'><strong>anno</strong></span> <span class='ocrx_word' id='word_1_142' title='bbox 1351 2095 1508 2164; x_wconf 77' lang='grc'><strong>1731,</strong></span> <span class='ocrx_word' id='word_1_143' title='bbox 1560 2096 1824 2150; x_wconf 86' lang='lat' dir='ltr'><strong>eamdem</strong></span> 
     </span>
    </p>
   </div>
   <div class='ocr_carea' id='block_1_22' title="bbox 190 2177 1827 2250">
    <p class='ocr_par' dir='ltr' id='par_1_22' title="bbox 190 2177 1827 2250">
     <span class='ocr_line' id='line_1_22' title="bbox 190 2177 1827 2250; baseline 0.004 -18"><span class='ocrx_word' id='word_1_144' title='bbox 190 2177 507 2250; x_wconf 84' lang='lat' dir='ltr'><strong>Epistolam</strong></span> <span class='ocrx_word' id='word_1_145' title='bbox 551 2179 745 2235; x_wconf 63' lang='lat' dir='ltr'><strong>Roma</strong></span> <span class='ocrx_word' id='word_1_146' title='bbox 794 2182 1184 2237; x_wconf 89' lang='lat' dir='ltr'><strong>recudendam</strong></span> <span class='ocrx_word' id='word_1_147' title='bbox 1238 2183 1459 2238; x_wconf 89' lang='lat' dir='ltr'><strong>curavit</strong></span> <span class='ocrx_word' id='word_1_148' title='bbox 1504 2183 1827 2239; x_wconf 89' lang='lat' dir='ltr'><strong>Ludovicus</strong></span> 
     </span>
    </p>
   </div>
   <div class='ocr_carea' id='block_1_23' title="bbox 190 2268 1829 2342">
    <p class='ocr_par' dir='ltr' id='par_1_23' title="bbox 190 2268 1829 2342">
     <span class='ocr_line' id='line_1_23' title="bbox 190 2268 1829 2342; baseline 0.004 -21"><span class='ocrx_word' id='word_1_149' title='bbox 190 2268 466 2322; x_wconf 84' lang='lat' dir='ltr'><strong>Andruzzi</strong></span> <span class='ocrx_word' id='word_1_150' title='bbox 500 2268 861 2324; x_wconf 89' lang='lat' dir='ltr'><strong>Santandrea</strong></span> <span class='ocrx_word' id='word_1_151' title='bbox 889 2270 997 2342; x_wconf 69' lang='lat'>(4);</span> <span class='ocrx_word' id='word_1_152' title='bbox 1049 2271 1144 2342; x_wconf 88' lang='lat' dir='ltr'><strong>qui</strong></span> <span class='ocrx_word' id='word_1_153' title='bbox 1182 2271 1596 2342; x_wconf 88' lang='lat' dir='ltr'><strong>Lipomaniano</strong></span> <span class='ocrx_word' id='word_1_154' title='bbox 1636 2289 1829 2327; x_wconf 85' lang='lat' dir='ltr'><strong>exem-</strong></span> 
     </span>
    </p>
   </div>
   <div class='ocr_carea' id='block_1_24' title="bbox 192 2355 1826 2428">
    <p class='ocr_par' dir='ltr' id='par_1_24' title="bbox 192 2355 1826 2428">
     <span class='ocr_line' id='line_1_24' title="bbox 192 2355 1826 2428; baseline 0.005 -20"><span class='ocrx_word' id='word_1_155' title='bbox 192 2355 329 2427; x_wconf 83' lang='lat' dir='ltr'><strong>plari</strong></span> <span class='ocrx_word' id='word_1_156' title='bbox 364 2358 676 2428; x_wconf 73' lang='lat' dir='ltr'><strong>praeterito,</strong></span> <span class='ocrx_word' id='word_1_157' title='bbox 711 2357 1191 2414; x_wconf 88' lang='lat' dir='ltr'><strong>Mombritianum</strong></span> <span class='ocrx_word' id='word_1_158' title='bbox 1224 2360 1550 2416; x_wconf 90' lang='lat' dir='ltr'><strong>describere</strong></span> <span class='ocrx_word' id='word_1_159' title='bbox 1581 2361 1826 2416; x_wconf 90' lang='lat' dir='ltr'><strong>maluit:</strong></span> 
     </span>
    </p>
   </div>
   <div class='ocr_carea' id='block_1_25' title="bbox 193 2445 1828 2522">
    <p class='ocr_par' dir='ltr' id='par_1_25' title="bbox 193 2445 1828 2522">
     <span class='ocr_line' id='line_1_25' title="bbox 193 2445 1828 2522; baseline 0.004 -24"><span class='ocrx_word' id='word_1_160' title='bbox 193 2445 323 2516; x_wconf 88' lang='lat' dir='ltr'><strong>quin</strong></span> <span class='ocrx_word' id='word_1_161' title='bbox 356 2451 417 2500; x_wconf 89' lang='lat' dir='ltr'><strong>et</strong></span> <span class='ocrx_word' id='word_1_162' title='bbox 443 2447 797 2517; x_wconf 85' lang='lat' dir='ltr'><strong>Saussayum</strong></span> <span class='ocrx_word' id='word_1_163' title='bbox 846 2447 1193 2520; x_wconf 89' lang='lat' dir='ltr'><strong>plerumque</strong></span> <span class='ocrx_word' id='word_1_164' title='bbox 1239 2453 1584 2519; x_wconf 90' lang='lat' dir='ltr'><strong>assectatus,</strong></span> <span class='ocrx_word' id='word_1_165' title='bbox 1639 2473 1660 2499; x_wconf 76' lang='grc' dir='ltr'>ι</span> <span class='ocrx_word' id='word_1_166' title='bbox 1694 2451 1828 2522; x_wconf 83' lang='grc' dir='ltr'><strong>Ερὶ-</strong></span> 
     </span>
    </p>
   </div>
   <div class='ocr_carea' id='block_1_26' title="bbox 196 2533 1832 2611">
    <p class='ocr_par' dir='ltr' id='par_1_26' title="bbox 196 2533 1832 2611">
     <span class='ocr_line' id='line_1_26' title="bbox 196 2533 1832 2611; baseline 0.004 -24"><span class='ocrx_word' id='word_1_167' title='bbox 196 2533 344 2588; x_wconf 71' lang='lat' dir='ltr'><strong>stolae</strong></span> <span class='ocrx_word' id='word_1_168' title='bbox 377 2534 782 2591; x_wconf 87' lang='lat' dir='ltr'><strong>sinceritatem</strong></span> <span class='ocrx_word' id='word_1_169' title='bbox 804 2536 1171 2608; x_wconf 83' lang='lat' dir='ltr'><strong>gravissimis</strong></span> <span class='ocrx_word' id='word_1_170' title='bbox 1199 2537 1551 2594; x_wconf 82' lang='lat' dir='ltr'><strong>testimoniis</strong></span> <span class='ocrx_word' id='word_1_171' title='bbox 1573 2555 1832 2611; x_wconf 85' lang='lat' dir='ltr'><strong>compro-</strong></span> 
     </span>
    </p>
   </div>
   <div class='ocr_carea' id='block_1_27' title="bbox 195 2621 543 2694">
    <p class='ocr_par' dir='ltr' id='par_1_27' title="bbox 195 2621 543 2694">
     <span class='ocr_line' id='line_1_27' title="bbox 195 2621 543 2694; baseline -0.011 -18"><span class='ocrx_word' id='word_1_172' title='bbox 195 2621 342 2676; x_wconf 89' lang='lat' dir='ltr'><strong>bavit</strong></span> <span class='ocrx_word' id='word_1_173' title='bbox 377 2623 478 2694; x_wconf 88' lang='lat'><strong>(5).</strong></span> <span class='ocrx_word' id='word_1_174' title='bbox 514 2642 543 2672; x_wconf 72' lang='lat' dir='ltr'><strong>n</strong></span> 
     </span>
    </p>
   </div>
   <div class='ocr_carea' id='block_1_28' title="bbox 262 2711 1834 2782">
    <p class='ocr_par' dir='ltr' id='par_1_28' title="bbox 262 2711 1834 2782">
     <span class='ocr_line' id='line_1_28' title="bbox 262 2711 1834 2782; baseline 0.006 -18"><span class='ocrx_word' id='word_1_175' title='bbox 262 2711 527 2782; x_wconf 86' lang='lat' dir='ltr'><strong>Quinque</strong></span> <span class='ocrx_word' id='word_1_176' title='bbox 565 2715 760 2768; x_wconf 90' lang='lat' dir='ltr'><strong>autem</strong></span> <span class='ocrx_word' id='word_1_177' title='bbox 809 2713 1092 2770; x_wconf 85' lang='lat' dir='ltr'><strong>hactenus</strong></span> <span class='ocrx_word' id='word_1_178' title='bbox 1137 2715 1434 2771; x_wconf 87' lang='lat' dir='ltr'><strong>recensitis</strong></span> <span class='ocrx_word' id='word_1_179' title='bbox 1478 2716 1834 2773; x_wconf 88' lang='lat' dir='ltr'><strong>editionibus</strong></span> 
     </span>
    </p>
   </div>
   <div class='ocr_carea' id='block_1_29' title="bbox 198 2799 1832 2874">
    <p class='ocr_par' dir='ltr' id='par_1_29' title="bbox 198 2799 1832 2874">
     <span class='ocr_line' id='line_1_29' title="bbox 198 2799 1832 2874; baseline 0.006 -21"><span class='ocrx_word' id='word_1_180' title='bbox 198 2799 388 2855; x_wconf 84' lang='lat' dir='ltr'><strong>Latine</strong></span> <span class='ocrx_word' id='word_1_181' title='bbox 419 2804 652 2856; x_wconf 88' lang='lat' dir='ltr'><strong>tantum</strong></span> <span class='ocrx_word' id='word_1_182' title='bbox 687 2801 991 2874; x_wconf 88' lang='lat' dir='ltr'><strong>evulgatis,</strong></span> <span class='ocrx_word' id='word_1_183' title='bbox 1026 2808 1185 2859; x_wconf 85' lang='lat' dir='ltr'><strong>sexta</strong></span> <span class='ocrx_word' id='word_1_184' title='bbox 1219 2805 1458 2859; x_wconf 90' lang='lat' dir='ltr'><strong>demum</strong></span> <span class='ocrx_word' id='word_1_185' title='bbox 1491 2805 1735 2861; x_wconf 88' lang='lat' dir='ltr'><strong>accessit</strong></span> <span class='ocrx_word' id='word_1_186' title='bbox 1764 2805 1832 2862; x_wconf 90' lang='lat' dir='ltr'><strong>G.</strong></span> 
     </span>
    </p>
   </div>
   <div class='ocr_carea' id='block_1_30' title="bbox 200 2887 1836 2965">
    <p class='ocr_par' dir='ltr' id='par_1_30' title="bbox 200 2887 1836 2965">
     <span class='ocr_line' id='line_1_30' title="bbox 200 2887 1836 2965; baseline 0.004 -23"><span class='ocrx_word' id='word_1_187' title='bbox 200 2887 278 2954; x_wconf 90' lang='lat' dir='ltr'><strong>L.,</strong></span> <span class='ocrx_word' id='word_1_188' title='bbox 309 2905 436 2958; x_wconf 70' lang='lat' dir='ltr'><strong>quas</strong></span> <span class='ocrx_word' id='word_1_189' title='bbox 491 2906 641 2944; x_wconf 89' lang='lat' dir='ltr'><strong>anno</strong></span> <span class='ocrx_word' id='word_1_190' title='bbox 694 2891 832 2944; x_wconf 85' lang='grc'>1749</span> <span class='ocrx_word' id='word_1_191' title='bbox 881 2891 1067 2947; x_wconf 87' lang='lat' dir='ltr'><strong>Caroli</strong></span> <span class='ocrx_word' id='word_1_192' title='bbox 1114 2892 1427 2948; x_wconf 86' lang='lat' dir='ltr'><strong>Christiani</strong></span> <span class='ocrx_word' id='word_1_193' title='bbox 1478 2893 1667 2965; x_wconf 89' lang='lat' dir='ltr'><strong>Woog</strong></span> <span class='ocrx_word' id='word_1_194' title='bbox 1697 2911 1836 2950; x_wconf 89' lang='lat' dir='ltr'><strong>cura</strong></span> 
     </span>
    </p>
   </div>
   <div class='ocr_carea' id='block_1_31' title="bbox 199 2976 1834 3052">
    <p class='ocr_par' dir='ltr' id='par_1_31' title="bbox 199 2976 1834 3052">
     <span class='ocr_line' id='line_1_31' title="bbox 199 2976 1834 3052; baseline 0.004 -22"><span class='ocrx_word' id='word_1_195' title='bbox 199 2980 248 3031; x_wconf 85' lang='lat' dir='ltr'><strong>et</strong></span> <span class='ocrx_word' id='word_1_196' title='bbox 273 2978 465 3032; x_wconf 88' lang='lat' dir='ltr'><strong>studio</strong></span> <span class='ocrx_word' id='word_1_197' title='bbox 523 2976 731 3049; x_wconf 86' lang='lat' dir='ltr'><strong>Lipsiae</strong></span> <span class='ocrx_word' id='word_1_198' title='bbox 763 2978 951 3034; x_wconf 90' lang='lat' dir='ltr'><strong>lucem</strong></span> <span class='ocrx_word' id='word_1_199' title='bbox 999 2981 1240 3052; x_wconf 81' lang='lat' dir='ltr'><strong>aspexit.</strong></span> <span class='ocrx_word' id='word_1_200' title='bbox 1294 2982 1539 3036; x_wconf 88' lang='lat' dir='ltr'><strong>Textum</strong></span> <span class='ocrx_word' id='word_1_201' title='bbox 1574 2982 1834 3038; x_wconf 75' lang='lat' dir='ltr'><strong>Grzncum</strong></span> 
     </span>
    </p>
   </div>
   <div class='ocr_carea' id='block_1_32' title="bbox 197 3064 1833 3141">
    <p class='ocr_par' dir='ltr' id='par_1_32' title="bbox 197 3064 1833 3141">
     <span class='ocr_line' id='line_1_32' title="bbox 197 3064 1833 3141; baseline 0.002 -22"><span class='ocrx_word' id='word_1_202' title='bbox 197 3064 501 3138; x_wconf 84' lang='lat' dir='ltr'><strong>descripsit</strong></span> <span class='ocrx_word' id='word_1_203' title='bbox 549 3066 619 3122; x_wconf 93' lang='lat' dir='ltr'><strong>cl.</strong></span> <span class='ocrx_word' id='word_1_204' title='bbox 653 3068 841 3122; x_wconf 89' lang='lat' dir='ltr'><strong>editor</strong></span> <span class='ocrx_word' id='word_1_205' title='bbox 870 3085 901 3124; x_wconf 90' lang='lat' dir='ltr'><strong>e</strong></span> <span class='ocrx_word' id='word_1_206' title='bbox 931 3069 1128 3124; x_wconf 87' lang='lat' dir='ltr'><strong>codice</strong></span> <span class='ocrx_word' id='word_1_207' title='bbox 1160 3069 1676 3141; x_wconf 87' lang='lat' dir='ltr'><strong>Huntingdoniano</strong></span> <span class='ocrx_word' id='word_1_208' title='bbox 1709 3072 1833 3139; x_wconf 82' lang='grc'><strong>457,</strong></span> 
     </span>
    </p>
   </div>
   <div class='ocr_carea' id='block_1_33' title="bbox 198 3152 1835 3229">
    <p class='ocr_par' dir='ltr' id='par_1_33' title="bbox 198 3152 1835 3229">
     <span class='ocr_line' id='line_1_33' title="bbox 198 3152 1835 3229; baseline 0.006 -23"><span class='ocrx_word' id='word_1_209' title='bbox 198 3152 549 3210; x_wconf 60' lang='lat' dir='ltr'><strong>bibliotheca</strong></span> <span class='ocrx_word' id='word_1_210' title='bbox 607 3156 981 3225; x_wconf 73' lang='lat' dir='ltr'><strong>Bodleianaa;</strong></span> <span class='ocrx_word' id='word_1_211' title='bbox 1032 3174 1164 3213; x_wconf 91' lang='lat' dir='ltr'><strong>cum</strong></span> <span class='ocrx_word' id='word_1_212' title='bbox 1223 3174 1336 3229; x_wconf 91' lang='lat' dir='ltr'><strong>quo</strong></span> <span class='ocrx_word' id='word_1_213' title='bbox 1396 3159 1534 3213; x_wconf 91' lang='lat' dir='ltr'><strong>item</strong></span> <span class='ocrx_word' id='word_1_214' title='bbox 1587 3159 1835 3216; x_wconf 89' lang='lat' dir='ltr'><strong>Grabius</strong></span> 
     </span>
    </p>
   </div>
   <div class='ocr_carea' id='block_1_34' title="bbox 201 3240 1834 3318">
    <p class='ocr_par' dir='ltr' id='par_1_34' title="bbox 201 3240 1834 3318">
     <span class='ocr_line' id='line_1_34' title="bbox 201 3240 1834 3318; baseline 0.007 -25"><span class='ocrx_word' id='word_1_215' title='bbox 201 3240 517 3314; x_wconf 81' lang='lat' dir='ltr'><strong>Martyrium</strong></span> <span class='ocrx_word' id='word_1_216' title='bbox 545 3243 599 3299; x_wconf 91' lang='lat' dir='ltr'><strong>S.</strong></span> <span class='ocrx_word' id='word_1_217' title='bbox 642 3245 849 3302; x_wconf 67' lang='lat' dir='ltr'><strong>Thecla?</strong></span> <span class='ocrx_word' id='word_1_218' title='bbox 878 3245 1220 3312; x_wconf 85' lang='lat' dir='ltr'><strong>contulerat,</strong></span> <span class='ocrx_word' id='word_1_219' title='bbox 1253 3247 1498 3318; x_wconf 87' lang='lat' dir='ltr'><strong>ejusque</strong></span> <span class='ocrx_word' id='word_1_220' title='bbox 1541 3264 1647 3318; x_wconf 91' lang='lat' dir='ltr'><strong>ope</strong></span> <span class='ocrx_word' id='word_1_221' title='bbox 1678 3249 1834 3304; x_wconf 91' lang='lat' dir='ltr'><strong>curis</strong></span> 
     </span>
    </p>
   </div>
   <div class='ocr_carea' id='block_1_35' title="bbox 1944 671 3598 752">
    <p class='ocr_par' dir='ltr' id='par_1_35' title="bbox 1944 671 3598 752">
     <span class='ocr_line' id='line_1_35' title="bbox 1944 671 3598 752; baseline 0.007 -27"><span class='ocrx_word' id='word_1_222' title='bbox 1944 671 2088 726; x_wconf 89' lang='lat' dir='ltr'><strong>toris</strong></span> <span class='ocrx_word' id='word_1_223' title='bbox 2120 676 2285 727; x_wconf 90' lang='lat' dir='ltr'><strong>notas</strong></span> <span class='ocrx_word' id='word_1_224' title='bbox 2336 677 2561 729; x_wconf 84' lang='lat' dir='ltr'><strong>textum</strong></span> <span class='ocrx_word' id='word_1_225' title='bbox 2601 673 2662 729; x_wconf 89' lang='lat' dir='ltr'><strong>in</strong></span> <span class='ocrx_word' id='word_1_226' title='bbox 2703 676 2908 746; x_wconf 90' lang='lat' dir='ltr'><strong>primis</strong></span> <span class='ocrx_word' id='word_1_227' title='bbox 2960 677 3342 749; x_wconf 90' lang='lat' dir='ltr'><strong>respicientes</strong></span> <span class='ocrx_word' id='word_1_228' title='bbox 3394 680 3598 752; x_wconf 89' lang='lat' dir='ltr'><strong>selegi-</strong></span> 
     </span>
    </p>
   </div>
   <div class='ocr_carea' id='block_1_36' title="bbox 1944 761 3596 837">
    <p class='ocr_par' dir='ltr' id='par_1_36' title="bbox 1944 761 3596 837">
     <span class='ocr_line' id='line_1_36' title="bbox 1944 761 3596 837; baseline 0.007 -22"><span class='ocrx_word' id='word_1_229' title='bbox 1944 777 2098 828; x_wconf 90' lang='lat' dir='ltr'><strong>mus,</strong></span> <span class='ocrx_word' id='word_1_230' title='bbox 2151 761 2607 831; x_wconf 84' lang='lat' dir='ltr'><strong>prolixioresque</strong></span> <span class='ocrx_word' id='word_1_231' title='bbox 2657 765 3095 833; x_wconf 84' lang='lat' dir='ltr'><strong>contraximus;</strong></span> <span class='ocrx_word' id='word_1_232' title='bbox 3154 768 3368 837; x_wconf 90' lang='lat' dir='ltr'><strong>quibus</strong></span> <span class='ocrx_word' id='word_1_233' title='bbox 3419 769 3596 827; x_wconf 90' lang='lat' dir='ltr'><strong>etiam</strong></span> 
     </span>
    </p>
   </div>
   <div class='ocr_carea' id='block_1_37' title="bbox 1944 849 3596 926">
    <p class='ocr_par' dir='ltr' id='par_1_37' title="bbox 1944 849 3596 926">
     <span class='ocr_line' id='line_1_37' title="bbox 1944 849 3596 926; baseline 0.007 -23"><span class='ocrx_word' id='word_1_234' title='bbox 1944 849 2258 904; x_wconf 88' lang='lat' dir='ltr'><strong>nonnullas</strong></span> <span class='ocrx_word' id='word_1_235' title='bbox 2275 850 2708 907; x_wconf 85' lang='lat' dir='ltr'><strong>observationes</strong></span> <span class='ocrx_word' id='word_1_236' title='bbox 2731 853 3109 922; x_wconf 88' lang='lat' dir='ltr'><strong>attexuimus,</strong></span> <span class='ocrx_word' id='word_1_237' title='bbox 3138 855 3334 926; x_wconf 91' lang='lat' dir='ltr'><strong>plures</strong></span> <span class='ocrx_word' id='word_1_238' title='bbox 3352 856 3596 916; x_wconf 83' lang='lat' dir='ltr'><strong>fortasse</strong></span> 
     </span>
    </p>
   </div>
   <div class='ocr_carea' id='block_1_38' title="bbox 1942 937 3595 1014">
    <p class='ocr_par' dir='ltr' id='par_1_38' title="bbox 1942 937 3595 1014">
     <span class='ocr_line' id='line_1_38' title="bbox 1942 937 3595 1014; baseline 0.005 -23"><span class='ocrx_word' id='word_1_239' title='bbox 1942 937 2098 992; x_wconf 89' lang='lat' dir='ltr'><strong>haud</strong></span> <span class='ocrx_word' id='word_1_240' title='bbox 2131 939 2585 994; x_wconf 89' lang='lat' dir='ltr'><strong>contemnendas</strong></span> <span class='ocrx_word' id='word_1_241' title='bbox 2617 939 2894 1006; x_wconf 89' lang='lat' dir='ltr'><strong>addituri,</strong></span> <span class='ocrx_word' id='word_1_242' title='bbox 2936 942 2983 996; x_wconf 92' lang='lat' dir='ltr'><strong>si</strong></span> <span class='ocrx_word' id='word_1_243' title='bbox 3019 944 3406 1014; x_wconf 89' lang='lat' dir='ltr'><strong>opportunius</strong></span> <span class='ocrx_word' id='word_1_244' title='bbox 3437 947 3595 1000; x_wconf 89' lang='lat' dir='ltr'><strong>codi-</strong></span> 
     </span>
    </p>
   </div>
   <div class='ocr_carea' id='block_1_39' title="bbox 1943 1025 3595 1102">
    <p class='ocr_par' dir='ltr' id='par_1_39' title="bbox 1943 1025 3595 1102">
     <span class='ocr_line' id='line_1_39' title="bbox 1943 1025 3595 1102; baseline 0.005 -22"><span class='ocrx_word' id='word_1_245' title='bbox 1943 1040 2067 1080; x_wconf 92' lang='lat' dir='ltr'><strong>cem</strong></span> <span class='ocrx_word' id='word_1_246' title='bbox 2102 1042 2214 1080; x_wconf 90' lang='lat' dir='ltr'><strong>ms.</strong></span> <span class='ocrx_word' id='word_1_247' title='bbox 2249 1025 2419 1081; x_wconf 90' lang='lat' dir='ltr'><strong>nobis</strong></span> <span class='ocrx_word' id='word_1_248' title='bbox 2463 1025 2721 1082; x_wconf 88' lang='lat' dir='ltr'><strong>evolvere</strong></span> <span class='ocrx_word' id='word_1_249' title='bbox 2766 1027 3052 1100; x_wconf 89' lang='lat' dir='ltr'><strong>licuisset,</strong></span> <span class='ocrx_word' id='word_1_250' title='bbox 3102 1047 3276 1102; x_wconf 89' lang='lat' dir='ltr'><strong>quem</strong></span> <span class='ocrx_word' id='word_1_251' title='bbox 3307 1049 3433 1087; x_wconf 91' lang='lat' dir='ltr'><strong>sero</strong></span> <span class='ocrx_word' id='word_1_252' title='bbox 3466 1037 3595 1090; x_wconf 90' lang='lat' dir='ltr'><strong>tan-</strong></span> 
     </span>
    </p>
   </div>
   <div class='ocr_carea' id='block_1_40' title="bbox 1942 1113 3595 1196">
    <p class='ocr_par' dir='ltr' id='par_1_40' title="bbox 1942 1113 3595 1196">
     <span class='ocr_line' id='line_1_40' title="bbox 1942 1113 3595 1196; baseline 0.006 -29"><span class='ocrx_word' id='word_1_253' title='bbox 1942 1113 2072 1169; x_wconf 90' lang='lat' dir='ltr'><strong>dem</strong></span> <span class='ocrx_word' id='word_1_254' title='bbox 2106 1113 2449 1168; x_wconf 79' lang='lat' dir='ltr'><strong>deteximus.</strong></span> <span class='ocrx_word' id='word_1_255' title='bbox 2484 1115 2584 1169; x_wconf 87' lang='lat' dir='ltr'><strong>Est</strong></span> <span class='ocrx_word' id='word_1_256' title='bbox 2631 1119 2826 1171; x_wconf 88' lang='lat' dir='ltr'><strong>autem</strong></span> <span class='ocrx_word' id='word_1_257' title='bbox 2858 1119 3039 1173; x_wconf 82' lang='lat' dir='ltr'><strong>codex</strong></span> <span class='ocrx_word' id='word_1_258' title='bbox 3070 1118 3303 1174; x_wconf 63' lang='lat' dir='ltr'><strong>Grzecus</strong></span> <span class='ocrx_word' id='word_1_259' title='bbox 3347 1121 3595 1196; x_wconf 82' lang='lat' dir='ltr'><strong>Bomby-</strong></span> 
     </span>
    </p>
   </div>
   <div class='ocr_carea' id='block_1_41' title="bbox 1942 1202 3594 1277">
    <p class='ocr_par' dir='ltr' id='par_1_41' title="bbox 1942 1202 3594 1277">
     <span class='ocr_line' id='line_1_41' title="bbox 1942 1202 3594 1277; baseline 0.006 -21"><span class='ocrx_word' id='word_1_260' title='bbox 1942 1202 2110 1257; x_wconf 89' lang='lat' dir='ltr'><strong>cinus</strong></span> <span class='ocrx_word' id='word_1_261' title='bbox 2138 1219 2302 1258; x_wconf 91' lang='lat' dir='ltr'><strong>num.</strong></span> <span class='ocrx_word' id='word_1_262' title='bbox 2336 1219 2533 1270; x_wconf 79' lang='lat' dir='ltr'><strong>CLxxv,</strong></span> <span class='ocrx_word' id='word_1_263' title='bbox 2570 1203 2621 1272; x_wconf 82' lang='grc'><strong>4,</strong></span> <span class='ocrx_word' id='word_1_264' title='bbox 2669 1205 2878 1260; x_wconf 60' lang='lat' dir='ltr'><strong>saeculo</strong></span> <span class='ocrx_word' id='word_1_265' title='bbox 2926 1224 3023 1261; x_wconf 77' lang='lat' dir='ltr'><strong>xw</strong></span> <span class='ocrx_word' id='word_1_266' title='bbox 3054 1212 3350 1277; x_wconf 84' lang='lat' dir='ltr'><strong>exaratus,</strong></span> <span class='ocrx_word' id='word_1_267' title='bbox 3386 1210 3594 1266; x_wconf 90' lang='lat' dir='ltr'><strong>inscri-</strong></span> 
     </span>
    </p>
   </div>
   <div class='ocr_carea' id='block_1_42' title="bbox 1941 1293 3594 1363">
    <p class='ocr_par' dir='ltr' id='par_1_42' title="bbox 1941 1293 3594 1363">
     <span class='ocr_line' id='line_1_42' title="bbox 1941 1293 3594 1363; baseline 0.007 -18"><span class='ocrx_word' id='word_1_268' title='bbox 1941 1294 2235 1363; x_wconf 90' lang='lat' dir='ltr'><strong>ptusque:</strong></span> <span class='ocrx_word' id='word_1_269' title='bbox 2288 1293 2648 1361; x_wconf 83' lang='lat' dir='ltr'><strong>Heortologia,</strong></span> <span class='ocrx_word' id='word_1_270' title='bbox 2681 1309 2776 1348; x_wconf 87' lang='lat' dir='ltr'><strong>seu</strong></span> <span class='ocrx_word' id='word_1_271' title='bbox 2816 1293 3104 1349; x_wconf 81' lang='lat' dir='ltr'><strong>Sermones</strong></span> <span class='ocrx_word' id='word_1_272' title='bbox 3159 1301 3208 1351; x_wconf 84' lang='lat' dir='ltr'><strong>et</strong></span> <span class='ocrx_word' id='word_1_273' title='bbox 3259 1298 3505 1356; x_wconf 69' lang='lat' dir='ltr'><strong>homiliee</strong></span> <span class='ocrx_word' id='word_1_274' title='bbox 3534 1301 3594 1355; x_wconf 86' lang='lat' dir='ltr'><strong>in</strong></span> 
     </span>
    </p>
   </div>
   <div class='ocr_carea' id='block_1_43' title="bbox 1939 1382 3591 1460">
    <p class='ocr_par' dir='ltr' id='par_1_43' title="bbox 1939 1382 3591 1460">
     <span class='ocr_line' id='line_1_43' title="bbox 1939 1382 3591 1460; baseline 0.006 -26"><span class='ocrx_word' id='word_1_275' title='bbox 1939 1395 2128 1435; x_wconf 84' lang='lat' dir='ltr'><strong>annua</strong></span> <span class='ocrx_word' id='word_1_276' title='bbox 2174 1382 2356 1450; x_wconf 81' lang='lat' dir='ltr'><strong>festa;</strong></span> <span class='ocrx_word' id='word_1_277' title='bbox 2413 1397 2587 1452; x_wconf 89' lang='lat' dir='ltr'><strong>quem</strong></span> <span class='ocrx_word' id='word_1_278' title='bbox 2643 1382 2812 1438; x_wconf 92' lang='lat' dir='ltr'><strong>nobis</strong></span> <span class='ocrx_word' id='word_1_279' title='bbox 2875 1385 3272 1455; x_wconf 87' lang='lat' dir='ltr'><strong>suppeditavit</strong></span> <span class='ocrx_word' id='word_1_280' title='bbox 3330 1386 3591 1460; x_wconf 90' lang='lat' dir='ltr'><strong>locuples</strong></span> 
     </span>
    </p>
   </div>
   <div class='ocr_carea' id='block_1_44' title="bbox 1940 1469 3590 1546">
    <p class='ocr_par' dir='ltr' id='par_1_44' title="bbox 1940 1469 3590 1546">
     <span class='ocr_line' id='line_1_44' title="bbox 1940 1469 3590 1546; baseline 0.005 -22"><span class='ocrx_word' id='word_1_281' title='bbox 1940 1469 2210 1524; x_wconf 87' lang='lat' dir='ltr'><strong>Bernardi</strong></span> <span class='ocrx_word' id='word_1_282' title='bbox 2243 1469 2390 1524; x_wconf 90' lang='lat' dir='ltr'><strong>Nani</strong></span> <span class='ocrx_word' id='word_1_283' title='bbox 2431 1470 2715 1525; x_wconf 88' lang='lat' dir='ltr'><strong>senatoris</strong></span> <span class='ocrx_word' id='word_1_284' title='bbox 2762 1473 3062 1542; x_wconf 90' lang='lat' dir='ltr'><strong>quondam</strong></span> <span class='ocrx_word' id='word_1_285' title='bbox 3113 1474 3464 1546; x_wconf 86' lang='lat' dir='ltr'><strong>amplissimi</strong></span> <span class='ocrx_word' id='word_1_286' title='bbox 3497 1477 3590 1532; x_wconf 91' lang='lat' dir='ltr'><strong>bi-</strong></span> 
     </span>
    </p>
   </div>
   <div class='ocr_carea' id='block_1_45' title="bbox 1939 1557 2298 1612">
    <p class='ocr_par' dir='ltr' id='par_1_45' title="bbox 1939 1557 2298 1612">
     <span class='ocr_line' id='line_1_45' title="bbox 1939 1557 2298 1612; baseline 0 0"><span class='ocrx_word' id='word_1_287' title='bbox 1939 1557 2235 1612; x_wconf 91' lang='lat' dir='ltr'><strong>bliotheca</strong></span> <span class='ocrx_word' id='word_1_288' title='bbox 2257 1557 2298 1611; x_wconf 71' lang='lat'><strong>‘.</strong></span> 
     </span>
    </p>
   </div>
   <div class='ocr_carea' id='block_1_46' title="bbox 2013 1646 3590 1723">
    <p class='ocr_par' dir='ltr' id='par_1_46' title="bbox 2013 1646 3590 1723">
     <span class='ocr_line' id='line_1_46' title="bbox 2013 1646 3590 1723; baseline 0.006 -23"><span class='ocrx_word' id='word_1_289' title='bbox 2013 1646 2108 1700; x_wconf 90' lang='grc' dir='ltr'><strong>ΙΙΙ.</strong></span> <span class='ocrx_word' id='word_1_290' title='bbox 2141 1646 2271 1701; x_wconf 90' lang='lat' dir='ltr'><strong>Jam</strong></span> <span class='ocrx_word' id='word_1_291' title='bbox 2303 1662 2434 1702; x_wconf 92' lang='lat' dir='ltr'><strong>vero</strong></span> <span class='ocrx_word' id='word_1_292' title='bbox 2476 1651 2542 1702; x_wconf 90' lang='lat' dir='ltr'><strong>ut</strong></span> <span class='ocrx_word' id='word_1_293' title='bbox 2575 1649 2645 1702; x_wconf 91' lang='lat' dir='ltr'><strong>de</strong></span> <span class='ocrx_word' id='word_1_294' title='bbox 2679 1648 2922 1721; x_wconf 88' lang='lat' dir='ltr'><strong>antiqua</strong></span> <span class='ocrx_word' id='word_1_295' title='bbox 2951 1649 3132 1721; x_wconf 91' lang='lat' dir='ltr'><strong>hujus</strong></span> <span class='ocrx_word' id='word_1_296' title='bbox 3162 1651 3435 1723; x_wconf 74' lang='lat' dir='ltr'><strong>Epistolas</strong></span> <span class='ocrx_word' id='word_1_297' title='bbox 3466 1670 3590 1709; x_wconf 91' lang='lat' dir='ltr'><strong>ver-</strong></span> 
     </span>
    </p>
   </div>
   <div class='ocr_carea' id='block_1_47' title="bbox 1960 1734 3597 1814">
    <p class='ocr_par' dir='ltr' id='par_1_47' title="bbox 1960 1734 3597 1814">
     <span class='ocr_line' id='line_1_47' title="bbox 1960 1734 3597 1814; baseline 0.005 -24"><span class='ocrx_word' id='word_1_298' title='bbox 1960 1734 2122 1790; x_wconf 84' lang='lat' dir='ltr'><strong>sione</strong></span> <span class='ocrx_word' id='word_1_299' title='bbox 2175 1736 2350 1790; x_wconf 91' lang='lat' dir='ltr'><strong>verba</strong></span> <span class='ocrx_word' id='word_1_300' title='bbox 2409 1736 2713 1803; x_wconf 82' lang='lat' dir='ltr'><strong>faciamus,</strong></span> <span class='ocrx_word' id='word_1_301' title='bbox 2773 1735 2973 1792; x_wconf 92' lang='lat' dir='ltr'><strong>nullus</strong></span> <span class='ocrx_word' id='word_1_302' title='bbox 3027 1739 3282 1809; x_wconf 82' lang='lat' dir='ltr'><strong>profecto</strong></span> <span class='ocrx_word' id='word_1_303' title='bbox 3339 1743 3597 1814; x_wconf 84' lang='lat' dir='ltr'><strong>suppetit</strong></span> 
     </span>
    </p>
   </div>
   <div class='ocr_carea' id='block_1_48' title="bbox 1958 1824 3595 1904">
    <p class='ocr_par' dir='ltr' id='par_1_48' title="bbox 1958 1824 3595 1904">
     <span class='ocr_line' id='line_1_48' title="bbox 1958 1824 3595 1904; baseline 0.006 -25"><span class='ocrx_word' id='word_1_304' title='bbox 1958 1824 2257 1879; x_wconf 86' lang='lat' dir='ltr'><strong>character</strong></span> <span class='ocrx_word' id='word_1_305' title='bbox 2288 1825 2432 1880; x_wconf 88' lang='lat' dir='ltr'><strong>satis</strong></span> <span class='ocrx_word' id='word_1_306' title='bbox 2464 1825 2690 1892; x_wconf 86' lang='lat' dir='ltr'><strong>ﬁrmus,</strong></span> <span class='ocrx_word' id='word_1_307' title='bbox 2717 1843 2831 1897; x_wconf 92' lang='lat' dir='ltr'><strong>quo</strong></span> <span class='ocrx_word' id='word_1_308' title='bbox 2873 1827 2979 1882; x_wconf 88' lang='lat' dir='ltr'><strong>rite</strong></span> <span class='ocrx_word' id='word_1_309' title='bbox 3008 1828 3248 1883; x_wconf 85' lang='lat' dir='ltr'><strong>deﬁnire</strong></span> <span class='ocrx_word' id='word_1_310' title='bbox 3278 1832 3595 1904; x_wconf 87' lang='lat' dir='ltr'><strong>possimus,</strong></span> 
     </span>
    </p>
   </div>
   <div class='ocr_carea' id='block_1_49' title="bbox 1937 1913 3595 1983">
    <p class='ocr_par' dir='ltr' id='par_1_49' title="bbox 1937 1913 3595 1983">
     <span class='ocr_line' id='line_1_49' title="bbox 1937 1913 3595 1983; baseline 0.006 -17"><span class='ocrx_word' id='word_1_311' title='bbox 1937 1929 2113 1983; x_wconf 90' lang='lat' dir='ltr'><strong>quam</strong></span> <span class='ocrx_word' id='word_1_312' title='bbox 2146 1913 2369 1968; x_wconf 89' lang='lat' dir='ltr'><strong>dudum</strong></span> <span class='ocrx_word' id='word_1_313' title='bbox 2405 1914 2578 1970; x_wconf 79' lang='lat' dir='ltr'><strong>fuerit</strong></span> <span class='ocrx_word' id='word_1_314' title='bbox 2609 1914 2711 1969; x_wconf 90' lang='lat' dir='ltr'><strong>illa</strong></span> <span class='ocrx_word' id='word_1_315' title='bbox 2761 1916 3044 1971; x_wconf 82' lang='lat' dir='ltr'><strong>confecta.</strong></span> <span class='ocrx_word' id='word_1_316' title='bbox 3078 1919 3148 1972; x_wconf 89' lang='lat' dir='ltr'><strong>At</strong></span> <span class='ocrx_word' id='word_1_317' title='bbox 3186 1935 3312 1973; x_wconf 90' lang='lat' dir='ltr'><strong>eam</strong></span> <span class='ocrx_word' id='word_1_318' title='bbox 3344 1935 3472 1976; x_wconf 88' lang='lat' dir='ltr'><strong>esse</strong></span> <span class='ocrx_word' id='word_1_319' title='bbox 3499 1938 3595 1976; x_wconf 91' lang='lat' dir='ltr'><strong>ve-</strong></span> 
     </span>
    </p>
   </div>
   <div class='ocr_carea' id='block_1_50' title="bbox 1931 1990 3594 2079">
    <p class='ocr_par' dir='ltr' id='par_1_50' title="bbox 1931 1990 3594 2079">
     <span class='ocr_line' id='line_1_50' title="bbox 1931 1990 3594 2079; baseline 0.005 -24"><span class='ocrx_word' id='word_1_320' title='bbox 1931 1990 2234 2056; x_wconf 80' lang='lat' dir='ltr'><strong>tustiorem</strong></span> <span class='ocrx_word' id='word_1_321' title='bbox 2271 2019 2447 2074; x_wconf 91' lang='lat' dir='ltr'><strong>quam</strong></span> <span class='ocrx_word' id='word_1_322' title='bbox 2504 2008 2567 2058; x_wconf 90' lang='lat' dir='ltr'><strong>ut</strong></span> <span class='ocrx_word' id='word_1_323' title='bbox 2620 2003 2793 2075; x_wconf 86' lang='lat' dir='ltr'><strong>vulgo</strong></span> <span class='ocrx_word' id='word_1_324' title='bbox 2839 2009 3168 2074; x_wconf 85' lang='lat' dir='ltr'><strong>censeatur,</strong></span> <span class='ocrx_word' id='word_1_325' title='bbox 3225 2007 3474 2079; x_wconf 91' lang='lat' dir='ltr'><strong>quisque</strong></span> <span class='ocrx_word' id='word_1_326' title='bbox 3504 2027 3594 2064; x_wconf 86' lang='lat' dir='ltr'><strong>ar-</strong></span> 
     </span>
    </p>
   </div>
   <div class='ocr_carea' id='block_1_51' title="bbox 1933 2090 3591 2167">
    <p class='ocr_par' dir='ltr' id='par_1_51' title="bbox 1933 2090 3591 2167">
     <span class='ocr_line' id='line_1_51' title="bbox 1933 2090 3591 2167; baseline 0.005 -23"><span class='ocrx_word' id='word_1_327' title='bbox 1933 2104 2106 2160; x_wconf 87' lang='lat' dir='ltr'><strong>guere</strong></span> <span class='ocrx_word' id='word_1_328' title='bbox 2136 2090 2287 2145; x_wconf 89' lang='lat' dir='ltr'><strong>valet</strong></span> <span class='ocrx_word' id='word_1_329' title='bbox 2333 2107 2400 2146; x_wconf 83' lang='lat' dir='ltr'><strong>ex</strong></span> <span class='ocrx_word' id='word_1_330' title='bbox 2429 2091 2812 2163; x_wconf 89' lang='lat' dir='ltr'><strong>scriptoribus</strong></span> <span class='ocrx_word' id='word_1_331' title='bbox 2860 2093 3297 2165; x_wconf 87' lang='lat' dir='ltr'><strong>ecclesiasticis,</strong></span> <span class='ocrx_word' id='word_1_332' title='bbox 3333 2113 3591 2167; x_wconf 88' lang='lat' dir='ltr'><strong>quorum</strong></span> 
     </span>
    </p>
   </div>
   <div class='ocr_carea' id='block_1_52' title="bbox 1937 2179 3599 2252">
    <p class='ocr_par' dir='ltr' id='par_1_52' title="bbox 1937 2179 3599 2252">
     <span class='ocr_line' id='line_1_52' title="bbox 1937 2179 3599 2252; baseline 0.005 -20"><span class='ocrx_word' id='word_1_333' title='bbox 1937 2179 2277 2234; x_wconf 90' lang='lat' dir='ltr'><strong>testimonia</strong></span> <span class='ocrx_word' id='word_1_334' title='bbox 2311 2179 2578 2251; x_wconf 67' lang='lat' dir='ltr'><strong>Epistolas</strong></span> <span class='ocrx_word' id='word_1_335' title='bbox 2613 2181 2724 2251; x_wconf 91' lang='lat' dir='ltr'><strong>ipsi</strong></span> <span class='ocrx_word' id='word_1_336' title='bbox 2757 2180 3168 2252; x_wconf 63' lang='lat' dir='ltr'><strong>praemisimus.</strong></span> <span class='ocrx_word' id='word_1_337' title='bbox 3198 2183 3308 2237; x_wconf 90' lang='lat' dir='ltr'><strong>Alii</strong></span> <span class='ocrx_word' id='word_1_338' title='bbox 3339 2185 3497 2240; x_wconf 89' lang='lat' dir='ltr'><strong>enim</strong></span> <span class='ocrx_word' id='word_1_339' title='bbox 3529 2203 3599 2241; x_wconf 83' lang='lat' dir='ltr'><strong>ex</strong></span> 
     </span>
    </p>
   </div>
   <div class='ocr_carea' id='block_1_53' title="bbox 1934 2266 3595 2341">
    <p class='ocr_par' dir='ltr' id='par_1_53' title="bbox 1934 2266 3595 2341">
     <span class='ocr_line' id='line_1_53' title="bbox 1934 2266 3595 2341; baseline 0.005 -19"><span class='ocrx_word' id='word_1_340' title='bbox 1934 2283 2002 2322; x_wconf 90' lang='lat' dir='ltr'><strong>ea</strong></span> <span class='ocrx_word' id='word_1_341' title='bbox 2030 2267 2119 2322; x_wconf 88' lang='lat' dir='ltr'><strong>vel</strong></span> <span class='ocrx_word' id='word_1_342' title='bbox 2149 2266 2342 2323; x_wconf 91' lang='lat' dir='ltr'><strong>locum</strong></span> <span class='ocrx_word' id='word_1_343' title='bbox 2395 2269 2690 2340; x_wconf 86' lang='lat' dir='ltr'><strong>passionis</strong></span> <span class='ocrx_word' id='word_1_344' title='bbox 2747 2269 2834 2324; x_wconf 91' lang='lat' dir='ltr'><strong>vel</strong></span> <span class='ocrx_word' id='word_1_345' title='bbox 2867 2285 3053 2341; x_wconf 90' lang='lat' dir='ltr'><strong>genus</strong></span> <span class='ocrx_word' id='word_1_346' title='bbox 3107 2272 3316 2327; x_wconf 89' lang='lat' dir='ltr'><strong>mortis</strong></span> <span class='ocrx_word' id='word_1_347' title='bbox 3363 2274 3595 2330; x_wconf 90' lang='lat' dir='ltr'><strong>eruisse</strong></span> 
     </span>
    </p>
   </div>
   <div class='ocr_carea' id='block_1_54' title="bbox 1935 2355 3592 2432">
    <p class='ocr_par' dir='ltr' id='par_1_54' title="bbox 1935 2355 3592 2432">
     <span class='ocr_line' id='line_1_54' title="bbox 1935 2355 3592 2432; baseline 0.005 -22"><span class='ocrx_word' id='word_1_348' title='bbox 1935 2355 2092 2410; x_wconf 85' lang='lat' dir='ltr'><strong>haud</strong></span> <span class='ocrx_word' id='word_1_349' title='bbox 2127 2357 2371 2412; x_wconf 89' lang='lat' dir='ltr'><strong>obscure</strong></span> <span class='ocrx_word' id='word_1_350' title='bbox 2415 2359 2707 2412; x_wconf 76' lang='lat' dir='ltr'><strong>videntur.</strong></span> <span class='ocrx_word' id='word_1_351' title='bbox 2750 2357 2860 2412; x_wconf 90' lang='lat' dir='ltr'><strong>Alii</strong></span> <span class='ocrx_word' id='word_1_352' title='bbox 2901 2375 3034 2414; x_wconf 91' lang='lat' dir='ltr'><strong>vero</strong></span> <span class='ocrx_word' id='word_1_353' title='bbox 3084 2359 3276 2415; x_wconf 92' lang='lat' dir='ltr'><strong>locum</strong></span> <span class='ocrx_word' id='word_1_354' title='bbox 3335 2360 3592 2432; x_wconf 87' lang='lat' dir='ltr'><strong>aliquem</strong></span> 
     </span>
    </p>
   </div>
   <div class='ocr_carea' id='block_1_55' title="bbox 1934 2445 3596 2518">
    <p class='ocr_par' dir='ltr' id='par_1_55' title="bbox 1934 2445 3596 2518">
     <span class='ocr_line' id='line_1_55' title="bbox 1934 2445 3596 2518; baseline 0.003 -18"><span class='ocrx_word' id='word_1_355' title='bbox 1934 2445 2279 2500; x_wconf 84' lang='lat' dir='ltr'><strong>verbotenus</strong></span> <span class='ocrx_word' id='word_1_356' title='bbox 2312 2446 2669 2513; x_wconf 88' lang='lat' dir='ltr'><strong>describunt,</strong></span> <span class='ocrx_word' id='word_1_357' title='bbox 2705 2447 2824 2502; x_wconf 91' lang='lat' dir='ltr'><strong>sive</strong></span> <span class='ocrx_word' id='word_1_358' title='bbox 2867 2447 3057 2518; x_wconf 89' lang='lat' dir='ltr'><strong>ipsam</strong></span> <span class='ocrx_word' id='word_1_359' title='bbox 3104 2452 3380 2505; x_wconf 81' lang='lat' dir='ltr'><strong>Actorum</strong></span> <span class='ocrx_word' id='word_1_360' title='bbox 3414 2449 3596 2506; x_wconf 90' lang='lat' dir='ltr'><strong>histo-</strong></span> 
     </span>
    </p>
   </div>
   <div class='ocr_carea' id='block_1_56' title="bbox 1938 2533 3590 2609">
    <p class='ocr_par' dir='ltr' id='par_1_56' title="bbox 1938 2533 3590 2609">
     <span class='ocr_line' id='line_1_56' title="bbox 1938 2533 3590 2609; baseline 0.004 -21"><span class='ocrx_word' id='word_1_361' title='bbox 1938 2533 2086 2588; x_wconf 91' lang='lat' dir='ltr'><strong>riam</strong></span> <span class='ocrx_word' id='word_1_362' title='bbox 2118 2534 2457 2602; x_wconf 87' lang='lat' dir='ltr'><strong>excitantes,</strong></span> <span class='ocrx_word' id='word_1_363' title='bbox 2491 2533 2610 2590; x_wconf 83' lang='lat' dir='ltr'><strong>sive</strong></span> <span class='ocrx_word' id='word_1_364' title='bbox 2647 2535 2825 2590; x_wconf 89' lang='lat' dir='ltr'><strong>etiam</strong></span> <span class='ocrx_word' id='word_1_365' title='bbox 2858 2537 3208 2608; x_wconf 91' lang='lat' dir='ltr'><strong>quandoque</strong></span> <span class='ocrx_word' id='word_1_366' title='bbox 3256 2538 3431 2594; x_wconf 89' lang='lat' dir='ltr'><strong>tacito</strong></span> <span class='ocrx_word' id='word_1_367' title='bbox 3462 2540 3590 2609; x_wconf 80' lang='lat' dir='ltr'><strong>eius</strong></span> 
     </span>
    </p>
   </div>
   <div class='ocr_carea' id='block_1_57' title="bbox 1941 2622 3590 2695">
    <p class='ocr_par' dir='ltr' id='par_1_57' title="bbox 1941 2622 3590 2695">
     <span class='ocr_line' id='line_1_57' title="bbox 1941 2622 3590 2695; baseline 0.004 -19"><span class='ocrx_word' id='word_1_368' title='bbox 1941 2622 2178 2677; x_wconf 90' lang='lat' dir='ltr'><strong>nomine</strong></span> <span class='ocrx_word' id='word_1_369' title='bbox 2225 2623 2296 2678; x_wconf 90' lang='lat' dir='ltr'><strong>ad</strong></span> <span class='ocrx_word' id='word_1_370' title='bbox 2327 2622 2488 2678; x_wconf 90' lang='lat' dir='ltr'><strong>illam</strong></span> <span class='ocrx_word' id='word_1_371' title='bbox 2532 2623 2950 2694; x_wconf 88' lang='lat' dir='ltr'><strong>respicientes;</strong></span> <span class='ocrx_word' id='word_1_372' title='bbox 3003 2627 3155 2695; x_wconf 92' lang='lat' dir='ltr'><strong>quod</strong></span> <span class='ocrx_word' id='word_1_373' title='bbox 3193 2625 3414 2683; x_wconf 84' lang='lat' dir='ltr'><strong>scilicet</strong></span> <span class='ocrx_word' id='word_1_374' title='bbox 3459 2631 3590 2683; x_wconf 89' lang='lat' dir='ltr'><strong>tan-</strong></span> 
     </span>
    </p>
   </div>
   <div class='ocr_carea' id='block_1_58' title="bbox 1941 2712 3598 2787">
    <p class='ocr_par' dir='ltr' id='par_1_58' title="bbox 1941 2712 3598 2787">
     <span class='ocr_line' id='line_1_58' title="bbox 1941 2712 3598 2787; baseline 0.004 -22"><span class='ocrx_word' id='word_1_375' title='bbox 1941 2727 2116 2784; x_wconf 90' lang='lat' dir='ltr'><strong>quam</strong></span> <span class='ocrx_word' id='word_1_376' title='bbox 2151 2715 2370 2767; x_wconf 88' lang='lat' dir='ltr'><strong>certum</strong></span> <span class='ocrx_word' id='word_1_377' title='bbox 2403 2717 2457 2767; x_wconf 90' lang='lat' dir='ltr'><strong>et</strong></span> <span class='ocrx_word' id='word_1_378' title='bbox 2485 2712 2851 2784; x_wconf 82' lang='lat' dir='ltr'><strong>exploratum</strong></span> <span class='ocrx_word' id='word_1_379' title='bbox 2887 2718 3342 2770; x_wconf 89' lang='lat' dir='ltr'><strong>monumentum</strong></span> <span class='ocrx_word' id='word_1_380' title='bbox 3376 2716 3598 2787; x_wconf 89' lang='lat' dir='ltr'><strong>passim</strong></span> 
     </span>
    </p>
   </div>
   <div class='ocr_carea' id='block_1_59' title="bbox 1938 2799 3599 2875">
    <p class='ocr_par' dir='ltr' id='par_1_59' title="bbox 1938 2799 3599 2875">
     <span class='ocr_line' id='line_1_59' title="bbox 1938 2799 3599 2875; baseline 0.004 -21"><span class='ocrx_word' id='word_1_381' title='bbox 1938 2799 2267 2867; x_wconf 87' lang='lat' dir='ltr'><strong>haberetur,</strong></span> <span class='ocrx_word' id='word_1_382' title='bbox 2318 2805 2380 2855; x_wconf 91' lang='lat' dir='ltr'><strong>ut</strong></span> <span class='ocrx_word' id='word_1_383' title='bbox 2422 2805 2576 2856; x_wconf 89' lang='lat' dir='ltr'><strong>recte</strong></span> <span class='ocrx_word' id='word_1_384' title='bbox 2631 2802 2964 2874; x_wconf 85' lang='lat' dir='ltr'><strong>Saussayus</strong></span> <span class='ocrx_word' id='word_1_385' title='bbox 2997 2803 3095 2873; x_wconf 88' lang='lat'><strong>(6).</strong></span> <span class='ocrx_word' id='word_1_386' title='bbox 3153 2803 3349 2875; x_wconf 88' lang='lat' dir='ltr'><strong>Neque</strong></span> <span class='ocrx_word' id='word_1_387' title='bbox 3402 2808 3599 2861; x_wconf 87' lang='lat' dir='ltr'><strong>tamen</strong></span> 
     </span>
    </p>
   </div>
   <div class='ocr_carea' id='block_1_60' title="bbox 1939 2886 3600 2964">
    <p class='ocr_par' dir='ltr' id='par_1_60' title="bbox 1939 2886 3600 2964">
     <span class='ocr_line' id='line_1_60' title="bbox 1939 2886 3600 2964; baseline 0.005 -23"><span class='ocrx_word' id='word_1_388' title='bbox 1939 2886 2184 2943; x_wconf 85' lang='lat' dir='ltr'><strong>inticiari</strong></span> <span class='ocrx_word' id='word_1_389' title='bbox 2231 2889 2426 2954; x_wconf 89' lang='lat' dir='ltr'><strong>velim,</strong></span> <span class='ocrx_word' id='word_1_390' title='bbox 2479 2889 2791 2946; x_wconf 90' lang='lat' dir='ltr'><strong>nonnullos</strong></span> <span class='ocrx_word' id='word_1_391' title='bbox 2840 2906 2909 2945; x_wconf 84' lang='lat' dir='ltr'><strong>cx</strong></span> <span class='ocrx_word' id='word_1_392' title='bbox 2956 2891 3150 2945; x_wconf 89' lang='lat' dir='ltr'><strong>allatis</strong></span> <span class='ocrx_word' id='word_1_393' title='bbox 3207 2892 3600 2964; x_wconf 88' lang='lat' dir='ltr'><strong>scriptoribus</strong></span> 
     </span>
    </p>
   </div>
   <div class='ocr_carea' id='block_1_61' title="bbox 1942 2976 3598 3051">
    <p class='ocr_par' dir='ltr' id='par_1_61' title="bbox 1942 2976 3598 3051">
     <span class='ocr_line' id='line_1_61' title="bbox 1942 2976 3598 3051; baseline 0.003 -20"><span class='ocrx_word' id='word_1_394' title='bbox 1942 2976 2204 3032; x_wconf 67' lang='lat' dir='ltr'><strong>Graecum</strong></span> <span class='ocrx_word' id='word_1_395' title='bbox 2238 2977 2432 3048; x_wconf 90' lang='lat' dir='ltr'><strong>potius</strong></span> <span class='ocrx_word' id='word_1_396' title='bbox 2477 2983 2702 3034; x_wconf 84' lang='lat' dir='ltr'><strong>textum</strong></span> <span class='ocrx_word' id='word_1_397' title='bbox 2754 2996 2930 3051; x_wconf 91' lang='lat' dir='ltr'><strong>quam</strong></span> <span class='ocrx_word' id='word_1_398' title='bbox 2963 2984 3212 3034; x_wconf 90' lang='lat' dir='ltr'><strong>veterem</strong></span> <span class='ocrx_word' id='word_1_399' title='bbox 3247 2982 3375 3050; x_wconf 88' lang='lat' dir='ltr'><strong>ejus</strong></span> <span class='ocrx_word' id='word_1_400' title='bbox 3413 2982 3598 3036; x_wconf 87' lang='lat' dir='ltr'><strong>inter-</strong></span> 
     </span>
    </p>
   </div>
   <div class='ocr_carea' id='block_1_62' title="bbox 1939 3066 3596 3139">
    <p class='ocr_par' dir='ltr' id='par_1_62' title="bbox 1939 3066 3596 3139">
     <span class='ocr_line' id='line_1_62' title="bbox 1939 3066 3596 3139; baseline 0.003 -19"><span class='ocrx_word' id='word_1_401' title='bbox 1939 3070 2160 3136; x_wconf 90' lang='lat' dir='ltr'><strong>pretem</strong></span> <span class='ocrx_word' id='word_1_402' title='bbox 2189 3066 2489 3122; x_wconf 90' lang='lat' dir='ltr'><strong>consulere</strong></span> <span class='ocrx_word' id='word_1_403' title='bbox 2512 3068 2790 3138; x_wconf 88' lang='lat' dir='ltr'><strong>potuisse.</strong></span> <span class='ocrx_word' id='word_1_404' title='bbox 2818 3069 2951 3134; x_wconf 91' lang='lat' dir='ltr'><strong>Sed,</strong></span> <span class='ocrx_word' id='word_1_405' title='bbox 2980 3072 3111 3122; x_wconf 91' lang='lat' dir='ltr'><strong>utut</strong></span> <span class='ocrx_word' id='word_1_406' title='bbox 3141 3073 3249 3139; x_wconf 87' lang='lat' dir='ltr'><strong>est,</strong></span> <span class='ocrx_word' id='word_1_407' title='bbox 3284 3085 3486 3124; x_wconf 87' lang='lat' dir='ltr'><strong>eorum</strong></span> <span class='ocrx_word' id='word_1_408' title='bbox 3513 3074 3596 3126; x_wconf 84' lang='lat' dir='ltr'><strong>te-</strong></span> 
     </span>
    </p>
   </div>
   <div class='ocr_carea' id='block_1_63' title="bbox 1942 3154 3595 3227">
    <p class='ocr_par' dir='ltr' id='par_1_63' title="bbox 1942 3154 3595 3227">
     <span class='ocr_line' id='line_1_63' title="bbox 1942 3154 3595 3227; baseline 0.004 -20"><span class='ocrx_word' id='word_1_409' title='bbox 1942 3154 2217 3209; x_wconf 89' lang='lat' dir='ltr'><strong>stimonia</strong></span> <span class='ocrx_word' id='word_1_410' title='bbox 2240 3155 2364 3224; x_wconf 88' lang='lat' dir='ltr'><strong>jam</strong></span> <span class='ocrx_word' id='word_1_411' title='bbox 2413 3155 2548 3210; x_wconf 90' lang='lat' dir='ltr'><strong>inde</strong></span> <span class='ocrx_word' id='word_1_412' title='bbox 2579 3174 2611 3211; x_wconf 92' lang='lat' dir='ltr'><strong>a</strong></span> <span class='ocrx_word' id='word_1_413' title='bbox 2651 3155 2863 3211; x_wconf 75' lang='lat' dir='ltr'><strong>saeculo</strong></span> <span class='ocrx_word' id='word_1_414' title='bbox 2900 3173 2958 3212; x_wconf 86' lang='lat' dir='ltr'><strong>1v</strong></span> <span class='ocrx_word' id='word_1_415' title='bbox 2990 3171 3175 3227; x_wconf 89' lang='lat' dir='ltr'><strong>usque</strong></span> <span class='ocrx_word' id='word_1_416' title='bbox 3222 3157 3292 3210; x_wconf 89' lang='lat' dir='ltr'><strong>ad</strong></span> <span class='ocrx_word' id='word_1_417' title='bbox 3324 3173 3418 3225; x_wconf 85' lang='lat' dir='ltr'><strong>xv,</strong></span> <span class='ocrx_word' id='word_1_418' title='bbox 3455 3174 3595 3214; x_wconf 90' lang='lat' dir='ltr'><strong>con-</strong></span> 
     </span>
    </p>
   </div>
   <div class='ocr_carea' id='block_1_64' title="bbox 1938 3243 3597 3313">
    <p class='ocr_par' dir='ltr' id='par_1_64' title="bbox 1938 3243 3597 3313">
     <span class='ocr_line' id='line_1_64' title="bbox 1938 3243 3597 3313; baseline 0.004 -17"><span class='ocrx_word' id='word_1_419' title='bbox 1938 3243 2102 3296; x_wconf 91' lang='lat' dir='ltr'><strong>tinuo</strong></span> <span class='ocrx_word' id='word_1_420' title='bbox 2134 3244 2412 3313; x_wconf 90' lang='lat' dir='ltr'><strong>temporis</strong></span> <span class='ocrx_word' id='word_1_421' title='bbox 2443 3245 2644 3299; x_wconf 88' lang='lat' dir='ltr'><strong>ordine</strong></span> <span class='ocrx_word' id='word_1_422' title='bbox 2674 3248 2901 3299; x_wconf 91' lang='lat' dir='ltr'><strong>servato</strong></span> <span class='ocrx_word' id='word_1_423' title='bbox 2933 3245 3202 3311; x_wconf 90' lang='lat' dir='ltr'><strong>deducta,</strong></span> <span class='ocrx_word' id='word_1_424' title='bbox 3229 3244 3345 3300; x_wconf 87' lang='lat' dir='ltr'><strong>sive</strong></span> <span class='ocrx_word' id='word_1_425' title='bbox 3368 3246 3440 3300; x_wconf 89' lang='lat' dir='ltr'><strong>ad</strong></span> <span class='ocrx_word' id='word_1_426' title='bbox 3466 3262 3597 3302; x_wconf 88' lang='lat' dir='ltr'><strong>ver-</strong></span> 
     </span>
    </p>
   </div>
   <div class='ocr_carea' id='block_1_65' title="bbox 201 3330 3593 3406">
    <p class='ocr_par' dir='ltr' id='par_1_65' title="bbox 201 3330 3593 3406">
     <span class='ocr_line' id='line_1_65' title="bbox 201 3330 3593 3406; baseline 0.001 -18"><span class='ocrx_word' id='word_1_427' title='bbox 201 3332 466 3386; x_wconf 83' lang='lat' dir='ltr'><strong>secundis</strong></span> <span class='ocrx_word' id='word_1_428' title='bbox 513 3332 916 3403; x_wconf 88' lang='lat' dir='ltr'><strong>perpoliverat,</strong></span> <span class='ocrx_word' id='word_1_429' title='bbox 971 3339 1035 3389; x_wconf 93' lang='lat' dir='ltr'><strong>ut</strong></span> <span class='ocrx_word' id='word_1_430' title='bbox 1072 3351 1138 3389; x_wconf 85' lang='lat' dir='ltr'><strong>ex</strong></span> <span class='ocrx_word' id='word_1_431' title='bbox 1177 3335 1452 3406; x_wconf 84' lang='lat' dir='ltr'><strong>anonymi</strong></span> <span class='ocrx_word' id='word_1_432' title='bbox 1499 3336 1832 3406; x_wconf 63' lang='lat' dir='ltr'><strong>praefatione</strong></span> <span class='ocrx_word' id='word_1_433' title='bbox 1864 3330 1906 3397; x_wconf 83' lang='lat' dir='ltr'><strong><em>C</em></strong></span> <span class='ocrx_word' id='word_1_434' title='bbox 1946 3331 2128 3386; x_wconf 89' lang='lat' dir='ltr'><strong>sicnis</strong></span> <span class='ocrx_word' id='word_1_435' title='bbox 2159 3331 2567 3401; x_wconf 85' lang='lat' dir='ltr'><strong>antiquitatem</strong></span> <span class='ocrx_word' id='word_1_436' title='bbox 2600 3332 2717 3387; x_wconf 90' lang='lat' dir='ltr'><strong>sive</strong></span> <span class='ocrx_word' id='word_1_437' title='bbox 2749 3334 2819 3388; x_wconf 90' lang='lat' dir='ltr'><strong>ad</strong></span> <span class='ocrx_word' id='word_1_438' title='bbox 2843 3331 3028 3403; x_wconf 89' lang='lat' dir='ltr'><strong>ipsius</strong></span> <span class='ocrx_word' id='word_1_439' title='bbox 3052 3333 3321 3404; x_wconf 74' lang='lat' dir='ltr'><strong>Epistolas</strong></span> <span class='ocrx_word' id='word_1_440' title='bbox 3351 3333 3593 3390; x_wconf 89' lang='lat' dir='ltr'><strong>sinceri-</strong></span> 
     </span>
    </p>
   </div>
   <div class='ocr_carea' id='block_1_66' title="bbox 203 3419 1834 3492">
    <p class='ocr_par' dir='ltr' id='par_1_66' title="bbox 203 3419 1834 3492">
     <span class='ocr_line' id='line_1_66' title="bbox 203 3419 1834 3492; baseline 0.003 -19"><span class='ocrx_word' id='word_1_441' title='bbox 203 3419 266 3473; x_wconf 91' lang='lat' dir='ltr'><strong>ad</strong></span> <span class='ocrx_word' id='word_1_442' title='bbox 296 3436 504 3475; x_wconf 88' lang='lat' dir='ltr'><strong>novam</strong></span> <span class='ocrx_word' id='word_1_443' title='bbox 546 3420 831 3492; x_wconf 86' lang='lat' dir='ltr'><strong>Spieilegii</strong></span> <span class='ocrx_word' id='word_1_444' title='bbox 877 3423 970 3478; x_wconf 89' lang='lat' dir='ltr'><strong>SS.</strong></span> <span class='ocrx_word' id='word_1_445' title='bbox 1004 3427 1232 3478; x_wconf 81' lang='lat' dir='ltr'><strong>Patrum</strong></span> <span class='ocrx_word' id='word_1_446' title='bbox 1282 3423 1664 3479; x_wconf 85' lang='lat' dir='ltr'><strong>Oxoniensem</strong></span> <span class='ocrx_word' id='word_1_447' title='bbox 1714 3424 1834 3478; x_wconf 92' lang='lat' dir='ltr'><strong>edi-</strong></span> 
     </span>
    </p>
   </div>
   <div class='ocr_carea' id='block_1_67' title="bbox 202 3508 1835 3584">
    <p class='ocr_par' dir='ltr' id='par_1_67' title="bbox 202 3508 1835 3584">
     <span class='ocr_line' id='line_1_67' title="bbox 202 3508 1835 3584; baseline 0.004 -23"><span class='ocrx_word' id='word_1_448' title='bbox 202 3508 412 3563; x_wconf 90' lang='lat' dir='ltr'><strong>tionem</strong></span> <span class='ocrx_word' id='word_1_449' title='bbox 445 3510 767 3566; x_wconf 88' lang='lat' dir='ltr'><strong>erudimur.</strong></span> <span class='ocrx_word' id='word_1_450' title='bbox 802 3516 865 3566; x_wconf 85' lang='lat' dir='ltr'><strong>ln</strong></span> <span class='ocrx_word' id='word_1_451' title='bbox 897 3511 1003 3567; x_wconf 90' lang='lat' dir='ltr'><strong>hoc</strong></span> <span class='ocrx_word' id='word_1_452' title='bbox 1027 3529 1195 3582; x_wconf 90' lang='lat' dir='ltr'><strong>porro</strong></span> <span class='ocrx_word' id='word_1_453' title='bbox 1227 3512 1456 3584; x_wconf 85' lang='lat' dir='ltr'><strong>egregio</strong></span> <span class='ocrx_word' id='word_1_454' title='bbox 1489 3529 1663 3567; x_wconf 70' lang='lat' dir='ltr'><strong>sacrae</strong></span> <span class='ocrx_word' id='word_1_455' title='bbox 1687 3513 1835 3568; x_wconf 89' lang='lat' dir='ltr'><strong>anti-</strong></span> 
     </span>
    </p>
   </div>
   <div class='ocr_carea' id='block_1_68' title="bbox 203 3598 1834 3671">
    <p class='ocr_par' dir='ltr' id='par_1_68' title="bbox 203 3598 1834 3671">
     <span class='ocr_line' id='line_1_68' title="bbox 203 3598 1834 3671; baseline 0.003 -20"><span class='ocrx_word' id='word_1_456' title='bbox 203 3598 434 3667; x_wconf 88' lang='lat' dir='ltr'><strong>quitatis</strong></span> <span class='ocrx_word' id='word_1_457' title='bbox 477 3603 858 3653; x_wconf 88' lang='lat' dir='ltr'><strong>monumento</strong></span> <span class='ocrx_word' id='word_1_458' title='bbox 903 3600 1125 3655; x_wconf 90' lang='lat' dir='ltr'><strong>edendo</strong></span> <span class='ocrx_word' id='word_1_459' title='bbox 1157 3604 1331 3671; x_wconf 89' lang='lat' dir='ltr'><strong>atque</strong></span> <span class='ocrx_word' id='word_1_460' title='bbox 1379 3601 1714 3655; x_wconf 89' lang='lat' dir='ltr'><strong>adornando</strong></span> <span class='ocrx_word' id='word_1_461' title='bbox 1746 3617 1834 3656; x_wconf 83' lang='lat' dir='ltr'><strong>se-</strong></span> 
     </span>
    </p>
   </div>
   <div class='ocr_carea' id='block_1_69' title="bbox 203 3686 1837 3761">
    <p class='ocr_par' dir='ltr' id='par_1_69' title="bbox 203 3686 1837 3761">
     <span class='ocr_line' id='line_1_69' title="bbox 203 3686 1837 3761; baseline 0.003 -22"><span class='ocrx_word' id='word_1_462' title='bbox 203 3686 394 3742; x_wconf 89' lang='lat' dir='ltr'><strong>dulam</strong></span> <span class='ocrx_word' id='word_1_463' title='bbox 427 3703 665 3759; x_wconf 89' lang='lat' dir='ltr'><strong>operam</strong></span> <span class='ocrx_word' id='word_1_464' title='bbox 698 3687 809 3742; x_wconf 90' lang='lat' dir='ltr'><strong>sibi</strong></span> <span class='ocrx_word' id='word_1_465' title='bbox 842 3688 1164 3743; x_wconf 89' lang='lat' dir='ltr'><strong>adhibitam</strong></span> <span class='ocrx_word' id='word_1_466' title='bbox 1197 3689 1502 3761; x_wconf 81' lang='lat' dir='ltr'><strong>profitetur</strong></span> <span class='ocrx_word' id='word_1_467' title='bbox 1528 3690 1616 3744; x_wconf 89' lang='lat' dir='ltr'><strong>vir</strong></span> <span class='ocrx_word' id='word_1_468' title='bbox 1644 3690 1837 3744; x_wconf 87' lang='lat' dir='ltr'><strong>erudi-</strong></span> 
     </span>
    </p>
   </div>
   <div class='ocr_carea' id='block_1_70' title="bbox 202 3775 1836 3848">
    <p class='ocr_par' dir='ltr' id='par_1_70' title="bbox 202 3775 1836 3848">
     <span class='ocr_line' id='line_1_70' title="bbox 202 3775 1836 3848; baseline 0.002 -19"><span class='ocrx_word' id='word_1_469' title='bbox 202 3778 310 3830; x_wconf 87' lang='lat' dir='ltr'><strong>tus.</strong></span> <span class='ocrx_word' id='word_1_470' title='bbox 343 3775 658 3845; x_wconf 89' lang='lat' dir='ltr'><strong>Nimirum,</strong></span> <span class='ocrx_word' id='word_1_471' title='bbox 692 3792 762 3830; x_wconf 91' lang='lat' dir='ltr'><strong>ne</strong></span> <span class='ocrx_word' id='word_1_472' title='bbox 794 3775 996 3831; x_wconf 67' lang='lat' dir='ltr'><strong>littera:</strong></span> <span class='ocrx_word' id='word_1_473' title='bbox 1042 3777 1278 3847; x_wconf 86' lang='lat' dir='ltr'><strong>quidem</strong></span> <span class='ocrx_word' id='word_1_474' title='bbox 1311 3777 1535 3848; x_wconf 90' lang='lat' dir='ltr'><strong>apicem</strong></span> <span class='ocrx_word' id='word_1_475' title='bbox 1568 3778 1836 3844; x_wconf 89' lang='lat' dir='ltr'><strong>mutavit,</strong></span> 
     </span>
    </p>
   </div>
   <div class='ocr_carea' id='block_1_71' title="bbox 202 3862 1838 3934">
    <p class='ocr_par' dir='ltr' id='par_1_71' title="bbox 202 3862 1838 3934">
     <span class='ocr_line' id='line_1_71' title="bbox 202 3862 1838 3934; baseline 0.003 -17"><span class='ocrx_word' id='word_1_476' title='bbox 202 3862 308 3918; x_wconf 90' lang='lat' dir='ltr'><strong>nisi</strong></span> <span class='ocrx_word' id='word_1_477' title='bbox 339 3863 437 3918; x_wconf 88' lang='lat' dir='ltr'><strong>ubi</strong></span> <span class='ocrx_word' id='word_1_478' title='bbox 487 3863 864 3918; x_wconf 89' lang='lat' dir='ltr'><strong>dicendorum</strong></span> <span class='ocrx_word' id='word_1_479' title='bbox 913 3882 1116 3930; x_wconf 84' lang='lat' dir='ltr'><strong>nexus,</strong></span> <span class='ocrx_word' id='word_1_480' title='bbox 1161 3865 1383 3920; x_wconf 87' lang='lat' dir='ltr'><strong>librarii</strong></span> <span class='ocrx_word' id='word_1_481' title='bbox 1415 3866 1743 3934; x_wconf 86' lang='lat' dir='ltr'><strong>oscitantia,</strong></span> <span class='ocrx_word' id='word_1_482' title='bbox 1780 3870 1838 3922; x_wconf 87' lang='lat' dir='ltr'><strong>et</strong></span> 
     </span>
    </p>
   </div>
   <div class='ocr_carea' id='block_1_72' title="bbox 201 3952 1836 4026">
    <p class='ocr_par' dir='ltr' id='par_1_72' title="bbox 201 3952 1836 4026">
     <span class='ocr_line' id='line_1_72' title="bbox 201 3952 1836 4026; baseline 0.002 -20"><span class='ocrx_word' id='word_1_483' title='bbox 201 3957 348 4006; x_wconf 88' lang='lat' dir='ltr'><strong>recta</strong></span> <span class='ocrx_word' id='word_1_484' title='bbox 377 3952 754 4007; x_wconf 89' lang='lat' dir='ltr'><strong>construendi</strong></span> <span class='ocrx_word' id='word_1_485' title='bbox 801 3954 1208 4025; x_wconf 91' lang='lat' dir='ltr'><strong>scribendique</strong></span> <span class='ocrx_word' id='word_1_486' title='bbox 1238 3955 1384 4009; x_wconf 88' lang='lat' dir='ltr'><strong>ratio</strong></span> <span class='ocrx_word' id='word_1_487' title='bbox 1416 3954 1469 4008; x_wconf 91' lang='lat' dir='ltr'><strong>id</strong></span> <span class='ocrx_word' id='word_1_488' title='bbox 1503 3955 1836 4026; x_wconf 84' lang='lat' dir='ltr'><strong>expostula-</strong></span> 
     </span>
    </p>
   </div>
   <div class='ocr_carea' id='block_1_73' title="bbox 202 4039 1838 4114">
    <p class='ocr_par' dir='ltr' id='par_1_73' title="bbox 202 4039 1838 4114">
     <span class='ocr_line' id='line_1_73' title="bbox 202 4039 1838 4114; baseline 0.003 -21"><span class='ocrx_word' id='word_1_489' title='bbox 202 4039 305 4108; x_wconf 90' lang='lat' dir='ltr'><strong>rit;</strong></span> <span class='ocrx_word' id='word_1_490' title='bbox 337 4039 436 4096; x_wconf 88' lang='lat' dir='ltr'><strong>ubi</strong></span> <span class='ocrx_word' id='word_1_491' title='bbox 469 4056 603 4095; x_wconf 91' lang='lat' dir='ltr'><strong>vero</strong></span> <span class='ocrx_word' id='word_1_492' title='bbox 649 4041 1004 4097; x_wconf 88' lang='lat' dir='ltr'><strong>vocabulum</strong></span> <span class='ocrx_word' id='word_1_493' title='bbox 1036 4041 1269 4114; x_wconf 85' lang='lat' dir='ltr'><strong>aliquod</strong></span> <span class='ocrx_word' id='word_1_494' title='bbox 1313 4043 1484 4098; x_wconf 91' lang='lat' dir='ltr'><strong>unius</strong></span> <span class='ocrx_word' id='word_1_495' title='bbox 1530 4043 1838 4098; x_wconf 88' lang='lat' dir='ltr'><strong>alteriusve</strong></span> 
     </span>
    </p>
   </div>
   <div class='ocr_carea' id='block_1_74' title="bbox 200 4126 1838 4201">
    <p class='ocr_par' dir='ltr' id='par_1_74' title="bbox 200 4126 1838 4201">
     <span class='ocr_line' id='line_1_74' title="bbox 200 4126 1838 4201; baseline 0.004 -19"><span class='ocrx_word' id='word_1_496' title='bbox 200 4126 394 4184; x_wconf 82' lang='lat' dir='ltr'><strong>litterae</strong></span> <span class='ocrx_word' id='word_1_497' title='bbox 450 4129 794 4198; x_wconf 88' lang='lat' dir='ltr'><strong>mutatione,</strong></span> <span class='ocrx_word' id='word_1_498' title='bbox 829 4131 1151 4201; x_wconf 85' lang='lat' dir='ltr'><strong>adjectione</strong></span> <span class='ocrx_word' id='word_1_499' title='bbox 1201 4131 1288 4187; x_wconf 92' lang='lat' dir='ltr'><strong>vel</strong></span> <span class='ocrx_word' id='word_1_500' title='bbox 1321 4133 1674 4188; x_wconf 88' lang='lat' dir='ltr'><strong>detractione</strong></span> <span class='ocrx_word' id='word_1_501' title='bbox 1717 4149 1838 4188; x_wconf 90' lang='lat' dir='ltr'><strong>cor-</strong></span> 
     </span>
    </p>
   </div>
   <div class='ocr_carea' id='block_1_75' title="bbox 201 4218 1836 4291">
    <p class='ocr_par' dir='ltr' id='par_1_75' title="bbox 201 4218 1836 4291">
     <span class='ocr_line' id='line_1_75' title="bbox 201 4218 1836 4291; baseline 0.002 -19"><span class='ocrx_word' id='word_1_502' title='bbox 201 4222 434 4290; x_wconf 89' lang='lat' dir='ltr'><strong>ruptum</strong></span> <span class='ocrx_word' id='word_1_503' title='bbox 466 4218 703 4291; x_wconf 90' lang='lat' dir='ltr'><strong>invenit,</strong></span> <span class='ocrx_word' id='word_1_504' title='bbox 736 4237 874 4276; x_wconf 89' lang='lat' dir='ltr'><strong>suas</strong></span> <span class='ocrx_word' id='word_1_505' title='bbox 916 4221 1353 4277; x_wconf 89' lang='lat' dir='ltr'><strong>emendationes</strong></span> <span class='ocrx_word' id='word_1_506' title='bbox 1383 4221 1442 4276; x_wconf 92' lang='lat' dir='ltr'><strong>in</strong></span> <span class='ocrx_word' id='word_1_507' title='bbox 1487 4225 1709 4277; x_wconf 89' lang='lat' dir='ltr'><strong>textum</strong></span> <span class='ocrx_word' id='word_1_508' title='bbox 1742 4221 1836 4276; x_wconf 92' lang='lat' dir='ltr'><strong>in-</strong></span> 
     </span>
    </p>
   </div>
   <div class='ocr_carea' id='block_1_76' title="bbox 200 4306 1837 4374">
    <p class='ocr_par' dir='ltr' id='par_1_76' title="bbox 200 4306 1837 4374">
     <span class='ocr_line' id='line_1_76' title="bbox 200 4306 1837 4374; baseline 0.004 -14"><span class='ocrx_word' id='word_1_509' title='bbox 200 4306 349 4374; x_wconf 91' lang='lat' dir='ltr'><strong>tulit,</strong></span> <span class='ocrx_word' id='word_1_510' title='bbox 375 4323 582 4362; x_wconf 90' lang='lat' dir='ltr'><strong>omnes</strong></span> <span class='ocrx_word' id='word_1_511' title='bbox 610 4311 806 4363; x_wconf 86' lang='lat' dir='ltr'><strong>tamen</strong></span> <span class='ocrx_word' id='word_1_512' title='bbox 835 4323 947 4364; x_wconf 92' lang='lat' dir='ltr'><strong>ms.</strong></span> <span class='ocrx_word' id='word_1_513' title='bbox 981 4309 1492 4366; x_wconf 87' lang='lat' dir='ltr'><strong>codicislectiones</strong></span> <span class='ocrx_word' id='word_1_514' title='bbox 1525 4310 1837 4366; x_wconf 80' lang='lat' dir='ltr'><strong>mendosae</strong></span> 
     </span>
    </p>
   </div>
   <div class='ocr_carea' id='block_1_77' title="bbox 201 4395 1834 4471">
    <p class='ocr_par' dir='ltr' id='par_1_77' title="bbox 201 4395 1834 4471">
     <span class='ocr_line' id='line_1_77' title="bbox 201 4395 1834 4471; baseline 0.002 -21"><span class='ocrx_word' id='word_1_515' title='bbox 201 4395 536 4466; x_wconf 88' lang='lat' dir='ltr'><strong>subjiciens.</strong></span> <span class='ocrx_word' id='word_1_516' title='bbox 577 4396 780 4452; x_wconf 82' lang='lat' dir='ltr'><strong>Textui</strong></span> <span class='ocrx_word' id='word_1_517' title='bbox 811 4396 1005 4452; x_wconf 67' lang='lat' dir='ltr'><strong>Graeco</strong></span> <span class='ocrx_word' id='word_1_518' title='bbox 1049 4415 1255 4453; x_wconf 90' lang='lat' dir='ltr'><strong>novam</strong></span> <span class='ocrx_word' id='word_1_519' title='bbox 1301 4398 1626 4454; x_wconf 89' lang='lat' dir='ltr'><strong>versionem</strong></span> <span class='ocrx_word' id='word_1_520' title='bbox 1657 4415 1834 4471; x_wconf 85' lang='lat' dir='ltr'><strong>appo-</strong></span> 
     </span>
    </p>
   </div>
   <div class='ocr_carea' id='block_1_78' title="bbox 201 4485 1832 4557">
    <p class='ocr_par' dir='ltr' id='par_1_78' title="bbox 201 4485 1832 4557">
     <span class='ocr_line' id='line_1_78' title="bbox 201 4485 1832 4557; baseline 0.001 -19"><span class='ocrx_word' id='word_1_521' title='bbox 201 4485 334 4552; x_wconf 90' lang='lat' dir='ltr'><strong>suit,</strong></span> <span class='ocrx_word' id='word_1_522' title='bbox 365 4485 681 4557; x_wconf 90' lang='lat' dir='ltr'><strong>ipsumque</strong></span> <span class='ocrx_word' id='word_1_523' title='bbox 714 4485 866 4541; x_wconf 90' lang='lat' dir='ltr'><strong>notis</strong></span> <span class='ocrx_word' id='word_1_524' title='bbox 907 4485 1276 4543; x_wconf 89' lang='lat' dir='ltr'><strong>uberioribus</strong></span> <span class='ocrx_word' id='word_1_525' title='bbox 1315 4487 1646 4544; x_wconf 88' lang='lat' dir='ltr'><strong>illustravit.</strong></span> <span class='ocrx_word' id='word_1_526' title='bbox 1683 4487 1832 4542; x_wconf 84' lang='lat' dir='ltr'><strong>Reli-</strong></span> 
     </span>
    </p>
   </div>
   <div class='ocr_carea' id='block_1_79' title="bbox 200 4574 1834 4647">
    <p class='ocr_par' dir='ltr' id='par_1_79' title="bbox 200 4574 1834 4647">
     <span class='ocr_line' id='line_1_79' title="bbox 200 4574 1834 4647; baseline 0.002 -19"><span class='ocrx_word' id='word_1_527' title='bbox 200 4588 309 4644; x_wconf 88' lang='lat' dir='ltr'><strong>qua</strong></span> <span class='ocrx_word' id='word_1_528' title='bbox 338 4574 670 4630; x_wconf 90' lang='lat' dir='ltr'><strong>omittimus</strong></span> <span class='ocrx_word' id='word_1_529' title='bbox 702 4591 1021 4643; x_wconf 90' lang='lat' dir='ltr'><strong>recensere,</strong></span> <span class='ocrx_word' id='word_1_530' title='bbox 1053 4591 1179 4646; x_wconf 61' lang='lat' dir='ltr'><strong>quae</strong></span> <span class='ocrx_word' id='word_1_531' title='bbox 1209 4578 1277 4629; x_wconf 89' lang='lat' dir='ltr'><strong>V.</strong></span> <span class='ocrx_word' id='word_1_532' title='bbox 1311 4574 1370 4631; x_wconf 90' lang='lat' dir='ltr'><strong>C.</strong></span> <span class='ocrx_word' id='word_1_533' title='bbox 1404 4575 1521 4631; x_wconf 91' lang='lat' dir='ltr'><strong>sive</strong></span> <span class='ocrx_word' id='word_1_534' title='bbox 1553 4575 1611 4630; x_wconf 90' lang='lat' dir='ltr'><strong>in</strong></span> <span class='ocrx_word' id='word_1_535' title='bbox 1643 4576 1834 4647; x_wconf 91' lang='lat' dir='ltr'><strong>operis</strong></span> 
     </span>
    </p>
   </div>
   <div class='ocr_carea' id='block_1_80' title="bbox 1945 3420 3597 3492">
    <p class='ocr_par' dir='ltr' id='par_1_80' title="bbox 1945 3420 3597 3492">
     <span class='ocr_line' id='line_1_80' title="bbox 1945 3420 3597 3492; baseline 0.002 -18"><span class='ocrx_word' id='word_1_536' title='bbox 1945 3424 2125 3475; x_wconf 89' lang='lat' dir='ltr'><strong>tatem</strong></span> <span class='ocrx_word' id='word_1_537' title='bbox 2176 3420 2577 3487; x_wconf 88' lang='lat' dir='ltr'><strong>astruendam,</strong></span> <span class='ocrx_word' id='word_1_538' title='bbox 2625 3420 2782 3476; x_wconf 88' lang='lat' dir='ltr'><strong>haud</strong></span> <span class='ocrx_word' id='word_1_539' title='bbox 2833 3437 3042 3492; x_wconf 89' lang='lat' dir='ltr'><strong>parum</strong></span> <span class='ocrx_word' id='word_1_540' title='bbox 3087 3421 3348 3478; x_wconf 84' lang='lat' dir='ltr'><strong>conferre</strong></span> <span class='ocrx_word' id='word_1_541' title='bbox 3398 3424 3597 3480; x_wconf 83' lang='lat' dir='ltr'><strong>existi-</strong></span> 
     </span>
    </p>
   </div>
   <div class='ocr_carea' id='block_1_81' title="bbox 1947 3512 2205 3563">
    <p class='ocr_par' dir='ltr' id='par_1_81' title="bbox 1947 3512 2205 3563">
     <span class='ocr_line' id='line_1_81' title="bbox 1947 3512 2205 3563; baseline -0.004 0"><span class='ocrx_word' id='word_1_542' title='bbox 1947 3512 2205 3563; x_wconf 88' lang='lat' dir='ltr'><strong>mantur.</strong></span> 
     </span>
    </p>
   </div>
   <div class='ocr_carea' id='block_1_82' title="bbox 2018 3596 3588 3670">
    <p class='ocr_par' dir='ltr' id='par_1_82' title="bbox 2018 3596 3588 3670">
     <span class='ocr_line' id='line_1_82' title="bbox 2018 3596 3588 3670; baseline 0.003 -18"><span class='ocrx_word' id='word_1_543' title='bbox 2018 3597 2106 3652; x_wconf 89' lang='lat' dir='ltr'><strong>IV.</strong></span> <span class='ocrx_word' id='word_1_544' title='bbox 2143 3597 2220 3652; x_wconf 94' lang='lat' dir='ltr'><strong>De</strong></span> <span class='ocrx_word' id='word_1_545' title='bbox 2253 3596 2597 3652; x_wconf 86' lang='lat' dir='ltr'><strong>auctoritate</strong></span> <span class='ocrx_word' id='word_1_546' title='bbox 2629 3600 2825 3652; x_wconf 90' lang='lat' dir='ltr'><strong>autem</strong></span> <span class='ocrx_word' id='word_1_547' title='bbox 2863 3597 3042 3668; x_wconf 86' lang='lat' dir='ltr'><strong>hujus</strong></span> <span class='ocrx_word' id='word_1_548' title='bbox 3072 3598 3364 3670; x_wconf 67' lang='lat' dir='ltr'><strong>Epistolas,</strong></span> <span class='ocrx_word' id='word_1_549' title='bbox 3397 3600 3588 3658; x_wconf 88' lang='lat' dir='ltr'><strong>varias</strong></span> 
     </span>
    </p>
   </div>
   <div class='ocr_carea' id='block_1_83' title="bbox 1945 3685 3594 3747">
    <p class='ocr_par' dir='ltr' id='par_1_83' title="bbox 1945 3685 3594 3747">
     <span class='ocr_line' id='line_1_83' title="bbox 1945 3685 3594 3747; baseline 0.003 -6"><span class='ocrx_word' id='word_1_550' title='bbox 1945 3701 2072 3741; x_wconf 88' lang='lat' dir='ltr'><strong>esse</strong></span> <span class='ocrx_word' id='word_1_551' title='bbox 2103 3687 2357 3740; x_wconf 89' lang='lat' dir='ltr'><strong>virorum</strong></span> <span class='ocrx_word' id='word_1_552' title='bbox 2404 3685 2766 3741; x_wconf 90' lang='lat' dir='ltr'><strong>eruditorum</strong></span> <span class='ocrx_word' id='word_1_553' title='bbox 2811 3686 3131 3742; x_wconf 88' lang='lat' dir='ltr'><strong>sententias</strong></span> <span class='ocrx_word' id='word_1_554' title='bbox 3177 3704 3350 3743; x_wconf 91' lang='lat' dir='ltr'><strong>nemo</strong></span> <span class='ocrx_word' id='word_1_555' title='bbox 3386 3691 3594 3747; x_wconf 88' lang='lat' dir='ltr'><strong>nescit.</strong></span> 
     </span>
    </p>
   </div>
   <div class='ocr_carea' id='block_1_84' title="bbox 1945 3774 3594 3848">
    <p class='ocr_par' dir='ltr' id='par_1_84' title="bbox 1945 3774 3594 3848">
     <span class='ocr_line' id='line_1_84' title="bbox 1945 3774 3594 3848; baseline 0.004 -21"><span class='ocrx_word' id='word_1_556' title='bbox 1945 3774 2055 3828; x_wconf 91' lang='lat' dir='ltr'><strong>Alii</strong></span> <span class='ocrx_word' id='word_1_557' title='bbox 2090 3791 2338 3846; x_wconf 84' lang='lat' dir='ltr'><strong>namque</strong></span> <span class='ocrx_word' id='word_1_558' title='bbox 2367 3774 2524 3830; x_wconf 93' lang='lat' dir='ltr'><strong>velut</strong></span> <span class='ocrx_word' id='word_1_559' title='bbox 2571 3774 3004 3847; x_wconf 89' lang='lat' dir='ltr'><strong>supposititiam</strong></span> <span class='ocrx_word' id='word_1_560' title='bbox 3059 3780 3234 3848; x_wconf 90' lang='lat' dir='ltr'><strong>atque</strong></span> <span class='ocrx_word' id='word_1_561' title='bbox 3282 3779 3594 3834; x_wconf 86' lang='lat' dir='ltr'><strong>confictam</strong></span> 
     </span>
    </p>
   </div>
   <div class='ocr_carea' id='block_1_85' title="bbox 1945 3861 3595 3934">
    <p class='ocr_par' dir='ltr' id='par_1_85' title="bbox 1945 3861 3595 3934">
     <span class='ocr_line' id='line_1_85' title="bbox 1945 3861 3595 3934; baseline 0.002 -17"><span class='ocrx_word' id='word_1_562' title='bbox 1945 3879 2186 3934; x_wconf 90' lang='lat' dir='ltr'><strong>prorsus</strong></span> <span class='ocrx_word' id='word_1_563' title='bbox 2217 3861 2525 3933; x_wconf 89' lang='lat' dir='ltr'><strong>rejiciunt;</strong></span> <span class='ocrx_word' id='word_1_564' title='bbox 2577 3863 2672 3917; x_wconf 86' lang='lat' dir='ltr'><strong>alii</strong></span> <span class='ocrx_word' id='word_1_565' title='bbox 2725 3881 2858 3918; x_wconf 91' lang='lat' dir='ltr'><strong>vero</strong></span> <span class='ocrx_word' id='word_1_566' title='bbox 2891 3865 3018 3934; x_wconf 86' lang='lat' dir='ltr'><strong>ejus</strong></span> <span class='ocrx_word' id='word_1_567' title='bbox 3069 3867 3479 3921; x_wconf 84' lang='lat' dir='ltr'><strong>auctoritatem</strong></span> <span class='ocrx_word' id='word_1_568' title='bbox 3535 3867 3595 3922; x_wconf 91' lang='lat' dir='ltr'><strong>in</strong></span> 
     </span>
    </p>
   </div>
   <div class='ocr_carea' id='block_1_86' title="bbox 1944 3951 3594 4024">
    <p class='ocr_par' dir='ltr' id='par_1_86' title="bbox 1944 3951 3594 4024">
     <span class='ocr_line' id='line_1_86' title="bbox 1944 3951 3594 4024; baseline 0.004 -18"><span class='ocrx_word' id='word_1_569' title='bbox 1944 3951 2190 4006; x_wconf 90' lang='lat' dir='ltr'><strong>dubium</strong></span> <span class='ocrx_word' id='word_1_570' title='bbox 2225 3956 2529 4007; x_wconf 89' lang='lat' dir='ltr'><strong>revocant:</strong></span> <span class='ocrx_word' id='word_1_571' title='bbox 2565 3951 2663 4007; x_wconf 85' lang='lat' dir='ltr'><strong>alii</strong></span> <span class='ocrx_word' id='word_1_572' title='bbox 2695 3953 2948 4024; x_wconf 91' lang='lat' dir='ltr'><strong>denique</strong></span> <span class='ocrx_word' id='word_1_573' title='bbox 2977 3957 3259 4024; x_wconf 89' lang='lat' dir='ltr'><strong>tanquam</strong></span> <span class='ocrx_word' id='word_1_574' title='bbox 3293 3955 3594 4013; x_wconf 91' lang='lat' dir='ltr'><strong>sincerum</strong></span> 
     </span>
    </p>
   </div>
   <div class='ocr_carea' id='block_1_87' title="bbox 1944 4042 3593 4114">
    <p class='ocr_par' dir='ltr' id='par_1_87' title="bbox 1944 4042 3593 4114">
     <span class='ocr_line' id='line_1_87' title="bbox 1944 4042 3593 4114; baseline 0.003 -17"><span class='ocrx_word' id='word_1_575' title='bbox 1944 4059 2119 4097; x_wconf 66' lang='lat' dir='ltr'><strong>sacra</strong></span> <span class='ocrx_word' id='word_1_576' title='bbox 2175 4042 2540 4113; x_wconf 89' lang='lat' dir='ltr'><strong>antiquitatis</strong></span> <span class='ocrx_word' id='word_1_577' title='bbox 2602 4043 2783 4098; x_wconf 86' lang='lat' dir='ltr'><strong>fetum</strong></span> <span class='ocrx_word' id='word_1_578' title='bbox 2828 4048 3174 4114; x_wconf 88' lang='lat' dir='ltr'><strong>agnoscunt.</strong></span> <span class='ocrx_word' id='word_1_579' title='bbox 3231 4044 3402 4100; x_wconf 88' lang='lat' dir='ltr'><strong>Plura</strong></span> <span class='ocrx_word' id='word_1_580' title='bbox 3451 4052 3593 4102; x_wconf 88' lang='lat' dir='ltr'><strong>sunt</strong></span> 
     </span>
    </p>
   </div>
   <div class='ocr_carea' id='block_1_88' title="bbox 1943 4130 3595 4207">
    <p class='ocr_par' dir='ltr' id='par_1_88' title="bbox 1943 4130 3595 4207">
     <span class='ocr_line' id='line_1_88' title="bbox 1943 4130 3595 4207; baseline 0.003 -20"><span class='ocrx_word' id='word_1_581' title='bbox 1943 4132 2258 4203; x_wconf 87' lang='lat' dir='ltr'><strong>enimvero,</strong></span> <span class='ocrx_word' id='word_1_582' title='bbox 2293 4148 2480 4202; x_wconf 91' lang='lat' dir='ltr'><strong>neque</strong></span> <span class='ocrx_word' id='word_1_583' title='bbox 2518 4130 2684 4199; x_wconf 90' lang='lat' dir='ltr'><strong>levia,</strong></span> <span class='ocrx_word' id='word_1_584' title='bbox 2719 4148 2847 4203; x_wconf 66' lang='lat' dir='ltr'><strong>quae</strong></span> <span class='ocrx_word' id='word_1_585' title='bbox 2887 4132 2958 4186; x_wconf 90' lang='lat' dir='ltr'><strong>ad</strong></span> <span class='ocrx_word' id='word_1_586' title='bbox 2999 4132 3431 4205; x_wconf 84' lang='lat' dir='ltr'><strong>infringendam</strong></span> <span class='ocrx_word' id='word_1_587' title='bbox 3465 4136 3595 4207; x_wconf 88' lang='lat' dir='ltr'><strong>ejus</strong></span> 
     </span>
    </p>
   </div>
   <div class='ocr_carea' id='block_1_89' title="bbox 1940 4217 3593 4296">
    <p class='ocr_par' dir='ltr' id='par_1_89' title="bbox 1940 4217 3593 4296">
     <span class='ocr_line' id='line_1_89' title="bbox 1940 4217 3593 4296; baseline 0.007 -25"><span class='ocrx_word' id='word_1_588' title='bbox 1940 4217 2273 4296; x_wconf 83' lang='grc' dir='ltr'><strong>γνησιότητα</strong></span> <span class='ocrx_word' id='word_1_589' title='bbox 2325 4219 2497 4290; x_wconf 91' lang='lat' dir='ltr'><strong>objici</strong></span> <span class='ocrx_word' id='word_1_590' title='bbox 2555 4220 2765 4274; x_wconf 91' lang='lat' dir='ltr'><strong>solent.</strong></span> <span class='ocrx_word' id='word_1_591' title='bbox 2817 4219 3046 4276; x_wconf 91' lang='lat' dir='ltr'><strong>Potiora</strong></span> <span class='ocrx_word' id='word_1_592' title='bbox 3093 4225 3290 4277; x_wconf 91' lang='lat' dir='ltr'><strong>tamen</strong></span> <span class='ocrx_word' id='word_1_593' title='bbox 3348 4222 3464 4279; x_wconf 90' lang='lat' dir='ltr'><strong>huc</strong></span> <span class='ocrx_word' id='word_1_594' title='bbox 3519 4226 3593 4281; x_wconf 89' lang='lat' dir='ltr'><strong>ad</strong></span> 
     </span>
    </p>
   </div>
   <div class='ocr_carea' id='block_1_90' title="bbox 1942 4307 3593 4383">
    <p class='ocr_par' dir='ltr' id='par_1_90' title="bbox 1942 4307 3593 4383">
     <span class='ocr_line' id='line_1_90' title="bbox 1942 4307 3593 4383; baseline 0.003 -19"><span class='ocrx_word' id='word_1_595' title='bbox 1942 4325 2183 4364; x_wconf 82' lang='lat' dir='ltr'><strong>examen</strong></span> <span class='ocrx_word' id='word_1_596' title='bbox 2216 4324 2482 4363; x_wconf 87' lang='lat' dir='ltr'><strong>revocare</strong></span> <span class='ocrx_word' id='word_1_597' title='bbox 2530 4307 2764 4363; x_wconf 88' lang='lat' dir='ltr'><strong>animus</strong></span> <span class='ocrx_word' id='word_1_598' title='bbox 2797 4312 2922 4376; x_wconf 88' lang='lat' dir='ltr'><strong>est;</strong></span> <span class='ocrx_word' id='word_1_599' title='bbox 2977 4325 3160 4381; x_wconf 90' lang='lat' dir='ltr'><strong>eaque</strong></span> <span class='ocrx_word' id='word_1_600' title='bbox 3213 4310 3593 4383; x_wconf 89' lang='lat' dir='ltr'><strong>potissimum</strong></span> 
     </span>
    </p>
   </div>
   <div class='ocr_carea' id='block_1_91' title="bbox 1943 4395 3589 4472">
    <p class='ocr_par' dir='ltr' id='par_1_91' title="bbox 1943 4395 3589 4472">
     <span class='ocr_line' id='line_1_91' title="bbox 1943 4395 3589 4472; baseline 0.002 -20"><span class='ocrx_word' id='word_1_601' title='bbox 1943 4413 2072 4470; x_wconf 59' lang='lat' dir='ltr'><strong>quas</strong></span> <span class='ocrx_word' id='word_1_602' title='bbox 2103 4397 2172 4452; x_wconf 90' lang='lat' dir='ltr'><strong>ab</strong></span> <span class='ocrx_word' id='word_1_603' title='bbox 2220 4396 2349 4452; x_wconf 88' lang='lat' dir='ltr'><strong>aliis</strong></span> <span class='ocrx_word' id='word_1_604' title='bbox 2393 4395 2481 4452; x_wconf 92' lang='lat' dir='ltr'><strong>vel</strong></span> <span class='ocrx_word' id='word_1_605' title='bbox 2530 4397 2766 4452; x_wconf 91' lang='lat' dir='ltr'><strong>omnino</strong></span> <span class='ocrx_word' id='word_1_606' title='bbox 2820 4398 3234 4472; x_wconf 69' lang='lat' dir='ltr'><strong>prastermissa,</strong></span> <span class='ocrx_word' id='word_1_607' title='bbox 3281 4400 3366 4456; x_wconf 91' lang='lat' dir='ltr'><strong>vel</strong></span> <span class='ocrx_word' id='word_1_608' title='bbox 3428 4401 3589 4457; x_wconf 90' lang='lat' dir='ltr'><strong>molli</strong></span> 
     </span>
    </p>
   </div>
   <div class='ocr_carea' id='block_1_92' title="bbox 1942 4485 2848 4541">
    <p class='ocr_par' dir='ltr' id='par_1_92' title="bbox 1942 4485 2848 4541">
     <span class='ocr_line' id='line_1_92' title="bbox 1942 4485 2848 4541; baseline -0.001 0"><span class='ocrx_word' id='word_1_609' title='bbox 1942 4485 2178 4541; x_wconf 88' lang='lat' dir='ltr'><strong>brachio</strong></span> <span class='ocrx_word' id='word_1_610' title='bbox 2209 4485 2475 4541; x_wconf 88' lang='lat' dir='ltr'><strong>discussa</strong></span> <span class='ocrx_word' id='word_1_611' title='bbox 2506 4489 2848 4540; x_wconf 89' lang='lat' dir='ltr'><strong>noscuntur.</strong></span> 
     </span>
    </p>
   </div>
   <div class='ocr_carea' id='block_1_93' title="bbox 2011 4573 3589 4646">
    <p class='ocr_par' dir='ltr' id='par_1_93' title="bbox 2011 4573 3589 4646">
     <span class='ocr_line' id='line_1_93' title="bbox 2011 4573 3589 4646; baseline 0.003 -17"><span class='ocrx_word' id='word_1_612' title='bbox 2011 4575 2274 4629; x_wconf 88' lang='lat' dir='ltr'><strong>Primum</strong></span> <span class='ocrx_word' id='word_1_613' title='bbox 2305 4573 2521 4646; x_wconf 90' lang='lat' dir='ltr'><strong>itaque,</strong></span> <span class='ocrx_word' id='word_1_614' title='bbox 2556 4592 2628 4630; x_wconf 89' lang='lat' dir='ltr'><strong>an</strong></span> <span class='ocrx_word' id='word_1_615' title='bbox 2677 4590 2737 4629; x_wconf 90' lang='lat' dir='ltr'><strong>re</strong></span> <span class='ocrx_word' id='word_1_616' title='bbox 2767 4590 2901 4630; x_wconf 89' lang='lat' dir='ltr'><strong>vera</strong></span> <span class='ocrx_word' id='word_1_617' title='bbox 2930 4575 2990 4630; x_wconf 91' lang='lat' dir='ltr'><strong>in</strong></span> <span class='ocrx_word' id='word_1_618' title='bbox 3027 4575 3243 4632; x_wconf 90' lang='lat' dir='ltr'><strong>Achaia</strong></span> <span class='ocrx_word' id='word_1_619' title='bbox 3289 4580 3346 4632; x_wconf 90' lang='lat' dir='ltr'><strong>et</strong></span> <span class='ocrx_word' id='word_1_620' title='bbox 3376 4577 3435 4632; x_wconf 90' lang='lat' dir='ltr'><strong>in</strong></span> <span class='ocrx_word' id='word_1_621' title='bbox 3486 4578 3589 4634; x_wconf 90' lang='lat' dir='ltr'><strong>Pa-</strong></span> 
     </span>
    </p>
   </div>
   <div class='ocr_carea' id='block_1_94' title="bbox 199 4661 3584 4763">
    <p class='ocr_par' dir='ltr' id='par_1_94' title="bbox 199 4661 3584 4763">
     <span class='ocr_line' id='line_1_94' title="bbox 199 4661 3584 4763; baseline 0.002 -48"><span class='ocrx_word' id='word_1_622' title='bbox 199 4661 415 4735; x_wconf 92' lang='lat' dir='ltr'><strong>limine,</strong></span> <span class='ocrx_word' id='word_1_623' title='bbox 477 4663 597 4719; x_wconf 90' lang='lat' dir='ltr'><strong>sive</strong></span> <span class='ocrx_word' id='word_1_624' title='bbox 627 4663 685 4718; x_wconf 91' lang='lat' dir='ltr'><strong>in</strong></span> <span class='ocrx_word' id='word_1_625' title='bbox 737 4665 893 4720; x_wconf 89' lang='lat' dir='ltr'><strong>calce</strong></span> <span class='ocrx_word' id='word_1_626' title='bbox 946 4664 1242 4736; x_wconf 91' lang='lat' dir='ltr'><strong>reposuit;</strong></span> <span class='ocrx_word' id='word_1_627' title='bbox 1295 4682 1363 4720; x_wconf 91' lang='lat' dir='ltr'><strong>ea</strong></span> <span class='ocrx_word' id='word_1_628' title='bbox 1419 4665 1710 4736; x_wconf 90' lang='lat' dir='ltr'><strong>siquidem</strong></span> <span class='ocrx_word' id='word_1_629' title='bbox 1760 4667 1829 4722; x_wconf 90' lang='lat' dir='ltr'><strong>ad</strong></span> <span class='ocrx_word' id='word_1_630' title='bbox 1864 4700 1910 4763; x_wconf 80' lang='lat' dir='ltr'><strong>D</strong></span> <span class='ocrx_word' id='word_1_631' title='bbox 1938 4669 2163 4720; x_wconf 89' lang='lat' dir='ltr'><strong>trarum</strong></span> <span class='ocrx_word' id='word_1_632' title='bbox 2195 4664 2337 4719; x_wconf 90' lang='lat' dir='ltr'><strong>urbe</strong></span> <span class='ocrx_word' id='word_1_633' title='bbox 2385 4662 2730 4736; x_wconf 76' lang='lat' dir='ltr'><strong>martyrium</strong></span> <span class='ocrx_word' id='word_1_634' title='bbox 2775 4680 2983 4735; x_wconf 88' lang='lat' dir='ltr'><strong>passus</strong></span> <span class='ocrx_word' id='word_1_635' title='bbox 3026 4664 3201 4720; x_wconf 84' lang='lat' dir='ltr'><strong>fuerit</strong></span> <span class='ocrx_word' id='word_1_636' title='bbox 3232 4665 3290 4720; x_wconf 92' lang='lat' dir='ltr'><strong>S.</strong></span> <span class='ocrx_word' id='word_1_637' title='bbox 3323 4666 3584 4723; x_wconf 87' lang='lat' dir='ltr'><strong>Andreas</strong></span> 
     </span>
    </p>
   </div>
   <div class='ocr_carea' id='block_1_95' title="bbox 199 4751 3584 4826">
    <p class='ocr_par' dir='ltr' id='par_1_95' title="bbox 199 4751 3584 4826">
     <span class='ocr_line' id='line_1_95' title="bbox 199 4751 3584 4826; baseline 0 -20"><span class='ocrx_word' id='word_1_638' title='bbox 199 4755 461 4808; x_wconf 88' lang='lat' dir='ltr'><strong>nostrum</strong></span> <span class='ocrx_word' id='word_1_639' title='bbox 507 4752 843 4811; x_wconf 66' lang='lat' dir='ltr'><strong>instimtum</strong></span> <span class='ocrx_word' id='word_1_640' title='bbox 894 4753 1050 4808; x_wconf 86' lang='lat' dir='ltr'><strong>haud</strong></span> <span class='ocrx_word' id='word_1_641' title='bbox 1101 4757 1385 4825; x_wconf 89' lang='lat' dir='ltr'><strong>spectant.</strong></span> <span class='ocrx_word' id='word_1_642' title='bbox 1441 4754 1598 4809; x_wconf 86' lang='lat' dir='ltr'><strong>Hanc</strong></span> <span class='ocrx_word' id='word_1_643' title='bbox 1639 4753 1834 4826; x_wconf 90' lang='lat' dir='ltr'><strong>itaque</strong></span> <span class='ocrx_word' id='word_1_644' title='bbox 1864 4751 1906 4763; x_wconf 78' lang='grc'>”</span> <span class='ocrx_word' id='word_1_645' title='bbox 1942 4753 2258 4826; x_wconf 89' lang='lat' dir='ltr'><strong>apostolus,</strong></span> <span class='ocrx_word' id='word_1_646' title='bbox 2317 4751 2742 4807; x_wconf 87' lang='lat' dir='ltr'><strong>dubitationem</strong></span> <span class='ocrx_word' id='word_1_647' title='bbox 2802 4752 2980 4808; x_wconf 90' lang='lat' dir='ltr'><strong>movit</strong></span> <span class='ocrx_word' id='word_1_648' title='bbox 3036 4752 3429 4809; x_wconf 89' lang='lat' dir='ltr'><strong>Florentinius</strong></span> <span class='ocrx_word' id='word_1_649' title='bbox 3485 4755 3584 4826; x_wconf 87' lang='lat'><strong>(7);</strong></span> 
     </span>
    </p>
   </div>
   <div class='ocr_carea' id='block_1_96' title="bbox 199 4838 3586 4914">
    <p class='ocr_par' dir='ltr' id='par_1_96' title="bbox 199 4838 3586 4914">
     <span class='ocr_line' id='line_1_96' title="bbox 199 4838 3586 4914; baseline 0.001 -20"><span class='ocrx_word' id='word_1_650' title='bbox 199 4839 557 4912; x_wconf 90' lang='lat' dir='ltr'><strong>Lipsiensem</strong></span> <span class='ocrx_word' id='word_1_651' title='bbox 599 4842 911 4897; x_wconf 89' lang='lat' dir='ltr'><strong>editionem</strong></span> <span class='ocrx_word' id='word_1_652' title='bbox 945 4842 1321 4914; x_wconf 90' lang='lat' dir='ltr'><strong>potissimum</strong></span> <span class='ocrx_word' id='word_1_653' title='bbox 1369 4843 1550 4898; x_wconf 90' lang='lat' dir='ltr'><strong>secuti</strong></span> <span class='ocrx_word' id='word_1_654' title='bbox 1599 4860 1829 4899; x_wconf 88' lang='lat' dir='ltr'><strong>sumus.</strong></span> <span class='ocrx_word' id='word_1_655' title='bbox 1936 4840 2182 4895; x_wconf 89' lang='lat' dir='ltr'><strong>Joannis</strong></span> <span class='ocrx_word' id='word_1_656' title='bbox 2211 4839 2605 4910; x_wconf 80' lang='lat' dir='ltr'><strong>Chrysostomi</strong></span> <span class='ocrx_word' id='word_1_657' title='bbox 2656 4838 2936 4894; x_wconf 87' lang='lat' dir='ltr'><strong>nimirum</strong></span> <span class='ocrx_word' id='word_1_658' title='bbox 2977 4839 3317 4896; x_wconf 87' lang='lat' dir='ltr'><strong>auctoritate</strong></span> <span class='ocrx_word' id='word_1_659' title='bbox 3350 4857 3586 4913; x_wconf 87' lang='lat' dir='ltr'><strong>permo-</strong></span> 
     </span>
    </p>
   </div>
   <div class='ocr_carea' id='block_1_97' title="bbox 198 4926 3591 5002">
    <p class='ocr_par' dir='ltr' id='par_1_97' title="bbox 198 4926 3591 5002">
     <span class='ocr_line' id='line_1_97' title="bbox 198 4926 3591 5002; baseline 0.001 -18"><span class='ocrx_word' id='word_1_660' title='bbox 198 4927 347 4984; x_wconf 84' lang='lat' dir='ltr'><strong>Novo</strong></span> <span class='ocrx_word' id='word_1_661' title='bbox 379 4930 682 5002; x_wconf 85' lang='lat' dir='ltr'><strong>interpreti</strong></span> <span class='ocrx_word' id='word_1_662' title='bbox 701 4934 951 4986; x_wconf 90' lang='lat' dir='ltr'><strong>veterem</strong></span> <span class='ocrx_word' id='word_1_663' title='bbox 975 4931 1316 5002; x_wconf 87' lang='lat' dir='ltr'><strong>adjecimus,</strong></span> <span class='ocrx_word' id='word_1_664' title='bbox 1342 4947 1456 4986; x_wconf 91' lang='lat' dir='ltr'><strong>non</strong></span> <span class='ocrx_word' id='word_1_665' title='bbox 1479 4931 1832 4987; x_wconf 88' lang='lat' dir='ltr'><strong>Mombritia-</strong></span> <span class='ocrx_word' id='word_1_666' title='bbox 1939 4933 2056 4997; x_wconf 90' lang='lat' dir='ltr'><strong>tus,</strong></span> <span class='ocrx_word' id='word_1_667' title='bbox 2089 4929 2241 5000; x_wconf 91' lang='lat' dir='ltr'><strong>apud</strong></span> <span class='ocrx_word' id='word_1_668' title='bbox 2275 4944 2449 4998; x_wconf 88' lang='lat' dir='ltr'><strong>quem</strong></span> <span class='ocrx_word' id='word_1_669' title='bbox 2472 4927 2556 4982; x_wconf 91' lang='lat' dir='ltr'><strong>sic</strong></span> <span class='ocrx_word' id='word_1_670' title='bbox 2585 4926 2835 4999; x_wconf 90' lang='lat' dir='ltr'><strong>legimus</strong></span> <span class='ocrx_word' id='word_1_671' title='bbox 2868 4928 2964 5000; x_wconf 92' lang='lat'><strong>(8):</strong></span> <span class='ocrx_word' id='word_1_672' title='bbox 3001 4950 3031 4979; x_wconf 82' lang='lat'>«</span> <span class='ocrx_word' id='word_1_673' title='bbox 3058 4927 3210 4983; x_wconf 89' lang='lat' dir='ltr'><strong>Petri</strong></span> <span class='ocrx_word' id='word_1_674' title='bbox 3242 4929 3509 5000; x_wconf 91' lang='lat' dir='ltr'><strong>quidem,</strong></span> <span class='ocrx_word' id='word_1_675' title='bbox 3533 4935 3591 4987; x_wconf 90' lang='lat' dir='ltr'><strong>et</strong></span> 
     </span>
    </p>
   </div>
   <div class='ocr_carea' id='block_1_98' title="bbox 199 5016 3587 5091">
    <p class='ocr_par' dir='ltr' id='par_1_98' title="bbox 199 5016 3587 5091">
     <span class='ocr_line' id='line_1_98' title="bbox 199 5016 3587 5091; baseline 0.002 -21"><span class='ocrx_word' id='word_1_676' title='bbox 199 5032 335 5072; x_wconf 90' lang='lat' dir='ltr'><strong>num</strong></span> <span class='ocrx_word' id='word_1_677' title='bbox 383 5017 644 5090; x_wconf 91' lang='lat' dir='ltr'><strong>quidem,</strong></span> <span class='ocrx_word' id='word_1_678' title='bbox 703 5019 806 5075; x_wconf 88' lang='lat' dir='ltr'><strong>sed</strong></span> <span class='ocrx_word' id='word_1_679' title='bbox 864 5018 1373 5091; x_wconf 90' lang='lat' dir='ltr'><strong>Lipomanianum,</strong></span> <span class='ocrx_word' id='word_1_680' title='bbox 1423 5018 1521 5089; x_wconf 91' lang='lat' dir='ltr'><strong>qui</strong></span> <span class='ocrx_word' id='word_1_681' title='bbox 1579 5021 1833 5090; x_wconf 82' lang='lat' dir='ltr'><strong>profecto</strong></span> <span class='ocrx_word' id='word_1_682' title='bbox 1941 5016 3587 5090; x_wconf 67' lang='lat' dir='ltr'><strong>Pauli,etJoannis,etThommmanifestasuntsepulcra;</strong></span> 
     </span>
    </p>
   </div>
   <div class='ocr_carea' id='block_1_99' title="bbox 265 5158 2840 5243">
    <p class='ocr_par' dir='ltr' id='par_1_99' title="bbox 265 5158 2840 5243">
     <span class='ocr_line' id='line_1_99' title="bbox 265 5158 2840 5243; baseline 0 -31"><span class='ocrx_word' id='word_1_683' title='bbox 265 5159 343 5229; x_wconf 87' lang='lat'>(2)</span> <span class='ocrx_word' id='word_1_684' title='bbox 373 5160 508 5243; x_wconf 78' lang='lat' dir='ltr'><strong>sur.</strong></span> <span class='ocrx_word' id='word_1_685' title='bbox 679 5159 805 5243; x_wconf 27' lang='grc' dir='ltr'><strong>88..ἱ</strong></span> <span class='ocrx_word' id='word_1_686' title='bbox 829 5165 972 5243; x_wconf 54' lang='lat' dir='ltr'><strong>tam:</strong></span> <span class='ocrx_word' id='word_1_687' title='bbox 1004 5160 1098 5242; x_wconf 77' lang='lat' dir='ltr'><strong>Vl,</strong></span> <span class='ocrx_word' id='word_1_688' title='bbox 1131 5175 1261 5243; x_wconf 82' lang='lat' dir='ltr'><strong>pag.</strong></span> <span class='ocrx_word' id='word_1_689' title='bbox 1293 5161 1417 5227; x_wconf 88' lang='lat'>633,</span> <span class='ocrx_word' id='word_1_690' title='bbox 1443 5159 1646 5242; x_wconf 82' lang='lat' dir='ltr'><strong>_Colon.</strong></span> <span class='ocrx_word' id='word_1_691' title='bbox 1675 5163 1832 5243; x_wconf 30' lang='lat'><strong>.1618.</strong></span> <span class='ocrx_word' id='word_1_692' title='bbox 2121 5159 2206 5243; x_wconf 49' lang='lat' dir='ltr'><strong>Ind.</strong></span> <span class='ocrx_word' id='word_1_693' title='bbox 2240 5158 2424 5243; x_wconf 36' lang='lat' dir='ltr'><strong>ibid,</strong></span> <span class='ocrx_word' id='word_1_694' title='bbox 2441 5173 2573 5243; x_wconf 87' lang='lat' dir='ltr'><strong>pag.</strong></span> <span class='ocrx_word' id='word_1_695' title='bbox 2609 5159 2710 5243; x_wconf 68' lang='lat'><strong>199</strong></span> <span class='ocrx_word' id='word_1_696' title='bbox 2741 5174 2840 5243; x_wconf 79' lang='lat' dir='ltr'><strong>seq</strong></span> 
     </span>
    </p>
   </div>
   <div class='ocr_carea' id='block_1_100' title="bbox 2126 5176 3593 5302">
    <p class='ocr_par' dir='ltr' id='par_1_100' title="bbox 2126 5176 3593 5302">
     <span class='ocr_line' id='line_1_100' title="bbox 2126 5176 2902 5284; baseline 0.001 -72"><span class='ocrx_word' id='word_1_697' title='bbox 2126 5176 2206 5212; x_wconf 83' lang='grc' dir='ltr'><strong>ια.</strong></span> <span class='ocrx_word' id='word_1_698' title='bbox 2240 5176 2402 5223; x_wconf 83' lang='lat' dir='ltr'><strong>zoza.,</strong></span> <span class='ocrx_word' id='word_1_699' title='bbox 2441 5176 2573 5229; x_wconf 88' lang='lat' dir='ltr'><strong>pag.</strong></span> <span class='ocrx_word' id='word_1_700' title='bbox 2609 5176 2710 5212; x_wconf 79' lang='lat' dir='ltr'><strong>1w</strong></span> <span class='ocrx_word' id='word_1_701' title='bbox 2741 5176 2902 5284; x_wconf 67' lang='lat' dir='ltr'><strong>seqq.</strong></span> 
     </span>
     <span class='ocr_line' id='line_1_101' title="bbox 2126 5230 3593 5302; baseline 0.004 -18"><span class='ocrx_word' id='word_1_702' title='bbox 2126 5231 2349 5298; x_wconf 89' lang='lat' dir='ltr'><strong>Sauss.,</strong></span> <span class='ocrx_word' id='word_1_703' title='bbox 2383 5231 2455 5285; x_wconf 84' lang='lat' dir='ltr'><strong>De</strong></span> <span class='ocrx_word' id='word_1_704' title='bbox 2490 5231 2628 5300; x_wconf 86' lang='lat' dir='ltr'><strong>glor.</strong></span> <span class='ocrx_word' id='word_1_705' title='bbox 2674 5230 2730 5284; x_wconf 89' lang='lat' dir='ltr'><strong>S.</strong></span> <span class='ocrx_word' id='word_1_706' title='bbox 2762 5231 2840 5284; x_wconf 85' lang='lat' dir='ltr'><strong>An</strong></span> <span class='ocrx_word' id='word_1_707' title='bbox 2884 5248 2956 5302; x_wconf 88' lang='lat' dir='ltr'><strong>r.,</strong></span> <span class='ocrx_word' id='word_1_708' title='bbox 2995 5232 3103 5286; x_wconf 90' lang='lat' dir='ltr'><strong>sub</strong></span> <span class='ocrx_word' id='word_1_709' title='bbox 3135 5231 3240 5287; x_wconf 86' lang='lat' dir='ltr'><strong>fin.</strong></span> <span class='ocrx_word' id='word_1_710' title='bbox 3274 5232 3334 5287; x_wconf 91' lang='lat' dir='ltr'><strong>in</strong></span> <span class='ocrx_word' id='word_1_711' title='bbox 3364 5233 3593 5291; x_wconf 90' lang='lat' dir='ltr'><strong>Vindic.</strong></span> 
     </span>
    </p>
   </div>
   <div class='ocr_carea' id='block_1_101' title="bbox 199 5228 2092 5305">
    <p class='ocr_par' dir='ltr' id='par_1_101' title="bbox 199 5228 2092 5305">
     <span class='ocr_line' id='line_1_102' title="bbox 199 5228 2092 5305; baseline 0 -21"><span class='ocrx_word' id='word_1_712' title='bbox 199 5228 321 5305; x_wconf 63' lang='lat' dir='ltr'><strong>Haec</strong></span> <span class='ocrx_word' id='word_1_713' title='bbox 352 5237 444 5286; x_wconf 90' lang='lat' dir='ltr'><strong>est</strong></span> <span class='ocrx_word' id='word_1_714' title='bbox 471 5233 640 5305; x_wconf 85' lang='lat' dir='ltr'><strong>tertia</strong></span> <span class='ocrx_word' id='word_1_715' title='bbox 671 5233 847 5305; x_wconf 89' lang='lat' dir='ltr'><strong>editio</strong></span> <span class='ocrx_word' id='word_1_716' title='bbox 879 5228 1562 5305; x_wconf 67' lang='lat' dir='ltr'><strong>Coloniensis,_omnium</strong></span> <span class='ocrx_word' id='word_1_717' title='bbox 1594 5233 1832 5305; x_wconf 91' lang='lat' dir='ltr'><strong>optima;</strong></span> <span class='ocrx_word' id='word_1_718' title='bbox 2017 5228 2092 5301; x_wconf 85' lang='lat'>(6)</span> 
     </span>
    </p>
   </div>
   <div class='ocr_carea' id='block_1_102' title="bbox 199 5301 2680 5381">
    <p class='ocr_par' dir='ltr' id='par_1_102' title="bbox 199 5301 2680 5381">
     <span class='ocr_line' id='line_1_103' title="bbox 199 5301 2680 5381; baseline 0.012 -26"><span class='ocrx_word' id='word_1_719' title='bbox 199 5301 570 5381; x_wconf 55' lang='lat' dir='ltr'><strong>primaenim</strong></span> <span class='ocrx_word' id='word_1_720' title='bbox 605 5304 820 5381; x_wconf 83' lang='lat' dir='ltr'><strong>prodiit</strong></span> <span class='ocrx_word' id='word_1_721' title='bbox 848 5321 985 5381; x_wconf 81' lang='lat' dir='ltr'><strong>ann.</strong></span> <span class='ocrx_word' id='word_1_722' title='bbox 1022 5304 1177 5381; x_wconf 63' lang='lat'>1669,</span> <span class='ocrx_word' id='word_1_723' title='bbox 1214 5302 1309 5381; x_wconf 63' lang='lat'><strong>{01.</strong></span> <span class='ocrx_word' id='word_1_724' title='bbox 1481 5377 1488 5381; x_wconf 91' lang='lat'>_</span> <span class='ocrx_word' id='word_1_725' title='bbox 1632 5301 1650 5305; x_wconf 52' lang='grc'><em>’</em></span> <span class='ocrx_word' id='word_1_726' title='bbox 1718 5375 1810 5381; x_wconf 50' lang='grc' dir='ltr'><strong>,ω</strong></span> <span class='ocrx_word' id='word_1_727' title='bbox 1948 5302 2196 5381; x_wconf 61' lang='grc' dir='ltr'><strong>Ρθὲο,</strong></span> <span class='ocrx_word' id='word_1_728' title='bbox 2339 5374 2347 5381; x_wconf 92' lang='grc'>.</span> <span class='ocrx_word' id='word_1_729' title='bbox 2430 5371 2466 5381; x_wconf 89' lang='grc'><strong><em>..</em></strong></span> <span class='ocrx_word' id='word_1_730' title='bbox 2504 5373 2513 5381; x_wconf 94' lang='grc'>.</span> <span class='ocrx_word' id='word_1_731' title='bbox 2673 5373 2680 5381; x_wconf 96' lang='grc'><em>.</em></span> 
     </span>
    </p>
   </div>
   <div class='ocr_carea' id='block_1_103' title="bbox 265 5370 3593 5453">
    <p class='ocr_par' dir='ltr' id='par_1_103' title="bbox 265 5370 3593 5453">
     <span class='ocr_line' id='line_1_104' title="bbox 265 5370 3593 5453; baseline 0.001 -25"><span class='ocrx_word' id='word_1_732' title='bbox 265 5373 343 5452; x_wconf 81' lang='lat'>(3)</span> <span class='ocrx_word' id='word_1_733' title='bbox 367 5370 641 5453; x_wconf 57' lang='lat' dir='ltr'><strong>saussaj,</strong></span> <span class='ocrx_word' id='word_1_734' title='bbox 665 5379 778 5453; x_wconf 85' lang='lat' dir='ltr'><strong>_De</strong></span> <span class='ocrx_word' id='word_1_735' title='bbox 806 5376 981 5445; x_wconf 82' lang='lat' dir='ltr'><strong>gloria</strong></span> <span class='ocrx_word' id='word_1_736' title='bbox 1023 5379 1083 5431; x_wconf 90' lang='lat' dir='ltr'><strong>S.</strong></span> <span class='ocrx_word' id='word_1_737' title='bbox 1115 5370 1310 5443; x_wconf 56' lang='lat' dir='ltr'><strong>Andra,</strong></span> <span class='ocrx_word' id='word_1_738' title='bbox 1366 5377 1498 5446; x_wconf 91' lang='lat' dir='ltr'><strong>post</strong></span> <span class='ocrx_word' id='word_1_739' title='bbox 1545 5389 1679 5446; x_wconf 85' lang='lat' dir='ltr'><strong>pag.</strong></span> <span class='ocrx_word' id='word_1_740' title='bbox 1709 5375 1836 5446; x_wconf 88' lang='lat'><strong>676,</strong></span> <span class='ocrx_word' id='word_1_741' title='bbox 1948 5370 1968 5374; x_wconf 76' lang='grc'><strong><em>“</em></strong></span> <span class='ocrx_word' id='word_1_742' title='bbox 2126 5372 2400 5453; x_wconf 49' lang='lat' dir='ltr'><strong>lflorentn.‘</strong></span> <span class='ocrx_word' id='word_1_743' title='bbox 2430 5371 2535 5426; x_wconf 84' lang='lat' dir='ltr'><strong>Vel.</strong></span> <span class='ocrx_word' id='word_1_744' title='bbox 2569 5370 2752 5453; x_wconf 43' lang='lat' dir='ltr'><strong>occid;</strong></span> <span class='ocrx_word' id='word_1_745' title='bbox 2787 5371 2927 5453; x_wconf 63' lang='lat' dir='ltr'><strong>Eccl.</strong></span> <span class='ocrx_word' id='word_1_746' title='bbox 2970 5379 3226 5453; x_wconf 48' lang='lat' dir='ltr'><strong>martyr”</strong></span> <span class='ocrx_word' id='word_1_747' title='bbox 3279 5389 3412 5453; x_wconf 89' lang='lat' dir='ltr'><strong>pag.</strong></span> <span class='ocrx_word' id='word_1_748' title='bbox 3470 5376 3593 5453; x_wconf 56' lang='grc' dir='ltr'><strong>1η.</strong></span> 
     </span>
    </p>
   </div>
   <div class='ocr_carea' id='block_1_104' title="bbox 203 5441 3594 5519">
    <p class='ocr_par' dir='ltr' id='par_1_104' title="bbox 203 5441 3594 5519">
     <span class='ocr_line' id='line_1_105' title="bbox 203 5441 3594 5519; baseline 0.002 -23"><span class='ocrx_word' id='word_1_749' title='bbox 203 5441 704 5519; x_wconf 60' lang='lat' dir='ltr'><strong>Paris._t6§36,&#39;fol.</strong></span> <span class='ocrx_word' id='word_1_750' title='bbox 807 5441 822 5445; x_wconf 62' lang='grc'><strong>⁷</strong></span> <span class='ocrx_word' id='word_1_751' title='bbox 989 5518 992 5519; x_wconf 15' lang='grc' dir='ltr'><em>ν</em></span> <span class='ocrx_word' id='word_1_752' title='bbox 1547 5441 1566 5444; x_wconf 74' lang='grc'><strong><em>“</em></strong></span> <span class='ocrx_word' id='word_1_753' title='bbox 1627 5441 1652 5446; x_wconf 58' lang='grc'>⁷</span> <span class='ocrx_word' id='word_1_754' title='bbox 1818 5441 1831 5446; x_wconf 72' lang='grc'>⁷</span> <span class='ocrx_word' id='word_1_755' title='bbox 1956 5515 1978 5519; x_wconf 37' lang='grc' dir='ltr'>η</span> <span class='ocrx_word' id='word_1_756' title='bbox 2017 5441 2094 5519; x_wconf 85' lang='lat'><strong>(8)</strong></span> <span class='ocrx_word' id='word_1_757' title='bbox 2124 5446 2293 5519; x_wconf 86' lang='lat' dir='ltr'><strong>Joan.</strong></span> <span class='ocrx_word' id='word_1_758' title='bbox 2345 5441 2549 5519; x_wconf 49' lang='lat' dir='ltr'><strong>Chrys:</strong></span> <span class='ocrx_word' id='word_1_759' title='bbox 2603 5441 2660 5496; x_wconf 90' lang='lat' dir='ltr'><strong>in</strong></span> <span class='ocrx_word' id='word_1_760' title='bbox 2699 5443 2882 5519; x_wconf 46' lang='lat' dir='ltr'><strong>Epist.</strong></span> <span class='ocrx_word' id='word_1_761' title='bbox 2933 5443 3004 5499; x_wconf 86' lang='lat' dir='ltr'><strong>ad</strong></span> <span class='ocrx_word' id='word_1_762' title='bbox 3051 5441 3233 5510; x_wconf 70' lang='lat' dir='ltr'><strong>Helm,</strong></span> <span class='ocrx_word' id='word_1_763' title='bbox 3279 5441 3446 5500; x_wconf 70' lang='lat' dir='ltr'><strong>hom.</strong></span> <span class='ocrx_word' id='word_1_764' title='bbox 3498 5447 3594 5519; x_wconf 85' lang='lat'><strong>26,</strong></span> 
     </span>
    </p>
   </div>
   <div class='ocr_carea' id='block_1_105' title="bbox 1953 5515 2819 5587">
    <p class='ocr_par' dir='ltr' id='par_1_105' title="bbox 1953 5515 2819 5587">
     <span class='ocr_line' id='line_1_106' title="bbox 1953 5515 2819 5587; baseline 0.002 -20"><span class='ocrx_word' id='word_1_765' title='bbox 1953 5515 1982 5587; x_wconf 82' lang='lat'>§</span> <span class='ocrx_word' id='word_1_766' title='bbox 2011 5516 2066 5579; x_wconf 89' lang='grc'><strong>2,</strong></span> <span class='ocrx_word' id='word_1_767' title='bbox 2099 5530 2232 5584; x_wconf 90' lang='lat' dir='ltr'><strong>opp.</strong></span> <span class='ocrx_word' id='word_1_768' title='bbox 2269 5518 2410 5568; x_wconf 90' lang='lat' dir='ltr'><strong>tom.</strong></span> <span class='ocrx_word' id='word_1_769' title='bbox 2450 5517 2572 5579; x_wconf 84' lang='lat' dir='ltr'><strong>XII,</strong></span> <span class='ocrx_word' id='word_1_770' title='bbox 2607 5530 2663 5583; x_wconf 93' lang='lat' dir='ltr'><strong>p.</strong></span> <span class='ocrx_word' id='word_1_771' title='bbox 2693 5515 2819 5569; x_wconf 87' lang='lat'><strong>237.</strong></span> 
     </span>
    </p>
   </div>
   <div class='ocr_carea' id='block_1_106' title="bbox 258 5636 3597 5714">
    <p class='ocr_par' dir='ltr' id='par_1_106' title="bbox 258 5636 3597 5714">
     <span class='ocr_line' id='line_1_107' title="bbox 258 5636 3597 5714; baseline 0.001 -25"><span class='ocrx_word' id='word_1_772' title='bbox 258 5637 476 5714; x_wconf 47' lang='lat' dir='ltr'><strong>&quot;Ed‘itio</strong></span> <span class='ocrx_word' id='word_1_773' title='bbox 507 5644 688 5691; x_wconf 83' lang='lat' dir='ltr'><strong>nostra</strong></span> <span class='ocrx_word' id='word_1_774' title='bbox 734 5655 929 5690; x_wconf 86' lang='lat' dir='ltr'><strong>novam</strong></span> <span class='ocrx_word' id='word_1_775' title='bbox 961 5647 1013 5690; x_wconf 91' lang='lat' dir='ltr'><strong>et</strong></span> <span class='ocrx_word' id='word_1_776' title='bbox 1042 5641 1330 5714; x_wconf 68' lang='lat' dir='ltr'><strong>auctiorem</strong></span> <span class='ocrx_word' id='word_1_777' title='bbox 1377 5642 1553 5714; x_wconf 71' lang='lat' dir='ltr'><strong>textus</strong></span> <span class='ocrx_word' id='word_1_778' title='bbox 1582 5640 1843 5714; x_wconf 42' lang='lat' dir='ltr'><strong>Actorum</strong></span> <span class='ocrx_word' id='word_1_779' title='bbox 1874 5638 1931 5714; x_wconf 53' lang='grc' dir='ltr'><strong>8ζ</strong></span> <span class='ocrx_word' id='word_1_780' title='bbox 1959 5638 2183 5714; x_wconf 65' lang='lat' dir='ltr'><strong>Andreae</strong></span> <span class='ocrx_word' id='word_1_781' title='bbox 2232 5638 2595 5714; x_wconf 47' lang='lat' dir='ltr'><strong>ascensionem</strong></span> <span class='ocrx_word' id='word_1_782' title='bbox 2641 5636 2873 5714; x_wconf 44' lang='lat' dir='ltr'><strong>ex‘hibet‘</strong></span> <span class='ocrx_word' id='word_1_783' title='bbox 2901 5650 3086 5714; x_wconf 49' lang='lat' dir='ltr'><strong>quam“</strong></span> <span class='ocrx_word' id='word_1_784' title='bbox 3111 5638 3300 5714; x_wconf 56' lang='lat' dir='ltr'><strong>lsipsiae</strong></span> <span class='ocrx_word' id='word_1_785' title='bbox 3330 5653 3503 5714; x_wconf 80' lang='lat' dir='ltr'><strong>nuper</strong></span> <span class='ocrx_word' id='word_1_786' title='bbox 3531 5656 3597 5691; x_wconf 81' lang='lat' dir='ltr'><strong>ex</strong></span> 
     </span>
    </p>
   </div>
   <div class='ocr_carea' id='block_1_107' title="bbox 203 5699 3594 5768">
    <p class='ocr_par' dir='ltr' id='par_1_107' title="bbox 203 5699 3594 5768">
     <span class='ocr_line' id='line_1_108' title="bbox 203 5699 3594 5768; baseline 0.001 -16"><span class='ocrx_word' id='word_1_787' title='bbox 203 5699 480 5756; x_wconf 85' lang='lat' dir='ltr'><strong>codicibus</strong></span> <span class='ocrx_word' id='word_1_788' title='bbox 508 5718 632 5753; x_wconf 85' lang='lat' dir='ltr'><strong>mss.</strong></span> <span class='ocrx_word' id='word_1_789' title='bbox 662 5705 935 5768; x_wconf 78' lang='lat' dir='ltr'><strong>evulgavit</strong></span> <span class='ocrx_word' id='word_1_790' title='bbox 959 5706 1040 5752; x_wconf 81' lang='lat' dir='ltr'><strong>vir</strong></span> <span class='ocrx_word' id='word_1_791' title='bbox 1069 5705 1134 5752; x_wconf 93' lang='lat' dir='ltr'><strong>c1.</strong></span> <span class='ocrx_word' id='word_1_792' title='bbox 1163 5703 1544 5768; x_wconf 74' lang='lat' dir='ltr'><strong>Constantinus</strong></span> <span class='ocrx_word' id='word_1_793' title='bbox 1582 5701 1943 5768; x_wconf 80' lang='lat' dir='ltr'><strong>Tischendo_rf;</strong></span> <span class='ocrx_word' id='word_1_794' title='bbox 1971 5701 2065 5768; x_wconf 73' lang='lat' dir='ltr'><strong>sed</strong></span> <span class='ocrx_word' id='word_1_795' title='bbox 2097 5714 2218 5750; x_wconf 90' lang='lat' dir='ltr'><strong>cum</strong></span> <span class='ocrx_word' id='word_1_796' title='bbox 2248 5701 2427 5750; x_wconf 58' lang='lat' dir='ltr'><strong>Graece</strong></span> <span class='ocrx_word' id='word_1_797' title='bbox 2468 5704 2676 5750; x_wconf 87' lang='lat' dir='ltr'><strong>tantum</strong></span> <span class='ocrx_word' id='word_1_798' title='bbox 2703 5700 2819 5750; x_wconf 67' lang='lat' dir='ltr'><strong>haec</strong></span> <span class='ocrx_word' id='word_1_799' title='bbox 2846 5699 2977 5750; x_wconf 75' lang='lat' dir='ltr'><strong>Acta</strong></span> <span class='ocrx_word' id='word_1_800' title='bbox 3005 5699 3249 5762; x_wconf 76' lang='lat' dir='ltr'><strong>ediderit,</strong></span> <span class='ocrx_word' id='word_1_801' title='bbox 3291 5699 3594 5756; x_wconf 57' lang='lat' dir='ltr'><strong>versionem</strong></span> 
     </span>
    </p>
   </div>
   <div class='ocr_carea' id='block_1_108' title="bbox 205 5764 2182 5822">
    <p class='ocr_par' dir='ltr' id='par_1_108' title="bbox 205 5764 2182 5822">
     <span class='ocr_line' id='line_1_109' title="bbox 205 5764 2182 5822; baseline -0.002 -4"><span class='ocrx_word' id='word_1_802' title='bbox 205 5769 444 5822; x_wconf 74' lang='lat' dir='ltr'><strong>Latinam</strong></span> <span class='ocrx_word' id='word_1_803' title='bbox 469 5780 625 5820; x_wconf 64' lang='lat' dir='ltr'><strong>nove</strong></span> <span class='ocrx_word' id='word_1_804' title='bbox 652 5764 954 5819; x_wconf 72' lang='lat' dir='ltr'><strong>recensioni</strong></span> <span class='ocrx_word' id='word_1_805' title='bbox 985 5764 1488 5818; x_wconf 87' lang='lat' dir='ltr'><strong>accommodandam</strong></span> <span class='ocrx_word' id='word_1_806' title='bbox 1517 5766 1837 5817; x_wconf 84' lang='lat' dir='ltr'><strong>curavimus.</strong></span> <span class='ocrx_word' id='word_1_807' title='bbox 1865 5764 2003 5816; x_wconf 73' lang='lat' dir='ltr'><strong>Enn.</strong></span> <span class='ocrx_word' id='word_1_808' title='bbox 2034 5764 2182 5814; x_wconf 71' lang='lat' dir='ltr'><strong>Pun.</strong></span> 
     </span>
    </p>
   </div>
   <div class='ocr_carea' id='block_1_109' title="bbox 259 5514 1385 5587">
    <p class='ocr_par' dir='ltr' id='par_1_109' title="bbox 259 5514 1385 5587">
     <span class='ocr_line' id='line_1_110' title="bbox 259 5514 1385 5587; baseline 0.001 -18"><span class='ocrx_word' id='word_1_809' title='bbox 259 5514 336 5585; x_wconf 73' lang='grc'><strong>(4)</strong></span> <span class='ocrx_word' id='word_1_810' title='bbox 370 5516 627 5572; x_wconf 90' lang='lat' dir='ltr'><strong>Andruz.</strong></span> <span class='ocrx_word' id='word_1_811' title='bbox 666 5519 853 5573; x_wconf 80' lang='lat' dir='ltr'><strong>Stater</strong></span> <span class='ocrx_word' id='word_1_812' title='bbox 881 5518 1062 5584; x_wconf 82' lang='lat' dir='ltr'><strong>verit.,</strong></span> <span class='ocrx_word' id='word_1_813' title='bbox 1097 5531 1228 5587; x_wconf 86' lang='lat' dir='ltr'><strong>pag.</strong></span> <span class='ocrx_word' id='word_1_814' title='bbox 1263 5515 1385 5570; x_wconf 92' lang='grc'><strong>170.</strong></span> 
     </span>
    </p>
   </div>
  </div>
