4046 6350
438 441 593 503 1203

1263 441 1960 503 PRESBYTERORUM
2007 440 2107 500 ET
2151 439 2672 502 DIACONORUM
2717 441 3031 502 ACHAle

3704 445 3735 504 1
3752 443 3877 502 204

436 572 683 631 aliorum
707 575 900 628 autem
933 588 1067 628 cum
1098 573 1218 628 sint
1247 577 1368 628 tam
1400 573 1596 641 multi,
1627 589 1914 644 nusquam
1945 576 2085 628 sunt
2112 574 2168 638 Α
2208 571 2334 626 rom
2370 571 2676 641 splendida
2704 577 2844 628 sunt
2875 573 3051 629 etiam
3076 575 3367 646 sepulcra,
3393 578 3457 630 ut
3489 592 3616 647 quae
3649 577 3873 632 urbem

439 666 594 718 nota.
623 684 650 712 »
699 661 844 717 Hinc
879 678 1011 716 vero
1043 662 1176 733 quis
1210 665 1581 734 conjectaret,
1617 663 1808 734 inquit
1837 663 1924 717 vir
1950 678 2087 716 eru-

441 752 618 818 ditus,
663 751 874 806 festum
905 751 1142 806 Andreas
1194 752 1350 822 apud
1406 753 1606 806 Patras
1658 752 1840 806 fuisse
1889 751 2086 822 potius

439 842 568 910 ejus
600 838 1026 910 praedicationis
1060 840 1427 905 memoriam,
1463 857 1567 894 seu
1598 840 1966 912 episcopatus
1997 841 2087 894 in-

440 927 806 984 stitutionem
856 932 955 982 aut
1004 928 1218 994 natale,
1281 945 1457 1000 quam
1515 930 1776 1000 ejusdem
1828 929 2088 1000 martyrii

440 1015 834 1072 celebritatem
857 1017 916 1072 in
941 1018 1146 1072 eadem
1181 1019 1322 1072 urbe
1345 1019 1766 1085 consummati;
1800 1018 2087 1088 siquidem

437 1106 677 1162 Andreae
697 1105 1054 1176 sepulcrum,
1078 1107 1234 1176 quod
1265 1107 1406 1162 adeo
1430 1107 1832 1178 pervulgatum
1857 1112 2010 1162 esset
2031 1107 2089 1160 in

436 1193 672 1260 Achaia,
708 1194 802 1249 vix
846 1195 1118 1266 ignorare
1165 1195 1452 1265 potuisset
1498 1196 1955 1266 Chrysostomus,
1990 1196 2090 1267 qui

439 1298 556 1338 non
588 1281 820 1353 longius
854 1299 887 1337 a
927 1283 1147 1338 Graecia
1179 1285 1424 1354 positus,
1458 1283 1574 1339 imo
1607 1284 1936 1339 Graecorum
1968 1285 2090 1340 fue-

442 1369 517 1426 rit
569 1370 924 1442 patriarcha.
977 1371 1107 1426 Haec
1158 1371 1568 1438 Florentinius,
1619 1373 1787 1442 cujus
1836 1375 2090 1443 profecto

442 1459 733 1515 dubitatio
773 1458 822 1515 si
853 1460 970 1514 vim
1021 1459 1278 1530 aliquam
1312 1461 1541 1526 habeat,
1594 1465 1826 1516 corruat
1855 1462 2090 1533 penitus

441 1546 709 1618 Epistolas
745 1551 958 1601 nostrae
992 1547 1310 1602 auctoritas
1343 1564 1576 1604 necesse
1608 1553 1714 1605 est.

510 1635 670 1690 Hanc
700 1639 896 1690 autem
927 1635 1340 1690 difficultatem
1373 1653 1548 1706 quam
1571 1637 2008 1693 Tillemontium
2033 1639 2091 1693 in

445 1724 654 1796 primis
684 1741 749 1778 ac
782 1726 1070 1795 Woogum
1104 1725 1452 1795 praeteriisse
1484 1726 1681 1781 mirari
1723 1727 1904 1794 subit,
1940 1727 2094 1784 facili

443 1811 674 1883 negotio
700 1811 822 1867 tolli
845 1812 1200 1868 existimavit
1230 1813 1577 1886 Lequienius
1599 1816 1696 1886 (9),
1732 1817 1780 1870 si
1803 1817 2090 1885 dicamus,

440 1901 686 1958 Andreae
719 1902 887 1971 cujus
919 1917 1130 1970 corpus
1161 1919 1193 1956 a
1223 1902 1559 1958 Constantio
1590 1904 1938 1975 imperatore
1971 1906 2092 1961 fue-

439 1994 529 2046 rat
556 1989 1121 2060 Constantinopolim
1166 1990 1541 2058 translatum,
1590 1998 1890 2064 propterea
1931 2011 2093 2050 men-

435 2079 651 2134 tionem
683 2079 839 2133 haud
876 2078 1084 2134 fecisse
1133 2079 1639 2151 Chrysostomum,
1693 2084 1849 2154 quod
1895 2085 2097 2155 utique

434 2183 550 2224 non
585 2167 644 2221 in
665 2167 807 2221 urbe
840 2167 1020 2238 regia,
1047 2169 1149 2222 sed
1173 2168 1493 2223 Antiochiae
1525 2169 1799 2225 habuerit
1823 2171 2094 2228 homilias

435 2255 496 2311 in
529 2255 847 2327 Epistolam
879 2257 950 2310 ad
999 2257 1291 2312 Hebrreos.
1346 2257 1566 2312 Verum
1601 2258 1796 2314 minus
1831 2261 2096 2331 apposite

442 2344 502 2401 id
533 2344 849 2413 conjecisse
878 2345 966 2399 vir
998 2344 1201 2400 doctus
1233 2346 1480 2416 videtur,
1514 2347 1768 2417 adeoque
1799 2349 1954 2420 viget
1997 2351 2095 2404 ad-

444 2434 560 2490 huc
592 2433 861 2503 objectio.
913 2434 1029 2489 Has
1060 2434 1216 2490 enim
1266 2435 1541 2491 homilias
1590 2436 2092 2510 Constantinopoli

448 2521 725 2578 habuisse
745 2521 1248 2594 Chrysostomum,
1280 2540 1414 2578 cum
1428 2525 1553 2595 jam
1576 2530 1730 2581 esset
1760 2528 2090 2600 episcopus,

445 2614 580 2682 post
607 2609 1048 2667 Tillemontium
1071 2613 1180 2684 (10)
1214 2613 1684 2669 Montfauconius
1715 2615 1926 2671 evincit
1955 2618 2088 2686 (11).

444 2698 863 2756 Existimamus
892 2700 1088 2772 itaque
1134 2701 1330 2772 potius
1359 2702 1448 2758 vel
1496 2702 1689 2758 locum
1716 2721 1844 2760 esse
1873 2708 2090 2775 :corru-

443 2792 636 2860 ptum,
658 2788 746 2844 vel
780 2790 1062 2845 memoria
1091 2790 1324 2862 lapsum
1357 2796 1628 2848 sanctum
1674 2794 1987 2851 doctorem.
2021 2796 2091 2852 Et

442 2876 602 2949 prior
631 2877 870 2948 quidem
903 2878 1238 2950 conjectura
1269 2880 1326 2934 in
1358 2896 1424 2935 eo
1454 2880 1746 2951 innititur,
1790 2884 1939 2954 quod
1975 2900 2088 2940 eae-

441 2964 575 3022 dem
608 2964 881 3035 homilize,
932 2965 1036 3020 ἀπὸ
1088 2965 1327 3039 σημείων
1367 2986 1436 3025 ea:
1471 2971 1616 3026 notis
1664 2972 1903 3041 eductae,
1955 2978 2088 3045 post

442 3054 668 3110 obitum
693 3055 929 3111 demum
961 3056 1356 3130 Chrysostomi
1388 3059 1605 3115 fuerint
1633 3060 1911 3132 evulgataa
1940 3080 1952 3119 :
1988 3061 2085 3117 ἐπὸ

441 3140 705 3214 σημείων,
739 3144 1005 3216 inquam,
1038 3163 1141 3202 seu
1164 3164 1232 3202 ex
1264 3147 1537 3203 ductibus
1571 3148 1780 3204 calami
1814 3151 2088 3206 breviori-

442 3232 575 3300 bus,
621 3234 839 3304 quibus
886 3249 1052 3291 voces
1097 3239 1153 3291 et
1183 3237 1356 3291 verba
1384 3237 1748 3309 tachigraphi
1795 3239 2084 3296 describe-

2197 660 2746 730 praestantissimam
2769 679 2835 717 ac
2857 663 3074 734 regiam
3101 664 3472 735 occuparint;
3508 670 3562 719 et
3582 666 3714 721 dies
3744 668 3874 720 noti

2200 751 2372 818 atque
2408 748 2568 816 clari,
2603 749 2702 820 qui
2734 751 2870 805 festi
2902 769 2935 806 a
2960 756 3080 806 toto
3112 754 3251 808 orbe
3281 753 3727 809 celebrentur...
3767 757 3872 809 At-

2199 852 2311 907 que
2339 837 2392 891 id
2429 855 2541 892 non
2577 839 2769 893 Romae
2792 840 2984 894 solum
3012 841 3132 897 ﬁeri
3169 843 3466 913 quispiam
3491 843 3726 910 viderit,
3761 845 3870 899 sed

2199 925 2373 979 etiam
2406 927 2927 998 Constantinopoli.
2954 929 3096 984 Nam
3122 935 3174 984 et
3198 930 3290 984 hic
3313 948 3539 1002 quoque
3567 932 3874 987 Constan-

2198 1013 2387 1068 tinum
2417 1018 2688 1085 Magnum
2726 1017 2883 1071 filius
2924 1019 3342 1089 (Constantius)
3376 1021 3454 1074 ita
3485 1022 3730 1076 demum
3776 1024 3871 1076 in-

2200 1102 2357 1173 genti
2390 1102 2606 1158 honore
2651 1121 2712 1158 se
2743 1105 3084 1160 effecturum
3116 1107 3490 1177 existimavit,
3539 1110 3586 1164 si
3621 1125 3770 1163 eum
3810 1112 3873 1164 in

2201 1191 2507 1262 piscatoris
2540 1191 2826 1264 (Androm)
2857 1194 3146 1250 vestibulo
3177 1197 3487 1262 conderet;
3524 1219 3550 1246 n
3584 1197 3642 1251 in
3674 1199 3877 1253 vesti-

2201 1278 2338 1334 bulo
2369 1279 2590 1334 scilicet
2613 1280 2867 1337 ecclesias
2899 1283 3335 1354 Apostolorum,
3377 1285 3479 1339 ubi
3510 1291 3874 1342 sanctorum

2200 1368 2464 1434 Andreae,
2495 1369 2658 1424 Lucae
2689 1387 2755 1425 ac
2799 1372 3088 1427 Timothei
3122 1388 3363 1444 corpora
3396 1375 3691 1430 recondita
3733 1393 3878 1445 per-

2201 1455 2498 1512 hibentur.
2540 1458 2661 1521 Quo
2694 1475 2833 1514 sane
2865 1461 3183 1531 respiciens
3213 1466 3480 1517 vetustus
3512 1468 3722 1518 auctor
3760 1465 3877 1519 ho-

2205 1544 2377 1599 miliae
2400 1545 2457 1600 in
2495 1545 2662 1614 illud,
2695 1551 2758 1601 1n
2786 1550 3061 1619 principio
3090 1554 3213 1605 erat
3250 1550 3502 1618 Verbum,
3537 1551 3685 1606 inter
3722 1570 3880 1624 ope-

2203 1649 2268 1688 ra
2290 1634 2476 1705 ipsius
2508 1635 2904 1707 Chrysostomi
2937 1638 3073 1709 (15),
3104 1638 3314 1693 habitae
3352 1644 3416 1694 ut
3446 1640 3669 1696 videtur
3704 1659 3885 1698 anno

2202 1721 2329 1789 381,
2363 1723 2479 1778 haec
2511 1724 2722 1780 habet:
2776 1748 2804 1776 «
2841 1726 3096 1782 Trinitas
3138 1728 3533 1798 apostolorum
3570 1731 3880 1801 (Andreae.

2205 1810 2369 1865 Lucae
2402 1829 2467 1867 ac
2508 1813 2819 1885 Timothei)
2854 1817 3018 1871 testis
3059 1821 3147 1871 est
3176 1817 3426 1873 cmlestis
3468 1818 3813 1873 Trinitatis.
3851 1845 3877 1868 η

2207 1901 2418 1954 Eodem
2455 1899 2625 1972 plane
2670 1918 2848 1958 sensu
2881 1908 3056 1975 atque
3088 1905 3145 1958 in
3178 1906 3444 1960 eamdem
3479 1907 3876 1975 sententiam,

2207 1987 2516 2060 Gregorius
2544 2007 2775 2063 quoque
2807 1993 3204 2049 Nazianzenus
3239 1994 3371 2065 (16):

2278 2080 2490 2130 Μοῦνον
2541 2074 2586 2131 δ’
2637 2075 2802 2153 ἄλγος
2848 2075 3052 2153 ἔμεινεν
3108 2080 3254 2154 ἐμοὶ,
3307 2083 3570 2157 καὶγῆρας
3617 2083 3879 2160 ἀνιγρὸν.

2276 2166 2343 2219 Ὢ
2377 2185 2468 2237 μοι
2501 2165 2640 2239 ἐμῆς
2671 2165 2910 2242 τριάδος.

2274 2255 2350 2310 Ac
2405 2257 2551 2311 mihi
2605 2256 2879 2315 duntaxat
2934 2261 3139 2315 mansit
3185 2259 3340 2316 dolor
3394 2268 3554 2333 atque
3601 2265 3883 2319 senectus

2345 2345 2597 2402 molesta.

2273 2437 2399 2488 Heu
2429 2450 2548 2489 mea
2576 2435 2732 2492 trias.

2201 2521 2308 2586 Qui
2339 2526 2397 2578 et
2425 2521 2562 2578 alibi
2611 2525 2747 2595 (l7),
2781 2524 2852 2580 ad
2902 2527 3243 2582 eorumdem
3276 2531 3610 2584 sanctorum
3643 2545 3875 2603 corpo-

2202 2627 2334 2666 rum
2377 2611 2818 2670 translationem
2866 2613 3115 2684 digitum
3170 2615 3503 2684 intendens,
3556 2617 3882 2690 eleganter

2201 2699 2382 2754 dixit:
2422 2721 2449 2753 ι
2478 2700 2694 2768 Valete,
2730 2702 2999 2773 apostoli,
3023 2703 3301 2774 praclara
3332 2705 3558 2760 colonia
3579 2710 3871 2762 certami-

2200 2787 2290 2843 nis
2323 2788 2438 2843 mei
2483 2789 2769 2860 magistri.
2806 2811 2835 2839 ››
2884 2791 3017 2854 Quae
3064 2808 3192 2848 cum
3224 2793 3306 2848 ita
3355 2794 3492 2860 sint,
3548 2794 3682 2865 quis
3716 2813 3874 2868 ergo

2198 2876 2306 2932 rite
2337 2877 2544 2933 dixerit
2575 2879 2874 2949 ignorasse
2903 2880 3410 2952 Chrysostomum,
3444 2885 3597 2954 quod
3630 2887 3869 2957 Grego-

2197 2966 2320 3020 rius
2338 2967 2755 3035 Nazianzenus,
2771 2969 2924 3038 quod
2941 2969 3237 3035 Paulinus,
3254 2972 3407 3041 quod
3431 2972 3859 3045 Hieronymus,

2196 3055 2348 3125 quod
2383 3055 2586 3127 reliqui
2621 3056 2848 3128 antiqui
2893 3057 3205 3129 scriptores
3244 3060 3640 3130 ecclesiastici,
3673 3062 3754 3117 de
3789 3064 3855 3118 ε.

2193 3144 2435 3199 Andreae
2462 3145 2706 3214 apostoli
2756 3161 3014 3216 corpore,
3046 3148 3231 3203 Patris
3281 3148 3508 3204 Achaiae
3540 3150 3598 3205 in
3632 3151 3856 3207 urbem

2196 3231 2414 3304 regiam
2446 3233 2750 3301 translato,
2775 3233 2984 3290 litteris
3001 3237 3413 3293 tradiderunt?
3439 3238 3716 3308 Superest
3743 3241 3861 3312 igi-

442 3323 604 3389 bant,
628 3327 692 3377 ut
714 3327 929 3377 norunt
944 3323 1186 3391 eruditi;
1219 3341 1286 3379 ex
1316 3324 1531 3395 quibus
1563 3343 1697 3398 ergo
1730 3327 1881 3383 notis
1912 3327 2085 3400 plano
2117 3314 2160 3380 C
2197 3324 2312 3388 tur,
2349 3322 2501 3393 quod
2526 3323 2696 3378 modo
2719 3322 3080 3393 dicebamus,
3106 3330 3170 3379 ut
3190 3325 3653 3396 suspicemurvel
3678 3345 3864 3384 men-

446 3413 504 3465 et
530 3409 755 3482 vulgari
788 3412 960 3466 modo
1008 3411 1218 3468 litteris
1266 3414 1546 3469 traditum
1591 3431 1759 3486 opus,
1810 3415 1869 3470 in
1902 3417 2091 3473 lucem

447 3498 654 3554 exinde
686 3499 793 3554 fuit
823 3499 1136 3570 prolatum.
1170 3500 1271 3557 His
1305 3503 1546 3570 accedit,
1588 3504 1747 3559 varia
1779 3505 1960 3560 fuisse
1991 3507 2092 3562 ha-

449 3603 581 3642 rum
611 3587 993 3644 homiliarum
1018 3589 1390 3662 exemplaria,
1417 3591 1477 3646 in
1510 3593 1722 3663 quibus
1755 3592 2094 3666 colligendis

450 3675 967 3746 describendisque
989 3677 1085 3731 alii
1108 3687 1249 3733 tunc
1273 3680 1552 3750 temporis
1571 3681 1883 3738 feliciorem
1916 3701 2094 3754 quam

450 3764 862 3819 Constantinus
911 3781 1147 3834 operam
1199 3767 1464 3837 posuisse
1515 3769 1812 3839 feruntur;
1863 3789 1976 3843 qua
2023 3774 2095 3829 de

450 3868 511 3908 re
566 3851 735 3922 plura
791 3852 1169 3910 doctissimus
1216 3855 1610 3928 Chrysostomi
1671 3876 1911 3930 operum
1967 3863 2094 3917 edi-

448 3945 541 3997 tor
569 3941 700 4012 (12):
752 3945 818 3996 ut
848 3940 1087 4012 proinde
1119 3943 1275 3998 haud
1329 3945 1550 4000 absona
1597 3946 1862 4003 videatur
1899 3951 2093 4022 suspi-

448 4029 556 4098 cio,
591 4034 813 4085 textum
864 4029 1106 4086 allatum
1162 4031 1538 4090 librariorum
1591 4037 1761 4106 culpa
1791 4037 1849 4091 in
1882 4040 2093 4095 mendo

447 4119 699 4187 cubare;
751 4135 816 4174 eo
849 4119 906 4174 in
939 4120 1144 4191 primis
1188 4122 1443 4194 nomine,
1479 4123 1632 4195 quod
1677 4125 1746 4180 de
1777 4127 1932 4181 Petri
1965 4128 2094 4198 qui-

447 4207 582 4262 dem
603 4212 660 4262 et
681 4207 844 4262 Pauli
865 4213 921 4263 et
946 4209 1189 4265 Joannis
1220 4211 1506 4282 sepulcris
1536 4213 1766 4269 dubitet
1787 4231 1990 4284 nemo;
2025 4218 2094 4273 de

446 4295 682 4351 Thomaa
705 4301 900 4351 autem
925 4298 1193 4369 sepulcro
1223 4317 1338 4354 non
1372 4300 1452 4356 ita
1481 4305 1725 4372 certum,
1759 4307 1823 4358 ut
1853 4305 1923 4359 ad
1958 4322 2092 4362 eum

445 4381 639 4439 locum
672 4389 824 4440 recte
854 4386 1093 4442 adnotat
1123 4387 1614 4445 Montfauconius.

2201 3409 2410 3467 dosum
2442 3427 2570 3466 esse
2619 3411 2811 3467 locum
2843 3414 3013 3469 nobis
3056 3415 3350 3484 objectum
3378 3433 3390 3483 ;
3425 3415 3510 3471 vel
3557 3417 3605 3470 si
3639 3419 3866 3488 mavis,

2203 3500 2484 3555 memoria
2513 3500 2745 3572 lapsum
2777 3506 3044 3558 sanctum
3067 3503 3388 3576 doctorem,
3415 3506 3555 3561 dum
3579 3523 3646 3562 ea
3674 3509 3871 3564 verba

2203 3603 2233 3643 e
2261 3593 2542 3660 suggestu
2578 3590 2880 3659 proferret.

2272 3676 2339 3733 V.
2373 3677 2527 3733 Inter
2571 3678 2926 3749 objectiones
2972 3696 3106 3736 vero
3137 3681 3423 3752 gravioris
3474 3686 3765 3739 momenti
3803 3702 3876 3742 ea

2203 3765 2392 3836 potior
2419 3766 2804 3836 existimatur,
2838 3784 2967 3839 quae
2995 3785 3062 3824 ex
3092 3787 3229 3826 voce
3257 3767 3479 3842 τριάδος
3521 3773 3876 3831 desumitnr

2203 3855 2311 3909 sub
2343 3854 2610 3926 Epistolas
2643 3855 2876 3911 initium
2931 3863 3269 3914 occurrente
3297 3877 3309 3925 ;
3341 3876 3540 3931 quam,
3575 3861 3873 3932 inquiunt

2202 3959 2491 4014 censores,
2525 3944 2582 3998 in
2613 3946 3029 4002 vetustissimis
3060 3947 3472 4004 ecclesiasticis
3503 3965 3872 4008 monumen-

2201 4032 2279 4087 tis
2305 4032 2397 4086 vix
2427 4047 2492 4087 ac
2524 4048 2593 4088 ne
2632 4033 2724 4088 vix
2754 4033 2989 4105 quidem
3036 4036 3283 4092 fortasse
3315 4039 3612 4109 invenias;
3655 4041 3872 4111 perin-

2203 4121 2273 4175 de
2303 4136 2368 4175 ac
2401 4120 2449 4174 si
2481 4122 2678 4176 omnia
2709 4123 2928 4194 scripta
2955 4123 3123 4180 nobis
3145 4130 3537 4196 superessent,
3564 4143 3688 4198 quae
3713 4131 3874 4185 scri-

2202 4212 2399 4280 ptores
2441 4209 2745 4280 apostolici
2778 4216 2880 4266 aut
2925 4229 3043 4268 aavo
3075 4213 3394 4285 apostolico
3441 4216 3710 4286 proximi,
3755 4218 3874 4274 Pa-

2202 4296 2350 4367 pias,
2383 4298 2735 4368 Quadratus,
2768 4299 3073 4368 Aristides,
3118 4303 3375 4373 Agrippa
3406 4307 3624 4368 Castor,
3655 4305 3872 4362 Aristo

2203 4383 2442 4441 Pellzeus
2475 4385 2688 4457 aliique
2731 4386 2941 4443 litteris
2983 4389 3291 4444 tradidere.
3337 4392 3508 4463 Atqui
3552 4391 3876 4463 antiquius

518 4473 680 4536 Quod
723 4473 770 4527 si
821 4473 914 4528 cui
962 4476 1251 4531 sententia
1309 4476 1508 4532 isthaec
1566 4479 1764 4535 minus
1822 4481 2093 4552 arrident,
2201 4476 2289 4528 BSt
2323 4489 2534 4528 DOmeD
2565 4471 2806 4547 τριάδος,
2851 4493 3026 4546 quam
3081 4483 3144 4532 ut
3186 4479 3406 4548 passim
3449 4479 3873 4554 existimetur;

449 4562 731 4616 memoria
761 4560 854 4616 hic
900 4561 1134 4634 lapsum
1183 4565 1241 4619 S.
1273 4565 1501 4621 Patrem
1549 4568 1774 4638 opinari
1807 4570 1895 4626 fas
1946 4573 2091 4628 erit;
2200 4563 2370 4617 tertio
2402 4561 2579 4629 enim,
2614 4564 2756 4634 quin
2787 4568 2845 4620 et
2875 4567 3129 4621 secundo
3156 4567 3421 4622 Ecclesia:
3447 4568 3658 4625 saeculo
3682 4587 3879 4628 usur-

447 4651 616 4719 cujus
645 4649 726 4706 rei
755 4651 1020 4722 exempla
1051 4653 1110 4707 in
1143 4652 1273 4709 aliis
1312 4655 1439 4724 ejus
1470 4655 1743 4727 operibus
1774 4657 1928 4714 haud
1961 4676 2091 4716 raro
2121 4679 2171 4746 Ι)
2202 4655 2401 4721 Datum
2434 4653 2825 4724 Comperit)";
2873 4656 3024 4724 (μιοά
3076 4672 3217 4710 sane
3251 4657 3431 4711 Πιίτοῖ·
3479 4658 3701 4728 fugisse
3735 4661 3876 4716 SVi'

447 4737 847 4807 deprehendas
873 4740 1008 4811 (13).
1059 4741 1192 4804 Quae
1243 4743 1476 4814 quidem
1527 4745 1869 4815 conjectatio
1904 4749 2090 4819 magis

2206 4755 2397 4794 cerum
2457 4740 2592 4811 (18).
2646 4741 2958 4814 Dionysius
3013 4742 3439 4800 Alexandrinus
3502 4747 3635 4816 (19):
3696 4747 3872 4804 Οὕτω

446 4825 655 4896 placet.
687 4826 985 4890 Quomodo
1016 4830 1172 4885 enim
1203 4832 1444 4887 Andreae
1477 4833 1722 4903 apostoli
1757 4835 2090 4906 sepulcrum

2206 4827 2296 4898 μὲν
2325 4829 2488 4899 ἡμεῖς
2521 4824 2597 4889 εἴς
2626 4848 2686 4883 τε
2721 4830 2820 4897 τὴν
2869 4826 3073 4905 Τριάδα
3108 4831 3206 4899 τήν
3257 4831 3465 4905 μονάδα
3506 4833 3871 4909 πλατύνομεν

444 4914 634 4986 potuit
654 4915 950 4983 ignorasse
974 4917 1443 4990 Chrysostomus;
1467 4937 1638 4992 quem
1662 4922 1943 4979 nimirum
1965 4941 2090 4981 cor-

2206 4912 2518 4989 ἆδιαίρετονο
2566 4917 2654 4972 καὶ
2700 4919 2800 4988 τήν
2850 4916 3053 4994 Τριάδα
3097 4919 3260 4975 πάλιν
3315 4921 3583 4993 ἀμείωτον
3633 4923 3713 4985 εἰς
3757 4926 3872 4996 τήν

442 5003 602 5074 poris
631 5005 758 5074 ejus
781 5006 1222 5062 translationem
1259 5025 1327 5062 ex
1356 5009 1574 5065 Achaia
1605 5010 2087 5084 Constantinopo-

2206 5002 2405 5077 μονάδα
2437 5005 2994 5084 συγκεφαλαιούμεθα.
3038 5010 3130 5067 Sic
3176 5011 3397 5082 quidem
3442 5029 3542 5067 nos
3587 5014 3867 5073 indimch

439 5089 542 5147 lim
575 5109 607 5147 a
635 5093 973 5148 Constantio
1006 5111 1155 5149 anno
1178 5097 1282 5151 357
1315 5101 1629 5167 peractam,
1655 5098 1811 5154 haud
1845 5099 2087 5159 latuisse
2197 5096 2357 5150 bilem
2394 5098 2661 5151 "nitatem
2692 5099 2753 5152 in
2788 5098 3112 5153 Trinitatem
3141 5098 3492 5162 dilata-mus;
3539 5106 3588 5157 εἰ
3614 5102 3868 5163 Trinita-

438 5179 677 5236 demum
708 5180 941 5253 liquet?
970 5183 1064 5239 Sic
1096 5183 1250 5241 enim
1280 5185 1378 5240 ille
1409 5186 1551 5257 (14):
1587 5208 1615 5237 «
1649 5187 1861 5245 Christi
1893 5207 2085 5247 servo-

2206 5188 2304 5240 !em
2331 5187 2530 5240 iterum
2564 5201 2684 5256 quas
2722 5188 2984 5242 imminui
3028 5189 3237 5258 nequit,
3284 5190 3347 5243 in
3397 5193 3672 5247 unitatem
3719 5209 3868 5252 coa-

1615 5330 1832 5416 p.£§4.
2192 5335 2514 5416 tomLXLp.
2550 5335 2677 5392 625.

506 5401 615 5462 (10)
648 5401 876 5450 Tillem.
908 5401 1064 5451 Mem.
1097 5401 1248 5465 eccl.,
1283 5403 1425 5454 tom.
1452 5401 1547 5463 X1,
1582 5417 1636 5471 p.
1671 5401 1795 5456 378.

506 5464 875 5554 ('11)“ltr1‘ontf.,
930 5469 1160 5539 Prae/at.
1209 5470 1280 5524 ad
1328 5487 1451 5543 opp.
1508 5471 1723 5545 (ἰὴν-ψη
1776 5478 1916 5530 tom.
1957 5472 2080 5545 XII,

2263 5406 2368 5476 (15‘
2407 5401 2608 5477 Chrys.
2638 5422 2773 5477 opp.
2808 5410 2951 5462 tom.
2983 5407 3105 5477 XII,
3138 5423 3194 5478 p.
3229 5410 3351 5465 421.

2403 5476 2574 5554 _G_reg.
2608 5477 2769 5554 ΜΨ.)
2803 5479 3074 5554 carm._9,
3102 5481 3350 5554 tomtll,
3386 5482 3562 5554 p.179.

434 5534 775 5620 Ῥηξῖνθῆλη
859 5534 941 5620 ξ...
1058 5534 1066 5539 ⁷
1354 5534 1404 5543 Π
1617 5534 1639 5545 ν
1709 5534 1720 5541 ν
2062 5534 2076 5545 ’

2260 5534 2373 5620 (17)
2401 5534 2661 5620 Id.45rat.
2700 5534 2789 5617 32,
2823 5553 2966 5605 tom.
2998 5534 3132 5620 l,'p.
3166 5534 3294 5606 527.

538 5605 1230 5691 lg)lbid,,n§5nseqq.h
1377 5683 1420 5691 __
1476 5685 1558 5691 ,Α
1643 5690 1647 5691 ί
2261 5605 2372 5691 (18)
2405 5618 2642 5686 Svicer.,
2675 5605 2834 5691 Thes.
2866 5605 3195 5687 eccz.',’t6m.
3229 5605 3297 5691 II,
3333 5638 3390 5691 p.
3425 5623 3582 5678 1288.

538 5605 600 5657 12
629 5604 823 5671 ’Ibid.,
857 5608 946 5679 §5
976 5625 1135 5681 seqq.

507 5604 624 5814 (13)
652 5675 878 5743 Montf.,
911 5684 1079 5750 Praef.
1114 5681 1184 5736 ad
1212 5684 1342 5764 tam.
1374 5683 1440 5766 Χ,
1472 5686 1500 5752 §
1529 5685 1563 5738 3
1601 5690 1657 5742 et
1686 5685 1846 5741 alibi.

537 5744 602 5796 14
647 5744 1083 5814 Οιιινγεηζηὴοω.
1113 5751 1204 5814 26,
1237 5769 1300 5807 ιη
1344 5763 1504 5814 eum.
1554 5758 1607 5813 II
1631 5756 1701 5812 ad
1753 5757 1901 5814 Cor..
1934 5775 1992 5814 n.
2018 5759 2076 5814 5.

2261 5604 2373 5760 (18)
2405 5618 2642 5686 Svicer.,
2681 5604 2834 5676 Thes.
2866 5604 3195 5702 eccl.v,’tom.
3219 5604 3297 5691 VII,
3425 5623 3582 5678 1288.

2206 5691 2567 5814 “gs-Apud
2598 5690 2836 5761 Athan,
2865 5693 3038 5764 Epist.
3064 5692 3131 5750 de
3159 5701 3298 5751 sent.
3379 5709 3580 5767 tony:.,
3607 5699 3758 5756 tom.
3793 5697 3844 5770 Ι,

503 5321 583 5461 (9)
616 5321 916 5448 Lequien..
954 5325 1043 5380 0r.
1079 5325 1300 5395 Christ.,
1332 5330 1474 5383 tom.
1510 5329 1581 5400 ΙΙ,

533 5393 615 5461 10)
648 5395 713 5448 Τι
742 5394 876 5450 lem.
908 5397 1064 5451 Mem.
1097 5399 1248 5461 eccl.,
1283 5403 1425 5454 tom.
1452 5399 1547 5461 X1.

533 5393 615 5462 10)
648 5393 876 5450 Tillem.
908 5397 1064 5451 Mem.
1097 5399 1248 5465 eccl.,
1283 5393 1425 5454 tom.
1452 5399 1547 5463 X1,

534 5465 618 5534 11)
652 5465 875 5534 Montf.,
930 5469 1160 5534 Prae/at.
1209 5470 1280 5524 ad
1328 5487 1451 5534 opp.
1508 5471 1546 5526 C

533 5675 622 5765 ἒὲἒ
648 5675 1184 5765 ιιξίμοέὶίῐᾶτεενῖᾏιίέ
1212 5684 1342 5764 temo
1374 5683 1440 5765 Χε
1472 5686 1500 5765 §
1529 5685 1657 5765 3._et
1686 5685 1846 5765 alibi-
2020 5759 2050 5765 _
2258 5675 2377 5765 (49).
2399 5691 2567 5765 Apud
2598 5675 2836 5761 A’than;
2865 5675 3038 5764 Epist.
3064 5675 3131 5750 de
3157 5675 3298 5751 ὶενὶὶῑ

537 5744 1083 5818 14)(111ινγεηιηὶιοώ.
1113 5751 1204 5821 26,
1237 5753 1300 5807 in
1344 5744 1504 5826 ερὺᾶ
1554 5758 1607 5813 ΙΙ
1631 5756 1701 5812 ad
1753 5757 1901 5828 Cor.,
1934 5759 2076 5828 n.5,

2206 5777 2244 5831 ›.
