3998 6348
116 459 289 519 1205
803 460 1186 522 EPISTOLA
1230 461 1330 521 DE
1374 461 1791 521 MARTYRIO
1835 463 1899 522 S.
1948 463 2318 523 ANDREIE.
2352 461 2877 523 -PRO(EMIA.
3384 461 3541 524 1206

112 592 546 658 trahimus.Quo
566 591 807 664 insuper
861 590 1143 648 vocabulo
1174 593 1329 664 apud
1362 592 1645 650 Basilium
1666 593 1780 667 (20)
1808 594 1861 662 Α
1893 609 2025 651 cum
2042 593 2278 652 Daniele
2294 598 2412 653 tres
2441 609 2654 668 pueros
2683 595 2743 649 in
2767 593 2881 651 fide
2911 593 3089 651 fortes
3119 596 3176 650 et
3205 593 3264 651 in
3298 595 3536 668 captivi-

113 681 341 737 iterum
372 686 546 754 atque
578 682 788 739 iterum
837 681 1024 737 utitur
1064 682 1220 737 idem
1249 682 1583 755 Dionysius.
1634 683 1779 739 Huic
1888 688 2006 740 tate
2034 684 2513 753 victores,horam
2542 684 3049 754 tertiam,sextam,
3073 701 3311 752 nonam;
3344 702 3535 742 sacra-

115 770 400 843 episcopo
446 770 834 827 Alexandrino
866 767 1166 846 σόγχρονος
1188 772 1500 843 Gregorius
1550 773 1777 832 Neocaa-
1887 778 2083 830 mento
2105 773 2326 830 scilicet
2347 774 2673 841 Trinitatis,
2698 790 2824 845 quae
2851 774 2912 829 in
2945 773 3283 830 novissimis
3309 778 3536 847 tempo-

117 861 412 915 sariensis
442 860 590 933 (21):
624 859 783 932 Τριὰς
814 856 1015 928 τελεία,
1077 856 1202 933 δόξῃ
1232 858 1321 913 καὶ
1367 857 1637 931 ἀϊδιότητι
1687 883 1696 917 ι

1959 879 2050 918 ius
2081 862 2445 918 manifestari
2470 863 2780 919 habebat.»
2813 862 3034 928 Quibus
3067 863 3304 919 demum
3328 864 3538 919 addere

125 945 405 1020 βασιλείᾳ,
443 947 519 1019 μὴ
578 948 931 1023 μεριζομὲνη,
962 967 1015 1003 κ.
1048 969 1098 1003 τ.
1135 947 1189 1004 λ.
1241 951 1483 1006 Trinitas
1518 954 1704 1023 perfea

1957 955 2028 1007 iet
2057 951 2216 1007 aliud
2241 951 2469 1007 illustre
2524 950 2921 1007 testimonium
2948 968 3017 1008 ex
3073 952 3235 1007 Actis
3294 952 3536 1007 sinceris

122 1052 258 1109 qua
286 1040 465 1109 gloria
490 1041 544 1094 et
569 1040 894 1095 aeternitate
921 1055 985 1095 ac
1013 1055 1176 1108 regno
1205 1055 1316 1094 non
1344 1039 1636 1113 dividitur,
1668 1047 1775 1099 etc.
1888 1046 2224 1095 sanctorum
2256 1044 2582 1113 martyrum
2626 1039 2953 1107 Fructuosi,
3000 1040 3246 1113 Augurii
3277 1044 3333 1096 et
3362 1040 3536 1096 Eulo-

121 1126 413 1199 Origenes
444 1130 690 1198 utroque
720 1127 1019 1199 antiquior
1048 1128 1162 1199 (22)
1192 1144 1206 1185 :
1238 1125 1389 1201 Τάχα
1416 1128 1517 1204 γὰρ
1548 1127 1638 1183 καί
1666 1149 1775 1185 τισι
1885 1128 1987 1201 gii,
2019 1145 2136 1185 aevo
2166 1128 2438 1202 Cypriani
2483 1128 2775 1185 memoriae
2833 1128 3088 1184 traditis.
3122 1127 3217 1185 Sio
3247 1133 3441 1184 autem
3474 1146 3536 1186 se

120 1218 237 1268 τῶν
294 1213 568 1290 μακαρίων
619 1210 919 1287 δυνάμεων,
969 1215 1057 1269 καὶ
1107 1210 1605 1287 ἐπανάόεϐηκυιῶν,
1647 1238 1699 1272 συ

1950 1217 2061 1273 Lbet
2085 1217 2239 1291 (29):
2300 1240 2330 1268 ‹‹
2361 1217 2595 1274 Similes
2650 1216 2910 1283 Ananim,
2942 1218 3160 1273 Azariaa
3217 1221 3273 1272 et
3306 1215 3529 1272 Misaeli

120 1302 301 1378 κρίσει
353 1307 459 1359 τῶν
491 1302 717 1359 πολλῶν
766 1308 1030 1379 γενητῶν,
1077 1303 1145 1359 τὰ
1190 1302 1337 1359 κάτω
1388 1313 1487 1375 τῆς
1542 1306 1699 1383 ἀρχιιι

1958 1306 2254 1380 stiterunt,
2286 1310 2351 1364 ut
2378 1307 2553 1363 etiam
2583 1306 2643 1362 in
2673 1305 2791 1361 illis
2812 1306 3072 1363 Trinitas
3104 1305 3302 1362 divina
3331 1321 3531 1361 cerne-

119 1389 377 1468 Τριάδος,
406 1391 571 1468 λόγον
604 1386 721 1467 ἔχει
754 1391 883 1455 ὅλος
917 1394 945 1447 ὁ
977 1392 1200 1455 ἐνεστὼς
1230 1393 1361 1449 αἰὼν
1396 1395 1469 1457 ὡς
1513 1397 1648 1472 πρὸς
1675 1397 1775 1465 τὴν
1889 1399 2073 1450 retur.
2107 1417 2135 1446 ››

125 1482 278 1551 ζωὴν
310 1480 503 1554 αὐτῶν,
536 1482 594 1537 ὃν
642 1480 802 1557 λόγον
853 1477 971 1558 ἔχει
999 1484 1033 1552 ἡ
1064 1482 1192 1557 παρ’
1240 1482 1550 1560 ἀνθρώποις
1596 1484 1704 1558 ἡμέ

1961 1485 2147 1540 Habes
2174 1484 2354 1557 igiiur
2380 1489 2507 1541 tum
2537 1488 2783 1552 Graecos,
2814 1487 2943 1540 tum
3001 1484 3237 1539 Latinos
3268 1482 3533 1539 Ecclesia

122 1572 268 1647 πρὸς
299 1569 427 1626 ὅλον
482 1571 575 1626 τὸν
625 1567 845 1625 δυνατὸν
903 1569 1176 1645 ἀνθρώπῳ
1209 1576 1302 1646 ζῇν
1332 1572 1544 1649 χρόνον.
1587 1579 1701 1648 3in

1959 1576 2085 1629 .tres
2117 1573 2332 1645 quibus
2363 1570 2582 1646 τριάδος
2602 1573 2959 1629 vobabulum
2982 1574 3107 1643 jam
3132 1573 3266 1628 inde
3298 1590 3332 1629 a
3360 1588 3538 1628 saecu—

122 1661 252 1717 dem
280 1675 523 1733 praesens
548 1669 675 1717 aetas
693 1661 942 1717 eamdam
968 1665 1212 1733 fortasse
1239 1667 1510 1720 rationem
1531 1666 1689 1722 habet
1709 1667 1779 1722 ad
1887 1661 1941 1717 lo
1961 1679 2000 1717 ιι
2022 1663 2698 1735 desinente,usurpalum
2721 1661 3265 1734 comperitur.Quod
3282 1661 3329 1717 si
3347 1662 3538 1717 adhuc

123 1752 303 1807 vitam
332 1751 618 1805 beatorum
645 1751 1013 1822 quarumdam
1045 1756 1400 1823 potestatum,
1436 1771 1665 1827 quaque
1686 1770 1778 1824 ge-
1888 1752 2630 1823 superarentvetustiorum
2646 1752 2995 1823 scriptorum
3015 1754 3538 1818 monumenta,non

127 1842 269 1896 nitis
298 1840 674 1909 compluribus
722 1840 958 1909 collatae,
1016 1844 1329 1913 superiores
1377 1842 1463 1898 his
1490 1852 1781 1900 evaserunt
1888 1842 1960 1897 ad
1977 1839 2281 1913 Theophili
2311 1840 2503 1897 solum
2522 1839 2981 1897 autTertulliani
3004 1840 3363 1899 aetatemeed
3385 1839 3538 1895 alius

126 1943 262 2001 qna
290 1931 441 2000 in/ra
468 1944 655 1984 rerum
683 1931 936 1985 omnium
964 1930 1399 1987 moderationem
1451 1934 1779 1989 Trinitatem
1814 1966 1860 2031 B
1888 1930 2064 1985 etiam
2084 1930 2430 2001 assurgendi
2456 1929 2622 1985 nobis
2646 1930 2892 1985 fortasse
2914 1928 3161 1984 facultas
3181 1932 3537 2000 suppeteret,

125 2020 320 2091 posita
338 2025 504 2079 sunt;
536 2033 698 2091 quam
730 2018 985 2074 humanae
1027 2020 1157 2076 vita
1184 2020 1297 2076 dies
1322 2021 1392 2075 ad
1437 2024 1613 2077 totum
1645 2030 1781 2078 tem-
1815 2018 1859 2031 υ
1892 2020 1963 2074 ad
1994 2018 2380 2091 antiquiorem
2428 2019 2694 2091 ejusdem
2726 2019 2882 2074 vocis
2922 2034 3098 2074 usum
3131 2019 3537 2074 asserendum°

125 2123 236 2180 pus
264 2108 533 2162 rationem
574 2106 756 2176 habet,
788 2107 860 2163 ad
908 2109 1052 2179 quod
1100 2110 1339 2164 hominis
1368 2110 1481 2166 vita
1526 2111 1786 2182 progredi
1962 2108 2055 2163 Vl.
2089 2109 2218 2164 Jam
2269 2124 2403 2163 vero
2433 2109 2505 2164 ad
2537 2106 2718 2163 Graeci
2774 2111 2965 2163 textus
3022 2106 3416 2178 integritatem
3447 2123 3542 2163 as-

124 2200 323 2268 potest.
356 2195 556 2267 Neque
584 2195 681 2251 hic
737 2195 949 2263 solum,
982 2197 1083 2252 sed
1134 2197 1272 2253 alibi
1320 2215 1554 2271 quoque
1585 2217 1782 2256 vocem
1892 2198 2223 2266 truendam,
2257 2196 2401 2253 illud
2447 2213 2681 2269 quoque
2734 2195 3078 2268 objectionis
3104 2211 3290 2267 genus
3323 2211 3538 2268 expen-

129 2285 399 2341 eamdem
431 2285 501 2340 ab
527 2301 592 2341 eo
624 2284 872 2341 subinde
911 2291 1254 2358 usurpatam
1284 2288 1480 2344 videas
1512 2289 1645 2360 (23).
1678 2289 1783 2344 Ve-
1890 2287 2025 2342 dere
2054 2287 2295 2343 interest
2324 2286 2475 2358 quod
2509 2302 2577 2342 ex
2621 2285 2812 2341 verbis
2842 2285 2952 2341 sub
2983 2284 3217 2340 initium
3264 2283 3535 2356 Epistolas

126 2375 342 2431 tustior
371 2373 561 2430 adhuc
589 2375 834 2447 Origene
865 2374 1127 2431 Clemens
1158 2375 1589 2433 Alexandrinus
1620 2378 1737 2450 (24)
1765 2394 1778 2433 :
1891 2375 2225 2431 constitutis
2257 2374 2559 2447 repetitur,
2590 2377 2763 2446 prout
2800 2376 3032 2429 exstant
3059 2372 3119 2427 in
3148 2372 3416 2429 versione
3448 2373 3537 2428 Li-

129 2461 242 2517 Οὔκ
272 2459 460 2524 ἄλλως
507 2459 677 2539 ἔγωγε
716 2462 973 2534 ἐξακούω,
1005 2463 1041 2532 ἢ
1073 2464 1172 2531 τὴν
1224 2463 1380 2539 ἁγίαν
1428 2461 1631 2540 Τριάδα
1675 2487 1708 2539 μ

1956 2466 2244 2520 ιιιιειιιὶειια
2273 2480 2400 2536 quae
2431 2463 2526 2519 hic
2554 2463 2881 2533 exhibetur,
2914 2462 3016 2517 ubi
3040 2462 3111 2517 de
3139 2461 3324 2517 sancti
3351 2462 3535 2534 Spiri-

124 2549 367 2614 νόεσθαυ
402 2549 582 2625 τρίτον
621 2551 715 2624 μὶν
760 2552 863 2628 γὰρ
913 2550 1068 2624 εἶναι,
1099 2552 1162 2606 τὸ
1211 2552 1366 2627 ἅγιον
1417 2558 1656 2627 Πνεῦμα·
1690 2576 1703 2605 σι

1960 2571 1988 2610 ει
2021 2553 2391 2625 processione
2422 2552 2704 2625 professio
2726 2551 3083 2607 enuntiatur.
3119 2551 3334 2606 Locum
3366 2568 3535 2623 supe-

126 2640 252 2695 Υἱὸν
288 2637 365 2709 δὲ,
400 2637 670 2713 δεύτερον,
703 2637 771 2695 δι’
798 2638 862 2695 οὗ
912 2639 1083 2696 πάντα
1132 2640 1343 2717 ἐγένετο
1392 2644 1529 2697 κατὰ
1579 2643 1705 2719 βούλ

1957 2660 2012 2699 JS
2034 2644 2114 2711 §2
2135 2642 2762 2716 protulimusMagnus
2784 2640 3019 2712 quidem
3040 2640 3326 2696 Baronius
3346 2639 3536 2697 haud-

128 2749 211 2783 σιν
243 2732 342 2783 τοῦ
372 2728 605 2805 Πατρός.
641 2732 914 2803 Equidem
945 2734 1051 2788 ista
1071 2748 1179 2788 non
1212 2733 1325 2788 nisi
1350 2733 1417 2789 de
1446 2743 1635 2790 sancta
1665 2736 1779 2790 Tri-
1890 2749 2182 2806 quaquam
2215 2749 2336 2789 rem
2368 2736 2500 2788 actu
2548 2729 2809 2803 tetigisse
2832 2729 3084 2801 videtur,
3116 2729 3256 2785 dum
3288 2729 3536 2800 conjecit

126 2821 305 2876 nitate
362 2820 609 2891 accipio:
664 2822 713 2876 et
744 2822 897 2877 tertii
951 2822 1169 2892 quidem
1217 2824 1457 2893 nomine,
1505 2825 1782 2895 Spiritum
1889 2822 1950 2877 in
1984 2823 2095 2894 (30)
2126 2821 2289 2877 illam
2340 2820 2662 2876 versionem
2716 2818 3097 2874 Graecismum
3128 2817 3436 2889 irrepsisse
3466 2819 3537 2875 de

127 2912 420 2971 sanetum;
442 2908 665 2965 secundi
686 2926 837 2977 vero,
867 2912 1072 2966 Filium
1095 2911 1373 2983 intelligo,
1399 2928 1500 2985 per
1527 2929 1685 2984 quem
1712 2930 1781 2970 ea:
1889 2911 2107 2983 Spiritu
2139 2915 2361 2977 sancto,
2390 2909 2714 2981 procedente
2764 2923 2833 2964 ex
2861 2910 3030 2965 Patre
3074 2910 3123 2963 et
3153 2908 3214 2963 in
3244 2908 3382 2963 Filio
3410 2923 3535 2978 per-

134 3000 316 3054 Patris
336 2998 615 3055 voluntate
630 3002 776 3071 facta
802 3008 929 3055 sunt
956 3002 1158 3057 omnia.
1177 3000 1602 3057 Clementinum
1624 3003 1779 3059 hunc
1885 3007 2152 3058 manente
2170 3019 2193 3066 ;
2221 3001 2481 3072 adeoque
2501 2999 2551 3054 ei
2575 2998 2995 3071 praeferendam
3015 3012 3145 3053 esse
3175 2996 3539 3052 Mombritia-

135 3087 326 3143 locum
354 3087 663 3159 exscripsit
698 3088 836 3144 item
892 3089 1178 3146 Eusebius
1208 3091 1340 3162 (25).
1375 3090 1476 3146 His
1526 3091 1779 3164 denique
1889 3108 1973 3147 nae
2002 3090 2276 3146 editionis
2306 3089 2635 3155 lectionem,
2667 3103 2784 3158 qua
2811 3087 3049 3142 eﬂertur
3074 3085 3329 3157 Spiritus
3359 3101 3531 3141 sanc-

134 3177 372 3233 accedat
400 3176 761 3248 TheOphilus
792 3178 1320 3250 Antiochenus,qui
1354 3184 1591 3236 caeteros
1612 3184 1778 3237 rotate
1884 3185 1981 3236 tus
2010 3180 2295 3252 procedere
2322 3195 2395 3234 ex
2425 3180 2585 3233 Patre
2612 3183 2664 3232 et
2681 3176 2840 3232 Filio.
2872 3174 3088 3230 Verum
3135 3174 3283 3229 hanc
3312 3173 3369 3229 in
3401 3190 3534 3229 sen-

123 3265 309 3321 anteit
522 3264 790 3327 Ὡσαύτως
839 3264 928 3319 καὶ
960 3266 1016 3319 αἱ
1042 3271 1186 3341 τρεῖς
1244 3265 1444 3340 ἡμέραι
1477 3267 1626 3342 [πρὸ]
1669 3289 1699 3323 τ

1951 3270 2130 3325 ntiam
2157 3268 2412 3339 profecto
2443 3282 2557 3321 non
2603 3263 3001 3320 descendisset
3056 3261 3307 3318 eximius
3336 3263 3530 3318 Anna-

122 3355 426 3433 φωστήρων
478 3358 780 3430 γεγονυῖαι,
828 3352 989 3409 τύποι
1044 3337 1173 3409 εἶσιν
1220 3337 1323 3425 τῆής
1359 3337 1626 3431 -Τριξέδος,
1674 3378 1701 3412 τ

1953 3374 2030 3413 Im
2060 3337 2590 3414 ecclesiasticarum
2624 3351 2910 3426 parens,si
2933 3350 3115 3408 oculis
3146 3349 3397 3406 lustrare
3417 3350 3532 3423 ipsi

119 3446 278 3512 Θεοῦ,
323 3442 415 3497 καὶ
458 3447 556 3498 τοῦ
603 3442 781 3519 Λόγου
826 3442 1011 3513 αὐτοῦ,
1061 3443 1150 3499 καὶ
1197 3452 1296 3515 τῆς
1347 3445 1551 3523 Σοφίας
1580 3445 1698 3502 αὖτε

1958 3447 2141 3502 uisset
2170 3447 2285 3501 duo
2314 3444 2417 3501 illa
2446 3458 2698 3516 quorum
2724 3458 2904 3513 supra
2934 3440 3312 3497 meminimus
3333 3439 3532 3497 Graeca

111 3533 392 3589 Similiter
438 3540 547 3589 tres
577 3534 671 3589 illi
726 3533 840 3590 dies
870 3536 969 3605 qui
1011 3542 1141 3590 ante
1171 3536 1480 3592 luminaria
1517 3539 1766 3608 fuerunt,
1879 3534 2250 3607 exemplaria,
2287 3531 2867 3605 Huntingdoniauum
2911 3534 2968 3585 et
3012 3528 3367 3599 Nanianum,
3401 3546 3531 3601 qua

110 3625 297 3694 imago
324 3631 453 3679 sunt
492 3623 819 3687 Trinitatis;
873 3624 992 3691 Dei,
1023 3625 1141 3696 ejus
1175 3624 1361 3691 Verbi,
1410 3625 1636 3697 eiusque
1660 3625 1769 3683 Sa-
1879 3624 1989 3680 hoc
2019 3623 2126 3679 loci
2151 3625 2424 3695 corrupta
2450 3624 2508 3677 et
2526 3620 2819 3687 vitiata,ut
2849 3634 3202 3686 asseramus,
3228 3616 3392 3673 nulla
3421 3634 3525 3673 no-

99 3712 360 3783 pientiae.
1879 3715 1969 3771 bis
2002 3713 2145 3769 ratio
2176 3711 2456 3785 suppetit.
2480 3710 2655 3767 Porro
2685 3712 3001 3781 utrumque
3030 3707 3191 3762 istud
3223 3706 3526 3779 exemplar

182 3800 336 3865 Quid
365 3816 498 3856 vero
531 3800 801 3872 prohibet
822 3800 964 3872 quin
987 3800 1250 3858 Ecclesiae
1283 3802 1491 3858 Graecae
1514 3803 1763 3876 scripto-
1877 3802 2353 3875 Lipomanianam
2380 3799 2688 3856 lectionem
2709 3796 3211 3866 ﬁrmat,exhibens
3244 3795 3528 3867 Spiritum

109 3889 281 3945 ribus
309 3888 597 3945 hactenus
647 3890 974 3959 recensitis,
1012 3892 1159 3947 duos
1216 3892 1393 3947 etiam
1428 3892 1688 3948 Latinorr

1952 3896 2169 3957 notum,
2227 3886 2651 3961 ἐκπορευόμενον
2712 3885 2772 3941 ἐκ
2800 3884 3027 3959 ΙΙατρὸς,
3056 3883 3146 3939 καὶ
3194 3881 3246 3937 ἐν
3278 3884 3389 3955 Υἱῷ
3418 3879 3531 3937 δια-

110 3979 354 4034 Patrum
387 3979 819 4036 vetustissimos
872 3980 1263 4052 adjungamus
1284 3980 1312 4035 ?
1370 3981 1766 4039 Tertullianus
1879 3979 2058 4053 μένον.
2095 3980 2255 4045 Quod
2288 3978 2337 4033 si
2359 3976 2783 4033 Mombritianss
2813 3974 3044 4031 lectioni
3075 3977 3304 4029 vetusta
3332 3989 3528 4029 exem-

110 4070 268 4143 (27):
303 4091 334 4121 ‹‹
364 4069 741 4127 Custodiatur
769 4072 1103 4128 oeconomiae
1151 4077 1603 4139 sacramentum,
1639 4090 1765 4145 quae
1875 4070 2080 4142 plaria,
2113 4069 2316 4123 eodem
2351 4066 2591 4122 Baronio
2621 4070 2789 4132 teste,
2824 4061 3238 4135 astipulantur,
3275 4078 3390 4117 non
3422 4062 3518 4117 de-

112 4159 407 4215 unitatem
438 4159 497 4215 in
517 4160 866 4217 Trinitatem
898 4160 1179 4233 disponit,
1204 4165 1322 4217 tres
1353 4161 1632 4234 dirigens,
1665 4163 1766 4217 Pa-
1874 4161 2015 4214 sunt
2044 4173 2203 4225 sane,
2236 4155 2448 4228 quibus
2474 4159 2530 4210 et
2548 4152 2969 4226 Lipomaniana
2996 4150 3300 4206 innitatur.
3322 4150 3525 4206 Exstat

111 4253 267 4305 trem
298 4253 355 4304 et
384 4247 597 4305 Filium
620 4252 677 4305 et
704 4249 987 4322 Spiritum
1019 4251 1685 4307 sanctum...Numerum
1708 4254 1766 4306 et
1874 4246 2169 4301 enimvero
2199 4244 2258 4298 in
2290 4247 2490 4298 nostra
2530 4240 2886 4298 bibliotheca
2915 4240 3027 4311 (31)
3058 4238 3307 4311 insignis
3336 4239 3520 4295 codex

108 4337 563 4409 dispositionem
608 4338 931 4410 Trinitatis,
990 4340 1338 4396 divisionem
1398 4346 1765 4412 praesumunt
1874 4334 2375 4392 membranaceus.
2434 4329 2867 4402 elegantissime
2940 4328 3293 4400 descriptus,
3346 4332 3523 4399 atque

110 4426 386 4483 unitatis:
420 4428 655 4499 quando
685 4429 880 4484 unitas
904 4445 971 4484 ex
1000 4430 1318 4500 semetipsa
1347 4430 1613 4486 derivans
1634 4431 1763 4485 Tri-
1873 4439 2015 4480 auro
2048 4421 2408 4493 picturisque
2437 4420 2655 4475 alfabre
2675 4416 2984 4474 delineatis
3015 4421 3330 4473 exornatus
3357 4432 3370 4472 :
3404 4421 3529 4472 est-

111 4516 506 4583 nitatem,non
538 4517 877 4573 destruatur
898 4518 969 4573 ab
1000 4517 1228 4589 illa,sed
1262 4519 1762 4575 administretur.»
1874 4529 1986 4586 que
2016 4511 2365 4567 Βνθυίανὶαιη
2393 4508 2693 4565 secundum
2747 4506 3198 4563 σοηδαθίαάίηετη
3253 4506 3522 4562 Romam?

112 4605 442 4677 Paucisque
474 4605 834 4677 interjectis:
888 4628 916 4657 ‹‹
946 4607 1201 4663 Trinitas
1233 4624 1335 4679 per
1377 4612 1675 4665 consertos
1707 4614 1765 4665 et
1871 4604 2059 4659 οανὶίε-
2092 4601 2156 4657 In
2212 4616 2277 4655 ϐο
2331 4602 2526 4655 autem
2584 4601 2718 4670 ροει
2772 4595 3054 4661 medium,
3088 4593 3187 4650 Ubi
3227 4593 3518 4666 incipiunt

108 4710 409 4752 connexos
438 4695 655 4767 gradus
681 4712 715 4751 θ,
741 4700 911 4751 Patre
941 4697 1279 4765 decurrens,
1310 4701 1367 4753 et
1414 4699 1764 4754 monarchiae
1796 4706 1840 4771 D
1869 4693 2192 4763 festivitates
2221 4693 2556 4757 sanctorum,
2615 4687 2675 4743 in
2708 4687 2854 4743 festo
2911 4686 2971 4741 S.
3002 4685 3241 4740 Andreas
3268 4682 3520 4755 apostoli

110 4783 267 4840 nihil
292 4783 596 4855 obstrepit,
628 4787 685 4840 et
713 4785 1040 4841 aconomiae
1068 4789 1287 4842 statum
1318 4787 1589 4859 protegit.
1626 4810 1652 4837 ››
1685 4789 1769 4844 En
1876 4798 1977 4837 sex
2006 4779 2283 4835 lectiones
2307 4778 2613 4849 habentur,
2641 4793 2710 4833 ex
2740 4773 2997 4848 Epistola
3024 4772 3297 4830 Ecclesiae
3325 4771 3531 4829 Achai-

110 4873 371 4929 alterum
402 4872 668 4929 Ecclesiae.
699 4874 983 4930 Africanas
1011 4873 1232 4946 lumen,
1267 4875 1591 4948 Cyprianus
1623 4877 1766 4950 (28):
1881 4888 1960 4927 cae
1987 4872 2337 4927 verbotenus
2368 4870 2727 4939 desumptse;
2759 4866 2819 4923 in
2851 4882 3101 4940 quarum
3128 4866 3336 4938 prima,
3359 4864 3529 4921 lectio

115 4984 136 5014 ι
178 4962 247 5016 In
279 4959 644 5019 orationibus
677 4960 1038 5019 celebrandis
1069 4962 1401 5020 invenimus
1431 4965 1771 5024 observasse
1883 4959 2307 5034 Lipomaniana
2336 4956 2609 5015 occurrit.

184 5080 305 5158 (2Q)
334 5080 512 5158 Basil.
536 5080 639 5158 lib,
672 5082 747 5140 De
774 5083 910 5156 Spir
929 5083 1012 5157 8.,
1035 5099 1162 5155 cap.
1193 5083 1282 5139 29.
1319 5084 1464 5158 Opp.
1495 5089 1641 5142 tom.
1676 5085 1769 5155 ΙΙΙ,
1954 5084 2069 5158 (25)
2101 5083 2338 5153 Euseb.,
2399 5083 2579 5155 Priap.
2635 5097 2855 5153 evang.,
2889 5080 2993 5138 lib.
3046 5079 3170 5151 xiii,
3201 5093 3326 5150 cap.
3360 5076 3451 5148 43,
3476 5092 3533 5149 p.

104 5169 165 5227 p.
206 5153 301 5221 61,
332 5153 471 5210 edit.
508 5155 730 5211 novies.
817 5153 827 5156 ⁷
994 5153 1006 5157 ⁷
1106 5153 1123 5155 “
1368 5153 1427 5158 “”

182 5225 303 5368 (21)
334 5224 505 5307 Greg.
539 5226 737 5297 Neoc.,
762 5228 974 5310 Expos:
996 5226 1113 5297 ﬁd.,
1146 5244 1203 5298 p.
1239 5226 1290 5283 4.

183 5295 282 5368 (22
337 5296 593 5368 Origen.,
621 5299 919 5355 Comment.
951 5316 1011 5354 in
1042 5299 1256 5365 Matth,
1287 5302 1431 5354 tom.
1464 5316 1557 5368 xv,
1591 5316 1648 5355 n.
1682 5340 1683 5345 η

1882 5157 2047 5299 6⁷ῗέδ
2099 5225 2383 5297 Tbeoph.,
2414 5224 2485 5279 ad
2512 5224 2715 5294 Autol.,
2739 5221 2842 5280 lib.
2872 5226 2934 5289 ii,
2965 5224 2993 5291 §
3023 5224 3107 5277 15.

1528 5317 1557 5368 ν,
1591 5316 1648 5355 n.
1682 5300 1773 5368 31,
1957 5226 2067 5368 (27;
2098 5296 2487 5368 Tertull.radv.
2521 5301 2722 5364 Prax.,
2749 5311 2917 5367 capp.
2948 5296 3003 5361 2,
3034 5294 3088 5363 3,

183 5293 303 5379 (22)
337 5293 593 5379 Origen.,
621 5293 919 5355 Cornment.
951 5293 1256 5379 pani,
1287 5302 1431 5354 tom.
1464 5316 1557 5371 xv,
1591 5316 1648 5355 n.
1682 5300 1773 5372 31,
2098 5293 2495 5379 Tertullztadv;
2521 5293 2722 5379 Praei,
2736 5311 2917 5379 ξορρ.
2948 5296 3003 5361 2,
3034 5294 3088 5363 3,
3117 5293 3173 5379 ξ.

108 5359 538 5443 θάξὲείῐιργὶέεη
571 5359 713 5443 tom.
748 5387 831 5443 ιιι,
866 5388 922 5442 p.
956 5371 1081 5426 698.
1117 5441 1131 5443 Α
1240 5359 1252 5365 ’
1324 5441 1338 5443 _
1403 5440 1417 5443 _
1541 5359 1556 5371 ’
1756 5359 1772 5372 ’
1958 5359 2069 5443 (38)
2097 5370 2289 5443 Cypr.,
2324 5367 2424 5423 lib.
2458 5368 2532 5423 De
2550 5359 2904 5435 oratﬁDomI,
2934 5359 3082 5437 pag.'
3119 5363 3245 5432 214,
3275 5360 3402 5431 215,
3438 5359 3531 5430 ed,

2052 5226 2069 5440 ἒ

184 5438 305 5511 (23)
339 5440 523 5513 Idem,
578 5441 737 5497 hom.
770 5438 825 5513 9,
866 5438 935 5497 in
966 5441 1174 5509 Exod,
1207 5457 1265 5496 n.
1315 5441 1370 5510 3,
1403 5440 1562 5496 hom.
1598 5443 1686 5511 11,
1715 5443 1779 5497 in
1889 5438 2327 5513 novissLP’aris.

114 5503 298 5593 Num:
319 5527 378 5566 n.
408 5511 464 5580 8,
498 5503 559 5567 in
574 5513 717 5597 psal.
741 5503 928 5576 chiv,
961 5518 1019 5569 et
1074 5503 1173 5568 lib'.
1200 5516 1285 5577 iii,
1318 5503 1377 5568 in
1420 5513 1574 5569 Cant.
1606 5503 1776 5583 cana,
1960 5512 2072 5583 (29)
2100 5511 2390 5577 Ruinart.,
2422 5510 2551 5565 Acta
2583 5508 2838 5581 Martyr.,
2869 5522 3000 5634 piﬁg.
3032 5505 3156 5573 492,
3190 5503 3294 5578 §4.

114 5581 252 5634 Vld.
288 5582 437 5634 Om).
463 5588 604 5634 tom-
638 5600 701 5634 ιι-
738 5602 792 5634 n.
856 5586 977 5634 163-
1010 5586 1068 5634 34
1084 5587 1136 5634 Ο-
1169 5586 1294 5634 843.
1341 5588 1397 5634 et
1426 5590 1568 5634 tam-
1602 5601 1685 5634 ιιι-
1719 5601 1777 5634 n.
1960 5584 2072 5634 (30‘:
2106 5587 2338 5634 Baron..
2370 5581 2439 5634 ad
2467 5581 2699 5634 Martur.
2735 5581 2791 5634 d.
2816 5580 2885 5634 30
2966 5594 3078 5634 ov..
3102 5581 3226 5633 not.
3257 5578 3294 5631 Α

113 5581 252 5657 Yid.
288 5578 605 5656 Opp.tom.
638 5586 703 5655 ii,
736 5602 793 5657 p.
856 5586 978 5655 163,
1010 5586 1137 5654 3l0,
1169 5586 1295 5652 843,
1341 5588 1397 5640 et
1426 5590 1568 5641 tom.
1602 5601 1685 5656 ιιι,

1739 5578 1777 5639 ι.
1960 5578 2072 5657 (3Q)
2106 5581 2439 5657 Baron:,_ad
2459 5578 2791 5657 yartyrz'd.
2816 5578 3078 5657 30_Nov.,
3102 5578 3318 5657 notati,

118 5653 233 5726 δάε
279 5724 304 5726 ν.
965 5646 976 5655 ⁷
1124 5646 1136 5654 ’
1281 5646 1291 5652 ⁷
1667 5646 1683 5656 ’
1719 5646 1739 5657 ’
1961 5646 2074 5726 (34)
2106 5652 2256 5709 Bibl.
2287 5646 2393 5709 PP.
2444 5646 2644 5725 Congf.
2678 5650 2828 5710 Orat.
2891 5646 3098 5721 Venet,
3130 5647 3279 5722 plut.
3311 5646 3378 5718 V,
3412 5647 3536 5703 not.

120 5696 313 5856 $254)
344 5725 521 5785 Clem.
553 5726 668 5797 AL,
696 5725 923 5801 Strom.,
956 5726 1056 5785 lib.
1089 5745 1143 5799 v,
1178 5729 1394 5803 p.710,
1426 5728 1564 5787 edit.
1597 5728 1778 5788 οχοη,
1890 5696 2041 5797 Ερξς
