4046 6350
425 437 581 498 1207
1242 428 1940 494 PRESBYTERORUM
1985 430 2089 489 ET
2133 430 2645 493 DlACONOHUM
2694 430 3016 495 ACHAUE
3686 431 3876 492 i208

487 567 638 633 Quid
672 566 886 640 quaeris
913 564 1147 621 ‘tLectio
1176 564 1377 621 isthtso
1408 581 1647 621 sensum
1707 579 1919 619 sanum
1945 577 2075 617 om-
2105 563 2157 627 A
2181 561 2396 632 jungat
2424 562 2703 634 Spiritum
2734 582 2768 621 a
2792 564 2932 621 Filio
2962 580 3267 636 nunquam
3294 564 3583 630 recedere;
3612 568 3681 619 ut
3707 579 3870 619 con-

423 658 563 714 nino
596 663 655 713 et
674 656 1037 712 catholicum
1061 654 1237 710 habet
1260 672 1274 711 :
1298 654 1513 726 quippe
1544 670 1669 725 quae
1701 652 1935 708 tametsi
1973 652 2083 706 La-
2194 656 2474 706 sentanea
2503 653 2580 708 sit
2630 653 2833 721 illatio,
2866 653 3096 708 videtur
3153 653 3390 708 omnino
3421 653 3646 709 dixisse
3664 654 3869 725 Spiri-

420 748 614 804 tinum
646 747 716 803 de
753 745 943 802 sancti
975 743 1227 815 Spiritus
1249 743 1616 815 processione
1647 760 1680 797 a
1711 744 1875 796 Patre
1906 744 1957 795 et
1993 739 2081 795 Fi-
2191 743 2317 795 tum
2343 757 2579 796 manere
2610 742 2668 797 in
2724 743 2906 811 Filio;
2964 742 3122 798 velut
3151 742 3432 797 nimirum
3482 742 3583 797 lib.
3620 742 3705 811 ni,
3748 742 3870 797 Ho-

420 820 499 891 lio
522 836 740 905 dogma
765 850 881 889 non
903 831 1228 904 exprimat;
1253 835 1511 887 attamen
1531 848 1720 903 neque
1750 831 2081 886 Graecorum
2191 829 2326 895 ral.,
2349 846 2406 884 n.
2438 831 2531 893 92,
2564 832 2660 885 ubi
2688 832 2949 903 loquitur
2975 832 3044 887 de
3076 832 3247 887 modo
3274 848 3390 902 quo
3422 831 3685 902 Spiritus
3710 848 3871 886 san-

419 926 683 979 errorem
715 923 786 977 de
832 922 1050 993 Spiritu
1086 925 1288 976 sancto
1319 938 1353 977 a
1391 920 1513 976 solo
1541 920 1707 975 Patre
1739 918 2083 991 procedente
2191 922 2324 973 ctus
2353 918 2411 973 in
2436 920 2617 987 justis
2648 920 2891 989 habitat,
2915 919 3315 975 concludendo
3345 920 3461 975 ait:
3485 920 3874 976 Dissimiliter

425 1013 542 1068 ullo
568 1017 737 1083 pacto
763 1011 1051 1067 insinuat.
1076 1010 1463 1074 Quamobrem
1498 1013 1700 1064 Patres
1730 1007 1877 1062 Graei
1922 1023 2079 1061 com-
2189 1023 2315 1075 ergo
2345 1010 2406 1062 in
2435 1010 2532 1063 illo
2563 1008 2747 1080 (Filio)
2778 1014 2981 1077 manet,
3006 1027 3041 1064 a
3068 1025 3172 1079 quo
3202 1024 3299 1078 per
3326 1012 3588 1064 naturam
3618 1026 3735 1063 non
3774 1024 3873 1063 re-

424 1102 622 1175 plures
655 1100 919 1172 ejusdem
945 1099 1103 1155 modi
1135 1102 1236 1153 aut
1250 1098 1413 1154 afﬁni
1431 1097 1708 1169 loquendi
1741 1096 1966 1151 ratione
1989 1094 2080 1150 usi
2186 1097 2344 1151 cedit.
2378 1096 2700 1160 Quodcirca
2721 1098 2966 1152 dicendo
2987 1096 3046 1152 in
3069 1097 3627 1169 Dialogis,Spiritum
3654 1114 3725 1152 ex
3752 1098 3872 1152 Pa-

424 1189 777 1262 quandoque
796 1188 1519 1259 comperiuntur,quorum
1540 1184 1881 1242 testimonia
1903 1183 2082 1252 plera-
2186 1186 2273 1237 tre
2303 1185 2609 1253 procedere
2631 1189 2689 1239 et
2720 1184 2778 1239 in
2810 1184 2953 1238 Filio
2985 1200 3222 1239 manere
3253 1184 3589 1241 nullatenus
3617 1186 3873 1240 dissen-

422 1295 536 1350 que
564 1277 859 1348 congessit
917 1277 976 1331 in
1008 1277 1133 1331 suis
1162 1277 1495 1347 Epigraphis
1551 1276 1805 1330 Joannes
1854 1273 2077 1327 Veccus
2186 1271 2327 1325 serit
2356 1288 2389 1325 a
2418 1271 2627 1344 Vigilio
2658 1274 2962 1345 Tapsensi,
2995 1274 3095 1345 qui
3128 1274 3229 1328 lib.
3265 1290 3321 1327 x1
3370 1274 3443 1328 De
3468 1275 3687 1340 Trinit,
3722 1274 3869 1328 hac

420 1368 557 1439 (32).
588 1366 786 1437 Neque
817 1364 985 1419 aliter
1037 1364 1220 1419 Graeci
1269 1363 1572 1419 orthodoxi
1605 1362 1977 1427 recentiores,
2011 1366 2077 1415 ut
2184 1360 2383 1416 omnia
2412 1361 2751 1433 complexus
2810 1363 3034 1417 fuerat:
3060 1364 3176 1431 Ego
3205 1362 3362 1417 credo
3398 1364 3607 1417 Filium
3639 1364 3698 1416 in
3734 1364 3866 1417 Pa-

423 1472 492 1513 ex
523 1453 891 1511 Constantini
921 1452 1283 1509 Meliteniotae
1328 1452 1684 1509 Orationibus
1712 1449 1799 1506 vel
1831 1451 2075 1505 maxime
2180 1450 2285 1516 tre,
2316 1449 2528 1521 inquit,
2569 1456 2619 1506 et
2643 1454 2865 1506 Patrem
2908 1453 2964 1505 in
2995 1452 3158 1519 Filio;
3190 1451 3457 1521 Spiritum
3487 1468 3702 1522 quoque
3716 1469 3870 1505 san-

422 1545 481 1600 in
516 1548 790 1616 promptu
821 1547 911 1597 est
940 1541 1212 1613 colligere
1230 1542 1368 1611 (33).
1402 1541 1551 1607 Quin
1584 1546 1640 1596 et
1670 1539 1935 1595 nonnulli
1966 1540 2070 1595 Pa-
2179 1543 2327 1593 ctum
2374 1539 2731 1595 Paractetum
2760 1542 2861 1611 qui
2890 1540 3134 1611 procedit
3166 1558 3200 1595 α
3251 1542 3434 1607 Patre,
3464 1543 3515 1595 et
3564 1542 3705 1596 Filii
3733 1557 3871 1595 esse

418 1638 539 1688 tres
573 1631 757 1687 Latini
791 1630 1145 1685 locutionem
1177 1630 1444 1685 eamdem
1473 1645 1789 1700 usurpasse
1820 1644 2070 1683 noscun-
2179 1636 2232 1683 et
2259 1630 2464 1694 Patris,
2498 1630 2634 1700 quia
2662 1637 2715 1684 et
2770 1647 2806 1684 a
2834 1629 2984 1685 Filio
3037 1629 3302 1699 procedit.
3336 1630 3407 1684 Et
3456 1628 3629 1698 paulo
3663 1635 3819 1699 post
3847 1646 3864 1681 :

419 1725 554 1787 tur;
588 1724 654 1775 ut
681 1720 832 1774 inter
854 1724 1091 1774 caeteros
1124 1718 1436 1789 Gregorius
1461 1719 1728 1790 Magnus,
1762 1716 2069 1786 quiDialo-
2181 1715 2328 1784 Quod
2384 1717 2526 1773 idem
2582 1717 2829 1787 Spiritus
2879 1718 3019 1773 Filii
3040 1720 3132 1787 sit,
3181 1718 3375 1772 multis
3420 1717 3867 1790 Scripturarum

418 1826 613 1882 garum
639 1808 741 1863 lib.
776 1824 840 1877 ιι,
866 1824 993 1879 cap.
1026 1807 1117 1874 38,
1163 1807 1333 1877 juxta
1360 1812 1616 1861 Graecam
1645 1806 1937 1861 Zachariae
1968 1822 2067 1877 pa-
2177 1806 2504 1861 testimoniis
2549 1807 2936 1877 probavimus,
2967 1811 3015 1860 et
3047 1806 3188 1877 quod
3233 1809 3375 1861 totus
3403 1816 3623 1860 maneat
3653 1807 3714 1861 in
3752 1806 3866 1860 Fi-

420 1915 505 1971 pte
536 1898 860 1953 versionem
892 1894 976 1951 sic
1000 1896 1115 1950 ait:
1150 1894 1387 1970 Φανερὸν
1423 1893 1513 1949 οὖν
1550 1894 1806 1970 ὑπάρχει,
1839 1892 1921 1948 ὅτι
1956 1899 2018 1947 [Ic

2273 1912 2293 1955 .'
2323 1902 2373 1950 et
2399 1895 2541 1951 sicut
2566 1895 2815 1966 procedit
2843 1912 2878 1950 a
2907 1896 3010 1951 Deo
3064 1900 3245 1962 Patre,
3280 1898 3359 1949 ita
3401 1894 3654 1966 procedit
3684 1912 3717 1949 α
3750 1896 3867 1951 Fi-

423 1982 687 2061 ράκλῃτον
722 1985 944 2056 Ιινεῦμα
990 1982 1050 2037 ἐκ
1097 1986 1195 2037 τοῦ
1246 1984 1457 2059 ΙΙατρὸς
1509 1984 1860 2058 προὲρχεται,
1893 1982 2021 2037 καὶέ

2269 2025 2277 2049 ,
2310 1987 2370 2039 ut
2422 1987 2535 2039 tota
2591 1985 2827 2039 Trinitas
2882 2000 3025 2039 unus
3063 1983 3321 2040 credatur
3352 1985 3510 2040 Deus.
3547 1984 3867 2039 Hactenus

416 2074 498 2145 τῷ
526 2074 635 2146 ι’ἱῷ
666 2070 927 2145 διαμένει.
960 2074 1019 2128 Id
1051 2077 1158 2139 est,
1183 2074 1233 2128 si
1273 2074 1514 2128 verbum
1545 2073 1718 2128 verbo
1748 2073 2014 2127 reddatur

1091 2077 1158 2139 st,
1183 2074 1233 2128 si
1273 2074 1514 2128 verbum
1545 2073 1718 2128 verbo
1748 2073 2025 2127 reddatur
2050 2089 2065 2128 ε
2174 2072 2262 2128 vir
2290 2073 2689 2129 doctissimus.

413 2166 771 2235 Manifestum
790 2171 869 2219 est
897 2164 1074 2231 igitur
1102 2162 1242 2233 quod
1283 2162 1603 2217 Paracletus
1630 2161 1869 2232 Spiritus
1898 2178 1932 2215 a
1959 2162 2066 2215 Pa-
2247 2161 2369 2216 VII.
2400 2166 2519 2234 Age
2550 2178 2727 2227 nunc,
2751 2163 2820 2217 ad
2858 2179 3036 2218 unam
3066 2162 3259 2218 adhuc
3290 2162 3698 2235 digrediamur
3732 2161 3864 2216 dif-

410 2260 490 2309 tre
513 2251 774 2324 procedit,
808 2254 862 2306 et
886 2252 945 2305 in
976 2252 1115 2306 Filio
1141 2257 1444 2321 permanet.
1478 2250 1613 2315 Quae
1644 2255 1733 2305 est
1764 2249 2064 2322 ipsissima
2178 2250 2498 2307 ﬁcultatem
2521 2251 2911 2319 enodandam,
2939 2268 3116 2324 super
3139 2252 3324 2323 [Egeaa
3346 2251 3535 2307 ofﬁcio
3561 2268 3627 2307 ac
3650 2250 3867 2322 digni-

410 2340 684 2414 Epistolas
716 2339 975 2396 Achaica)
1006 2339 1318 2407 sententia,
1353 2339 1424 2394 de
1458 2355 1577 2409 qua
1606 2338 1877 2410 agimus:
1911 2340 2065 2410 quod
2178 2342 2297 2395 tate
2324 2339 2693 2395 institutam:
2729 2357 2846 2412 qua
2901 2340 3141 2396 demum
3190 2357 3423 2408 excusa,
3457 2340 3529 2396 de
3585 2339 3863 2411 reliquis

410 2430 651 2502 quidem
674 2429 896 2484 nemini
928 2428 1215 2483 hactenus
1249 2426 1744 2483 animadversum.
2176 2427 2491 2484 levioribus
2520 2428 2701 2484 lector
2758 2429 3024 2484 eruditus
3074 2429 3369 2499 judicium
3421 2430 3587 2484 ferat.
3622 2428 3865 2484 Scribit

479 2519 677 2590 Neque
718 2533 847 2573 vero
884 2516 1002 2572 ullo
1038 2516 1208 2572 modo
1258 2516 1591 2572 audiendus
1648 2517 1743 2571 hic
1775 2521 1863 2572 est
1889 2517 1977 2588 (ut
2005 2517 2064 2571 id
2179 2517 2545 2589 Sophronius
2564 2517 2698 2589 (37),
2722 2520 2787 2572 ut
2810 2518 3011 2584 fertur,
3035 2520 3093 2573 S.
3124 2519 3415 2574 Andream
3448 2521 3606 2573 cruci
3642 2518 3852 2572 fuisse

409 2607 597 2665 obiter
628 2622 899 2662 moneam
928 2605 1182 2661 Jacobus
1213 2605 1562 2678 Basnagius,
1598 2604 1696 2676 qui
1726 2605 2002 2661 Zacharia

2268 2606 2459 2662 flixum
2491 2606 2593 2659 ὑπὸ
2621 2609 2717 2659 τοῦ
2748 2604 2922 2679 Αἰγέα
2948 2609 3044 2660 τοῦ
3079 2603 3346 2682 βασιλέως
3369 2603 3731 2674 Ἑδεσσηνῶν,
3788 2607 3866 2661 ab

412 2695 748 2769 pontificem
775 2694 979 2750 Latina
1005 2693 1263 2765 Gregorii
1297 2694 1319 2749 Ι
1353 2694 1547 2750 Graece
1577 2693 1938 2762 reddentem,
1971 2694 2068 2749 de-
2181 2697 2353 2764 IEgea
2406 2698 2662 2768 praefecto
2725 2694 3139 2762 Edessenorum,
3201 2695 3515 2767 interprete
3575 2696 3863 2751 Erasmo.

415 2784 665 2841 cessoris
685 2783 779 2839 sui
809 2782 1163 2839 sententiam
1194 2782 1432 2855 penitus
1455 2783 1802 2839 immutasse
1830 2788 2068 2839 conten-
2178 2784 2454 2857 Scaliger,
2507 2791 2767 2855 quantus
2796 2784 2921 2839 virl
2958 2784 3209 2840 miratur
3237 2784 3372 2856 (38),
3406 2789 3644 2856 Egeam
3707 2800 3868 2855 pro-

417 2873 540 2943 dit;
571 2873 809 2944 quique,
845 2872 999 2944 quod
1033 2871 1268 2943 gravius
1290 2871 1485 2926 adhuc
1515 2876 1624 2937 est,
1658 2871 1853 2943 ipsum
1872 2873 2069 2940 etiam,
2180 2872 2485 2929 consulem
2517 2874 2946 2929 Edessenorum
3006 2890 3199 2945 regem
3232 2874 3557 2946 Sophronio
3588 2873 3858 2941 dictum,

422 2962 472 3019 si
503 2962 617 3017 diis
642 2961 849 3033 placet,
876 2960 1209 3016 Grecorum
1240 2960 1660 3016 contribulium
1687 2977 1930 3016 suorum
1953 2962 2073 3033 opi—
2182 2968 2490 3035 magteque
2516 2962 2760 3017 miratur
2785 2958 3011 3035 βασιλέα
3033 2964 3369 3034 praelectum
3403 2963 3587 3018 reddii
3611 2963 3686 3017 ab
3711 2962 3866 3017 Era-

425 3050 659 3107 nionem
682 3050 752 3105 de
775 3049 963 3106 sancti
995 3048 1250 3121 Spiritus
1273 3067 1307 3105 a
1328 3048 1449 3105 solo
1480 3049 1651 3104 Patre
1682 3051 2071 3121 processione,
2183 3068 2331 3108 smo.
2368 3050 2704 3106 Blondellus
2756 3050 2894 3106 item
2946 3052 3006 3106 in
3063 3051 3414 3107 omnimoda
3472 3052 3864 3123 antiquitatis

420 3139 695 3212 Gregorio
718 3139 928 3211 Magno
944 3143 1144 3194 contra
1165 3138 1294 3208 ejus
1316 3143 1575 3193 mentem
1598 3138 1966 3209 adjudicasse
1987 3156 2075 3194 as-
2183 3140 2559 3211 indagatione
2592 3140 2834 3195 rimator
2876 3140 3222 3206 acerrimus,
3257 3140 3401 3196 satis
3426 3142 3676 3195 ﬁdenter
3706 3156 3862 3211 sug-

420 3234 647 3287 severat
676 3228 811 3300 (.34).
844 3230 916 3282 At
945 3226 1077 3298 quis
1107 3227 1347 3282 demum
1378 3227 1449 3282 de
1480 3227 1852 3283 sanctissimo
1884 3228 2073 3300 ponti-
2115 3295 2148 3303 _
2185 3228 2350 3302 gillat
2378 3233 2696 3297 auctorem,
2719 3245 2894 3299 quem
2926 3228 3104 3284 etiam
3129 3229 3287 3285 aliud
3312 3246 3491 3303 agens
3525 3234 3693 3301 putat
3715 3245 3866 3285 esse

423 3318 533 3374 ﬁce
561 3295 740 3389 atque
771 3295 1262 3389 gravissimo,sibi
1286 3316 1395 3372 hoc
1423 3315 1481 3371 in
1513 3316 1777 3371 animum
1809 3295 2076 3372 inducat?
2107 3295 2150 3361 (ἶ
2187 3295 2826 3386 Pseudo-Dorotheum,
2850 3318 2992 3372 dum
3015 3317 3224 3373 scribit
3243 3295 3575 3391 (39)"ipsur-n
3606 3318 3857 3389 nugari,

424 3405 575 3463 Illud
607 3405 802 3478 potius
831 3404 1142 3460 dicendum
1176 3405 1347 3473 foret,
1379 3404 1429 3459 si
1462 3422 1523 3461 re
1552 3421 1687 3460 vera
1716 3405 1913 3461 Graeca
1947 3406 2075 3476 ejus
2186 3408 2479 3462 Andream
2510 3406 2699 3461 Patris
2730 3407 2803 3462 ab
2832 3407 3008 3479 Egea
3034 3408 3468 3463 Edessenorum
3492 3423 3626 3479 rege
3648 3407 3861 3478 (quasi

421 3495 611 3551 versio
643 3512 678 3550 a
709 3492 907 3549 Latino
936 3492 1198 3565 Gregorii
1257 3497 1419 3549 textu
1448 3493 1853 3565 discrepasset,
1886 3510 2012 3549 eam
2045 3512 2080 3549 a
2187 3513 2257 3553 ex
2287 3495 2493 3551 ultimo
2541 3496 2762 3551 oriente
2792 3495 2851 3551 in
2880 3496 3158 3551 Achaiam
3193 3502 3489 3553 momento
3521 3495 3860 3551 transvola-

425 3582 760 3639 Graecorum
783 3581 977 3652 aliquo
998 3581 1185 3637 fuisse
1207 3580 1346 3637 olim
1370 3586 1728 3654 corruptam;
1756 3583 2077 3654 pressertim
2187 3586 2357 3654 verit)
2388 3584 2755 3639 crucifixum.
2785 3584 3074 3658 Scaligero
3124 3585 3372 3642 adhaesit
3398 3586 3569 3641 etiam
3596 3601 3859 3640 accura-

427 3686 562 3726 cum
593 3687 659 3726 eo
692 3670 930 3725 nomine
950 3671 1207 3725 Joannes
1239 3670 1659 3741 diaconusjam
1690 3671 1911 3725 dudum
1943 3688 2080 3726 con-
2187 3674 2457 3730 tissimus
2488 3672 2895 3729 Tillemontius
2926 3675 3059 3745 (40):
3094 3691 3279 3746 eoque
3309 3674 3547 3729 nomine
3583 3677 3862 3747 \Voogus

428 3763 671 3831 questus
704 3775 832 3814 esse
854 3764 1136 3814 noscatur
1155 3760 1288 3830 (35).
1320 3762 1389 3814 At
1426 3759 1799 3815 verisimilior
1824 3760 1967 3815 mihi
1996 3761 2081 3816 vi-
2191 3764 2435 3834 insuper
2464 3763 2737 3818 eumdem
2760 3762 3154 3832 Sophronium
3179 3762 3329 3818 ridet
3358 3764 3492 3833 (41).
3526 3768 3787 3819 Caeteros
3815 3764 3872 3820 ei

428 3849 600 3905 detur
627 3847 737 3904 hac
760 3847 829 3903 de
849 3865 910 3903 re
933 3847 1006 3904 cl.
1034 3847 1339 3919 Lequienii
1366 3848 1855 3919 sententia,cujus
1886 3850 2080 3921 proin-
2192 3853 2291 3923 qui
2326 3856 2483 3920 sunt,
2522 3851 2677 3905 idem
2711 3850 3051 3918 sentientes,
3083 3851 3472 3922 praeterimus.

430 3937 503 3993 de
522 3938 698 3993 verba
719 3936 834 3993 huc
852 3937 1059 3993 afferre
1081 3953 1268 4009 operas
1287 3938 1539 4009 pretium
1559 3938 1706 3993 duco
1728 3939 1861 4008 (36):
1884 3940 2081 4004 «Quod
2267 3939 2427 3995 Dolet
2482 3939 2778 3994 enimvero
2832 3940 2987 3995 viros
3045 3939 3476 3996 eruditissimos
3523 3940 3640 3997 alia
3672 3940 3873 3996 multa

431 4029 678 4099 spectat,
712 4025 927 4098 inquit,
960 4026 1032 4081 ad
1091 4025 1377 4098 Gregoriii
1427 4024 1645 4093 locum,
1680 4026 1781 4097 qui
1836 4026 2084 4083 habetur
2192 4045 2325 4085 cum
2353 4029 2551 4083 animo
2578 4028 2889 4099 agitantes,
2914 4028 3058 4083 illud
3081 4029 3321 4085 demum
3355 4047 3469 4101 quo
3493 4030 3563 4085 de
3595 4030 3869 4100 agimus,

428 4113 534 4170 lib.
569 4131 609 4170 ιι
639 4115 851 4186 οἰαιοσ.
873 4115 1369 4186 cap.38,sincerus
1399 4114 1809 4187 dicam,magis
1830 4115 2083 4172 arridere
2193 4119 2335 4174 adeo
2367 4117 2760 4189 perfunctorie
2819 4116 3194 4188 expendisse.
3231 4118 3544 4189 Nimirum,
3576 4135 3699 4173 una
3726 4126 3873 4174 tan-

430 4202 740 4259 lectionem
772 4220 952 4274 quam
987 4204 1216 4274 praefert
1245 4204 1442 4260 Grmca
1485 4202 1809 4259 translatio.
1844 4204 2084 4260 Latinus
2191 4204 2318 4263 tum
2375 4206 2593 4261 Edessa
2651 4204 3084 4277 Mesopotamia
3142 4206 3303 4274 urbs,
3336 4205 3493 4262 haud
3550 4206 3730 4278 longe
3792 4207 3872 4262 ab

431 4296 735 4348 contextus
792 4290 1007 4347 habet:
1070 4291 1206 4346 Cum
1238 4292 1385 4348 enim
1421 4295 1641 4359 constet,
1673 4294 1804 4363 quia
1828 4295 2085 4350 Paracle-
2194 4295 2493 4366 Euphrate
2525 4293 2660 4360 sita,
2690 4293 2837 4365 ipsis
2868 4294 3326 4362 obversabatur;
3387 4299 3453 4349 ut
3481 4295 3730 4367 proinde
3763 4296 3880 4351 So-

430 4387 517 4436 tus
546 4379 788 4451 Spiritus
814 4397 848 4434 a
879 4380 1042 4436 Patre
1095 4397 1311 4452 semper
1364 4380 1617 4451 procedat
1673 4390 1725 4436 et
1774 4382 1958 4450 Filio;
1986 4399 2087 4439 cur
2197 4382 2508 4456 phronium
2538 4382 2606 4436 de
2649 4380 2749 4435 illa
2780 4380 2961 4436 fuisse
2990 4380 3253 4437 locutum
3283 4382 3721 4450 existimarint;
3760 4400 3876 4439 ne-

429 4484 486 4526 se
516 4469 693 4524 Filius
721 4483 1064 4525 recessurum
1092 4469 1254 4535 dicit,
1310 4474 1375 4524 ut
1402 4470 1502 4526 ille
1529 4472 1717 4525 veniat
1747 4472 1845 4541 qui
1870 4487 1908 4527 α
1946 4473 2085 4528 Filio
2197 4488 2309 4544 que
2341 4470 2586 4526 alterius
2616 4469 2845 4525 Edessaa
2903 4469 3245 4538 meminere,
3273 4471 3627 4526 Macedoniae
3653 4488 3878 4543 regum

431 4573 719 4628 nunquam
765 4558 1011 4613 recedit?
1040 4558 1237 4613 Graeca
1285 4573 1417 4613 vero
1462 4559 1802 4615 translatio:
1846 4560 2083 4635 Φανερὸν
2197 4559 2495 4631 sepulcris
2512 4557 2702 4628 clarae,
2726 4556 3223 4630 celebratequein
3250 4560 3459 4630 primis
3479 4560 3695 4616 Joanni
3726 4565 3885 4617 Can-

438 4642 529 4701 οὖν
563 4644 818 4719 ὑπάρχει,
853 4643 937 4699 ὅτι
982 4645 1045 4699 τὸ
1077 4642 1443 4721 ΙΙαράκλητον
1497 4649 1719 4720 Πνεῦμα
1769 4646 1828 4702 ἐκ
1855 4652 1951 4703 τοῦ
1986 4652 2033 4705 ΙΙ

2284 4665 2477 4704 :uzeno
2510 4647 2643 4719 (42).
2682 4647 2756 4701 De
2788 4650 3035 4717 utraque
3065 4646 3236 4719 plura
3266 4666 3385 4720 prae
3416 4649 3639 4705 casteria
3672 4650 3882 4721 Span-

435 4734 563 4808 τρὸς
619 4733 971 4808 προέρχεται,
1033 4732 1124 4789 καὶ
1157 4733 1208 4788 ἐν
1239 4738 1319 4805 τῷ
1368 4734 1480 4807 rte;
1542 4732 1802 4808 διαμένει.
1863 4739 2033 4796 ϐοηειε

2291 4738 2424 4791 nius
2463 4736 2605 4808 (43),
2638 4735 2992 4805 Lequienius
3041 4736 3155 4807 (44)
3187 4742 3243 4792 et
3274 4737 3530 4810 Bayerus
3586 4740 3727 4811 (45).
3766 4740 3884 4796 Ve-

438 4826 611 4896 igitur
656 4823 800 4894 quod
854 4823 1092 4895 Spiritus
1128 4824 1447 4880 Paractetus
1481 4842 1556 4882 ea:
1597 4828 1770 4882 Patre
1821 4828 2083 4897 procedit,
2190 4822 2408 4883 iustior
2439 4829 2528 4880 est
2579 4829 2801 4889 autem,
2832 4823 3039 4880 saltem
3091 4826 3329 4882 nomine
3362 4832 3558 4893 tenus,
3596 4827 3885 4885 Macedo-

438 4916 489 4969 et
518 4914 581 4969 in
598 4913 738 4969 Filio
758 4919 965 4967 manet.
986 4912 1130 4967 Cum
1154 4911 1470 4985 Gregorius
1488 4915 1931 4973 moxinferendo
1949 4918 2086 4973 sub-
2197 4917 2295 4971 nia
2326 4915 2581 4970 Edessa:
2630 4916 2699 4968 ex
2746 4912 2855 4968 hac
2911 4913 3067 4968 enim
3129 4920 3471 4986 nuncupata
3517 4916 3627 4971 fuit
3682 4917 3883 4975 altera

567 5036 623 5113 2)
650 5035 816 5091 Vecc.
849 5037 1003 5109 apud
1037 5036 1202 5093 Αιιαι.
1264 5036 1434 5095 erc.
1480 5039 1643 5107 orth.,
1680 5043 1821 5095 tom.
1857 5040 1924 5105 II,
1955 5056 2086 5113 pag.
2271 5039 2383 5107 (39)
2416 5034 2770 5113 BlondLLib.
2785 5035 2850 5091 de
2878 5037 3128 5113 episc._e_t
3154 5038 3335 5110 presb.
3373 5040 3529 5110 apud
3559 5039 3736 5096 Fabr.
3788 5046 3879 5097 De

574 5112 633 5163 et
662 5123 827 5179 seqq.
890 5108 903 5109 ί
1074 5178 1081 5179 γ
1956 5108 1973 5113 “
2034 5108 2061 5113 ⁷

1956 5108 1973 5113 “
2034 5108 2061 5113 ⁷
2199 5115 2296 5168 vit.
2327 5113 2373 5164 et
2404 5116 2564 5164 mort.
2598 5108 2816 5179 Moysis,
2849 5122 2981 5179 pag.
3013 5108 3139 5163 496.

507 5179 624 5322 (33)
654 5178 936 5247 Meliten.,
964 5178 1125 5261 ibid.,
1159 5195 1217 5249 p.
1248 5180 1355 5235 786
1376 5196 1538 5254 seqq.
2277 5183 2389 5250 (40)
2421 5180 2650 5235 ’l‘illem.
2682 5178 3022 5261 Mem.’ecct.,
3057 5186 3199 5234 tom.
3233 5184 3277 5249 Ι,
3339 5198 3471 5254 pag.
3502 5182 3626 5253 320,
3662 5188 3795 5240 not.
3822 5184 3877 5240 t.

533 5250 601 5305 34
656 5250 933 5321 Basnag.,
962 5267 1021 5304 in
1054 5249 1271 5307 Observ.
1293 5251 1364 5309 ad
1391 5252 1609 5309 Cam'sii
1637 5252 1808 5319 Thes.,
1841 5256 1985 5309 tom.
2020 5255 2089 5322 II,
2273 5255 2388 5319 (41)
2424 5256 2625 5322 Woog.
2657 5253 2985 5322 εχει-σιμή,
3021 5267 3154 5322 pag.
3187 5253 3310 5306 101.

533 5249 623 5333 34)
656 5250 933 5333 Basnnang”
962 5250 1021 5304 in
1054 5249 1271 5307 Observ.
1293 5251 1364 5309 ad
1391 5249 1609 5309 Cdnz'sii
1637 5252 1808 5319 Thes.,
1841 5256 1985 5309 tom.
2020 5255 2089 5322 II,
2423 5256 2625 5333 EVoog.
2657 5250 2985 5333 exercitLii,
3021 5267 3154 5331 pag.
3187 5249 3361 5333 101_._'

439 5320 948 5405 param-88;.
1268 5395 1295 5405 η
1356 5394 1385 5405 -
1560 5397 1638 5405 η

2284 5326 2386 5405 '42)
2415 5320 2652 5405 Gantac.
2684 5323 2823 5377 Hist.
2877 5320 2981 5378 lib.
3024 5320 3078 5392 ii,
3104 5320 3230 5394 cap.
3262 5323 3359 5393 54,
3394 5322 3494 5380 lib.
3530 5341 3604 5393 ιν,
3633 5340 3771 5398 cap.
3811 5327 3882 5383 19

444 5393 458 5395 ⁷
511 5394 626 5463 (35)
654 5394 823 5449 Joan.
884 5393 1069 5459 Diac.,
1104 5395 1206 5450 Vit.
1254 5395 1313 5452 S.
1348 5394 1504 5468 Greg.
1552 5397 1686 5463 PP.,
1718 5395 1821 5452 lib.
1855 5412 1931 5465 ιν,
1961 5411 2092 5469 cap.
2204 5403 2261 5455 et
2283 5393 2450 5451 alibi.
3184 5393 3191 5394 ⁷
3710 5393 3730 5398 ⁷

444 5465 557 5537 75.
588 5536 619 5537 ﬂ
660 5533 681 5537 _
826 5535 835 5537 _
1012 5536 1027 5537 ί
2275 5468 2389 5537 (43)
2422 5464 2641 5537 Spanh.
2690 5464 2764 5519 De
2792 5467 2986 5535 praest.
3017 5464 3309 5531 numism.,
3342 5469 3482 5524 tom.
3507 5471 3555 5537 Ι,
3589 5485 3718 5537 cap.
3744 5470 3860 5525 127

514 5491 632 5613 (3Q)
658 5533 959 5613 Lequien“
1004 5536 1565 5613 Disse_rt_D_amasc._l,
1597 5538 1626 5613 ἕ
1654 5539 1747 5607 23,
1779 5556 1837 5611 p.
1863 5540 1951 5595 11.

2283 5470 2389 5595 ἐξ)
2422 5470 2641 5539 Spanh.
2690 5470 2764 5519 De
2792 5470 2986 5535 praest.
3017 5470 3309 5531 numism.,
3342 5470 3482 5524 tom.
3507 5471 3555 5537 Ι,
3589 5485 3718 5540 cap.
3744 5470 3881 5543 127,

504 5581 637 5748 (ἔθ’)
658 5581 1951 5693 ’ἑῐῷῑίςῗέιὶηῖεΐἕὲιδῖἷὸξᾛῖὁιῖἐἓσῖεέἶῖῥεῖέῖ
1966 5610 2091 5666 225.
2276 5581 2400 5754 {illi
2423 5606 2833 5736 Leqiqien.'0r.
2869 5605 3021 5671 olm,
3054 5610 3199 5661 tom.
3234 5607 3302 5673 II,
3336 5623 3470 5679 pag.
3508 5610 3602 5676 79,
3630 5611 3765 5667 953.

546 5677 636 5746 38)
692 5677 900 5749 Seahg.
959 5679 1214 5754 Aminaei.
1264 5698 1326 5736 in
1383 5683 1581 5740 Chron.
1628 5684 1818 5740 Euseb.
1852 5683 1925 5739 ad
1956 5698 2094 5740 ann.
2301 5683 2390 5753 45)
2424 5682 2570 5738 Bave
2609 5720 2622 5735 .
2653 5680 2791 5736 Hist.
2827 5677 3115 5750 0srhoen.,
3148 5695 3279 5752 pag.
3316 5680 3383 5735 13
3411 5697 3534 5752 seq,

546 5677 636 5746 38)
692 5677 900 5749 Scalig.
959 5679 1214 5753 Animad.
1264 5683 1326 5736 in
1383 5683 1581 5740 Chron.
1628 5677 1822 5740 Euseb:
1852 5677 1925 5739 ad
1956 5698 2094 5740 ann.
2276 5677 2390 5753 (45)
2424 5677 2622 5738 Bavet.
2653 5679 2791 5736 Hist.
2827 5677 3115 5750 0srhoen.,
3148 5695 3279 5752 pag.
3316 5677 3383 5735 {3
3411 5677 3534 5752 seq,

452 5748 1004 5821 Miucccaxxiv,’pag.
1033 5748 1159 5806 256.
