4046 6350
177 463 346 524 1209

854 463 1237 523 EPISTOLA
1280 464 1383 523 DE
1427 462 1841 522 MAltTYRIO
1887 460 1951 520 S.
1998 460 2368 520 ANDltEJE.
2402 492 2479 503 —-
2510 456 2922 518 PROtEMIA.

3437 451 3593 511 1210

172 595 242 650 in
277 596 516 667 regione
545 594 898 650 Osrboenica
930 597 1117 667 posita
1148 612 1296 667 quas,
1320 600 1467 651 teste
1492 594 1671 650 Plinio
1692 594 1827 666 (46),
1859 595 1913 659 Α
1942 594 2233 649 vocavit.»
2291 591 2521 648 Justino
2582 588 2836 646 concinit
2892 584 3140 650 Plinius,
3202 584 3355 657 apud
3412 599 3585 657 quem

172 677 489 747 quondam
516 674 823 729 Antiochia
854 675 1177 745 dicebatur,
1214 680 1386 746 atque
1419 692 1452 731 a
1499 675 1657 729 fonte
1701 690 1826 746 per-

170 764 399 819 lucidis
435 764 611 818 undis
640 763 759 818 illic
791 763 1027 831 fluente,
1086 763 1437 818 Callirrhoe:
1504 778 1833 834 nomenque

174 854 418 908 Edessa
438 853 690 907 inditum
705 852 890 907 eidem
908 852 1088 907 fuisse
1104 852 1440 922 perhibetur
1459 868 1491 905 a
1508 849 1834 906 Macedoni-

174 942 297 997 bus
315 946 634 1013 postquam
654 942 724 996 ab
738 940 1049 995 Alexandri
1074 941 1148 996 M.
1169 941 1532 1011 temporibus
1567 944 1705 994 sunt
1735 938 1834 993 illa

173 1031 511 1102 potiti.Non
534 1035 620 1085 est
651 1030 832 1102 igitur
861 1046 965 1084 cur
994 1030 1050 1084 in
1087 1030 1360 1084 ultimum
1384 1030 1668 1085 orientem
1698 1045 1832 1083 cum

174 1119 484 1175 Blondello
526 1119 943 1190 transmigrare
982 1135 1280 1190 cogamur,
1308 1123 1373 1174 ut
1403 1117 1712 1190 Sophronii
1740 1118 1831 1172 IE-

171 1224 354 1281 geam
369 1209 795 1264 Edessenorum
811 1224 1003 1279 regem
1019 1208 1263 1263 invisam
1275 1208 1662 1263 us.Discimus
1677 1207 1832 1262 enim

175 1314 252 1353 ex
274 1297 892 1368 Tacito(47)Acbaiam
915 1302 970 1352 et
1001 1297 1399 1354 Macedoniam
1431 1298 1675 1369 imperio
1707 1313 1834 1368 pro-

176 1387 483 1443 consulari
516 1386 697 1442 fuisse
727 1387 1194 1458 subjectas.Hinc
1224 1388 1417 1459 itaque
1439 1387 1640 1442 mirari
1674 1386 1829 1440 haud

174 1478 345 1531 subit
378 1476 738 1548 Egeam,qui
774 1477 955 1531 fertur
984 1476 1293 1548 proconsul
1324 1476 1573 1543 Achaiae,
1607 1475 1831 1531 censeri

174 1571 238 1620 et
271 1566 502 1621 Edessa:
527 1565 906 1621 Macedonicae
937 1582 1131 1637 regem
1156 1568 1435 1637 ;adeoque
1458 1566 1529 1620 ab
1556 1566 1664 1620 hac
1688 1564 1830 1619 urbe

172 1654 540 1726 digressum,
565 1655 761 1709 Patras
792 1654 1030 1710 Achaeas
1062 1656 1406 1727 perrexisse,
1440 1658 1505 1709 ut
1563 1653 1831 1726 perhibet

170 1742 440 1814 Epistola
472 1748 691 1798 nostra.
718 1743 1090 1798 Proconsulis
1125 1761 1377 1816 namque
1411 1744 1579 1799 sedes
1611 1744 1829 1799 Edessa

168 1831 428 1888 fortasse
482 1832 657 1887 fuerit
716 1849 961 1904 eamque
1022 1832 1343 1905 respexerit
1412 1832 1823 1903 Sophronius;

1941 684 2193 738 occurrit
2223 683 2333 754 (51)
2360 698 2373 737 :
2414 702 2434 730 ι
2469 680 2749 753 oppidum
2779 678 2938 749 (Ege,
2961 676 3018 730 in
3051 692 3163 747 quo
3196 691 3321 729 mos
3350 673 3581 745 sepeliri

1942 788 2105 843 reges
2141 794 2167 820 »
2202 772 2605 826 Macedonum.
2644 770 2919 823 Edessam
2951 764 3145 835 itaque
3176 764 3463 818 habemus
3520 761 3580 817 in

1942 860 2278 915 Macedonia
2315 861 2509 925 sitam,
2545 858 2939 929 primitusque
2998 858 3259 909 vocatam
3318 852 3577 923 zEgeam.

1943 951 2075 1014 Quae
2107 950 2346 1019 quidem
2381 950 2541 1017 urbs,
2573 946 2778 1001 Vossio
2814 947 3085 999 monente
3118 943 3253 1009 (5‘3),
3278 941 3581 1011 scriptori-

1942 1039 2054 1093 bus
2085 1040 2297 1093 Graecis
2334 1038 2550 1092 dicitur
2599 1032 2779 1107 Αἰγαὶ,
2820 1030 3011 1105 Αἶγαῖα
3062 1036 3117 1086 et
3166 1028 3349 1105 Ai’yaza
3383 1046 3395 1084 :
3431 1029 3589 1083 unde

1943 1125 2148 1189 ἐθνικόν
2182 1132 2273 1182 est
2302 1124 2625 1193 Αἷγαιάτης,
2657 1123 2744 1178 vel
2776 1120 3092 1195 Αἷγειάτης.
3126 1120 3253 1175 Haec
3284 1136 3414 1173 vero
3446 1118 3587 1173 dum

1942 1216 2154 1283 recolo,
2181 1216 2349 1270 varia:
2384 1214 2527 1270 mihi
2559 1214 2809 1269 suborta:
2833 1210 3220 1281 suspiciones.
3255 1210 3397 1264 Cum
3432 1208 3591 1262 enim

1941 1306 2200 1361 noverim
2232 1305 2536 1377 proprium
2562 1299 2924 1374 proconsulis
2957 1315 3169 1354 nomen
3194 1298 3307 1352 sub
3331 1313 3445 1368 quo
3464 1312 3590 1368 pas-

1942 1411 2043 1449 sus
2075 1395 2413 1466 perhibetur
2433 1395 2485 1447 S.
2519 1387 3193 1457 Andreas,diversimode
3223 1387 3376 1457 apud
3396 1384 3587 1439 Eccle-

1938 1484 2037 1539 siae
2094 1486 2410 1554 scriptores
2462 1481 2703 1545 efferri;
2790 1478 2921 1533 aliis
3010 1492 3263 1546 namque
3346 1477 3587 1528 vocatur

1940 1569 2136 1643 Αἷγὲας
2168 1572 2301 1640 (53),
2333 1569 2462 1624 aliis
2493 1585 2624 1623 vero
2651 1564 2951 1639 Αἷγαιάτης
2985 1566 3142 1633 (54);
3178 1563 3316 1634 quid
3344 1564 3583 1617 demum

1937 1678 2005 1717 ea
2024 1660 2384 1716 devarietate
2408 1658 2740 1727 augurabar
2762 1655 2954 1709 dicere
2979 1653 3159 1707 lubet.
3185 1650 3583 1722 SOphronium

1936 1749 2236 1811 nimirum,
2269 1749 2390 1802 sive
2422 1746 2760 1816 scriptorem
2803 1742 3182 1797 vetustiorem
3213 1756 3387 1809 quem
3431 1739 3584 1810 ipse-

1935 1843 2054 1895 met
2084 1842 2319 1893 secutus
2370 1835 2565 1899 fuerit,
2626 1834 2863 1888 nomine
2924 1829 3295 1902 proconsulis
3354 1826 3586 1900 proprio

168 1920 440 1976 Ecclesia
469 1937 600 1975 vero
628 1920 880 1977 Achaica
909 1922 967 1976 in
999 1921 1277 1993 Epistola,
1313 1938 1429 1977 non
1487 1922 1644 1977 sedis
1694 1923 1822 1993 qui-
1854 1960 1900 2023 Β
1935 1927 2247 2000 ριιωιθιιὶιο,
2307 1922 2647 1995 hujusmodi
2706 1922 2901 1987 verba,
2964 1918 3066 1972 ὑπὸ
3135 1921 3232 1970 τοῦ
3316 1913 3588 1991 βασιλέως

167 2009 310 2064 dem
341 2009 556 2076 locum,
591 2010 692 2065 sed
726 2026 944 2065 munus
976 2028 1089 2081 quo
1112 2015 1168 2066 et
1191 2012 1246 2065 in
1268 2010 1496 2066 Achaiae
1529 2010 1823 2083 provincia

164 2098 529 2170 fungebatur
548 2103 883 2170 proconsul,
920 2100 1252 2156 attenderit.

237 2204 441 2277 Neque
470 2221 603 2261 vero
633 2204 766 2277 quis
800 2210 965 2277 putet
996 2206 1165 2262 anxio
1195 2207 1391 2262 animo
1428 2224 1536 2263 nos
1566 2224 1695 2263 esse
1723 2212 1825 2264 aut

162 2292 442 2358 sollicito,
466 2294 619 2365 quod
650 2295 885 2367 [Egeam
916 2293 1141 2367 βασιλέα
1160 2296 1527 2367 Sophronius
1550 2297 1821 2368 appellet.

160 2382 338 2437 Haud
367 2384 525 2437 enim
559 2400 675 2438 una
704 2401 832 2439 esse
864 2384 1042 2456 hujus
1073 2386 1228 2441 vocis
1261 2386 1610 2456 signiﬁcatio
1664 2403 1823 2442 com-

168 2472 428 2542 peritur;
462 2488 652 2544 neque
681 2472 783 2528 illa
815 2474 1053 2529 demum
1088 2475 1413 2529 abutuntur
1434 2476 1649 2531 vetusti
1680 2477 1821 2532 seri-

167 2566 394 2633 ptores,
442 2579 559 2634 quo
614 2581 797 2635 regem
853 2571 1194 2621 constanter
1253 2567 1577 2638 exprimere
1622 2568 1825 2638 velint,

168 2655 241 2705 ut
271 2667 341 2705 ex
372 2652 633 2723 antiquis
692 2654 1143 2726 Lexicographis
1196 2655 1402 2727 liquet.
1463 2656 1819 2729 Hesychius:

172 2736 447 2809 Βασιλεῖς,
502 2740 552 2792 οἱ
597 2736 863 2795 δικασταί·
926 2742 1071 2817 παρὰ
1118 2740 1417 2816 Ἡροδότῳ,
1472 2743 1522 2798 οἱ
1584 2744 1825 2820 βασιλεῖς

172 2825 493 2901 παράνομον
525 2826 873 2904 ἐργαζομένῳ
907 2829 1331 2905 ἐναντιούμενοι.
1364 2835 1447 2892 Ad
1507 2851 1683 2907 quem
1740 2837 1825 2893 lo-

173 2933 312 2971 cum
344 2916 515 2989 plura
536 2919 763 2975 erudite
792 2920 1050 2975 Joannes
1080 2921 1300 2977 Alberti
1360 2923 1495 2994 (48).
1556 2924 1827 2980 Phavori-

175 3022 291 3061 nus
340 3006 482 3062 item
536 3006 861 3076 εΒασιλῆας
906 3006 1056 3083 λέγει
1105 3007 1350 3071 Ἡσίοδος
1394 3009 1521 3073 τοὺς
1574 3008 1826 3075 δικαστὰς

172 3092 263 3146 καὶ
294 3092 425 3155 τοὺς
452 3091 746 3169 ἄρχοντας.
780 3096 934 3151 Οὕτω
966 3098 1068 3171 γὰρ
1108 3097 1301 3160 αὐτοὺς
1342 3098 1567 3155 ἐκάλουν
1621 3101 1673 3154 οἳ
1720 3122 1825 3156 πα-

178 3178 349 3247 λαιοὶ,
407 3182 480 3244 ὡς
532 3184 801 3258 Ὅμηρός·
856 3184 1007 3242 Ἀλλ’
1062 3184 1185 3255 ἤτοι
1263 3187 1522 3263 βασιλῆες
1590 3189 1827 3265 Ἀχαιῶν

178 3270 280 3323 εἶσι
312 3270 402 3324 καὶ
460 3269 647 3329 ἄλλοι.
709 3277 842 3340 Quae
899 3277 1138 3347 quidem
1195 3278 1428 3333 Homeri
1485 3280 1657 3334 verba
1710 3279 1823 3352 (49)

182 3359 310 3415 loco
331 3362 401 3415 de
433 3378 550 3432 quo
575 3363 827 3434 agimus,
859 3365 1003 3419 mire
1036 3367 1322 3436 quadrare
1353 3383 1522 3423 nemo
1580 3384 1695 3423 non
1747 3368 1829 3423 vi-

174 3449 294 3505 det.
329 3449 608 3506 Eamdem
643 3452 705 3507 in
741 3454 1095 3509 sententiam
1128 3458 1468 3512 Maussacus
1502 3473 1737 3529 quoque
1768 3458 1839 3512 ad

187 3540 706 3609 Harpocrationem
746 3559 797 3597 v.
833 3540 1097 3610 Βασιλική
1134 3540 1428 3618 διαδρομή,
1463 3562 1647 3602 unum
1678 3562 1708 3602 e
1738 3563 1842 3601 no-

189 3644 320 3682 vem
352 3629 798 3701 magistratibus
858 3632 1315 3689 Atheniensibus
1377 3631 1603 3708 βασιλέα
1664 3634 1845 3691 fuisse

184 3724 225 3757 Δ
245 3720 500 3787 ocatum,
534 3737 595 3776 se
624 3718 800 3776 latius
828 3720 1133 3777 docturum
1166 3722 1515 3794 promiserat
1542 3727 1847 3795 νν.Θεσμο·

186 3799 337 3858 Θέται
371 3805 764 3882 Πολέμαρχος,
794 3809 948 3880 quod
981 3813 1177 3863 tamen
1235 3809 1327 3863 sui
1386 3808 1624 3878 oblitus,
1684 3809 1839 3866 haud

184 3896 476 3965 praestitit.
515 3896 661 3951 Hinc
684 3913 821 3970 ergo
853 3896 1075 3969 liquido
1097 3902 1338 3969 apparet
1360 3897 1652 3953 immerito
1673 3900 1841 3971 argui

184 3983 496 4039 Erasmum
518 4001 585 4040 eo
618 3986 875 4054 nomine,
911 3987 1064 4058 quod
1100 3984 1324 4060 βασιλέα
1354 3986 1665 4058 Sophronii
1691 4003 1841 4060 prae-

178 4074 388 4141 fectum
420 4074 758 4129 reddiderit.

247 4177 465 4234 Verum
488 4180 546 4235 in
588 4179 700 4235 isto
729 4180 1135 4252 Sophroniano
1167 4182 1292 4237 loco
1325 4180 1688 4237 enucleando
1721 4182 1833 4238 im-

175 4267 393 4323 morari
417 4268 608 4324 adhuc
638 4286 956 4342 parumper
982 4269 1173 4326 liceat.
1208 4271 1387 4327 Nobis
1416 4270 1697 4327 nimirum
1721 4270 1838 4327 dis-

1931 2013 2287 2083 Ἐδεσσηνῶν,
2320 2012 2727 2069 tantummodo
2759 2010 2969 2065 litteris
3015 2008 3210 2080 primo
3272 2006 3585 2061 tradidisse

1931 2107 2211 2179 putabam
2237 2120 2433 2175 ;quem
2469 2102 2706 2173 quidem
2725 2099 2919 2154 locum
2940 2114 3009 2153 ne
3039 2097 3171 2168 quis
3216 2095 3586 2167 acciperetde

1932 2194 2287 2250 Osrboenica
2316 2191 2550 2253 Edessa,
2575 2190 2664 2243 vir
2694 2187 2908 2260 aliquis
2941 2185 3207 2241 eruditus
3232 2184 3451 2240 codicis
3482 2184 3584 2239 So-

1932 2281 2239 2356 phroniani
2271 2297 2381 2335 ora:
2414 2278 2673 2334 alleverit
2703 2282 2866 2332 vetus
2903 2276 3067 2330 urbis
3098 2290 3311 2329 nomen
3359 2270 3581 2345 Αἷγαία,

1932 2372 2187 2443 indeque
2212 2372 2528 2425 formatum
2562 2362 3098 2439 εοηῑὶιθΔὶγαιάτηςι
3138 2378 3382 2435 quorum
3404 2378 3590 2416 unum

1933 2460 2255 2518 alterumve
2286 2463 2482 2531 postea
2510 2457 2785 2512 librarius
2817 2456 3091 2509 indoctus
3136 2469 3165 2507 ο
3213 2456 3369 2507 textu
3427 2451 3585 2505 exci-

1934 2552 2090 2606 disse
2111 2549 2450 2620 conjiciens,
2488 2548 2751 2617 adeoque
2783 2544 2894 2616 ipsi
2943 2543 3326 2598 intexendum
3384 2539 3587 2596 existi-

1934 2656 2123 2704 mans,
2166 2636 2533 2707 exscripserit
2595 2651 2816 2707 suoque
2848 2632 3165 2704 exemplari
3224 2628 3573 2685 inseruerit:

1936 2732 2106 2799 atque
2137 2729 2217 2782 ita
2246 2727 2517 2797 deinceps
2550 2724 2709 2779 velut
2764 2723 3067 2795 proprium
3114 2720 3363 2792 praefecti
3417 2718 3582 2773 urbis

1937 2834 2145 2873 nomen
2175 2815 2521 2886 habitum,a
2572 2812 2814 2884 reliquis
2868 2812 3141 2882 deinceps
3200 2808 3585 2880 scriptoribus

1940 2906 2114 2960 fuerit
2144 2904 2393 2959 subinde
2425 2906 2775 2974 usurpatum
2802 2918 2815 2969 ;
2846 2901 2999 2955 unde
3020 2900 3257 2954 tandem
3288 2898 3345 2952 in
3377 2900 3587 2953 nostris

1935 3012 2168 3068 quoque
2204 2993 2474 3066 Epistolas
2521 2992 2779 3046 Achaicae
2839 2989 3197 3061 exemplaria
3253 2985 3586 3042 dimanarit.

2014 3125 2089 3174 At
2116 3120 2224 3174 hoc
2250 3121 2488 3174 demum
2522 3122 2612 3171 est
2631 3114 3085 3170 hariolari.lllud
3120 3113 3314 3184 potius
3348 3112 3591 3166 fortasse

1936 3210 2275 3274 dicendum,
2329 3207 2567 3277 [Egeam
2610 3205 2849 3275 quidem
2899 3204 3081 3257 fuisse
3138 3205 3405 3256 vocatum
3485 3198 3585 3269 qui

1861 3324 1903 3391 ρ
1940 3300 2167 3354 Edessa:
2199 3314 2264 3351 ac
2296 3295 2488 3350 Patris
2515 3294 2850 3365 praefuerit;
2884 3295 3285 3347 verumtamen
3319 3306 3433 3343 non
3458 3288 3587 3343 ideo

1952 3388 2149 3444 statim
2182 3384 2421 3455 colligas
2450 3383 2623 3438 velim
2647 3382 2844 3453 ipsum
2873 3385 3044 3452 gente
3074 3378 3255 3433 fuisse
3302 3380 3588 3448 Graecum,

1952 3493 2069 3531 non
2103 3476 2468 3537 Romanum;
2502 3471 2757 3541 adeoque
2789 3466 3154 3540 proconsulis
3187 3470 3287 3521 aut
3331 3464 3591 3521 consulis

1952 3581 2170 3620 munus
2200 3562 2386 3617 eidem
2415 3561 2520 3615 rite
2542 3559 2789 3613 conferri
2820 3557 2975 3612 haud
3006 3555 3593 3627 potuisse.Romanos

1952 3654 2107 3708 enim
2127 3651 2479 3723 quandoque
2496 3648 2566 3703 ab
2582 3647 2896 3702 urbibuset
2916 3645 3146 3717 populis
3162 3644 3399 3699 nomina
3420 3661 3592 3699 usur-

1953 3758 2143 3815 passe,
2178 3756 2365 3811 neque
2386 3739 2560 3793 etiam
2582 3754 2617 3792 a
2645 3735 3095 3807 cognominibus
3118 3734 3329 3789 Graecis
3362 3734 3471 3789 sibi
3495 3750 3588 3788 as-

1950 3831 2235 3887 ciscendis
2256 3826 2767 3895 abhorruisse,viri
2788 3824 3112 3879 doctissimi
3146 3823 3392 3878 Ursinus
3452 3824 3587 3893 (55),

1948 3918 2263 3975 Panvinius
2293 3919 2403 3990 (56)
2436 3921 2491 3971 et
2518 3914 2787 3986 Sigonius
2809 3912 3187 3985 prodiderunt
3214 3929 3226 3966 :
3254 3916 3318 3967 ut
3348 3912 3589 3982 proinde

1948 4010 2020 4065 ab
2055 4011 2227 4079 Egea
2270 4007 2390 4062 sive
2426 4006 2496 4059 ab
2520 4004 2788 4072 (Egeatis,
2826 4002 3330 4056 Macedonicorum
3362 4001 3597 4055 Edesse-

1954 4114 2165 4153 norum
2198 4095 2339 4151 urbe
2361 4111 2428 4150 ac
2459 4092 2912 4165 populo,/Egeas
2933 4090 3070 4145 item
3092 4095 3289 4144 noster
3308 4086 3591 4159 appellari

1945 4185 2221 4258 potuerit.
2271 4184 2330 4239 Si
2363 4182 2494 4254 quis
2523 4197 2656 4236 vero
2678 4196 2813 4235 eum
2844 4178 3025 4233 fuisse
3078 4176 3301 4248 origine
3330 4180 3593 4231 Graecum

1944 4274 2256 4330 contendat
2279 4297 2294 4340 ;
2328 4271 2481 4343 quod
2509 4286 2648 4326 sane
2677 4269 2872 4323 fratris
2893 4268 3022 4337 ejus
3036 4284 3245 4321 nomen
3268 4265 3368 4338 qui
3400 4266 3589 4321 Sirac-

178 4355 540 4412 cutientibus
592 4357 902 4430 Sophronii
962 4360 1159 4427 verba,
1220 4360 1407 4431 deque
1464 4360 1835 4417 Macedonica
1941 4363 2121 4419 tocles
2152 4362 2335 4430 audit,
2371 4360 2617 4416 suadere
2647 4358 2876 4413 videtur
2905 4374 2919 4425 ;
2944 4356 3099 4411 haud
3123 4355 3393 4427 equidem
3416 4372 3588 4426 repu-

178 4444 401 4501 Edessa
428 4444 529 4501 illa
560 4462 688 4502 esse
718 4447 1059 4519 accipienda
1110 4449 1286 4519 probe
1344 4448 1831 4520 intelligentibus,
1938 4451 2267 4523 gnaverim.
2296 4449 2491 4519 Neque
2530 4447 2687 4503 enim
2737 4446 2975 4501 demum
3034 4444 3294 4500 insolens
3354 4444 3590 4499 urbium

180 4531 322 4586 illud
356 4533 533 4588 etiam
554 4536 725 4605 Trogi
756 4536 1019 4606 Pompeii
1047 4536 1201 4607 apud
1232 4536 1536 4592 Justinum
1579 4538 1691 4605 (50)
1720 4554 1828 4609 op-
1939 4541 2203 4611 regimen
2234 4536 2519 4593 etGraacis
2538 4535 3294 4601 tradidisseRomanos,ute
3331 4532 3592 4587 numinis

182 4626 430 4692 portune
462 4623 753 4677 succurrit
785 4640 797 4678 :
829 4646 856 4674 ‹‹
889 4625 1169 4690 Caranus,
1207 4625 1418 4696 inquit,
1452 4642 1585 4681 cum
1617 4641 1830 4698 magna
1866 4694 1899 4699 _
1940 4628 2200 4699 antiquis
2231 4626 2451 4697 liquet:
2486 4642 2517 4681 e
2548 4624 2766 4695 quibus
2818 4622 3103 4678 discimus
3164 4622 3274 4692 (57)
3335 4620 3587 4675 Aristar-

182 4708 1176 4778 multitudineGracorum,sedesin
1202 4694 1539 4769 Macedonia
1556 4694 1834 4785 responso
1862 4694 1909 4758 D
1942 4694 2119 4771 chum
2148 4694 2857 4781 Damonis,Metrodorum
2892 4708 3593 4778 Meneclis,Nicostratum

181 4796 395 4853 oraculi
424 4799 632 4869 jussus
656 4816 937 4871 quaerere,
971 4818 1104 4855 cum
1140 4802 1833 4873 inEmathiamvenisset,
1943 4804 2257 4861 Callistrati
2288 4808 2344 4858 et
2373 4801 2775 4857 {Eschrionem
2812 4800 2985 4872 Lysiae
3026 4798 3196 4865 filios,
3225 4798 3587 4853 Patrensium

182 4887 387 4941 urbem
418 4888 699 4943 Edessam
732 4890 1058 4961 occupavit.
1099 4890 1259 4945 Hanc
1285 4895 1483 4946 autem
1516 4891 1722 4947 urbem
1760 4893 1832 4947 ob
1943 4900 2215 4966 praetores
2247 4893 2450 4947 fuisse.
2486 4891 2594 4955 Qui
2623 4906 2759 4961 ergo
2809 4893 3054 4960 praeerat
3112 4889 3339 4942 Edessae
3389 4892 3591 4941 noster

184 4976 531 5032 memoriam
564 4979 852 5047 muneris,
900 4979 1153 5051 IEgeas;
1204 4979 1511 5051 populum,
1566 4981 1833 5053 (Egestas
1940 4983 2168 5055 Egeas,
2201 4982 2506 5038 Patrarum
2561 4995 2794 5051 quoque
2853 4979 3158 5049 praefectus
3188 4976 3408 5047 ,fuerit,
3466 4993 3581 5031 non

1941 5212 2068 5275 225,
2102 5211 2223 5267 alii.

2013 5274 2129 5354 (5’1)
2188 5280 2397 5354 Manet.
2442 5280 2626 5354 Grmc.
2669 5278 2879 5354 ABasz'L,
2930 5281 3087 5354 part.
3158 5294 3209 5354 1,_
3257 5292 3390 5354 pag.
3437 5274 3584 5344 221;

1944 5348 2441 5411 Pseudo-Doroth.
2479 5352 2631 5424 apud
2660 5350 2865 5424 Cang.,
2916 5348 3111 5404 Chron.
3138 5348 3392 5424 fasc/1.,
3449 5362 3582 5419 pag.

1943 5428 2049 5482 435
2074 5447 2087 5491 ς
2117 5425 2357 5492 Niceph.
2392 5420 2533 5479 Hist:
2557 5424 2709 5489 eccl.,
2743 5420 2844 5476 lib.
2880 5438 2941 5492 11,
2976 5438 3103 5492 cap.
3135 5420 3223 5483 39,

2015 5499 2126 5569 (55)
2160 5498 2219 5553 F.
2248 5492 2555 5569 UrsinrDe
2576 5494 2762 5567 famil.
2796 5499 2970 5558 Rom.,
3003 5492 3379 5569 v._l’§11ariam
3408 5497 3575 5561 gent,

1944 5563 2088 5625 tom.
2110 5563 2219 5625 'VII
2252 5569 2401 5624 Thes.
2432 5563 2645 5637 Antidq.
2682 5570 2859 5629 Rom.,
2893 5580 3025 5636 pag.
3059 5563 3215 5618 1297.

2015 5642 2127 5712 (56)
2161 5641 2334 5695 Panv.
2369 5643 2427 5712 et
2494 5634 2692 5710 Sigon.
2740 5634 3251 5712 Πεψιιογῆίιβοηιη
3312 5640 3447 5689 tom.
3510 5634 3579 5703 ll,

1950 5707 2771 5784 ThesfAntiqqqﬂomqipagg.
2804 5708 2935 5784 976.
2965 5707 3119 5759 1013.

2015 5784 2107 5855 (57
2137 5780 2328 5840 Ηανᾶῖ
2350 5781 2485 5855 Opp.
2519 5780 2998 5851 select.,pag.l32.

251 5204 365 5281 (46)
399 5205 549 5281 Plin.
582 5209 747 5274 Hist.,
779 5208 989 5281 lib.1v,
1030 5226 1155 5281 cap.
1184 5210 1275 5265 25.

254 5279 367 5353 (47)
398 5279 579 5353 Tacit.
606 5281 789 5353 ᾼγιηαι
818 5325 834 5351 ,
855 5279 967 5353 lib.
1001 5298 1039 5349 1,
1074 5279 1239 5353 capp.
1271 5282 1360 5351 76,
1395 5281 1484 5336 80.

254 5352 368 5425 (48)
398 5348 526 5405 Alb.
561 5352 639 5425 ad
668 5348 929 5425 Hesych”
956 5348 1103 5425 tom.
1137 5348 1353 5425 prag.’
1378 5354 1503 5408 699.

263 5423 375 5491 (49)
410 5425 582 5494 Hom.
605 5422 817 5494 0dyss.,
838 5424 916 5494 (Α,
948 5424 1073 5479 394.

274 5494 366 5566 50)
390 5493 607 5566 Justin.
640 5493 805 5558 Hist,
836 5493 939 5550 lib.
974 5512 1074 5560 v11,
1111 5510 1237 5566 cap.
1286 5496 1335 5551 1.

276 5564 365 5636 51)
398 5564 545 5637 Plin.
578 5567 745 5635 Hist,
777 5566 878 5622 lib.
914 5583 990 5633 1v,
1024 5582 1150 5637 cap.
1182 5564 1235 5620 9.

230 5636 887 5769 4ξῖζέτοεῗαιίΡογηρ.
923 5636 1215 5705 ΜεΖηῚΞὺ.
1277 5654 1340 5710 11,
1400 5654 1522 5710 cap.
1584 5638 1637 5706 3,
1697 5653 1830 5711 pag.

308 5752 323 5769 .
428 5726 494 5763 1.
566 5748 580 5763 .

200 5716 323 5773 140,
354 5716 494 5763 edit.
530 5716 580 5763 1.

266 5780 386 5855 (53)
417 5779 731 5853 Sophron.,
759 5782 914 5853 apud
946 5780 1175 5843 Fabric.
1233 5780 1373 5837 Bibl.
1423 5781 1633 5851 coclea,
1688 5796 1826 5857 pag.
