4046 6350
443 416 591 475 l2“

1251 418 1939 480 PRESBYTERORUM
1984 420 2085 479 ET
2131 420 2652 481 DIACONORUM
2698 418 3033 479 ACHAIE.

3685 417 3859 478 1212

438 547 722 620 dignitate
753 547 1174 619 proconsulari,
1209 550 1308 605 sed
1341 548 1599 605 consulis
1630 550 1797 606 titulo
1830 550 2075 624 insigni-
2107 553 2164 619 Α
2193 555 2398 624 agente
2431 550 2938 624 dispensationeid
2959 548 3240 605 accidisse
3268 549 3563 622 potuerit;
3590 556 3657 605 ut
3687 549 3855 605 scili-

438 643 559 705 tus,
592 640 657 693 ut
686 654 753 692 ex
773 642 976 693 nostra
1006 638 1264 709 Epistola
1293 643 1522 695 constat
1548 657 1561 695 :
1599 641 1697 696 ubi
1756 657 1870 695 non
1920 638 2076 693 ἀνθύ-

439 745 630 793 πατος,
664 727 764 781 sed
797 723 997 785 ὕπατος
1038 731 1269 782 tantum
1330 732 1615 784 vocatur:
1677 745 1791 800 quo
1840 730 2077 801 quidem

441 816 678 873 nomine
706 814 815 869 viri
848 815 1107 886 primarii
1141 820 1199 871 et
1228 833 1494 887 proceres
1524 819 1875 891 quandoque
1918 820 2076 874 desi-

440 908 734 978 gnantur:
769 904 978 975 bisque
1010 906 1254 976 passim,
1289 906 1540 961 maxime
1571 907 1807 963 urbium
1847 913 1902 963 et
1943 908 2078 963 civi-

439 998 626 1050 tatum
660 994 1297 1065 praefectis,consularis
1326 996 1579 1067 dignitas
1610 997 1683 1050 ab
1715 996 2077 1067 imperatori-

442 1086 551 1140 bus
574 1099 849 1139 concessa
877 1082 1110 1154 legitur,
1134 1087 1198 1138 ut
1231 1083 1425 1139 videre
1454 1089 1543 1140 est
1572 1086 1723 1157 apud
1786 1086 2078 1159 Cangium

441 1172 500 1228 in
526 1177 771 1243 utroque
804 1171 1097 1228 Glossario
1124 1173 1256 1245 (58).
1293 1177 1361 1227 At
1392 1174 1462 1227 de
1484 1173 1576 1229 his
1603 1174 1905 1230 hactenus.
1965 1178 2079 1229 Cte-

438 1265 564 1317 tera
592 1260 749 1315 enim
780 1260 994 1316 leviora
1025 1279 1146 1332 quae
1164 1262 1284 1317 sive
1308 1264 1378 1317 ad
1403 1264 1782 1319 minuendam
1812 1264 2080 1335 Epistolas

441 1354 652 1406 nostrae
685 1350 1237 1417 auctoritatem,sive
1258 1353 1327 1406 ad
1353 1353 1480 1423 ejus
1511 1352 1907 1424 integritatem
1930 1370 2085 1410 ever-

441 1439 677 1496 tendam
707 1438 880 1509 objici
902 1438 1110 1507 solent,
1144 1440 1411 1496 consulto
1443 1443 1809 1512 praeterimus
1830 1460 1843 1511 ;
1867 1459 1938 1497 ne
1969 1442 2084 1498 sci-

443 1528 578 1583 licet
606 1528 923 1584 minutiora
953 1529 1245 1600 persequi,
1280 1546 1419 1585 neve
1454 1530 1599 1585 nihil
1630 1531 1897 1587 omittere
1938 1531 2084 1588 velle

443 1616 777 1673 videamur:
811 1617 859 1672 si
883 1616 1015 1687 quis
1046 1622 1239 1673 autem
1266 1635 1333 1673 ea
1363 1635 1535 1674 nosse
1558 1620 1739 1691 cupit,
1794 1637 2082 1692 nuperum

445 1706 725 1761 editorem
757 1706 1114 1777 Lipsiensem
1148 1708 1332 1762 adeat.

513 1796 663 1851 VIII.
698 1796 859 1860 Quod
893 1801 1177 1865 superest,
1206 1797 1264 1851 in
1296 1801 1530 1869 tempus
1562 1798 1937 1871 inquisituris
1973 1816 2085 1871 quo

2188 646 2276 696 cet
2295 641 2588 713 Evangelii
2611 638 2936 712 praecicatio
2954 638 3129 694 latius
3156 642 3379 711 pateret
3402 638 3459 693 in
3487 638 3858 703 dies,Cbris-

2187 730 2492 801 stianaque
2518 730 2663 785 ﬁdes
2692 728 2751 783 in
2784 727 2997 803 animis
3027 728 3390 783 credentium
3413 727 3656 784 altiores
3697 743 3860 800 age-

2186 822 2273 873 ret
2318 818 2562 888 radices,
2595 822 2769 889 atque
2806 817 2887 872 ita
2916 818 3155 872 demum
3180 817 3445 872 nascenti
3484 817 3707 872 Christi
3738 818 3859 873 Ec-

2188 906 2376 963 clesiae
2407 907 2553 963 satis
2584 906 2919 962 consultum
2951 906 3117 959 foret.

2260 995 2458 1067 Neque
2486 996 2671 1067 magis
2704 998 2869 1067 urget
2912 994 3095 1049 altera
3141 993 3415 1064 objectio,
3463 994 3536 1049 ab
3587 994 3855 1067 imperio

2188 1084 2526 1157 Vespasiani
2557 1082 2782 1140 nomini
2813 1081 3142 1137 Christiano
3173 1081 3331 1137 haud
3362 1082 3573 1138 infesto
3637 1084 3851 1156 petita.

2189 1173 2431 1229 Nullum
2463 1171 2699 1245 quidem
2729 1172 2789 1226 in
2822 1170 3140 1226 Ecclesiam
3173 1171 3246 1227 ab
3275 1187 3342 1226 eo
3372 1170 3556 1227 latum
3581 1172 3854 1228 edictum

2190 1263 2421 1335 uspiam
2454 1261 2722 1330 occurrit,
2749 1260 3056 1316 accedente
3086 1260 3143 1315 in
3176 1261 3383 1332 primis
3411 1266 3558 1317 teste
3590 1261 3859 1334 locuple-

2189 1353 2420 1409 tissimo
2451 1351 2808 1408 Tertulliano
2840 1352 2986 1424 (63):
3043 1372 3071 1401 «
3122 1351 3356 1422 Quales,
3408 1352 3626 1425 inquit,
3684 1352 3856 1424 leges

2192 1443 2319 1499 istae
2345 1460 2492 1515 quas
2513 1443 2794 1499 adversus
2823 1440 3065 1508 nos,soli
3107 1447 3509 1514 exsequuntur
3553 1442 3730 1514 impii
3749 1442 3854 1498 ?...

2193 1550 2341 1605 quas
2394 1532 2595 1588 nullus
2652 1531 3069 1604 Vespasianus,
3114 1548 3453 1603 quanquam
3501 1531 3855 1587 Judaeorum

2193 1621 2574 1678 debellator...
2609 1620 2908 1691 impressit
2934 1620 2961 1675 ?
2983 1643 3010 1669 »
3034 1636 3149 1691 quo
3167 1636 3308 1676 sane
3338 1637 3519 1676 sensu
3549 1620 3858 1692 accipien-

2194 1711 2304 1765 dus
2337 1710 2513 1765 etiam
2542 1709 2774 1765 videtur
2802 1709 3113 1776 Eusebius,
3149 1709 3250 1763 ubi
3282 1708 3491 1765 scribit
3511 1710 3629 1782 (64)
3665 1730 3693 1761 ιι
3755 1710 3859 1765 Ve-

2193 1802 2513 1873 spasianum
2550 1795 2718 1870 μηδὲν
2751 1798 2869 1861 καθ’
2897 1799 3057 1870 ἡμῶν
3093 1794 3295 1852 ἄτοπον
3331 1801 3519 1855 animo
3547 1799 3859 1870 agitasse.»

448 1886 667 1956 scripta
699 1885 806 1939 fuit
834 1884 954 1941 haec
983 1884 1240 1957 Epistola
1272 1886 1538 1942 Ecclesia
1585 1887 1866 1957 Achaicaa,
1918 1889 2086 1944 nobis
2118 1923 2165 1987 B
2196 1890 2340 1945 Hinc
2364 1894 2559 1945 tamen
2597 1889 2755 1943 haud
2795 1887 3191 1960 colligendum
3230 1888 3483 1944 arbitror
3531 1904 3854 1960 nunquam

446 1975 707 2047 primum
737 1979 891 2029 esset
920 1974 1338 2043 deﬁniendum,
1364 1992 1478 2047 quo
1522 1977 1758 2032 demum
1809 1994 1960 2033 anno
2022 1979 2085 2035 B.

446 2064 706 2119 Andreas
730 2064 1026 2134 apostolus
1050 2066 1393 2137 martyrium
1416 2082 1626 2137 passus
1648 2068 2088 2135 censeatur;hoc

446 2151 603 2207 enim
651 2151 827 2207 semel
874 2152 1185 2223 explorato,
1238 2154 1383 2209 illud
1440 2155 1614 2209 etiam
1680 2155 1787 2210 levi
1861 2156 2086 2228 negotio

446 2240 625 2296 statui
644 2240 1174 2314 posseintelligitur
1195 2243 1510 2314 :siquidem
1525 2260 1594 2299 ex
1614 2245 1815 2301 eadem
1831 2246 2089 2317 Epistola

444 2334 671 2385 constat
700 2331 770 2385 ab
820 2331 1046 2385 Achaiae
1096 2333 1449 2405 presbyteris
1498 2338 1555 2388 et
1611 2334 1872 2390 diaconis
1924 2335 2083 2391 illam

442 2418 623 2474 fuisse
656 2420 1058 2491 perscriptam,
1094 2422 1192 2493 qui
1242 2422 1427 2477 sancti
1477 2422 1724 2494 apostoli
1781 2424 2083 2480 certamini

443 2511 796 2579 spectatores
848 2509 1183 2565 interfuisse
1242 2512 1641 2583 perhibentur.
1694 2513 1907 2569 Verum
1948 2514 2086 2569 defi-

445 2596 733 2653 cientibus
765 2599 997 2669 penitus
1020 2598 1311 2655 solidioris
1343 2601 1713 2673 antiquitatis
1737 2618 2084 2658 monumen-

443 2686 541 2755 tis,
569 2687 920 2756 conjecturis
951 2692 1179 2744 tantum
1204 2706 1324 2745 rem
1369 2690 1705 2763 transigunt
1751 2691 2084 2747 criticorum

444 2773 696 2829 ﬁlii.Alii
721 2774 1012 2847 siquidem
1046 2778 1160 2849 (59)
1210 2794 1360 2833 anno
1419 2796 1545 2835 terre
1594 2780 1935 2836 Christianae
1992 2782 2082 2849 66,

444 2870 542 2919 aut
570 2866 639 2919 70
663 2865 1019 2920 B.Andream
1044 2884 1285 2938 passum
1318 2868 1673 2924 existimant.
1700 2869 1808 2925 Alii
1837 2870 2085 2943 vero(60)

441 2969 593 3009 anno
619 2953 850 3025 imperii
906 2955 1251 3027 Vespasiani
1285 2958 1494 3029 primo,
1553 2958 1641 3013 vel
1692 2958 1899 3013 saltem
1956 2958 2083 3031 ipso

441 3043 633 3097 adhuc
664 3044 1127 3114 imperante.Alii
1152 3047 1389 3101 demum
1424 3047 1538 3119 (61)
1568 3049 1677 3103 sub
1731 3047 2082 3106 Domitiano.

441 3135 583 3186 Cum
616 3136 813 3188 autem
846 3134 1084 3189 omnino
1115 3134 1478 3207 inexplorata
1525 3153 1616 3192 res
1658 3136 1960 3203 habeatur,
1995 3153 2083 3193 re-

443 3222 843 3295 centioresque
867 3239 969 3294 pro
993 3225 1174 3279 animi
1205 3224 1447 3280 arbitrio
1469 3224 1606 3282 huic
1635 3226 1721 3282 vel
1744 3222 1829 3281 illi
1856 3231 2084 3283 senten-

442 3311 534 3366 tiae
567 3312 929 3367 adhaereant:
957 3330 1061 3368 nos
1095 3313 1314 3385 itaque,
1347 3315 1529 3370 donec
1561 3316 1621 3371 in
1669 3316 1914 3371 obscuro
1964 3320 2081 3372 tra-
2113 3289 2156 3355 Ο

443 3400 585 3455 mite
617 3402 732 3456 dux
765 3402 946 3456 tutior
970 3407 1204 3474 pressat,
1257 3405 1657 3460 cunctabundi
1718 3405 1871 3473 licet,
1930 3406 2085 3462 circa

441 3488 657 3544 Christi
689 3507 907 3545 annum
937 3492 1006 3546 80
1036 3492 1194 3547 cruci
1225 3492 1467 3548 afﬁxum
1500 3494 1559 3548 S.
1594 3494 1886 3551 Andream
1911 3510 2082 3566 apos-

439 3578 625 3634 tolum
659 3580 1005 3652 martyrium
1037 3584 1767 3655 consummasse,adeoque
1793 3600 1925 3639 mox
1947 3582 2087 3639 fuiso

441 3683 502 3723 se
534 3669 917 3740 perscriptam
950 3670 1474 3744 circumlatamque
1504 3672 1768 3729 Ecclesiae
1822 3673 2086 3730 Achaicae

441 3758 758 3830 Epistolam
790 3760 1219 3817 existimamus.

514 3849 818 3904 Mirabitur
845 3849 1087 3906 fortasse
1108 3851 1399 3923 quispiam
1425 3869 1530 3907 nos
1552 3852 1637 3908 vel
1661 3853 1894 3925 longius
1908 3870 2084 3926 quam

445 3954 551 4011 par
580 3938 657 3993 sit
686 3943 745 3994 Β.
796 3939 1042 4011 apostoli
1100 3940 1279 3996 vitam
1329 3941 1686 4013 protrahere,
1745 3942 1834 3998 vel
1892 3943 2087 4015 potius

444 4027 639 4099 ipsum
671 4028 914 4101 imperio
948 4029 1285 4101 Vespasiani
1309 4031 1916 4106 desinente,martyrio
1948 4033 2086 4089 sub-

443 4114 631 4172 latum
663 4134 944 4186 asserere,
978 4136 1152 4190 quem
1183 4124 1380 4176 tamen
1434 4120 1900 4178 Christianorum
1959 4138 2086 4194 per-

446 4212 773 4262 secutorem
806 4208 987 4263 fuisse
1020 4224 1186 4264 nemo
1224 4209 1451 4265 dixerit.
1505 4212 1588 4267 Ad
1640 4212 1898 4283 primum
1957 4228 2089 4268 vero

448 4294 601 4365 quod
636 4295 1178 4366 attinet,objectioni
1210 4298 1573 4355 occurrimus
1605 4316 1885 4373 magnum
1910 4301 2089 4357 Baro-

448 4384 612 4439 nium
645 4385 919 4439 assectati
949 4402 962 4452 ;
996 4386 1094 4456 qui
1118 4388 1188 4442 de
1220 4388 1537 4443 novissimo
1559 4388 1831 4455 lustro,et
1851 4389 2089 4463 quidem

450 4474 559 4529 sub
592 4473 950 4546 Vespasiano
980 4482 1207 4547 peracto
1240 4483 1410 4535 verba
1437 4476 1655 4533 faciens
1708 4479 1841 4546 (62),
1896 4478 2089 4534 locum

448 4580 515 4618 ex
543 4562 727 4619 Plinio
750 4565 949 4619 recitat
975 4582 1041 4620 ex
1064 4582 1177 4634 quo
1202 4566 1369 4638 plane
1395 4567 1911 4638 comperimus,his
1945 4568 2089 4640 ipsis

2198 1980 2425 2034 infenso
2451 1986 2625 2050 atque
2655 1977 2894 2033 inimico
2921 1978 3117 2032 animo
3140 1976 3197 2031 in
3241 1976 3605 2033 Christianos
3663 1977 3861 2033 fuisse

2196 2068 2646 2141 Vespasianum,
2679 2083 2869 2139 neque
2899 2066 3019 2122 ulla
3048 2067 3285 2122 omnino
3320 2066 3539 2137 injuria
3589 2083 3690 2122 eos
3745 2066 3861 2121 ali-

2198 2158 2431 2229 quando
2459 2156 2743 2212 affecisse.
2776 2156 3141 2211 Contrarium
3183 2157 3350 2212 docet
3378 2154 3637 2211 Hilarius
3681 2154 3808 2227 (65)
3842 2171 3859 2209 :

2200 2268 2229 2297 «
2256 2248 2440 2316 Anne,
2465 2246 2611 2301 ait...
2647 2244 2931 2301 Paulus...
2978 2244 3205 2300 Nerone
3250 2261 3333 2314 se,
3388 2245 3583 2309 credo,
3624 2244 3862 2317 Vespa-

2196 2334 2361 2391 siano
2385 2340 2488 2390 aut
2517 2334 2689 2390 Decio
2721 2333 3228 2405 patrocinantibus
3258 2333 3557 2398 tuebatur,
3589 2349 3861 2405 quorum

2194 2424 2253 2479 in
2270 2441 2373 2479 nos
2387 2423 2539 2479 odiis
2550 2422 2836 2478 confessio
2855 2422 3065 2477 divinae
3077 2421 3512 2493 praedicationis
3525 2421 3865 2478 efﬂoruit?»

2194 2511 2412 2567 Hilario
2441 2511 2797 2584 astipulatur
2826 2510 3221 2567 Theodoritus
3234 2511 3349 2580 (66)
3374 2528 3387 2566 :
3411 2511 3536 2566 Τῶν
3559 2506 3618 2564 δὶ
3646 2506 3866 2564 άλιὲων

2192 2600 2282 2654 καὶ
2309 2598 2563 2654 τελωνῶν
2595 2599 2685 2653 καὶ
2716 2598 3097 2677 πηνορῥάφοο
3144 2597 3272 2660 τοὺς
3311 2596 3540 2671 νόμους,
3571 2597 3634 2652 οὗ
3681 2598 3863 2659 Γάϊος

2194 2686 2435 2764 ἴσχυσεν,
2483 2688 2545 2744 οὗ
2594 2685 2868 2750 Κλαύδιος
2923 2686 3245 2759 καταλῦσαι,
3298 2687 3361 2742 οὗ
3411 2688 3591 2763 Νὲρων
3647 2688 3676 2742 6
3729 2688 3861 2759 μετ’

2194 2778 2449 2840 ἐκείνους·
2499 2778 2589 2832 καὶ
2638 2782 2825 2849 ταῦτα,
2875 2774 2969 2833 δύο
3015 2781 3123 2832 τῶν
3171 2778 3481 2850 νομοθετῶν
3529 2775 3655 2839 τοὺς
3727 2776 3862 2851 ἀρί-

2195 2889 2353 2931 στους
2391 2866 2797 2929 κατακοντίσας’
2830 2866 2920 2921 καὶ
2967 2868 3069 2943 γὰρ
3106 2866 3196 2921 τὸν
3250 2866 3451 2942 Πέτρον
3500 2864 3703 2929 ἐκεῖνος
3757 2865 3861 2920 καὶ

2190 2956 2283 3013 τὸν
2317 2956 2531 3013 Παῦλον
2555 2954 2786 3012 ἀνεῖλενο
2820 2953 2946 3010 ἀλλ’
2977 2955 3038 3010 οὗ
3070 2953 3343 3026 ξυνανεῖλε
3370 2959 3489 3018 τοῖς
3519 2955 3857 3027 νομοθὲταις

2190 3044 2317 3108 τοὺς
2374 3045 2595 3119 νόμους,
2646 3044 2747 3100 οὐκ
2788 3043 3201 3114 Οὐεσπασιανὸς,
3234 3043 3295 3100 οὗ
3346 3044 3522 3118 Τίτος,
3556 3043 3618 3100 οὗ
3666 3050 3855 3118 Δομε-

2190 3137 2394 3209 τιανὸς,
2444 3135 2534 3191 καὶ
2581 3139 2767 3204 ταῦτα,
2817 3133 3053 3197 πολλοῖς
3094 3134 3212 3189 κατ’
3259 3133 3458 3204 αὐτῶν,
3498 3133 3586 3189 καὶ
3635 3154 3849 3189 παντο-

2195 3221 2388 3287 δαποῖς
2416 3224 2767 3301 χρησάμενος
2802 3224 3189 3298 μηχανήμασι.
3225 3225 3286 3279 Id
3306 3229 3395 3279 est
3428 3239 3442 3281 :
3490 3224 3852 3279 Piscatorum

2194 3322 2379 3372 autem
2462 3319 2515 3371 et
2580 3316 3001 3386 publicanorum
3076 3314 3538 3386 tentorioruqu
3632 3314 3857 3368 sutoris

2196 3405 2356 3475 leges,
2384 3420 2496 3460 non
2515 3406 2705 3471 Caius,
2737 3418 2849 3459 non
2880 3402 3143 3459 Claudius
3183 3402 3478 3459 dissolvere
3520 3405 3859 3474 potuerunt,

2195 3509 2367 3565 neque
2427 3494 2654 3550 illorum
2696 3509 2970 3551 successor
3014 3493 3154 3548 Nero
3177 3510 3196 3548 :
3253 3492 3342 3547 hic
3396 3493 3547 3548 enim
3629 3492 3866 3548 tametsi

2197 3584 2330 3639 duos
2360 3585 2589 3655 optimos
2620 3583 2964 3652 legislatores
2991 3582 3285 3637 sustulerit
3305 3597 3328 3643 ;
3356 3582 3579 3637 Petrum
3605 3596 3867 3653 namque

2197 3689 2268 3729 ac
2294 3673 2533 3728 Paulum
2562 3673 2806 3743 interﬁci
2834 3672 3030 3739 iussit;
3059 3674 3116 3725 at
3138 3678 3279 3727 certe
3302 3671 3446 3741 leges
3476 3686 3601 3725 cum
3632 3669 3868 3740 legisla-

2195 3763 2404 3819 toribus
2434 3760 2582 3817 haud
2607 3762 2848 3817 sustulit.
2891 3764 3015 3818 Non
3077 3760 3455 3832 Vespasianus,
3512 3775 3619 3814 non
3674 3759 3866 3827 Titus,

2194 3868 2306 3909 non
2333 3852 2725 3913 Domitianus;
2751 3866 3069 3923 quanquam
3093 3850 3286 3904 multis
3315 3864 3380 3905 ac
3397 3849 3707 3920 omnigenis
3736 3865 3866 3904 ma-

2196 3944 2504 3999 chinationi
2514 3942 2611 3997 bus
2642 3958 2733 3997 eas
2758 3955 3041 4012 opugnare
3070 3938 3429 3995 contenderit.

2269 4033 2467 4104 Neque
2484 4032 2722 4087 demum
2741 4028 3192 4102 puteslaudatos
3226 4028 3424 4084 Patres
3456 4026 3568 4083 sibi
3599 4025 3865 4084 invicem

2196 4118 3023 4189 adversari;convenientenim
3034 4122 3118 4185 ,ut
3130 4122 3284 4173 recte
3295 4117 3867 4190 Havercampus(67)

2200 4212 2249 4268 si
2282 4211 2494 4266 dixeris
2524 4210 2582 4265 id
2614 4209 2768 4281 quod
2801 4223 2893 4264 res
2924 4207 3316 4279 est,Ecclesits
3346 4210 3753 4279 persecutores
3778 4207 3861 4263 ab

2199 4299 2416 4357 Hilario
2457 4316 2522 4354 ac
2571 4296 2921 4354 Theodorito
2972 4300 3350 4365 memoratos,
3406 4299 3556 4351 tecte
3611 4293 3870 4367 quidem

2200 4406 2426 4457 omnes,
2452 4405 2567 4443 non
2600 4404 2730 4443 vero
2764 4391 2965 4460 aperta
2992 4385 3144 4455 vi,ut
3166 4385 3337 4453 Nero,
3368 4388 3433 4440 ut
3460 4383 3871 4457 Domitianus,

2200 4480 2381 4535 fuisse
2403 4481 2720 4550 grassatos.
2746 4477 2834 4532 Ad
2874 4475 3299 4546 Vespasianum
3330 4489 3471 4530 sane
3520 4473 3675 4546 quod
3724 4477 3875 4533 atti-

2202 4573 2321 4635 net,
2356 4567 2544 4639 magis
2574 4566 2780 4638 _adhuc
2829 4565 2889 4621 in
2949 4580 3017 4620 ea
3063 4564 3357 4621 sententia
3414 4564 3732 4619 confirmor
3796 4580 3874 4621 ex

448 4654 813 4724 temporibus
850 4654 1177 4726 complures
1223 4654 1376 4711 ultra
1426 4655 1811 4712 centesimum
1872 4674 2092 4713 annum
2123 4666 2169 4730 Ι)
2202 4658 2560 4730 Hegesippo;
2597 4655 2697 4728 qui
2733 4656 2886 4727 apud
2920 4654 3238 4710 Eusebium
3260 4656 3516 4709 testatur
3542 4652 3873 4726 (68),eum-

447 4746 626 4797 vitam
651 4742 886 4797 duxisse
908 4761 928 4805 ;
961 4749 1024 4799 ut
1053 4744 1297 4815 proinde
1324 4760 1428 4816 pro
1460 4749 1721 4801 monstro
1756 4745 1955 4802 haberi
1987 4762 2093 4803 ne-

452 4836 647 4901 queat,
681 4832 728 4887 si
751 4848 816 4887 ea
849 4836 1195 4905 tempestate
1225 4832 1491 4890 nonnulli
1544 4850 1613 4890 ex
1668 4834 1971 4907 apostolis,
2032 4840 2097 4892 ut

449 4921 519 4975 de
548 4921 771 4976 Joanne
790 4922 1147 4994 evangelista
1175 4923 1360 4994 deque
1408 4922 1633 4996 aliquot
1693 4924 2094 4997 apostolorum

451 5009 759 5082 discipulis
791 5009 997 5067 saltem
1030 5010 1233 5082 liquet,
1264 5010 1521 5083 longaeva
1543 5016 1709 5069 aetate
1770 5014 2095 5070 decessisse

453 5099 724 5156 dicantur
755 5116 767 5155 :
803 5115 868 5155 eo
891 5100 948 5155 in
973 5099 1180 5171 primis
1211 5101 1466 5171 nomine,
1502 5102 1657 5174 quod
1690 5102 1888 5158 divina
1916 5103 2095 5159 etiam

524 5243 635 5314 (58)
668 5246 845 5315 Cang.
877 5244 1022 5299 Glos.
1053 5247 1248 5309 Ome,
1280 5259 1332 5300 v.
1364 5244 1612 5313 Ὕπατοι,
1670 5248 1728 5300 et
1788 5245 1979 5303 Latin.
2039 5265 2095 5303 v.

452 5318 897 5459 Hyégaufl‘illem.
930 5388 1087 5442 Mem.
1120 5388 1271 5451 eccl.,
1304 5389 1445 5442 tom.
1480 5388 1523 5455 Ι,
1554 5403 1685 5515 pag.
1717 5388 1842 5453 593,

526 5460 637 5515 (60)
670 5459 829 5513 Baill.
878 5460 990 5515 Vies
1021 5459 1109 5514 des
1140 5460 1342 5515 Saints.
1395 5462 1541 5514 tom.
1601 5461 1622 5515 Ι
1655 5460 1696 5515 Ι.
1757 5477 1842 5515 na:

526 5460 637 5526 (60)
670 5459 829 5513 Baill.
878 5460 990 5533 Vies
1021 5459 1109 5514 des
1140 5460 1342 5533 Saiuts.
1395 5462 1541 5514 tom.
1601 5459 1696 5530 III,
1756 5476 1889 5533 pag.
1950 5462 2092 5530 461;

451 5529 685 5602 VVoog.,
718 5532 953 5586 exercit.
988 5550 1050 5597 ll,
1123 5548 1214 5603 ag.
1241 5532 1361 5587 409.

527 5602 638 5657 (61)
699 5601 1013 5657 Florentin.
1068 5548 1171 5657 ἧι.
1244 5605 1361 5657 θεείι

454 5602 638 5729 Ηὲδι)
699 5601 1013 5658 Florentin.
1068 5601 1185 5658 Vetf
1244 5601 1411 5659 occid.
1470 5603 1597 5659 eccl.
1651 5603 1904 5676 Martyr.,
1960 5622 2093 5678 pag.

527 5742 633 5810 (62)
666 5740 875 5797 Baron.
910 5742 982 5799 ad
1013 5758 1150 5800 ann.
1173 5744 1263 5815 76,
1296 5744 1407 5815 §,2.

2206 4750 2339 4805 dem
2373 4748 2784 4819 imperatorem
2806 4766 2835 4794 «
2854 4751 2983 4816 post
3004 4746 3398 4816 expugnatam
3430 4740 3873 4813 Hierosolymo-

2204 4854 2335 4894 rum
2358 4836 2672 4902 civitatem,
2701 4848 2799 4889 eos
2830 4831 2931 4904 qui
2974 4849 3009 4887 a
3067 4831 3282 4888 Davide
3322 4824 3524 4904 genus
3572 4830 3873 4889 ducerent

2206 4924 2826 5000 perquirijussisse,ne
2843 4920 3161 4993 quisquam
3180 4920 3336 4995 apud
3354 4920 3589 4977 Judeos
3609 4920 3872 4995 stregit

2205 5014 2385 5087 stirpe
2443 5011 3012 5085 superesset,(eaque
3059 5026 3128 5067 ex
3187 5025 3367 5066 causa
3436 5007 3869 5081 gravissimun

2206 5120 2412 5161 rursus
2443 5100 2907 5175 persecutionem
2932 5099 3152 5156 Judaeis
3173 5098 3396 5156 illatam
3426 5097 3668 5155 fuisse.»
3683 5098 3865 5164 Quod

2298 5248 2389 5315 63)
2420 5243 2661 5302 Tertull.
2693 5244 2937 5315 Apolog.,
2976 5258 3101 5315 cap.
3131 5242 3187 5297 5.

2301 5311 2391 5385 64)
2422 5317 2634 5372 Euseb.
2662 5311 2798 5371 Hz'st.
2830 5311 2984 5381 eccl.,
3016 5311 3121 5379 lib,
3153 5329 3240 5382 n1,
3270 5327 3402 5385 cap.
3444 5311 3532 5368 17.

2299 5384 2389 5452 65)
2420 5389 2593 5443 llilar.
2626 5388 2725 5442 lib.
2760 5389 2934 5442 contr.
2968 5386 3190 5452 Arian.,
3222 5401 3282 5439 n.
3304 5384 3366 5441 3.

2279 5454 2390 5533 (66)
2423 5460 2707 5515 Theodor.
2743 5457 2919 5515 erc.
2951 5458 3134 5529 aﬂect.
3168 5459 3371 5529 curat.,
3404 5454 3543 5511 dial.
3579 5470 3658 5526 ιι,
3707 5456 3867 5514 tom.

2205 5534 2650 5733 ἐξίϐἣὲἓιξὲτο.
2694 5602 2774 5658 Ad
2821 5600 3042 5657 Tertull.
3092 5599 3337 5672 Apolog.,
3398 5612 3529 5672 pag.
3573 5597 3667 5666 62,
3723 5600 3859 5657 not.

2274 5719 2387 5821 (es)
2416 5745 2631 5806 Euseb.
2662 5745 2805 5803 Hist.
2838 5743 2994 5815 ecel.,
3023 5741 3129 5803 lib.
3153 5757 3217 5816 ιι,
3249 5756 3377 5815 cap.
3410 5740 3497 5798 12.
